4054 6320
258 232 350 288 αεῖ

255 349 511 416 πώτερον.
555 346 625 402 ’11
661 349 913 417 γλῶσσα
964 347 1163 404 αὐτῶν
1191 349 1453 419 μάχαιρα
1504 348 1686 413 ὀξεῖα’
1735 347 1829 400 καὶ

255 440 430 491 πάλιν·
467 439 653 506 Χείλη
675 440 847 494 δόλια
869 443 939 495 ἐν
972 442 1205 511 καρδίᾳ,
1231 443 1328 495 καὶ
1357 443 1427 494 ἐν
1449 439 1661 508 καρδία
1688 435 1830 491 ἐλάα

256 536 399 598 ,ίησε
430 530 609 583 κακά·
647 533 705 584 οὑ
737 534 866 604 περὶ
889 534 982 586 τοῦ
1036 534 1229 604 μέλους
1283 534 1456 602 λέγων
1507 531 1598 585 τοῦ
1648 529 1834 600 σῶμα·

257 640 353 685 τος,
378 621 517 676 ἀλλά
538 624 669 695 περὶ
687 624 796 676 τῶν
820 625 1067 678 ὑπούλων
1097 625 1377 697 ῥημάτων.
1429 623 1583 676 Οὕτω
1617 623 1712 675 καὶ
1751 624 1834 674 ἐν-

257 714 414 768 ταῦθα
445 713 642 781 εἰπὼν,
672 717 781 770 Καὶ
803 713 880 787 ἦν
901 715 1069 772 πᾶσα
1095 720 1133 786 ἡ
1159 716 1237 787 τῆ
1262 716 1462 786 χεῖλος
1479 715 1567 780 ἐν,
1594 715 1655 767 οὑ
1677 713 1836 766 τοῦτο

255 806 509 874 ἐδίδαξεν,
562 808 646 862 ὅτι
673 810 873 873 πάντες
900 810 1175 882 ἄνθρωποι
1216 806 1359 882 εἶχον
1391 809 1448 863 ἐν
1469 809 1664 880 χεῖλος,
1697 804 1832 861 ἀλλά

253 901 418 971 χεῖλος
448 901 555 972 τὴν
573 903 756 974 φωνὴν
792 903 1067 956 ἐκάλεσεν.
1091 903 1277 957 Εἰπὼν
1294 901 1422 974 γὰρ,
1458 897 1571 958 Ἦν
1597 899 1767 956 πᾶσα
1791 899 1829 968 ἡ

257 991 328 1061 Τῆ
345 991 554 1061 χεῖλος
581 992 672 1057 ἐν,
699 996 969 1066 ἐπήγαγε,
993 995 1104 1049 Καὶ
1148 993 1317 1064 φωνὴ
1345 995 1456 1064 μία
1489 992 1700 1048 πᾶσιν.
1721 991 1830 1046 Oﬁ-

256 1102 354 1148 τως
374 1085 503 1138 ὅταν
518 1085 673 1159 λέγῃ,
693 1085 884 1155 Τάφος
903 1087 1277 1157 ἀνεῳγμένος
1301 1089 1334 1141 ό
1350 1085 1584 1155 λάρυγξ
1606 1083 1829 1146 αὐτῶν,

257 1177 309 1228 οὑ
332 1175 425 1228 τοῦ
458 1176 733 1248 λάρυγγος
783 1181 1096 1249 κατηγορεῖ,
1125 1178 1263 1232 ἀλλά
1285 1179 1394 1232 τῶν
1437 1176 1622 1232 κακῶν
1654 1175 1834 1247 ῥημά-

256 1283 353 1320 των
380 1267 491 1320 τῶν
524 1269 922 1323 ἀναϐαινόντων
951 1270 1180 1335 ἐκεῖθεν,
1223 1271 1332 1326 τῶν
1385 1263 1593 1342 νεκρῶν
1619 1269 1825 1340 δογμά-

254 1373 370 1410 των.
395 1358 584 1426 Τάφος
608 1358 719 1430 γὰρ
740 1359 897 1413 τοῦτό
918 1362 1054 1425 ἐστι,
1085 1361 1294 1433 νεκρῶν
1321 1361 1522 1432 δοχεῖον
1541 1361 1712 1414 όστῶν
1734 1360 1828 1413 καὶ

255 1448 536 1518 σωμάτων.
564 1450 802 1504 Τοιαῦτα
837 1451 1099 1506 κάκείνων
1120 1451 1189 1505 τὰ
1219 1452 1480 1523 στόματα,
1529 1451 1638 1506 τῶν
1690 1469 1828 1505 κατ-

250 1540 590 1611 ηγορούντων
603 1543 698 1594 τοῦ
724 1542 1088 1614 Δημιουργοῦ·
1111 1542 1340 1598 τοιαῦτα
1361 1544 1430 1600 τά
1453 1545 1693 1616 στόματα
1718 1547 1826 1598 τῶν

243 1632 443 1704 ¹αἰσχρὰ
478 1633 868 1704 φθεγγομένων
899 1635 1234 1706 ἀνθρώπων,
1285 1637 1395 1690 τῶν
1421 1637 1824 1708 λοιδορούντων,

251 1724 349 1776 τῶν
365 1723 584 1795 δυσώδη
608 1727 703 1780 καὶ
731 1727 942 1800 πονηρά
957 1729 1176 1800 ῥήματα
1194 1732 1258 1783 ἐκ
1275 1730 1374 1801 τῆς
1391 1730 1594 1794 οἰκείας
1614 1731 1819 1801 φάρυγ-

253 1831 337 1885 γος
364 1815 763 1873 ἐκϐαλλόντων.

312 1913 380 1975 η’.
404 1907 652 1971 Εύωδίας
666 1909 832 1980 αὑτὴν
848 1909 1144 1983 ἔμπλησον,
1158 1913 1430 1985 ἄνθρωπε,
1448 1912 1522 1985 μὴ
1535 1913 1792 1977 δυσωδίας
1806 1929 1824 1946 ·

253 1994 515 2066 θησαυρὸν
541 1998 766 2069 ποίησον
791 2000 1087 2070 βασιλικὸν,
1136 2004 1212 2074 μὴ
1231 2003 1401 2073 τάφον
1426 2004 1732 2057 σατανικόν.
1759 2005 1822 2057 El

254 2090 304 2144 δὲ
324 2092 494 2161 τάφος
531 2093 674 2158 ἐστὶ,
701 2093 805 2149 κᾶν
831 2095 1152 2149 ἀπόκλεισον
1171 2136 1186 2160 ,
1235 2097 1322 2150 ἵνα
1369 2098 1444 2168 μὴ
1474 2097 1742 2170 προϐαίνῃ
1787 2099 1826 2169 ἠ

255 2183 495 2238 δυσωδία.
528 2186 753 2257 Πονηρά
777 2185 919 2257 ἔχεις
949 2188 1305 2260 ἐνθυμήματα
1327 2205 1345 2254 ;
1367 2188 1458 2260 Μὴ
1487 2190 1824 2262 προενέγκῃς

255 2275 380 2329 αύτά
401 2276 494 2330 διὰ
516 2277 804 2348 ῥημάτων·
840 2277 998 2333 ἔασον
1030 2281 1180 2336 κάτω
1209 2281 1451 2350 κεῖσθαι,
1480 2283 1575 2336 καὶ
1613 2282 1824 2352 ταχέως

254 2367 655 2436 ἀποπνίγονται.
690 2369 998 2442 Ἀνθρωποί
1015 2373 1205 2444 ἐσμεν,
1238 2373 1409 2427 πολλά
1448 2373 1706 2438 πολλάκις
1726 2392 1825 2427 πο-

253 2461 375 2531 νηρά
407 2460 790 2533 βουλευόμενοι
814 2465 909 2518 καὶ
937 2465 1111 2520 ἀτοπα
1127 2467 1222 2520 καὶ
1238 2467 1438 2539 αἰσχρά
1459 2467 1820 2540 βουλεύματα·

253 2552 371 2604 ἀλλὰ
394 2553 478 2624 μὴ
519 2553 891 2626 συγχωρῶμεν
917 2557 996 2619 είς
1012 2559 1231 2628 ῥήματα
1259 2558 1328 2612 τὰ
1353 2561 1601 2631 νοήματα
1631 2573 1658 2601 α
1689 2579 1824 2631 προ-

253 2641 433 2706 ελθεῖν,
468 2643 555 2697 ἵνα
600 2645 894 2715 πιεζόμενα
921 2646 1069 2700 κάτω
1093 2649 1456 2723 ἀσθενέστερα
1479 2649 1696 2722 γίνηται
1731 2651 1825 2705 καὶ

251 2734 596 2806 ἀπολλύηται.
623 2736 1019 2811 Καθάπερ¹γάρ
1077 2740 1240 2812 θηρία
1265 2760 1348 2807 τις
1371 2742 1683 2798 παντοδαπά
1730 2744 1824 2798 καὶ

251 2825 498 2898 ἀνήμερα
520 2829 600 2891 εἰς
629 2827 831 2882 λάκκον
879 2829 1148 2899 ἐμϐαλὼν,
1171 2831 1240 2885 ἂν
1295 2832 1395 2902 μὲν
1441 2834 1696 2907 ἐμφράξῃ
1731 2834 1824 2889 τὸν

249 2915 440 2977 λάκκον
470 2919 693 2986 ἀνωθεν,
716 2923 1006 2992 ἀποπνίγει
1027 2923 1245 2996 ρᾠως·
1266 2923 1332 2977 ἂν
1361 2925 1417 2979 δέ
1443 2925 1670 2992 διέξοδόν
1701 2945 1824 2982 τινα

247 3011 338 3065 καὶ
367 3012 645 3084 ἀναπνοὴν
682 3013 943 3089 παράσχῃ
990 3018 1190 3088 μικρὰν
1212 3057 1229 3083 ,
1285 3017 1484 3088 πολλὴν
1529 3021 1710 3084 αὐτοῖς
1746 3022 1822 3075 δί-

243 3103 367 3157 δωσι
412 3102 520 3174 τήν
553 3106 930 3176 παραμυθίαν,
987 3107 1080 3161 καὶ
1120 3109 1218 3161 οὐκ
1251 3110 1473 3182 ἀφίησιν
1504 3113 1822 3178 ἀπολέσθαι,

376 3193 628 3265 ἐκθηρωί
662 3195 942 3264 μειζόνως·
972 3196 1114 3251 οὕτω
1147 3200 1243 3252 καὶ
1289 3201 1382 3252 ἐπὶ
1406 3201 1514 3254 τῶν
1544 3203 1820 3273 λογισμῶν

246 3282 440 3351 γίνεται
467 3286 587 3338 τῶν
609 3287 886 3358 πονηρῶν,
917 3289 1044 3342 ὅταν
1084 3291 1348 3361 τεχθῶσιν
1393 3293 1560 3363 ἔνδον,
1606 3296 1672 3350 ἂν
1721 3299 1820 3368 μὲν

245 3377 656 3448 ἀποκλείσωμεν
678 3381 857 3434 αὑτῶν
879 3383 976 3452 τὴν
1007 3386 1084 3447 εἰς
1110 3385 1180 3438 τὰ
1210 3386 1314 3453 ἔξω
1339 3389 1580 3458 πρόοδον,
1613 3392 1823 3461 ταχέως

245 3468 430 3533 αὐτοὺς
457 3471 828 3542 ἀφανίζομεν·
865 3472 932 3527 ἀν
950 3474 1006 3528 δὲ
1033 3475 1121 3530 διὰ
1156 3477 1265 3531 τῶν
1306 3481 1563 3550 ῥημάτων
1625 3485 1822 3550 αὑτοὺς

244 3559 635 3633 ἑξενέγκωμεν,
675 3563 956 3629 κάκείνους
1015 3569 1392 3640 ἰσχυροτέρους
1424 3573 1819 3645 εἰργασάμεθα,

242 3649 410 3717 δόντες
435 3655 785 3709 ἀναπνεῦσαι
802 3656 903 3711 ’διὰ
923 3658 1021 3727 τῆς
1058 3659 1304 3733 γλώττης
1331 3663 1535 3729 αὑτοῖς,
1557 3668 1652 3718 καὶ
1684 3667 1820 3738 πρὸς

239 3743 413 3798 τάτῶν
430 3747 660 3800 ἀτόπων
678 3747 928 3818 πράξεων
946 3749 1116 3821 βάραο
1126 3769 1192 3822 ρα
1208 3755 1414 3824 ταχέως
1433 3757 1540 3809 ἀπὸ
1557 3759 1653 3827 τῆς
1669 3758 1820 3830 [1941

239 3835 337 3891 τῶν
363 3839 621 3910 αίσχρῶν
648 3841 906 3912 ῥημάτων
963 3843 1191 3914 μελέτης
1244 3849 1672 3920 καταπίπτομεν.
1721 3854 1821 3907 Διὰ

237 3928 379 3983 τοῦτο
402 3933 432 3984 ό
455 3933 759 4003 προφήτης
801 3933 897 4004 οὑχ
925 3934 1110 3999 ἁπλῶς
1154 3939 1325 4006 τάφον¹
1365 3939 1644 4005 ἐκάλεσεν,
1681 3943 1818 3999 ἀλλά

241 4019 421 4090 Τάφον
435 4022 853 4092 ἀνεῳπγλένον,
883 4026 1013 4078 αὑτὸ
1031 4028 1189 4082 τοῦτο
1213 4031 1457 4098 ἐγκαλῶν
1481 4033 1618 4105 ὅπερ
1638 4030 1812 4090 εἷπον.

237 4113 355 4168 οὐδὲ
379 4116 490 4188 γὰρ
526 4115 733 4170 ἐαυτὸν
771 4117 1014 4188 αἰσχύνει
1043 4121 1203 4191 μόνον
1246 4124 1274 4174 ὁ
1304 4125 1372 4178 τὰ
1417 4127 1616 4197 αἰσχρὰ
1654 4128 1819 4198 φθεγ-

239 4206 447 4276 γόμενος
487 4211 746 4280 ῥήματα,
794 4211 931 4265 ἀλλὰ
955 4213 1048 4266 καὶ
1089 4216 1214 4278 τοὺς
1231 4216 1456 4287 πλησίον
1479 4258 1494 4283 ,
1545 4222 1641 4274 καὶ
1691 4225 1817 4287 τοὺς

240 4299 658 4368 σνγγινομένους
683 4299 832 4370 αὑτῷ
854 4301 1051 4372 πολλῆς
1089 4305 1469 4378 ἀναπίμπλησι
1483 4310 1582 4380 τῆς
1619 4310 1816 4383 λύμης.

239 4381 332 4436 Καὶ
352 4387 618 4458 καθάπερ
639 4389 696 4440 εί
725 4389 851 4454 τοὺς
887 4392 1086 4461 τάφους
1131 4395 1437 4466 ἀνοίξομεν,
1485 4381 1698 4470 λοιμοῦν
1719 4381 1817 4468 τὰς

238 4473 399 4540 πόλεις
415 4478 815 4548 ἐμπλὴσομεν·
845 4479 988 4535 οὕτω
1007 4482 1076 4536 τὰ
1102 4486 1304 4556 αἰσχρά
1332 4489 1571 4558 στόματα
1599 4491 1647 4542 εἰ
1680 4493 1816 4561 μετά

417 4569 732 4638 ἀνοίγοιτο,
772 4571 896 4635 τοὺς
923 4578 1338 4645 συγγινομένους
1372 4579 1616 4646 ἅπαντας
1658 4584 1814 4636 νόσου

237 4657 622 4733 χαλεπωτάτης
675 4662 967 4733 ἐμπλήσει.
1014 4666 1114 4720 Διά
1155 4669 1314 4722 τοῦτο
1372 4672 1478 4744 χρὴ
1505 4674 1674 4745 θύραν
1721 4680 1815 4731 καὶ

239 4753 410 4819 mibi
431 4756 530 4808 καὶ
557 4754 790 4825 χαλινὸν
819 4758 1083 4812 ἐπιθεῖναι
1111 4761 1190 4832 τῷ
1242 4765 1490 4833 στόματι.
1544 4768 1670 4822 Ὅτι
1716 4771 1816 4840 μὲν

234 4833 314 4893 οὖν
339 4843 437 4912 μία
461 4846 630 4915 φωνὴ
652 4841 724 4916 ἦν
761 4848 904 4914 τότε,
959 4851 1158 4916 ἱκανῶς
1185 4854 1250 4907 ἐκ
1273 4856 1364 4908 τού
1375 4874 1476 4910 των
1495 4861 1628 4929 ἡμῖν
1677 4833 1814 4916 ἀπο-

233 4928 478 4986 δέδεικται
492 4953 509 4966 ·
553 4936 755 4990 λοιπὸν
775 4937 833 4990 δέ
855 4938 1152 5008 ἀναγκαῖον
1193 4947 1368 4999 εἰπεῖν
1390 4986 1406 5008 ,
1460 4928 1603 5014 τίνος
1626 4951 1813 5007 ἕνεκεν

233 5021 280 5074 σί
297 5024 480 5081 πολλαὶ
492 5030 939 5102 ἐπεισήχθησαν.
957 5033 1118 5088 Ἀλλά
1129 5039 1264 5102 τέως
1272 5040 1364 5092 τὸν
1380 5041 1710 5117 ἠθικώτερον
1725 5064 1814 5116 γυ-

234 5115 511 5189 μνάσωμεν
531 5120 726 5188 λόγον·
763 5123 1142 5196 παιδεύσωμεν
1162 5130 1261 5200 τὴν
1282 5133 1554 5204 ἡμετέραν
1567 5115 1812 5205 γλῶτταν

228 5205 428 5273 χαλινὸν
457 5211 638 5282 ἐχειν,
671 5216 772 5266 καὶ
799 5216 874 5287 μὴ
901 5217 1077 5299 πάντα
1120 5221 1305 5285 ἁπλῶς
1330 5225 1584 5297 ἐκφέρειν
1610 5229 1678 5283 τά
1702 5232 1811 5287 ἀπὸ

228 5299 319 5394 τῆς
339 5301 605 5370 διανοίας·
629 5307 717 5376 μὴ
738 5315 1064 5382 κακηγορεῖν
1082 5315 1209 5378 τοὺς
1235 5316 1518 5386 ἀδελφοὺς,
1578 5323 1654 5394 μὴ
1713 5326 1804 5377 ἀλ-

229 5388 408 5462 λήλους
453 5396 687 5452 δάκνειν
739 5400 831 5452 καὶ
876 5404 1199 5460 κατεσθίειν.
1240 5409 1362 5461 Τῶν
1401 5412 1706 5470 δακνόντων
1740 5417 1811 5470 τά

233 5482 444 5554 «bynu
478 5489 715 5561 χείρους
758 5492 890 5545 εἰσὶν
908 5495 1071 5550 οἱδιά
1088 5496 1260 5567 λόγων
1306 5498 1460 5556 τοῦτο
1506 5507 1803 5573 ποιοῦντες.

516 5642 677 5719 ξεινίι.
732 5643 809 5695 hic
842 5653 1009 5698 textus
1032 5649 1212 5716 deﬁcit,
1228 5653 1440 5719 jureque
1461 5661 1547 5711 ille
1578 5669 1808 5718 mendum

240 5708 494 5760 mplums
517 5709 618 5753 est.

1214 236 1302 292 DE
1339 230 1889 291 PROPHETIAKUM'
1912 229 2420 287 OBSCURITATE.
2454 233 2517 287 ll.

3408 239 3526 296 188»

1949 345 2172 399 Ἑκεῖνοι
2217 349 2330 411 τοῖς
2347 348 2526 401 ὀδοῦσι
2569 348 2824 404 δάκνουσι
2871 351 2933 405 τδ
2983 353 3160 427 σῶμα,
3203 346 3358 420 οὗτος
3408 358 3518 422 τοῖς

1931 435 2106 506 λόγοις
2130 438 2313 492 δάκνει
2344 440 2441 510 τὴν
2492 439 2690 512 ψυχὴν,
2718 441 3012 514 τιτρώσκει
3063 446 3162 517 τὴν
3221 447 3514 519 ὑπόληψιν,

1931 529 2148 586 ἀνίατον
2177 534 2322 585 ποιεῖ
2351 532 2412 584 τὸ
2440 532 2681 604 τραῦμα.
2713 535 2912 605 Διόπερ
2971 537 3194 607 μείζονα
3237 539 3515 604 ἐκδέξεται

1933 621 2156 677 κόλασιν
2183 624 2278 678 καὶ
2296 627 2584 696 τιμωρίαν,
2620 626 2744 681 ὅσον
2783 627 3162 700 χαλεπώτερον
3189 631 3428 701 ἐντίθησι
3458 631 3522 684 τὸ

1929 711 2135 784 δῆγμα.
2160 716 2234 770 Οὐ
2260 715 2350 770 διὰ
2390 715 2551 770 τοῦτο
2575 717 2632 771 δέ
2663 718 2822 789 μόνον
2843 720 3158 774 ἐκπεσεῖται
3188 721 3521 795 συγγνώμης

1929 803 1961 856 ό
1985 803 2327 878 κατηγορῶν,
2356 808 2473 863 ἀλλ’
2508 808 2590 863 δτι
2619 807 2744 863 οὔτε
2773 809 2991 864 δικαίαν
3018 810 3145 866 οὑτε
3190 813 3372 867 ἄδικον
3405 813 3520 885 ἔχει

1932 895 2206 967 πρόφασιν
2231 899 2406 954 εἰπεῖν
2429 897 2532 969 τῆς
2547 899 2812 971 πονηρίας
2838 900 2939 970 τῆς
2956 901 3170 956 ἐαυτοῦ.
3188 902 3255 956 Αἱ
3279 903 3379 973 μὲν
3412 904 3521 973 γὰρ

1931 987 2087 1042 ἄλλαι
2121 989 2389 1062 ἁμαρτίαι
2417 990 2521 1046 κᾶν
2539 991 2766 1060 ἀλόγους
2790 991 2988 1064 ἔχωσιν
3015 992 3214 1061 αἰτίας,
3237 993 3353 1047 ἀλλ’
3371 993 3520 1064 ὅμως

1931 1075 2164 1149 ἔχουσιν·
2195 1075 2328 1146 οἷον,
2357 1081 2388 1134 ό
2410 1080 2607 1152 πόρνος
2628 1081 2926 1152 ἐπιθυμίαν
2953 1081 3174 1154 πληροῖ,
3226 1082 3256 1135 ό
3278 1080 3518 1152 κλέπτης

1928 1169 2029 1240 τὴν
2067 1169 2257 1225 πενίαν
2289 1171 2405 1226 λύει
2430 1173 2479 1241 1³,
2517 1174 2842 1246 ἀνδροφόνος
2887 1174 2980 1230 τὸν
3026 1174 3198 1246 θυμὸν
3249 1175 3433 1229 παύει·
3489 1177 3526 1227 ὁ.

1929 1261 2251 1333 κατηγορῶν
2277 1263 2534 1334 οὐδεμίαν
2547 1263 2660 1335 ἔχει
2683 1265 2956 1336 πρόφασιν
2976 1265 3171 1320 εἰπεῖν.
3196 1265 3362 1320 Ποίαν
3383 1266 3523 1338 γάρ,

1929 1352 2049 1404 εἰπέ
2077 1369 2188 1422 μοι,
2224 1355 2524 1426 χρημάτων
2549 1356 2868 1426 περιουσίαν
2909 1357 3326 1429 περιϐάλλεταις
3354 1359 3515 1412 ποίαν

1929 1442 2224 1514 ἐπιθυμίαν
2281 1446 2512 1518 πληροῖ;
2557 1448 2723 1502 Οὐδὲν
2765 1449 2950 1520 ἕτερόν
2984 1451 3154 1516 ἐστιν,
3191 1450 3306 1504 ἀλλ’
3340 1450 3374 1520 ἢ
3417 1451 3515 1521 βα-

1930 1537 2157 1599 σκανίας
2194 1536 2483 1604 ὑπόθεσις,
2529 1539 2650 1594 οὔτε
2696 1540 2910 1597 δικαίαν
2950 1539 3076 1596 οὔτε
3107 1542 3291 1597 ἄδικον
3319 1542 3516 1614 ἔχουσα

1927 1629 2126 1681 αἰτίαν.
2160 1629 2260 1683 Διά
2305 1630 2462 1685 τοῦτο
2487 1631 2860 1704 ἀπεστέρηται
2909 1633 3239 1706 συγγνώμης
3273 1636 3506 1708 ἀπάσης.

1928 1719 2117 1772 Βούλει
2163 1724 2500 1794 κακηγορεῖν
2524 1735 2586 1793 ο;
2639 1725 2845 1797 Δίδωμί
2881 1743 2961 1781 σοι
3007 1727 3284 1799 χρησίμην
3313 1727 3510 1781 ὑπόθε-

1927 1827 2033 1866 σιν,
2069 1811 2255 1866 Βούλει
2287 1815 2476 1879 κακῶς
2507 1815 2726 1886 λέγειν;
2774 1819 2909 1872 Είπέ
2947 1819 3046 1884 τὰς
3090 1819 3362 1890 ἁμαρτίας
3415 1833 3510 1873 σου

1926 1902 2128 1966 κακῶς.
2168 1904 2316 1974 Λέγε
2338 1905 2448 1978 γὰρ
2465 1906 2569 1972 σὺ,
2603 1909 2758 1980 φησι,
2785 1909 2893 1976 τὰς
2918 1910 3206 1980 ἁμαρτίας
3224 1925 3339 1966 σου
3359 1911 3513 1982 πρῶ-

1924 2010 2046 2060 τος,
2070 1995 2170 2049 ἵνα
2185 1995 2527 2067 δικαιωθῇς.
2544 1996 2696 2064 Εἶδες
2715 2003 3054 2075 κακηγορίαν
3073 2004 3334 2073 στέφανον
3357 2003 3510 2074 ἔχου-

1926 2102 2026 2140 σαν
2054 2087 2148 2142 καὶ
2169 2087 2442 2160 ἐγκώμιον
2467 2093 2563 2145 καὶ
2603 2093 2986 2166 δικαιοσύνην;
3033 2096 3222 2162 Πάλιν,
3277 2096 3511 2164 Δίκαιος

1923 2177 2143 2234 ἑαυτοῦ
2182 2181 2510 2252 κατήγορος
2567 2185 2638 2238 ἐν
2685 2188 3086 2257 προπολοτίᾳ·
3127 2181 3364 2254 ἑαυτοῦ,
3410 2189 3512 2241 οὑκ

1923 2270 2246 2328 ἀλλου.Ἐάν
2292 2274 2454 2329 ἀλλου
2491 2279 2794 2349 κατήγορος
2827 2279 2982 2351 γένῃ,
3024 2279 3327 2351 ἐκολάσθης
3350 2296 3364 2309 ·
3414 2280 3511 2334 ἐὰν

1924 2362 2140 2429 ἑαυτοῦ,
2169 2366 2570 2439 ἐστεφανώθης.
2605 2370 2715 2423 Καὶ
2751 2371 2839 2425 ἵνα
2875 2373 3053 2445 μάθῃς
3087 2373 3248 2428 πόσον
3273 2375 3390 2427 ἐστὶ
3411 2392 3508 2428 κα-

1923 2455 2016 2510 λὸν
2049 2459 2111 2509 τὸ
2157 2461 2485 2530 κατηγορεῖν
2531 2462 2593 2514 τὸ
2633 2462 2826 2516 ἐαυτοῦ
2862 2465 3234 2538 παράπτωμα,
3274 2469 3508 2534 Δίκαιος

1924 2549 2142 2604 ἑαυτοῦ
2180 2551 2512 2622 κατήγορος
2544 2555 2615 2609 ἐν
2646 2558 3043 2627 πρωτολογίᾳ,
3079 2561 3234 2631 φησί.
3257 2563 3366 2615 Καὶ
3402 2561 3516 2634 μὴν.

1924 2639 1975 2692 εί
2015 2640 2245 2710 δίκαιος,
2291 2642 2408 2707 πῶς
2447 2647 2782 2718 κατήγορος;
2819 2649 2868 2700 εἰ
2902 2650 3228 2720 κατήγορος,
3275 2651 3390 2714 πῶς
3429 2652 3505 2705 δί-

1926 2750 2114 2799 καιος;
2164 2731 2224 2789 Ὀ
2261 2734 2468 2801 δίκαιος
2512 2738 2615 2790 οὑκ
2648 2738 2765 2792 ἔστι
2812 2742 3145 2813 κατηγορίας
3189 2743 3502 2809 ὑπεύθυνος.

1936 2823 2079 2877 Ἀλλ’
2103 2825 2190 2880 ῐνα
2229 2826 2427 2898 μάθῃς,
2453 2829 2536 2881 ὃτι
2559 2828 2662 2883 κᾶν
2685 2831 3009 2902 ἁμαρτωλὸς
3094 2852 3198 2899 τις,
3227 2841 3504 2910 κατηγορῇ

1922 2915 1980 2968 δὲ
2019 2915 2127 2968 τῶν
2167 2917 2606 2988 ἁμαρτημάτων,
2653 2921 2743 2974 διὰ
2779 2923 2880 2994 τῆς
2921 2927 3253 2997 κατηγορίας
3299 2928 3507 2993 δίκαιος

1923 3004 2154 3075 γίνεται,
2187 3007 2277 3061 διὰ
2309 3009 2464 3062 τοῦτο
2495 3005 2637 3075 εἷπε,
2669 3013 2904 3080 Δίκαιος
2928 3015 3149 3070 ἑαυτοῦ
3175 3018 3504 3088 κατήγορος

1923 3097 1994 3150 ἐν
2047 3101 2437 3169 πρωτολογία.
2501 3101 2566 3154 Τί
2611 3103 2668 3156 δέ
2723 3106 2892 3170 ἐστιν,
2953 3109 3048 3162 Ἐν
3101 3116 3502 3183 πρωτολογιςιὶ

1925 3188 2164 3261 Πρόσεχε
2209 3191 2474 3262 ἀκριϐῶς·
2527 3194 2614 3247 Ἐν
2653 3213 2767 3260 τοις
2813 3198 3182 3272 δικαστηρίοις
3221 3204 3312 3258 δύο
3361 3207 3502 3278 μέρη

1922 3279 2062 3346 ἐστὶ,
2101 3279 2212 3334 τῶν
2263 3281 2363 3352 μὲν
2408 3279 2731 3351 ἐναγόντων,
2763 3287 2871 3340 τῶν
2906 3288 2963 3342 δὲ
3001 3291 3363 3362 ἐναγομένων·
3394 3297 3503 3351 τῶν

1926 3367 2024 3437 μὲν
2071 3369 2538 3441 κατηγορούντων,
2591 3372 2698 3426 τῶν
2745 3373 2803 3426 δέ
2847 3379 3356 3448 κατηγορουμένων·
3395 3383 3507 3436 τῶν

1925 3459 2022 3529 μὲν
2050 3460 2384 3528 ὑπευθύνων,
2405 3463 2515 3517 τῶν
2539 3464 2597 3517 δὲ
2619 3465 2946 3521 ἀνευθύνων·
2973 3469 3066 3523 καὶ
3099 3473 3132 3541 ἡ
3162 3475 3504 3544 πρωτολογία

1919 3551 1999 3622 τῷ
2057 3553 2347 3625 κατηγόρῳ
2383 3553 2606 3621 δίδοται,
2649 3558 2728 3628 τῷ
2775 3559 3074 3633 ἀνευθύνῳ.
3139 3565 3401 3622 Ἐνταῦθα
3445 3570 3510 3626 δέ,

1923 3641 2074 3714 [I95]
2102 3645 2429 3702 τούναντίον.
2468 3649 2541 3701 Σὺ
2573 3650 2602 3702 ὁ
2624 3649 2923 3716 ὑπεύθυνος
2956 3654 3203 3726 ἅρπασον
3231 3659 3328 3729 τὴν
3352 3677 3504 3730 πρω-

1919 3734 2188 3804 τολογίαν,
2213 3737 2302 3792 ἵνα
2321 3738 2610 3803 ἀνεύθυνος
2637 3741 2790 3815 γένῃ·
2825 3745 2912 3814 μη
2934 3745 3230 3820 ἀναμείνῃς
3260 3751 3349 3802 τὸν
3381 3770 3504 3806 κατ-

1920 3825 2138 3895 ήγορον.
2174 3828 2237 3880 Εί
2266 3829 2359 3881 καὶ
2382 3829 2491 3883 τῶν
2525 3831 2842 3888 ὑπευθύνων
2871 3831 2942 3901 εἶ,
2967 3838 3106 3892 ἀλλὰ
3135 3843 3264 3912 πρὶν
3300 3844 3332 3912 ἢ
3371 3849 3499 3915 παρ’

1919 3917 2128 3970 ἐκείνου
2156 3936 2208 3972 τι
2231 3919 2470 3975 τοιοῦτον
2496 3922 2756 3996 ἀκούσῃς,
2781 3927 2945 3993 αὐτὸς
2982 3933 3356 4006 κατηγόρησον
3393 3937 3500 3991 τῶν

1920 4009 2345 4100 ἡμαρτημένων.
2375 4013 2639 4089 Μάχαιρά
2673 4020 2822 4075 ἐστιν
2860 4022 2894 4091 ἡ
2915 4021 3137 4090 γλῶσσα
3163 4027 3496 4100 ἠκονημένη·

1919 4097 2058 4153 ἀλλά
2117 4103 2192 4172 μὴ
2247 4103 2454 4175 ἑτέροις
2511 4108 2807 4181 ἐπάγωμεν
2866 4112 3176 4186 τραύματα,
3224 4097 3360 4172 ἀλλά
3400 4097 3499 4185 τάς

1917 4192 2191 4264 ἡμετέρας
2218 4195 2516 4266 σηπεδόνας
2539 4201 2955 4273 ἁποτέμνωμεν.
2987 4205 3172 4259 Βούλει
3199 4209 3391 4278 μαθεῖν
3415 4211 3497 4265 ὅτι

1919 4281 2038 4346 ἔθος
2068 4279 2136 4355 ἦν
2162 4286 2274 4348 τοῖς
2303 4285 2529 4352 δικαίοις
2565 4291 2642 4364 μὴ
2681 4292 2873 4358 ἄλλους
2907 4297 3095 4361 κακῶς
3135 4298 3332 4368 λέγειν,
3381 4303 3495 4355 ἀλλ’

1917 4373 2178 4442 ἐαυτούς;
2215 4377 2478 4432 ΙἈκουσον
2509 4380 2604 4433 τοῦ
2635 4383 2849 4439 Παύλου
2891 4387 3142 4458 βοῶντος·
3174 4392 3358 4462 Χάριν
3378 4397 3499 4465 ἔχω.

1914 4465 2406 4536 ἐνδυναμώσαντί
2437 4490 2514 4540 με
2559 4475 2810 4543 Χριστῷ,
2851 4478 2941 4533 ὅτι
2983 4486 3203 4538 πιστόν
3231 4504 3309 4555 με
3345 4490 3495 4558 ἡγή-

1916 4568 2065 4609 σατο
2099 4556 2345 4626 θέμενος
2372 4561 2458 4627 εὶς
2489 4560 2820 4634 διακονίαν,
2868 4567 2974 4622 τὸν
3012 4574 3302 4642 πρότερον

1915 4659 2158 4714 σφημον
2199 4647 2364 4713 ὄντα,
2399 4650 2497 4704 καί
2531 4651 2808 4722 διώκτην,
2835 4658 2936 4711 καὶ
2970 4661 3282 4730 ὑϐριστήν.
3330 4667 3491 4739 Ὁρᾷς

1917 4735 2032 4799 πῶς
2059 4737 2248 4790 ἐαυτὸν
2271 4739 2452 4804 κακῶς
2477 4739 2624 4812 λέγει
2645 4759 2661 4811 ;
2688 4745 2800 4799 Καὶ
2828 4748 3010 4816 πάλιν,
3032 4754 3287 4822 Χριστὸς

1913 4827 1999 4892 είς
2045 4827 2152 4882 τὸν
2191 4829 2424 4898 κόσμον
2465 4833 2852 4904 ἁμαρτωλοὺς
2896 4839 3111 4908 σῶσαι,
3147 4839 3235 4898 ὧν
3261 4847 3491 4914 πρῶτός

1913 4921 2029 4988 εἰμι
2080 4920 2213 4990 ἐγώ.
2267 4923 2378 4975 Καὶ
2430 4926 2588 4980 πάλιν
2636 4927 2892 5001 ἀλλαχοῦ,
2946 4937 3069 4989 Οὐκ
3109 4939 3224 5006 είμὶ
3263 4941 3487 5008 ἱκανός,

1915 5012 2064 5083 φησὶ,
2133 5015 2444 5070 καλεῖσθαι
2497 5019 2856 5092 ἀπόστολος,
2906 5025 3057 5084 διότι
3111 5030 3327 5097 ἐδίωξα
3379 5033 3492 5102 τὴν

1926 5105 2292 5175 Ἐκκλησίαν
2322 5109 2428 5164 τοῦ
2459 5113 2630 5168 Θεοῦ.

1983 5193 2048 5249 θ’.
2086 5195 2233 5262 Εἶδες
2281 5200 2398 5265 πῶς
2429 5205 2704 5274 πανταχοῦ
2731 5207 2923 5263 ἐαυτὸν
2949 5211 3132 5275 κακῶς
3163 5212 3335 5280 λέγεις
3366 5209 3488 5269 Οἵδε

1910 5283 2020 5360 γὰρ
2038 5290 2136 5360 τῆς
2157 5294 2484 5364 κατηγορίας
2502 5297 2705 5370 ταύτης
2721 5299 2783 5352 τδ
2803 5302 3011 5372 κέρδος,
3034 5305 3116 5356 ὅτι
3141 5303 3488 5373 δικαιοσύνην

1909 5380 2222 5451 ἐργάζεται.
2253 5383 2422 5438 ’Όταν
2453 5387 2553 5456 μὲν
2589 5385 2684 5443 οὖν
2725 5393 2887 5447 αὑτὸν
2924 5391 3116 5446 ἑαυτοῦ
3162 5407 3487 5473 κατηγορεῖν

1974 5493 2004 5575 li
2024 5488 2350 5575 8321.993:
2622 5499 2769 5575 editis
2787 5501 2886 5548 λύει
2904 5501 3062 5575 ὀρθοί.
3092 5505 3210 5575 Ibid.
3232 5512 3258 5558 ὁ
3279 5528 3486 5575 κατηγο-

1911 5550 2021 5628 ⁹⁴²³⁷’
2047 5551 2140 5636 δίε
2164 5554 2313 5602 δίεπ’
2338 5555 2901 5636 ¹θὲθηίὲς¹ἔωέἓῐέτὶ¹.ευ.ω
2921 5550 3072 5617 sum.
3087 5550 3485 5636 Ε’ἦέιῶἴὲὗί

1908 5614 2096 5674 γνώμης
2117 5615 2146 5685 ό
2165 5614 2463 5678 κακηγορῶν.
2495 5619 2558 5689 ΕΞ
2594 5614 2718 5689 ΐονιῖξ
2741 5621 2875 5689 alibi“
2902 5614 3486 5689 δωρᾶίῖἱιίἑᾶἶῖυηῖἷιὶε

1908 5683 2298 5742 κατηγορῶν-ρει)-
2314 5683 2590 5742 κακηγορῶν
2613 5683 2824 5740 positum
2851 5683 3016 5740 fuerit.

1974 5737 1996 5765 ε
2020 5736 2100 5786 ssc
2119 5736 2251 5788 Colb.
2275 5740 2376 5789 Alii
2396 5736 2686 5804 κατηγορεῖν.
