4054 6320
595 227 695 283 189

588 350 702 421 δέῃ,
750 348 983 419 ἀφειδῶς
1028 348 1289 421 κέχρηται
1333 353 1398 423 τῇ
1444 354 1765 425 κατηγορίᾳ·
1793 357 1920 409 ὅταν
1971 357 2026 410 δέ
2070 360 2165 411 καὶ

588 438 805 507 ἐτέρους
852 436 936 508 ῖδῃ
982 440 1096 499 τοῖς
1140 437 1440 509 ἀλλοτρίοις
1481 440 1799 505 δικάζοντας
1828 446 2038 507 κακοῖς,
2072 446 2172 515 ὅρα

592 528 713 597 μεθ’
737 528 868 599 ὅσης
894 527 1087 590 αὐτοὺς
1120 529 1460 599 ἐπιστομίζει
1497 535 1597 603 τῆς
1623 534 2049 605 αὐστηρότητος,
2084 536 2174 588 οὑ-

588 618 722 668 τωσὶ
751 616 946 684 λέγων·
979 618 1160 672 Ὥστε
1200 620 1286 689 μὴ
1315 621 1428 689 πρὸ
1464 622 1671 690 καιροῦ
1696 640 1751 678 τι
1784 625 2033 692 κρίνετε,
2061 625 2174 690 ἕως

590 702 667 755 ἂν
705 704 852 773 ἔλθῃ
883 707 916 758 ό
954 706 1188 774 Κύριος,
1226 707 1293 774 ὃς
1319 708 1415 761 καὶ
1440 710 1683 777 φωτίσει
1708 712 1781 764 τὰ
1814 712 2041 779 κρυπτὰ
2064 713 2170 766 τοῦ

590 792 871 858 σκότους,
902 793 997 846 καὶ
1022 793 1350 863 φανερώσει
1374 798 1479 862 τὰς
1492 797 1729 864 ,ϐουλὰς
1753 798 1871 852 τῶν
1891 799 2168 868 καρδιῶν.

606 878 827 951 Ἐκείνῳ
865 884 1100 953 τήρησον
1141 883 1202 936 τὸ
1243 883 1612 955 δικαστήριον,
1651 884 1726 956 τῷ
1772 887 1839 939 τὰ
1884 888 2170 958 ἀπόρρητα

592 965 752 1020 εἰδότι
777 967 877 1037 τῆς
913 968 1167 1032 διανοίας.
1205 971 1321 1024 Κᾶν
1354 972 1595 1042 ἀκριϐῶς
1624 971 1850 1045 νομίζῃς
1877 974 2074 1028 εἰδέναι
2102 976 2171 1028 τὰ

591 1057 686 1111 τοῦ
727 1058 970 1129 πλησίον,
1003 1060 1262 1129 ἐσφαλταί
1304 1080 1397 1115 σου
1435 1065 1468 1133 ἡ
1500 1063 1699 1134 κρίσις.
1741 1064 1843 1130 Τίς
1885 1064 1993 1132 γὰρ
2023 1061 2167 1127 οἶδε,

592 1148 747 1217 φησὶ,
800 1148 874 1201 τὰ
913 1149 1018 1202 τοῦ
1067 1148 1400 1217 ἀνθρώπου,
1442 1153 1493 1203 εὶ
1524 1150 1610 1219 μὴ
1664 1151 1730 1204 τὸ
1788 1152 2023 1220 πνεῦμα
2063 1151 2170 1205 τοῦ

591 1233 905 1303 ἀνθρώπου
954 1235 1018 1288 τὸ
1058 1237 1127 1288 ἐν
1169 1236 1362 1302 αὑτῷ;
1394 1238 1555 1291 Πόσοι
1595 1238 1702 1291 τῶν
1744 1238 2171 1310 ἀπερριμμένων

592 1321 688 1374 καὶ
729 1321 961 1375 εὐτελῶν
1013 1322 1165 1393 ἡλίου
1209 1323 1556 1396 φαιδρότερον
1611 1326 1913 1397 ἐκλάμπειν
1952 1326 2164 1395 ἐχουσιί

591 1409 748 1463 πόσοι
774 1409 881 1463 τῶν
911 1412 1160 1480 μεγάλων
1207 1413 1299 1465 xal
1336 1413 1652 1483 περιφανῶν
1679 1414 1870 1478 σποδὸς
1900 1413 2051 1476 ὄντες
2075 1413 2171 1467 καὶ

590 1499 759 1567 τάφος
797 1500 1181 1569 κεκονιαμένος
1221 1500 1635 1572 εὑρεθήσονταιί
1673 1502 1949 1563 Ἤκουσας
1993 1501 2109 1564 πῶς
2141 1503 2169 1554 6

590 1587 802 1652 Παῦλος
836 1589 1024 1643 ἐαυτὸν
1063 1590 1249 1653 κακῶς
1289 1590 1457 1658 λέγει,
1504 1590 1643 1658 μετά
1678 1590 2037 1661 σφοδρότητος
2075 1589 2169 1641 καὶ

589 1674 895 1745 ὑπερϐολῆς
938 1677 1372 1747 ἁμαρτημάτων,
1420 1670 1495 1731 ῶν
1526 1677 1626 1731 οὐκ
1671 1677 1893 1748 ἔμελλεν
1941 1676 2167 1739 εὐθύνας

589 1762 832 1832 ὑπέχειν,
864 1764 1101 1832 συνεχῶς
1144 1766 1521 1835 μεμνημένον;
1562 1765 1888 1835 Βλάσφημος
1923 1763 2032 1835 γάρ
2072 1763 2169 1817 καὶ

589 1851 822 1923 διώκτης
846 1853 937 1904 καὶ
957 1852 1212 1923 ὑϐριστὴς
1234 1854 1339 1924 πρὸ
1360 1852 1452 1905 τοῦ
1478 1852 1849 1923 βαπτίσματος
1872 1848 1959 1922 ἦν,
1981 1853 2167 1905 ἐκεῖνα

587 1939 645 1990 δὲ
670 1939 1129 2011 τά’ἁμαρτήματα
1152 1940 1308 1993 ἔλυσε
1335 1941 1396 1993 τὸ
1421 1940 1721 2012 βάπτισμα·
1754 1940 1867 1993 ἀλλ’
1897 1941 2047 2008 ὅμως
2070 1939 2167 1991 αὑ-

586 2027 696 2079 τῶν
724 2026 1017 2099 μέμνηται,
1045 2030 1145 2082 οὑκ
1172 2029 1359 2098 ἐπειδὴ
1385 2028 1540 2097 λόγον
1570 2029 1795 2100 ἔμελλεν
1825 2029 1965 2098 ὑπὲρ
1988 2027 2166 2081 αὑτῶν

590 2117 832 2187 ὑπέχειν,
859 2118 973 2171 ἀλλ’
1005 2118 1091 2172 ἵνα
1133 2118 1283 2191 δείξῃ
1312 2118 1406 2171 τοῦ
1435 2117 1568 2171 Θεοῦ
1608 2118 1705 2188 τὴν
1736 2117 2163 2188 φιλανθρωπίαν,

589 2205 685 2258 καὶ
734 2206 855 2258 τίνα
911 2205 1059 2263 ὄντα.
1094 2199 1204 2258 οἷον
1252 2206 1651 2259 κατεσκεύασεν
1681 2211 1732 2268 ³,
1788 2206 1898 2259 ἀπὸ
1937 2204 2163 2258 διώκτου

592 2296 822 2365 ποιήσας
851 2293 1164 2347 ἀπόστολον.
1198 2294 1260 2346 Ei
1295 2294 1350 2346 δὲ
1392 2295 1597 2356 ἐκεῖνος
1624 2292 1732 2346 τῶν
1762 2291 2165 2361 ἀφανισθέντων

588 2382 1001 2454 ἁμαρτημάτων
1060 2382 1352 2453 μέμνηται,
1398 2381 1574 2453 πολλῷ
1621 2381 1820 2453 μᾶλλον
1864 2382 2013 2451 ἡμᾶς
2057 2379 2164 2433 τῶν

591 2470 731 2541 μετά
780 2469 841 2523 τὸ
882 2469 1166 2541 βάπτισμα
1218 2469 1521 2540 μεμνῆσθαι
1567 2471 1690 2540 χρή.
1747 2469 1842 2532 Τίς
1883 2466 1992 2538 γάρ
2032 2470 2164 2537 ἡμῖν

588 2558 851 2626 ἀπολογία
879 2558 1051 2623 ἔσται,
1087 2558 1120 2629 ῆ
1160 2558 1286 2611 ποία
1319 2559 1635 2628 συγγνώμη,
1664 2558 1790 2610 ὅταν
1820 2559 2026 2619 ἐκεῖνος
2067 2554 2164 2625 μὲν

588 2646 695 2699 τῶν
720 2645 1023 2699 άνευθύνων
1054 2645 1367 2717 μνημονεύῃ
1394 2644 1649 2714 συνεχῶς.
1677 2645 1834 2715 ἡμεῖς
1853 2643 1907 2697 δὲ
1936 2642 2067 2713 μηδὲ
2090 2635 2165 2695 ὧν

593 2734 857 2805 μέλλομεν
890 2735 1045 2802 λόγον
1086 2735 1328 2804 ὑπέχειν,
1366 2734 1499 2805 μηδέ
1527 2733 1730 2786 τούτων
1764 2733 1988 2794 ἑαυτοὺς
2034 2732 2166 2785 ὑπο-

593 2824 1010 2893 μιμνήσκωμεν,
1054 2822 1166 2876 ἀλλ’
1189 2822 1417 2889 ἀφέντες
1459 2821 1531 2875 τά
1571 2823 1763 2884 οἰκεῖα,
1793 2819 1861 2872 τά
1910 2820 2165 2890 ἀλλότρια

592 2909 1082 2981 περιεργαζὼμεθα
1106 2909 1281 2971 κακά;
1305 2907 1599 2979 [Ἄκουσον
1627 2908 1716 2959 τὸν
1741 2906 1945 2975 Πέτρον
1975 2906 2162 2974 λέγον-

587 3017 657 3051 τα
674 3015 689 3030 ·
724 2997 975 3062 Ἔξελθε
1010 2998 1114 3051 ἀπ’
1136 2996 1303 3067 ἐμοῦ,
1326 2996 1416 3051 ὅτι
1441 2994 1596 3065 ἀνὴρ
1636 2996 1983 3065 ἁμαρτωλός
2003 2992 2164 3065 sum]

592 3088 858 3141 Ἀκουσον
892 3084 1008 3147 πῶς
1036 3084 1187 3156 [196]
1209 3084 1304 3138 καὶ
1321 3083 1595 3147 Μαθταῖος
1620 3084 1718 3153 τῆς
1747 3082 2017 3153 προτέρας
2039 3083 2166 3135 ἐαυ-

586 3173 682 3228 τοῦ
712 3175 1007 3243 κατηγορεῖ
1035 3173 1202 3244 ζωῆς,
1237 3172 1331 3225 καὶ
1358 3172 1597 3241 τελώνην
1636 3171 1827 3224 ἐαυτὸν
1864 3170 2036 3233 καλεῖ,
2071 3171 2167 3222 καὶ

586 3262 709 3316 οὐδὲ
762 3260 1075 3332 αἰσχύνεται
1130 3260 1221 3313 τὸν
1277 3260 1540 3331 πρότερον
1601 3257 1965 3328 ἐκπομπεύων
2028 3258 2161 3328 βίον.

602 3350 819 3421 Ἐπειδὴ
850 3349 957 3421 γάρ
984 3348 1135 3402 οὐδὲν
1163 3343 1307 3419 εἶχον
1338 3349 1662 3420 κατηγορεῖν
1701 3346 1909 3400 ἑαυτῶν
1942 3344 2079 3417 μετὰ
2108 3345 2168 3398 τὸ

596 3440 901 3511 βάπτισμα,
953 3437 1065 3492 τῶν
1118 3438 1398 3509 προτέρων
1441 3436 1768 3506 ἐμέμνηντο,
1823 3433 2167 3497 παιδεύοντες

590 3532 624 3599 ἡ
634 3530 736 3599 μᾶς
747 3528 856 3582 τῶν
875 3527 970 3598 μὲν
982 3527 1279 3597 ἀλλοτρίων
1290 3524 1473 3579 κακῶν
1489 3524 1621 3596 μηδέ
1627 3542 1692 3578 να
1706 3523 1976 3577 ποιεῖσθαι
1987 3522 2164 3591 λόγον,

589 3617 658 3671 τὰ
678 3616 736 3669 δέ
759 3616 931 3669 οἰκεῖα
958 3616 1228 3687 μεριμνᾷν
1255 3614 1348 3667 καὶ
1378 3611 1616 3683 συνεχῶς
1642 3610 2020 3681 ἀναστρέφειν.

662 3705 738 3758 Οὑ
780 3704 890 3775 γὰρ
940 3704 1107 3767 ἐστιν,
1153 3704 1253 3757 οὐκ
1296 3702 1441 3756 ιἔστιν
1489 3701 1639 3754 οὐδὲν
1671 3700 1855 3771 ἓτερον
1876 3699 2168 3770 φάρμακον

590 3792 828 3845 τοιοῦτον
874 3790 1009 3863 πρὸς
1046 3790 1142 3861 τὴν
1188 3790 1297 3844 τῶν
1327 3788 1739 3861 ἁμαρτημάτων
1766 3786 2064 3857 ἀναίρεσιν,
2094 3784 2169 3847 ὡς

593 3883 628 3949 ἡ
674 3880 901 3949 συνεχὴς
948 3878 1126 3931 αὐτῶν
1171 3878 1493 3949 ἀνάμνησις,
1524 3876 1615 3929 καὶ
1648 3879 1680 3945 ἡ
1714 3873 1964 3945 διηνεκὴς
1992 3871 2169 3926 αὐτῶν

597 3966 914 4037 κατηγορία.
945 3964 1129 4028 Οῦτως
1159 3966 1186 4017 ὁ
1207 3963 1440 4033 τελώνης
1470 3963 1538 4016 τὰ
1570 3961 1733 4034 μυρία
1761 3960 1995 4033 ἠδυνήθη
2026 3959 2172 4013 κακά

597 4053 914 4117 ἀποθέσθαι,
966 4053 1053 4107 ἵνα
1091 4053 1241 4125 εἴπῃ·
1301 4052 1363 4105 Ὀ
1410 4052 1571 4117 Θεὸς,
1626 4049 1905 4116 ἱλάσθητί
1947 4066 2048 4119 μοι
2093 4046 2171 4113 τῷ

595 4138 939 4211 ἁμαρτωλῷ·
966 4140 1139 4202 οὕτως
1171 4141 1199 4192 6
1230 4140 1517 4209 Φαρισαῖος
1542 4139 1642 4210 τῆς
1671 4136 2012 4206 δικαιοσύνης
2036 4137 2174 4190 ἀπά-

598 4248 697 4301 σης
722 4230 998 4297 ἐξέπεσεν,
1022 4228 1102 4282 ὅτι
1127 4229 1285 4297 ἀφεὶς
1306 4228 1614 4297 λογίζεσθαι
1642 4225 1711 4280 τά
1742 4226 1891 4295 αὑτῷ
1919 4226 2172 4296 πεπλημ-

599 4319 898 4392 μελημένα,
932 4318 1031 4389 τὴν
1069 4317 1390 4390 οἰκουμένην
1430 4315 1774 4380 κατεδίκαζε,
1820 4315 2015 4382 λέγων·
2052 4316 2173 4367 Οὐκ

595 4409 711 4477 εἰμὶ
749 4408 829 4473 ὡς
879 4409 930 4459 οι
979 4408 1178 4461 λοιποὶ
1228 4406 1345 4460 τῶν
1382 4406 1724 4475 ἀνθρώπων,
1769 4404 2031 4473 ἅρπαγες
2076 4402 2173 4456 καὶ

598 4494 974 4555 πλεονέκται,
1014 4493 1155 4548 οὐδὲ
1181 4494 1260 4559 ὠς
1286 4489 1463 4559 οὗτος
1494 4496 1527 4546 ὁ
1558 4491 1842 4559 τελώνης.
1885 4490 1983 4543 Διά
2018 4490 2175 4543 τοῦτο

598 4584 693 4638 καὶ
727 4584 755 4636 6
783 4580 992 4644 Παῦλος
1020 4580 1251 4652 παρῄνει
1278 4579 1474 4649 λέγων·
1506 4580 1802 4642 ’Ἕκαστος
1838 4576 1905 4629 δὲ
1933 4575 2175 4645 δοκιμα-

599 4673 735 4731 ζέτω
763 4670 829 4723 τό
866 4660 1081 4722 ἑαυτοῦ
1107 4670 1302 4738 ἔργον,
1334 4669 1432 4722 καὶ
1464 4670 1596 4722 τότε
1627 4668 1711 4732 είς
1751 4665 1966 4718 ἑαυτὸν
1982 4666 2174 4733 μόνον

598 4760 663 4812 τό
693 4760 973 4826 καύχημα
999 4756 1142 4820 ἕξει,
1184 4756 1280 4808 καὶ
1316 4758 1426 4809 οὐκ
1471 4757 1558 4819 εἰς
1598 4753 1704 4807 τόν
1732 4753 1955 4821 ἕτερον.
1989 4751 2174 4805 Βούλει

608 4844 797 4915 μαθεῖν
823 4841 915 4895 καὶ
937 4843 994 4896 ἐν
1018 4844 1085 4913 τῇ
1112 4842 1323 4912 Παλαιᾷ
1350 4843 1464 4903 πῶς
1487 4844 1535 4894 οί
1565 4842 1761 4895 δίκαιοι
1793 4839 2173 4911 κατηγόρησαν

607 4931 841 4997 ἑαυτῶνς
885 4933 1080 4985 Ἀκουε
1115 4931 1207 4983 καὶ
1247 4931 1450 4983 τούτων
1492 4930 1718 4993 ἐκείνοις
1768 4929 1975 5002 συνῳδὰ
2008 4930 2175 5000 φθεγ-

603 5020 869 5092 γομένων.
924 5021 982 5073 Ὀ
1026 5020 1123 5090 μὲν
1176 5017 1284 5088 γὰρ
1347 5017 1508 5072 Δαυῖδ
1557 5019 1772 5087 ἔλεγεν·
1818 5021 1888 5073 Al
1934 5019 2173 5087 ἀνομίαι

595 5129 711 5177 μου
753 5107 1061 5176 ὑπερῆράν
1098 5106 1211 5166 τὴν
1247 5105 1521 5174 κεφαλήν
1558 5122 1697 5174 μου·
1739 5105 1881 5159 ὡσεὶ
1929 5108 2174 5174 φορτίον

596 5195 754 5263 ,βαρὺ
808 5196 1224 5264 ἐϐαρύνθησαν
1273 5194 1367 5247 ἐπ’
1404 5192 1525 5261 ἐμέ.
1572 5196 1629 5245 '0
1668 5192 1726 5246 δὲ
1760 5192 1986 5256 Ἡσαΐας
2022 5193 2169 5246 ἐϐόα·

598 5284 760 5350 Οἵμοι
783 5287 817 5336 ὁ
834 5284 1018 5351 τάλας
1040 5282 1173 5353 ἐγὼ,
1199 5283 1286 5336 ὅτι
1317 5281 1623 5351 ἄνθρωπος
1640 5280 1725 5335 ὢν
1752 5283 1848 5337 καὶ
1874 5283 2174 5351 ἀκάθαρτα

604 5369 776 5438 χείλη
801 5369 975 5437 ἔχων.
1004 5372 1114 5424 Kal
1134 5372 1181 5424 οἱ
1198 5373 1343 5441 τρεῖς
1369 5370 1552 5433 παῖδες
1572 5372 1629 5422 ἐν
1649 5370 1859 5440 καμίνῳ
1873 5371 2173 5441 διατρίϐον-

600 5474 709 5520 τες,
740 5456 831 5508 καὶ
859 5455 927 5507 τὰ
956 5455 1181 5524 σώματα
1204 5458 1419 5528 θανάτῳ
1446 5456 1535 5510 διὰ
1560 5458 1650 5511 τὸν
1667 5457 1799 5512 Θεὸν
1820 5458 2170 5528 παραδόντες,

603 5547 659 5595 ἐν
695 5545 807 5605 τοῖς
840 5543 1087 5613 ἐσχάτοις
1117 5542 1225 5595 τῶν
1253 5544 1588 5616 ἁμαρτωλῶν
1630 5547 1854 5606 ἑαυτοὺς
1884 5546 2170 5617 ἡρίθμουν,

614 5628 998 5697 Ἠιιάρτομεν,
1028 5629 1436 5699 ὴνομὴσαμεν,
1467 5632 1730 5701 λέγοντες·
1757 5633 1930 5687 καίτοι
1954 5635 2007 5687 τί
2038 5634 2173 5707 λαμ⁹

668 5762 694 5789 ⁸
711 5754 846 5807 Colb.
868 5754 970 5803 τίνα
993 5757 1104 5803 ὄντα
1123 5756 1223 5803 τίνα
1244 5757 1607 5808 κατεσκεύασεν.

1307 230 1364 286 S.
1399 231 1679 289 JOANNIS
1711 202 2203 293 CHRYSOSTO‘MI
2240 237 2559 299 ARCHIEP.
2599 240 3140 305 CON‘STANTINOP.

3687 262 3778 319 {90

2275 362 2539 436 πρότερον
2584 367 2825 432 ἐκείνων,
2863 369 2917 421 τί
2952 368 3322 443 καθαρώτερον
3360 367 3455 444 ἦν;
3488 373 3587 427 Καὶ
3621 375 3714 447 γὰρ
3737 381 3776 429 εἰ

2275 452 2367 504 καί
2416 471 2569 517 τινας
2601 451 2741 526 ἦσαν
2780 458 3058 527 ἁμαρτίας
3105 462 3466 528 πεποιηκότες,
3507 461 3666 523 πάσας
3699 464 3785 516 ἀπ-

2272 538 2476 612 έσμηξε
2496 543 2595 613 τῆς
2618 544 2812 612 φλογὸς
2850 544 3066 615 ἐκείνης
3099 547 3132 614 ἡ
3164 545 3335 613 φύσις.
3370 546 3498 599 Ἀλλ’
3517 549 3571 600 06
3596 550 3713 618 πρὸς
3729 552 3784 603 τά

2272 631 2668 703 κατορθώματα
2694 634 2880 704 ἐώρων
2906 634 2977 688 τά
3000 636 3193 697 οἰκεῖα,
3218 634 3346 688 ἀλλά
3368 636 3433 689 τά
3461 639 3788 708 ἁμαρτήματα

2270 717 2658 788 ἀνελογίζοντο.
2690 722 2846 776 Οὕτω
2875 723 2971 776 καὶ
2997 722 3193 789 Δανιὴλ
3224 723 3356 793 μετὰ
3383 724 3469 777 τὸν
3493 725 3671 778 λάκκον
3699 726 3791 778 τῶν

2269 809 2517 875 λεόντων,
2562 811 2699 882 μετὰ
2738 812 2835 875 τὰς
2887 813 3088 884 μυρίας
3127 811 3404 883 τιμωρίας,
3442 811 3504 877 ἀς
3545 813 3790 883 ὑπέμεινε,

2269 900 2367 953 καὶ
2392 900 2552 963 αὐτὸς
2583 901 2777 954 ἐαυτοῦ
2814 901 3129 972 κατηγόρει,
3172 900 3265 954 τοῦ
3303 900 3356 953 δέ
3394 899 3602 971 πλησίον
3626 900 3793 963 οὐδείς.

2269 988 2336 1041 Τί
2364 989 2425 1059 δή
2465 1006 2629 1057 ποτε;
2661 990 2782 1043 Ὅτι
2814 991 2842 1043 6
2874 990 2973 1060 μὲν
3004 990 3220 1061 ἐτέρους
3247 989 3414 1057 λέγων
3456 988 3645 1051 κακῶς,
3676 1006 3795 1057 παρ-

2266 1075 2443 1141 οξύνει
2495 1077 2587 1130 τὸν
2646 1078 2939 1147 Δεσπότην.
2996 1078 3055 1130 ’0
3097 1078 3153 1130 δὲ
3197 1075 3381 1130 ἐαυτὸν
3417 1074 3579 1144 λέγων
3621 1074 3795 1137 κακῶς,

2268 1164 2462 1229 ὲξιλεοῖ
2493 1166 2588 1219 καὶ
2618 1166 2994 1220 καταλλάττει·
3023 1166 3118 1218 καὶ
3153 1164 3242 1218 τὸν
3273 1164 3471 1217 δίκαιον
3506 1162 3800 1231 δικαιότερον

2267 1252 2658 1321 ἀπεργάζεται,
2721 1254 2815 1306 καὶ
2864 1253 2957 1306 τὸν
3010 1252 3331 1325 ἁμαρτωλὸν
3381 1249 3661 1321 ἐξαρπάζει
3711 1249 3804 1301 τῶν

2268 1338 2630 1409 ἐγκλημάτων
2669 1340 2764 1392 καὶ
2798 1338 3127 1411 συγγνώμης
3158 1339 3306 1403 ἀξιον
3346 1341 3504 1391 ποιεῖ.
3542 1337 3691 1391 Ταῦτ’
3724 1332 3804 1390 οὖν

2266 1428 2488 1495 εἰδότες,
2537 1428 2611 1500 μὴ
2653 1427 2722 1481 τὰ
2752 1428 3027 1500 ἀλλότρια,
3072 1427 3208 1481 ἀλλά
3243 1429 3415 1480 οἰκεῖα
3454 1426 3807 1496 πολυπραγμο-

2266 1516 2448 1585 νῶμεν
2485 1516 2651 1570 κακά·
2684 1514 3077 1586 ἀναπτύξωμεν
3110 1515 3268 1586 ἡμῶν
3312 1514 3371 1568 τὸ
3418 1514 3659 1576 συνειδὸς,
3697 1514 3808 1565 ἀνα-

2271 1602 2598 1673 μνησθῶμεν
2636 1604 2795 1673 ἡμῶν
2824 1605 2924 1674 τὴν
2956 1603 3098 1674 ζωὴν
3132 1604 3351 1657 ἃπασαν
3382 1602 3432 1663 ι),
3462 1601 3676 1654 ἕκαστον
3716 1598 3809 1653 τῶν

2266 1691 2668 1761 ἡμαρτημένων
2705 1693 2837 1761 ἡμῖν
2878 1688 3390 1761 περιεργασώμεθα,
3423 1688 3514 1742 καλ⁵
3563 1687 3631 1757 μὴ
3677 1686 3812 1756 μόνον

2271 1777 2345 1846 μὴ
2394 1778 2642 1848 λέγωμεν
2694 1778 2879 1842 κακῶς
2918 1778 3159 1849 ἐτέρους,
3217 1777 3353 1830 ἀλλὰ
3396 1776 3523 1846 μηδέ
3559 1775 3812 1842 ἀκούωμεν

2268 1866 2473 1938 ἐτέρων
2498 1865 2764 1934 λεγόντων
2789 1865 2992 1929 κακῶς.
3027 1865 3134 1919 Kal
3167 1864 3278 1935 γάρ
3310 1864 3402 1918 καὶ
3435 1862 3614 1915 τούτου
3641 1860 3815 1928 ἐγκλη-

2269 1972 2343 2024 μα
2369 1956 2545 2008 κεῖται
2590 1954 2683 2008 καὶ
2716 1954 2955 2025 τιμωρία
2988 1954 3242 2023 μεγίστη·
3288 1951 3493 2017 Ἁκοὴγ
3524 1949 3641 2019 γὰρ,
3679 1948 3817 2017 φησι.

2259 2042 2517 2111 ματαίαν
2536 2041 2621 2109 μὴ
2661 2040 2987 2108 παραδέξῃ.
3037 2042 3154 2094 Οὐκ
3205 2038 3378 2104 εἶπεν,
3430 2040 3587 2107 Ἀκοῇ
3639 2036 3818 2105 ματαίᾳ

2269 2129 2343 2199 μὴ
2374 2128 2690 2201 πιστεύσῃς,
2711 2128 2865 2183 ἀλλά.
2894 2127 3044 2199 Μηδέ
3074 2126 3201 2198 δέξῃ
3233 2127 3423 2197 αὑτήν·
3451 2123 3741 2195 ἀπόφραξω
3762 2122 3818 2173 τά

2265 2209 2401 2275 ὦτα.
2442 2215 2790 2285 ἀποτείχισον
2830 2218 2894 2285 τῇ
2942 2216 3251 2286 κατηγορίᾳ
3294 2215 3395 2284 τὴν
3436 2211 3648 2276 εἴσοδον,
3673 2209 3821 2273 δεῖξον

2263 2306 2345 2357 ὅτι
2380 2303 2474 2357 τοῦ
2505 2304 2977 2375 κατηγορουμένου
3008 2304 3109 2356 οὐκ
3137 2303 3362 2357 ἔλαττον
3399 2300 3558 2363 αὐτὸς
3580 2299 3607 2350 6
3633 2298 3822 2352 ἀκούων

2264 2391 2456 2463 ἐχθρὸς
2504 2388 2556 2445 εἴ
2587 2394 2682 2446 καὶ
2711 2392 2965 2464 πολέμιος
3002 2393 3079 2463 τῷ
3110 2390 3299 2455 κακῶς
3332 2391 3562 2458 λέγοντι.
3596 2388 3820 2455 Μίμησαι

2262 2478 2353 2533 τὸν
2384 2478 2534 2551 [I97]
2560 2482 2845 2551 προφήτην
2864 2479 3006 2533 οὑτω
3026 2480 3280 2548 λέγοντα·
3309 2478 3422 2534 Τὸν
3444 2472 3825 2530 καταλαλοῦν-

2265 2586 2337 2620 τα
2364 2567 2555 2636 λάθρα
2589 2569 2695 2621 τὸν
2729 2571 2999 2635 πλησίον
3024 2568 3239 2630 αὑτοῦ,
3273 2566 3491 2621 τοῦτον
3512 2562 3819 2627 ἐξεδίωκον.

2265 2656 2379 2708 Οὐκ
2412 2651 2583 2720 εἶπεν,
2613 2656 2694 2708 ὅτι
2715 2656 2827 2708 Ούκ
2855 2656 3164 2717 ἐπίστευον,
3194 2652 3319 2708 οὑδέ
3349 2654 3431 2706 ὅτι
3464 2650 3540 2705 Οὑ
3563 2645 3825 2719 παρεδεχό-

2269 2760 2375 2814 μην
2400 2742 2469 2797 τὰ
2493 2742 2780 2815 λεγόμενα,
2810 2742 2946 2798 ἀλλὰ
2968 2743 3063 2797 καὶ
3084 2731 3433 2815 ἀπήλαυνον,
3457 2738 3532 2802 ὡς
3554 2737 3730 2809 ἐχθρὸν
3752 2733 3830 2787 καὶ

2266 2831 2546 2902 πολέμιον.

2340 2926 2389 2974 ι’.
2434 2919 2573 2972 Ἀλλ’
2607 2920 2712 2972 είσί
2750 2936 2913 2983 τινες,
2946 2917 2997 2972 οἳ
3039 2918 3237 2990 ψυχρᾷ
3273 2916 3598 2990 παραμυθία
3638 2910 3830 2969 ἑαυτοὺς

2266 3007 2737 3079 παραμυθοῦνται,
2772 3009 2972 3062 οὑτωσὶ
3002 3008 3287 3077 λέγοντες·
3320 3008 3517 3079 Κύριε,
3557 3004 3629 3075 μὴ
3658 3001 3834 3070 στήσῃς

2271 3113 2360 3165 μοι
2405 3095 2504 3166 τὴν
2548 3096 2824 3166 ἁμαρτίαν
2857 3095 3080 3166 ταύτην,
3117 3097 3209 3149 ὅτι
3250 3097 3425 3166 ἀκοῆς
3466 3094 3620 3161 λόγον
3646 3087 3832 3157 ὀφείλω.

2267 3183 2363 3246 Τίς
2393 3183 2548 3253 χρεία
2582 3183 2680 3253 τῆς
2709 3182 3038 3250 ἀπολογίας;
3069 3182 3152 3244 τίς
3204 3182 3368 3254 χρεία
3409 3181 3510 3251 τῆς
3542 3174 3837 3247 συγγνώμης

2265 3270 2498 3341 ταύτης
2534 3270 2785 3341 Σίγησον,
2832 3271 2925 3324 καὶ
2977 3270 3299 3339 ἀπήλλαξαι
3343 3270 3455 3323 τῶν
3488 3264 3837 3337 ἐγκλημάτων·

2269 3357 2435 3429 μηδὲν
2470 3357 2657 3431 εἴπῃς,
2681 3358 2775 3411 καὶ
2802 3357 3043 3428 καθαρὸς
3069 3352 3121 3409 εἷ
3150 3357 3264 3427 τῆς
3294 3356 3560 3426 ἀγωνίας.
3594 3353 3657 3407 Τί
3686 3344 3839 3415 σαυτῷ

2267 3445 2570 3515 πράγματα
2592 3444 2833 3508 πλέκεις,
2859 3445 2953 3497 καὶ
2991 3443 3141 3515 παρὰ
3185 3445 3335 3515 Θεῷ,
3366 3446 3463 3499 καὶ
3493 3442 3641 3513 παρά
3664 3434 3844 3506 ἀνθρὼ-

2265 3549 2414 3598 ποις;
2446 3532 2510 3585 Τί
2536 3535 2708 3596 ποιεῖς
2740 3532 3036 3585 ὑπεύθυνον
3065 3532 3266 3586 ἑαυτὸν
3294 3532 3660 3602 ἐγκλημάτων
3686 3544 3699 3590 ;
3725 3525 3772 3577 τί
3792 3520 3840 3573 τὸ

2267 3620 2483 3692 φορτίον
2517 3620 2811 3692 βαρύτερον
2843 3621 3094 3689 δεσμεῖς;
3132 3621 3259 3673 Οὐκ
3290 3621 3462 3691 ἀρκεῖ
3497 3635 3578 3671 σοι
3610 3615 3728 3685 περὶ
3755 3608 3847 3661 τῶν

2266 3708 2481 3762 οἰκείων
2523 3707 2704 3762 κακῶν
2744 3707 2970 3772 εύθύνας
3024 3709 3321 3779 ὑποσχεῖν,
3364 3707 3505 3762 ἀλλὰ
3552 3706 3642 3758 καὶ
3682 3700 3845 3768 ἐτέρας

2270 3795 2541 3867 ἁμαρτίας
2575 3795 2928 3866 ἐπισωρεύεις
2958 3794 3170 3863 σαυτῷ;
3205 3793 3460 3865 Περιττὴ
3505 3790 3702 3861 αὑτηὴ
3734 3788 3847 3841 ἀπο·

2268 3883 2441 3953 λογία·
2485 3884 2586 3937 οὑκ
2639 3882 2809 3952 ἀκοῆς
2846 3882 3002 3950 λόγον
3037 3882 3306 3951 ὀφείλεις,
3353 3881 3495 3934 ἀλλά
3549 3873 3850 3946 κατηγορίας

2268 3972 2425 4039 λόγον
2458 3973 2768 4041 χρεωστεῖς.
2795 3969 2963 4023 Ὅταν
2993 3968 3100 4040 γάρ
3132 3969 3412 4033 ἀκούσας,
3444 3969 3507 4022 οὑ
3542 3966 3780 4037 σιγήσῃ-ἶ,
3800 3957 3851 4011 οὗ

2262 4052 2370 4127 τῆς
2393 4059 2562 4129 ἀκοῆς
2576 4057 2733 4125 λόγον
2758 4056 2913 4127 μόνον
2937 4055 3195 4125 ὀφείλεις,
3227 4057 3375 4110 ἀλλὰ
3404 4058 3503 4111 καὶ
3530 4042 3853 4122 κατηγορίας·

2283 4148 2376 4199 Ἐκ
2404 4145 2513 4215 γὰρ
2539 4143 2659 4199 τῶν
2678 4145 2873 4213 λόγων
2906 4159 3023 4197 σου
3056 4143 3471 4212 δικαιωθήσῃ,
3510 4142 3662 4212 φησὶ,
3685 4136 3773 4190 καί
3799 4133 3857 4185 ἐκ

2271 4234 2389 4288 τῶν
2419 4236 2614 4305 λόγων
2641 4250 2756 4288 σου
2779 4233 3214 4303 κατακριθήσῃ.
3253 4235 3455 4289 Ταῦτα
3488 4236 3586 4302 οὑχ
3612 4230 3745 4297 ὑπὲρ
3766 4224 3862 4278 τῶν

2273 4321 2457 4385 κακῶς
2504 4321 2827 4384 ἀκουόντων,
2860 4320 2975 4373 ἀλλ’
3022 4320 3164 4391 ὑπὲρ
3211 4321 3333 4375 τῶν
3382 4322 3577 4383 κακῶς
3621 4315 3863 4384 λεγόντων

2271 4407 2523 4471 δεδοικὼς
2567 4408 2709 4475 λέγω
2742 4408 2835 4460 καὶ
2873 4407 3353 4479 διαμαρτύρομαι.
3399 4410 3461 4462 Ὀ
3514 4406 3615 4477 μὲν
3646 4404 3749 4473 γὰρ
3784 4416 3868 4451 κα-

2272 4496 2383 4559 κῶς
2417 4495 2675 4558 ἀκούσας,
2710 4495 2860 4547 οὐδὲν
2892 4494 3266 4565 ἐπηρέασται,
3316 4496 3447 4548 οὑδέ
3497 4492 3722 4559 ἐϐλάϐη·
3766 4483 3865 4539 ἀλλ’

2270 4584 2336 4637 ἂν
2369 4585 2465 4653 μὲν
2501 4583 2667 4653 ψευδῆ
2765 4582 2833 4635 τὰ
2861 4582 2988 4653 περὶ
3019 4582 3188 4635 αὑτοῦ
3222 4583 3541 4654 λεγόμενα,
3572 4581 3667 4635 καὶ
3702 4573 3871 4647 μισθὸν

2271 4671 2403 4741 ἔχει·
2467 4671 2533 4723 ἂν
2581 4670 2637 4723 δὲ
2691 4669 2886 4740 ἀληθῆ,
2937 4669 3090 4722 οὐδὲν
3136 4670 3270 4722 οὐδὲ
3326 4671 3517 4733 οὑτως
3559 4666 3869 4737 ἐπηρέασται

2272 4756 2421 4827 παρὰ
2478 4756 2575 4827 τὴν
2633 4755 2729 4827 σὴν
2773 4754 3122 4827 κατηγορίαν.
3168 4757 3319 4810 Οὑδέ
3364 4758 3482 4828 γὰρ
3523 4755 3632 4811 ἀπὸ
3666 4754 3761 4822 τῆς
3790 4750 3874 4816 σῆς

2270 4843 2535 4914 λοιδορίας
2570 4843 2708 4896 οίσει
2742 4844 2865 4897 τότε
2907 4842 3006 4913 τὴν
3038 4842 3224 4913 ψῆφον
3268 4846 3435 4916 αὑτῷ
3472 4848 3503 4899 6
3536 4843 3788 4906 δικάζων.
3823 4836 3875 4887 Εἰ

2270 4932 2329 4985 δὲ
2380 4932 2486 5001 χρή
2542 4948 2594 4983 τι
2643 4930 2737 4984 καὶ
2775 4930 3090 4999 θαυμαστὸν
3138 4931 3356 4998 είπεῖν,
3420 4934 3523 4985 xal
3566 4931 3637 4985 τὰ
3666 4928 3880 4999 μέγιστα

2271 5020 2517 5091 κερδανεῖ
2535 5018 2795 5087 γενναίως
2816 5019 2997 5088 φέρων
3024 5019 3122 5087 τὴν
3150 5019 3561 5092 βλασφημίαν,
3595 5021 3780 5087 ὥσπερ
3801 5010 3881 5067 οὖν

2271 5109 2364 5161 καὶ
2389 5107 2419 5159 6
2444 5106 2699 5177 τελώνης·
2730 5107 2759 5159 6
2786 5106 2843 5159 δέ
2864 5106 3048 5170 κακῶς
3072 5106 3281 5175 λέγων,
3310 5111 3389 5163 ἄν
3414 5126 3476 5161 τε
3504 5108 3685 5178 ἀληθῆ
3712 5101 3880 5161 κακῶς

2269 5198 2398 5269 εἴπῃ
2425 5195 2515 5249 τὸν
2543 5194 2786 5264 πλησίον,
2823 5195 2889 5247 τὰ
2919 5194 3149 5265 μέγιστα
3186 5195 3502 5266 ἠδίκηται.
3535 5198 3653 5251 Kal
3682 5197 3763 5248 ὅτι
3797 5191 3884 5261 μὲν

2268 5284 2297 5336 6
2330 5282 2678 5352 συκοφαντῶν
2709 5281 3016 5345 ἀπόλωλεν,
3046 5281 3165 5334 οὑδὲ
3206 5283 3570 5348 ἀποδείξεως
3606 5282 3780 5354 χρεία·
3813 5278 3883 5330 ὅτι

2269 5371 2347 5432 δέ,
2384 5371 2487 5424 κάν
2519 5369 2691 5440 ἀληθῆ
2734 5369 2889 5440 λέγῃ,
2932 5368 3357 5441 φορτικώτερον
3404 5371 3600 5442 ἐαυτῷ
3649 5370 3793 5424 ποιεῖ
3837 5363 3890 5417 τὸ

2271 5458 2637 5528 δικαστήριον,
2663 5455 3024 5526 ἐκπομπεύων
3049 5455 3145 5519 τάς
3170 5456 3277 5509 τοῦ
3308 5458 3560 5529 πλησίον
3594 5454 3885 5528 συμφορὰς.

2272 5546 2362 5598 καὶ
2410 5543 2717 5597 σκανδάλων
2774 5542 2945 5605 αἴτιος
2994 5542 3318 5613 γινόμενος,
3352 5545 3394 5600 ἃ.
3446 5545 3727 5619 κρύπτειν
3764 5542 3889 5603 δέον,

2270 5633 2625 5687 ἐκκαλύπτων
2669 5632 2862 5696 ἅπασι,
2913 5633 3008 5686 καὶ
3045 5631 3354 5704 κηρύττων
3404 5638 3481 5691 τὰ
3526 5633 3889 5708 ἁμαρτήματα

2335 5761 2361 5800 ι’
2382 5760 2514 5811 UOIb.
2538 5765 2620 5817 τῆς
2644 5762 2762 5817 ζωῆς
2783 5759 2983 5816 ἀπάσης.

2460 6256 2503 6257 7i
2523 6257 2862 6272 ἡ
2884 6258 3094 6272 ίή
3134 6226 4004 6278 *ἡὴἡήῆ-ᾼ
