4126 6294
285 389 364 446 189
1207 372 1294 427 DE
1338 361 1874 425 PROPIIETIARUM
1911 359 2409 417 OBSCURITATE.
2450 358 2517 417 il.

282 502 442 573 quippe
473 511 595 566 qua:
628 493 788 564 hujus
823 489 1200 547 maledicentia:
1229 489 1296 542 sit
1319 486 1515 541 utilitas
1539 526 1553 549 ,
1582 481 1731 552 quod
1746 482 1832 553 ju-

280 596 445 647 stitiam
472 592 668 660 pariat.
718 587 943 654 Quando
997 584 1153 655 igitur
1205 591 1263 636 ut
1309 582 1542 649 seipsnm
1626 598 1843 642 accuset

278 700 386 753 opus
403 683 577 746 hierit,
600 690 712 734 tum
730 677 943 747 copiose
963 673 1353 729 accusationem
1380 669 1604 725 instituit
1629 686 1642 721 :
1668 682 1837 736 quan-

276 780 331 831 tltt
371 786 542 830 autem
600 772 799 827 viderit
842 769 910 825 de
958 767 1146 823 alienis
1188 765 1341 820 malis
1362 762 1682 831 judicantes,
1715 756 1835 811 vide

277 880 444 936 (nauta
488 881 615 921 cum
651 863 934 920 severitate
983 875 1045 915 os
1092 860 1195 914 illis
1244 856 1487 913 occludat
1533 854 1615 907 his
1658 850 1836 906 verbis

278 974 409 1016 utens
463 978 478 1015 :
528 957 711 1027 Itaque
752 954 910 1010 nolite
957 965 1074 1008 ante
1128 961 1320 1019 tempus
1390 947 1512 1019 quid
1566 945 1833 1018 judicare,

276 1054 577 1123 quoadusque
598 1050 764 1103 veniat
806 1046 1073 1111 Dominus,
1112 1053 1161 1099 et
1196 1041 1499 1096 illuminabit
1545 1035 1837 1092 abscondita

279 1146 587 1210 tenebrarum,
632 1152 680 1196 et
716 1137 1055 1210 manifestabit
1096 1135 1308 1189 consilia
1355 1131 1583 1186 cordium
1622 1127 1834 1197 (LCor.

280 1241 324 1293 l.
347 1238 417 1301 5).
458 1235 536 1289 Illi
560 1233 816 1304 judicium
849 1243 1094 1292 reserva,
1126 1226 1215 1297 qui
1262 1231 1465 1279 secreta
1496 1219 1691 1275 mentis
1742 1234 1838 1272 no-

282 1332 360 1383 vit.
382 1328 626 1396 Quamvis
653 1331 902 1379 accurate
931 1320 1146 1375 novisse
1175 1328 1226 1372 te
1249 1331 1335 1372 res
1362 1313 1588 1385 proximi
1609 1310 1836 1365 arbitre-

285 1423 363 1485 ris,
384 1418 571 1472 fallitur
592 1414 848 1484 judicium
876 1420 1043 1465 tuum.
1078 1408 1202 1475 Quis
1222 1406 1354 1459 enim
1380 1404 1697 1471 scit,inquit,
1724 1414 1838 1469 qua

289 1524 385 1567 sunt
407 1509 643 1569 hominis,
666 1506 765 1560 nisi
806 1503 1015 1574 spiritus
1048 1499 1263 1553 hominis
1287 1537 1303 1563 ,
1325 1496 1410 1566 qui
1434 1496 1488 1548 in
1524 1494 1634 1564 ipso
1661 1501 1733 1546 est
1759 1490 1834 1561 (1.

293 1604 387 1659 Cor.
407 1601 457 1655 2.
479 1596 606 1669 ll)?
633 1597 802 1665 Quam
828 1592 983 1663 multi
1010 1606 1076 1646 ex
1094 1587 1397 1644 hominibus
1415 1584 1635 1653 abjectis
1663 1596 1726 1635 ac
1753 1580 1836 1633 vi-

294 1698 405 1750 libus
432 1694 538 1749 sole
564 1689 760 1745 clarius
794 1685 1043 1742 refulsuri
1078 1680 1240 1739 sunt!
1268 1694 1425 1753 quam
1451 1677 1600 1733 multi
1626 1691 1689 1731 ex
1722 1690 1835 1729 ma-

292 1789 387 1857 gnis
408 1794 457 1840 et
478 1782 766 1838 illustribus
792 1778 926 1834 nihil
952 1776 1095 1831 aliud
1125 1790 1281 1845 quam
1314 1772 1483 1844 pulvis
1508 1785 1627 1826 esse
1652 1783 1714 1822 ac
1753 1782 1838 1821 se-

295 1879 501 1947 pulcrum
526 1872 828 1929 dealbatum
855 1869 1187 1939 reperientur
1214 1862 1227 1913 l
1263 1862 1490 1927 Audisti,
1514 1876 1613 1931 qna
1636 1858 1839 1913 ratione

294 1968 538 2023 maledicta
560 1964 612 2018 in
641 1978 700 2019 se
727 1961 1014 2032 conjiceret
1037 1959 1233 2014 I’aulus
1250 1997 1266 2023 ,
1296 1956 1383 2025 qui
1416 1966 1522 2008 tam
1548 1950 1839 2006 vehemen-

299 2071 365 2116 ter
385 2069 432 2114 et
457 2058 663 2127 copiose
691 2062 1026 2127 peccatorum
1047 2093 1062 2119 ,
1092 2064 1317 2121 quorum
1348 2046 1607 2101 rationem
1639 2042 1838 2098 nullam

297 2153 561 2209 redditurus
591 2158 727 2215 erat,
758 2146 972 2203 assidue
1007 2141 1374 2201 meminisset?
1414 2139 1545 2195 Nam
1572 2147 1698 2192 ante
1746 2137 1839 2191 ba-

298 2247 513 2313 ptismum
539 2240 901 2311 blasphemus,
924 2246 979 2293 et
1001 2232 1418 2291 contumeliosus
1445 2229 1566 2294 fuit,
1598 2229 1685 2283 illa
1712 2241 1840 2281 vero

297 2348 481 2407 peccata
503 2334 701 2391 delevit
725 2331 1023 2402 baptismus
1050 2344 1065 2382 :
1095 2336 1329 2381 attamen
1358 2337 1544 2379 eorum
1576 2319 1837 2385 meminit,

299 2448 385 2485 non
415 2429 546 2500 quod
568 2442 757 2485 eorum
782 2425 1042 2479 rationem
1068 2421 1138 2477 sit
1161 2417 1469 2485 redditurus
1492 2457 1508 2481 ,
1535 2413 1628 2470 sed
1660 2422 1717 2467 ut
1741 2411 1839 2467 Dei

296 2521 636 2591 benignitatem
661 2515 930 2580 ostendat,
951 2522 1006 2569 et
1029 2512 1197 2582 qualis
1222 2518 1401 2572 esset,
1424 2522 1545 2562 cum
1572 2505 1639 2559 ab
1657 2519 1718 2559 ea
1746 2502 1842 2556 fuit

297 2615 340 2668 in
360 2615 502 2669 alium
530 2618 908 2668 transmutatus
931 2616 985 2664 et
1009 2622 1074 2663 ex
1102 2611 1488 2676 persequutore
1513 2600 1681 2654 factus
1707 2612 1839 2666 apo-

295 2706 458 2758 stolus.
488 2704 639 2769 Quod
671 2702 716 2756 si
756 2706 1101 2769 peccatorum
1131 2696 1219 2749 ille
1246 2708 1367 2763 quae
1396 2691 1570 2747 deleta
1598 2688 1840 2754 fuerant,

294 2797 530 2859 meminit,
553 2794 723 2849 multo
753 2791 924 2863 magis
959 2796 1081 2860 post
1107 2786 1435 2856 baptismum
1479 2783 1842 2839 admissorum

293 2904 380 2942 nos
406 2895 604 2959 oportet
631 2885 968 2940 meminisse.
998 2881 1111 2947 Qua
1131 2879 1274 2935 enim
1299 2877 1596 2948 poterimus
1616 2890 1845 2929 excusa—

294 2980 429 3034 tione
446 2978 649 3048 uti,qua
668 2974 817 3046 digni
837 2972 1027 3036 videri,
1046 2986 1169 3024 cum
1188 2969 1276 3022 ille
1297 2965 1515 3021 assidue
1534 2962 1846 3017 meminerit

290 3066 809 3140 eorum,qu:ejudicio
823 3079 933 3120 non
952 3059 1453 3121 suntobnoxia,nos
1463 3069 1591 3109 vero
1608 3068 1842 3123 quorum

288 3162 535 3216 rationem
554 3159 810 3216 reddituri
826 3170 1035 3217 sumus,
1059 3168 1122 3208 ea
1140 3166 1243 3207 nec
1264 3149 1320 3204 in
1348 3145 1664 3203 memoriam
1687 3143 1846 3199 nobis

288 3268 601 3314 revocemus.
624 3250 720 3306 sed
748 3247 985 3319 propriis
1010 3242 1273 3315 neglectis
1299 3241 1356 3295 in
1379 3238 1554 3293 aliena
1582 3235 1720 3291 mala
1745 3250 1845 3290 cu-

285 3346 469 3401 riosius
490 3345 821 3416 inquiramus
848 3339 998 3411 (Luc.
1025 3338 1079 3392 5.
1104 3335 1199 3406 8)?
1224 3333 1382 3406 [Audi
1409 3332 1627 3385 Petrum
1648 3329 1838 3383 dicen-

288 3439 532 3493 temzliai
559 3455 591 3490 a
614 3454 715 3500 me,
745 3435 872 3505 quia
900 3433 976 3486 vir
1001 3440 1245 3501 peccator
1271 3424 1411 3497 sum]
1438 3424 1536 3495 (a).
1568 3420 1710 3476 Audi
1740 3434 1851 3489 quo

284 3540 433 3601 pacto
448 3531 724 3585 Matthaaus
743 3540 966 3597 quoque
989 3523 1225 3594 priorem
1242 3535 1400 3601 suam
1422 3518 1586 3572 vitam
1609 3518 1846 3576 accuset,

286 3635 411 3679 etse
429 3624 765 3694 publicanum
787 3618 1021 3689 appellet
1039 3615 1250 3687 (Matth.
1273 3614 1362 3667 10.
1383 3611 1461 3681 ⁵5),
1480 3623 1657 3679 neque
1677 3604 1853 3661 divul-

286 3732 405 3787 gare
416 3717 639 3787 priorem
660 3729 814 3771 suam
832 3715 999 3767 vitam
1012 3710 1317 3764 erubescat.
1332 3706 1467 3759 Nam
1485 3718 1607 3757 cum
1626 3706 1749 3770 post
1759 3698 1850 3752 ba-

287 3809 748 3878 ptismuunnullius
764 3822 822 3861 se
842 3803 1085 3860 criminis
1115 3813 1369 3857 accusare
1396 3802 1634 3868 possent,
1656 3807 1846 3847 eorum

284 3907 391 3960 qua:
415 3900 528 3946 ante
551 3897 825 3961 patrarant
846 3887 1225 3951 meminerunt,
1249 3894 1305 3938 ut
1321 3899 1420 3938 nos
1446 3882 1699 3937 docerent
1720 3879 1850 3933 alie-

285 3998 459 4036 norum
487 3982 747 4036 malorum
768 3980 966 4034 nullam
994 3978 1189 4033 habere
1213 3973 1605 4041 rationem,sed
1636 3973 1847 4043 propria

281 4088 476 4137 curare,
504 4088 567 4127 ac
597 4087 815 4141 semper
839 4072 894 4125 in
922 4070 1099 4123 animo
1126 4069 1384 4123 volutare.

343 4163 669 4218 Peccatorum
707 4162 990 4216 recordatio
1028 4160 1317 4215 remedium.
1354 4188 1424 4198 --
1451 4156 1662 4211 Nullum
1705 4156 1845 4210 enim

279 4268 376 4321 est,
403 4258 597 4313 nullum
627 4255 776 4311 aliud
804 4255 907 4309 tale
926 4254 990 4309 ad
1012 4260 1227 4323 peccata
1258 4249 1486 4306 tollenda
1516 4248 1810 4304 remedium
1829 4289 1843 4312 ,

276 4359 431 4418 atque
454 4350 662 4404 illorum
695 4346 905 4402 assidua
929 4344 1245 4407 recordatio,
1276 4357 1339 4397 ac
1364 4350 1613 4411 perpetua
1634 4354 1848 4395 eorum-

275 4442 397 4495 dem
421 4444 704 4497 accusatio.
731 4438 806 4493 ita
835 4438 1143 4509 publicanus
1169 4438 1445 4491 innumera
1472 4433 1849 4505 potuitabjice-

278 4548 332 4587 re
358 4534 512 4599 mala,
542 4542 598 4586 ut
618 4532 842 4594 dit'el'L‘l,
872 4529 1033 4594 Deus,
1067 4528 1311 4599 propitius
1342 4535 1446 4581 esto
1473 4526 1598 4579 mihi
1620 4534 1849 4593 peccato-

279 4626 318 4674 ri
348 4623 492 4686 (Luc.
524 4624 611 4679 18.
644 4622 734 4693 13)
767 4638 780 4673 :
806 4622 875 4675 ita
906 4619 1204 4674 Pbarisaeus
1230 4617 1375 4671 omni
1398 4616 1600 4686 justitia
1629 4614 1846 4680 excidit,

281 4714 413 4781 quud
436 4717 686 4770 omittens
705 4728 884 4767 secum
910 4711 1087 4764 animo
1113 4719 1361 4779 reputare
1383 4723 1501 4778 qum
1532 4712 1807 4776 peccasset
1832 4746 1846 4769 ,

288 4816 441 4861 totum
488 4808 674 4862 orbem
717 4815 978 4861 ternum
1016 4802 1429 4861 condemnaret,
1467 4799 1693 4853 dicens:
1728 4796 1850 4850 Non

288 4912 391 4948 sitm
415 4899 533 4951 sicut
556 4897 726 4950 caeteri
752 4896 1042 4959 hominum,
1066 4903 1296 4963 raptores
1318 4934 1331 4955 ,
1365 4891 1542 4959 injusti
1558 4931 1572 4954 ,
1607 4888 1846 4954 adulteri,

292 5003 436 5057 neque
456 5000 510 5043 ut
530 4991 620 5043 hic
656 4989 958 5058 publicanus
985 4987 1145 5061 (Ibid.
1185 5003 1235 5040 υ.
1271 4984 1383 5053 11).
1414 4983 1616 5039 Idcirco
1657 4983 1853 5038 Paulus

293 5078 589 5135 admonebat
603 5080 791 5135 dicens
810 5099 823 5134 :
857 5079 996 5149 Opus
1010 5088 1176 5133 autem
1190 5093 1336 5133 suum
1357 5075 1698 5144 unusquisque
1729 5090 1852 5143 pro-

297 5172 385 5237 bet,
411 5183 451 5226 et
475 5174 619 5228 sicin
645 5175 911 5243 semetipso
935 5180 1127 5225 tantum
1171 5170 1385 5241 gloriam
1422 5166 1652 5233 habebit,
1683 5175 1730 5219 et
1752 5182 1853 5218 non

298 5261 343 5311 iu
367 5265 508 5317 altero
532 5263 670 5333 (Gal.
702 5265 758 5319 6.
781 5264 861 5333 4).
900 5263 987 5317 Vis
1012 5262 1236 5325 discere,
1259 5275 1368 5329 quo
1405 5266 1561 5327 pacto
1586 5257 1639 5311 in
1675 5256 1853 5312 Veteri

297 5366 486 5420 quoque
525 5355 871 5410 Tesmmento
898 5351 1034 5421 justi
1086 5353 1290 5420 seipsos
1333 5348 1635 5405 accusariut
1665 5388 1680 5411 ,
1730 5346 1852 5400 audi

298 5442 437 5496 etiam
480 5444 602 5500 istos
644 5446 751 5500 illis
803 5453 1166 5498 consentanea
1209 5442 1507 5511 loquentes.
1534 5438 1666 5492 Nam
1694 5436 1855 5490 David

299 5534 488 5599 quidem
522 5539 733 5595 dicebat
766 5538 1114 5606 :lniquitates
1133 5549 1255 5588 mete
1277 5547 1612 5603 supergressa
1630 5540 1747 5585 sunt
1771 5545 1857 5583 ca-

297 5638 371 5697 put
412 5648 608 5700 meum;
645 5632 799 5702 quasi
827 5644 958 5682 onus
992 5641 1142 5697 grave
1171 5635 1391 5697 gravata
1430 5634 1547 5679 sunt
1590 5638 1742 5692 super
1780 5638 1858 5675 me

285 5849 315 5899 α
339 5787 401 5900 (3)
431 5797 539 5847 mur
564 5787 760 5840 uncinis
783 5783 1080 5837 clauduntur
1100 5783 1147 5833 in
1168 5779 1300 5833 Colb.
1326 5779 1579 5843 leguntur,
1590 5774 1678 5826 sed
1695 5774 1742 5824 in
1762 5773 1855 5824 edi-

316 5868 335 5900 ")
380 5862 561 5900 curaui.

316 5868 335 5900 ἱ
351 5862 561 5903 deerant.

3422 360 3524 419 f9.

1945 476 2113 550 (Psat.
2138 479 2227 533 37.
2250 478 2327 547 5).
2358 477 2522 531 lsaias
2553 491 2677 531 vero
2704 476 2899 531 clamat
2930 493 2944 531 :
2968 476 3069 532 Hei
3095 476 3219 532 mihi
3237 520 3252 546 ,
3283 480 3403 547 quia
3429 482 3525 534 ho-

1942 587 2023 624 mo
2053 588 2166 624 cum
2192 571 2319 636 sim,
2353 578 2398 623 et
2430 568 2692 622 immunda
2729 569 2863 622 labia
2878 569 3065 625 habens
3093 569 3244 642 (lsai.
3268 569 3323 625 6.
3358 571 3436 631 5).
3460 572 3527 628 Et

1945 672 2054 718 tres
2106 663 2280 733 pueri,
2316 677 2436 716 cum
2478 662 2531 715 in
2570 660 2788 716 fornace
2817 672 3181 728 versarentur,
3210 672 3264 716 et
3308 641 3525 734 promer

1944 753 2109 808 Deum
2135 752 2294 807 morti
2332 766 2555 822 corpora
2585 750 2960 817 tradidissent,
2993 753 3133 807 inter
3157 753 3374 808 ultimos
3400 770 3527 825 pec.

1942 857 2152 901 catores
2171 846 2377 913 seipsos
2404 844 2754 899 numerabant
2779 844 3038 911 dicentes,
3072 845 3527 915 Peccauimus,ini-

1944 953 2041 1007 que
2063 938 2253 1009 egimus
2281 936 2440 1009 (Dan.
2473 939 2527 993 '5.
2553 935 2645 1008 29)
2682 954 2697 990 :
2725 938 2933 992 tametsi
2960 939 3087 1008 quid
3116 939 3374 996 illustrius
3395 942 3521 1009 illis,

1942 1030 2067 1100 quid
2094 1029 2345 1085 mundius
2375 1028 2506 1083 fuit?
2535 1029 2789 1097 Quamvis
2822 1030 2963 1085 enim
3010 1042 3226 1099 peccata
3264 1034 3523 1089 nonnulla

1942 1124 2365 1187 commisissent,
2399 1122 2578 1177 omnia
2610 1130 2785 1177 tamen
2814 1122 3139 1178 absterserat
3159 1124 3389 1181 flamma:
3422 1142 3523 1181 na-

1944 1222 2081 1269 tura.
2108 1213 2307 1269 Verum
2334 1214 2399 1268 ad
2422 1214 2598 1282 priora
2639 1222 2785 1269 recte
2808 1212 2945 1268 facta
2982 1229 3089 1269 non
3133 1217 3524 1285 respiciebant,

1942 1305 2035 1360 sed
2062 1314 2275 1375 peccata
2298 1320 2477 1360 secum
2500 1305 2833 1376 reputabant.
2880 1305 2971 1361 Sic
3008 1315 3063 1361 et
3100 1307 3285 1363 Daniel
3314 1319 3431 1378 post
3461 1313 3527 1364 la-

1942 1413 2061 1454 cum
2089 1399 2324 1464 leonum,
2353 1406 2475 1467 post
2512 1398 2793 1453 innumera
2817 1397 3073 1469 supplicia
3104 1414 3225 1469 qua:
3250 1402 3519 1455 sustinue-

1944 1500 2045 1557 rat,
2074 1493 2189 1562 ipse
2222 1507 2434 1562 quoque
2455 1491 2687 1561 seipsum
2715 1492 3030 1558 accusabat,
3059 1494 3359 1563 proximum
3399 1510 3527 1547 vero

1943 1597 2121 1638 nemo.
2150 1582 2285 1650 Quid
2315 1582 2423 1636 ita?
2448 1581 2580 1650 Quia
2602 1582 2851 1636 nimirum
2875 1582 3043 1652 is,qui
3062 1592 3286 1638 cazteros
3304 1584 3527 1638 maledi-

1942 1675 2042 1728 ctis
2068 1674 2316 1739 incessit,
2349 1673 2630 1728 Dominum
2655 1671 2877 1729 oﬂ'endit
2907 1674 3033 1743 :qui
3073 1688 3201 1728 vero
3245 1674 3524 1729 maledicta

1943 1766 2161 1837 conjicit
2188 1767 2241 1820 in
2271 1765 2504 1836 seipsum
2530 1806 2545 1830 ,
2572 1764 2746 1835 placat
2776 1764 2923 1819 illum
2952 1779 3016 1819 ac
3042 1764 3354 1819 reconciliet
3382 1765 3481 1819 sibi
3505 1782 3520 1829 ;

1944 1868 1999 1914 et
2042 1858 2319 1929 iustiorem
2370 1857 2548 1912 reddit
2597 1857 2828 1926 iustum,
2859 1865 2915 1913 et
2947 1866 3277 1927 peccatorem
3305 1859 3527 1914 crimine

1944 1953 2155 2017 liberat,
2192 1966 2255 2006 ac
2294 1952 2449 2006 venia
2480 1950 2696 2021 dignum
2720 1950 2912 2005 reddit.
2944 1950 3075 2019 Quae
3126 1967 3246 2005 cum
3292 1950 3363 2005 ita
3402 1961 3524 2005 nota

1944 2046 2053 2100 sint
2078 2044 2253 2108 nobis,
2279 2058 2347 2099 ne
2372 2042 2423 2097 in
2452 2043 2645 2107 aliena,
2674 2042 2767 2098 sed
2799 2043 2851 2096 in
2887 2052 3067 2097 nostra
3097 2044 3235 2097 mala
3265 2044 3527 2097 curiosius

1946 2139 2295 2209 inquiramus,
2318 2136 2646 2191 excutiamus
2667 2134 3044 2190 conscientiam
3062 2143 3297 2189 nostram
3328 2153 3339 2188 :
3365 2134 3523 2189 vitam

1944 2245 2157 2285 omnem
2188 2238 2423 2283 nostram
2446 2226 2839 2282 reminiscendo
2862 2240 3328 2297 recognoscamus,
3352 2242 3468 2299 qua:
3496 2230 3525 2281 a

1945 2322 2099 2377 nobis
2128 2330 2342 2392 peccata
2372 2328 2496 2375 sunt
2518 2328 2766 2375 accurate
2791 2326 3121 2385 scrutemur,
3150 2329 3203 2375 et
3234 2335 3338 2374 non
3368 2319 3526 2375 modo

1945 2425 2167 2470 caeteros
2186 2412 2480 2469 maledictis
2495 2428 2601 2467 non
2628 2411 2975 2475 incessamus,
2993 2408 3089 2466 sed
3110 2425 3283 2481 neque
3302 2419 3526 2466 caeteros

1946 2508 2240 2564 maledictis
2266 2508 2593 2563 incessentes
2618 2504 2918 2560 audiamus.
2948 2502 3079 2558 Nam
3103 2512 3157 2558 et
3183 2503 3305 2558 huic
3330 2503 3403 2559 rei
3427 2504 3529 2557 cri-

1946 2616 2066 2655 tnen
2088 2615 2150 2655 ac
2170 2600 2488 2669 supplicium
2530 2598 2820 2652 maximum
2867 2605 2948 2651 est
2983 2605 3223 2667 paratum
3254 2612 3268 2650 :
3296 2596 3529 2649 Auditio-

1946 2711 2058 2748 nem
2077 2692 2241 2759 enim,
2266 2691 2453 2761 inquit,
2488 2706 2670 2744 uanam
2694 2705 2794 2743 non
2822 2688 3061 2757 suscipias
3089 2686 3281 2756 (Exod.
3320 2686 3408 2743 9.5.
3450 2686 3525 2757 1).

1945 2786 2059 2842 Non
2106 2784 2261 2850 dixit,
2286 2782 2558 2839 Auditioni
2602 2796 2751 2836 vanm
2802 2781 3022 2835 minime
3064 2780 3271 2846 credes,
3313 2780 3529 2845 sed,l\'c

1946 2876 2205 2948 suscipies
2250 2875 2463 2946 quidem
2496 2874 2640 2929 illam
2680 2890 2692 2927 :
2722 2887 2879 2928 aures
2928 2873 3141 2939 obtura,
3165 2871 3526 2927 criminationi

1946 2970 2146 3023 aditum
2165 2983 2376 3022 omnem
2406 2964 2702 3022 interclude
2725 3006 2741 3031 ,
2780 2979 2951 3033 neque
2979 2964 3154 3018 minus
3178 2964 3448 3019 inimicum
3477 2975 3531 3019 ct

1948 3061 2158 3115 hostem
2178 3073 2298 3114 esse
2320 3067 2371 3113 te
2401 3057 2539 3111 illius
2565 3057 2652 3127 qui
2682 3054 2968 3119 maledicit,
2996 3069 3153 3123 quam
3177 3053 3244 3108 sit
3274 3053 3408 3124 ipse,
3440 3055 3532 3125 qui

1948 3160 2246 3215 accusatur,
2266 3148 2507 3204 ostende.
2543 3146 2756 3202 Imitare
2788 3144 3121 3217 prophetam,
3153 3145 3240 3215 qui
3267 3144 3344 3200 sic
3364 3144 3479 3199 infit
3513 3160 3527 3198 :

1950 3243 2306 3299 Detrahentem
2352 3249 2542 3295 secreto
2591 3239 2821 3309 proximo
2862 3254 2975 3301 suo,
3027 3237 3160 3290 hunc
3207 3235 3533 3306 persequebar

1951 3335 2119 3408 (Psal.
2154 3332 2278 3388 100.
2301 3331 2381 3402 5).
2414 3330 2529 3385 Non
2556 3329 2708 3395 dixit,
2737 3329 2849 3383 Non
2878 3328 3181 3393 credebam,
3202 3343 3391 3397 neque,
3415 3326 3529 3381 Non

1948 3426 2309 3499 approbabam
2360 3439 2479 3495 quae
2529 3422 2860 3486 dicebantur,
2894 3422 2986 3476 sed
3008 3462 3024 3489 ,
3055 3420 3230 3476 Etiam
3261 3428 3529 3484 tamquam

1951 3522 2222 3579 inimicum
2251 3528 2307 3575 et
2332 3520 2539 3573 hostem
2566 3516 2915 3585 repellebant.

2022 3614 2110 3671 10.
2150 3612 2255 3670 Sed
2283 3622 2406 3667 sunt
2435 3609 2673 3665 nonnulli
2694 3608 2783 3678 qui
2807 3607 2993 3661 frivola
3015 3606 3242 3676 quadam
3271 3610 3515 3664 consola-

1953 3707 2094 3762 tione
2120 3720 2179 3760 se
2215 3703 2559 3759 consolantur
2604 3700 2843 3755 dicentes
2871 3717 2884 3752 :
2912 3699 3152 3764 Domine,
3218 3716 3284 3756 ne
3330 3710 3531 3757 statuas

1951 3798 2080 3853 mihi
2109 3798 2209 3851 hoc
2239 3803 2537 3866 peccatum,
2567 3792 2687 3864 quia
2716 3792 2973 3847 rationem
2997 3791 3223 3848 reddere
3248 3794 3535 3849 auditionis

1951 3890 2141 3945 debeo.
2165 3888 2299 3954 Quid
2330 3886 2428 3941 hac
2442 3886 2803 3947 excusatione,
2822 3883 2945 3953 quid
2970 3883 3069 3939 hac
3089 3884 3238 3938 venia
3261 3896 3345 3940 est
3362 3901 3494 3954 opus
3512 3888 3534 3937 ’ἰ

1953 3982 2093 4036 Tace
2109 3980 2289 4045 modo,
2316 3987 2371 4034 ct
2396 3979 2541 4033 omni
2562 3977 2787 4033 crimine
2814 3977 3054 4031 liberaris
3085 3995 3098 4031 :
3124 3978 3255 4031 nihil
3277 3977 3451 4042 dicas,
3482 3988 3536 4033 et

1951 4074 2019 4127 ab
2048 4072 2192 4127 omni
2219 4070 2570 4140 trepidatione
2592 4070 2839 4123 immunis
2866 4069 2992 4123 eris.
3024 4069 3129 4123 Cur
3159 4070 3251 4122 tibi
3304 4079 3359 4124 et
3392 4071 3530 4139 apud

1954 4166 2119 4220 Deum
2159 4163 2373 4233 etapud
2400 4164 2642 4218 homines
2686 4165 2957 4231 negotium
3004 4160 3262 4215 incessis?
3289 4176 3383 4215 cur
3437 4162 3533 4215 tei-

1952 4273 2107 4328 psum
2159 4255 2469 4311 criminibus
2517 4255 2808 4310 obnoxium
2860 4253 3091 4307 reddis?
3134 4270 3229 4307 cur
3264 4254 3528 4309 sarcinam

1952 4349 2250 4420 graviorem
2288 4346 2557 4415 imponis?
2586 4346 2698 4400 Non
2722 4344 2918 4399 sufficit
2949 4344 3062 4409 tibi,
3090 4345 3133 4398 si
3179 4344 3247 4399 de
3303 4346 3535 4415 proiiriis

1952 4441 2161 4497 delictis
2213 4439 2476 4495 rationem
2533 4438 2746 4503 reddas,
2795 4437 2887 4491 sed
2938 4446 2993 4491 et
3032 4437 3133 4491 alia
3181 4450 3394 4506 peccata
3445 4438 3536 4491 tibi

1953 4532 2288 4589 accumulas?
2337 4531 2740 4600 Supervacanea
2792 4539 2873 4584 est
2917 4529 3030 4584 haec
3084 4530 3395 4584 excusatio:
3431 4546 3535 4583 nun

1953 4624 2238 4679 auditionis
2266 4622 2493 4679 reddere
2518 4622 2776 4677 rationem
2821 4620 3003 4687 debes,
3037 4620 3131 4675 sed
3178 4624 3533 4677 accusationis

1955 4715 2238 4773 reddenda:
2263 4716 2457 4770 rationi
2485 4728 2544 4769 es
2573 4712 2853 4769 obnoxius.
2879 4711 3023 4770 Cum.
3063 4714 3205 4768 enim
3250 4724 3533 4784 postquam

1955 4808 2227 4874 audieras,
2270 4821 2375 4860 non
2421 4804 2655 4870 silueris,
2708 4818 2814 4858 non
2856 4802 3141 4858 auditionis
3194 4804 3387 4867 solum,
3446 4806 3537 4857 scil

1956 4902 2115 4955 etiam
2143 4897 2501 4955 accusationis
2528 4895 2753 4950 reddere
2798 4895 3059 4950 rationem
3086 4894 3274 4951 debes.
3306 4896 3385 4948 Ea:
3435 4912 3541 4947 ver-

1956 4992 2031 5047 bis
2055 4994 2187 5047 em'm
2227 4992 2326 5044 tuis
2360 4986 2743 5059 justiﬁcaberis,
2797 4987 2987 5056 inquit,
3037 4996 3086 5041 et
3129 5002 3193 5040 ea:
3237 4986 3395 5039 verbis
3433 4988 3542 5038 .tuis

1957 5076 2378 5135 condemnaberis
2404 5079 2616 5150 (Matth.
2642 5078 2729 5134 12.
2748 5076 2865 5149 57).
2892 5077 3017 5133 Ηειό
3034 5092 3141 5147 ego
3169 5091 3274 5130 non
3298 5084 3543 5145 propter-

1959 5188 2021 5229 ea
2062 5173 2182 5229 dico
2226 5187 2287 5226 ac
2310 5172 2585 5236 denuntio,
2612 5170 2751 5240 quod
2782 5171 2845 5225 iis
2876 5170 3110 5233 timeam,
3141 5168 3230 5238 qui
3261 5167 3403 5221 male
3451 5182 3543 5219 an-

1959 5267 2130 5331 diunt,
2148 5266 2239 5321 sed
2269 5266 2332 5320 iis
2358 5266 2446 5335 qui
2475 5266 2817 5320 maledicunt.
2842 5263 2973 5318 Nam
3018 5262 3109 5332 qui
3164 5265 3303 5315 male
3343 5258 3541 5315 audivit

1962 5359 2105 5412 nulla
2131 5358 2471 5423 contumelia,
2505 5372 2677 5427 neque
2700 5356 2895 5411 damno
2916 5364 2998 5410 est
3034 5352 3295 5418 affectus;
3348 5352 3538 5407 sed-si

1963 5441 2095 5497 falsa
2132 5442 2257 5509 sint,
2290 5458 2409 5513 qua:
2451 5444 2518 5498 de
2547 5444 2637 5497 illo
2680 5444 2955 5506 dicuntur,
3015 5442 3177 5496 etiam
3229 5444 3535 5502 mercedem

1962 5535 2162 5594 referet
2204 5554 2216 5589 :
2266 5536 2349 5590 sin
2392 5551 2540 5599 vera,
2591 5550 2661 5589 ne
2716 5534 2795 5589 sic
2853 5533 3072 5603 quidem
3123 5532 3396 5591 accusatio
3443 5543 3535 5592 tua

1959 5638 2141 5683 notam
2175 5628 2483 5700 ignominia:
2512 5629 2672 5683 ullam
2693 5628 2906 5681 inussit.
2934 5627 3119 5695 Neque
3144 5627 3288 5681 enim
3310 5629 3537 5688 cxvitu-

1958 5720 2109 5791 perio
2134 5729 2225 5775 tuo
2254 5729 2368 5774 tum
2388 5722 2550 5790 judex
2586 5722 2638 5774 in
2667 5720 2814 5773 illum
2844 5720 3170 5775 sententiam
3193 5721 3347 5776 feret.
3379 5722 3531 5789 Quod

1958 5814 2001 5869 si
2033 5814 2224 5868 mirum
2252 5814 2380 5883 quid
2406 5824 2459 5868 et
2493 5813 2770 5868 insolitum
2795 5813 3082 5869 dicendum
3110 5823 3209 5879 est,
3240 5816 3532 5870 maximum
