4126 6294
3878 227 3911 256 ,1

683 283 778 338 191
1397 281 1450 336 S.
1490 280 1768 336 JOANNIS
1814 279 2290 339 CIIRYSOSTOMI
2341 279 2656 336 ARClllEP.
2697 279 3223 336 CONSTANTINOP.
3759 299 3843 353 ηεξ

2367 397 2705 466 propalemus
2752 412 2766 448 :
2811 396 3186 449 admoneamus
3207 411 3480 464 peccantes.
3526 414 3574 456 ut
3621 405 3730 461 dicit
3765 412 3847 463 llu-

2360 490 2536 543 minus
2593 506 2607 543 :
2657 489 2719 543 Si
2761 489 3034 557 peccaverit
3090 489 3138 540 in
3199 499 3242 542 te
3292 493 3432 559 frater
3471 505 3612 558 tuus,
3652 503 3773 564 vade,
3813 519 3849 554 με

2358 579 2556 650 corripe
2597 596 2707 633 eum
2765 580 2895 631 inter
2939 589 2986 631 te
3041 588 3088 630 et
3144 580 3300 648 ipsum
3349 583 3536 653 solum(
3566 585 3725 640 Matth.
3782 596 3849 646 l8.

2360 668 2490 741 15).
2539 669 2717 739 Itaque
2789 679 2987 739 quanto
3036 669 3207 722 minus
3271 670 3419 725 fuerit
3479 674 3662 741 publica
3709 695 3851 749 repre-

2359 757 2564 825 hensio,
2641 767 2787 814 tanto
2865 758 3073 814 facilius
3136 759 3436 816 medicinam
3471 763 3732 820 adhibebis.
3796 771 3856 826 h'e

2357 849 2694 904 mordeamus
2726 890 2742 914 ,
2801 864 2972 918 neque
3049 849 3349 904 arrodamus
3428 852 3582 906 aliena
3643 857 3853 917 vulnera;

2358 953 2426 994 ne
2468 953 2678 994 muscas
2723 939 3010 1005 imitemur,
3056 939 3150 994 sed
3195 954 3317 1007 apes
3350 943 3654 998 aemulemur.
3702 946 3856 999 Musca:

2356 1030 2663 1085 vulneribus
2681 1031 2930 1096 insident,
2950 1046 3117 1099 eaque
3136 1032 3371 1085 mordent
3390 1049 3401 1084 :
3419 1049 3536 1101 apes
3578 1036 3623 1088 iu
3650 1036 3782 1091 flores
3797 1041 3859 1092 iu-

2356 1122 2554 1176 volant.
2575 1121 2776 1176 Idcirco
2811 1122 2925 1177 ista:
2953 1121 3099 1176 favos
3113 1123 3439 1184 concinnant.
3459 1126 3552 1178 illm
3569 1128 3754 1182 morbos
3766 1145 3860 1181 cor-

2354 1215 2569 1283 poribus
2597 1213 2870 1280 invehunt,
2889 1214 3080 1282 quibus
3094 1215 3373 1270 insederint
3392 1231 3405 1279 ;
3424 1229 3572 1288 atque
3592 1218 3666 1271 ha:
3687 1219 3859 1286 quidem

2353 1304 2676 1360 detestanda:
2699 1314 2840 1369 sunt,
2865 1305 2971 1360 illae
2990 1320 3116 1360 vero
3132 1306 3378 1361 amabiles
3399 1317 3514 1359 sunt
3527 1318 3577 1362 et
3593 1307 3784 1362 nobiles.
3810 1311 3862 1362 Et

2355 1410 2453 1450 nos
2480 1394 2640 1465 igitur
2674 1395 2926 1450 faciamus
2966 1405 3022 1449 ut
3051 1395 3104 1449 in
3134 1407 3334 1464 pratum
3377 1396 3573 1451 virtutis
3607 1407 3862 1451 sanctorum

2352 1486 2530 1540 anima
2558 1494 2738 1539 nostra
2770 1486 2990 1552 involet,
3012 1496 3067 1541 et
3093 1500 3309 1540 suavem
3344 1495 3481 1541 recte
3508 1485 3738 1541 factorum
3758 1489 3864 1541 odu-

2353 1591 2466 1631 rem
2513 1575 2583 1631 ab
2621 1576 2722 1631 illis
2769 1575 2994 1632 effusum
3033 1577 3363 1644 excitemus,
3394 1578 3723 1647 proximorum
3762 1595 3865 1633 vero

2351 1668 2569 1721 vulnera
2611 1680 2680 1722 ne
2706 1666 3021 1722 vellicemus
3055 1685 3067 1720 :
3097 1667 3335 1737 quinimo
3371 1667 3415 1722 si
3443 1682 3568 1736 quos
3605 1668 3652 1721 id
3686 1680 3866 1737 agentes

2349 1757 2642 1813 viderimus
2662 1798 2676 1822 ,
2699 1772 2760 1812 os
2791 1757 2895 1811 illis
2920 1757 3259 1812 occludamus
3284 1798 3300 1822 ,
3327 1758 3555 1828 supplicii
3581 1769 3756 1812 metum
3783 1759 3868 1812 illis

2349 1850 2680 1920 objieiamus,
2708 1858 2763 1906 et
2787 1851 3115 1919 cognationis
3140 1851 3244 1905 illis
3259 1854 3554 1905 memoriam
3579 1848 3865 1913 refrieernus,

2350 1958 2470 2013 qua:
2496 1943 2597 1997 illis
2638 1957 2759 1998 cum
2788 1941 3036 1999 fratribus
3066 1943 3362 1998 intercedit.
3389 1942 3534 2010 Quod
3561 1942 3602 1997 si
3641 1941 3755 1996 nihil
3785 1941 3868 1994 ho-

2347 2050 2465 2089 rum
2493 2035 2612 2089 illos
2639 2042 2885 2101 moveat,
2916 2049 3127 2090 muscas
3168 2036 3286 2089 illus
3315 2034 3647 2106 appellemus,
3671 2043 3717 2086 ut
3744 2032 3871 2101 hujus

2349 2126 2540 2180 saltem
2567 2122 2936 2195 appellationis
2964 2125 3160 2195 probro
3189 2140 3220 2179 a
3251 2139 3408 2194 pravo
3438 2127 3536 2178 hoc
3573 2123 3782 2176 instituto
3804 2138 3873 2176 re-

2346 2230 2638 2284 vocentur;
2661 2227 2719 2272 ut
2745 2219 2811 2273 ab
2833 2217 2932 2273 hoc
2957 2217 3128 2272 inutili
3151 2217 3262 2271 otio
3286 2215 3488 2270 abducti
3517 2215 3750 2269 malorum
3771 2230 3872 2266 suo-

2345 2326 2462 2364 rum
2511 2309 2835 2380 inquisitioni
2883 2310 3051 2363 otium
3094 2324 3256 2363 omne
3291 2306 3606 2377 impendant.
3630 2305 3711 2359 Sic
3755 2303 3873 2358 enim

2346 2399 2474 2464 fiet,
2506 2408 2562 2454 ut
2590 2408 2643 2454 et
2687 2400 2772 2469 qui
2812 2399 2943 2468 lapsi
2975 2406 3099 2452 sunt
3127 2407 3406 2468 resurgant
3431 2397 3632 2450 excitati
3659 2399 3873 2448 memoria

2343 2504 2561 2545 suorum
2587 2490 2891 2554 criminum,
2918 2505 3036 2559 qua:
3065 2503 3399 2560 nequaquam
3422 2486 3607 2543 fuerint
3630 2486 3875 2554 divulgata,

2342 2590 2397 2636 et
2422 2581 2513 2651 qui
2549 2581 2762 2651 prOpria
2801 2581 2938 2634 mala
2966 2594 3180 2650 semper
3203 2580 3382 2634 animo
3425 2593 3599 2633 secum
3639 2587 3875 2644 reputave-

672 395 832 450 etiam
851 402 1110 464 qumstum
1129 393 1285 448 faciet
1310 395 1353 447 si
1383 395 1620 450 convicia
1639 396 1901 465 patienter
1922 395 2077 463 ferat,
2099 405 2158 451 ut
2185 397 2253 453 fe-

674 486 745 542 cit
778 486 1083 555 publicanus
1109 504 1121 538 :
1145 494 1199 539 at
1219 486 1262 540 is
1282 486 1369 554 qui
1402 487 1690 553 maledicit,
1719 502 1811 542 seu
1840 503 1963 542 vera
1985 489 2110 551 sint,
2158 503 2252 543 seu

679 578 832 643 falsa,
864 594 982 648 qua:
1007 579 1060 631 in
1083 578 1385 647 proximum
1411 578 1626 647 cunjicit
1673 579 1971 642 maledicta,
2023 580 2254 633 maximo

674 668 874 724 damno
935 668 1183 722 afficitur.
1238 667 1306 722 Et
1356 668 1792 723 ealuinniatorem
1861 669 2071 739 quidem
2128 685 2252 740 per-

670 760 841 826 lisse,
909 758 1049 814 nulla
1121 768 1205 814 est
1261 774 1394 829 opus
1443 759 1938 814 demonstratione:
1988 759 2088 814 sibi
2129 775 2254 815 vero

675 851 822 906 illum
862 851 1075 922 gravius
1120 850 1377 920 judicium
1420 865 1713 914 accersere,
1762 851 1884 905 licet
1921 866 2046 906 vera
2076 851 2249 916 dicat,

671 942 797 998 dum
824 943 1065 998 miserias
1092 941 1317 1011 proximi
1339 941 1596 1011 divulgat,
1620 949 1675 996 ct
1699 941 2065 996 seandalorum
2118 956 2248 995 cau-

671 1049 783 1091 sam
831 1035 1049 1105 praebet,
1080 1033 1411 1088 omnibusea
1453 1031 1727 1103 detegens,
1772 1047 1890 1103 qua:
1936 1031 2249 1086 occultanda

668 1127 898 1190 fuerant,
940 1134 995 1181 et
1015 1124 1240 1195 proximi
1269 1132 1481 1193 peccata
1521 1123 1792 1192 prmdieat,
1842 1123 2088 1176 omnibus
2139 1122 2243 1176 uti-

667 1229 771 1284 que
821 1214 1157 1272 manifestum
1222 1215 1324 1270 est.
1378 1213 1507 1268 Nam
1544 1214 1588 1268 si
1642 1215 1730 1284 qui
1775 1229 1935 1267 unum
1983 1212 2246 1268 scandali-

668 1307 889 1374 zaverit,
916 1306 1243 1362 inevitabiles
1291 1320 1476 1376 poenas
1522 1305 1685 1368 dabit,
1739 1305 1784 1360 is
1806 1303 1894 1375 qui
1944 1305 2250 1360 innumeros

667 1412 885 1454 rumore
950 1397 1091 1452 malo
1157 1412 1343 1466 sparso
1385 1396 1744 1462 scandalizat,
1796 1412 1901 1466 quo
1953 1413 2057 1451 non
2118 1411 2247 1465 sup-

666 1490 826 1561 plicio
845 1490 1138 1560 plectetur?
1163 1490 1456 1546 Pharisaeus
1476 1490 1619 1545 enim
1636 1504 1740 1545 non
1758 1489 2126 1553 mentiebatur,
2154 1490 2248 1545 sed

667 1596 794 1636 vera
843 1581 1073 1645 dicebat,
1122 1580 1250 1635 dum
1322 1581 1659 1650 publicanum
1708 1581 1932 1635 vocabat
2005 1581 2242 1650 publica-

669 1685 817 1734 num,
847 1681 1081 1725 attamcn
1109 1685 1294 1740 poenas
1314 1671 1481 1728 dedit.
1510 1671 1636 1726 llzee
1666 1671 1824 1742 igitur
1866 1673 2118 1736 scientes,
2168 1672 2248 1727 di-

665 1761 958 1825 lectissimi,
991 1763 1412 1818 maledicentiam
1441 1763 1700 1834 fugiamus
1729 1781 1742 1817 :
1774 1777 1944 1833 neque
1966 1764 2106 1818 enim
2125 1778 2247 1832 gra-

664 1852 782 1908 vius
810 1861 894 1908 est
921 1852 1023 1908 isto
1064 1868 1161 1907 nec
1204 1851 1406 1907 facilius
1450 1864 1741 1922 peccatum.
1770 1853 1908 1920 Quid
1936 1854 2054 1908 ita?
2093 1852 2244 1921 Quod

665 1944 914 2010 celerius,
942 1960 1101 2014 quam
1129 1944 1292 1999 ullum
1322 1944 1463 1998 aliud
1489 1953 1758 2014 peccatum
1783 1944 2003 2010 feratur,
2035 1954 2088 2000 et
2112 1960 2240 1999 con-

663 2034 840 2092 fostitn
861 2051 983 2092 eum
1006 2036 1096 2107 qui
1152 2052 1257 2092 non
1285 2038 1511 2092 attendit
1536 2037 1780 2108 abripiat.
1811 2038 1942 2093 Nam
1970 2038 2072 2092 alia
2123 2039 2242 2106 qui-

662 2127 784 2184 dem
812 2139 1024 2198 peceata
1050 2140 1290 2198 tempore
1316 2127 1570 2198 indigent,
1599 2137 1653 2184 et
1701 2127 1963 2198 impensa,
2013 2137 2065 2184 et
2112 2127 2245 2182 dila-

665 2216 830 2284 tione,
853 2226 908 2272 et
933 2217 1283 2286 adjutoribus,
1311 2231 1375 2270 ac
1399 2232 1545 2287 saepe
1585 2217 1758 2288 aliqua
1788 2218 2041 2287 temporis
2093 2232 2240 2271 mora

663 2307 1137 2380 interrumpuntur.
1175 2308 1415 2378 Exempli
1463 2309 1873 2364 causa:statuit
1920 2309 2109 2379 aliquis
2158 2310 2238 2363 in-

666 2400 930 2467 terficere,
986 2402 1172 2455 statuit
1213 2401 1404 2470 aliquis
1449 2399 1632 2467 furari,
1690 2411 1746 2456 et
1781 2401 1953 2456 aliena
2007 2417 2236 2470 rapere:

663 2489 829 2544 multa
857 2504 1078 2546 necesse
1106 2500 1188 2546 est
1222 2492 1489 2558 moliatur,
1546 2501 1600 2546 et
1647 2486 1810 2563 saepe,
1870 2493 1994 2547 dum
2041 2492 2238 2558 differt,

662 2579 796 2633 iram
825 2578 995 2646 sedat,
1027 2595 1054 2632 a
1077 2595 1239 2650 pravo
1284 2590 1477 2635 conatu
1506 2582 1696 2647 resilit,
1728 2583 2041 2637 sceleratam
2095 2583 2238 2638 illam

664 2670 983 2725 sententiam
1013 2671 1400 2743 abjicit,neque
1414 2673 1691 2728 consilium
1716 2673 1781 2727 ad
1807 2689 1940 2745 opus
1966 2674 2233 2744 perducit:

662 2768 717 2814 at
743 2760 797 2816 in
825 2761 1188 2817 maledicendo
1219 2777 1322 2817 non
1353 2763 1423 2818 ita
1450 2763 1528 2828 fit,
1555 2764 1649 2820 sed
1695 2765 1795 2820 nisi
1850 2767 2035 2821 attenti
2085 2767 2238 2822 valde

659 2851 826 2907 simus
853 2867 916 2908 ac
945 2853 1148 2923 vigiles,
1168 2853 1317 2910 facile
1333 2855 1659 2925 abripimur:
1699 2867 1753 2912 et
1779 2873 1948 2928 neque
1978 2868 2233 2928 tempore,

661 2958 833 3014 neque
853 2943 1126 3011 dilatione,
1149 2961 1322 3017 neque
1350 2947 1608 3016 impensa,
1639 2964 1810 3018 neque
1838 2949 2111 3004 molitione
2144 2965 2237 3004 no-

659 3033 743 3091 bis
780 3036 885 3091 ulla
914 3045 996 3091 est
1015 3052 1169 3107 opus,
1193 3045 1250 3092 ut
1276 3037 1687 3094 maledicamus:
1716 3039 1807 3094 sed
1832 3040 2026 3094 sufficit
2045 3051 2099 3094 ut
2122 3049 2235 3094 tan-

658 3134 769 3180 tum
799 3127 1044 3194 velimus,
1075 3137 1130 3183 et
1171 3128 1348 3182 statim
1372 3129 1619 3184 voluntas
1662 3130 1714 3184 in
1742 3146 1878 3200 opus
1926 3133 2055 3186 exit.
2112 3133 2235 3188 Sola

657 3216 851 3288 quippe
896 3217 1071 3288 lingua
1121 3227 1203 3273 est
1226 3235 1343 3289 quae
1366 3219 1604 3275 inservit.
1630 3221 1854 3290 Quando
1883 3223 2039 3292 igitur
2081 3224 2236 3279 velox

659 3317 745 3364 est
795 3309 1037 3377 malum,
1093 3318 1148 3366 et
1195 3309 1351 3366 facile
1409 3327 1510 3367 nos
1553 3312 1900 3368 circumstans
1941 3325 2235 3384 peccatum,

657 3411 713 3456 et
757 3417 913 3473 penna
957 3403 1133 3472 gravis
1175 3418 1238 3458 ac
1267 3404 1608 3474 supplicium,
1654 3420 1752 3460 nec
1791 3405 1993 3460 lucrum
2048 3407 2233 3473 ullum,

657 3508 762 3548 non
833 3509 1072 3564 parvutn,
1126 3510 1232 3550 non
1272 3512 1542 3568 magnum,
1574 3497 1854 3568 diligenter
1911 3498 2051 3555 hunc
2097 3515 2239 3555 mor-

655 3585 780 3642 bum
835 3586 1097 3658 fugiamus
1126 3628 1142 3654 ,
1193 3596 1247 3643 et
1283 3588 1454 3643 aliena
1529 3588 1667 3644 mala
1716 3599 1958 3660 tegamus
1986 3631 2004 3658 ,
2054 3606 2229 3662 neque

2341 2675 2472 2742 rint,
2502 2674 2658 2729 facile
2685 2673 2773 2727 illa
2803 2673 3072 2743 deponant
3093 2714 3107 2738 ,
3141 2687 3208 2727 ac
3234 2681 3566 2743 peccatorum
3593 2683 3784 2724 suorum
3809 2681 3878 2719 re-

2341 2767 2652 2822 cordatione
2691 2766 2758 2820 ad
2789 2765 2890 2821 alia
2934 2766 3186 2836 patranda
3227 2765 3484 2820 tardiores
3526 2762 3880 2824 reddantur,et

2340 2859 2429 2927 qui
2454 2864 2759 2912 sanctorum
2782 2857 3028 2911 virtutem
3059 2867 3321 2927 perpetuo
3340 2857 3536 2912 fuerint
3559 2851 3878 2921 contemplati,

2341 2947 2530 3017 majori
2570 2947 2685 3002 zelo
2711 2946 2778 3001 ad
2826 2961 3011 3002 eorum
3045 2947 3401 3002 imitationem
3431 2945 3880 3002 ineendenturzat-

2339 3054 2443 3109 que
2469 3039 2551 3094 his
2577 3038 2827 3094 omnibus
2859 3039 3138 3104 eflicietur,
3167 3049 3231 3094 ut
3257 3049 3370 3094 toto
3410 3037 3654 3093 Ecclesiae
3692 3046 3880 3102 corpore

2340 3148 2372 3187 a
2398 3133 2551 3188 nobis
2574 3131 2802 3188 feliciter
2829 3133 3141 3200 instaurate,
3163 3147 3290 3188 cum
3333 3134 3432 3187 hoc
3459 3142 3598 3187 cmtu
3622 3129 3670 3182 in
3697 3140 3884 3196 regnum

2340 3224 2589 3280 caelorum
2620 3225 2819 3279 intrare
2847 3225 3130 3293 possimus,
3157 3225 3305 3294 quod
3349 3225 3546 3278 utinam
3575 3220 3716 3274 nobis
3741 3216 3882 3271 omni-

2338 3316 2438 3374 bus
2469 3318 2679 3386 aSchui
2709 3317 3012 3386 contingat,
3043 3319 3218 3388 gratia
3263 3327 3316 3373 et
3357 3315 3673 3386 benignitate
3710 3308 3886 3365 Domini

2340 3409 2507 3465 nostri
2533 3409 2658 3466 Jesu
2685 3409 2905 3474 Christi,
2937 3427 3032 3480 per
3056 3427 3213 3481 quem
3247 3421 3303 3467 et
3323 3427 3446 3466 cum
3473 3424 3578 3480 quo
3599 3406 3771 3478 gloria,
3801 3417 3885 3454 una

2338 3516 2460 3556 cum
2487 3499 2688 3571 Spiritu
2715 3511 2924 3570 sancto,
2952 3517 3091 3558 nunc
3119 3513 3174 3559 et
3200 3519 3422 3574 semper
3449 3512 3503 3558 et
3531 3502 3583 3557 in
3611 3495 3787 3554 sarcula
3807 3507 3890 3549 ur-

2339 3592 2605 3648 culorum.
2631 3594 2822 3649 Amen.

2101 4233 2274 4295 ΜΟΝ
2283 4234 2358 4294 IT
2365 4235 2482 4296 UM

731 4455 881 4530 [199]
924 4457 1084 4515 Circa
1119 4457 1626 4531 interpretationem
1656 4462 1714 4518 in
1738 4462 2036 4532 Danielem,
2062 4481 2183 4536 qua:
2208 4464 2583 4533 Chrysostomi
2614 4479 2817 4520 nomen
2842 4462 3177 4531 circumfert,
3210 4475 3270 4520 et
3296 4481 3370 4521 ex
3394 4461 3732 4521 Bibliotheca
3754 4451 3903 4524 Regia

662 4569 989 4628 Scorialensi
1031 4572 1280 4630 desumta
1318 4585 1424 4642 cst,
1452 4577 1570 4633 haec
1595 4577 1854 4649 praefatur
1896 4580 2221 4646 Cotelerius,
2267 4581 2361 4652 qui
2407 4581 2552 4635 illam
2585 4580 2734 4651 prior
2762 4580 2933 4636 edidit
2975 4599 2990 4634 :
3043 4599 3061 4632 ι
3096 4580 3500 4648 lnterpretatio
3544 4578 3601 4632 in
3645 4569 3897 4628 Danielem

657 4687 834 4760 prima
858 4688 1037 4745 fronte
1073 4689 1350 4762 plerisque
1383 4691 1598 4746 videtur
1625 4693 1990 4764 supposititia,
2023 4695 2116 4766 qui
2161 4696 2349 4753 forsan
2376 4712 2440 4751 ac
2469 4695 2665 4751 merito
2706 4695 2962 4750 solennes
3005 4696 3125 4752 illas
3187 4695 3518 4768 doxologias
3539 4737 3554 4761 ,
3607 4697 3902 4748 consuetam

657 4806 1102 4878 perspicuitatem
1130 4809 1370 4881 aliasque
1397 4813 1658 4871 librorum
1684 4815 1874 4871 melliti
1904 4814 2080 4872 Patris
2109 4815 2264 4874 dotes
2298 4817 2684 4874 desiderabunt
2719 4835 2785 4875 ac
2823 4818 3123 4890 requirent.
3156 4817 3500 4873 Incredibile
3535 4821 3686 4870 certe
3716 4817 3909 4864 memo-

656 4931 782 4977 ratu
820 4937 985 4993 quam
1013 4922 1272 4996 pleraque
1293 4929 1476 4984 omnia
1504 4929 1595 4985 hic
1614 4940 1709 4986 aut
1730 4931 2072 5002 imperfecta,
2102 4941 2199 4987 aut
2229 4933 2566 5002 perturbata,
2596 4933 2881 5004 magisque
2903 4943 3108 4990 tentata
3134 4949 3299 5004 quam
3336 4939 3627 5004 perorata,
3656 4925 3912 4996 epitomcs

656 5040 896 5122 denique
917 5058 983 5099 ac
1025 5042 1336 5116 eclogarum
1366 5046 1710 5117 praeferentia
1760 5051 2024 5122 speciem.
2054 5051 2258 5107 Verum
2299 5061 2504 5118 tamen,
2539 5061 2598 5108 ut
2634 5053 2688 5107 id
2718 5055 2864 5123 quod
2893 5069 2982 5109 res
3025 5053 3191 5108 habet
3218 5052 3432 5117 dicam,
3473 5050 3624 5106 inter
3670 5051 3917 5101 centones

654 5157 858 5214 ardens
878 5174 1121 5230 purpura
1149 5160 1358 5228 elucet;
1387 5161 1444 5217 in
1469 5165 1700 5220 turbidis
1733 5166 1922 5222 rivulis
1967 5168 2335 5240 limpidissimi
2379 5170 2545 5226 fontis
2587 5187 2742 5226 venae
2782 5171 3108 5230 scaturiunt.
3152 5168 3332 5235 Quare
3381 5168 3462 5223 ita
3501 5179 3726 5226 censeo,
3755 5159 3911 5225 Chry-

655 5276 979 5338 sostomum,
1001 5287 1166 5342 quem
1186 5272 1240 5328 in
1273 5273 1580 5329 universam
1610 5275 1942 5348 Scripturam
1973 5283 2394 5338 commentarios
2419 5284 2703 5355 scripsisse
2737 5285 2975 5356 prodidit
2999 5284 3316 5354 antiquitas,
3355 5284 3603 5353 hujusce
3637 5277 3803 5350 prolis
3831 5288 3921 5344 pa-

655 5392 792 5439 trem
817 5400 939 5441 esse
975 5386 1114 5443 :sed
1147 5387 1292 5442 illam
1335 5388 1424 5459 pie
1465 5390 1766 5460 expositam
1795 5394 1850 5448 in
1878 5411 1972 5452 eas
2000 5396 2256 5453 incidisse
2310 5416 2522 5469 manus,
2555 5417 2675 5472 quae
2725 5401 2781 5456 in
2834 5401 3071 5457 tollenda
3122 5416 3311 5472 parum
3365 5414 3564 5470 operae
3614 5393 3922 5468 posuerint;

656 5511 829 5566 coque
857 5497 1060 5554 factum
1089 5501 1234 5571 quod
1257 5502 1544 5558 inficianda
1574 5507 1784 5576 parenti
1813 5510 2027 5566 soboles
2049 5522 2332 5582 appareat.
2371 5533 2389 5565 ι

725 5610 929 5668 Verum
953 5626 1102 5673 certe
1127 5628 1229 5686 est,
1262 5621 1318 5676 in
1351 5630 1460 5678 tam
1497 5625 1698 5694 hiulca,
1734 5640 1843 5685 tam
1877 5633 2128 5702 strigosa,
2175 5644 2282 5690 tam
2323 5639 2705 5708 compendiosa
2751 5638 3082 5705 narratione,
3136 5639 3355 5708 qualern
3418 5636 3523 5691 hic
3568 5651 3768 5690 omnes
3796 5625 3926 5684 haud

655 5725 819 5781 dubie
843 5727 1273 5791 animadversuri
1319 5748 1466 5809 sunt,
1497 5743 1702 5814 aliquot
1727 5745 1983 5802 dictionis
2012 5747 2381 5820 Chrysostomi
2422 5752 2649 5823 vestigia
2693 5768 3032 5822 comparere,
3081 5751 3245 5807 verba
3281 5749 3390 5821 ipsi
3429 5747 3735 5803 familiaria
3775 5753 3928 5796 usur-
