4054 6320
232 346 333 413 9191
1225 353 1313 409 DE
1345 350 1896 412 PROPHETIARUM
1934 354 2436 413 OBSCURITATE.
2477 355 2541 412 ll.

250 464 324 523 τοῦ
361 462 613 534 πλησίον,
651 462 815 519 παντί
846 481 951 520 που
976 464 1135 537 δῆλόν
1163 466 1329 521 ἐστιν.
1362 468 1423 521 Εἰ
1453 468 1563 539 γὰρ
1594 468 1691 521 ἕνα
1723 485 1805 531 τις

251 548 606 615 σκανδαλίσας,
631 548 1003 622 ἀπαραίτητον
1025 550 1187 603 δώσει
1206 552 1497 622 τιμωρίαν,
1529 555 1558 605 ὁ
1582 552 1807 623 μυρίους

256 630 597 695 πανδαλίζων
651 632 742 685 διὰ
786 632 884 703 τῆς
935 634 1181 705 πονηρᾶς
1237 635 1451 704 φήμης,
1486 634 1660 703 πόσην
1710 634 1808 704 οὺχ

251 716 594 784 ύποστήσεται
650 714 905 781 κόλασιν;
956 716 1065 769 Καὶ
1119 718 1226 787 γὰρ
1278 718 1309 768 ὁ
1360 718 1653 789 Φαρισαῖος
1708 717 1810 769 οὑκ

250 797 501 867 ἐψεύδετο,
555 796 672 850 ἁλλ’
725 798 898 869 ἀληθῆ
953 799 1126 867 ἔλεγε,
1182 799 1421 872 τελώνην
1474 801 1653 855 καλῶν
1717 800 1810 853 τὸν

249 879 488 951 τελώνην.
516 881 632 934 ἁλλ’
656 882 806 951 ὅμως
846 882 1002 953 δίκην
1036 883 1223 937 ἔδωκε.
1258 884 1419 937 Ταῦτ’
1456 881 1550 939 οὖν
1584 885 1808 947 εἰδότες,

252 964 520 1033 ἀγαπητοὶ,
568 964 858 1036 φεύγωμεν
894 966 956 1019 τὸ
993 971 1338 1039 κατηγορεῖν.
1372 968 1509 1022 υῦτε
1539 969 1644 1041 γὰρ
1674 968 1810 1021 ταύ-

251 1063 329 1115 της
363 1046 747 1118 χαλεπωτέρα,
797 1046 921 1101 οῦτε
959 1050 1301 1123 εύκολωτέρα
1345 1052 1495 1105 ἐστὶν
1545 1050 1809 1122 ἁμαρτία.

252 1130 386 1193 Τίνος
411 1131 601 1183 ἕνεκεν
624 1148 641 1199 ;
665 1133 786 1186 Ὀτι
812 1133 994 1204 πάσης
1022 1134 1364 1205 παρανομίας
1399 1133 1650 1205 ὀξύτερον
1677 1135 1811 1206 δρᾶ-

252 1232 345 1277 ται,
386 1216 483 1268 καὶ
520 1217 731 1285 ταχέως
762 1217 1098 1288 συναρπάζει
1127 1218 1217 1273 τὸν
1260 1218 1333 1290 μὴ
1362 1218 1714 1289 προσέχοντα.
1746 1219 1811 1271 Αἱ

255 1298 334 1368 μὲν
378 1298 491 1368 γάρ
543 1298 699 1353 ἁλλαι
744 1301 1011 1372 ἁμαρτίαι
1056 1302 1151 1355 καὶ
1197 1303 1388 1374 χρόνου
1434 1302 1661 1365 δέονται,
1719 1302 1814 1355 καὶ

253 1381 498 1453 δαπάνης,
528 1384 622 1435 καὶ
648 1382 976 1454 μελλήσεως,
996 1388 1091 1439 καὶ
1118 1386 1418 1456 συνεργῶν,
1434 1387 1529 1438 καὶ
1554 1384 1814 1449 πολλάκις

252 1465 298 1518 ἐν
342 1468 406 1536 τῇ
458 1466 555 1518 τοῦ
604 1467 796 1537 χρόνου
846 1468 1095 1539 διατριϐῇ
1141 1468 1539 1523 διακόπτονται.
1592 1464 1718 1522 οἷόν
1762 1487 1814 1522 τι

253 1550 392 1618 λέγω·
436 1548 631 1603 Εῖλετό
660 1566 743 1612 τις
782 1549 1057 1617 φονεῦσαι,
1104 1552 1276 1605 εἵλετό
1313 1570 1396 1617 τις
1437 1554 1681 1624 ἁρπάσαι
1721 1553 1815 1605 καὶ

252 1633 651 1702 πλεονεκτῆσαι·
707 1633 908 1702 πολλῆς
955 1633 1104 1704 αὐτῷ
1140 1635 1221 1688 δεῖ
1258 1636 1357 1707 τῆς
1407 1637 1811 1708 πραγματείας.

252 1715 330 1767 καὶ
352 1716 410 1769 ὲν
435 1713 521 1783 τῷ
544 1714 760 1784 μέλλειν
786 1716 1043 1778 πολλάκις
1073 1717 1291 1783 ἐξέλυσε
1320 1718 1410 1771 τὸν
1437 1719 1626 1789 θυμὸν,
1659 1718 1670 1789 |
1692 1718 1813 1790 I98]

250 1798 440 1869 ἀπέστη
473 1799 574 1867 τῆς
608 1800 848 1869 πονηρᾶς
876 1800 1071 1870 ὁρμῆς.
1112 1800 1373 1853 κατέλυσε
1414 1801 1515 1870 τὴν
1552 1801 1811 1872 διεφθαρ-

255 1882 399 1952 μένην
430 1880 683 1951 γνώμην,
711 1882 773 1934 ού
811 1881 1116 1952 προσέθηκε
1143 1882 1201 1934 τὸ
1226 1882 1386 1954 ἔργον
1414 1887 1480 1955 τῇ
1515 1884 1697 1955 βουλῇ·
1723 1885 1815 1936 ἐπὶ

254 1964 301 2017 δὲ
328 1964 414 2017 τοῦ
450 1962 642 2027 κακῶς
674 1963 850 2033 λέγειν
881 1964 980 2034 ούχ
1012 1963 1202 2028 οὕτως,
1237 1966 1351 2018 ἁλλ’
1381 1967 1476 2019 ὲὰν
1506 1966 1581 2037 μὴ
1612 1966 1815 2037 σφόδρα

253 2046 379 2115 ὦμεν
423 2048 714 2119 νήφοντες,
766 2047 1223 2119 συναρπαζόμεθα
1281 2049 1515 2120 ῥᾳδίως·
1550 2050 1645 2102 καὶ
1693 2047 1816 2101 οὕτε

254 2132 447 2201 χρόνου,
479 2130 607 2183 οὔτε
629 2130 954 2200 μελλήσεως,
979 2129 1100 2184 οὔτε
1124 2131 1389 2202 δαπάνης,
1411 2131 1534 2185 οῦτε
1560 2149 1816 2203 πραγμα-

253 2217 381 2279 τείας
424 2216 565 2285 ἡμῖν
592 2214 675 2267 δεῖ
701 2232 866 2281 τινος,
894 2214 1035 2269 ὥστε
1068 2215 1252 2279 κακῶς
1282 2218 1475 2269 εἰπεῖν’
1511 2216 1630 2269 ἀλλ’
1656 2217 1816 2288 ἀρκεῖ

260 2298 393 2367 μόνον
422 2298 671 2362 ἑλέσθαι,
702 2299 797 2352 καὶ
829 2298 1031 2365 εὐθέως
1063 2302 1143 2363 είς
1180 2299 1337 2370 ἔργον
1370 2300 1563 2369 ἐξῆλθε
1598 2299 1661 2353 τδ
1698 2300 1819 2370 βού-

256 2382 399 2453 λημα.
460 2382 691 2434 Γλῶσσα
740 2383 847 2453 γάρ
875 2383 1021 2437 ἐστιν
1071 2384 1105 2454 ἡ
1168 2384 1584 2456 ύπηρετουμένη
1639 2385 1817 2455 μόνον.

267 2467 398 2519 Ἐπεὶ
417 2461 523 2519 οὖν
544 2466 639 2518 καὶ
667 2465 965 2537 ὀξύρροπον
1000 2466 1061 2520 τὸ
1088 2469 1276 2530 κακὸν.
1303 2469 1397 2521 καὶ
1430 2468 1821 2542 εύπερίστατος

258 2549 570 2621 ἠάμαρτία,
592 2551 687 2602 καὶ
714 2550 922 2621 χαλεπὴ
955 2551 990 2621 ἡ
1010 2551 1227 2615 κόλασις
1254 2554 1347 2605 καὶ
1377 2554 1410 2623 ὴ
1442 2554 1704 2623 τιμωρία,
1726 2554 1822 2606 καὶ

256 2632 421 2703 κέρδος
445 2632 631 2696 οὐδὲν,
666 2633 729 2685 ού
769 2632 983 2704 μικρὸν,
1017 2635 1077 2686 ού
1110 2635 1270 2704 μέγα,
1321 2635 1456 2705 μετὰ
1495 2635 1695 2705 πολλῆς
1721 2636 1822 2705 τῆς

257 2717 526 2787 άκριύείας
573 2716 863 2788 φεύγωμεν
905 2719 966 2771 τὸ
1018 2719 1250 2789 νόσημα,
1312 2720 1405 2773 καὶ
1453 2719 1526 2773 τά
1568 2720 1823 2788 ἀλλότρια

256 2804 681 2877 περιστέλλωμεν
717 2803 886 2868 κακὰ,
931 2806 1025 2859 καὶ
1073 2805 1147 2876 μὴ
1192 2806 1650 2877 ὲκπομπεύωμεψ
1683 2822 1825 2877 παρ-

256 2890 477 2961 αινῶμεν
496 2891 614 2953 τοῖς
632 2903 658 2933 ι
680 2889 1072 2960 ἁμαρτάνουσι,
1100 2889 1282 2953 καθὼς
1315 2889 1409 2943 καὶ
1437 2890 1467 2941 ό
1496 2889 1699 2961 Κύριός
1728 2907 1829 2960 φη-

257 2989 353 3026 σιν·
382 2976 528 3029 Ἐὰν
549 2974 869 3043 ἁμαρτήσῃ
894 2975 980 3039 εις
1007 2973 1082 3027 σὲ
1102 2976 1136 3028 ὁ
1160 2973 1424 3041 ἀδελφός
1451 2989 1588 3038 σου,
1610 2974 1822 3042 ὕπαγε,

256 3058 496 3127 ἔλεγξον
548 3058 739 3112 αὐτὸν
788 3056 1016 3125 μεταξὺ
1062 3056 1179 3111 σοῦ
1238 3056 1336 3109 καὶ
1390 3057 1577 3110 αὺτοῦ
1610 3058 1822 3124 μόνου.

261 3138 413 3193 ’Ὥστε
452 3140 520 3194 τὸ
570 3140 963 3211 ἁδημοσίευτον
1004 3140 1111 3192 τῶν
1165 3140 1402 3211 ἐλέγχων
1457 3140 1827 3211 εύκολωτέραν

312 3340 485 3391 'Colb.
543 3341 689 3395 κακὰ.
730 3342 812 3388 καὶ
840 3339 1183 3403 θεραπεύωμεν.
1218 3340 1587 3403 Παραινέσωμεν
1608 3339 1721 3395 τοῖς.
1738 3338 1831 3403 Δ1η-

255 3398 459 3523 ΙΙτέἀὲ
491 3405 627 3452 ὥστε
665 3406 737 3466 τῷ
772 3398 1105 3466 ἀδημοσιεύτῴ
1142 3402 1237 3449 τῶν
1265 3398 1488 3465 ἐλέγχων,
1506 3398 1833 3463 εὐκολωτέραν

257 3478 331 3512 ποι
443 3503 454 3515 .

3386 356 3489 411 199

1910 473 2123 542 ποιήσει
2169 470 2267 541 τὴν
2321 469 2639 539 θεραπείαν.
2691 469 2780 541 Μὴ
2825 469 3130 541 δάκνωμεν,
3183 469 3318 541 μηδὲ
3368 488 3491 523 κατ·

1910 554 2179 624 εσθίωμεν
2210 553 2279 606 τά
2314 553 2569 622 ἀλλότρια
2598 553 2910 622 τραύματαο
2948 553 3021 624 μὴ
3060 552 3159 614 τὰς
3201 552 3363 622 μυίας
3404 570 3490 620 μι-

1916 636 2237 707 μησώμεθα,
2267 636 2404 690 ἁλλὰ
2432 636 2529 698 τὰς
2560 636 2812 704 μελίττας
2839 636 3194 706 ζηλώσωμεν.
3231 636 3297 687 Δί
3338 638 3488 702 μυῖαι

1910 724 2022 782 τοῖς
2048 720 2356 790 τραύμασιν
2388 718 2795 786 ὲγκαθέζονται,
2832 718 2925 771 καὶ
2954 718 3261 771 δάκνουσιν·
3298 717 3354 770 αἱ
3388 720 3487 786 μέ-

1910 804 2086 858 λιτται
2114 807 2225 867 τοῖς
2259 802 2475 857 ἄνθεσιν
2502 802 2847 871 ὲφίπτανται.
2880 801 2978 854 Διά
3013 801 3170 854 τοῦτο
3201 792 3360 853 αὗται
3394 801 3492 871 μὲν

1912 889 2081 960 κηρία
2102 887 2432 960 πηγνύουσιν
2463 888 2509 950 δ,
2543 888 2749 939 ἐκεῖναι
2782 885 2837 938 δὲ
2863 886 3141 955 νοσήματα
3175 887 3489 953 ἐπάγουσιν,

1911 967 1993 1034 οἷς
2028 970 2095 1024 ἂν
2132 970 2530 1024 ἑπικαθεσθῶσι
2572 968 2807 1038 σώμασι·
2843 968 2936 1021 καὶ
2961 970 3016 1021 αἱ
3046 969 3143 1038 μέν
3170 972 3273 1021 εἰσι
3306 968 3490 1037 βδελυ-

1913 1055 2060 1117 κταὶ,
2095 1054 2153 1106 αί
2193 1054 2248 1107 δὲ
2281 1053 2524 1107 ποθειναὶ
2552 1054 2647 1105 καὶ
2676 1051 2933 1117 ἐπίδοξοι.
2972 1053 3081 1104 Καὶ
3114 1053 3270 1122 ἡμεῖς
3315 1052 3492 1104 τοίνυν

1914 1136 1992 1207 τῷ
2040 1136 2266 1207 λειμῶνι
2313 1140 2413 1206 τῆς
2454 1135 2653 1206 ἀρετῆς
2699 1134 2810 1187 τῶν
2846 1135 3016 1202 ἁγίων
3064 1127 3353 1205 ἐπιπτῆναι
3392 1134 3492 1205 τὴν

1912 1219 2088 1291 ψυχὴν
2135 1221 2663 1291 παρασκευάσωμεν,
2720 1218 2813 1271 καὶ¹
2860 1217 3097 1286 συνεχῶς
3136 1216 3234 1287 τὴν
3264 1218 3491 1269 εὐωδίαν

1913 1304 2022 1356 τῶν
2058 1304 2187 1375 παρ’
2218 1303 2444 1363 ἐκείνοις
2472 1301 2912 1372 κατορθωμάτων
2952 1301 3313 1370 ἁνακινῶμεν,
3344 1301 3413 1352 τά
3436 1301 3492 1352 δὲ

1911 1385 2204 1456 τραύματα
2246 1385 2319 1455 μὴ
2350 1385 2634 1455 δάκνωμεν
2660 1384 2768 1437 τῶν
2800 1383 3045 1454 πλησίον*
3072 1383 3185 1435 ἀλλ’
3213 1385 3261 1435 εί
3297 1384 3389 1436 καί
3416 1401 3495 1435 τι-

1914 1486 2012 1531 νας
2036 1469 2233 1537 ἴδωμεν
2264 1468 2421 1521 τοῦτο
2444 1467 2749 1530 ποιοῦντας,
2792 1465 3252 1537 ὲπιστομίζωμεν.
3281 1466 3372 1518 τὸν
3397 1465 3494 1533 φό-

1915 1551 2010 1604 ϐον
2044 1552 2232 1613 αὐτοῖς
2259 1551 2356 1620 τῆς
2390 1550 2662 1613 κολάσεως
2699 1548 3134 1620 ὲπιτειχίζοντες,
3166 1548 3266 1618 τῆς
3297 1565 3464 1616 συγγε
3484 1576 3496 1586 ο

1916 1635 2064 1697 νείας
2107 1634 2303 1696 αὐτοὺς
2344 1634 2848 1703 ἀναμιμνήσκοντες
2886 1635 2984 1703 τῆς
3014 1631 3148 1703 πρὸς
3180 1632 3304 1694 τοὺς
3342 1632 3499 1685 ἁδελο

1919 1718 2070 1787 φούς.
2124 1718 2188 1771 Εἰ
2234 1718 2293 1771 δὲ
2344 1718 2533 1788 μηδενὶ
2579 1717 2785 1771 τούτων
2830 1716 3047 1779 εῖκοιεν,
3091 1715 3251 1785 μυίας
3304 1716 3499 1777 αὐτοὺς

1919 1800 2190 1871 καλῶμεν.
2230 1803 2317 1854 ἴνα
2346 1802 2450 1853 κᾶν
2472 1801 2531 1853 τὸ
2554 1800 2752 1863 ὄνειδος
2779 1800 2875 1870 τῆς
2905 1798 3271 1870 προσηγορίας
3299 1799 3499 1867 ταύτης

1916 1886 2203 1957 ἀποστήσῃ
2258 1884 2358 1955 τῆς
2405 1885 2645 1955 πονηρᾶς
2698 1884 2927 1955 μελέτης
2975 1881 3193 1945 αὐτούς·
3256 1882 3343 1933 ἵνα
3399 1884 3498 1952 τῆς

1918 1966 2275 2038 κακοσχολίας
2292 1967 2495 2038 ταύτης
2520 1967 2949 2034 ἀπαλλαγέντες.
2978 1967 3157 2017 πᾶσαν
3180 1964 3281 2034 τὴν
3306 1966 3499 2033 σχολὴν

1917 2056 1999 2115 εἰς
2046 2051 2146 2121 τὴν
2199 2052 2426 2124 ἔρευναν
2476 2051 2587 2105 τῶν
2640 2050 2855 2103 οἰκείων
2910 2048 3231 2101 ἀναλίσκωσι
3289 2051 3496 2103 κακῶν.

1918 2138 2076 2193 Οὕτω
2113 2136 2221 2207 γὰρ
2249 2135 2302 2188 οἴ
2329 2153 2389 2188 τε
2420 2134 2769 2196 πεπτωκότες
2797 2134 3186 2205 ἀναστήσονται
3212 2140 3277 2207 τῇ
3313 2135 3415 2204 μνή
3426 2151 3499 2204 μη

1918 2222 2028 2276 τῶν
2061 2218 2461 2291 ἡμαρτημένων
2483 2219 2669 2280 αὐτοῖς
2694 2217 2793 2269 οὐκ
2823 2218 3343 2289 ὲκπομπευομένων,
3364 2218 3419 2271 οἴ
3440 2235 3500 2270 τε

1916 2306 1986 2359 τά
2013 2306 2188 2357 οἰκεῖα
2211 2300 2652 2371 ἀναλογιζόμενοι
2680 2300 2917 2369 συνεχῶς
2944 2302 3110 2362 κακὰ,
3142 2303 3339 2373 ῥᾳδίως
3365 2303 3502 2356 αύτέι

1917 2388 2306 2459 ἁποθήσονται,
2329 2386 2397 2454 τῇ
2440 2385 2631 2454 μνήμῃ
2665 2383 2771 2437 τῶν
2800 2385 3205 2454 ἡμαρτημένων
3233 2384 3368 2455 πρὸς
3403 2385 3502 2456 τὴν

1920 2472 2027 2525 τῶν
2065 2468 2268 2524 λοιπῶν
2304 2466 2501 2539 πρᾶξιν
2527 2467 2876 2538 ὀκνηρότεροι
2913 2469 3204 2540 γινόμενοι,
3236 2471 3288 2523 οῖ
3316 2489 3373 2524 τε
3404 2471 3503 2540 τὴν

1921 2553 2122 2626 ἀρετὴν
2161 2552 2270 2605 τῶν
2296 2550 2463 2619 ἁγίων
2498 2550 2923 2614 ἐπισκοποῦντες
2953 2552 3212 2621 συνεχῶς,
3249 2553 3502 2623 μέγιστον

1921 2640 2179 2710 λήψονται
2219 2636 2379 2707 ζῆλον
2414 2634 2550 2703 πρὸς
2595 2635 2694 2705 τὴν
2742 2634 2851 2687 τῶν
2900 2635 3077 2689 αὐτῶν
3114 2636 3364 2707 μίμησιν·
3406 2639 3503 2689 xui.

1921 2725 2009 2779 διὰ
2052 2722 2258 2776 τούτων
2310 2718 2567 2773 ἁπάντων
2615 2718 2909 2791 ὁλοκλήρου
2962 2719 3056 2772 τοῦ
3108 2719 3356 2790 σώματος
3402 2722 3503 2789 τῆς

1938 2806 2263 2875 Ἐκκλησίας
2310 2805 2442 2874 ἡμῖν
2479 2801 2934 2873 κατορθωθέντος,
2979 2802 3318 2873 δυνησόμεθα
3365 2802 3504 2871 μετὰ

1925 2891 2018 2946 τοῦ
2052 2888 2417 2959 πληρώματος
2436 2886 2627 2940 τούτου
2661 2889 2739 2951 εἰς
2766 2887 2867 2957 τὴν
2900 2887 3177 2958 βασιλείαν
3204 2886 3314 2939 τῶν
3343 2887 3506 2957 ούρα-

1926 2977 2031 3030 νῶν
2087 2973 2368 3028 εἰσελθεῖν’
2411 2968 2480 3045 ἦς
2530 2972 2740 3040 γένοιτο
2784 2973 2991 3035 πάντας
3023 2974 3171 3043 ἡμᾶς
3209 2973 3503 3042 ἐπιτυχεῖν,

1928 3062 2109 3132 χάριτι
2161 3058 2256 3110 καὶ
2304 3056 2683 3127 φιλανθρωπίᾳ
2733 3056 2829 3109 τοῦ
2876 3058 3078 3129 Κυρίου
3130 3056 3285 3127 ἡμῶν
3331 3055 3503 3127 Ἰησοῦ

1928 3142 2187 3216 Χριστοῦ,
2225 3142 2292 3196 δι’
2326 3134 2387 3195 οῦ
2416 3144 2510 3195 καὶ
2558 3142 2676 3212 μεθ’
2715 3134 2777 3193 οῦ
2816 3140 2895 3209 τῷ
2923 3144 3100 3212 Πατρὶ
3145 3144 3175 3212 ἡ
3216 3141 3362 3207 δόξα,
3390 3141 3505 3210 ἃμα

1928 3230 2007 3300 τῷ
2039 3229 2179 3297 ἁγίῳ
2212 3226 2515 3298 Πνεύματι,
2544 3226 2640 3280 νῦν
2677 3226 2771 3278 καὶ
2801 3226 2891 3279 ἀεὶ
2930 3226 3022 3279 καὶ
3051 3228 3131 3289 εἰς
3149 3226 3275 3289 τοὺς
3306 3223 3505 3286 αἰῶνας

1929 3314 2038 3367 τῶν
2071 3311 2304 3366 αἰώνων.
2321 3312 2376 3364 Ἀ
2387 3311 2515 3382 μήν.

1995 3465 2025 3506 ι»
2044 3463 2127 3514 Sic
2147 3476 2274 3513 unus
2295 3463 2450 3512 codex
2476 3465 2631 3510 recte.
2658 3459 2788 3511 Editi
2810 3458 3031 3523 πηγνῦσι.

586 4334 705 4398 AD
763 4334 1450 4413 COMMENTARIUM,
1508 4337 1654 4400 SEU
1702 4332 2533 4400 INTERPRETATIONEM
2597 4330 2682 4391 IN
2743 4325 3185 4390 DANIELEM.

254 4568 380 4638 pari.
404 4568 528 4627 lmo
557 4569 734 4629 etiam
756 4570 1062 4641 explicandi
1093 4572 1313 4626 modum
1341 4586 1372 4625 a
1407 4569 1464 4625 S.
1492 4568 1733 4625 doctoris
1779 4568 2050 4624 sententia
2080 4582 2191 4623 non
2221 4565 2525 4631 discedere,
2553 4572 2614 4619 ut
2659 4577 2785 4619 cum
2828 4562 3031 4618 dicitur
3058 4557 3522 4614 aboniinationem

255 4686 616 4745 desolationis
655 4689 891 4760 positam
950 4704 1068 4745 esse
1119 4697 1364 4760 tempore
1407 4687 1664 4744 Hadriani
1703 4686 1955 4759 Augusti,
1986 4702 2109 4757 qua:
2145 4693 2230 4741 est
2259 4682 2529 4755 ipsissima
2564 4678 2937 4752 Chrysostomi
2964 4677 3169 4749 opinio,
3207 4682 3267 4729 ut
3288 4672 3527 4729 diximus

254 4800 303 4855 in
327 4813 480 4859 nota.
502 4803 584 4859 At
617 4803 753 4859 vitia
773 4812 830 4858 et
867 4804 1116 4859 intricata
1137 4805 1329 4870 series,
1364 4820 1487 4875 qua:
1511 4818 1621 4858 non
1656 4801 1840 4872 paucis
1872 4800 1926 4855 in
1969 4799 2104 4855 locis
2152 4796 2606 4869 deprehenditur,
2658 4794 2787 4849 hine
2834 4792 2979 4848 haud
3005 4790 3169 4847 dubie
3215 4788 3523 4861 procedunt

255 4922 389 4990 quod
421 4938 579 4979 unus
627 4931 843 4978 tantum
875 4922 1061 4979 Codex
1096 4924 1195 4980 Ms.
1247 4923 1411 4994 hujus
1437 4922 1621 4993 operis
1651 4926 1981 4991 compareat,
2034 4918 2129 4989 qui
2177 4916 2361 4972 Codex
2387 4914 2573 4970 multis
2604 4914 2661 4969 in
2710 4913 2843 4968 locis
2878 4912 3175 4967 mendosus
3208 4915 3317 4963 est.
3369 4906 3527 4971 Quod

256 5056 379 5097 Vero
406 5052 523 5099 tam
579 5044 997 5115 compendiosa;
1046 5046 1137 5101 hic
1188 5044 1599 5115 explanationes
1641 5041 1962 5103 oli‘erantur,
2015 5037 2148 5093 illud
2200 5033 2572 5108 Chrysostomi
2618 5030 3013 5102 interpretandi
3038 5029 3203 5085 modo
3232 5023 3527 5079 admodum

260 5170 549 5232 repugnat,
572 5160 675 5232 qui
701 5161 1011 5218 uberiorem
1044 5162 1244 5233 ubique
1264 5161 1485 5232 praefert
1511 5158 1729 5215 dicendi
1760 5158 1993 5229 copiam.
2026 5156 2183 5212 Unde
2215 5154 2445 5209 fortasse
2479 5150 2807 5206 dubitabunt
2831 5147 3049 5218 quidam
3080 5152 3267 5198 utrum
3288 5138 3528 5209 Chryso-

262 5276 416 5331 stomi
439 5279 515 5333 sit
544 5279 649 5334 hic
677 5278 1137 5347 Commentarius,
1165 5297 1361 5351 meque
1381 5280 1554 5336 fateor
1581 5294 1693 5334 non
1724 5278 1846 5333 sine
1885 5276 2064 5346 aliquo
2093 5272 2352 5343 scrupulo
2383 5272 2489 5327 hoc
2523 5286 2664 5341 opus
2704 5269 2850 5323 inter
2876 5278 3133 5339 germana
3173 5259 3321 5315 illius
3361 5268 3531 5325 opera

265 5408 483 5463 ponere.
524 5397 739 5452 Verum
768 5396 947 5467 potuit
990 5396 1407 5466 Chrysostomus
1460 5395 1622 5449 hasce
1672 5390 1888 5446 notulas
1916 5389 2094 5460 primo
2124 5372 2399 5458 scripisse,
2453 5394 2514 5439 ut
2540 5382 2832 5453 ampliores
2885 5376 3081 5433 deinde
3120 5367 3536 5441 explanationes

264 5510 681 5581 egrederetur,
708 5526 771 5565 ac
797 5526 922 5565 eum
960 5507 1306 5563 Tillemontio
1336 5506 1586 5562 existimo
1616 5518 1777 5575 posse
1814 5503 1964 5557 hunc
1998 5498 2464 5557 Commentarium
2494 5496 2637 5551 inter
2666 5490 2864 5565 γνήσια
2919 5503 3083 5560 opera
3122 5496 3536 5541 connumeran.

334 5625 861 5700 lnterpretationem
891 5624 1139 5680 Latinam
1167 5622 1419 5679 Cotelerii
1444 5623 1649 5694 aliquot
1675 5622 1732 5678 in
1760 5621 1895 5678 locis
1927 5618 2309 5691 castigavimus
2341 5617 2569 5688 ejusque
2596 5621 2755 5670 notas
2786 5609 3020 5676 edimus,
3076 5604 3277 5676 quibus
3318 5608 3536 5657 nostras

272 5761 487 5818 quoque
514 5742 745 5801 notulas
766 5740 1048 5814 praemisso
1078 5741 1339 5797 asterisco
1364 5738 1671 5812 adjieimus.
