4126 6294
625 292 732 351 196

615 410 810 467 animal
826 408 1089 466 condidit:
1111 421 1209 464 nec
1227 415 1429 462 tantum
1452 405 1577 473 hoc,
1597 401 1691 459 sed
1708 412 1765 459 et
1779 402 1983 473 reliqua
2003 402 2202 457 omnia.

621 502 812 557 \‘erutn
831 499 1231 572 pulchritudinis
1249 497 1405 567 hujus
1417 496 1536 551 aliis
1551 495 1763 565 quidem
1787 494 1925 563 plus,
1940 493 2060 549 aliis
2078 508 2209 547 vero

624 596 801 649 minus
828 593 1046 664 largitus
1073 601 1174 648 est.
1206 589 1522 661 Complures
1560 599 1736 644 autem
1763 596 1883 658 post
1906 596 2079 641 ortum
2104 601 2206 656 qua

617 687 874 743 carebant
902 693 1178 739 venustate
1208 683 1399 738 induit.
1435 682 1605 737 Porro
1630 697 1697 736 ex
1723 681 1840 750 ipso
1866 679 1972 734 situ
1997 692 2209 748 quoque

613 781 864 837 decorem
916 778 1243 849 perspicies;
1271 773 1718 847 quemadmodum
1746 774 1797 827 in
1824 771 2027 838 oculis,
2066 770 2210 841 quod

616 874 671 926 in
714 871 929 926 sublimi
962 871 1078 925 loco
1106 870 1277 923 instar
1318 868 1468 923 iridis
1509 866 1665 936 positi
1715 865 1856 931 sint,
1886 864 2029 934 quod
2069 863 2210 918 intus

618 973 884 1017 tornatam
932 960 1317 1017 rotunditatem
1340 1001 1356 1024 ,
1405 959 1645 1029 colorum
1676 955 1998 1022 mixturam,
2049 968 2211 1009 accu-

617 1064 786 1109 ratam
813 1052 1061 1117 formam,
1089 1053 1498 1124 germanitatem
1522 1092 1538 1117 ,
1568 1049 1947 1121 ingenuitatem
1989 1055 2044 1104 et
2085 1062 2212 1102 can-

617 1148 804 1202 dorem
858 1146 1108 1202 habeant.
1162 1144 1291 1211 Sed,
1328 1144 1530 1214 inquiet
1582 1141 1814 1210 aliquis,
1872 1137 2211 1210 pulchritudo

623 1238 1005 1296 offendiculum
1047 1238 1162 1292 l'uit.
1206 1237 1319 1293 Non
1367 1243 1583 1306 propter
1620 1232 2025 1304 pulchritudinis
2055 1241 2211 1285 natu-

620 1349 733 1387 ram
763 1334 813 1387 id
862 1330 1118 1401 contigit,
1163 1329 1255 1383 sed
1301 1344 1397 1398 per
1446 1328 1707 1398 ignaviam
1750 1340 1934 1379 eorum
1981 1324 2069 1394 qni
2118 1324 2212 1378 illa

619 1426 919 1496 capiuntur.
954 1424 1088 1479 Dicit
1105 1422 1247 1478 enim
1272 1421 1545 1490 Scriptura
1571 1437 1584 1474 :
1611 1418 1695 1472 Ne
1718 1418 1957 1488 respicias
1983 1416 2209 1487 pulchri-

620 1519 844 1595 tudinem
876 1517 1106 1571 alienam
1136 1513 1343 1585 (ECClt.
1370 1513 1424 1567 9.
1456 1510 1554 1583 8).
1587 1510 1703 1565 Non
1748 1509 1881 1563 dixit
1926 1508 2170 1562 absolute
2193 1548 2210 1573 ,

622 1608 707 1664 Ne
750 1609 989 1679 respicias
1033 1606 1458 1675 pmcltritudinent
1485 1603 1625 1658 :sed
1668 1600 1914 1662 addidit,
1957 1600 2208 1653 Alienum.

623 1706 801 1769 Quare
846 1701 1024 1755 laudat
1072 1713 1167 1754 eos
1209 1698 1296 1768 qui
1354 1694 1566 1765 pmpria
1620 1693 1865 1748 fruuntur
1913 1699 2210 1747 venustate.

620 1796 728 1851 Cur
770 1794 913 1850 enim
958 1792 1122 1847 decor
1168 1788 1458 1859 .losephum
1505 1801 1611 1841 non
1660 1782 2059 1854 pessumdedit,
2115 1795 2213 1835 nec

621 1888 871 1959 ignavum
897 1884 1096 1946 ell'eeit,
1124 1896 1226 1937 nec
1253 1878 1478 1951 replevit
1499 1876 1701 1931 insania
1730 1883 1785 1929 et
1811 1874 1991 1928 fastu?
2033 1871 2211 1935 Cerea,

620 1978 809 2050 inquit,
834 1975 1071 2029 amicitia:
1109 1982 1154 2027 et
1200 1972 1371 2042 pullus
1419 1969 1695 2037 gratiarum
1744 1976 1944 2018 tuarum
1994 1972 2216 2017 versetur

622 2070 819 2144 tecum(
841 2068 993 2123 Prov.
1022 2068 1076 2123 5.
1115 2064 1182 2121 l9
1206 2064 1245 2135 ).
1280 2060 1628 2119 Pulchritudo
1654 2059 1813 2114 etiam
1835 2056 2104 2111 vinculum
2126 2062 2212 2109 est

629 2165 935 2235 nuptiarum
962 2160 988 2226 ,’
1019 2169 1078 2215 ut
1104 2159 1312 2214 scilicet
1344 2154 1589 2210 homines
1629 2148 1905 2220 impotenti
1930 2161 2214 2217 corporum

620 2234 891 2312 desiderio
938 2254 1245 2321 ﬂagrarent.
1298 2246 1429 2302 Nam
1483 2258 1602 2298 eum
1658 2242 1799 2295 Deus
1846 2236 2001 2293 nobis
2073 2234 2219 2290 illius

625 2345 945 2401 laboriosam
971 2358 1036 2397 ac
1068 2341 1315 2395 miseram
1353 2335 1702 2398 adornasset,
1732 2329 1978 2384 solatium
2004 2341 2215 2397 quoqtte

620 2435 834 2506 aliquod
870 2433 1107 2490 donavit.
1148 2430 1283 2486 llinc
1320 2427 1474 2483 nobis
1512 2424 1681 2479 fomes
1722 2418 2021 2478 dilectionis
2055 2410 2221 2468 vitam

619 2545 742 2600 quae
765 2527 944 2583 omnia
979 2523 1367 2594 complectitur.
1396 2518 1554 2574 Multa
1578 2515 1771 2585 quippe
1811 2526 1936 2567 cura
1983 2508 2216 2579 providit

624 2622 764 2676 Deus
805 2634 869 2673 ac
894 2616 1106 2678 effecit,
1136 2622 1194 2668 ut
1241 2610 1542 2680 nuptiarum
1593 2605 1860 2659 vinculutn
1912 2601 2121 2655 firmum
2151 2614 2215 2655 ac

622 2713 904 2770 infractum
944 2716 1203 2765 maneret.
1252 2707 1353 2770 At,
1404 2702 1606 2770 inquiet
1654 2698 1827 2761 idem,
1877 2693 2214 2763 pulchritudo

622 2803 906 2862 oﬂ'ensioui
936 2802 1003 2857 ab
1034 2800 1182 2855 initio
1211 2797 1328 2852 fuit.
1386 2793 1622 2848 Videntes
1664 2790 1796 2843 enim
1835 2787 1927 2856 ﬁlii
1956 2784 2053 2839 Dei
2080 2783 2213 2852 ﬁlias

625 2898 920 2959 hominum,
949 2892 1086 2964 quod
1111 2898 1272 2946 essent
1310 2886 1557 2958 pulchrae,
1585 2889 1883 2950 acceperunt
1924 2877 2018 2931 sibi
2043 2878 2059 2947 (
2083 2873 2214 2930 Gen.

621 2992 678 3049 6.
712 2992 748 3046 2
770 2991 811 3061 ).
843 2985 1231 3043 Offendicttlum
1267 2995 1371 3035 non
1410 2978 1509 3032 fuit
1556 2973 1764 3046 species
1786 3010 1803 3038 ,
1852 2969 1948 3024 sed
2000 2969 2212 3022 illorum

627 3059 1032 3139 incontinentis.
1086 3074 1253 3130 Filias
1290 3070 1433 3127 enim
1477 3083 1583 3122 non
1622 3065 1742 3119 ideo
1774 3063 1911 3116 Deus
1939 3059 2211 3129 speciosas

626 3177 846 3238 fecerat,
886 3179 947 3226 ut
983 3167 1316 3238 impudentes
1364 3162 1587 3224 ﬁerent,
1617 3155 1710 3212 sed
1754 3163 1811 3208 ut
1851 3149 2214 3221 unusquisque

625 3284 777 3322 suam
799 3264 1092 3319 adatnaret.
1114 3258 1179 3313 Et
1200 3254 1550 3325 intelligentes,
1569 3248 1760 3319 inquit,
1778 3246 1831 3300 in
1855 3244 1991 3298 omni
2010 3242 2213 3313 sapien-

623 3361 695 3413 tia
724 3376 743 3413 :
772 3357 823 3411 id
870 3362 983 3419 est,
1015 3350 1283 3406 studiosos
1324 3356 1380 3402 et
1418 3343 1595 3399 omnis
1640 3336 1915 3409 sapientia:
1943 3349 2169 3405 capaces
2197 3349 2211 3386 :

626 3460 681 3505 ttt
708 3450 907 3503 doceret
936 3463 1021 3501 eos
1050 3444 1221 3497 literas
1247 3449 1297 3496 et
1343 3439 1568 3509 linguam
1591 3431 1971 3489 Cltaldteorum.
2001 3427 2213 3499 Moyses

624 3540 839 3611 quidem
865 3552 986 3594 cum
1012 3541 1157 3591 esset
1177 3546 1313 3588 unus
1340 3546 1373 3586 e
1399 3529 1579 3599 vulgo,
1606 3535 1664 3579 ut
1689 3539 1781 3579 rex
1803 3520 2065 3577 enutritus
2091 3529 2211 3573 est:

626 3635 681 3689 hi
714 3648 841 3689 vero
862 3646 983 3686 cum
1013 3644 1078 3684 ex
1108 3626 1273 3696 stirpe
1298 3622 1439 3694 regia
1470 3619 1574 3676 orti
1602 3624 1818 3682 essent,
1864 3613 2004 3668 inter
2031 3625 2217 3665 servos

627 3724 829 3781 herilcs
867 3720 1252 3778 educabantur.
1306 3711 1538 3769 Pulchre
1583 3710 1853 3780 provisqu
1896 3714 2020 3771 est,
2052 3711 2111 3756 ut
2138 3700 2217 3756 illi

626 3817 896 3873 discerent
925 3814 1107 3868 literas
1132 3818 1188 3866 et
1211 3809 1448 3879 linguam
1474 3802 1844 3859 Chaldaeorum
1864 3839 1881 3866 ,
1920 3813 1990 3853 ne
2017 3796 2218 3852 scilicet

626 3907 843 3979 quando
883 3904 1068 3959 Daniel
1097 3901 1167 3957 de
1193 3899 1399 3969 magnis
1428 3896 1534 3951 illis
1563 3895 1722 3951 rebus
1739 3908 1863 3949 cum
1890 3906 2015 3962 rege
2041 3890 2220 3961 loquu-

627 4011 779 4056 turus
802 4006 966 4061 esset,
995 3994 1187 4062 aliquis
1217 3989 1580 4046 interveniens
1611 3984 1852 4041 nonnihil
1882 3998 2068 4039 eorum
2098 3997 2217 4052 quze

628 4092 933 4148 dicerentur
952 4086 1289 4155 depravaret.
1313 4081 1552 4150 Quanam
1573 4086 1752 4132 autem
1773 4076 1841 4131 de
1860 4088 2019 4129 causa
2042 4073 2220 4127 adhuc

630 4184 685 4240 id
716 4182 817 4237 fit?
845 4180 915 4237 Ut
959 4178 1224 4247 intelligas
1253 4175 1397 4229 illius
1424 4170 1812 4243 philosophiam
1837 4210 1854 4237 ,
1885 4178 1940 4223 et
1964 4167 2145 4222 statim
2187 4182 2220 4219 a

630 4276 894 4350 principio
934 4270 1119 4328 videas
1156 4284 1263 4340 quo
1294 4275 1451 4339 pacto
1490 4273 1676 4320 ventre
1718 4262 1894 4333 potior
1932 4263 2022 4315 sit.
2071 4260 2221 4315 Alius

629 4371 828 4442 quippe
873 4366 1100 4422 dixisset
1135 4380 1151 4419 :
1195 4360 1450 4433 Captivus
1493 4373 1652 4424 sum;
1684 4355 1829 4410 nullo
1871 4353 1979 4408 alio
2006 4368 2069 4408 ex
2103 4352 2223 4406 loco

631 4457 930 4518 necessaria
975 4455 1041 4512 ad
1086 4455 1283 4509 victum
1329 4451 1461 4507 mihi
1508 4446 1951 4518 suppeditantur,
2004 4443 2223 4497 omnino

632 4557 870 4623 ignoscet
899 4550 1055 4603 Deus.
1087 4550 1156 4601 At
1184 4561 1291 4600 non
1333 4544 1406 4598 ita
1456 4543 1559 4598 iste
1590 4559 1604 4597 :
1632 4555 1739 4596 non
1790 4536 1933 4592 enim
1959 4534 2225 4590 mercedis

632 4644 859 4711 alicujus
909 4637 1115 4711 gratia,
1144 4646 1236 4690 aut
1280 4651 1345 4691 ex
1406 4634 1601 4689 timore
1652 4625 2015 4690 tantum,sed
2065 4624 2223 4679 etiam

633 4751 699 4790 ex
730 4732 951 4787 caritate
998 4729 1107 4783 Deo
1133 4726 1414 4787 serviebat.
1463 4722 1622 4778 Multa
1650 4736 1775 4776 cura
1819 4718 2074 4773 educatus
2102 4726 2184 4769 est
2207 4756 2222 4779 ,

635 4841 737 4881 nec
769 4824 931 4879 breve
961 4829 1172 4889 tempus
1212 4818 1263 4871 in
1301 4814 1474 4870 studia
1524 4811 1827 4882 insumpsit.
1882 4809 2015 4863 Tres
2056 4822 2226 4861 annos

644 4913 1155 4989 philosophabamur
1203 4917 1258 4963 et
1301 4916 1410 4961 tres
1460 4919 1628 4959 annos
1676 4900 2007 4973 jejunabant.
2064 4898 2227 4953 Vides

640 5002 1020 5081 prudentiam?
1053 4999 1152 5057 Ubi
1191 4998 1441 5053 cautione
1479 5009 1617 5065 opus
1642 5002 1765 5060 est,
1809 4990 1963 5046 valde
2009 4998 2227 5044 exactus

633 5116 747 5169 est,
783 5098 1028 5170 provisus
1053 5108 1117 5149 ac
1144 5092 1595 5159 circumSpectus;
1628 5101 1728 5141 nec
1758 5094 1963 5140 temere
1991 5082 2226 5152 seipsum

635 5193 853 5263 conjicit
874 5231 890 5257 ,
938 5187 1033 5244 sed
1074 5184 1340 5255 supplicat
1355 5197 1418 5236 ac
1443 5189 1688 5251 precatur
1718 5194 1732 5231 :
1761 5177 1848 5231 ubi
1873 5192 2003 5231 vero
2023 5175 2225 5229 nullum

637 5290 1015 5346 detrimentum
1063 5292 1184 5347 est,
1239 5280 1471 5348 linguam
1525 5273 1805 5330 barbaram
1859 5282 1915 5325 et
1968 5267 2230 5339 ejusmodi

638 5383 958 5454 sapientiam
984 5378 1192 5434 discere
1220 5388 1326 5429 non
1352 5370 1562 5432 renuit;
1591 5382 1699 5422 non
1726 5365 1868 5421 enim
1892 5363 2094 5419 crimen
2117 5370 2233 5417 erat

643 5453 781 5531 hanc
802 5473 1011 5529 discere
1029 5511 1045 5536 ,
1075 5483 1263 5525 verum
1285 5480 1347 5521 ea
1369 5463 1466 5518 uti.
1495 5460 1587 5516 Sic
1613 5458 1881 5530 praecipue
1906 5453 2235 5523 intelligebat

642 5567 959 5635 sapientiam
990 5577 1139 5616 suam
1176 5577 1191 5615 :
1227 5568 1387 5629 atque
1417 5554 1609 5609 iterum
1636 5566 1703 5607 ex
1728 5546 2148 5618 comparatione,
2178 5551 2237 5597 ut

643 5658 875 5713 disceret
911 5654 1113 5709 nullam
1159 5666 1281 5707 esse
1326 5646 1640 5717 sapientiam
1672 5643 1945 5699 llebraica:
1983 5638 2233 5701 similem,

648 5760 814 5822 atque
854 5747 1044 5806 t’ortior
1069 5745 1337 5804 evaderet.
1373 5740 1528 5809 Quod
1554 5740 1597 5795 si
1636 5738 1687 5795 id
1732 5736 1917 5793 fuisset
1955 5735 2190 5798 iniquum
2219 5771 2232 5795 ,

1330 288 1390 345 S.
1431 286 1708 345 JOANNIS
1744 283 2224 343 CHRYSOSTOMI
2260 285 2579 343 ARCHIEP.
2619 285 3156 343 CONSTANTINOP.
3742 301 3829 359 {ne

2322 403 2391 458 ibi
2419 403 2658 474 profecto
2681 403 2982 469 restitisset,
3018 414 3175 474 atque
3199 404 3327 461 adeo
3349 422 3682 478 repugnasset.
3701 415 3834 473 Vides

2314 497 2454 551 illius
2478 499 2701 552 virtutes
2728 496 2798 552 ab
2824 497 3013 552 eadem
3035 496 3236 565 origine
3262 500 3581 567 proﬂuxisse,
3607 519 3664 557 ex
3689 523 3773 572 qua
3806 510 3832 564 ii

2312 589 2402 660 qui
2426 591 2593 647 ventri
2618 590 2913 660 indulgent,
2934 606 3001 646 ex
3021 607 3122 659 qua
3141 590 3175 645 ii
3194 592 3406 662 quiallia
3431 594 3689 663 praeferunt
3709 600 3835 653 nian-

2316 683 2439 737 n:e?
2464 683 2591 739 inde
2616 685 2800 740 Daniel
2842 700 2963 739 cum
3005 693 3150 741 esset
3190 693 3370 755 ortus,
3412 687 3745 759 philosophum
3790 709 3838 747 se

2316 792 2448 833 esse
2494 779 2747 834 ostendit.
2780 779 2833 834 6.
2873 798 2892 832 ι
2923 781 2988 836 Et
3031 780 3083 835 in
3125 780 3207 836 his
3244 780 3449 838 fuerunt
3474 783 3535 838 de
3559 785 3666 839 filiis
3699 786 3835 850 Jttda,

2317 867 2539 935 Daniel,
2587 879 2643 925 et
2686 870 2945 938 Ananias,
2994 880 3050 927 et
3100 873 3338 941 Azarias,
3388 882 3440 927 et
3487 875 3674 930 Mizael.
3707 878 3751 930 7.
3788 879 3841 932 Et

2320 964 2574 1034 imposuit
2615 964 2694 1020 eis
2738 966 2953 1020 nomina
2997 966 3313 1036 praapositus
3356 968 3717 1027 cunuchorum;
3759 971 3839 1022 lla-

2315 1054 2442 1110 nieli
2489 1055 2743 1125 quidem,
2786 1056 3075 1122 Baltazar;
3128 1066 3183 1113 et
3231 1058 3443 1112 Ananiae
3469 1057 3841 1123 Sedraehuswt

2314 1148 2522 1203 Azaria:
2546 1191 2561 1213 ,
2609 1148 2933 1220 Abdenago;
2966 1159 3019 1205 et
3056 1150 3277 1215 Misaeli,
3308 1150 3577 1206 Misachus.
3604 1172 3621 1203 ι
3653 1154 3839 1217 Danicli,

2317 1242 2507 1313 inquit,
2540 1243 2791 1310 imposuit
2845 1258 3041 1298 nomen
3093 1244 3351 1298 Baltazar.
3386 1243 3456 1298 Ita
3503 1260 3696 1315 quoque
3736 1246 3845 1301 deus

2317 1335 2531 1390 illorum
2560 1337 2851 1391 vocabatur
2878 1356 2892 1390 :
2916 1337 3042 1407 quin
3072 1338 3248 1407 potius
3272 1338 3347 1392 sic
3371 1338 3712 1407 appellabatur
3733 1339 3845 1393 filius

2316 1427 2476 1497 regis.
2505 1428 2748 1482 Aususne
2787 1437 2872 1483 est
2926 1429 3087 1498 igitur
3132 1430 3397 1498 captivum
3449 1430 3626 1485 eodem
3665 1433 3847 1486 nomine

2318 1520 2868 1590 insignireiProrsus
2907 1521 2961 1576 id
3000 1537 3163 1577 ausus
3206 1533 3320 1588 est;
3366 1524 3461 1578 nisi
3503 1525 3633 1590 quod
3666 1542 3757 1579 non
3781 1536 3849 1580 est

2317 1608 3127 1683 idemnomen(a)acdecus,sed
3140 1614 3301 1668 multa
3328 1614 3596 1670 intercedit
3635 1616 3847 1671 dill‘ercn-

2317 1702 2410 1767 tia,
2438 1704 2577 1758 sicut
2622 1702 2675 1756 in
2714 1701 2983 1772 Joscpho,
3010 1702 3252 1757 adoravit
3286 1704 3434 1759 'eutn
3484 1715 3627 1773 pater
3686 1710 3846 1773 ipsius.

2316 1793 2421 1849 Sed
2452 1793 2581 1864 quid
2612 1794 2809 1864 magni,
2834 1809 3029 1848 nomen
3072 1793 3200 1847 illttd
3226 1793 3272 1848 ei
3301 1793 3513 1847 inditum
3537 1794 3681 1848 esse?
3703 1810 3851 1848 nonne

2317 1885 2478 1940 etiam
2517 1884 2677 1940 hodie
2701 1884 2840 1940 inter
2858 1885 3095 1955 plebeios
3120 1884 3362 1939 videmus
3384 1900 3559 1954 regum
3585 1885 3851 1939 nominibus

2317 1978 2572 2045 appellari
2604 1980 2839 2034 multos?
2858 1980 2928 2034 At
2950 1995 3054 2033 non
3079 1978 3132 2032 in
3162 1978 3325 2048 regia,
3349 1978 3485 2034 dicet
3505 1979 3697 2046 aliquis.
3716 1978 3853 2049 Cujus

2317 2076 2492 2121 autem
2517 2067 2591 2121 rei
2618 2068 2785 2135 gratia
2818 2068 3092 2122 nominum
3116 2068 3217 2122 ista
3245 2068 3461 2122 mutatio
3482 2068 3572 2121 fit?
3590 2069 3762 2136 Aspice
3782 2085 3853 2124 res

2317 2158 2550 2227 undique
2579 2158 2814 2229 disponi.
2842 2159 2960 2215 Non
2988 2159 3130 2215 videt
3158 2159 3424 2215 somnium
3448 2174 3558 2225 rex,
3586 2160 3853 2229 priusquam

2320 2263 2427 2306 tres
2456 2250 2529 2308 illi
2556 2255 2681 2307 anni
2708 2254 2957 2323 completi
2991 2254 3116 2309 sint.
3145 2253 3310 2310 Vides
3347 2254 3708 2325 providentiam
3744 2254 3858 2309 Dei?

2315 2341 2424 2400 Cur
2447 2344 2642 2414 igitur?
2660 2345 2728 2402 Ut
2752 2346 2940 2413 majori
2964 2346 3207 2402 libertate
3234 2346 3478 2419 loquendi
3502 2345 3670 2402 Daniel
3688 2342 3854 2401 fruere-

2320 2444 2427 2490 tur.
2461 2436 2552 2501 At,
2577 2437 2771 2492 dixerit
2789 2438 3001 2506 aliquis,
3026 2438 3360 2493 manifestius
3382 2441 3431 2493 in
3459 2439 3777 2491 admiratione
3802 2452 3853 2489 ac

2317 2527 2561 2583 claritate
2581 2522 2771 2579 fuisset
2780 2525 2986 2596 Daniel,
3001 2526 3044 2582 si
3056 2537 3180 2581 ante
3192 2522 3426 2579 tresillos
3437 2536 3599 2577 annos
3611 2522 3857 2578 Nabucho-

2316 2617 2551 2674 donosor
2577 2616 2840 2672 somnium
2868 2616 3110 2671 vidisset.
3157 2617 3318 2686 Atqui
3349 2615 3574 2670 edictum
3603 2614 3719 2668 illud
3745 2628 3854 2666 con.

2318 2719 2401 2766 tra
2440 2725 2637 2781 pueros
2678 2710 2945 2781 prolatum
2978 2724 3083 2764 non
3130 2707 3321 2763 fuisset
3357 2724 3371 2762 :
3401 2708 3553 2762 aliter
3587 2715 3748 2761 autem
3772 2716 3858 2759 nec

2318 2802 2524 2858 Danieli
2552 2801 2812 2857 creditum
2837 2808 2999 2856 esset.
3027 2800 3317 2868 Propterea
3345 2800 3397 2852 in
3423 2798 3593 2868 parvis
3611 2812 3667 2851 ac
3683 2794 3856 2863 exiguis

2316 2893 2480 2949 rebus
2514 2891 2791 2948 eunuchus
2820 2890 3209 2946 benevolentiae
3252 2890 3346 2944 Dei
3376 2904 3497 2959 erga
3528 2888 3640 2942 illos
3679 2885 3851 2955 pericuo

2318 2987 2426 3041 lum
2454 2986 2598 3050 facit,
2629 2994 2687 3040 ut
2712 2985 2924 3056 quando
2947 2984 3016 3039 de
3036 2981 3333 3051 majoribus
3361 2982 3522 3036 rebus
3543 2979 3678 3033 illum
3704 2986 3857 3047 postn-

2320 3080 2565 3144 laverint,
2593 3078 2840 3132 diffidens
2868 3092 2972 3131 non
3005 3084 3246 3146 respuat,
3276 3077 3345 3141 let
3374 3081 3433 3128 ut
3456 3073 3655 3128 discant
3683 3086 3739 3125 ea
3775 3068 3859 3122 lin-

2318 3188 2420 3239 gua
2467 3171 2665 3240 optime
2706 3170 2872 3239 loqui,
2927 3168 2995 3224 ad
3047 3167 3311 3238 majorem
3362 3165 3606 3221 nimirum
3651 3160 3867 3218 ﬁduciam

2320 3264 2689 3321 obtinendam.
2727 3264 2914 3318 Nonne
2942 3261 3091 3317 vides
3130 3260 3318 3315 Davidi
3348 3258 3399 3314 id
3430 3256 3726 3325 contigisse.
3761 3268 3861 3307 eum

2320 3374 2413 3413 rex
2459 3356 2583 3411 Saul
2614 3356 2681 3411 de
2721 3357 2880 3410 rebus
2915 3369 2982 3408 ex
3017 3360 3175 3407 relate
3216 3351 3489 3423 judicans,
3531 3348 3602 3403 illi
3629 3346 3861 3417 pollicenti

2320 3448 2463 3519 quod
2491 3447 2843 3517 alienigenam
2874 3444 3255 3500 interfecturus
3283 3452 3450 3509 esset,
3478 3440 3629 3495 ﬁdem
3666 3452 3759 3492 non
3788 3436 3863 3487 ha—

2323 3540 2473 3594 buit?
2499 3540 2574 3594 De
2598 3549 2796 3595 ctetero
2821 3537 3038 3593 adverte
3070 3536 3347 3591 Danielem
3387 3534 3605 3589 instituti
3644 3546 3700 3585 ac
3731 3537 3864 3583 secta:

2321 3631 2612 3687 barbariem
2640 3645 2857 3686 causam
2881 3637 2936 3685 et
2962 3628 3224 3683 rationem
3252 3627 3602 3683 intellexisse.
3637 3622 3864 3677 Barbam-

2322 3741 2441 3781 rum
2464 3725 2662 3794 quippe
2686 3722 2995 3792 disciplinas
3023 3730 3278 3777 accurate
3314 3718 3614 3775 didicerunt
3649 3715 3803 3769 Moses
3823 3718 3866 3761 et

2325 3818 2529 3873 Daniel.
2560 3816 2639 3871 Ne
2674 3816 2818 3871 enim
2858 3814 3154 3886 ignorantia
3194 3813 3439 3878 adducti,
3468 3818 3764 3882 putarentur
3788 3816 3864 3855 sua

2323 3909 2513 3965 alienis
2562 3907 2818 3979 praeferre
2865 3924 2880 3962 :
2929 3921 2991 3961 ea
3032 3906 3279 3975 permisit
3326 3903 3467 3969 illis,
3513 3899 3666 3957 etiam
3709 3896 3870 3951 alienae

2324 4002 2562 4058 scientize
2602 4000 2886 4070 participes
2917 3997 3029 4051 fieri
3060 4014 3074 4050 :
3109 4005 3160 4050 ut
3192 3995 3413 4066 quando
3451 3992 3645 4048 videris
3670 4004 3754 4043 seu
3789 4001 3868 4054 pn-

2327 4095 2431 4149 tius
2457 4091 2691 4149 audieris
2721 4090 2922 4146 Mosem
2944 4088 3234 4154 dicentem,
3270 4087 3396 4141 Non
3422 4095 3493 4141 est
3520 4081 3751 4154 sapientia
3767 4093 3872 4147 qua-

2325 4189 2387 4242 lis
2409 4195 2580 4241 nostra
2603 4184 2777 4255 (Deut.
2801 4180 2879 4255 4),
2903 4197 3007 4237 non
3035 4179 3410 4250 propensionis
3438 4194 3532 4233 nec
3559 4174 3739 4229 amoris
3760 4184 3870 4222 cen-

2325 4294 2447 4333 seas
2469 4291 2589 4333 esse
2614 4274 2954 4335 sententiam.
2984 4270 3078 4327 sed
3106 4272 3232 4326 recti
3254 4270 3463 4339 judieii.
3514 4267 3639 4323 Nam
3666 4261 3759 4318 diei
3788 4274 3869 4313 nc-

2325 4371 2443 4440 quit
2482 4368 2754 4423 Danielem
2798 4364 2924 4421 odio
2973 4380 3099 4434 erga
3136 4372 3501 4433 praeceptores
3544 4356 3779 4413 resiliisse
3819 4350 3876 4401 ab

2328 4462 2537 4517 illorum
2562 4458 2826 4514 doctrina.
2851 4455 3022 4510 Ambo
3041 4456 3204 4517 enim,
3230 4452 3408 4507 Moses
3432 4460 3488 4506 et
3516 4445 3709 4507 Daniel,
3734 4440 3881 4496 multo

2329 4553 2531 4606 honore
2559 4550 2625 4604 ab
2650 4548 2916 4605 extraneis
2942 4546 3266 4605 afﬁciuntur.
3314 4552 3371 4599 et
3402 4553 3574 4596 tamen
3600 4536 3759 4607 gentis
3785 4546 3879 4584 sum

2328 4646 2564 4701 instituta
2595 4649 2944 4711 anteponunt.
2976 4639 3043 4694 Et
3071 4637 3171 4691 hoc
3211 4645 3295 4692 est
3322 4633 3466 4703 quod
3510 4646 3627 4686 cum
3673 4623 3879 4681 admira-

2330 4737 2475 4791 tione
2519 4734 2588 4789 de
2625 4733 2771 4788 Mose
2809 4731 3018 4786 dicebat
3046 4728 3283 4784 Paulus:
3313 4725 3438 4780 Non
3466 4723 3611 4793 elegit
3646 4712 3881 4787 temporali

2394 4878 2467 4938 (α)
2501 4877 2696 4938 Gre-ce.
2734 4877 2854 4938 πλὴν
2896 4874 3129 4938 gentm
3157 4872 3213 4920 τὸ
3247 4872 3366 4938 ᾳύτρ
3396 4872 3574 4932 ὄνομα,
3621 4874 3714 4914 etc.
3758 4861 3871 4938 Nihil

2331 4922 2480 4990 video
2503 4922 2603 4986 nisi
2620 4922 2956 4997 exscriptoris
2992 4931 3320 4997 indiligentia
3347 4922 3708 4997 factuhi__'ess_e,
3748 4922 3874 4997 ul‘ad

2331 4983 2653 5050 ubs'ﬁin'ca‘
2695 4983 3019 5058 perv'enerint
3071 4983 3468 5058 eloquentissimi
3526 4983 3875 5058 Patrlsverlga.

2332 5046 2539 5111 gellicet
2557 5059 2673 5107 dum
2697 5046 2964 5107 ostendere
2997 5058 3101 5106 vult
3128 5046 3273 5116 longe
3305 5056 3596 5116 ampliorem
3636 5050 3781 5116 fuisse
3818 5046 3877 5091 fa-

2332 5110 2461 5173 mam
2490 5116 2926 5171 Baltasarisludaei
2960 5118 3082 5167 fama
3118 5110 3693 5173 Balt'asaris'Babylonii,
3724 5119 3877 5174 exem-

2332 5187 2467 5247 plum
2488 5179 2998 5247 ,Josephiadtluxerat
3022 5176 3452 5247 eximius_doctor_.
3493 5175 3706 5247 Uterque
3741 5179 3877 5247 enim.

2333 5234 2577 5299 :losephus
2600 5234 2656 5291 a'e
2679 5240 2887 5299 Daniel,
2915 5242 3043 5288 servi
3085 5254 3195 5288 cum
3241 5239 3479 5295 fuissent,
3506 5249 3622 5283 eum
3648 5234 3880 5299 honorem

2333 5294 2589 5358 consecuti
2631 5312 2773 5363 sunt,
2818 5294 2884 5351 ut’
2900 5303 3105 5359 adorari,
3149 5313 3283 5363 more
3312 5312 3488 5347 earum
3524 5294 3881 5363 gentium,_nte-

2336 5349 2874 5426 Fﬁéinit’;'in¢?r'egé;
2906 5365 3021 5411 Dan.
3052 5349 3206 5421 2:46;
3237 5359 3322 5409 ille
3347 5374 3385 5426 a_
3410 5349 3571 5426 patre.
3601 5359 3722 5426 Gen:
3743 5349 3877 5426 57,9.

2334 5438 2389 5479 et
2406 5430 2485 5488 47,
2507 5420 2562 5477 51
2591 5442 2602 5475 :
2625 5431 2675 5488 at
2702 5420 2920 5473 notarius
2941 5436 3227 5484 properatis.
3250 5434 3352 5488 rem
3375 5421 3599 5468 indicare
3621 5420 3879 5488 contentu}.

2337 5473 2485 5539 $666.4
2502 5473 2684 5537 omisit.
2720 5488 2834 5535 Haec
2857 5473 3123 5533 est'uostra
3163 5473 3410 5543 suspicio,
3453 5494 3547 5527 seu
3581 5473 3741 5543 potius
3770 5473 3884 5543 div}:

2336 5532 2485 5609 naui)“,
2508 5532 2667 5610 1135};
2675 5532 2756 5610 ili—
2768 5532 2935 5610 mvedio
2969 5532 3313 5610 relinquimds.
3337 5532 3595 5610 casterpm'
3615 5539 3683 5610 de
3700 5532 3881 5599 .loseplﬂ

2334 5600 2620 5661 adoratione
2652 5608 2845 5658 abunde
2875 5600 3221 5655 Theodorétus
3245 5606 3431 5663 Quaest.
3470 5602 3530 5648 l9
3563 5601 3617 5663 in
3652 5600 3883 5663 genesim.

2336 5658 2770 5737 eirviitosteriinitio
2799 5666 3046 5737 Orationis
3086 5666 3147 5715 26
3180 5668 3229 5717 in
3257 5658 3529 5726 Epistolam
3555 5662 3618 5712 ad
3652 5658 3884 5710 Hebraeos.

2338 5746 2389 5785 et
2415 5732 2625 5784 Humilia
2655 5733 2717 5781 6ιί
2742 5732 2791 5780 iu
2818 5732 3066 5781 Genesim.
