4054 6320
271 364 368 419 195

270 482 432 543 δειαν,
463 475 562 548 τὴν
594 478 943 549 γνησιότητα,
975 478 1037 532 τὸ
1065 478 1256 533 λευκὸν
1292 475 1449 535 εἶναι.
1468 478 1625 532 Ἀλλά
1660 478 1826 548 πρόσ-

270 601 445 653 κομμα
466 583 654 651 γέγονε
681 582 742 636 τό
762 584 976 648 κάλλος,
997 586 1151 654 φησί.
1167 587 1301 655 (ὶύχὶ
1328 584 1477 653 παρά
1500 584 1598 654 τὴν
1623 583 1829 635 οἰκείαν

268 686 435 755 φύσιν,
463 686 599 739 ἀλλὰ
641 687 790 757 παρά
828 688 929 758 τὴν
973 688 1242 760 ρᾳθυμίαν
1286 689 1393 742 τῶν
1435 688 1823 757 ἁλισκομένων.

268 793 351 860 Μὴ
381 792 795 861 καταμάνθανε
842 794 969 862 γὰρ,
1014 796 1167 865 φησὶ,
1212 794 1440 861 κάλλος
1484 795 1825 862 ἀλλότριον.

268 902 368 970 Οὐχ
407 900 597 964 ἁπλῶς
636 897 779 964 εἷπε,
827 902 924 970 Μὴ
964 903 1379 972 καταμάνθανε
1412 902 1657 968 κάλλος,
1694 901 1829 954 ἀλλά

270 1007 992 1079 προσέθηκεν,Ἆλλότριον,
1019 1009 1095 1074 ὡς
1123 1011 1185 1064 τό
1212 1028 1276 1079 γε
1308 1010 1509 1064 οίκείου
1538 1008 1828 1064 ἀπολαύειν

270 1112 413 1164 αίνεῖ.
448 1112 548 1165 Διά
579 1112 631 1166 τί
660 1114 767 1184 γάρ
791 1114 892 1168 οὐκ
920 1114 1303 1187 ἐξετραχήλισε
1330 1114 1421 1169 τὺν
1455 1114 1675 1185 Ἰωσὴφ,
1706 1113 1828 1168 οὐδὲ

273 1216 434 1284 βλᾶκα
454 1219 767 1289 εἰργάσατο,
781 1220 901 1273 οὐδὲ
919 1220 1214 1292 ἐνέπλησεν
1236 1221 1494 1285 ἀπονοίας
1514 1221 1607 1274 καὶ
1624 1220 1827 1290 τύφου;

274 1326 550 1391 Ἔλαφος,
583 1326 734 1394 φησὶ,
774 1326 999 1394 φιλίας,
1028 1325 1125 1379 καί
1168 1325 1369 1392 πῶλος
1419 1302 1548 1379 σῶν
1572 1326 1830 1394 χαρίτων

270 1430 534 1495 ὀμιλείτω
574 1446 695 1484 σοι.
736 1430 1039 1502 Σύνδεσμός
1069 1435 1183 1485 ἐστι
1208 1432 1480 1486 καὶτοῦτο
1505 1430 1597 1485 τοῦ
1624 1432 1826 1502 γάμου,

267 1530 394 1585 ὥστε
420 1535 558 1605 πρὸς
586 1534 654 1587 τά
677 1534 904 1605 σώματα
934 1536 1193 1608 ἐπτόηντο
1218 1539 1267 1591 οἱ
1297 1538 1592 1608 ἄνθρωποι.
1611 1536 1827 1608 Ἐπειδὴ

269 1640 364 1710 γάρ
397 1640 656 1695 ἐπίπονόν
685 1659 807 1696 τινα
845 1642 938 1696 καὶ
985 1644 1256 1715 μοχθηρὸν
1288 1646 1420 1714 ἡμῖν
1459 1644 1827 1697 κατεσκεύασε

268 1746 348 1799 τὸν
378 1748 515 1818 βίον,
553 1750 847 1820 ἐχαρίσατό
871 1768 994 1806 τινα
1026 1751 1117 1805 καὶ
1144 1752 1515 1823 παραμυθίαν.
1550 1749 1829 1804 Ἐντεῦθεν

268 1854 389 1921 ἡμῖν
413 1853 636 1923 ἀγάπης
680 1854 828 1909 ἐστὶν
865 1853 1195 1925 ὑπέκκαυμα
1224 1856 1322 1924 τῆς
1359 1853 1428 1907 τά
1455 1853 1631 1908 πάντα
1673 1851 1824 1925 [9.02]

271 1956 611 2029 συνεχούσης.
637 1958 814 2012 Πολλά
841 1960 949 2031 γάρ
977 1960 1306 2013 ἐσπούδασεν
1333 1961 1362 2012 6
1387 1959 1519 2023 Θεὸς
1549 1960 1643 2012 καὶ
1665 1962 1831 2031 ἐπρα-

270 2062 627 2130 γματεύσατο,
651 2062 792 2117 ὥστε
821 2064 912 2119 τὸν
944 2061 1039 2118 τοῦ
1065 2066 1243 2137 γάμου
1275 2064 1571 2133 σύνδεσμον
1607 2065 1825 2136 ἀρραγῆ

272 2163 461 2231 μένειν.
519 2166 629 2219 Καὶ
668 2167 775 2239 μὴν
817 2168 994 2234 τοῦτο,
1055 2168 1208 2241 φησι,
1254 2170 1445 2238 γέγονε
1497 2168 1829 2239 πρόσκομμα

271 2268 410 2338 παρὰ
460 2270 562 2339 τὴν
607 2271 804 2343 ἀρχήν.
840 2274 1095 2338 Ἰδόντες
1139 2273 1249 2344 γάρ
1292 2276 1346 2328 οἱ
1396 2274 1517 2328 υἱοὶ
1542 2274 1649 2328 τοῦ
1681 2274 1829 2328 Θεοῦ

272 2374 361 2439 τὰς
393 2375 721 2444 θυγατέρας
751 2378 869 2431 τῶν
890 2377 1166 2448 Ἑϐραίων
1194 2392 1220 2421 ιι
1259 2379 1320 2452 [ί.
1344 2378 1691 2451 άνθρώπων],
1741 2379 1829 2432 ὅτι

272 2479 440 2531 καλαί
487 2481 667 2547 εἰσιν,
713 2482 935 2536 ἔλαϐον
961 2484 1215 2548 ἑαυτοῖς.
1264 2485 1399 2555 Οὐχὶ
1433 2485 1593 2538 τοῦτο
1637 2484 1829 2552 γέγονε

272 2584 615 2655 πρόσκομμα,
648 2587 761 2640 ἀλλ’
790 2591 824 2659 ὴ
862 2588 1099 2657 ἀκρασία
1133 2589 1373 2643 ἐκείνων.
1428 2589 1615 2653 Καλάς
1659 2589 1830 2653 αύτάς

275 2689 535 2759 ἐποίησεν,
566 2691 663 2760 οὐχ
709 2691 797 2745 ῖνα
827 2695 1061 2758 ἀναιδεῖς
1098 2696 1153 2747 αἱ
1206 2695 1500 2765 θυγατέρες
1545 2694 1829 2763 γένωνται,

274 2793 373 2847 ἀλλ’
395 2795 482 2848 ἴνα
508 2796 739 2860 ἕκαστος
767 2799 972 2871 στέργῃ
992 2800 1092 2871 τὴν
1119 2800 1333 2853 ἐαυτοῦ.
1361 2800 1471 2853 Καὶ
1488 2800 1828 2864 συνιέντας,

274 2899 448 2968 φησὶν,
476 2901 730 2971 ἐνπάσῃ
749 2904 962 2972 σοφίᾳο
992 2905 1259 2969 τουτέστι,
1291 2904 1631 2969 σπουδαίους,
1660 2905 1833 2958 δεκτι·

276 3004 393 3068 κους
419 3006 553 3076 πρὸς
573 3008 757 3060 πᾶσαν
785 3008 975 3077 σοφίαν
991 3025 1004 3039 ’
1032 3009 1139 3063 τοῦ
1155 3008 1390 3073 διδάξαι
1417 3009 1638 3074 αὐτοὺς
1661 3008 1834 3077 τράμ-

275 3124 422 3175 ιιατα
451 3111 546 3163 καὶ
576 3111 868 3180 γλῶσσαν
894 3114 1223 3168 Χαλδαίων.
1254 3115 1313 3169 ’0
1346 3115 1442 3184 μὲν
1474 3110 1566 3168 οὖν
1594 3114 1832 3182 Μωῦσῆς

277 3211 479 3284 ιδιώτης
502 3214 595 3278 ὣν,
624 3214 699 3281 ὡς
740 3216 990 3287 βασιλεὺς
1034 3219 1272 3290 ἐτράφη·
1300 3213 1442 3272 οῦτοι
1467 3218 1523 3271 δὲ
1552 3219 1617 3271 ἐκ
1643 3218 1835 3287 γένους

275 3317 413 3382 ὅντες
440 3320 739 3389 βασιλικοῦ,
762 3324 819 3376 ἐν
844 3323 995 3390 τάξει
1017 3324 1215 3378 δούλων
1244 3323 1574 3378 δεσποτικῶν
1611 3323 1833 3394 ἀνετρέ-

276 3440 442 3489 φοντο.
471 3427 669 3491 Καλῶς
705 3433 1168 3500 προοικονομεῖται
1197 3430 1391 3495 αὐτοὺς
1427 3430 1617 3502 μαθεῖν
1654 3429 1834 3500 γράμο

281 3544 410 3596 ματα
435 3530 531 3583 καὶ
554 3531 805 3599 γλῶσσαν
840 3518 1142 3597 Χαλδαίων,
1182 3533 1248 3587 ἵν’
1275 3534 1401 3586 ὅταν
1438 3534 1605 3605 μέλλῃ
1630 3532 1710 3603 τῷ
1740 3532 1836 3603 βα-

279 3634 406 3687 σιλεῖ
432 3635 776 3705 διαλέγεσθαι
797 3638 995 3711 Δανιὴλ
1021 3640 1149 3710 περὶ
1175 3639 1285 3693 τῶν
1314 3639 1564 3710 μεγάλων
1588 3639 1834 3704 ἐκείνων.

278 3739 456 3810 μηδεὶς
478 3742 685 3812 μεταξὺ
709 3746 1080 3815 παρεμπεσὼν
1101 3748 1382 3817 κακουργῇ
1404 3763 1458 3799 τι
1482 3744 1589 3799 τῶν
1612 3744 1836 3816 λεγομέ-

274 3860 391 3899 νων.
419 3847 579 3911 Τίνος
605 3848 662 3903 δὲ
703 3849 890 3904 ἕνεκεν
930 3853 1026 3905 καὶ
1059 3850 1218 3905 τοῦτο
1240 3851 1482 3919 γίνεταις
1507 3852 1625 3905 Ἵνα
1658 3851 1837 3922 μάθῃς

274 3950 430 4004 αὑτοῦ
461 3952 564 4025 τὴν
581 3953 918 4024 φιλοσοφίαν,
948 3956 1042 4011 καὶ
1073 3957 1189 4029 ίδῃς
1207 3956 1408 4020 εὐθέως
1428 3957 1489 4020 ἐξ
1518 3957 1694 4028 ἀρχῆς
1718 3957 1836 4021 πῶς

270 4055 531 4124 κρείττων
573 4057 690 4111 ἐστὶ
737 4057 992 4131 γαστρός.
1032 4060 1144 4114 Καὶ
1193 4059 1299 4131 μὴν
1338 4060 1524 4131 ἔτερος
1565 4054 1718 4114 εἶπεν
1746 4062 1835 4127 ἀν,

270 4160 617 4233 Λίχμάλωτός
639 4165 775 4236 είμι,
814 4166 1111 4236 οὐδαμόθεν
1138 4167 1245 4238 ἔχω
1276 4166 1373 4236 τὴν
1399 4168 1698 4236 ἀναγκαίαν
1720 4187 1840 4242 τρο·

273 4261 395 4333 ςὴν,
431 4268 808 4335 συγγνώσεται
845 4272 1061 4334 πάντως
1096 4274 1125 4325 6
1166 4271 1317 4335 Θεός.
1370 4271 1510 4326 Ἀλλ’
1538 4273 1635 4343 οὐχ
1665 4272 1839 4339 οὕτως

270 4362 449 4434 οὗτος·
491 4371 556 4425 ού
586 4372 693 4445 γάρ
723 4374 900 4446 μισθῷ
925 4393 1030 4429 τινι
1056 4378 1148 4430 καὶ
1192 4378 1339 4449 φόϐῳ
1367 4378 1546 4449 μόνον,
1576 4378 1714 4432 ἀλλά
1746 4379 1840 4433 καὶ

276 4475 460 4548 ἀγάπῃ
492 4476 741 4531 ἐδούλευε
782 4478 862 4549 τῷ
909 4480 1049 4551 Θεῷ,
1088 4481 1288 4552 πολλῆς
1328 4483 1619 4538 ἀπολαύων
1646 4484 1841 4554 ἐπιμε-

278 4576 441 4645 λείας,
476 4583 574 4635 xu}.
622 4583 651 4634 6
693 4583 883 4653 χρόνος
912 4584 973 4637 οὐ
1017 4584 1237 4656 βραχύς.
1264 4586 1401 4657 Ἔτη
1439 4587 1564 4658 τρία
1599 4586 1841 4657 ἐφιλοσό-

277 4698 424 4749 φουν,
455 4685 527 4739 τά
557 4687 682 4756 τρία
728 4686 823 4757 ἔτη
856 4690 1160 4760 ἐνήστευον.
1200 4690 1363 4761 Ὁρᾷς
1398 4691 1647 4758 σύνεσιν;
1673 4691 1841 4744 Ἔνθα

277 4789 367 4857 μὲν
391 4794 565 4864 ἐχρῆν
598 4794 955 4863 φυλάξασθαι,
980 4797 1181 4866 σφόδρα
1209 4797 1461 4868 ἀκριϐὴς,
1495 4797 1588 4851 καὶ
1611 4814 1842 4867 προνοη-

275 4897 437 4961 ττκδς,
472 4902 569 4952 καὶ
606 4902 704 4972 οὐχ
738 4902 926 4967 ἁπλῶς
971 4902 1305 4974 ἐπιρρίπτων
1339 4903 1551 4970 ἐαυτὸν,
1588 4904 1704 4958 ἀλλ’
1728 4906 1842 4958 ίκε-

275 5001 443 5055 τεύων
481 5005 575 5057 καὶ
610 5005 897 5076 δεόμενος’
954 5006 1081 5062 ἔνθα
1127 5007 1185 5061 δὲ
1236 5007 1388 5064 οὐδὲν
1438 5008 1725 5072 ἔϐλαπτεν,
1778 5009 1839 5062 οὐ

280 5109 624 5178 παρῃτήσατο
653 5110 844 5181 μαθεῖν
876 5111 1121 5180 γλῶτταν
1154 5111 1489 5185 βαρϐαρικὴν
1522 5114 1616 5168 καὶ
1648 5112 1840 5183 σοφίαν

276 5211 545 5281 τοιαύτην.
593 5215 668 5267 υύ
705 5215 816 5287 γάρ
862 5216 927 5285 δὴ
962 5216 1024 5268 τὸ
1064 5216 1253 5287 μαθεῖν
1285 5218 1535 5288 ἔγκλημα
1574 5213 1664 5288 ἦν,
1706 5217 1840 5271 ἀλλά

274 5310 333 5361 τὸ
358 5316 683 5384 χρήσασθαι.
716 5318 871 5373 Οῦτω
906 5320 1138 5389 μάλιστα
1173 5320 1370 5391 ἔμαθεν
1404 5322 1471 5376 ἂν
1509 5323 1609 5393 τὴν
1655 5322 1843 5393 σοφίαν

276 5417 372 5485 τὴν
413 5423 541 5490 παρ’
582 5424 786 5495 ἐαυτῷ·
816 5425 926 5477 ἀπὸ
972 5427 1310 5497 συγκρίσεως
1342 5427 1522 5491 πάλιν,
1567 5427 1655 5481 ἴνα
1698 5428 1843 5499 μάθῃ

277 5515 355 5568 ὅτι
380 5521 483 5573 οὑκ
505 5522 611 5578 ἔστι
635 5526 794 5596 σοφία
829 5528 990 5600 ἑτέρα
1024 5530 1112 5582 οἷα
1135 5533 1167 5600 ὴ
1198 5530 1484 5599 Ἐϐραίων,
1512 5532 1596 5584 ἵνα
1630 5531 1844 5604 ἰσχυρόο

336 5788 604 5870 ξᾴξὶοιιάυιη
628 5802 772 5870 natu-3
793 5797 1387 5870 eragHeberJauiopost
1409 5801 1531 5855 forte
1556 5804 1756 5870 legend.
1787 5805 1851 5861 εἰς

278 5849 537 5912 Μητέρα-ς,
553 5868 648 5905 που
670 5861 719 5905 αἱ
736 5860 995 5922 θυγατέοες.

1634 360 1698 415 ΙΝ
1742 356 2112 413 DANIELEM.

3407 369 3507 421 12m

1933 494 2090 549 τερος
2110 477 2213 548 εἴη.
2247 478 2356 530 Καὶ
2389 476 2493 548 μὴν
2508 479 2556 531 εί
2585 479 2679 533 καὶ
2708 477 3023 550 παράνομον
3043 473 3131 550 ἦν,
3158 479 3252 534 καὶ
3278 481 3511 541 ἐνταῦθα

1936 584 2066 655 ἔστη
2102 585 2169 638 ἂν
2205 587 2299 639 καὶ
2337 586 2662 656 ὴγωνίσατο.
2695 581 2848 650 Εἶδες
2878 589 2959 641 ὅτι
2994 587 3185 642 τούτου
3211 593 3264 643 αἱ
3295 591 3506 660 ἀρεταὶ,

1935 689 2056 741 ὅθεν
2087 691 2135 742 οί
2178 691 2596 763 γαστρίμαργοι,
2630 690 2751 745 ὅθεν
2788 694 2837 745 οἱ
2889 693 3088 763 σκόρδα
3135 697 3509 764 προτιμῶντες

1935 792 2029 845 τοῦ
2061 796 2232 865 μάννα
2254 813 2267 861 ;
2316 795 2595 850 Ἐντεῦθεν
2620 797 2648 850 6
2676 796 2874 868 Δανιὴλ
2899 796 2973 852 ὣν
2997 798 3283 867 φιλόσοφος
3309 798 3505 869 ἐφάνη.

1934 899 2043 953 Καὶ
2094 901 2371 971 ἐγένοντο
2411 902 2482 956 ἐν
2508 901 2714 969 αὐτοῖς
2749 903 2817 956 ἐκ
2844 901 2962 956 τῶν
2982 903 3127 957 υἱῶν
3159 904 3364 965 Ἰούδα,
3397 907 3508 960 Aa-

1933 1004 2098 1071 νιὴλ,
2134 1007 2232 1059 καὶ
2280 1008 2577 1074 Ἀνανίας,
2624 1008 2727 1061 καὶ
2776 1007 3061 1075 Ἀζαρίας,
3093 1009 3190 1062 καὶ
3239 1008 3503 1076 Μισαήλ.

1935 1109 2045 1163 Καὶ
2090 1111 2383 1180 ἐπέθηκεν
2429 1112 2633 1178 αὐτοῖς
2672 1115 2705 1165 ό
2745 1112 3177 1184 ἀρχιευνοῦχος
3225 1116 3504 1185 ὀνόματα,

1932 1217 2014 1283 τῷ
2033 1217 2151 1286 μὲν
2162 1216 2386 1286 Δανιὴλ
2411 1218 2749 1286 Βαλτάσαρ,
2778 1218 2874 1272 καὶ
2895 1218 2973 1283 τῷ
3001 1219 3231 1286 Ἀνανίᾳ
3259 1221 3505 1290 Σεδρὰχ,

1934 1324 2035 1377 καὶ
2065 1321 2145 1389 τῷ
2186 1321 2417 1391 Ἀζαρία
2450 1322 2817 1393 Ἀὄδεναγὼν
2856 1322 2983 1394 [ιον.
3026 1322 3377 1396 Ἀϐδεναγὼ],
3409 1326 3505 1379 καὶ

1935 1428 2016 1493 τῷ
2048 1428 2291 1496 Μισαὴλ
2336 1428 2560 1497 Μισάχ.
2600 1429 2692 1500 Τῷ
2734 1429 2953 1500 Δανιὴλ,
3002 1429 3157 1498 φησὶ,
3219 1431 3507 1503 Βαλτάσαρ

1938 1534 2202 1605 ἐπέθηκεν
2235 1535 2424 1604 ὄνομα.
2462 1536 2570 1588 Καὶ
2612 1536 2640 1587 6
2688 1534 2805 1598 θεὸς
2837 1535 3017 1589 αὐτῶν
3056 1535 3228 1599 οὕτως
3270 1535 3505 1603 ἐλέγετο,

1941 1639 2139 1709 μᾶλλον
2166 1641 2222 1693 δὲ
2247 1643 2274 1694 6
2299 1641 2411 1705 υίὸς
2440 1641 2534 1694 τοῦ
2562 1640 2823 1711 βασιλέως
2856 1641 3028 1704 οὕτως
3067 1641 3300 1709 ἐλέγετο.
3328 1641 3508 1695 Ἑτόλ-

1940 1760 2077 1813 μησε
2105 1743 2207 1797 κᾶν
2229 1739 2321 1797 οῦν
2346 1744 2436 1797 τὸν
2458 1745 2800 1815 αἰχμάλωτον
2822 1745 2963 1799 οῦτω
2994 1745 3238 1810 καλέσας
3265 1745 3507 1799 Μάλιστα

1939 1847 2089 1919 [2051
2127 1848 2227 1919 μὲν
2263 1846 2356 1904 οῦν
2392 1850 2689 1921 ἐτόλμησεν
2716 1851 2811 1906 ἀν’
2854 1850 2991 1922 πλὴν
3029 1853 3129 1905 οὐκ
3158 1853 3271 1905 ἔστι
3292 1851 3353 1905 τὸ
3377 1852 3506 1905 αὐτὸ

1936 1929 2273 2023 ὄνομα,ἀλλά
2299 1954 2465 2023 πολλὴ
2495 1956 2527 2025 ὴ
2552 1954 2806 2025 διαφορὰ,
2832 1954 3020 2026 ὥσπερ
3046 1957 3137 2009 ἐπὶ
3162 1956 3255 2010 τοῦ
3286 1956 3503 2029 Ἰωσὴφ,

1937 2058 2339 2129 προσεκύνησεν
2364 2060 2523 2111 αὐτὸν
2557 2062 2585 2112 6
2616 2061 2800 2131 πατὴρ
2826 2058 3013 2113 αὐτοῦ.
3046 2062 3153 2114 Καὶ
3187 2061 3240 2113 τί
3280 2062 3419 2131 μέγα
3446 2060 3507 2113 τδ

1938 2164 2105 2233 ὄνομα
2148 2164 2305 2217 τοῦτο
2351 2165 2613 2236 κληθῆναι
2649 2167 2844 2231 αύτόν;
2889 2166 2986 2237 ούχ
3033 2166 3247 2238 ὁρῶμεν
3292 2168 3384 2221 καὶ
3412 2164 3507 2219 νῦν

1936 2271 2051 2331 τοῖς
2104 2269 2213 2321 τῶν
2256 2269 2520 2338 βασιλέων
2564 2271 2821 2340 ὀνόμασιν
2877 2269 3092 2334 ἰδιώτας
3143 2269 3507 2341 καλουμένους

1939 2372 2201 2440 πολλούςς
2250 2373 2390 2426 Ἀλλ’
2423 2373 2521 2427 οὐκ
2572 2375 2632 2426 ἐν
2662 2376 2776 2438 τοῖς
2816 2374 3126 2445 βασιλείοις,
3164 2373 3317 2443 φησί.
3353 2374 3507 2436 Τίνος

1937 2477 1993 2531 δὲ
2030 2478 2213 2531 ἕνεκεν
2245 2480 2279 2550 ἡ
2313 2480 2421 2533 τῶν
2462 2479 2743 2551 ὀνομάτων
2783 2480 3055 2551 μεταϐολὴ
3088 2479 3328 2548 γίνεται;
3364 2480 3508 2550 Ὅρα

1940 2582 2201 2636 πάντοθεν
2240 2584 2665 2655 οίκονομούμενα
2710 2583 2780 2638 τά
2825 2585 3145 2655 πράγματα.
3180 2585 3255 2636 Οὐ
3294 2583 3508 2654 πρῶτον

1938 2686 2040 2757 ὁρᾷ
2068 2687 2127 2740 τὸ
2155 2687 2423 2752 ἐνύπνιον,
2458 2688 2563 2753 ἕως
2599 2687 2694 2742 τοῦ
2727 2688 3080 2760 πληρωθῆναι
3127 2689 3196 2742 τὰ
3226 2690 3351 2761 τρία
3390 2687 3503 2756 ἔτη.

1952 2792 2112 2863 Ὁρᾷς
2159 2794 2241 2847 ὅτι
2278 2794 2409 2859 Θεὸς
2455 2797 2760 2865 οἱκονομεῖς
2806 2794 2961 2858 Τίνος
3006 2791 3100 2850 οῦν
3144 2795 3355 2858 ἐνεκεν;
3392 2793 3507 2847 Ἵνα

1942 2898 2182 2962 πλείονος
2210 2899 2519 2971 παρρησίας
2562 2899 2863 2973 ἀπολαύσῃ.
2896 2901 3004 2956 Καὶ
3038 2901 3142 2972 μὴν
3181 2900 3509 2971 σαφέστερον

1942 3003 2258 3073 ἐθαυμάσθη
2298 3004 2382 3068 ἂν,
2416 3008 2509 3060 καὶ
2535 3006 2731 3076 ἐφάνη,
2763 3006 2905 3059 εἴποι
2938 3023 3020 3069 τις
3055 3006 3141 3069 ἂν,
3170 3007 3217 3059 εἰ
3259 3005 3366 3077 πρὸ
3400 3005 3510 3059 τῶν

1940 3108 2107 3178 τριῶν
2139 3108 2274 3164 ἐτῶν
2311 3104 2415 3163 εἶδε
2450 3110 2512 3163 τὸ
2549 3110 2821 3171 ἐνύπνιον.
2853 3110 2990 3163 Ἀλλ’
3030 3111 3129 3163 οὐκ
3159 3110 3225 3164 ἂν
3250 3104 3381 3180 ἦλθε
3416 3110 3510 3163 καὶ

1942 3214 2063 3266 κατ’
2111 3214 2292 3267 αὐτῶν
2334 3214 2393 3268 τὺ
2443 3216 2641 3287 δόγμα,
2692 3216 2865 3279 ἄλλως
2898 3216 2953 3270 δὲ
2991 3216 3099 3269 οὐδ’
3136 3214 3429 3285 ἐπιστεύθη
3482 3216 3512 3267 6

1942 3321 2160 3391 Δανιήλ.
2191 3321 2289 3374 Διὰ
2312 3321 2471 3375 τοῦτο
2498 3323 2556 3375 ἐν
2587 3325 2699 3386 τοῖς
2729 3326 2945 3395 μικροῖς
2978 3323 3070 3377 καὶ
3096 3323 3340 3377 ἐλάττοσι
3370 3322 3511 3391 λαμ-

1944 3424 2095 3478 ϐάνει
2130 3428 2323 3497 πεῖραν
2358 3426 2459 3497 τῆς
2498 3428 2709 3492 εὐνοίας
2736 3428 2828 3481 τοῦ
2856 3427 2991 3481 Θεοῦ
3031 3428 3131 3498 τῆς
3165 3429 3290 3499 περὶ
3317 3427 3512 3488 αὐτοὺς

1944 3528 1973 3579 6
2004 3528 2277 3600 εὐνοῦχος,
2313 3530 2380 3583 ἵν’
2406 3531 2534 3584 ὅταν
2565 3530 2705 3605 ὑπὲρ
2732 3532 2843 3585 τῶν
2870 3532 3133 3602 μειζόνων
3166 3531 3390 3598 ἀξιῶσιν
3415 3530 3513 3583 αύ-

1944 3633 2055 3700 τδν,
2088 3635 2163 3708 μὴ
2192 3636 2551 3708 διαπιστήσας
2573 3637 2830 3711 διαπτύῃ.
2860 3638 2956 3693 καὶ
2984 3639 3070 3692 ἴνα
3098 3638 3308 3709 μάθωσι
3336 3636 3513 3699 καλῶς

1943 3738 2305 3808 διαλέγεσθαι,
2346 3741 2433 3795 ἵνα
2472 3741 2720 3807 πλείονες
2764 3742 3077 3815 παρῥησίας
3113 3742 3511 3797 ἀπολαύσωσιν.

1946 3846 2058 3917 Οὐχ
2093 3847 2225 3919 όρᾷς
2269 3847 2378 3902 ἀπὸ
2410 3848 2441 3889 ιι
2496 3848 2593 3903 τοῦ
2627 3848 2789 3903 Δαυῒδ
2827 3848 2987 3903 τοῦτο
3022 3849 3344 3919 γενόμενον;
3400 3850 3514 3914 πῶς

1945 3948 2298 4021 διηπίστησεν
2333 3951 2482 4022 αύτῷ
2520 3953 2549 4006 ό
2597 3953 2851 4024 βασιλεὺς
2882 3954 3335 4025 ἐπαγγελλομένῳ
3357 3956 3514 4010 ἀλλό-

1947 4052 2114 4120 φυλον
2162 4054 2430 4125 αἱρήσειν,
2476 4055 2587 4108 ἀπὸ
2634 4056 2734 4126 τῆς
2768 4055 2986 4126 ἡλικίας
3026 4056 3226 4129 κρίνων
3262 4057 3333 4112 τά
3374 4061 3517 4131 πρά-

1947 4175 2165 4229 γματα;
2202 4161 2342 4232 ὐρα
2374 4160 2560 4215 λοιπὸν
2583 4162 2683 4233 τῆς
2709 4162 2828 4217 ὁδοῦ
2859 4162 2957 4234 τὴν
2982 4163 3161 4217 αἰτίαν
3194 4162 3382 4218 τοῦτον
3408 4184 3516 4236 μα-

1949 4264 2129 4319 θόντα.
2160 4266 2281 4319 Τῶν
2313 4266 2603 4338 βαρὸάρων
2644 4267 2845 4338 ἔμαθον
2876 4267 3119 4337 ἀκριϐῶς
3148 4269 3386 4339 Μωῦσῆς
3423 4272 3518 4323 καλ⁸

1947 4372 2165 4442 Δανιὴλ.
2209 4373 2327 4426 Ἵνα
2373 4373 2480 4445 γὰρ
2531 4373 2607 4445 μὴ
2648 4373 2841 4444 ἀγνοίᾳ
2880 4373 3077 4427 δοκῶσι
3127 4377 3398 4446 προτιμᾷν
3446 4376 3516 4430 τά

1947 4476 2124 4529 οἰκεῖα
2152 4478 2261 4529 τῶν
2307 4476 2621 4548 ἀλλοτρίων,
2651 4478 2841 4531 τούτου
2878 4479 3038 4549 χάριν
3066 4478 3287 4548 ἀφίησιν
3319 4480 3517 4544 αὐτοὺς

1953 4579 2201 4650 μετέχειν
2229 4582 2521 4645 κάκείνων,
2551 4581 2619 4635 ἵν’
2649 4582 2778 4635 ὅταν
2815 4582 2952 4655 ῐδῃς,
2987 4582 3183 4652 μᾶλλον
3206 4582 3252 4635 δ’
3280 4583 3517 4655 ἀκούσῃς

1948 4684 2226 4748 Μωῦσέως
2262 4684 2528 4754 λέγοντος,
2562 4686 2644 4739 ὅτι
2672 4688 2794 4739 Οὐκ
2812 4686 2943 4740 ἐστι
2971 4687 3156 4755 σοφία
3184 4687 3280 4741 οἵα
3309 4688 3347 4756 ἡ
3379 4687 3518 4756 ἠμε-

1951 4789 2110 4857 τέρα,
2153 4793 2288 4860 μήτε
2324 4790 2572 4861 φίλτρου,
2600 4791 2736 4861 μήτε
2758 4790 2974 4859 ἀγάπης
3008 4786 3143 4844 εἴναι
3172 4791 3397 4863 νομίσῃς
3419 4791 3519 4861 τὴν

1953 4893 2244 4967 ἀπόφασιν.
2274 4893 2411 4947 άλλά
2437 4893 2667 4965 κρίσεως
2693 4894 2876 4964 ὀρθῆς.
2896 4894 3029 4947 Οὐδὲ
3051 4893 3320 4963 γάρέστιν
3346 4896 3519 4947 εἰπεῖν

1951 4998 2031 5051 ὅτι
2062 4998 2150 5052 διὰ
2189 4998 2249 5051 τὸ
2300 4998 2437 5069 πρὸς
2481 4999 2607 5062 τοὺς
2646 4997 2962 5063 διδάξαντας
3000 4998 3165 5069 ἄχθος
3198 4997 3516 5067 ἀπεπήδησε

1950 5103 2050 5173 τῆς
2105 5103 2329 5157 ἐκείνων
2376 5102 2729 5167 παιδεύσεως.
2794 5103 3117 5173 Ἀμφότεροι
3164 5098 3272 5169 γάρ
3321 5099 3518 5170 πολλῆς

1951 5208 2281 5262 ἀπολαύουσι
2335 5209 2435 5279 τῆς
2482 5210 2668 5277 τιμῆς.
2716 5209 2811 5262 καὶ
2860 5206 3167 5279 προτιμῶσι
3210 5205 3277 5257 τά
3322 5206 3515 5258 οἰκεῖα.

1953 5315 2130 5384 Ὅπερ
2152 5310 2242 5367 οῦν
2268 5315 2359 5367 καὶ
2388 5313 2597 5377 Παῦλος
2625 5313 2916 5383 θαυμάζων
2938 5312 3138 5377 ἔλεγεν·
3174 5312 3294 5379 Οὐχ
3325 5310 3519 5363 εἵλετο

1954 5421 2323 5486 πρόσκαιρον
2352 5420 2515 5487 ἔχειν
2559 5418 2847 5486 ἁμαρτίας
2892 5416 3253 5473 ἀπόλαυσιν,
3281 5413 3519 5481 μείζονα

1955 5523 2222 5577 πλοῦτον
2253 5523 2637 5593 ἡγησάμενος
2666 5519 2782 5594 τῶν
2806 5521 2875 5571 ἐν
2903 5518 3177 5588 Αἰγύπτῳ
3204 5516 3519 5586 θησαυρῶν

2018 5796 2049 5837 δ
2071 5798 2174 5848 Scr.
2209 5798 2317 5847 ὑπό.
2341 5798 2411 5848 Ib.
2439 5802 2534 5845 τῶν
2573 5796 2836 5859 βαρϐάρων.
2881 5793 3116 5856 Ριεεροηε
3164 5791 3239 5841 τά.
3278 5789 3405 5840 Infra
3431 5800 3522 5854 pm

1960 5860 2099 5926 ἄχθος
2115 5859 2239 5912 forte
2256 5862 2398 5910 scrib.
2424 5863 2575 5925 ἰχθυς.
