  <div class='ocr_page' id='page_1' title='image "/cluster/home/n/w/nwhite01/storage/ocr_20150623/56/mdp.39015028574351/201.png"; bbox 0 0 4054 6320; ppageno 0'>
   <div class='ocr_carea' id='block_1_1' title="bbox 472 358 574 416">
    <p class='ocr_par' dir='ltr' id='par_1_1' title="bbox 472 358 574 416">
     <span class='ocr_line' id='line_1_1' title="bbox 472 358 574 416; baseline -0.029 -1"><span class='ocrx_word' id='word_1_1' title='bbox 472 358 574 416; x_wconf 71' lang='lat'>197</span> 
     </span>
    </p>
   </div>
   <div class='ocr_carea' id='block_1_2' title="bbox 468 460 2042 533">
    <p class='ocr_par' dir='ltr' id='par_1_2' title="bbox 468 460 2042 533">
     <span class='ocr_line' id='line_1_2' title="bbox 468 460 2042 533; baseline -0.01 -6"><span class='ocrx_word' id='word_1_2' title='bbox 468 474 577 526; x_wconf 79' lang='grc' dir='ltr'>τὸν</span> <span class='ocrx_word' id='word_1_3' title='bbox 622 464 962 531; x_wconf 80' lang='grc' dir='ltr'>ὀνειδισμὸν</span> <span class='ocrx_word' id='word_1_4' title='bbox 994 463 1101 518; x_wconf 89' lang='grc' dir='ltr'>τοῦ</span> <span class='ocrx_word' id='word_1_5' title='bbox 1135 463 1418 533; x_wconf 82' lang='grc' dir='ltr'>Χριστοῦ.</span> <span class='ocrx_word' id='word_1_6' title='bbox 1462 463 1572 518; x_wconf 87' lang='lat' dir='ltr'>Kal</span> <span class='ocrx_word' id='word_1_7' title='bbox 1618 462 1786 517; x_wconf 77' lang='grc' dir='ltr'>ἔθετο</span> <span class='ocrx_word' id='word_1_8' title='bbox 1815 460 2042 526; x_wconf 91' lang='grc' dir='ltr'>Δανιὴλ</span> 
     </span>
    </p>
   </div>
   <div class='ocr_carea' id='block_1_3' title="bbox 466 562 2042 640">
    <p class='ocr_par' dir='ltr' id='par_1_3' title="bbox 466 562 2042 640">
     <span class='ocr_line' id='line_1_3' title="bbox 466 562 2042 640; baseline -0.019 2"><span class='ocrx_word' id='word_1_9' title='bbox 466 574 536 627; x_wconf 71' lang='grc' dir='ltr'>ἐν</span> <span class='ocrx_word' id='word_1_10' title='bbox 566 570 641 640; x_wconf 68' lang='grc' dir='ltr'>τῇ</span> <span class='ocrx_word' id='word_1_11' title='bbox 672 568 884 637; x_wconf 72' lang='grc' dir='ltr'>καρδίᾳ</span> <span class='ocrx_word' id='word_1_12' title='bbox 910 566 1094 620; x_wconf 74' lang='grc' dir='ltr'>αὐτοῦ</span> <span class='ocrx_word' id='word_1_13' title='bbox 1120 566 1206 635; x_wconf 80' lang='grc' dir='ltr'>μὴ</span> <span class='ocrx_word' id='word_1_14' title='bbox 1236 566 1634 635; x_wconf 76' lang='grc' dir='ltr'>ἁλιστηθῆναι</span> <span class='ocrx_word' id='word_1_15' title='bbox 1666 579 1691 605; x_wconf 72' lang='grc' dir='ltr'>ι</span> <span class='ocrx_word' id='word_1_16' title='bbox 1717 564 1786 617; x_wconf 84' lang='grc' dir='ltr'>ἐν</span> <span class='ocrx_word' id='word_1_17' title='bbox 1807 562 1881 631; x_wconf 82' lang='grc' dir='ltr'>τῇ</span> <span class='ocrx_word' id='word_1_18' title='bbox 1907 578 2042 630; x_wconf 81' lang='grc' dir='ltr'>τρα-</span> 
     </span>
    </p>
   </div>
   <div class='ocr_carea' id='block_1_4' title="bbox 469 666 2041 744">
    <p class='ocr_par' dir='ltr' id='par_1_4' title="bbox 469 666 2041 744">
     <span class='ocr_line' id='line_1_4' title="bbox 469 666 2041 744; baseline -0.007 -15"><span class='ocrx_word' id='word_1_19' title='bbox 469 676 613 744; x_wconf 74' lang='grc' dir='ltr'>πέζῃ</span> <span class='ocrx_word' id='word_1_20' title='bbox 651 673 758 727; x_wconf 84' lang='grc' dir='ltr'>τοῦ</span> <span class='ocrx_word' id='word_1_21' title='bbox 803 670 1130 736; x_wconf 77' lang='grc' dir='ltr'>βασιλέως,</span> <span class='ocrx_word' id='word_1_22' title='bbox 1169 670 1269 724; x_wconf 80' lang='grc' dir='ltr'>καὶ</span> <span class='ocrx_word' id='word_1_23' title='bbox 1303 670 1373 724; x_wconf 87' lang='grc' dir='ltr'>ἐν</span> <span class='ocrx_word' id='word_1_24' title='bbox 1404 668 1483 734; x_wconf 88' lang='grc' dir='ltr'>τῷ</span> <span class='ocrx_word' id='word_1_25' title='bbox 1513 670 1655 736; x_wconf 80' lang='grc' dir='ltr'>οἴνῳ</span> <span class='ocrx_word' id='word_1_26' title='bbox 1699 668 1805 721; x_wconf 88' lang='grc' dir='ltr'>τοῦ</span> <span class='ocrx_word' id='word_1_27' title='bbox 1856 666 2041 719; x_wconf 86' lang='grc' dir='ltr'>πότου</span> 
     </span>
    </p>
   </div>
   <div class='ocr_carea' id='block_1_5' title="bbox 468 769 2039 846">
    <p class='ocr_par' dir='ltr' id='par_1_5' title="bbox 468 769 2039 846">
     <span class='ocr_line' id='line_1_5' title="bbox 468 769 2039 846; baseline -0.01 -10"><span class='ocrx_word' id='word_1_28' title='bbox 468 776 678 842; x_wconf 79' lang='grc' dir='ltr'>αὑτοῦ,</span> <span class='ocrx_word' id='word_1_29' title='bbox 710 778 806 833; x_wconf 77' lang='grc' dir='ltr'>καὶ</span> <span class='ocrx_word' id='word_1_30' title='bbox 844 777 1069 846; x_wconf 79' lang='grc' dir='ltr'>ἠξίωσε</span> <span class='ocrx_word' id='word_1_31' title='bbox 1101 776 1208 829; x_wconf 86' lang='grc' dir='ltr'>τὸν</span> <span class='ocrx_word' id='word_1_32' title='bbox 1248 774 1707 843; x_wconf 83' lang='grc' dir='ltr'>ἀρχιευνοῦχον,</span> <span class='ocrx_word' id='word_1_33' title='bbox 1758 772 1918 834; x_wconf 85' lang='grc' dir='ltr'>ὅπως</span> <span class='ocrx_word' id='word_1_34' title='bbox 1954 769 2039 839; x_wconf 81' lang='grc' dir='ltr'>μὴ</span> 
     </span>
    </p>
   </div>
   <div class='ocr_carea' id='block_1_6' title="bbox 469 877 2081 955">
    <p class='ocr_par' dir='ltr' id='par_1_6' title="bbox 469 877 2081 955">
     <span class='ocr_line' id='line_1_6' title="bbox 469 877 2081 955; baseline -0.008 -14"><span class='ocrx_word' id='word_1_35' title='bbox 469 882 792 955; x_wconf 56' lang='lat' dir='ltr'>altarum}.</span> <span class='ocrx_word' id='word_1_36' title='bbox 844 882 955 935; x_wconf 89' lang='lat' dir='ltr'>Kal</span> <span class='ocrx_word' id='word_1_37' title='bbox 1002 880 1222 934; x_wconf 80' lang='grc' dir='ltr'>ἔδωκεν</span> <span class='ocrx_word' id='word_1_38' title='bbox 1267 884 1299 933; x_wconf 84' lang='grc' dir='ltr'><em>ὀ</em></span> <span class='ocrx_word' id='word_1_39' title='bbox 1352 880 1493 945; x_wconf 84' lang='grc' dir='ltr'>Θεὸς</span> <span class='ocrx_word' id='word_1_40' title='bbox 1536 879 1644 932; x_wconf 86' lang='grc' dir='ltr'>τὸν</span> <span class='ocrx_word' id='word_1_41' title='bbox 1688 877 1910 944; x_wconf 80' lang='grc' dir='ltr'><em>Δανιὴλ</em></span> <span class='ocrx_word' id='word_1_42' title='bbox 1957 878 2042 940; x_wconf 79' lang='grc' dir='ltr'>είς</span> <span class='ocrx_word' id='word_1_43' title='bbox 2078 904 2081 907; x_wconf 96' lang='grc'><strong><em>-</em></strong></span> 
     </span>
    </p>
   </div>
   <div class='ocr_carea' id='block_1_7' title="bbox 470 981 2040 1053">
    <p class='ocr_par' dir='ltr' id='par_1_7' title="bbox 470 981 2040 1053">
     <span class='ocr_line' id='line_1_7' title="bbox 470 981 2040 1053; baseline -0.006 -10"><span class='ocrx_word' id='word_1_44' title='bbox 470 992 647 1043; x_wconf 77' lang='grc' dir='ltr'>ἔλεον</span> <span class='ocrx_word' id='word_1_45' title='bbox 676 988 773 1040; x_wconf 78' lang='grc' dir='ltr'>καὶ</span> <span class='ocrx_word' id='word_1_46' title='bbox 802 988 889 1049; x_wconf 84' lang='grc' dir='ltr'>εὶς</span> <span class='ocrx_word' id='word_1_47' title='bbox 935 985 1240 1053; x_wconf 81' lang='grc' dir='ltr'>οὶκτιρμὸν</span> <span class='ocrx_word' id='word_1_48' title='bbox 1270 983 1526 1037; x_wconf 84' lang='grc' dir='ltr'>ἐνώπιον</span> <span class='ocrx_word' id='word_1_49' title='bbox 1556 984 1663 1037; x_wconf 88' lang='grc' dir='ltr'>τοῦ</span> <span class='ocrx_word' id='word_1_50' title='bbox 1692 981 2040 1050; x_wconf 79' lang='grc' dir='ltr'>ἀρχιευνού-</span> 
     </span>
    </p>
   </div>
   <div class='ocr_carea' id='block_1_8' title="bbox 454 1072 2042 1165">
    <p class='ocr_par' dir='ltr' id='par_1_8' title="bbox 454 1072 2042 1165">
     <span class='ocr_line' id='line_1_8' title="bbox 454 1072 2042 1165; baseline -0.005 -19"><span class='ocrx_word' id='word_1_51' title='bbox 454 1072 601 1165; x_wconf 68' lang='grc' dir='ltr'>’χου.</span> <span class='ocrx_word' id='word_1_52' title='bbox 638 1094 778 1162; x_wconf 84' lang='grc' dir='ltr'>Ὅρα</span> <span class='ocrx_word' id='word_1_53' title='bbox 804 1089 990 1144; x_wconf 85' lang='grc' dir='ltr'>τοῦτον</span> <span class='ocrx_word' id='word_1_54' title='bbox 1031 1088 1262 1159; x_wconf 84' lang='grc' dir='ltr'>ἄρχοντα</span> <span class='ocrx_word' id='word_1_55' title='bbox 1297 1088 1405 1140; x_wconf 90' lang='grc' dir='ltr'>τῶν</span> <span class='ocrx_word' id='word_1_56' title='bbox 1453 1087 1688 1156; x_wconf 90' lang='grc' dir='ltr'>άγαθῶν.</span> <span class='ocrx_word' id='word_1_57' title='bbox 1731 1085 1916 1150; x_wconf 89' lang='grc' dir='ltr'>Οῦτως</span> <span class='ocrx_word' id='word_1_58' title='bbox 1946 1086 2042 1138; x_wconf 82' lang='grc' dir='ltr'>αὐ-</span> 
     </span>
    </p>
   </div>
   <div class='ocr_carea' id='block_1_9' title="bbox 467 1188 2037 1264">
    <p class='ocr_par' dir='ltr' id='par_1_9' title="bbox 467 1188 2037 1264">
     <span class='ocr_line' id='line_1_9' title="bbox 467 1188 2037 1264; baseline -0.004 -15"><span class='ocrx_word' id='word_1_59' title='bbox 467 1197 621 1251; x_wconf 81' lang='grc' dir='ltr'>τόθεν</span> <span class='ocrx_word' id='word_1_60' title='bbox 675 1196 975 1262; x_wconf 85' lang='grc' dir='ltr'>ἐνέφαινεν,</span> <span class='ocrx_word' id='word_1_61' title='bbox 1003 1195 1083 1247; x_wconf 86' lang='grc' dir='ltr'>ὅτι</span> <span class='ocrx_word' id='word_1_62' title='bbox 1130 1194 1301 1264; x_wconf 86' lang='grc' dir='ltr'>μέγας</span> <span class='ocrx_word' id='word_1_63' title='bbox 1337 1210 1419 1255; x_wconf 88' lang='grc' dir='ltr'>τις</span> <span class='ocrx_word' id='word_1_64' title='bbox 1462 1188 1529 1263; x_wconf 81' lang='grc' dir='ltr'>ἦν</span> <span class='ocrx_word' id='word_1_65' title='bbox 1578 1192 1672 1245; x_wconf 68' lang='grc' dir='ltr'>καὶ</span> <span class='ocrx_word' id='word_1_66' title='bbox 1709 1192 2037 1263; x_wconf 88' lang='grc' dir='ltr'>θαυμαστός.</span> 
     </span>
    </p>
   </div>
   <div class='ocr_carea' id='block_1_10' title="bbox 470 1291 2040 1370">
    <p class='ocr_par' dir='ltr' id='par_1_10' title="bbox 470 1291 2040 1370">
     <span class='ocr_line' id='line_1_10' title="bbox 470 1291 2040 1370; baseline -0.004 -17"><span class='ocrx_word' id='word_1_67' title='bbox 470 1301 668 1353; x_wconf 86' lang='grc' dir='ltr'>Τοῦτον</span> <span class='ocrx_word' id='word_1_68' title='bbox 713 1301 822 1370; x_wconf 84' lang='grc' dir='ltr'>γάρ</span> <span class='ocrx_word' id='word_1_69' title='bbox 856 1299 929 1369; x_wconf 76' lang='grc' dir='ltr'>τῷ</span> <span class='ocrx_word' id='word_1_70' title='bbox 978 1298 1205 1369; x_wconf 78' lang='grc' dir='ltr'>βελτίονι</span> <span class='ocrx_word' id='word_1_71' title='bbox 1262 1297 1418 1350; x_wconf 87' lang='grc' dir='ltr'>καλεῖ</span> <span class='ocrx_word' id='word_1_72' title='bbox 1449 1297 1688 1368; x_wconf 87' lang='grc' dir='ltr'>ὀνόματι.</span> <span class='ocrx_word' id='word_1_73' title='bbox 1720 1298 1807 1350; x_wconf 87' lang='grc' dir='ltr'>Ἐν</span> <span class='ocrx_word' id='word_1_74' title='bbox 1849 1291 1930 1359; x_wconf 78' lang='grc' dir='ltr'>οἷς</span> <span class='ocrx_word' id='word_1_75' title='bbox 1984 1295 2040 1347; x_wconf 81' lang='grc' dir='ltr'>δέ</span> 
     </span>
    </p>
   </div>
   <div class='ocr_carea' id='block_1_11' title="bbox 469 1399 2036 1474">
    <p class='ocr_par' dir='ltr' id='par_1_11' title="bbox 469 1399 2036 1474">
     <span class='ocr_line' id='line_1_11' title="bbox 469 1399 2036 1474; baseline -0.003 -17"><span class='ocrx_word' id='word_1_76' title='bbox 469 1404 689 1457; x_wconf 77' lang='grc' dir='ltr'>δυνατὸν</span> <span class='ocrx_word' id='word_1_77' title='bbox 750 1399 837 1474; x_wconf 80' lang='grc' dir='ltr'>ἦν,</span> <span class='ocrx_word' id='word_1_78' title='bbox 888 1404 977 1455; x_wconf 76' lang='grc' dir='ltr'>τὸν</span> <span class='ocrx_word' id='word_1_79' title='bbox 1028 1402 1189 1470; x_wconf 88' lang='grc' dir='ltr'>νόμον</span> <span class='ocrx_word' id='word_1_80' title='bbox 1235 1400 1549 1467; x_wconf 73' lang='grc' dir='ltr'>ἐφύλαττεν.</span> <span class='ocrx_word' id='word_1_81' title='bbox 1582 1400 1677 1463; x_wconf 85' lang='grc' dir='ltr'>Τίς</span> <span class='ocrx_word' id='word_1_82' title='bbox 1730 1400 1795 1454; x_wconf 87' lang='grc' dir='ltr'>ἂν</span> <span class='ocrx_word' id='word_1_83' title='bbox 1827 1399 2036 1471; x_wconf 77' lang='grc' dir='ltr'>ἕτερος,</span> 
     </span>
    </p>
   </div>
   <div class='ocr_carea' id='block_1_12' title="bbox 470 1502 2038 1578">
    <p class='ocr_par' dir='ltr' id='par_1_12' title="bbox 470 1502 2038 1578">
     <span class='ocr_line' id='line_1_12' title="bbox 470 1502 2038 1578; baseline -0.003 -16"><span class='ocrx_word' id='word_1_84' title='bbox 470 1510 588 1562; x_wconf 82' lang='grc' dir='ltr'>εἰπέ</span> <span class='ocrx_word' id='word_1_85' title='bbox 625 1527 732 1578; x_wconf 87' lang='grc' dir='ltr'>μοι,</span> <span class='ocrx_word' id='word_1_86' title='bbox 787 1507 999 1578; x_wconf 88' lang='grc' dir='ltr'>μίασμα</span> <span class='ocrx_word' id='word_1_87' title='bbox 1043 1502 1179 1558; x_wconf 71' lang='grc' dir='ltr'>εἶναι</span> <span class='ocrx_word' id='word_1_88' title='bbox 1214 1505 1431 1574; x_wconf 79' lang='grc' dir='ltr'>ἐνόμισε</span> <span class='ocrx_word' id='word_1_89' title='bbox 1476 1506 1573 1575; x_wconf 82' lang='grc' dir='ltr'>τὴν</span> <span class='ocrx_word' id='word_1_90' title='bbox 1620 1505 1899 1576; x_wconf 79' lang='grc' dir='ltr'>τράπεζαν</span> <span class='ocrx_word' id='word_1_91' title='bbox 1939 1503 2038 1574; x_wconf 76' lang='grc' dir='ltr'>τὴν</span> 
     </span>
    </p>
   </div>
   <div class='ocr_carea' id='block_1_13' title="bbox 473 1604 2037 1684">
    <p class='ocr_par' dir='ltr' id='par_1_13' title="bbox 473 1604 2037 1684">
     <span class='ocr_line' id='line_1_13' title="bbox 473 1604 2037 1684; baseline -0.004 -18"><span class='ocrx_word' id='word_1_92' title='bbox 473 1613 753 1684; x_wconf 82' lang='grc' dir='ltr'>βασιλικήν</span> <span class='ocrx_word' id='word_1_93' title='bbox 779 1630 792 1678; x_wconf 90' lang='grc'>;</span> <span class='ocrx_word' id='word_1_94' title='bbox 832 1612 974 1682; x_wconf 84' lang='grc' dir='ltr'>Ὀρα</span> <span class='ocrx_word' id='word_1_95' title='bbox 1005 1612 1165 1664; x_wconf 69' lang='grc' dir='ltr'>αὐτὸν</span> <span class='ocrx_word' id='word_1_96' title='bbox 1196 1611 1259 1663; x_wconf 89' lang='grc' dir='ltr'>ἐκ</span> <span class='ocrx_word' id='word_1_97' title='bbox 1291 1610 1591 1681; x_wconf 77' lang='grc' dir='ltr'>προοιμίων</span> <span class='ocrx_word' id='word_1_98' title='bbox 1638 1609 1838 1671; x_wconf 85' lang='grc' dir='ltr'>εὐθέως</span> <span class='ocrx_word' id='word_1_99' title='bbox 1887 1604 2037 1679; x_wconf 74' lang='grc'>[204]</span> 
     </span>
    </p>
   </div>
   <div class='ocr_carea' id='block_1_14' title="bbox 470 1713 2038 1789">
    <p class='ocr_par' dir='ltr' id='par_1_14' title="bbox 470 1713 2038 1789">
     <span class='ocr_line' id='line_1_14' title="bbox 470 1713 2038 1789; baseline -0.004 -17"><span class='ocrx_word' id='word_1_100' title='bbox 470 1720 874 1789; x_wconf 75' lang='grc' dir='ltr'>ἐνδεικνύμενον</span> <span class='ocrx_word' id='word_1_101' title='bbox 913 1718 1011 1788; x_wconf 82' lang='grc' dir='ltr'>τὴν</span> <span class='ocrx_word' id='word_1_102' title='bbox 1051 1715 1387 1785; x_wconf 71' lang='grc' dir='ltr'>φιλοσοφίαν.</span> <span class='ocrx_word' id='word_1_103' title='bbox 1434 1714 1541 1768; x_wconf 85' lang='lat' dir='ltr'>Kal</span> <span class='ocrx_word' id='word_1_104' title='bbox 1581 1713 1827 1780; x_wconf 75' lang='grc' dir='ltr'>ἠξίωσε,</span> <span class='ocrx_word' id='word_1_105' title='bbox 1884 1718 2038 1785; x_wconf 72' lang='grc' dir='ltr'>φησὶ,</span> 
     </span>
    </p>
   </div>
   <div class='ocr_carea' id='block_1_15' title="bbox 468 1815 2041 1892">
    <p class='ocr_par' dir='ltr' id='par_1_15' title="bbox 468 1815 2041 1892">
     <span class='ocr_line' id='line_1_15' title="bbox 468 1815 2041 1892; baseline -0.004 -15"><span class='ocrx_word' id='word_1_106' title='bbox 468 1824 576 1877; x_wconf 74' lang='grc' dir='ltr'>τόν</span> <span class='ocrx_word' id='word_1_107' title='bbox 598 1822 1051 1892; x_wconf 82' lang='grc' dir='ltr'>ἀρχιευνοῦχον,</span> <span class='ocrx_word' id='word_1_108' title='bbox 1089 1819 1248 1886; x_wconf 80' lang='grc' dir='ltr'>ὅπως</span> <span class='ocrx_word' id='word_1_109' title='bbox 1283 1819 1368 1888; x_wconf 85' lang='grc' dir='ltr'>μὴ</span> <span class='ocrx_word' id='word_1_110' title='bbox 1404 1815 1725 1888; x_wconf 78' lang='grc' dir='ltr'>άλισγῃθῇ.</span> <span class='ocrx_word' id='word_1_111' title='bbox 1752 1819 1891 1889; x_wconf 85' lang='grc' dir='ltr'>Ὅρα</span> <span class='ocrx_word' id='word_1_112' title='bbox 1924 1817 2041 1882; x_wconf 87' lang='grc' dir='ltr'>πῶς</span> 
     </span>
    </p>
   </div>
   <div class='ocr_carea' id='block_1_16' title="bbox 470 1920 2039 1995">
    <p class='ocr_par' dir='ltr' id='par_1_16' title="bbox 470 1920 2039 1995">
     <span class='ocr_line' id='line_1_16' title="bbox 470 1920 2039 1995; baseline -0.004 -14"><span class='ocrx_word' id='word_1_113' title='bbox 470 1930 617 1981; x_wconf 81' lang='grc' dir='ltr'>ἐστιν</span> <span class='ocrx_word' id='word_1_114' title='bbox 671 1926 1008 1995; x_wconf 83' lang='grc' dir='ltr'>ἀφιλότιμος.</span> <span class='ocrx_word' id='word_1_115' title='bbox 1076 1924 1187 1976; x_wconf 87' lang='grc' dir='ltr'>Οὐκ</span> <span class='ocrx_word' id='word_1_116' title='bbox 1225 1920 1396 1985; x_wconf 79' lang='grc' dir='ltr'>εἶπεν,</span> <span class='ocrx_word' id='word_1_117' title='bbox 1431 1923 1512 1975; x_wconf 87' lang='grc' dir='ltr'>ὅτι</span> <span class='ocrx_word' id='word_1_118' title='bbox 1554 1923 1665 1994; x_wconf 83' lang='grc' dir='ltr'>Τὴν</span> <span class='ocrx_word' id='word_1_119' title='bbox 1709 1923 1888 1993; x_wconf 79' lang='grc' dir='ltr'>ψυχήν</span> <span class='ocrx_word' id='word_1_120' title='bbox 1941 1940 2039 1993; x_wconf 83' lang='grc' dir='ltr'>μου</span> 
     </span>
    </p>
   </div>
   <div class='ocr_carea' id='block_1_17' title="bbox 468 2025 2041 2098">
    <p class='ocr_par' dir='ltr' id='par_1_17' title="bbox 468 2025 2041 2098">
     <span class='ocr_line' id='line_1_17' title="bbox 468 2025 2041 2098; baseline -0.004 -14"><span class='ocrx_word' id='word_1_121' title='bbox 468 2032 641 2094; x_wconf 77' lang='grc' dir='ltr'>δώσω,</span> <span class='ocrx_word' id='word_1_122' title='bbox 675 2030 788 2083; x_wconf 86' lang='grc' dir='ltr'>ἀλλ’</span> <span class='ocrx_word' id='word_1_123' title='bbox 817 2028 1065 2098; x_wconf 69' lang='grc' dir='ltr'>ἠξίωσεν,</span> <span class='ocrx_word' id='word_1_124' title='bbox 1100 2030 1146 2080; x_wconf 84' lang='grc' dir='ltr'>εἰ</span> <span class='ocrx_word' id='word_1_125' title='bbox 1176 2026 1421 2092; x_wconf 85' lang='grc' dir='ltr'>δυνατὸν,</span> <span class='ocrx_word' id='word_1_126' title='bbox 1452 2026 1652 2080; x_wconf 81' lang='grc' dir='ltr'>λαθεῖν.</span> <span class='ocrx_word' id='word_1_127' title='bbox 1673 2026 1829 2089; x_wconf 88' lang='grc' dir='ltr'>Τίνος</span> <span class='ocrx_word' id='word_1_128' title='bbox 1858 2025 2041 2079; x_wconf 73' lang='grc' dir='ltr'>ἕνεκεν</span> 
     </span>
    </p>
   </div>
   <div class='ocr_carea' id='block_1_18' title="bbox 466 2128 2040 2206">
    <p class='ocr_par' dir='ltr' id='par_1_18' title="bbox 466 2128 2040 2206">
     <span class='ocr_line' id='line_1_18' title="bbox 466 2128 2040 2206; baseline -0.003 -20"><span class='ocrx_word' id='word_1_129' title='bbox 466 2135 880 2206; x_wconf 85' lang='grc' dir='ltr'>φιλοτιμοῦμαι;</span> <span class='ocrx_word' id='word_1_130' title='bbox 926 2132 1075 2203; x_wconf 87' lang='grc' dir='ltr'>φησί.</span> <span class='ocrx_word' id='word_1_131' title='bbox 1110 2132 1246 2186; x_wconf 76' lang='grc' dir='ltr'>Ἀλλ’</span> <span class='ocrx_word' id='word_1_132' title='bbox 1276 2132 1372 2201; x_wconf 85' lang='grc' dir='ltr'>οὐχ</span> <span class='ocrx_word' id='word_1_133' title='bbox 1404 2133 1432 2184; x_wconf 98' lang='lat'>6</span> <span class='ocrx_word' id='word_1_134' title='bbox 1464 2131 1661 2201; x_wconf 83' lang='grc' dir='ltr'>Ἰωσὴφ</span> <span class='ocrx_word' id='word_1_135' title='bbox 1695 2129 1891 2193; x_wconf 89' lang='grc' dir='ltr'>οῦτως,</span> <span class='ocrx_word' id='word_1_136' title='bbox 1922 2128 2040 2182; x_wconf 80' lang='grc' dir='ltr'>οὐδὲ</span> 
     </span>
    </p>
   </div>
   <div class='ocr_carea' id='block_1_19' title="bbox 467 2232 2040 2307">
    <p class='ocr_par' dir='ltr' id='par_1_19' title="bbox 467 2232 2040 2307">
     <span class='ocr_line' id='line_1_19' title="bbox 467 2232 2040 2307; baseline -0.004 -17"><span class='ocrx_word' id='word_1_137' title='bbox 467 2238 725 2307; x_wconf 80' lang='grc' dir='ltr'>Μωῦσῆς.</span> <span class='ocrx_word' id='word_1_138' title='bbox 756 2239 821 2291; x_wconf 91' lang='grc' dir='ltr'>Τί</span> <span class='ocrx_word' id='word_1_139' title='bbox 864 2232 989 2301; x_wconf 74' lang='grc' dir='ltr'>οῦνς</span> <span class='ocrx_word' id='word_1_140' title='bbox 1032 2236 1252 2288; x_wconf 81' lang='grc' dir='ltr'>ἐκείνων</span> <span class='ocrx_word' id='word_1_141' title='bbox 1280 2233 1781 2303; x_wconf 88' lang='grc' dir='ltr'>καταγνωσόμεθα;</span> <span class='ocrx_word' id='word_1_142' title='bbox 1822 2233 1912 2304; x_wconf 84' lang='grc' dir='ltr'>Μὴ</span> <span class='ocrx_word' id='word_1_143' title='bbox 1945 2232 2040 2299; x_wconf 84' lang='grc' dir='ltr'>γέ-</span> 
     </span>
    </p>
   </div>
   <div class='ocr_carea' id='block_1_20' title="bbox 468 2330 2039 2411">
    <p class='ocr_par' dir='ltr' id='par_1_20' title="bbox 468 2330 2039 2411">
     <span class='ocr_line' id='line_1_20' title="bbox 468 2330 2039 2411; baseline -0.005 -17"><span class='ocrx_word' id='word_1_144' title='bbox 468 2357 643 2394; x_wconf 64' lang='lat' dir='ltr'>vano-</span> <span class='ocrx_word' id='word_1_145' title='bbox 676 2342 736 2394; x_wconf 87' lang='grc' dir='ltr'>οὐ</span> <span class='ocrx_word' id='word_1_146' title='bbox 771 2341 874 2411; x_wconf 79' lang='grc' dir='ltr'>γὰρ</span> <span class='ocrx_word' id='word_1_147' title='bbox 927 2340 1120 2410; x_wconf 71' lang='grc' dir='ltr'>ᾔδεσαν</span> <span class='ocrx_word' id='word_1_148' title='bbox 1151 2339 1178 2391; x_wconf 84' lang='grc' dir='ltr'><strong>ὃ</strong></span> <span class='ocrx_word' id='word_1_149' title='bbox 1210 2338 1262 2390; x_wconf 89' lang='grc' dir='ltr'>τί</span> <span class='ocrx_word' id='word_1_150' title='bbox 1306 2355 1434 2390; x_wconf 88' lang='grc' dir='ltr'>ποτε</span> <span class='ocrx_word' id='word_1_151' title='bbox 1478 2332 1565 2406; x_wconf 83' lang='grc' dir='ltr'>ἦν.</span> <span class='ocrx_word' id='word_1_152' title='bbox 1609 2335 1775 2391; x_wconf 80' lang='grc' dir='ltr'>οὐπω</span> <span class='ocrx_word' id='word_1_153' title='bbox 1821 2334 1929 2405; x_wconf 80' lang='grc' dir='ltr'>γὰρ</span> <span class='ocrx_word' id='word_1_154' title='bbox 1972 2330 2039 2405; x_wconf 78' lang='grc' dir='ltr'>ἦν</span> 
     </span>
    </p>
   </div>
   <div class='ocr_carea' id='block_1_21' title="bbox 467 2439 2041 2514">
    <p class='ocr_par' dir='ltr' id='par_1_21' title="bbox 467 2439 2041 2514">
     <span class='ocr_line' id='line_1_21' title="bbox 467 2439 2041 2514; baseline -0.005 -15"><span class='ocrx_word' id='word_1_155' title='bbox 467 2445 609 2499; x_wconf 86' lang='grc' dir='ltr'>κατὰ</span> <span class='ocrx_word' id='word_1_156' title='bbox 655 2445 746 2497; x_wconf 71' lang='grc' dir='ltr'>τὸν</span> <span class='ocrx_word' id='word_1_157' title='bbox 792 2445 953 2514; x_wconf 90' lang='grc' dir='ltr'>νόμον</span> <span class='ocrx_word' id='word_1_158' title='bbox 1004 2442 1333 2512; x_wconf 78' lang='grc' dir='ltr'>παραίτησις</span> <span class='ocrx_word' id='word_1_159' title='bbox 1375 2441 1484 2494; x_wconf 86' lang='grc' dir='ltr'>τῶν</span> <span class='ocrx_word' id='word_1_160' title='bbox 1532 2439 1857 2510; x_wconf 89' lang='grc' dir='ltr'>βρωμάτων.</span> <span class='ocrx_word' id='word_1_161' title='bbox 1899 2440 2041 2507; x_wconf 83' lang='grc' dir='ltr'>Ὅρα</span> 
     </span>
    </p>
   </div>
   <div class='ocr_carea' id='block_1_22' title="bbox 468 2544 2040 2618">
    <p class='ocr_par' dir='ltr' id='par_1_22' title="bbox 468 2544 2040 2618">
     <span class='ocr_line' id='line_1_22' title="bbox 468 2544 2040 2618; baseline -0.006 -15"><span class='ocrx_word' id='word_1_162' title='bbox 468 2550 628 2603; x_wconf 82' lang='grc' dir='ltr'>αὐτὸν</span> <span class='ocrx_word' id='word_1_163' title='bbox 667 2551 759 2602; x_wconf 72' lang='grc' dir='ltr'>καὶ</span> <span class='ocrx_word' id='word_1_164' title='bbox 787 2549 1073 2618; x_wconf 74' lang='grc' dir='ltr'>ἐλέγχοντα</span> <span class='ocrx_word' id='word_1_165' title='bbox 1116 2548 1209 2600; x_wconf 70' lang='grc' dir='ltr'>καὶ</span> <span class='ocrx_word' id='word_1_166' title='bbox 1254 2545 1666 2616; x_wconf 80' lang='grc' dir='ltr'>φιλοσοφοῦντα,</span> <span class='ocrx_word' id='word_1_167' title='bbox 1705 2544 1798 2597; x_wconf 74' lang='grc' dir='ltr'>καὶ</span> <span class='ocrx_word' id='word_1_168' title='bbox 1841 2545 1897 2596; x_wconf 82' lang='grc' dir='ltr'>ἐν</span> <span class='ocrx_word' id='word_1_169' title='bbox 1929 2544 2040 2605; x_wconf 83' lang='grc' dir='ltr'>τοῖς</span> 
     </span>
    </p>
   </div>
   <div class='ocr_carea' id='block_1_23' title="bbox 471 2646 2041 2723">
    <p class='ocr_par' dir='ltr' id='par_1_23' title="bbox 471 2646 2041 2723">
     <span class='ocr_line' id='line_1_23' title="bbox 471 2646 2041 2723; baseline -0.006 -17"><span class='ocrx_word' id='word_1_170' title='bbox 471 2655 721 2723; x_wconf 78' lang='grc' dir='ltr'>σμικροῖς</span> <span class='ocrx_word' id='word_1_171' title='bbox 768 2651 1171 2722; x_wconf 76' lang='grc' dir='ltr'>ἐνδεικνύμενον</span> <span class='ocrx_word' id='word_1_172' title='bbox 1216 2650 1312 2721; x_wconf 80' lang='grc' dir='ltr'>τὴν</span> <span class='ocrx_word' id='word_1_173' title='bbox 1355 2648 1693 2718; x_wconf 83' lang='grc' dir='ltr'>φιλοσοφίαν.</span> <span class='ocrx_word' id='word_1_174' title='bbox 1752 2646 1860 2701; x_wconf 68' lang='grc' dir='ltr'>Καὶ</span> <span class='ocrx_word' id='word_1_175' title='bbox 1905 2646 2041 2715; x_wconf 81' lang='grc' dir='ltr'>ὅπερ</span> 
     </span>
    </p>
   </div>
   <div class='ocr_carea' id='block_1_24' title="bbox 470 2750 2037 2826">
    <p class='ocr_par' dir='ltr' id='par_1_24' title="bbox 470 2750 2037 2826">
     <span class='ocr_line' id='line_1_24' title="bbox 470 2750 2037 2826; baseline -0.005 -16"><span class='ocrx_word' id='word_1_176' title='bbox 470 2757 650 2826; x_wconf 83' lang='grc' dir='ltr'>ἔλεγον</span> <span class='ocrx_word' id='word_1_177' title='bbox 696 2759 744 2809; x_wconf 85' lang='grc' dir='ltr'>οἱ</span> <span class='ocrx_word' id='word_1_178' title='bbox 792 2756 1094 2816; x_wconf 83' lang='grc' dir='ltr'>ἀπόστολοι,</span> <span class='ocrx_word' id='word_1_179' title='bbox 1150 2753 1339 2807; x_wconf 85' lang='grc' dir='ltr'>Ταῦτα</span> <span class='ocrx_word' id='word_1_180' title='bbox 1377 2753 1496 2806; x_wconf 79' lang='grc' dir='ltr'>ἔδει</span> <span class='ocrx_word' id='word_1_181' title='bbox 1530 2753 1734 2820; x_wconf 83' lang='grc' dir='ltr'>πρόσω</span> <span class='ocrx_word' id='word_1_182' title='bbox 1762 2750 2037 2818; x_wconf 83' lang='grc' dir='ltr'>ποιῆσαι,</span> 
     </span>
    </p>
   </div>
   <div class='ocr_carea' id='block_1_25' title="bbox 470 2854 2039 2929">
    <p class='ocr_par' dir='ltr' id='par_1_25' title="bbox 470 2854 2039 2929">
     <span class='ocr_line' id='line_1_25' title="bbox 470 2854 2039 2929; baseline -0.005 -14"><span class='ocrx_word' id='word_1_183' title='bbox 470 2861 714 2915; x_wconf 77' lang='grc' dir='ltr'>κάκεῖνα</span> <span class='ocrx_word' id='word_1_184' title='bbox 740 2860 825 2929; x_wconf 84' lang='grc' dir='ltr'>μὴ</span> <span class='ocrx_word' id='word_1_185' title='bbox 846 2860 1099 2927; x_wconf 53' lang='grc' dir='ltr'>ἀφεῖναι.</span> <span class='ocrx_word' id='word_1_186' title='bbox 1119 2856 1304 2910; x_wconf 89' lang='grc' dir='ltr'>Ταῦτα</span> <span class='ocrx_word' id='word_1_187' title='bbox 1334 2856 1390 2909; x_wconf 77' lang='grc' dir='ltr'>δὲ</span> <span class='ocrx_word' id='word_1_188' title='bbox 1415 2856 1701 2929; x_wconf 82' lang='grc' dir='ltr'>ἔπραττεν,</span> <span class='ocrx_word' id='word_1_189' title='bbox 1727 2855 1827 2909; x_wconf 89' lang='grc' dir='ltr'>οὐκ</span> <span class='ocrx_word' id='word_1_190' title='bbox 1853 2854 2039 2925; x_wconf 77' lang='grc' dir='ltr'>ἐπειδὴ</span> 
     </span>
    </p>
   </div>
   <div class='ocr_carea' id='block_1_26' title="bbox 470 2959 2039 3037">
    <p class='ocr_par' dir='ltr' id='par_1_26' title="bbox 470 2959 2039 3037">
     <span class='ocr_line' id='line_1_26' title="bbox 470 2959 2039 3037; baseline -0.004 -17"><span class='ocrx_word' id='word_1_191' title='bbox 470 2967 792 3020; x_wconf 78' lang='grc' dir='ltr'>εἰδωλόθυτα</span> <span class='ocrx_word' id='word_1_192' title='bbox 828 2962 918 3037; x_wconf 78' lang='grc' dir='ltr'>ἦν,</span> <span class='ocrx_word' id='word_1_193' title='bbox 949 2964 1063 3017; x_wconf 79' lang='grc' dir='ltr'>ἀλλ’</span> <span class='ocrx_word' id='word_1_194' title='bbox 1094 2964 1277 3033; x_wconf 83' lang='grc' dir='ltr'>ἐπειδὴ</span> <span class='ocrx_word' id='word_1_195' title='bbox 1308 2962 1661 3033; x_wconf 84' lang='grc' dir='ltr'>κεκωλυμένα</span> <span class='ocrx_word' id='word_1_196' title='bbox 1690 2962 1794 3015; x_wconf 82' lang='grc' dir='ltr'>ὐπὸ</span> <span class='ocrx_word' id='word_1_197' title='bbox 1830 2959 1924 3015; x_wconf 89' lang='grc' dir='ltr'>τοῦ</span> <span class='ocrx_word' id='word_1_198' title='bbox 1954 2961 2039 3013; x_wconf 87' lang='grc' dir='ltr'>νό-</span> 
     </span>
    </p>
   </div>
   <div class='ocr_carea' id='block_1_27' title="bbox 473 3065 2039 3143">
    <p class='ocr_par' dir='ltr' id='par_1_27' title="bbox 473 3065 2039 3143">
     <span class='ocr_line' id='line_1_27' title="bbox 473 3065 2039 3143; baseline -0.004 -18"><span class='ocrx_word' id='word_1_199' title='bbox 473 3089 573 3143; x_wconf 85' lang='grc' dir='ltr'>μου</span> <span class='ocrx_word' id='word_1_200' title='bbox 596 3067 683 3143; x_wconf 75' lang='grc' dir='ltr'>ἦν.</span> <span class='ocrx_word' id='word_1_201' title='bbox 714 3071 835 3134; x_wconf 89' lang='grc' dir='ltr'>Πῶς</span> <span class='ocrx_word' id='word_1_202' title='bbox 882 3066 974 3124; x_wconf 79' lang='grc' dir='ltr'>οὖν</span> <span class='ocrx_word' id='word_1_203' title='bbox 1024 3069 1271 3130; x_wconf 81' lang='grc' dir='ltr'>έπεισεν;</span> <span class='ocrx_word' id='word_1_204' title='bbox 1315 3068 1453 3138; x_wconf 86' lang='grc' dir='ltr'>Ὅρα</span> <span class='ocrx_word' id='word_1_205' title='bbox 1488 3067 1605 3131; x_wconf 86' lang='grc' dir='ltr'>πῶς</span> <span class='ocrx_word' id='word_1_206' title='bbox 1646 3067 1849 3130; x_wconf 84' lang='grc' dir='ltr'>εὐθέως</span> <span class='ocrx_word' id='word_1_207' title='bbox 1883 3065 2039 3119; x_wconf 79' lang='grc' dir='ltr'>ἔλυσέ</span> 
     </span>
    </p>
   </div>
   <div class='ocr_carea' id='block_1_28' title="bbox 471 3172 2039 3248">
    <p class='ocr_par' dir='ltr' id='par_1_28' title="bbox 471 3172 2039 3248">
     <span class='ocr_line' id='line_1_28' title="bbox 471 3172 2039 3248; baseline -0.003 -17"><span class='ocrx_word' id='word_1_208' title='bbox 471 3196 553 3231; x_wconf 85' lang='grc' dir='ltr'>σοι</span> <span class='ocrx_word' id='word_1_209' title='bbox 585 3178 683 3248; x_wconf 82' lang='grc' dir='ltr'>τὴν</span> <span class='ocrx_word' id='word_1_210' title='bbox 707 3178 959 3248; x_wconf 82' lang='grc' dir='ltr'>ἀπορίαν.</span> <span class='ocrx_word' id='word_1_211' title='bbox 986 3174 1228 3239; x_wconf 83' lang='grc' dir='ltr'>Ἔδωκε,</span> <span class='ocrx_word' id='word_1_212' title='bbox 1258 3175 1410 3244; x_wconf 69' lang='grc' dir='ltr'>φησὶ.</span> <span class='ocrx_word' id='word_1_213' title='bbox 1442 3177 1474 3227; x_wconf 85' lang='grc' dir='ltr'>ό</span> <span class='ocrx_word' id='word_1_214' title='bbox 1509 3172 1652 3239; x_wconf 87' lang='grc' dir='ltr'>Θεὸς</span> <span class='ocrx_word' id='word_1_215' title='bbox 1680 3174 1786 3226; x_wconf 69' lang='grc' dir='ltr'>τὸν</span> <span class='ocrx_word' id='word_1_216' title='bbox 1815 3173 2039 3241; x_wconf 88' lang='grc' dir='ltr'>Δανιὴλ</span> 
     </span>
    </p>
   </div>
   <div class='ocr_carea' id='block_1_29' title="bbox 470 3276 2039 3347">
    <p class='ocr_par' dir='ltr' id='par_1_29' title="bbox 470 3276 2039 3347">
     <span class='ocr_line' id='line_1_29' title="bbox 470 3276 2039 3347; baseline -0.003 -11"><span class='ocrx_word' id='word_1_217' title='bbox 470 3284 557 3347; x_wconf 80' lang='grc' dir='ltr'>εις</span> <span class='ocrx_word' id='word_1_218' title='bbox 591 3281 765 3335; x_wconf 78' lang='grc' dir='ltr'>ἔλεον</span> <span class='ocrx_word' id='word_1_219' title='bbox 800 3280 896 3333; x_wconf 80' lang='grc' dir='ltr'>καὶ</span> <span class='ocrx_word' id='word_1_220' title='bbox 924 3281 1011 3345; x_wconf 80' lang='grc' dir='ltr'>εις</span> <span class='ocrx_word' id='word_1_221' title='bbox 1050 3278 1349 3346; x_wconf 79' lang='grc' dir='ltr'>οίκτιρμόν</span> <span class='ocrx_word' id='word_1_222' title='bbox 1375 3276 1629 3330; x_wconf 84' lang='grc' dir='ltr'>ἐνώπιον</span> <span class='ocrx_word' id='word_1_223' title='bbox 1662 3276 1767 3331; x_wconf 88' lang='grc' dir='ltr'>τοῦ</span> <span class='ocrx_word' id='word_1_224' title='bbox 1802 3277 2039 3346; x_wconf 82' lang='grc' dir='ltr'>ἀρχιευ-</span> 
     </span>
    </p>
   </div>
   <div class='ocr_carea' id='block_1_30' title="bbox 469 3381 2041 3456">
    <p class='ocr_par' dir='ltr' id='par_1_30' title="bbox 469 3381 2041 3456">
     <span class='ocr_line' id='line_1_30' title="bbox 469 3381 2041 3456; baseline -0.005 -14"><span class='ocrx_word' id='word_1_225' title='bbox 469 3388 716 3456; x_wconf 78' lang='grc' dir='ltr'>νούχου.</span> <span class='ocrx_word' id='word_1_226' title='bbox 754 3384 924 3438; x_wconf 89' lang='grc' dir='ltr'>Τοῦτο</span> <span class='ocrx_word' id='word_1_227' title='bbox 957 3385 1048 3437; x_wconf 61' lang='grc' dir='ltr'>καὶ</span> <span class='ocrx_word' id='word_1_228' title='bbox 1085 3384 1175 3436; x_wconf 81' lang='grc' dir='ltr'>ἐπὶ</span> <span class='ocrx_word' id='word_1_229' title='bbox 1213 3381 1304 3435; x_wconf 86' lang='grc' dir='ltr'>τοῦ</span> <span class='ocrx_word' id='word_1_230' title='bbox 1340 3382 1536 3453; x_wconf 80' lang='grc' dir='ltr'>Ἰωσὴφ</span> <span class='ocrx_word' id='word_1_231' title='bbox 1571 3381 1791 3450; x_wconf 89' lang='grc' dir='ltr'>γέγονεν</span> <span class='ocrx_word' id='word_1_232' title='bbox 1813 3397 1826 3411; x_wconf 90' lang='grc'><strong>·</strong></span> <span class='ocrx_word' id='word_1_233' title='bbox 1880 3382 2041 3434; x_wconf 81' lang='grc' dir='ltr'>κάκεῖ</span> 
     </span>
    </p>
   </div>
   <div class='ocr_carea' id='block_1_31' title="bbox 470 3481 2039 3564">
    <p class='ocr_par' dir='ltr' id='par_1_31' title="bbox 470 3481 2039 3564">
     <span class='ocr_line' id='line_1_31' title="bbox 470 3481 2039 3564; baseline -0.006 -18"><span class='ocrx_word' id='word_1_234' title='bbox 470 3494 675 3564; x_wconf 75' lang='grc' dir='ltr'>ἠλεήθη</span> <span class='ocrx_word' id='word_1_235' title='bbox 711 3492 907 3563; x_wconf 75' lang='grc' dir='ltr'>Ἰωσὴφ</span> <span class='ocrx_word' id='word_1_236' title='bbox 949 3492 1040 3544; x_wconf 77' lang='grc' dir='ltr'>καὶ</span> <span class='ocrx_word' id='word_1_237' title='bbox 1067 3489 1227 3561; x_wconf 86' lang='grc' dir='ltr'>χάριν</span> <span class='ocrx_word' id='word_1_238' title='bbox 1265 3481 1422 3559; x_wconf 73' lang='grc' dir='ltr'>εὗρεν</span> <span class='ocrx_word' id='word_1_239' title='bbox 1456 3489 1547 3540; x_wconf 73' lang='grc' dir='ltr'>ἐπὶ</span> <span class='ocrx_word' id='word_1_240' title='bbox 1583 3486 1677 3540; x_wconf 89' lang='grc' dir='ltr'>τοῦ</span> <span class='ocrx_word' id='word_1_241' title='bbox 1712 3485 2039 3559; x_wconf 87' lang='grc' dir='ltr'>ἀρχιμαγεί-</span> 
     </span>
    </p>
   </div>
   <div class='ocr_carea' id='block_1_32' title="bbox 474 3590 2037 3670">
    <p class='ocr_par' dir='ltr' id='par_1_32' title="bbox 474 3590 2037 3670">
     <span class='ocr_line' id='line_1_32' title="bbox 474 3590 2037 3670; baseline -0.006 -18"><span class='ocrx_word' id='word_1_242' title='bbox 474 3616 598 3670; x_wconf 77' lang='grc' dir='ltr'>ρουο</span> <span class='ocrx_word' id='word_1_243' title='bbox 636 3597 772 3669; x_wconf 81' lang='grc' dir='ltr'>πλὴν</span> <span class='ocrx_word' id='word_1_244' title='bbox 814 3596 1111 3667; x_wconf 85' lang='grc' dir='ltr'>ἀμφότεροι</span> <span class='ocrx_word' id='word_1_245' title='bbox 1160 3593 1353 3658; x_wconf 86' lang='grc' dir='ltr'>δοῦλοι,</span> <span class='ocrx_word' id='word_1_246' title='bbox 1385 3593 1476 3645; x_wconf 75' lang='grc' dir='ltr'>καὶ</span> <span class='ocrx_word' id='word_1_247' title='bbox 1514 3594 1570 3644; x_wconf 91' lang='grc' dir='ltr'>ἐν</span> <span class='ocrx_word' id='word_1_248' title='bbox 1596 3592 1823 3654; x_wconf 74' lang='grc' dir='ltr'>οἰκείαις</span> <span class='ocrx_word' id='word_1_249' title='bbox 1858 3590 1921 3661; x_wconf 74' lang='grc' dir='ltr'>[Ῑ.</span> <span class='ocrx_word' id='word_1_250' title='bbox 1959 3591 2037 3642; x_wconf 80' lang='grc' dir='ltr'>οἰ-</span> 
     </span>
    </p>
   </div>
   <div class='ocr_carea' id='block_1_33' title="bbox 469 3688 2039 3771">
    <p class='ocr_par' dir='ltr' id='par_1_33' title="bbox 469 3688 2039 3771">
     <span class='ocr_line' id='line_1_33' title="bbox 469 3688 2039 3771; baseline -0.006 -17"><span class='ocrx_word' id='word_1_251' title='bbox 469 3700 637 3771; x_wconf 81' lang='grc' dir='ltr'>κίαις]</span> <span class='ocrx_word' id='word_1_252' title='bbox 673 3700 1053 3771; x_wconf 80' lang='grc' dir='ltr'>βαρϐαρικαῖς.</span> <span class='ocrx_word' id='word_1_253' title='bbox 1088 3697 1200 3751; x_wconf 81' lang='grc' dir='ltr'>Καὶ</span> <span class='ocrx_word' id='word_1_254' title='bbox 1232 3695 1341 3767; x_wconf 82' lang='grc' dir='ltr'>γὰρ</span> <span class='ocrx_word' id='word_1_255' title='bbox 1378 3688 1443 3765; x_wconf 77' lang='grc' dir='ltr'>ἦν</span> <span class='ocrx_word' id='word_1_256' title='bbox 1474 3693 1641 3756; x_wconf 75' lang='grc' dir='ltr'>ὅντως</span> <span class='ocrx_word' id='word_1_257' title='bbox 1681 3693 1840 3746; x_wconf 77' lang='grc' dir='ltr'>ἱκανὰ</span> <span class='ocrx_word' id='word_1_258' title='bbox 1880 3691 2039 3745; x_wconf 83' lang='grc' dir='ltr'>ἐκλῦ-</span> 
     </span>
    </p>
   </div>
   <div class='ocr_carea' id='block_1_34' title="bbox 473 3797 2031 3873">
    <p class='ocr_par' dir='ltr' id='par_1_34' title="bbox 473 3797 2031 3873">
     <span class='ocr_line' id='line_1_34' title="bbox 473 3797 2031 3873; baseline -0.006 -14"><span class='ocrx_word' id='word_1_259' title='bbox 473 3824 561 3859; x_wconf 86' lang='grc' dir='ltr'>σαι</span> <span class='ocrx_word' id='word_1_260' title='bbox 590 3804 614 3843; x_wconf 70' lang='grc' dir='ltr'>ὶι</span> <span class='ocrx_word' id='word_1_261' title='bbox 646 3806 735 3857; x_wconf 76' lang='grc' dir='ltr'>τὸν</span> <span class='ocrx_word' id='word_1_262' title='bbox 763 3804 933 3873; x_wconf 84' lang='grc' dir='ltr'>θυμὸν</span> <span class='ocrx_word' id='word_1_263' title='bbox 964 3802 1058 3856; x_wconf 92' lang='grc' dir='ltr'>τοῦ</span> <span class='ocrx_word' id='word_1_264' title='bbox 1090 3802 1353 3873; x_wconf 82' lang='grc' dir='ltr'>βασιλέως</span> <span class='ocrx_word' id='word_1_265' title='bbox 1390 3800 1458 3853; x_wconf 67' lang='grc' dir='ltr'>τὰ</span> <span class='ocrx_word' id='word_1_266' title='bbox 1489 3799 1769 3870; x_wconf 79' lang='grc' dir='ltr'>εἰρημένα.</span> <span class='ocrx_word' id='word_1_267' title='bbox 1828 3797 1892 3850; x_wconf 91' lang='grc' dir='ltr'>Τί</span> <span class='ocrx_word' id='word_1_268' title='bbox 1952 3798 2031 3850; x_wconf 82' lang='grc' dir='ltr'>λέ-</span> 
     </span>
    </p>
   </div>
   <div class='ocr_carea' id='block_1_35' title="bbox 469 3895 2035 3978">
    <p class='ocr_par' dir='ltr' id='par_1_35' title="bbox 469 3895 2035 3978">
     <span class='ocr_line' id='line_1_35' title="bbox 469 3895 2035 3978; baseline -0.005 -18"><span class='ocrx_word' id='word_1_269' title='bbox 469 3925 620 3977; x_wconf 86' lang='grc' dir='ltr'>γεις;</span> <span class='ocrx_word' id='word_1_270' title='bbox 672 3909 839 3978; x_wconf 87' lang='grc' dir='ltr'>ἐναγῆ</span> <span class='ocrx_word' id='word_1_271' title='bbox 878 3907 976 3977; x_wconf 84' lang='grc' dir='ltr'>τὴν</span> <span class='ocrx_word' id='word_1_272' title='bbox 1008 3904 1287 3975; x_wconf 81' lang='grc' dir='ltr'>τράπεζαν</span> <span class='ocrx_word' id='word_1_273' title='bbox 1318 3902 1606 3973; x_wconf 80' lang='grc' dir='ltr'>ὀνομάζεις</span> <span class='ocrx_word' id='word_1_274' title='bbox 1648 3895 1785 3954; x_wconf 75' lang='grc' dir='ltr'>εἶναι</span> <span class='ocrx_word' id='word_1_275' title='bbox 1820 3900 1917 3971; x_wconf 80' lang='grc' dir='ltr'>τὴν</span> <span class='ocrx_word' id='word_1_276' title='bbox 1949 3899 2035 3953; x_wconf 80' lang='grc' dir='ltr'>δε·</span> 
     </span>
    </p>
   </div>
   <div class='ocr_carea' id='block_1_36' title="bbox 473 4005 2035 4082">
    <p class='ocr_par' dir='ltr' id='par_1_36' title="bbox 473 4005 2035 4082">
     <span class='ocr_line' id='line_1_36' title="bbox 473 4005 2035 4082; baseline -0.006 -14"><span class='ocrx_word' id='word_1_277' title='bbox 473 4015 769 4082; x_wconf 76' lang='grc' dir='ltr'>σποτικὴνς</span> <span class='ocrx_word' id='word_1_278' title='bbox 810 4011 1192 4082; x_wconf 84' lang='grc' dir='ltr'>καθαρώτερος</span> <span class='ocrx_word' id='word_1_279' title='bbox 1230 4011 1361 4079; x_wconf 77' lang='grc' dir='ltr'>ἡμῖν</span> <span class='ocrx_word' id='word_1_280' title='bbox 1402 4007 1563 4071; x_wconf 85' lang='grc' dir='ltr'>αὐτὸς</span> <span class='ocrx_word' id='word_1_281' title='bbox 1596 4006 1902 4076; x_wconf 83' lang='grc' dir='ltr'>ἀνεφάνης;</span> <span class='ocrx_word' id='word_1_282' title='bbox 1936 4005 2035 4059; x_wconf 90' lang='grc' dir='ltr'>οὐκ</span> 
     </span>
    </p>
   </div>
   <div class='ocr_carea' id='block_1_37' title="bbox 469 4111 2036 4181">
    <p class='ocr_par' dir='ltr' id='par_1_37' title="bbox 469 4111 2036 4181">
     <span class='ocr_line' id='line_1_37' title="bbox 469 4111 2036 4181; baseline -0.006 -11"><span class='ocrx_word' id='word_1_283' title='bbox 469 4114 635 4179; x_wconf 79' lang='grc' dir='ltr'>οἶδας,</span> <span class='ocrx_word' id='word_1_284' title='bbox 669 4116 749 4168; x_wconf 86' lang='grc' dir='ltr'>ὅτι</span> <span class='ocrx_word' id='word_1_285' title='bbox 781 4115 867 4167; x_wconf 81' lang='grc' dir='ltr'>διὰ</span> <span class='ocrx_word' id='word_1_286' title='bbox 893 4113 1047 4168; x_wconf 89' lang='grc' dir='ltr'>τοῦτο</span> <span class='ocrx_word' id='word_1_287' title='bbox 1074 4115 1169 4165; x_wconf 73' lang='grc' dir='ltr'>καὶ</span> <span class='ocrx_word' id='word_1_288' title='bbox 1201 4112 1445 4180; x_wconf 90' lang='grc' dir='ltr'>γλῶτταν</span> <span class='ocrx_word' id='word_1_289' title='bbox 1471 4111 1562 4163; x_wconf 81' lang='grc' dir='ltr'>καὶ</span> <span class='ocrx_word' id='word_1_290' title='bbox 1590 4111 1890 4181; x_wconf 89' lang='grc' dir='ltr'>γράμματα</span> <span class='ocrx_word' id='word_1_291' title='bbox 1942 4125 2036 4180; x_wconf 85' lang='grc' dir='ltr'>με-</span> 
     </span>
    </p>
   </div>
   <div class='ocr_carea' id='block_1_38' title="bbox 473 4212 2035 4291">
    <p class='ocr_par' dir='ltr' id='par_1_38' title="bbox 473 4212 2035 4291">
     <span class='ocr_line' id='line_1_38' title="bbox 473 4212 2035 4291; baseline -0.006 -17"><span class='ocrx_word' id='word_1_292' title='bbox 473 4222 750 4291; x_wconf 89' lang='grc' dir='ltr'>μαθήκατε</span> <span class='ocrx_word' id='word_1_293' title='bbox 793 4216 1095 4280; x_wconf 80' lang='grc' dir='ltr'>Χαλδαϊκὰ,</span> <span class='ocrx_word' id='word_1_294' title='bbox 1134 4216 1221 4268; x_wconf 83' lang='grc' dir='ltr'>ἵνα</span> <span class='ocrx_word' id='word_1_295' title='bbox 1264 4216 1398 4284; x_wconf 79' lang='grc' dir='ltr'>πρὸς</span> <span class='ocrx_word' id='word_1_296' title='bbox 1424 4214 1527 4285; x_wconf 82' lang='grc' dir='ltr'>τὴν</span> <span class='ocrx_word' id='word_1_297' title='bbox 1555 4212 1826 4283; x_wconf 81' lang='grc' dir='ltr'>ἡμετέραν</span> <span class='ocrx_word' id='word_1_298' title='bbox 1867 4230 2035 4283; x_wconf 87' lang='grc' dir='ltr'>μετα-</span> 
     </span>
    </p>
   </div>
   <div class='ocr_carea' id='block_1_39' title="bbox 472 4316 2033 4397">
    <p class='ocr_par' dir='ltr' id='par_1_39' title="bbox 472 4316 2033 4397">
     <span class='ocr_line' id='line_1_39' title="bbox 472 4316 2033 4397; baseline -0.007 -17"><span class='ocrx_word' id='word_1_299' title='bbox 472 4328 631 4397; x_wconf 85' lang='grc' dir='ltr'>στῆτε</span> <span class='ocrx_word' id='word_1_300' title='bbox 645 4324 797 4388; x_wconf 78' lang='grc' dir='ltr'>τάξιν</span> <span class='ocrx_word' id='word_1_301' title='bbox 821 4341 836 4389; x_wconf 88' lang='grc'><strong>;</strong></span> <span class='ocrx_word' id='word_1_302' title='bbox 869 4322 1038 4375; x_wconf 89' lang='grc' dir='ltr'>Πόθεν</span> <span class='ocrx_word' id='word_1_303' title='bbox 1060 4321 1103 4374; x_wconf 78' lang='grc' dir='ltr'>δ’</span> <span class='ocrx_word' id='word_1_304' title='bbox 1135 4319 1270 4383; x_wconf 83' lang='grc' dir='ltr'>ὅλως</span> <span class='ocrx_word' id='word_1_305' title='bbox 1298 4318 1457 4371; x_wconf 78' lang='grc' dir='ltr'>αὐτὸν</span> <span class='ocrx_word' id='word_1_306' title='bbox 1474 4317 1667 4388; x_wconf 71' lang='grc' dir='ltr'>ᾐδέσθη</span> <span class='ocrx_word' id='word_1_307' title='bbox 1696 4319 1724 4370; x_wconf 93' lang='lat'>6</span> <span class='ocrx_word' id='word_1_308' title='bbox 1752 4316 2033 4388; x_wconf 85' lang='grc' dir='ltr'>εὐνοῦχος;</span> 
     </span>
    </p>
   </div>
   <div class='ocr_carea' id='block_1_40' title="bbox 468 4418 2035 4495">
    <p class='ocr_par' dir='ltr' id='par_1_40' title="bbox 468 4418 2035 4495">
     <span class='ocr_line' id='line_1_40' title="bbox 468 4418 2035 4495; baseline -0.009 -10"><span class='ocrx_word' id='word_1_309' title='bbox 468 4432 543 4485; x_wconf 80' lang='grc' dir='ltr'>Τὸ</span> <span class='ocrx_word' id='word_1_310' title='bbox 570 4430 778 4483; x_wconf 84' lang='grc' dir='ltr'>παιδίον</span> <span class='ocrx_word' id='word_1_311' title='bbox 822 4425 1292 4495; x_wconf 87' lang='grc' dir='ltr'>εὐκαταφρόνητον</span> <span class='ocrx_word' id='word_1_312' title='bbox 1320 4418 1409 4493; x_wconf 82' lang='grc' dir='ltr'>ἦν,</span> <span class='ocrx_word' id='word_1_313' title='bbox 1440 4420 1800 4491; x_wconf 83' lang='grc' dir='ltr'>αἰχμάλωτον.</span> <span class='ocrx_word' id='word_1_314' title='bbox 1833 4419 1895 4473; x_wconf 82' lang='lat' dir='ltr'><strong><em>El</em></strong></span> <span class='ocrx_word' id='word_1_315' title='bbox 1927 4420 2035 4490; x_wconf 81' lang='grc' dir='ltr'>γὰρ</span> 
     </span>
    </p>
   </div>
   <div class='ocr_carea' id='block_1_41' title="bbox 469 4524 2034 4606">
    <p class='ocr_par' dir='ltr' id='par_1_41' title="bbox 469 4524 2034 4606">
     <span class='ocr_line' id='line_1_41' title="bbox 469 4524 2034 4606; baseline -0.01 -14"><span class='ocrx_word' id='word_1_316' title='bbox 469 4540 559 4593; x_wconf 77' lang='grc' dir='ltr'>καὶ</span> <span class='ocrx_word' id='word_1_317' title='bbox 584 4536 856 4605; x_wconf 76' lang='grc' dir='ltr'>αἰδέσιμος</span> <span class='ocrx_word' id='word_1_318' title='bbox 886 4531 972 4606; x_wconf 80' lang='grc' dir='ltr'>ἦν,</span> <span class='ocrx_word' id='word_1_319' title='bbox 1013 4531 1127 4586; x_wconf 81' lang='grc' dir='ltr'>ἀλλ’</span> <span class='ocrx_word' id='word_1_320' title='bbox 1161 4533 1190 4583; x_wconf 89' lang='grc' dir='ltr'>ό</span> <span class='ocrx_word' id='word_1_321' title='bbox 1223 4528 1462 4591; x_wconf 87' lang='grc' dir='ltr'>κίνδυνος</span> <span class='ocrx_word' id='word_1_322' title='bbox 1502 4527 1601 4580; x_wconf 92' lang='grc' dir='ltr'>οὐκ</span> <span class='ocrx_word' id='word_1_323' title='bbox 1641 4524 1726 4578; x_wconf 73' lang='grc' dir='ltr'>εἴα</span> <span class='ocrx_word' id='word_1_324' title='bbox 1759 4524 2034 4596; x_wconf 80' lang='grc' dir='ltr'>αἰδέσιμον</span> 
     </span>
    </p>
   </div>
   <div class='ocr_carea' id='block_1_42' title="bbox 468 4628 2035 4707">
    <p class='ocr_par' dir='ltr' id='par_1_42' title="bbox 468 4628 2035 4707">
     <span class='ocr_line' id='line_1_42' title="bbox 468 4628 2035 4707; baseline -0.01 -12"><span class='ocrx_word' id='word_1_325' title='bbox 468 4641 628 4695; x_wconf 82' lang='grc' dir='ltr'>αὐτὸν</span> <span class='ocrx_word' id='word_1_326' title='bbox 658 4638 909 4707; x_wconf 83' lang='grc' dir='ltr'>φανῆναι.</span> <span class='ocrx_word' id='word_1_327' title='bbox 941 4636 1038 4689; x_wconf 84' lang='grc' dir='ltr'>Διὰ</span> <span class='ocrx_word' id='word_1_328' title='bbox 1062 4634 1171 4705; x_wconf 74' lang='grc' dir='ltr'>γάρ</span> <span class='ocrx_word' id='word_1_329' title='bbox 1206 4631 1361 4686; x_wconf 86' lang='grc' dir='ltr'>τοῦτο</span> <span class='ocrx_word' id='word_1_330' title='bbox 1415 4628 1605 4690; x_wconf 77' lang='grc' dir='ltr'>εἰπὼν.</span> <span class='ocrx_word' id='word_1_331' title='bbox 1655 4629 1737 4681; x_wconf 83' lang='grc' dir='ltr'>ὅτι</span> <span class='ocrx_word' id='word_1_332' title='bbox 1771 4630 2035 4681; x_wconf 80' lang='grc' dir='ltr'>Ἔδωκεν</span> 
     </span>
    </p>
   </div>
   <div class='ocr_carea' id='block_1_43' title="bbox 467 4730 2031 4807">
    <p class='ocr_par' dir='ltr' id='par_1_43' title="bbox 467 4730 2031 4807">
     <span class='ocr_line' id='line_1_43' title="bbox 467 4730 2031 4807; baseline -0.008 -9"><span class='ocrx_word' id='word_1_333' title='bbox 467 4743 652 4800; x_wconf 81' lang='grc' dir='ltr'>αὐτὸν</span> <span class='ocrx_word' id='word_1_334' title='bbox 689 4744 775 4806; x_wconf 86' lang='grc' dir='ltr'>εὶς</span> <span class='ocrx_word' id='word_1_335' title='bbox 822 4742 1017 4804; x_wconf 85' lang='grc' dir='ltr'>ἕλεον,</span> <span class='ocrx_word' id='word_1_336' title='bbox 1069 4739 1216 4805; x_wconf 85' lang='grc' dir='ltr'>λέγει</span> <span class='ocrx_word' id='word_1_337' title='bbox 1261 4736 1330 4789; x_wconf 84' lang='grc' dir='ltr'>τὰ</span> <span class='ocrx_word' id='word_1_338' title='bbox 1376 4738 1593 4807; x_wconf 78' lang='grc' dir='ltr'>ῥήματα</span> <span class='ocrx_word' id='word_1_339' title='bbox 1634 4731 1728 4785; x_wconf 87' lang='grc' dir='ltr'>τοῦ</span> <span class='ocrx_word' id='word_1_340' title='bbox 1780 4730 2031 4801; x_wconf 81' lang='grc' dir='ltr'>εὐνούχου</span> 
     </span>
    </p>
   </div>
   <div class='ocr_carea' id='block_1_44' title="bbox 466 4834 2035 4912">
    <p class='ocr_par' dir='ltr' id='par_1_44' title="bbox 466 4834 2035 4912">
     <span class='ocr_line' id='line_1_44' title="bbox 466 4834 2035 4912; baseline -0.01 -9"><span class='ocrx_word' id='word_1_341' title='bbox 466 4850 559 4903; x_wconf 77' lang='grc' dir='ltr'>καὶ</span> <span class='ocrx_word' id='word_1_342' title='bbox 591 4848 681 4901; x_wconf 83' lang='grc' dir='ltr'>τὸν</span> <span class='ocrx_word' id='word_1_343' title='bbox 711 4845 870 4899; x_wconf 88' lang='grc' dir='ltr'>πάλιν</span> <span class='ocrx_word' id='word_1_344' title='bbox 904 4856 926 4882; x_wconf 69' lang='grc' dir='ltr'>ε</span> <span class='ocrx_word' id='word_1_345' title='bbox 974 4842 1152 4912; x_wconf 74' lang='grc' dir='ltr'>φόϐον.</span> <span class='ocrx_word' id='word_1_346' title='bbox 1186 4840 1343 4904; x_wconf 88' lang='grc' dir='ltr'>Πῶς;</span> <span class='ocrx_word' id='word_1_347' title='bbox 1377 4839 1489 4891; x_wconf 89' lang='grc' dir='ltr'>Οὐκ</span> <span class='ocrx_word' id='word_1_348' title='bbox 1521 4834 1589 4909; x_wconf 82' lang='grc' dir='ltr'>ἧν</span> <span class='ocrx_word' id='word_1_349' title='bbox 1618 4835 1858 4900; x_wconf 80' lang='grc' dir='ltr'>δυνατὸν,</span> <span class='ocrx_word' id='word_1_350' title='bbox 1898 4835 2035 4888; x_wconf 85' lang='grc' dir='ltr'>ἀλλά</span> 
     </span>
    </p>
   </div>
   <div class='ocr_carea' id='block_1_45' title="bbox 466 4936 2029 5021">
    <p class='ocr_par' dir='ltr' id='par_1_45' title="bbox 466 4936 2029 5021">
     <span class='ocr_line' id='line_1_45' title="bbox 466 4936 2029 5021; baseline -0.01 -13"><span class='ocrx_word' id='word_1_351' title='bbox 466 4951 862 5021; x_wconf 81' lang='grc' dir='ltr'>κεκωλυμένον,</span> <span class='ocrx_word' id='word_1_352' title='bbox 907 4948 955 4999; x_wconf 91' lang='grc' dir='ltr'>εἰ</span> <span class='ocrx_word' id='word_1_353' title='bbox 1007 4944 1082 5016; x_wconf 81' lang='grc' dir='ltr'>μὴ</span> <span class='ocrx_word' id='word_1_354' title='bbox 1117 4943 1320 4996; x_wconf 82' lang='grc' dir='ltr'>ἄνωθεν</span> <span class='ocrx_word' id='word_1_355' title='bbox 1350 4943 1506 5012; x_wconf 86' lang='grc' dir='ltr'>χάρις</span> <span class='ocrx_word' id='word_1_356' title='bbox 1534 4942 1710 4995; x_wconf 87' lang='grc' dir='ltr'>πάντα</span> <span class='ocrx_word' id='word_1_357' title='bbox 1740 4936 2029 5010; x_wconf 82' lang='grc' dir='ltr'>ᾠκονόμει.</span> 
     </span>
    </p>
   </div>
   <div class='ocr_carea' id='block_1_46' title="bbox 465 5043 2033 5118">
    <p class='ocr_par' dir='ltr' id='par_1_46' title="bbox 465 5043 2033 5118">
     <span class='ocr_line' id='line_1_46' title="bbox 465 5043 2033 5118; baseline -0.011 -6"><span class='ocrx_word' id='word_1_358' title='bbox 465 5058 572 5113; x_wconf 77' lang='grc' dir='ltr'>Καὶ</span> <span class='ocrx_word' id='word_1_359' title='bbox 609 5052 737 5110; x_wconf 77' lang='grc' dir='ltr'>εἷπε</span> <span class='ocrx_word' id='word_1_360' title='bbox 770 5050 991 5118; x_wconf 85' lang='grc' dir='ltr'>Δανιὴλ</span> <span class='ocrx_word' id='word_1_361' title='bbox 1020 5047 1168 5116; x_wconf 83' lang='grc' dir='ltr'>πρὸς</span> <span class='ocrx_word' id='word_1_362' title='bbox 1196 5047 1540 5115; x_wconf 75' lang='grc' dir='ltr'>Ἀμελασίιρ,</span> <span class='ocrx_word' id='word_1_363' title='bbox 1563 5044 1634 5098; x_wconf 87' lang='grc' dir='ltr'>ὃν</span> <span class='ocrx_word' id='word_1_364' title='bbox 1659 5043 2033 5109; x_wconf 80' lang='grc' dir='ltr'>κατέστησεν</span> 
     </span>
    </p>
   </div>
   <div class='ocr_carea' id='block_1_47' title="bbox 464 5144 2027 5230">
    <p class='ocr_par' dir='ltr' id='par_1_47' title="bbox 464 5144 2027 5230">
     <span class='ocr_line' id='line_1_47' title="bbox 464 5144 2027 5230; baseline -0.012 -14"><span class='ocrx_word' id='word_1_365' title='bbox 464 5166 497 5216; x_wconf 83' lang='grc' dir='ltr'><em>ὀ</em></span> <span class='ocrx_word' id='word_1_366' title='bbox 535 5157 970 5230; x_wconf 83' lang='grc' dir='ltr'>ἀρχιευνοῦχος</span> <span class='ocrx_word' id='word_1_367' title='bbox 999 5152 1098 5206; x_wconf 75' lang='grc' dir='ltr'>ἐπὶ</span> <span class='ocrx_word' id='word_1_368' title='bbox 1129 5149 1373 5216; x_wconf 89' lang='grc' dir='ltr'>Δανιὴλ,</span> <span class='ocrx_word' id='word_1_369' title='bbox 1416 5148 1707 5211; x_wconf 82' lang='grc' dir='ltr'>Ἀνανίαν,</span> <span class='ocrx_word' id='word_1_370' title='bbox 1743 5144 2027 5213; x_wconf 78' lang='grc' dir='ltr'>Ἀζαρίαν,</span> 
     </span>
    </p>
   </div>
   <div class='ocr_carea' id='block_1_48' title="bbox 464 5247 2030 5329">
    <p class='ocr_par' dir='ltr' id='par_1_48' title="bbox 464 5247 2030 5329">
     <span class='ocr_line' id='line_1_48' title="bbox 464 5247 2030 5329; baseline -0.013 -10"><span class='ocrx_word' id='word_1_371' title='bbox 464 5266 559 5317; x_wconf 77' lang='grc' dir='ltr'>καὶ</span> <span class='ocrx_word' id='word_1_372' title='bbox 590 5262 868 5329; x_wconf 78' lang='grc' dir='ltr'>Μισαήλ·</span> <span class='ocrx_word' id='word_1_373' title='bbox 933 5256 1233 5324; x_wconf 62' lang='lat' dir='ltr'><strong><em>lle/pavor</em></strong></span> <span class='ocrx_word' id='word_1_374' title='bbox 1277 5250 1353 5319; x_wconf 85' lang='grc' dir='ltr'>δὴ</span> <span class='ocrx_word' id='word_1_375' title='bbox 1410 5249 1549 5314; x_wconf 86' lang='grc' dir='ltr'>τοὺς</span> <span class='ocrx_word' id='word_1_376' title='bbox 1601 5247 1860 5314; x_wconf 82' lang='grc' dir='ltr'>δούλους</span> <span class='ocrx_word' id='word_1_377' title='bbox 1915 5263 2030 5301; x_wconf 92' lang='grc' dir='ltr'>σου</span> 
     </span>
    </p>
   </div>
   <div class='ocr_carea' id='block_1_49' title="bbox 525 5418 2031 5479">
    <p class='ocr_par' dir='ltr' id='par_1_49' title="bbox 525 5418 2031 5479">
     <span class='ocr_line' id='line_1_49' title="bbox 525 5418 2031 5479; baseline -0.005 -2"><span class='ocrx_word' id='word_1_378' title='bbox 525 5434 548 5461; x_wconf 83' lang='grc'><strong><em>⁸</em></strong></span> <span class='ocrx_word' id='word_1_379' title='bbox 575 5431 673 5479; x_wconf 79' lang='lat' dir='ltr'>Hoc</span> <span class='ocrx_word' id='word_1_380' title='bbox 692 5430 895 5478; x_wconf 81' lang='lat' dir='ltr'>verbum</span> <span class='ocrx_word' id='word_1_381' title='bbox 940 5426 1183 5476; x_wconf 78' lang='lat' dir='ltr'>interdum</span> <span class='ocrx_word' id='word_1_382' title='bbox 1226 5422 1422 5470; x_wconf 79' lang='lat' dir='ltr'><strong>videtur</strong></span> <span class='ocrx_word' id='word_1_383' title='bbox 1442 5420 1705 5469; x_wconf 82' lang='lat' dir='ltr'>deductum</span> <span class='ocrx_word' id='word_1_384' title='bbox 1728 5418 1788 5467; x_wconf 81' lang='lat' dir='ltr'><strong><em>ab</em></strong></span> <span class='ocrx_word' id='word_1_385' title='bbox 1830 5420 1946 5476; x_wconf 72' lang='grc' dir='ltr'>ἅλις,</span> <span class='ocrx_word' id='word_1_386' title='bbox 1983 5421 2031 5470; x_wconf 81' lang='lat' dir='ltr'><strong>id</strong></span> 
     </span>
    </p>
   </div>
   <div class='ocr_carea' id='block_1_50' title="bbox 464 5482 2029 5553">
    <p class='ocr_par' dir='ltr' id='par_1_50' title="bbox 464 5482 2029 5553">
     <span class='ocr_line' id='line_1_50' title="bbox 464 5482 2029 5553; baseline -0.007 -13"><span class='ocrx_word' id='word_1_387' title='bbox 464 5490 771 5551; x_wconf 71' lang='lat' dir='ltr'>eslamuim.</span> <span class='ocrx_word' id='word_1_388' title='bbox 815 5505 924 5551; x_wconf 69' lang='lat' dir='ltr'>quae</span> <span class='ocrx_word' id='word_1_389' title='bbox 965 5491 1097 5553; x_wconf 57' lang='lat' dir='ltr'>enim</span> <span class='ocrx_word' id='word_1_390' title='bbox 1139 5489 1424 5553; x_wconf 63' lang='lat' dir='ltr'>suppetunl.</span> <span class='ocrx_word' id='word_1_391' title='bbox 1466 5482 1823 5553; x_wconf 56' lang='lat' dir='ltr'>despigiuqtur,</span> <span class='ocrx_word' id='word_1_392' title='bbox 1870 5494 2029 5542; x_wconf 84' lang='lat' dir='ltr'><strong>eoque</strong></span> 
     </span>
    </p>
   </div>
   <div class='ocr_carea' id='block_1_51' title="bbox 465 5543 2029 5616">
    <p class='ocr_par' dir='ltr' id='par_1_51' title="bbox 465 5543 2029 5616">
     <span class='ocr_line' id='line_1_51' title="bbox 465 5543 2029 5616; baseline -0.006 -16"><span class='ocrx_word' id='word_1_393' title='bbox 465 5543 687 5616; x_wconf 21' lang='lat' dir='ltr'>pollu‘c&#39;re</span> <span class='ocrx_word' id='word_1_394' title='bbox 732 5543 1084 5616; x_wconf 63' lang='lat' dir='ltr'>Quodammodo</span> <span class='ocrx_word' id='word_1_395' title='bbox 1125 5543 1472 5616; x_wconf 61' lang='grc' dir='ltr'>ειίεὶὶωειιιιιε</span> <span class='ocrx_word' id='word_1_396' title='bbox 1501 5543 1805 5616; x_wconf 28' lang='grc' dir='ltr'>εᾼίῐεεεςόιεεη</span> <span class='ocrx_word' id='word_1_397' title='bbox 1837 5556 1863 5589; x_wconf 83' lang='lat' dir='ltr'>a</span> <span class='ocrx_word' id='word_1_398' title='bbox 1899 5555 2029 5616; x_wconf 48' lang='grc' dir='ltr'>χοι-ο</span> 
     </span>
    </p>
   </div>
   <div class='ocr_carea' id='block_1_52' title="bbox 464 5603 2031 5672">
    <p class='ocr_par' dir='ltr' id='par_1_52' title="bbox 464 5603 2031 5672">
     <span class='ocr_line' id='line_1_52' title="bbox 464 5603 2031 5672; baseline -0.008 -8"><span class='ocrx_word' id='word_1_399' title='bbox 464 5603 587 5670; x_wconf 62' lang='grc' dir='ltr'>ἃλις,</span> <span class='ocrx_word' id='word_1_400' title='bbox 610 5626 719 5672; x_wconf 66' lang='lat' dir='ltr'>qua;</span> <span class='ocrx_word' id='word_1_401' title='bbox 740 5603 889 5663; x_wconf 63' lang='lat' dir='ltr'>intem</span> <span class='ocrx_word' id='word_1_402' title='bbox 935 5619 987 5660; x_wconf 78' lang='lat' dir='ltr'><strong><em>el</em></strong></span> <span class='ocrx_word' id='word_1_403' title='bbox 1008 5607 1271 5659; x_wconf 76' lang='lat' dir='ltr'>convictum</span> <span class='ocrx_word' id='word_1_404' title='bbox 1312 5607 1554 5672; x_wconf 48' lang='lat' dir='ltr'>signiﬁqal</span> <span class='ocrx_word' id='word_1_405' title='bbox 1593 5603 2031 5672; x_wconf 56' lang='lat' dir='ltr'>\[ideﬂesychlum</span> 
     </span>
    </p>
   </div>
   <div class='ocr_carea' id='block_1_53' title="bbox 462 5664 1964 5726">
    <p class='ocr_par' dir='ltr' id='par_1_53' title="bbox 462 5664 1964 5726">
     <span class='ocr_line' id='line_1_53' title="bbox 462 5664 1964 5726; baseline -0.011 0"><span class='ocrx_word' id='word_1_406' title='bbox 462 5689 520 5726; x_wconf 77' lang='lat' dir='ltr'><strong><em>ac</em></strong></span> <span class='ocrx_word' id='word_1_407' title='bbox 543 5664 752 5722; x_wconf 59' lang='lat' dir='ltr'>Siliiiam.</span> <span class='ocrx_word' id='word_1_408' title='bbox 783 5675 889 5722; x_wconf 81' lang='lat' dir='ltr'>Pari</span> <span class='ocrx_word' id='word_1_409' title='bbox 909 5676 1095 5722; x_wconf 74' lang='lat' dir='ltr'>talione</span> <span class='ocrx_word' id='word_1_410' title='bbox 1118 5664 1686 5720; x_wconf 69' lang='grc' dir='ltr'>Γοτπιδιυτῖτυναλίζεσθαι</span> <span class='ocrx_word' id='word_1_411' title='bbox 1710 5669 1813 5712; x_wconf 71' lang='lat' dir='ltr'>Act.</span> <span class='ocrx_word' id='word_1_412' title='bbox 1840 5664 1885 5722; x_wconf 83' lang='grc'>1,</span> <span class='ocrx_word' id='word_1_413' title='bbox 1922 5668 1964 5711; x_wconf 70' lang='grc'>4.</span> 
     </span>
    </p>
   </div>
   <div class='ocr_carea' id='block_1_54' title="bbox 523 5726 2029 5786">
    <p class='ocr_par' dir='ltr' id='par_1_54' title="bbox 523 5726 2029 5786">
     <span class='ocr_line' id='line_1_54' title="bbox 523 5726 2029 5786; baseline -0.006 -3"><span class='ocrx_word' id='word_1_414' title='bbox 523 5734 554 5775; x_wconf 71' lang='grc' dir='ltr'><strong>ι</strong></span> <span class='ocrx_word' id='word_1_415' title='bbox 587 5734 823 5782; x_wconf 77' lang='grc' dir='ltr'>Ἐκλῦσαι.</span> <span class='ocrx_word' id='word_1_416' title='bbox 856 5736 998 5783; x_wconf 77' lang='lat' dir='ltr'>l‘orte</span> <span class='ocrx_word' id='word_1_417' title='bbox 1024 5733 1144 5781; x_wconf 71' lang='lat' dir='ltr'><strong>nihil</strong></span> <span class='ocrx_word' id='word_1_418' title='bbox 1166 5739 1241 5779; x_wconf 78' lang='lat' dir='ltr'>est</span> <span class='ocrx_word' id='word_1_419' title='bbox 1276 5729 1572 5777; x_wconf 72' lang='lat' dir='ltr'>mutandum.</span> <span class='ocrx_word' id='word_1_420' title='bbox 1604 5727 1747 5774; x_wconf 75' lang='lat' dir='ltr'>Forte</span> <span class='ocrx_word' id='word_1_421' title='bbox 1768 5726 2029 5786; x_wconf 81' lang='lat' dir='ltr'>legendum</span> 
     </span>
    </p>
   </div>
   <div class='ocr_carea' id='block_1_55' title="bbox 462 5788 1844 5848">
    <p class='ocr_par' dir='ltr' id='par_1_55' title="bbox 462 5788 1844 5848">
     <span class='ocr_line' id='line_1_55' title="bbox 462 5788 1844 5848; baseline -0.009 -2"><span class='ocrx_word' id='word_1_422' title='bbox 462 5797 675 5848; x_wconf 64' lang='grc' dir='ltr'>ἑλκύσαι.</span> <span class='ocrx_word' id='word_1_423' title='bbox 700 5798 792 5843; x_wconf 66' lang='lat' dir='ltr'>levi</span> <span class='ocrx_word' id='word_1_424' title='bbox 817 5811 869 5843; x_wconf 71' lang='lat' dir='ltr'><strong><em>ac</em></strong></span> <span class='ocrx_word' id='word_1_425' title='bbox 890 5811 983 5843; x_wconf 83' lang='lat' dir='ltr'>non</span> <span class='ocrx_word' id='word_1_426' title='bbox 1010 5797 1204 5843; x_wconf 59' lang='lat' dir='ltr'>inscita</span> <span class='ocrx_word' id='word_1_427' title='bbox 1228 5794 1499 5841; x_wconf 72' lang='lat' dir='ltr'>litterarum</span> <span class='ocrx_word' id='word_1_428' title='bbox 1524 5788 1844 5838; x_wconf 76' lang='lat' dir='ltr'>traductione.</span> 
     </span>
    </p>
   </div>
   <div class='ocr_carea' id='block_1_56' title="bbox 523 5855 1204 5918">
    <p class='ocr_par' dir='ltr' id='par_1_56' title="bbox 523 5855 1204 5918">
     <span class='ocr_line' id='line_1_56' title="bbox 523 5855 1204 5918; baseline -0.001 -13"><span class='ocrx_word' id='word_1_429' title='bbox 523 5859 552 5890; x_wconf 70' lang='grc' dir='ltr'>θ</span> <span class='ocrx_word' id='word_1_430' title='bbox 572 5856 705 5918; x_wconf 70' lang='grc' dir='ltr'>ιυκυ</span> <span class='ocrx_word' id='word_1_431' title='bbox 725 5858 883 5905; x_wconf 80' lang='grc' dir='ltr'>πολύν.</span> <span class='ocrx_word' id='word_1_432' title='bbox 922 5858 1040 5907; x_wconf 86' lang='lat' dir='ltr'>Dan.</span> <span class='ocrx_word' id='word_1_433' title='bbox 1077 5870 1107 5916; x_wconf 84' lang='lat'>:,</span> <span class='ocrx_word' id='word_1_434' title='bbox 1132 5855 1204 5904; x_wconf 89' lang='grc'>10.</span> 
     </span>
    </p>
   </div>
   <div class='ocr_carea' id='block_1_57' title="bbox 1149 340 3670 415">
    <p class='ocr_par' dir='ltr' id='par_1_57' title="bbox 1149 340 3670 415">
     <span class='ocr_line' id='line_1_57' title="bbox 1149 340 3670 415; baseline 0 -12"><span class='ocrx_word' id='word_1_435' title='bbox 1149 348 1208 404; x_wconf 92' lang='lat' dir='ltr'>S.</span> <span class='ocrx_word' id='word_1_436' title='bbox 1246 344 1531 403; x_wconf 82' lang='lat' dir='ltr'>JOANNIS</span> <span class='ocrx_word' id='word_1_437' title='bbox 1568 340 2056 402; x_wconf 77' lang='lat' dir='ltr'>CIIRYSOSTOMI</span> <span class='ocrx_word' id='word_1_438' title='bbox 2093 340 2414 401; x_wconf 78' lang='lat' dir='ltr'>ARCHIEP.</span> <span class='ocrx_word' id='word_1_439' title='bbox 2453 343 2999 401; x_wconf 81' lang='lat' dir='ltr'>CONSTANTINOP.</span> <span class='ocrx_word' id='word_1_440' title='bbox 3579 356 3670 415; x_wconf 63' lang='grc' dir='ltr'>ωε</span> 
     </span>
    </p>
   </div>
   <div class='ocr_carea' id='block_1_58' title="bbox 2147 460 3665 543">
    <p class='ocr_par' dir='ltr' id='par_1_58' title="bbox 2147 460 3665 543">
     <span class='ocr_line' id='line_1_58' title="bbox 2147 460 3665 543; baseline 0.009 -31"><span class='ocrx_word' id='word_1_441' title='bbox 2147 460 2370 528; x_wconf 66' lang='grc' dir='ltr'>’ἡμέρας</span> <span class='ocrx_word' id='word_1_442' title='bbox 2416 461 2584 530; x_wconf 79' lang='grc' dir='ltr'>δέκα,</span> <span class='ocrx_word' id='word_1_443' title='bbox 2624 462 2723 516; x_wconf 78' lang='grc' dir='ltr'>καί</span> <span class='ocrx_word' id='word_1_444' title='bbox 2760 463 3034 517; x_wconf 84' lang='grc' dir='ltr'>δότωσαν</span> <span class='ocrx_word' id='word_1_445' title='bbox 3067 464 3216 533; x_wconf 68' lang='grc' dir='ltr'>ἡμῖν</span> <span class='ocrx_word' id='word_1_446' title='bbox 3239 466 3345 521; x_wconf 70' lang='grc' dir='ltr'>ἀπὸ</span> <span class='ocrx_word' id='word_1_447' title='bbox 3376 466 3484 523; x_wconf 84' lang='grc' dir='ltr'>τῶν</span> <span class='ocrx_word' id='word_1_448' title='bbox 3507 485 3665 543; x_wconf 46' lang='lat' dir='ltr'><strong><em>away</em></strong></span> 
     </span>
    </p>
   </div>
   <div class='ocr_carea' id='block_1_59' title="bbox 2140 564 3665 641">
    <p class='ocr_par' dir='ltr' id='par_1_59' title="bbox 2140 564 3665 641">
     <span class='ocr_line' id='line_1_59' title="bbox 2140 564 3665 641; baseline 0.009 -25"><span class='ocrx_word' id='word_1_449' title='bbox 2140 564 2345 630; x_wconf 77' lang='grc' dir='ltr'>μάτων</span> <span class='ocrx_word' id='word_1_450' title='bbox 2367 564 2478 634; x_wconf 82' lang='grc' dir='ltr'>τῆς</span> <span class='ocrx_word' id='word_1_451' title='bbox 2516 566 2651 636; x_wconf 80' lang='grc' dir='ltr'>τῆς,</span> <span class='ocrx_word' id='word_1_452' title='bbox 2681 566 2779 621; x_wconf 67' lang='grc' dir='ltr'>καὶ</span> <span class='ocrx_word' id='word_1_453' title='bbox 2824 568 3128 637; x_wconf 78' lang='grc' dir='ltr'>φαγόμεθα</span> <span class='ocrx_word' id='word_1_454' title='bbox 3154 569 3201 634; x_wconf 73' lang='grc' dir='ltr'>δ,</span> <span class='ocrx_word' id='word_1_455' title='bbox 3244 571 3335 624; x_wconf 81' lang='grc' dir='ltr'>καὶ</span> <span class='ocrx_word' id='word_1_456' title='bbox 3366 573 3508 641; x_wconf 86' lang='grc' dir='ltr'>ὕδωρ</span> <span class='ocrx_word' id='word_1_457' title='bbox 3550 579 3665 631; x_wconf 74' lang='grc' dir='ltr'>πιό-</span> 
     </span>
    </p>
   </div>
   <div class='ocr_carea' id='block_1_60' title="bbox 2138 669 3670 737">
    <p class='ocr_par' dir='ltr' id='par_1_60' title="bbox 2138 669 3670 737">
     <span class='ocr_line' id='line_1_60' title="bbox 2138 669 3670 737; baseline 0.008 -16"><span class='ocrx_word' id='word_1_458' title='bbox 2138 670 2290 736; x_wconf 84' lang='grc' dir='ltr'>μεθα</span> <span class='ocrx_word' id='word_1_459' title='bbox 2308 684 2323 698; x_wconf 76' lang='grc' dir='ltr'><strong>ο</strong></span> <span class='ocrx_word' id='word_1_460' title='bbox 2386 669 2483 722; x_wconf 79' lang='grc' dir='ltr'>καί</span> <span class='ocrx_word' id='word_1_461' title='bbox 2552 669 2912 737; x_wconf 69' lang='grc' dir='ltr'>ὀφθήτωσαν</span> <span class='ocrx_word' id='word_1_462' title='bbox 2981 670 3229 725; x_wconf 81' lang='grc' dir='ltr'>ἐνώπιόν</span> <span class='ocrx_word' id='word_1_463' title='bbox 3274 690 3383 728; x_wconf 89' lang='grc' dir='ltr'>σου</span> <span class='ocrx_word' id='word_1_464' title='bbox 3434 679 3489 730; x_wconf 85' lang='lat' dir='ltr'>al</span> <span class='ocrx_word' id='word_1_465' title='bbox 3540 678 3670 733; x_wconf 82' lang='grc' dir='ltr'>ιδέαι</span> 
     </span>
    </p>
   </div>
   <div class='ocr_carea' id='block_1_61' title="bbox 2142 772 3674 843">
    <p class='ocr_par' dir='ltr' id='par_1_61' title="bbox 2142 772 3674 843">
     <span class='ocr_line' id='line_1_61' title="bbox 2142 772 3674 843; baseline 0.007 -19"><span class='ocrx_word' id='word_1_466' title='bbox 2142 772 2329 840; x_wconf 77' lang='grc' dir='ltr'>ἡμῶν,</span> <span class='ocrx_word' id='word_1_467' title='bbox 2365 774 2462 825; x_wconf 77' lang='grc' dir='ltr'>καὶ</span> <span class='ocrx_word' id='word_1_468' title='bbox 2494 775 2553 826; x_wconf 91' lang='lat' dir='ltr'>al</span> <span class='ocrx_word' id='word_1_469' title='bbox 2593 774 2739 827; x_wconf 80' lang='grc' dir='ltr'>ιδὲαι</span> <span class='ocrx_word' id='word_1_470' title='bbox 2769 773 2888 827; x_wconf 85' lang='grc' dir='ltr'>τῶν</span> <span class='ocrx_word' id='word_1_471' title='bbox 2908 775 3227 843; x_wconf 81' lang='grc' dir='ltr'>παιδαρίων</span> <span class='ocrx_word' id='word_1_472' title='bbox 3245 776 3356 829; x_wconf 85' lang='grc' dir='ltr'>τῶν</span> <span class='ocrx_word' id='word_1_473' title='bbox 3376 777 3674 833; x_wconf 83' lang='grc' dir='ltr'>ἐσθιόντων</span> 
     </span>
    </p>
   </div>
   <div class='ocr_carea' id='block_1_62' title="bbox 2141 876 3671 951">
    <p class='ocr_par' dir='ltr' id='par_1_62' title="bbox 2141 876 3671 951">
     <span class='ocr_line' id='line_1_62' title="bbox 2141 876 3671 951; baseline 0.007 -24"><span class='ocrx_word' id='word_1_474' title='bbox 2141 876 2255 943; x_wconf 93' lang='grc' dir='ltr'>τὴν</span> <span class='ocrx_word' id='word_1_475' title='bbox 2308 877 2597 944; x_wconf 78' lang='grc' dir='ltr'>τράπεζαν</span> <span class='ocrx_word' id='word_1_476' title='bbox 2637 878 2742 932; x_wconf 86' lang='grc' dir='ltr'>τοῦ</span> <span class='ocrx_word' id='word_1_477' title='bbox 2793 879 3125 945; x_wconf 80' lang='grc' dir='ltr'>βασιλέως·</span> <span class='ocrx_word' id='word_1_478' title='bbox 3171 880 3267 933; x_wconf 76' lang='grc' dir='ltr'>καὶ</span> <span class='ocrx_word' id='word_1_479' title='bbox 3300 881 3378 947; x_wconf 85' lang='grc' dir='ltr'>ὡς</span> <span class='ocrx_word' id='word_1_480' title='bbox 3404 882 3504 935; x_wconf 83' lang='grc' dir='ltr'>ἐὰν</span> <span class='ocrx_word' id='word_1_481' title='bbox 3536 884 3671 951; x_wconf 79' lang='grc' dir='ltr'>ἴδῃς,</span> 
     </span>
    </p>
   </div>
   <div class='ocr_carea' id='block_1_63' title="bbox 2141 984 3681 1054">
    <p class='ocr_par' dir='ltr' id='par_1_63' title="bbox 2141 984 3681 1054">
     <span class='ocr_line' id='line_1_63' title="bbox 2141 984 3681 1054; baseline 0.005 -19"><span class='ocrx_word' id='word_1_482' title='bbox 2141 984 2405 1051; x_wconf 83' lang='grc' dir='ltr'>ποίησον</span> <span class='ocrx_word' id='word_1_483' title='bbox 2439 985 2589 1053; x_wconf 81' lang='grc' dir='ltr'>μετὰ</span> <span class='ocrx_word' id='word_1_484' title='bbox 2618 986 2736 1039; x_wconf 89' lang='grc' dir='ltr'>τῶν</span> <span class='ocrx_word' id='word_1_485' title='bbox 2771 986 3001 1039; x_wconf 78' lang='grc' dir='ltr'>παίδων</span> <span class='ocrx_word' id='word_1_486' title='bbox 3029 1003 3162 1040; x_wconf 90' lang='grc' dir='ltr'>σου.</span> <span class='ocrx_word' id='word_1_487' title='bbox 3201 988 3307 1040; x_wconf 87' lang='lat' dir='ltr'>Kal</span> <span class='ocrx_word' id='word_1_488' title='bbox 3346 988 3681 1054; x_wconf 84' lang='grc' dir='ltr'>είσήκουσεν</span> 
     </span>
    </p>
   </div>
   <div class='ocr_carea' id='block_1_64' title="bbox 2141 1089 3679 1159">
    <p class='ocr_par' dir='ltr' id='par_1_64' title="bbox 2141 1089 3679 1159">
     <span class='ocr_line' id='line_1_64' title="bbox 2141 1089 3679 1159; baseline 0.004 -18"><span class='ocrx_word' id='word_1_489' title='bbox 2141 1089 2345 1152; x_wconf 77' lang='grc' dir='ltr'>αὑτὸν,</span> <span class='ocrx_word' id='word_1_490' title='bbox 2390 1091 2486 1143; x_wconf 78' lang='grc' dir='ltr'>καὶ</span> <span class='ocrx_word' id='word_1_491' title='bbox 2534 1090 2852 1159; x_wconf 47' lang='lat' dir='ltr'>Era/facer</span> <span class='ocrx_word' id='word_1_492' title='bbox 2880 1090 3096 1157; x_wconf 85' lang='grc' dir='ltr'>αὐτοὺς</span> <span class='ocrx_word' id='word_1_493' title='bbox 3146 1092 3363 1159; x_wconf 75' lang='grc' dir='ltr'>ἡμέρας</span> <span class='ocrx_word' id='word_1_494' title='bbox 3394 1091 3547 1147; x_wconf 78' lang='grc' dir='ltr'>δέκα.</span> <span class='ocrx_word' id='word_1_495' title='bbox 3584 1096 3679 1149; x_wconf 85' lang='lat' dir='ltr'>Kal</span> 
     </span>
    </p>
   </div>
   <div class='ocr_carea' id='block_1_65' title="bbox 2137 1194 3688 1265">
    <p class='ocr_par' dir='ltr' id='par_1_65' title="bbox 2137 1194 3688 1265">
     <span class='ocr_line' id='line_1_65' title="bbox 2137 1194 3688 1265; baseline 0.005 -18"><span class='ocrx_word' id='word_1_496' title='bbox 2137 1198 2286 1263; x_wconf 80' lang='grc' dir='ltr'>μετὰ</span> <span class='ocrx_word' id='word_1_497' title='bbox 2332 1194 2396 1249; x_wconf 79' lang='grc' dir='ltr'>τὸ</span> <span class='ocrx_word' id='word_1_498' title='bbox 2445 1197 2620 1263; x_wconf 84' lang='grc' dir='ltr'>τέλος</span> <span class='ocrx_word' id='word_1_499' title='bbox 2668 1198 2786 1250; x_wconf 85' lang='grc' dir='ltr'>τῶν</span> <span class='ocrx_word' id='word_1_500' title='bbox 2825 1196 2970 1250; x_wconf 83' lang='grc' dir='ltr'>δέκα</span> <span class='ocrx_word' id='word_1_501' title='bbox 3017 1196 3248 1265; x_wconf 78' lang='grc' dir='ltr'>ἡμερῶν</span> <span class='ocrx_word' id='word_1_502' title='bbox 3294 1196 3596 1265; x_wconf 85' lang='grc' dir='ltr'>ὡράθησαν</span> <span class='ocrx_word' id='word_1_503' title='bbox 3637 1204 3688 1255; x_wconf 80' lang='grc' dir='ltr'>ιιι</span> 
     </span>
    </p>
   </div>
   <div class='ocr_carea' id='block_1_66' title="bbox 2151 1300 3688 1373">
    <p class='ocr_par' dir='ltr' id='par_1_66' title="bbox 2151 1300 3688 1373">
     <span class='ocr_line' id='line_1_66' title="bbox 2151 1300 3688 1373; baseline 0.003 -20"><span class='ocrx_word' id='word_1_504' title='bbox 2151 1300 2299 1354; x_wconf 70' lang='grc' dir='ltr'>ἰδέαι</span> <span class='ocrx_word' id='word_1_505' title='bbox 2368 1301 2566 1354; x_wconf 84' lang='grc' dir='ltr'>αὐτῶν</span> <span class='ocrx_word' id='word_1_506' title='bbox 2619 1302 2853 1370; x_wconf 74' lang='grc' dir='ltr'>ἁγαθαὶ,</span> <span class='ocrx_word' id='word_1_507' title='bbox 2913 1304 3011 1355; x_wconf 80' lang='grc' dir='ltr'>καὶ</span> <span class='ocrx_word' id='word_1_508' title='bbox 3069 1305 3236 1357; x_wconf 74' lang='grc' dir='ltr'>αὐτοὶ</span> <span class='ocrx_word' id='word_1_509' title='bbox 3297 1304 3526 1373; x_wconf 71' lang='grc' dir='ltr'>ἰσχυροὶ</span> <span class='ocrx_word' id='word_1_510' title='bbox 3576 1305 3688 1369; x_wconf 85' lang='grc' dir='ltr'>ταῖς</span> 
     </span>
    </p>
   </div>
   <div class='ocr_carea' id='block_1_67' title="bbox 2141 1395 3694 1475">
    <p class='ocr_par' dir='ltr' id='par_1_67' title="bbox 2141 1395 3694 1475">
     <span class='ocr_line' id='line_1_67' title="bbox 2141 1395 3694 1475; baseline 0.002 -19"><span class='ocrx_word' id='word_1_511' title='bbox 2141 1395 2362 1470; x_wconf 75' lang='grc' dir='ltr'>σαρξὶν</span> <span class='ocrx_word' id='word_1_512' title='bbox 2385 1404 2537 1473; x_wconf 82' lang='grc' dir='ltr'>ὑπὲρ</span> <span class='ocrx_word' id='word_1_513' title='bbox 2562 1405 2633 1459; x_wconf 85' lang='grc' dir='ltr'>τὰ</span> <span class='ocrx_word' id='word_1_514' title='bbox 2660 1404 2936 1473; x_wconf 75' lang='grc' dir='ltr'>παιδάρια</span> <span class='ocrx_word' id='word_1_515' title='bbox 2960 1406 3032 1459; x_wconf 80' lang='grc' dir='ltr'>τὰ</span> <span class='ocrx_word' id='word_1_516' title='bbox 3061 1408 3342 1461; x_wconf 84' lang='grc' dir='ltr'>ἐσθίοντα</span> <span class='ocrx_word' id='word_1_517' title='bbox 3369 1407 3479 1475; x_wconf 87' lang='grc' dir='ltr'>τὴν</span> <span class='ocrx_word' id='word_1_518' title='bbox 3503 1408 3694 1475; x_wconf 79' lang='grc' dir='ltr'>τράπε-</span> 
     </span>
    </p>
   </div>
   <div class='ocr_carea' id='block_1_68' title="bbox 2142 1507 3695 1582">
    <p class='ocr_par' dir='ltr' id='par_1_68' title="bbox 2142 1507 3695 1582">
     <span class='ocr_line' id='line_1_68' title="bbox 2142 1507 3695 1582; baseline 0.001 -21"><span class='ocrx_word' id='word_1_519' title='bbox 2142 1507 2246 1569; x_wconf 77' lang='grc' dir='ltr'>ζαν</span> <span class='ocrx_word' id='word_1_520' title='bbox 2269 1508 2374 1563; x_wconf 90' lang='grc' dir='ltr'>τοῦ</span> <span class='ocrx_word' id='word_1_521' title='bbox 2399 1509 2728 1575; x_wconf 75' lang='grc' dir='ltr'>βασιλέως.</span> <span class='ocrx_word' id='word_1_522' title='bbox 2771 1509 2945 1579; x_wconf 80' lang='grc' dir='ltr'>Πολλὴ</span> <span class='ocrx_word' id='word_1_523' title='bbox 2972 1510 3125 1582; x_wconf 75' lang='lat'>[9.05]</span> <span class='ocrx_word' id='word_1_524' title='bbox 3159 1512 3192 1582; x_wconf 83' lang='grc' dir='ltr'><strong>ή</strong></span> <span class='ocrx_word' id='word_1_525' title='bbox 3220 1512 3515 1582; x_wconf 78' lang='grc' dir='ltr'>παρρησία,</span> <span class='ocrx_word' id='word_1_526' title='bbox 3556 1512 3695 1580; x_wconf 85' lang='grc' dir='ltr'>μεγί-</span> 
     </span>
    </p>
   </div>
   <div class='ocr_carea' id='block_1_69' title="bbox 2144 1614 3694 1686">
    <p class='ocr_par' dir='ltr' id='par_1_69' title="bbox 2144 1614 3694 1686">
     <span class='ocr_line' id='line_1_69' title="bbox 2144 1614 3694 1686; baseline 0.003 -22"><span class='ocrx_word' id='word_1_527' title='bbox 2144 1629 2240 1683; x_wconf 89' lang='grc' dir='ltr'>στη</span> <span class='ocrx_word' id='word_1_528' title='bbox 2272 1614 2304 1683; x_wconf 77' lang='grc' dir='ltr'>ἡ</span> <span class='ocrx_word' id='word_1_529' title='bbox 2344 1614 2644 1684; x_wconf 73' lang='grc' dir='ltr'>προθυμία,</span> <span class='ocrx_word' id='word_1_530' title='bbox 2672 1614 2839 1684; x_wconf 86' lang='grc' dir='ltr'>πολλὴ</span> <span class='ocrx_word' id='word_1_531' title='bbox 2880 1616 2912 1685; x_wconf 80' lang='grc' dir='ltr'>ἡ</span> <span class='ocrx_word' id='word_1_532' title='bbox 2950 1615 3185 1678; x_wconf 85' lang='grc' dir='ltr'>σύνεσις,</span> <span class='ocrx_word' id='word_1_533' title='bbox 3216 1616 3480 1686; x_wconf 84' lang='grc' dir='ltr'>μεγάληή</span> <span class='ocrx_word' id='word_1_534' title='bbox 3509 1616 3694 1678; x_wconf 86' lang='grc' dir='ltr'>πίστις.</span> 
     </span>
    </p>
   </div>
   <div class='ocr_carea' id='block_1_70' title="bbox 2142 1717 3697 1789">
    <p class='ocr_par' dir='ltr' id='par_1_70' title="bbox 2142 1717 3697 1789">
     <span class='ocr_line' id='line_1_70' title="bbox 2142 1717 3697 1789; baseline 0.002 -18"><span class='ocrx_word' id='word_1_535' title='bbox 2142 1719 2438 1786; x_wconf 80' lang='grc' dir='ltr'>Πείρασον</span> <span class='ocrx_word' id='word_1_536' title='bbox 2482 1720 2623 1784; x_wconf 82' lang='grc' dir='ltr'>τοὺς</span> <span class='ocrx_word' id='word_1_537' title='bbox 2665 1719 2883 1785; x_wconf 84' lang='grc' dir='ltr'>παῖδας</span> <span class='ocrx_word' id='word_1_538' title='bbox 2934 1735 3049 1773; x_wconf 84' lang='grc' dir='ltr'>σου</span> <span class='ocrx_word' id='word_1_539' title='bbox 3096 1719 3321 1789; x_wconf 67' lang='grc' dir='ltr'>ἡμέρας</span> <span class='ocrx_word' id='word_1_540' title='bbox 3376 1720 3538 1774; x_wconf 85' lang='grc' dir='ltr'>δέκα.</span> <span class='ocrx_word' id='word_1_541' title='bbox 3579 1717 3697 1774; x_wconf 79' lang='grc' dir='ltr'>Εἶτα</span> 
     </span>
    </p>
   </div>
   <div class='ocr_carea' id='block_1_71' title="bbox 2142 1822 3702 1897">
    <p class='ocr_par' dir='ltr' id='par_1_71' title="bbox 2142 1822 3702 1897">
     <span class='ocr_line' id='line_1_71' title="bbox 2142 1822 3702 1897; baseline 0.003 -23"><span class='ocrx_word' id='word_1_542' title='bbox 2142 1822 2228 1875; x_wconf 80' lang='grc' dir='ltr'>ἵνα</span> <span class='ocrx_word' id='word_1_543' title='bbox 2262 1823 2335 1892; x_wconf 84' lang='grc' dir='ltr'>μὴ</span> <span class='ocrx_word' id='word_1_544' title='bbox 2377 1823 2601 1893; x_wconf 83' lang='grc' dir='ltr'>νομίσῃς</span> <span class='ocrx_word' id='word_1_545' title='bbox 2627 1825 2724 1894; x_wconf 76' lang='grc' dir='ltr'>τῆς</span> <span class='ocrx_word' id='word_1_546' title='bbox 2753 1823 2965 1894; x_wconf 86' lang='grc' dir='ltr'>φύσεως</span> <span class='ocrx_word' id='word_1_547' title='bbox 2994 1826 3102 1879; x_wconf 89' lang='grc' dir='ltr'>τῶν</span> <span class='ocrx_word' id='word_1_548' title='bbox 3137 1828 3467 1897; x_wconf 86' lang='grc' dir='ltr'>σπερμάτων</span> <span class='ocrx_word' id='word_1_549' title='bbox 3490 1823 3621 1879; x_wconf 85' lang='grc' dir='ltr'>εἶναι</span> <span class='ocrx_word' id='word_1_550' title='bbox 3648 1827 3702 1880; x_wconf 76' lang='grc' dir='ltr'>τὸ</span> 
     </span>
    </p>
   </div>
   <div class='ocr_carea' id='block_1_72' title="bbox 2141 1927 3701 2004">
    <p class='ocr_par' dir='ltr' id='par_1_72' title="bbox 2141 1927 3701 2004">
     <span class='ocr_line' id='line_1_72' title="bbox 2141 1927 3701 2004; baseline 0.004 -25"><span class='ocrx_word' id='word_1_551' title='bbox 2141 1927 2367 1999; x_wconf 84' lang='grc' dir='ltr'>φαιδρὸν</span> <span class='ocrx_word' id='word_1_552' title='bbox 2399 1928 2493 1981; x_wconf 88' lang='grc' dir='ltr'>τοῦ</span> <span class='ocrx_word' id='word_1_553' title='bbox 2547 1930 2861 2001; x_wconf 84' lang='grc' dir='ltr'>προσώπου,</span> <span class='ocrx_word' id='word_1_554' title='bbox 2892 1932 2993 2003; x_wconf 84' lang='grc' dir='ltr'>ὅρα</span> <span class='ocrx_word' id='word_1_555' title='bbox 3022 1932 3086 2003; x_wconf 87' lang='grc' dir='ltr'>δὴ</span> <span class='ocrx_word' id='word_1_556' title='bbox 3118 1931 3264 2002; x_wconf 78' lang='grc' dir='ltr'>ὕδωρ</span> <span class='ocrx_word' id='word_1_557' title='bbox 3297 1933 3357 1986; x_wconf 81' lang='grc' dir='ltr'>τὸ</span> <span class='ocrx_word' id='word_1_558' title='bbox 3389 1934 3463 2004; x_wconf 86' lang='grc' dir='ltr'>μὴ</span> <span class='ocrx_word' id='word_1_559' title='bbox 3496 1933 3701 2004; x_wconf 77' lang='grc' dir='ltr'>τρέφον.</span> 
     </span>
    </p>
   </div>
   <div class='ocr_carea' id='block_1_73' title="bbox 2140 2032 3705 2109">
    <p class='ocr_par' dir='ltr' id='par_1_73' title="bbox 2140 2032 3705 2109">
     <span class='ocr_line' id='line_1_73' title="bbox 2140 2032 3705 2109; baseline 0.003 -25"><span class='ocrx_word' id='word_1_560' title='bbox 2140 2032 2251 2085; x_wconf 80' lang='lat' dir='ltr'>Kal</span> <span class='ocrx_word' id='word_1_561' title='bbox 2286 2033 2384 2103; x_wconf 89' lang='grc' dir='ltr'>οὐχ</span> <span class='ocrx_word' id='word_1_562' title='bbox 2421 2034 2606 2098; x_wconf 84' lang='grc' dir='ltr'>ἁπλῶς</span> <span class='ocrx_word' id='word_1_563' title='bbox 2657 2035 2912 2100; x_wconf 81' lang='grc' dir='ltr'>εὐπαθετς</span> <span class='ocrx_word' id='word_1_564' title='bbox 2951 2037 3254 2109; x_wconf 89' lang='grc' dir='ltr'>ἐφάνησαν,</span> <span class='ocrx_word' id='word_1_565' title='bbox 3297 2036 3437 2090; x_wconf 82' lang='grc' dir='ltr'>ἀλλὰ</span> <span class='ocrx_word' id='word_1_566' title='bbox 3482 2036 3572 2090; x_wconf 76' lang='grc' dir='ltr'>καὶ</span> <span class='ocrx_word' id='word_1_567' title='bbox 3607 2037 3705 2089; x_wconf 87' lang='grc' dir='ltr'>τῶν</span> 
     </span>
    </p>
   </div>
   <div class='ocr_carea' id='block_1_74' title="bbox 2140 2136 3709 2212">
    <p class='ocr_par' dir='ltr' id='par_1_74' title="bbox 2140 2136 3709 2212">
     <span class='ocr_line' id='line_1_74' title="bbox 2140 2136 3709 2212; baseline 0.003 -23"><span class='ocrx_word' id='word_1_568' title='bbox 2140 2136 2515 2192; x_wconf 85' lang='grc' dir='ltr'>ἀπολαυόντων</span> <span class='ocrx_word' id='word_1_569' title='bbox 2536 2140 2634 2210; x_wconf 85' lang='grc' dir='ltr'>τῆς</span> <span class='ocrx_word' id='word_1_570' title='bbox 2658 2140 2935 2212; x_wconf 76' lang='grc' dir='ltr'>τραπέζης</span> <span class='ocrx_word' id='word_1_571' title='bbox 2962 2145 3061 2212; x_wconf 79' lang='grc' dir='ltr'>τῆς</span> <span class='ocrx_word' id='word_1_572' title='bbox 3091 2141 3382 2211; x_wconf 77' lang='grc' dir='ltr'>βασιλικῆς</span> <span class='ocrx_word' id='word_1_573' title='bbox 3405 2141 3709 2193; x_wconf 81' lang='grc' dir='ltr'>εὐπαθέστε-</span> 
     </span>
    </p>
   </div>
   <div class='ocr_carea' id='block_1_75' title="bbox 2145 2243 3709 2319">
    <p class='ocr_par' dir='ltr' id='par_1_75' title="bbox 2145 2243 3709 2319">
     <span class='ocr_line' id='line_1_75' title="bbox 2145 2243 3709 2319; baseline 0.003 -24"><span class='ocrx_word' id='word_1_574' title='bbox 2145 2260 2245 2313; x_wconf 87' lang='grc' dir='ltr'>ροι.</span> <span class='ocrx_word' id='word_1_575' title='bbox 2272 2244 2394 2296; x_wconf 86' lang='grc' dir='ltr'>’Ότι</span> <span class='ocrx_word' id='word_1_576' title='bbox 2427 2244 2481 2297; x_wconf 89' lang='grc' dir='ltr'>δέ</span> <span class='ocrx_word' id='word_1_577' title='bbox 2524 2247 2661 2316; x_wconf 85' lang='grc' dir='ltr'>κρέα</span> <span class='ocrx_word' id='word_1_578' title='bbox 2690 2248 2783 2299; x_wconf 74' lang='grc' dir='ltr'>καὶ</span> <span class='ocrx_word' id='word_1_579' title='bbox 2821 2243 2961 2311; x_wconf 79' lang='grc' dir='ltr'>οἶνος</span> <span class='ocrx_word' id='word_1_580' title='bbox 2994 2249 3215 2302; x_wconf 85' lang='grc' dir='ltr'>πάντων</span> <span class='ocrx_word' id='word_1_581' title='bbox 3270 2248 3469 2319; x_wconf 78' lang='grc' dir='ltr'>μᾶλλον</span> <span class='ocrx_word' id='word_1_582' title='bbox 3501 2248 3709 2318; x_wconf 78' lang='grc' dir='ltr'>τρέφειν</span> 
     </span>
    </p>
   </div>
   <div class='ocr_carea' id='block_1_76' title="bbox 2140 2351 3709 2427">
    <p class='ocr_par' dir='ltr' id='par_1_76' title="bbox 2140 2351 3709 2427">
     <span class='ocr_line' id='line_1_76' title="bbox 2140 2351 3709 2427; baseline 0.001 -24"><span class='ocrx_word' id='word_1_583' title='bbox 2140 2351 2319 2413; x_wconf 76' lang='grc' dir='ltr'>εἴωθε,</span> <span class='ocrx_word' id='word_1_584' title='bbox 2361 2354 2521 2405; x_wconf 67' lang='grc' dir='ltr'>παντὶ</span> <span class='ocrx_word' id='word_1_585' title='bbox 2549 2353 2705 2423; x_wconf 82' lang='grc' dir='ltr'>δῆλόν</span> <span class='ocrx_word' id='word_1_586' title='bbox 2739 2355 2874 2407; x_wconf 81' lang='grc' dir='ltr'>ἐστι.</span> <span class='ocrx_word' id='word_1_587' title='bbox 2909 2353 3051 2427; x_wconf 88' lang='grc' dir='ltr'>Ὅρα</span> <span class='ocrx_word' id='word_1_588' title='bbox 3080 2356 3147 2408; x_wconf 89' lang='grc' dir='ltr'>ἐκ</span> <span class='ocrx_word' id='word_1_589' title='bbox 3187 2355 3490 2426; x_wconf 85' lang='grc' dir='ltr'>προοιμίων</span> <span class='ocrx_word' id='word_1_590' title='bbox 3524 2353 3709 2415; x_wconf 86' lang='grc' dir='ltr'>εὐθέως</span> 
     </span>
    </p>
   </div>
   <div class='ocr_carea' id='block_1_77' title="bbox 2139 2454 3710 2530">
    <p class='ocr_par' dir='ltr' id='par_1_77' title="bbox 2139 2454 3710 2530">
     <span class='ocr_line' id='line_1_77' title="bbox 2139 2454 3710 2530; baseline 0.001 -23"><span class='ocrx_word' id='word_1_591' title='bbox 2139 2454 2237 2525; x_wconf 77' lang='grc' dir='ltr'>τὴν</span> <span class='ocrx_word' id='word_1_592' title='bbox 2260 2455 2599 2509; x_wconf 77' lang='grc' dir='ltr'>ἐπανθοῦσαν</span> <span class='ocrx_word' id='word_1_593' title='bbox 2628 2457 2787 2528; x_wconf 85' lang='grc' dir='ltr'>χάριν</span> <span class='ocrx_word' id='word_1_594' title='bbox 2821 2458 2886 2511; x_wconf 86' lang='grc' dir='ltr'>ἐκ</span> <span class='ocrx_word' id='word_1_595' title='bbox 2910 2458 3007 2528; x_wconf 84' lang='grc' dir='ltr'>τῆς</span> <span class='ocrx_word' id='word_1_596' title='bbox 3031 2459 3413 2530; x_wconf 85' lang='grc' dir='ltr'>προαιρέσεως</span> <span class='ocrx_word' id='word_1_597' title='bbox 3451 2459 3555 2511; x_wconf 90' lang='grc' dir='ltr'>τῶν</span> <span class='ocrx_word' id='word_1_598' title='bbox 3591 2457 3710 2510; x_wconf 87' lang='grc' dir='ltr'>παί-</span> 
     </span>
    </p>
   </div>
   <div class='ocr_carea' id='block_1_78' title="bbox 2139 2558 3714 2634">
    <p class='ocr_par' dir='ltr' id='par_1_78' title="bbox 2139 2558 3714 2634">
     <span class='ocr_line' id='line_1_78' title="bbox 2139 2558 3714 2634; baseline 0.001 -23"><span class='ocrx_word' id='word_1_599' title='bbox 2139 2558 2264 2626; x_wconf 88' lang='grc' dir='ltr'>δων,</span> <span class='ocrx_word' id='word_1_600' title='bbox 2299 2558 2439 2632; x_wconf 76' lang='grc' dir='ltr'>[καὶ]</span> <span class='ocrx_word' id='word_1_601' title='bbox 2488 2562 2554 2615; x_wconf 91' lang='grc' dir='ltr'>ἐκ</span> <span class='ocrx_word' id='word_1_602' title='bbox 2609 2562 2709 2632; x_wconf 82' lang='grc' dir='ltr'>τῆς</span> <span class='ocrx_word' id='word_1_603' title='bbox 2754 2562 2975 2634; x_wconf 88' lang='grc' dir='ltr'>χάριτος</span> <span class='ocrx_word' id='word_1_604' title='bbox 3021 2563 3118 2617; x_wconf 85' lang='grc' dir='ltr'>τοῦ</span> <span class='ocrx_word' id='word_1_605' title='bbox 3169 2563 3331 2617; x_wconf 88' lang='grc' dir='ltr'>Θεοῦ.</span> <span class='ocrx_word' id='word_1_606' title='bbox 3373 2564 3437 2617; x_wconf 85' lang='lat' dir='ltr'>&#39;H</span> <span class='ocrx_word' id='word_1_607' title='bbox 3494 2561 3587 2634; x_wconf 83' lang='grc' dir='ltr'>μέν</span> <span class='ocrx_word' id='word_1_608' title='bbox 3615 2563 3714 2632; x_wconf 74' lang='grc' dir='ltr'>γὰρ</span> 
     </span>
    </p>
   </div>
   <div class='ocr_carea' id='block_1_79' title="bbox 2142 2665 3713 2741">
    <p class='ocr_par' dir='ltr' id='par_1_79' title="bbox 2142 2665 3713 2741">
     <span class='ocr_line' id='line_1_79' title="bbox 2142 2665 3713 2741; baseline 0.003 -25"><span class='ocrx_word' id='word_1_609' title='bbox 2142 2665 2459 2738; x_wconf 89' lang='grc' dir='ltr'>προαίρεσις</span> <span class='ocrx_word' id='word_1_610' title='bbox 2502 2667 2567 2720; x_wconf 87' lang='grc' dir='ltr'>ἐκ</span> <span class='ocrx_word' id='word_1_611' title='bbox 2604 2666 2698 2720; x_wconf 89' lang='grc' dir='ltr'>τοῦ</span> <span class='ocrx_word' id='word_1_612' title='bbox 2738 2668 2813 2739; x_wconf 82' lang='grc' dir='ltr'>μὴ</span> <span class='ocrx_word' id='word_1_613' title='bbox 2870 2668 3118 2740; x_wconf 78' lang='grc' dir='ltr'>θελῆσαι,</span> <span class='ocrx_word' id='word_1_614' title='bbox 3169 2672 3204 2741; x_wconf 81' lang='grc' dir='ltr'>ἡ</span> <span class='ocrx_word' id='word_1_615' title='bbox 3253 2671 3312 2724; x_wconf 79' lang='grc' dir='ltr'>δέ</span> <span class='ocrx_word' id='word_1_616' title='bbox 3347 2670 3507 2740; x_wconf 88' lang='grc' dir='ltr'>χάρις</span> <span class='ocrx_word' id='word_1_617' title='bbox 3535 2670 3596 2722; x_wconf 83' lang='grc' dir='ltr'>ἐκ</span> <span class='ocrx_word' id='word_1_618' title='bbox 3629 2666 3713 2721; x_wconf 83' lang='grc' dir='ltr'>τοῦ</span> 
     </span>
    </p>
   </div>
   <div class='ocr_carea' id='block_1_80' title="bbox 2138 2771 3716 2845">
    <p class='ocr_par' dir='ltr' id='par_1_80' title="bbox 2138 2771 3716 2845">
     <span class='ocr_line' id='line_1_80' title="bbox 2138 2771 3716 2845; baseline 0.001 -21"><span class='ocrx_word' id='word_1_619' title='bbox 2138 2771 2451 2843; x_wconf 83' lang='grc' dir='ltr'>δυνηθῆναι.</span> <span class='ocrx_word' id='word_1_620' title='bbox 2494 2772 2606 2826; x_wconf 85' lang='lat' dir='ltr'><strong><em>Kal</em></strong></span> <span class='ocrx_word' id='word_1_621' title='bbox 2639 2773 3015 2842; x_wconf 72' lang='grc' dir='ltr'>ὀφθήτωσαν,</span> <span class='ocrx_word' id='word_1_622' title='bbox 3064 2775 3228 2845; x_wconf 73' lang='grc' dir='ltr'>φησὶ,</span> <span class='ocrx_word' id='word_1_623' title='bbox 3285 2774 3543 2829; x_wconf 82' lang='grc' dir='ltr'>ἐνώπιόν</span> <span class='ocrx_word' id='word_1_624' title='bbox 3588 2788 3716 2826; x_wconf 85' lang='grc' dir='ltr'>σου.</span> 
     </span>
    </p>
   </div>
   <div class='ocr_carea' id='block_1_81' title="bbox 2139 2877 3719 2951">
    <p class='ocr_par' dir='ltr' id='par_1_81' title="bbox 2139 2877 3719 2951">
     <span class='ocr_line' id='line_1_81' title="bbox 2139 2877 3719 2951; baseline 0.001 -20"><span class='ocrx_word' id='word_1_625' title='bbox 2139 2878 2230 2931; x_wconf 78' lang='grc' dir='ltr'>Σοὶ</span> <span class='ocrx_word' id='word_1_626' title='bbox 2258 2879 2357 2949; x_wconf 83' lang='grc' dir='ltr'>τὴν</span> <span class='ocrx_word' id='word_1_627' title='bbox 2397 2879 2578 2951; x_wconf 82' lang='grc' dir='ltr'>κρίσιν</span> <span class='ocrx_word' id='word_1_628' title='bbox 2604 2880 2988 2951; x_wconf 86' lang='grc' dir='ltr'>ἐπιτρέπομεν.</span> <span class='ocrx_word' id='word_1_629' title='bbox 3030 2881 3234 2951; x_wconf 82' lang='grc' dir='ltr'>Κούφη</span> <span class='ocrx_word' id='word_1_630' title='bbox 3264 2880 3325 2934; x_wconf 85' lang='grc' dir='ltr'>δέ</span> <span class='ocrx_word' id='word_1_631' title='bbox 3362 2881 3458 2934; x_wconf 73' lang='grc' dir='ltr'>καὶ</span> <span class='ocrx_word' id='word_1_632' title='bbox 3487 2877 3719 2949; x_wconf 80' lang='grc' dir='ltr'>εὐμαρὴς</span> 
     </span>
    </p>
   </div>
   <div class='ocr_carea' id='block_1_82' title="bbox 2137 2982 3721 3056">
    <p class='ocr_par' dir='ltr' id='par_1_82' title="bbox 2137 2982 3721 3056">
     <span class='ocr_line' id='line_1_82' title="bbox 2137 2982 3721 3056; baseline 0 -21"><span class='ocrx_word' id='word_1_633' title='bbox 2137 2983 2170 3052; x_wconf 85' lang='grc' dir='ltr'><strong>ή</strong></span> <span class='ocrx_word' id='word_1_634' title='bbox 2207 2982 2386 3053; x_wconf 85' lang='grc' dir='ltr'>χάρις·</span> <span class='ocrx_word' id='word_1_635' title='bbox 2414 2982 2501 3036; x_wconf 79' lang='grc' dir='ltr'>διὰ</span> <span class='ocrx_word' id='word_1_636' title='bbox 2528 2983 2637 3036; x_wconf 89' lang='grc' dir='ltr'>τῶν</span> <span class='ocrx_word' id='word_1_637' title='bbox 2682 2984 3022 3054; x_wconf 85' lang='grc' dir='ltr'>πραγμάτων</span> <span class='ocrx_word' id='word_1_638' title='bbox 3067 2985 3407 3056; x_wconf 84' lang='grc' dir='ltr'>πιστώθητι.</span> <span class='ocrx_word' id='word_1_639' title='bbox 3446 2982 3588 3053; x_wconf 82' lang='grc' dir='ltr'>Ἐγὼ</span> <span class='ocrx_word' id='word_1_640' title='bbox 3630 2983 3721 3055; x_wconf 73' lang='grc' dir='ltr'>μὶν</span> 
     </span>
    </p>
   </div>
   <div class='ocr_carea' id='block_1_83' title="bbox 2138 3084 3726 3160">
    <p class='ocr_par' dir='ltr' id='par_1_83' title="bbox 2138 3084 3726 3160">
     <span class='ocr_line' id='line_1_83' title="bbox 2138 3084 3726 3160; baseline -0.001 -19"><span class='ocrx_word' id='word_1_641' title='bbox 2138 3087 2247 3160; x_wconf 85' lang='grc' dir='ltr'>γὰρ</span> <span class='ocrx_word' id='word_1_642' title='bbox 2276 3084 2391 3142; x_wconf 77' lang='grc' dir='ltr'>οἶδα</span> <span class='ocrx_word' id='word_1_643' title='bbox 2422 3088 2640 3157; x_wconf 82' lang='grc' dir='ltr'>σαφῶς’</span> <span class='ocrx_word' id='word_1_644' title='bbox 2681 3088 2775 3142; x_wconf 73' lang='grc' dir='ltr'>καὶ</span> <span class='ocrx_word' id='word_1_645' title='bbox 2803 3090 2909 3159; x_wconf 79' lang='grc' dir='ltr'>πρὸ</span> <span class='ocrx_word' id='word_1_646' title='bbox 2937 3088 3028 3142; x_wconf 91' lang='grc' dir='ltr'>τοῦ</span> <span class='ocrx_word' id='word_1_647' title='bbox 3054 3090 3256 3155; x_wconf 85' lang='grc' dir='ltr'>τέλους</span> <span class='ocrx_word' id='word_1_648' title='bbox 3296 3090 3401 3144; x_wconf 87' lang='grc' dir='ltr'>οὐκ</span> <span class='ocrx_word' id='word_1_649' title='bbox 3442 3088 3726 3157; x_wconf 82' lang='grc' dir='ltr'>άποφαίνο·</span> 
     </span>
    </p>
   </div>
   <div class='ocr_carea' id='block_1_84' title="bbox 2142 3194 3730 3267">
    <p class='ocr_par' dir='ltr' id='par_1_84' title="bbox 2142 3194 3730 3267">
     <span class='ocr_line' id='line_1_84' title="bbox 2142 3194 3730 3267; baseline -0.003 -18"><span class='ocrx_word' id='word_1_650' title='bbox 2142 3212 2262 3267; x_wconf 88' lang='grc' dir='ltr'>μαι,</span> <span class='ocrx_word' id='word_1_651' title='bbox 2294 3194 2381 3248; x_wconf 82' lang='grc' dir='ltr'>διὰ</span> <span class='ocrx_word' id='word_1_652' title='bbox 2417 3196 2497 3247; x_wconf 87' lang='grc' dir='ltr'>σέ.</span> <span class='ocrx_word' id='word_1_653' title='bbox 2532 3197 2672 3266; x_wconf 87' lang='grc' dir='ltr'>Ὅρα</span> <span class='ocrx_word' id='word_1_654' title='bbox 2707 3194 2822 3258; x_wconf 87' lang='grc' dir='ltr'>πῶς</span> <span class='ocrx_word' id='word_1_655' title='bbox 2857 3194 2952 3248; x_wconf 76' lang='grc' dir='ltr'>καὶ</span> <span class='ocrx_word' id='word_1_656' title='bbox 2989 3196 3112 3259; x_wconf 76' lang='grc' dir='ltr'>τοὺς</span> <span class='ocrx_word' id='word_1_657' title='bbox 3146 3196 3383 3260; x_wconf 79' lang='grc' dir='ltr'>οἰκέτας</span> <span class='ocrx_word' id='word_1_658' title='bbox 3424 3196 3730 3249; x_wconf 82' lang='grc' dir='ltr'>ἐπαίδευσεν</span> 
     </span>
    </p>
   </div>
   <div class='ocr_carea' id='block_1_85' title="bbox 2140 3298 3733 3369">
    <p class='ocr_par' dir='ltr' id='par_1_85' title="bbox 2140 3298 3733 3369">
     <span class='ocr_line' id='line_1_85' title="bbox 2140 3298 3733 3369; baseline -0.001 -18"><span class='ocrx_word' id='word_1_659' title='bbox 2140 3298 2365 3363; x_wconf 87' lang='grc' dir='ltr'>εὐθέως,</span> <span class='ocrx_word' id='word_1_660' title='bbox 2396 3300 2490 3352; x_wconf 78' lang='grc' dir='ltr'>καὶ</span> <span class='ocrx_word' id='word_1_661' title='bbox 2523 3299 2779 3364; x_wconf 81' lang='grc' dir='ltr'>ἐδίδαξεν,</span> <span class='ocrx_word' id='word_1_662' title='bbox 2805 3300 2887 3353; x_wconf 83' lang='grc' dir='ltr'>ὅτι</span> <span class='ocrx_word' id='word_1_663' title='bbox 2915 3299 3169 3369; x_wconf 85' lang='grc' dir='ltr'>φιλόθεός</span> <span class='ocrx_word' id='word_1_664' title='bbox 3204 3301 3294 3364; x_wconf 88' lang='grc' dir='ltr'>τίς</span> <span class='ocrx_word' id='word_1_665' title='bbox 3319 3301 3492 3353; x_wconf 79' lang='grc' dir='ltr'>ἐστιν.</span> <span class='ocrx_word' id='word_1_666' title='bbox 3517 3299 3623 3353; x_wconf 80' lang='lat' dir='ltr'>Kal</span> <span class='ocrx_word' id='word_1_667' title='bbox 3641 3298 3733 3369; x_wconf 82' lang='grc' dir='ltr'>οὐχ</span> 
     </span>
    </p>
   </div>
   <div class='ocr_carea' id='block_1_86' title="bbox 2140 3398 3735 3485">
    <p class='ocr_par' dir='ltr' id='par_1_86' title="bbox 2140 3398 3735 3485">
     <span class='ocr_line' id='line_1_86' title="bbox 2140 3398 3735 3485; baseline -0.003 -29"><span class='ocrx_word' id='word_1_668' title='bbox 2140 3402 2345 3485; x_wconf 76' lang='grc' dir='ltr'>ἁπλῶς,</span> <span class='ocrx_word' id='word_1_669' title='bbox 2368 3402 2503 3456; x_wconf 79' lang='grc' dir='ltr'>Μεθ’</span> <span class='ocrx_word' id='word_1_670' title='bbox 2538 3403 2713 3473; x_wconf 79' lang='grc' dir='ltr'>ἡμῶν,</span> <span class='ocrx_word' id='word_1_671' title='bbox 2764 3404 2918 3474; x_wconf 69' lang='grc' dir='ltr'>φησὶ,</span> <span class='ocrx_word' id='word_1_672' title='bbox 2951 3404 3210 3474; x_wconf 79' lang='grc' dir='ltr'>ποίησον,</span> <span class='ocrx_word' id='word_1_673' title='bbox 3240 3404 3406 3467; x_wconf 83' lang='grc' dir='ltr'>ἀλλὰ,</span> <span class='ocrx_word' id='word_1_674' title='bbox 3435 3403 3595 3458; x_wconf 84' lang='grc' dir='ltr'>Μετὰ</span> <span class='ocrx_word' id='word_1_675' title='bbox 3626 3398 3735 3454; x_wconf 82' lang='grc' dir='ltr'>τῶν</span> 
     </span>
    </p>
   </div>
   <div class='ocr_carea' id='block_1_87' title="bbox 2138 3506 3735 3578">
    <p class='ocr_par' dir='ltr' id='par_1_87' title="bbox 2138 3506 3735 3578">
     <span class='ocr_line' id='line_1_87' title="bbox 2138 3506 3735 3578; baseline -0.001 -19"><span class='ocrx_word' id='word_1_676' title='bbox 2138 3506 2366 3560; x_wconf 83' lang='grc' dir='ltr'>παίδων</span> <span class='ocrx_word' id='word_1_677' title='bbox 2394 3521 2531 3560; x_wconf 76' lang='grc' dir='ltr'>σουο</span> <span class='ocrx_word' id='word_1_678' title='bbox 2566 3507 2661 3559; x_wconf 79' lang='lat' dir='ltr'><strong><em>xal</em></strong></span> <span class='ocrx_word' id='word_1_679' title='bbox 2685 3507 2985 3577; x_wconf 87' lang='grc' dir='ltr'>ἀρχόμενος</span> <span class='ocrx_word' id='word_1_680' title='bbox 3012 3506 3197 3573; x_wconf 78' lang='grc' dir='ltr'>οὕτως</span> <span class='ocrx_word' id='word_1_681' title='bbox 3219 3509 3382 3578; x_wconf 76' lang='grc' dir='ltr'>ἔλεγε</span> <span class='ocrx_word' id='word_1_682' title='bbox 3404 3526 3417 3538; x_wconf 91' lang='grc'><strong>·</strong></span> <span class='ocrx_word' id='word_1_683' title='bbox 3446 3509 3735 3576; x_wconf 79' lang='grc' dir='ltr'>Πείρασον</span> 
     </span>
    </p>
   </div>
   <div class='ocr_carea' id='block_1_88' title="bbox 2138 3611 3737 3684">
    <p class='ocr_par' dir='ltr' id='par_1_88' title="bbox 2138 3611 3737 3684">
     <span class='ocr_line' id='line_1_88' title="bbox 2138 3611 3737 3684; baseline -0.001 -19"><span class='ocrx_word' id='word_1_684' title='bbox 2138 3611 2281 3677; x_wconf 83' lang='grc' dir='ltr'>τοὺς</span> <span class='ocrx_word' id='word_1_685' title='bbox 2317 3611 2534 3677; x_wconf 82' lang='grc' dir='ltr'>παῖδάς</span> <span class='ocrx_word' id='word_1_686' title='bbox 2569 3627 2705 3665; x_wconf 91' lang='grc' dir='ltr'>σου.</span> <span class='ocrx_word' id='word_1_687' title='bbox 2740 3612 2815 3665; x_wconf 86' lang='grc' dir='ltr'>Οὐ</span> <span class='ocrx_word' id='word_1_688' title='bbox 2856 3611 3212 3684; x_wconf 78' lang='grc' dir='ltr'>παρῃτοῦντο</span> <span class='ocrx_word' id='word_1_689' title='bbox 3256 3615 3363 3678; x_wconf 84' lang='grc' dir='ltr'>τὰς</span> <span class='ocrx_word' id='word_1_690' title='bbox 3399 3613 3737 3683; x_wconf 81' lang='grc' dir='ltr'>ἀνθρωπίνας</span> 
     </span>
    </p>
   </div>
   <div class='ocr_carea' id='block_1_89' title="bbox 2137 3712 3735 3783">
    <p class='ocr_par' dir='ltr' id='par_1_89' title="bbox 2137 3712 3735 3783">
     <span class='ocr_line' id='line_1_89' title="bbox 2137 3712 3735 3783; baseline -0.002 -17"><span class='ocrx_word' id='word_1_691' title='bbox 2137 3712 2323 3783; x_wconf 86' lang='grc' dir='ltr'>τιμὰς,</span> <span class='ocrx_word' id='word_1_692' title='bbox 2369 3712 2496 3767; x_wconf 81' lang='grc' dir='ltr'>ἔνθα</span> <span class='ocrx_word' id='word_1_693' title='bbox 2528 3716 2626 3782; x_wconf 80' lang='grc' dir='ltr'>τὴν</span> <span class='ocrx_word' id='word_1_694' title='bbox 2661 3712 2942 3766; x_wconf 78' lang='grc' dir='ltr'>εὐσέϐειαν</span> <span class='ocrx_word' id='word_1_695' title='bbox 2988 3712 3145 3767; x_wconf 84' lang='grc' dir='ltr'>οὐδὲν</span> <span class='ocrx_word' id='word_1_696' title='bbox 3197 3714 3502 3775; x_wconf 77' lang='grc' dir='ltr'>ἔϐλαπτεν.</span> <span class='ocrx_word' id='word_1_697' title='bbox 3546 3713 3735 3767; x_wconf 79' lang='grc' dir='ltr'>ἐπιδεί-</span> 
     </span>
    </p>
   </div>
   <div class='ocr_carea' id='block_1_90' title="bbox 2139 3816 3735 3888">
    <p class='ocr_par' dir='ltr' id='par_1_90' title="bbox 2139 3816 3735 3888">
     <span class='ocr_line' id='line_1_90' title="bbox 2139 3816 3735 3888; baseline -0.003 -16"><span class='ocrx_word' id='word_1_698' title='bbox 2139 3818 2347 3883; x_wconf 84' lang='grc' dir='ltr'>ξασθαι·</span> <span class='ocrx_word' id='word_1_699' title='bbox 2376 3818 2496 3871; x_wconf 79' lang='grc' dir='ltr'>ἐπεὶ</span> <span class='ocrx_word' id='word_1_700' title='bbox 2523 3817 2614 3870; x_wconf 70' lang='grc' dir='ltr'>καὶ</span> <span class='ocrx_word' id='word_1_701' title='bbox 2632 3816 2841 3880; x_wconf 89' lang='grc' dir='ltr'>Παῦλος</span> <span class='ocrx_word' id='word_1_702' title='bbox 2862 3817 2990 3870; x_wconf 78' lang='grc' dir='ltr'>αὐτὸ</span> <span class='ocrx_word' id='word_1_703' title='bbox 3019 3821 3188 3874; x_wconf 88' lang='grc' dir='ltr'>ποιεῖ.</span> <span class='ocrx_word' id='word_1_704' title='bbox 3227 3820 3565 3886; x_wconf 81' lang='grc' dir='ltr'>Ἀπολογίας</span> <span class='ocrx_word' id='word_1_705' title='bbox 3587 3816 3735 3888; x_wconf 79' lang='grc' dir='ltr'>ἀρχό-</span> 
     </span>
    </p>
   </div>
   <div class='ocr_carea' id='block_1_91' title="bbox 2141 3921 3738 3997">
    <p class='ocr_par' dir='ltr' id='par_1_91' title="bbox 2141 3921 3738 3997">
     <span class='ocr_line' id='line_1_91' title="bbox 2141 3921 3738 3997; baseline -0.003 -19"><span class='ocrx_word' id='word_1_706' title='bbox 2141 3942 2319 3996; x_wconf 83' lang='grc' dir='ltr'>μενος,</span> <span class='ocrx_word' id='word_1_707' title='bbox 2375 3924 2433 3988; x_wconf 79' lang='grc' dir='ltr'>ἐξ</span> <span class='ocrx_word' id='word_1_708' title='bbox 2471 3923 2759 3994; x_wconf 84' lang='grc' dir='ltr'>ἐγκωμίων</span> <span class='ocrx_word' id='word_1_709' title='bbox 2802 3921 2896 3976; x_wconf 88' lang='grc' dir='ltr'>τοῦ</span> <span class='ocrx_word' id='word_1_710' title='bbox 2938 3923 3267 3990; x_wconf 76' lang='grc' dir='ltr'>δικάζοντος</span> <span class='ocrx_word' id='word_1_711' title='bbox 3310 3926 3552 3997; x_wconf 78' lang='grc' dir='ltr'>ἄρχεται</span> <span class='ocrx_word' id='word_1_712' title='bbox 3602 3922 3738 3975; x_wconf 87' lang='grc' dir='ltr'>οῦτω</span> 
     </span>
    </p>
   </div>
   <div class='ocr_carea' id='block_1_92' title="bbox 2135 4026 3737 4098">
    <p class='ocr_par' dir='ltr' id='par_1_92' title="bbox 2135 4026 3737 4098">
     <span class='ocr_line' id='line_1_92' title="bbox 2135 4026 3737 4098; baseline -0.003 -16"><span class='ocrx_word' id='word_1_713' title='bbox 2135 4029 2342 4097; x_wconf 83' lang='grc' dir='ltr'>λέγων’</span> <span class='ocrx_word' id='word_1_714' title='bbox 2390 4027 2631 4096; x_wconf 82' lang='grc' dir='ltr'>Πολλῆς</span> <span class='ocrx_word' id='word_1_715' title='bbox 2679 4026 2922 4096; x_wconf 73' lang='grc' dir='ltr'>εἰρήνης</span> <span class='ocrx_word' id='word_1_716' title='bbox 2971 4028 3407 4098; x_wconf 75' lang='grc' dir='ltr'>τυγχάνοντες</span> <span class='ocrx_word' id='word_1_717' title='bbox 3461 4029 3561 4081; x_wconf 77' lang='grc' dir='ltr'>διὰ</span> <span class='ocrx_word' id='word_1_718' title='bbox 3597 4026 3737 4080; x_wconf 83' lang='grc' dir='ltr'>σοῦ’</span> 
     </span>
    </p>
   </div>
   <div class='ocr_carea' id='block_1_93' title="bbox 2137 4132 3743 4209">
    <p class='ocr_par' dir='ltr' id='par_1_93' title="bbox 2137 4132 3743 4209">
     <span class='ocr_line' id='line_1_93' title="bbox 2137 4132 3743 4209; baseline -0.002 -22"><span class='ocrx_word' id='word_1_719' title='bbox 2137 4135 2231 4187; x_wconf 72' lang='grc' dir='ltr'>καὶ</span> <span class='ocrx_word' id='word_1_720' title='bbox 2253 4132 2543 4197; x_wconf 84' lang='grc' dir='ltr'>πολιτικοῖς</span> <span class='ocrx_word' id='word_1_721' title='bbox 2576 4134 2842 4205; x_wconf 81' lang='grc' dir='ltr'>κέχρηται</span> <span class='ocrx_word' id='word_1_722' title='bbox 2869 4134 3184 4204; x_wconf 83' lang='grc' dir='ltr'>πράγμασι.</span> <span class='ocrx_word' id='word_1_723' title='bbox 3223 4137 3349 4190; x_wconf 84' lang='lat' dir='ltr'><strong><em>Kal.</em></strong></span> <span class='ocrx_word' id='word_1_724' title='bbox 3378 4134 3743 4209; x_wconf 79' lang='grc' dir='ltr'>προφητεύων</span> 
     </span>
    </p>
   </div>
   <div class='ocr_carea' id='block_1_94' title="bbox 2137 4235 3743 4306">
    <p class='ocr_par' dir='ltr' id='par_1_94' title="bbox 2137 4235 3743 4306">
     <span class='ocr_line' id='line_1_94' title="bbox 2137 4235 3743 4306; baseline -0.004 -17"><span class='ocrx_word' id='word_1_725' title='bbox 2137 4236 2194 4289; x_wconf 89' lang='grc' dir='ltr'>δέ</span> <span class='ocrx_word' id='word_1_726' title='bbox 2222 4237 2250 4289; x_wconf 91' lang='lat'>6</span> <span class='ocrx_word' id='word_1_727' title='bbox 2285 4235 2472 4289; x_wconf 87' lang='grc' dir='ltr'>Νάθαν</span> <span class='ocrx_word' id='word_1_728' title='bbox 2516 4238 2813 4306; x_wconf 87' lang='grc' dir='ltr'>προσκυνεί</span> <span class='ocrx_word' id='word_1_729' title='bbox 2838 4235 2929 4289; x_wconf 70' lang='grc' dir='ltr'>τὸν</span> <span class='ocrx_word' id='word_1_730' title='bbox 2966 4236 3152 4304; x_wconf 82' lang='grc' dir='ltr'>Δαυῖδ,</span> <span class='ocrx_word' id='word_1_731' title='bbox 3186 4239 3294 4293; x_wconf 75' lang='lat' dir='ltr'>xal</span> <span class='ocrx_word' id='word_1_732' title='bbox 3339 4241 3371 4294; x_wconf 90' lang='lat'>6</span> <span class='ocrx_word' id='word_1_733' title='bbox 3412 4237 3613 4293; x_wconf 81' lang='grc' dir='ltr'>Ἰακὼὸ</span> <span class='ocrx_word' id='word_1_734' title='bbox 3659 4236 3743 4285; x_wconf 72' lang='grc' dir='ltr'>τὸν</span> 
     </span>
    </p>
   </div>
   <div class='ocr_carea' id='block_1_95' title="bbox 2135 4333 3746 4407">
    <p class='ocr_par' dir='ltr' id='par_1_95' title="bbox 2135 4333 3746 4407">
     <span class='ocr_line' id='line_1_95' title="bbox 2135 4333 3746 4407; baseline -0.001 -17"><span class='ocrx_word' id='word_1_735' title='bbox 2135 4335 2353 4407; x_wconf 83' lang='grc' dir='ltr'>Φαραὼ,</span> <span class='ocrx_word' id='word_1_736' title='bbox 2401 4337 2494 4389; x_wconf 74' lang='grc' dir='ltr'>καὶ</span> <span class='ocrx_word' id='word_1_737' title='bbox 2534 4338 2561 4389; x_wconf 90' lang='lat'>6</span> <span class='ocrx_word' id='word_1_738' title='bbox 2594 4336 2842 4406; x_wconf 78' lang='grc' dir='ltr'>Ἀϐραὰμ</span> <span class='ocrx_word' id='word_1_739' title='bbox 2883 4337 3010 4401; x_wconf 79' lang='grc' dir='ltr'>τοὺς</span> <span class='ocrx_word' id='word_1_740' title='bbox 3051 4341 3381 4405; x_wconf 84' lang='grc' dir='ltr'>συνοίκους.</span> <span class='ocrx_word' id='word_1_741' title='bbox 3428 4340 3549 4395; x_wconf 69' lang='grc' dir='ltr'>Καὶ</span> <span class='ocrx_word' id='word_1_742' title='bbox 3600 4333 3746 4398; x_wconf 61' lang='grc' dir='ltr'>οὗτος</span> 
     </span>
    </p>
   </div>
   <div class='ocr_carea' id='block_1_96' title="bbox 2138 4440 3747 4517">
    <p class='ocr_par' dir='ltr' id='par_1_96' title="bbox 2138 4440 3747 4517">
     <span class='ocr_line' id='line_1_96' title="bbox 2138 4440 3747 4517; baseline -0.002 -20"><span class='ocrx_word' id='word_1_743' title='bbox 2138 4443 2317 4506; x_wconf 81' lang='grc' dir='ltr'>αὐτὸς,</span> <span class='ocrx_word' id='word_1_744' title='bbox 2350 4445 2455 4507; x_wconf 78' lang='grc' dir='ltr'>Εἰς</span> <span class='ocrx_word' id='word_1_745' title='bbox 2481 4441 2588 4495; x_wconf 82' lang='grc' dir='ltr'>τὸν</span> <span class='ocrx_word' id='word_1_746' title='bbox 2614 4440 2819 4504; x_wconf 81' lang='grc' dir='ltr'>αἰῶνα,</span> <span class='ocrx_word' id='word_1_747' title='bbox 2844 4440 2999 4512; x_wconf 68' lang='grc' dir='ltr'>φησὶ,</span> <span class='ocrx_word' id='word_1_748' title='bbox 3032 4442 3183 4511; x_wconf 82' lang='grc' dir='ltr'>ζῆθι.</span> <span class='ocrx_word' id='word_1_749' title='bbox 3216 4442 3378 4516; x_wconf 89' lang='grc' dir='ltr'>Ὅρα</span> <span class='ocrx_word' id='word_1_750' title='bbox 3411 4448 3569 4517; x_wconf 73' lang='grc' dir='ltr'>ῥῆμα</span> <span class='ocrx_word' id='word_1_751' title='bbox 3597 4443 3747 4495; x_wconf 82' lang='grc' dir='ltr'>κολα·</span> 
     </span>
    </p>
   </div>
   <div class='ocr_carea' id='block_1_97' title="bbox 2139 4545 3747 4617">
    <p class='ocr_par' dir='ltr' id='par_1_97' title="bbox 2139 4545 3747 4617">
     <span class='ocr_line' id='line_1_97' title="bbox 2139 4545 3747 4617; baseline -0.002 -15"><span class='ocrx_word' id='word_1_752' title='bbox 2139 4548 2290 4610; x_wconf 87' lang='grc' dir='ltr'>κείας</span> <span class='ocrx_word' id='word_1_753' title='bbox 2327 4546 2517 4617; x_wconf 90' lang='grc' dir='ltr'>γέμον.</span> <span class='ocrx_word' id='word_1_754' title='bbox 2569 4546 2707 4598; x_wconf 82' lang='grc' dir='ltr'>Ἀλλ’</span> <span class='ocrx_word' id='word_1_755' title='bbox 2738 4546 2837 4599; x_wconf 89' lang='grc' dir='ltr'>οὐκ</span> <span class='ocrx_word' id='word_1_756' title='bbox 2865 4545 2929 4600; x_wconf 81' lang='grc' dir='ltr'>ἂν</span> <span class='ocrx_word' id='word_1_757' title='bbox 2964 4548 3178 4617; x_wconf 73' lang='grc' dir='ltr'>εἴποιμι</span> <span class='ocrx_word' id='word_1_758' title='bbox 3222 4549 3402 4603; x_wconf 89' lang='grc' dir='ltr'>τοῦτο</span> <span class='ocrx_word' id='word_1_759' title='bbox 3434 4549 3747 4608; x_wconf 86' lang='grc' dir='ltr'>κολακείαν,</span> 
     </span>
    </p>
   </div>
   <div class='ocr_carea' id='block_1_98' title="bbox 2138 4648 3747 4722">
    <p class='ocr_par' dir='ltr' id='par_1_98' title="bbox 2138 4648 3747 4722">
     <span class='ocr_line' id='line_1_98' title="bbox 2138 4648 3747 4722; baseline -0.001 -19"><span class='ocrx_word' id='word_1_760' title='bbox 2138 4650 2272 4704; x_wconf 83' lang='grc' dir='ltr'>ἀλλὰ</span> <span class='ocrx_word' id='word_1_761' title='bbox 2311 4650 2523 4703; x_wconf 88' lang='grc' dir='ltr'>σύνεσιν</span> <span class='ocrx_word' id='word_1_762' title='bbox 2566 4650 2659 4702; x_wconf 77' lang='grc' dir='ltr'>καὶ</span> <span class='ocrx_word' id='word_1_763' title='bbox 2702 4648 2911 4718; x_wconf 85' lang='grc' dir='ltr'>σοφίαν.</span> <span class='ocrx_word' id='word_1_764' title='bbox 2955 4648 3110 4702; x_wconf 86' lang='grc' dir='ltr'>Οῦτω</span> <span class='ocrx_word' id='word_1_765' title='bbox 3164 4653 3272 4705; x_wconf 74' lang='grc' dir='ltr'>καὶ</span> <span class='ocrx_word' id='word_1_766' title='bbox 3316 4652 3546 4716; x_wconf 86' lang='grc' dir='ltr'>Παῦλός</span> <span class='ocrx_word' id='word_1_767' title='bbox 3590 4667 3747 4722; x_wconf 77' lang='grc' dir='ltr'>φησι’</span> 
     </span>
    </p>
   </div>
   <div class='ocr_carea' id='block_1_99' title="bbox 2151 4752 3755 4824">
    <p class='ocr_par' dir='ltr' id='par_1_99' title="bbox 2151 4752 3755 4824">
     <span class='ocr_line' id='line_1_99' title="bbox 2151 4752 3755 4824; baseline 0.002 -20"><span class='ocrx_word' id='word_1_768' title='bbox 2151 4755 2246 4805; x_wconf 85' lang='grc' dir='ltr'>Ἐν</span> <span class='ocrx_word' id='word_1_769' title='bbox 2272 4754 2457 4821; x_wconf 64' lang='grc' dir='ltr'>σοφίᾳ</span> <span class='ocrx_word' id='word_1_770' title='bbox 2483 4752 2853 4820; x_wconf 80' lang='grc' dir='ltr'>περιπατεῖτε</span> <span class='ocrx_word' id='word_1_771' title='bbox 2880 4752 3028 4820; x_wconf 81' lang='grc' dir='ltr'>πρὸς</span> <span class='ocrx_word' id='word_1_772' title='bbox 3051 4753 3197 4819; x_wconf 87' lang='grc' dir='ltr'>τοὺς</span> <span class='ocrx_word' id='word_1_773' title='bbox 3228 4756 3383 4821; x_wconf 80' lang='grc' dir='ltr'>ἔξω,</span> <span class='ocrx_word' id='word_1_774' title='bbox 3414 4757 3529 4811; x_wconf 75' lang='grc' dir='ltr'>τὸν</span> <span class='ocrx_word' id='word_1_775' title='bbox 3548 4758 3755 4824; x_wconf 62' lang='grc' dir='ltr'>καιρίν</span> 
     </span>
    </p>
   </div>
   <div class='ocr_carea' id='block_1_100' title="bbox 2132 4855 3748 4930">
    <p class='ocr_par' dir='ltr' id='par_1_100' title="bbox 2132 4855 3748 4930">
     <span class='ocr_line' id='line_1_100' title="bbox 2132 4855 3748 4930; baseline 0.001 -21"><span class='ocrx_word' id='word_1_776' title='bbox 2132 4855 2634 4927; x_wconf 76' lang='grc' dir='ltr'>ἐξαγοραζόμενοι.</span> <span class='ocrx_word' id='word_1_777' title='bbox 2688 4856 2844 4910; x_wconf 85' lang='grc' dir='ltr'>Οὐτω</span> <span class='ocrx_word' id='word_1_778' title='bbox 2889 4858 2985 4910; x_wconf 73' lang='grc' dir='ltr'>καὶ</span> <span class='ocrx_word' id='word_1_779' title='bbox 3022 4860 3050 4911; x_wconf 93' lang='lat'>6</span> <span class='ocrx_word' id='word_1_780' title='bbox 3106 4860 3369 4930; x_wconf 82' lang='grc' dir='ltr'>Χριστὸς</span> <span class='ocrx_word' id='word_1_781' title='bbox 3429 4862 3748 4915; x_wconf 57' lang='grc' dir='ltr'>ἐδίδασκεν</span> 
     </span>
    </p>
   </div>
   <div class='ocr_carea' id='block_1_101' title="bbox 2146 4959 3755 5030">
    <p class='ocr_par' dir='ltr' id='par_1_101' title="bbox 2146 4959 3755 5030">
     <span class='ocr_line' id='line_1_101' title="bbox 2146 4959 3755 5030; baseline 0.002 -16"><span class='ocrx_word' id='word_1_782' title='bbox 2146 4959 2425 5015; x_wconf 81' lang='grc' dir='ltr'>Ἀπόδοτε</span> <span class='ocrx_word' id='word_1_783' title='bbox 2453 4960 2523 5013; x_wconf 87' lang='grc' dir='ltr'>τὰ</span> <span class='ocrx_word' id='word_1_784' title='bbox 2550 4961 2850 5028; x_wconf 79' lang='grc' dir='ltr'>Καίσαρος</span> <span class='ocrx_word' id='word_1_785' title='bbox 2892 4961 3163 5030; x_wconf 85' lang='grc' dir='ltr'>Καίσαρι,</span> <span class='ocrx_word' id='word_1_786' title='bbox 3206 4966 3320 5017; x_wconf 77' lang='grc' dir='ltr'>καὶ</span> <span class='ocrx_word' id='word_1_787' title='bbox 3354 4967 3435 5021; x_wconf 86' lang='grc' dir='ltr'>τὰ</span> <span class='ocrx_word' id='word_1_788' title='bbox 3464 4967 3577 5020; x_wconf 86' lang='grc' dir='ltr'>τοῦ</span> <span class='ocrx_word' id='word_1_789' title='bbox 3609 4965 3755 5019; x_wconf 86' lang='grc' dir='ltr'>Θεοῦ</span> 
     </span>
    </p>
   </div>
   <div class='ocr_carea' id='block_1_102' title="bbox 2131 5061 3757 5140">
    <p class='ocr_par' dir='ltr' id='par_1_102' title="bbox 2131 5061 3757 5140">
     <span class='ocr_line' id='line_1_102' title="bbox 2131 5061 3757 5140; baseline 0.002 -23"><span class='ocrx_word' id='word_1_790' title='bbox 2131 5063 2214 5130; x_wconf 83' lang='grc' dir='ltr'>τῷ</span> <span class='ocrx_word' id='word_1_791' title='bbox 2242 5061 2382 5129; x_wconf 84' lang='grc' dir='ltr'>Θεῷ.</span> <span class='ocrx_word' id='word_1_792' title='bbox 2414 5064 2478 5117; x_wconf 90' lang='grc' dir='ltr'>Τί</span> <span class='ocrx_word' id='word_1_793' title='bbox 2510 5061 2632 5128; x_wconf 80' lang='grc' dir='ltr'>οῦν;</span> <span class='ocrx_word' id='word_1_794' title='bbox 2667 5063 2735 5117; x_wconf 85' lang='grc' dir='ltr'>τὰ</span> <span class='ocrx_word' id='word_1_795' title='bbox 2770 5064 3058 5136; x_wconf 84' lang='grc' dir='ltr'>σπέρματα</span> <span class='ocrx_word' id='word_1_796' title='bbox 3094 5068 3283 5137; x_wconf 81' lang='grc' dir='ltr'>μιαρὰ</span> <span class='ocrx_word' id='word_1_797' title='bbox 3338 5070 3450 5123; x_wconf 84' lang='grc' dir='ltr'>οὐκ</span> <span class='ocrx_word' id='word_1_798' title='bbox 3504 5065 3609 5140; x_wconf 75' lang='grc' dir='ltr'>ἧνς</span> <span class='ocrx_word' id='word_1_799' title='bbox 3654 5068 3757 5121; x_wconf 82' lang='grc' dir='ltr'>Οὐ-</span> 
     </span>
    </p>
   </div>
   <div class='ocr_carea' id='block_1_103' title="bbox 2132 5167 3760 5243">
    <p class='ocr_par' dir='ltr' id='par_1_103' title="bbox 2132 5167 3760 5243">
     <span class='ocr_line' id='line_1_103' title="bbox 2132 5167 3760 5243; baseline 0.001 -20"><span class='ocrx_word' id='word_1_800' title='bbox 2132 5169 2338 5240; x_wconf 83' lang='grc' dir='ltr'>δαμῶς,</span> <span class='ocrx_word' id='word_1_801' title='bbox 2368 5168 2488 5221; x_wconf 86' lang='grc' dir='ltr'>οὐδέ</span> <span class='ocrx_word' id='word_1_802' title='bbox 2512 5168 2573 5220; x_wconf 85' lang='grc' dir='ltr'>τὸ</span> <span class='ocrx_word' id='word_1_803' title='bbox 2603 5167 2766 5240; x_wconf 90' lang='grc' dir='ltr'>ῦδωρ.</span> <span class='ocrx_word' id='word_1_804' title='bbox 2796 5169 2906 5221; x_wconf 84' lang='lat' dir='ltr'>Kal</span> <span class='ocrx_word' id='word_1_805' title='bbox 2935 5168 3095 5222; x_wconf 90' lang='grc' dir='ltr'>τοῦτο</span> <span class='ocrx_word' id='word_1_806' title='bbox 3126 5170 3475 5226; x_wconf 81' lang='grc' dir='ltr'>διετέλεσαν</span> <span class='ocrx_word' id='word_1_807' title='bbox 3502 5175 3601 5243; x_wconf 76' lang='grc' dir='ltr'>ἐτη</span> <span class='ocrx_word' id='word_1_808' title='bbox 3635 5174 3760 5243; x_wconf 83' lang='grc' dir='ltr'>τρία</span> 
     </span>
    </p>
   </div>
   <div class='ocr_carea' id='block_1_104' title="bbox 2135 5271 3761 5345">
    <p class='ocr_par' dir='ltr' id='par_1_104' title="bbox 2135 5271 3761 5345">
     <span class='ocr_line' id='line_1_104' title="bbox 2135 5271 3761 5345; baseline 0.002 -19"><span class='ocrx_word' id='word_1_809' title='bbox 2135 5273 2429 5335; x_wconf 82' lang='grc' dir='ltr'>ποιοῦντες.</span> <span class='ocrx_word' id='word_1_810' title='bbox 2465 5271 2574 5326; x_wconf 85' lang='lat' dir='ltr'><strong><em>Kal</em></strong></span> <span class='ocrx_word' id='word_1_811' title='bbox 2598 5272 2749 5341; x_wconf 81' lang='grc' dir='ltr'>μετὰ</span> <span class='ocrx_word' id='word_1_812' title='bbox 2779 5273 2846 5325; x_wconf 87' lang='grc' dir='ltr'>τὸ</span> <span class='ocrx_word' id='word_1_813' title='bbox 2874 5272 3068 5338; x_wconf 88' lang='grc' dir='ltr'>τέλος,</span> <span class='ocrx_word' id='word_1_814' title='bbox 3104 5274 3277 5344; x_wconf 75' lang='grc' dir='ltr'>φησὶ,</span> <span class='ocrx_word' id='word_1_815' title='bbox 3329 5275 3462 5328; x_wconf 85' lang='grc' dir='ltr'>τῶν</span> <span class='ocrx_word' id='word_1_816' title='bbox 3491 5276 3761 5345; x_wconf 73' lang='grc' dir='ltr'>ἡμερῶν,</span> 
     </span>
    </p>
   </div>
   <div class='ocr_carea' id='block_1_105' title="bbox 2131 5372 3766 5448">
    <p class='ocr_par' dir='ltr' id='par_1_105' title="bbox 2131 5372 3766 5448">
     <span class='ocr_line' id='line_1_105' title="bbox 2131 5372 3766 5448; baseline 0.001 -15"><span class='ocrx_word' id='word_1_817' title='bbox 2131 5373 2219 5433; x_wconf 83' lang='grc' dir='ltr'>ὧν</span> <span class='ocrx_word' id='word_1_818' title='bbox 2256 5372 2425 5431; x_wconf 81' lang='grc' dir='ltr'>εἶπεν</span> <span class='ocrx_word' id='word_1_819' title='bbox 2453 5379 2487 5431; x_wconf 83' lang='grc' dir='ltr'>ό</span> <span class='ocrx_word' id='word_1_820' title='bbox 2525 5376 2850 5443; x_wconf 78' lang='grc' dir='ltr'>βασιλεὺς,</span> <span class='ocrx_word' id='word_1_821' title='bbox 2898 5378 3249 5446; x_wconf 71' lang='grc' dir='ltr'>εἰσαγαγεῖν</span> <span class='ocrx_word' id='word_1_822' title='bbox 3308 5382 3581 5448; x_wconf 84' lang='grc' dir='ltr'>αὐτοὺς,</span> <span class='ocrx_word' id='word_1_823' title='bbox 3637 5385 3766 5435; x_wconf 78' lang='grc' dir='ltr'>εισ-</span> 
     </span>
    </p>
   </div>
   <div class='ocr_carea' id='block_1_106' title="bbox 2132 5482 3770 5557">
    <p class='ocr_par' dir='ltr' id='par_1_106' title="bbox 2132 5482 3770 5557">
     <span class='ocr_line' id='line_1_106' title="bbox 2132 5482 3770 5557; baseline 0.002 -20"><span class='ocrx_word' id='word_1_824' title='bbox 2132 5486 2357 5554; x_wconf 72' lang='grc' dir='ltr'>ήγαγεν</span> <span class='ocrx_word' id='word_1_825' title='bbox 2384 5484 2606 5549; x_wconf 87' lang='grc' dir='ltr'>αὐτοὺς</span> <span class='ocrx_word' id='word_1_826' title='bbox 2639 5486 2673 5537; x_wconf 84' lang='grc' dir='ltr'>ό</span> <span class='ocrx_word' id='word_1_827' title='bbox 2700 5482 3127 5552; x_wconf 83' lang='grc' dir='ltr'>ἀρχιευνοῦχος</span> <span class='ocrx_word' id='word_1_828' title='bbox 3155 5484 3330 5551; x_wconf 83' lang='grc' dir='ltr'>πρὸς</span> <span class='ocrx_word' id='word_1_829' title='bbox 3354 5485 3770 5557; x_wconf 78' lang='grc' dir='ltr'>Ναϐουχοδο-</span> 
     </span>
    </p>
   </div>
   <div class='ocr_carea' id='block_1_107' title="bbox 2132 5587 3767 5658">
    <p class='ocr_par' dir='ltr' id='par_1_107' title="bbox 2132 5587 3767 5658">
     <span class='ocr_line' id='line_1_107' title="bbox 2132 5587 3767 5658; baseline -0.001 -16"><span class='ocrx_word' id='word_1_830' title='bbox 2132 5590 2337 5657; x_wconf 86' lang='grc' dir='ltr'>νόσορ.</span> <span class='ocrx_word' id='word_1_831' title='bbox 2391 5589 2500 5642; x_wconf 90' lang='lat' dir='ltr'>Kal</span> <span class='ocrx_word' id='word_1_832' title='bbox 2552 5590 2663 5658; x_wconf 84' lang='grc' dir='ltr'>οὐχ</span> <span class='ocrx_word' id='word_1_833' title='bbox 2713 5588 3048 5655; x_wconf 84' lang='grc' dir='ltr'>εὑρέθησαν</span> <span class='ocrx_word' id='word_1_834' title='bbox 3096 5587 3163 5639; x_wconf 82' lang='grc' dir='ltr'>ἐκ</span> <span class='ocrx_word' id='word_1_835' title='bbox 3228 5588 3512 5643; x_wconf 75' lang='grc' dir='ltr'>πάντων</span> <span class='ocrx_word' id='word_1_836' title='bbox 3561 5588 3767 5644; x_wconf 83' lang='grc' dir='ltr'>αὐτῶν</span> 
     </span>
    </p>
   </div>
   <div class='ocr_carea' id='block_1_108' title="bbox 2133 5690 3770 5762">
    <p class='ocr_par' dir='ltr' id='par_1_108' title="bbox 2133 5690 3770 5762">
     <span class='ocr_line' id='line_1_108' title="bbox 2133 5690 3770 5762; baseline 0 -17"><span class='ocrx_word' id='word_1_837' title='bbox 2133 5691 2322 5761; x_wconf 81' lang='grc' dir='ltr'>ὅμοιοι</span> <span class='ocrx_word' id='word_1_838' title='bbox 2372 5691 2617 5760; x_wconf 85' lang='grc' dir='ltr'>Δανιὴλ,</span> <span class='ocrx_word' id='word_1_839' title='bbox 2667 5693 2763 5746; x_wconf 75' lang='grc' dir='ltr'>καί</span> <span class='ocrx_word' id='word_1_840' title='bbox 2817 5692 3080 5758; x_wconf 80' lang='grc' dir='ltr'>Ἀνανίᾳ,</span> <span class='ocrx_word' id='word_1_841' title='bbox 3128 5691 3237 5744; x_wconf 76' lang='grc' dir='ltr'>καὶ</span> <span class='ocrx_word' id='word_1_842' title='bbox 3301 5694 3610 5762; x_wconf 76' lang='grc' dir='ltr'>Μισαὴλ,</span> <span class='ocrx_word' id='word_1_843' title='bbox 3672 5690 3770 5747; x_wconf 71' lang='grc' dir='ltr'>καὶ</span> 
     </span>
    </p>
   </div>
   <div class='ocr_carea' id='block_1_109' title="bbox 2195 5842 3673 5909">
    <p class='ocr_par' dir='ltr' id='par_1_109' title="bbox 2195 5842 3673 5909">
     <span class='ocr_line' id='line_1_109' title="bbox 2195 5842 3673 5909; baseline 0.003 -15"><span class='ocrx_word' id='word_1_844' title='bbox 2195 5842 2221 5884; x_wconf 68' lang='grc' dir='ltr'><strong><em>ἀ</em></strong></span> <span class='ocrx_word' id='word_1_845' title='bbox 2246 5844 2396 5895; x_wconf 72' lang='grc' dir='ltr'>Βιτὶι).</span> <span class='ocrx_word' id='word_1_846' title='bbox 2431 5847 2696 5909; x_wconf 79' lang='grc' dir='ltr'>φαγώμεθα,</span> <span class='ocrx_word' id='word_1_847' title='bbox 2722 5854 2771 5895; x_wconf 74' lang='grc' dir='ltr'>ει</span> <span class='ocrx_word' id='word_1_848' title='bbox 2796 5848 3023 5909; x_wconf 82' lang='grc' dir='ltr'>πιώμεθα.</span> <span class='ocrx_word' id='word_1_849' title='bbox 3051 5846 3109 5897; x_wconf 80' lang='lat' dir='ltr'><strong><em>El</em></strong></span> <span class='ocrx_word' id='word_1_850' title='bbox 3137 5844 3457 5906; x_wconf 75' lang='grc' dir='ltr'>εἰσήκουσεν</span> <span class='ocrx_word' id='word_1_851' title='bbox 3483 5850 3673 5898; x_wconf 73' lang='grc' dir='ltr'>αὐτῶν.</span> 
     </span>
    </p>
   </div>
  </div>
