4126 6294
297 349 384 409 197

297 476 467 550 peccati
501 474 760 544 voluptate
781 471 904 542 frui,
947 470 1162 541 majores
1192 467 1411 538 Αἶρε]ρή
1443 467 1687 521 thesauris
1725 461 1856 515 disti-

296 574 379 624 lias
422 585 526 624 esse
571 576 716 620 ratus
751 564 943 620 ‘Cltristi
980 564 1218 634 probrum
1257 560 1442 633 (Hebr.
1481 559 1570 614 11.
1607 557 1699 611 25.
1740 552 1856 625 26).

297 661 342 715 8.
382 658 442 713 Et
480 658 649 726 posuit
695 653 879 709 Daniel
917 655 970 707 in
1013 653 1162 706 corde
1202 667 1315 711 suo.
1354 666 1418 704 ne
1461 647 1768 719 pollueretur
1805 645 1860 698 in

296 767 448 804 mensa
471 749 624 819 regis,
653 757 698 801 et
719 746 776 800 in
799 746 911 799 uino
931 743 992 797 de
1022 753 1141 814 potu
1163 743 1289 812 ejus,
1321 750 1366 794 et
1398 739 1588 808 rogauit
1612 735 1858 808 μητροδί-

299 855 389 895 tum
425 840 766 895 cunuchorum
805 854 868 891 ne
891 835 1335 890 contaminaretur.
1365 831 1423 886 9.
1469 828 1538 883 Et
1561 829 1696 882 dedit
1723 825 1859 879 Deus

301 934 545 986 Dunielem
571 931 623 984 in
650 928 1046 982 misericordiam
1084 935 1130 978 et
1158 925 1210 978 in
1253 922 1620 976 miserationem
1645 919 1697 971 in
1732 934 1854 970 con-

298 1034 450 1093 spectu
481 1021 720 1091 principis
741 1019 1104 1072 cunuchorum.
1134 1014 1323 1080 Aspice
1348 1012 1616 1066 Danielem
1643 1023 1672 1062 a
1701 1007 1854 1061 bonis

298 1115 530 1184 operibus
570 1112 826 1180 incipere.
860 1108 935 1162 Ita
981 1123 1043 1162 ex
1084 1121 1150 1159 eo
1196 1115 1434 1172 tempore
1476 1099 1710 1155 ostendit
1750 1113 1861 1151 nta—

299 1223 445 1277 gnum
488 1221 545 1259 se
575 1219 716 1268 esse,
748 1213 905 1272 atque
944 1199 1326 1254 admirabilem.
1371 1195 1546 1262 Quare
1589 1191 1858 1258 Scriptura

302 1297 637 1368 praestantiori
669 1310 799 1350 eum
839 1293 1052 1346 nomine
1090 1288 1367 1362 (Danielis)
1412 1283 1662 1354 appellat.
1693 1281 1859 1336 Porro

301 1393 350 1443 in
375 1389 554 1458 quibus
583 1393 809 1455 poterat,
838 1385 1010 1453 legem
1032 1381 1295 1435 servabat.
1322 1378 1449 1444 Quis
1471 1376 1626 1439 alius,
1652 1386 1853 1444 qttzeso,

302 1495 521 1534 mensam
559 1478 767 1546 regiam
819 1475 1112 1530 censuisset
1159 1486 1278 1526 esse
1321 1467 1625 1540 piaculum?
1669 1466 1860 1534 Aspice

302 1571 552 1642 quomodo
598 1571 774 1624 statim
820 1568 886 1622 ab
926 1566 1144 1621 exordio
1189 1578 1341 1618 suum
1387 1577 1509 1630 erga
1547 1557 1858 1627 sapientiam

305 1681 520 1721 amorem
561 1663 908 1718 demonstret.
956 1658 1023 1712 Et
1063 1656 1271 1728 rogavit,
1310 1654 1495 1724 inquit,
1541 1650 1862 1722 prtepositum

305 1759 650 1816 cunuchorum,
691 1769 755 1806 ue
800 1750 1239 1805 contaminaretur.
1289 1742 1660 1798 Animadverte
1704 1755 1860 1809 quam

310 1863 407 1901 non
443 1846 507 1898 sit
541 1843 871 1897 ambitiosus.
914 1839 1026 1908 Non
1067 1837 1218 1902 dixit,
1253 1834 1494 1890 Animam
1535 1831 1662 1885 mihi
1691 1831 1862 1899 potius

316 1937 460 1991 adimi
490 1935 650 2002 patiar
683 1951 695 1986 :
724 1931 817 1985 sed
847 1930 1068 1998 rogavit,
1095 1935 1170 1991 ut,
1213 1927 1254 1978 si
1289 1925 1397 1978 fieri
1427 1930 1624 1992 posset,
1651 1919 1858 1974 lateret.

318 2030 466 2094 Quam
495 2026 558 2079 ob
579 2039 815 2089 causam,
845 2022 1030 2089 inquit,
1061 2021 1288 2072 honores
1326 2014 1628 2069 ambiretn?
1662 2014 1730 2067 At
1755 2026 1861 2066 non

322 2120 392 2172 sic
410 2117 672 2184 .losephus,
714 2129 813 2168 nec
857 2113 1080 2183 Moyses.
1109 2108 1242 2177 Quid
1274 2107 1466 2176 igitur?
1504 2104 1697 2158 lllosne
1725 2113 1861 2154 con-

328 2205 699 2262 demnabimus?
731 2204 900 2258 Absit.
935 2201 1240 2255 Nescierunt
1271 2197 1410 2252 enim
1438 2194 1691 2265 quidnam
1733 2190 1863 2246 illud

329 2309 464 2354 esset.
492 2297 724 2350 Nondum
765 2293 1022 2363 siquidem
1062 2290 1331 2345 existebat
1360 2289 1444 2342 illa
1475 2301 1592 2357 quae
1621 2295 1803 2357 postea
1833 2301 1862 2339 a

331 2391 427 2460 lege
458 2402 529 2445 εει
556 2390 789 2443 instituta
819 2387 1057 2440 ciborum
1089 2383 1402 2452 repudiatio.
1437 2380 1570 2435 Vide
1597 2381 1768 2449 ipsum
1812 2388 1866 2433 et

334 2491 605 2550 arguentem
645 2488 716 2533 et
767 2477 1249 2547 philosophantem,
1295 2483 1350 2528 et
1392 2473 1445 2526 itt
1486 2471 1662 2541 parvis
1704 2471 1866 2524 rebus

337 2574 566 2638 Specimen
603 2569 874 2640 sapientia:
909 2582 1020 2621 sua:
1063 2565 1423 2621 exhibentem.
1463 2565 1639 2633 Atque
1686 2561 1736 2615 id
1783 2569 1868 2616 est

337 2663 452 2730 quod
486 2661 718 2715 dicebant
759 2659 984 2728 apostoli
1014 2657 1090 2727 (α)
1110 2674 1131 2710 :
1165 2654 1288 2709 llcec
1323 2653 1580 2723 oportebat
1610 2653 1752 2722 prius
1781 2651 1864 2719 {a-

338 2768 445 2816 cere,
482 2762 522 2804 et
559 2750 647 2804 illa
686 2767 787 2802 non
832 2749 1058 2802 omittere
1085 2746 1232 2818 (Luc.
1269 2746 1358 2800 11.
1393 2742 1506 2813 42).
1540 2742 1663 2797 llzec
1691 2751 1864 2796 autem

341 2845 492 2899 Daniel
531 2844 762 2908 facit-bat,
815 2855 920 2896 non
967 2839 1106 2910 quod
1147 2839 1301 2893 idolis
1348 2835 1643 2892 sacrificata
1688 2841 1869 2889 essent

343 2951 442 3002 qua:
479 2935 879 3003 apponebantur,
924 2931 1016 2986 sed
1059 2929 1199 3000 quod
1237 2945 1265 2982 a
1313 2929 1426 2998 lege
1471 2933 1650 2980 essent
1688 2923 1869 2994 prohi-

343 3027 440 3080 bita
472 3029 555 3094 ib).
579 3025 852 3092 Quomodo
880 3023 1038 3093 igitur
1066 3020 1425 3075 cunuchorum
1467 3019 1720 3087 magistro
1750 3031 1867 3085 per-

344 3118 522 3170 suasit?
561 3117 776 3171 Adverte
826 3125 884 3169 ut
930 3114 1106 3168 statim
1135 3113 1225 3167 tibi
1265 3111 1432 3166 solvat
1462 3110 1866 3164 dubitationem.

345 3207 489 3272 Dedit,
531 3208 701 3278 inquit,
753 3207 889 3260 Deus
936 3205 1190 3258 Danielem
1219 3205 1270 3256 in
1308 3201 1700 3256 misericordiam
1729 3208 1774 3254 et
1815 3201 1869 3254 in

337 3301 660 3353 miserationem
695 3301 750 3353 in
787 3308 1052 3368 conspectu
1077 3297 1318 3366 principis
1343 3295 1705 3349 cunuchorum.
1736 3292 1868 3347 illud

335 3393 476 3445 etiam
501 3391 719 3460 Josepho
757 3389 950 3444 accidit
981 3405 993 3440 :
1024 3389 1074 3441 in
1102 3387 1332 3457 Egypto
1361 3401 1573 3456 quoque
1607 3383 1870 3454 Josephus

329 3483 717 3539 misericordiam
769 3490 1127 3551 consequutus
1167 3489 1268 3542 est,
1320 3489 1373 3534 et
1414 3478 1636 3549 gratiam
1671 3477 1872 3531 invenit

322 3575 450 3643 apud
485 3589 764 3644 coquorum
790 3571 1096 3643 pratfectum
1123 3589 1136 3624 :
1163 3586 1321 3640 porro
1359 3571 1569 3639 utrique
1608 3569 1772 3635 servi,
1817 3575 1872 3622 et

320 3668 376 3720 in
395 3665 657 3720 barbarico
689 3666 806 3720 solo
831 3663 1114 3735 degebant.
1143 3663 1304 3716 Erant
1335 3675 1464 3716 sane
1492 3659 1651 3716 verba
1679 3660 1871 3714 Danie-

316 3760 380 3813 lis
417 3758 598 3812 idonea
647 3757 713 3812 ad
765 3755 1140 3813 exsolvendam
1181 3755 1276 3824 (vel
1306 3750 1698 3824 attrahendam)
1741 3751 1872 3805 iram

307 3853 470 3921 regis.
498 3849 627 3917 Quid
652 3849 769 3904 ais?
798 3847 996 3903 domini
1026 3860 1258 3900 mensam
1286 3843 1662 3899 exsecrabilem
1692 3845 1870 3912 appel-

305 3944 422 3997 las?
447 3957 585 3996 anne
632 3941 809 4010 purior
840 3939 994 3993 nobis
1046 3946 1099 3991 ttt
1147 3936 1471 4006 apparuisti?
1517 3950 1692 3989 nonne
1735 3933 1872 3988 nosti

301 4038 423 4092 ideo
456 4049 552 4088 vos
577 4035 804 4102 linguam
848 4045 912 4085 ac
945 4031 1126 4085 literas
1150 4028 1518 4083 Chaldaeorum
1549 4027 1774 4091 discere,
1820 4037 1876 4080 ut

299 4131 366 4183 ad
395 4139 639 4182 nnatrum
679 4125 920 4180 ordinem
966 4123 1282 4177 transeatis?
1309 4121 1461 4177 Unde
1501 4135 1627 4176 vero
1659 4122 1876 4175 omnino

299 4219 586 4276 eunuchus
607 4218 747 4271 illum
775 4217 1038 4271 reveritus
1065 4216 1178 4269 est?
1208 4215 1346 4269 Puer
1372 4223 1486 4268 erat
1508 4213 1877 4283 contemptibi-

299 4312 362 4366 lis
388 4324 461 4365 ac
499 4308 761 4378 captivus.
790 4306 921 4361 Nam
950 4306 1047 4360 etsi
1074 4304 1394 4359 reverendus
1416 4303 1619 4370 fuisset,
1662 4312 1716 4358 at
1741 4303 1881 4372 peri-

299 4405 485 4459 culum
508 4415 614 4453 non
639 4399 844 4453 sinebat
864 4398 1032 4466 ipsum
1059 4395 1412 4449 venerabilem
1443 4394 1627 4448 videri.
1660 4394 1724 4448 Et
1755 4409 1878 4461 pro-

301 4507 420 4565 pter
454 4493 559 4545 hoc
590 4499 862 4559 postquam
894 4487 1026 4542 dixit
1047 4505 1058 4541 :
1077 4485 1227 4540 Dedit
1247 4502 1358 4538 eum
1388 4485 1441 4538 in
1467 4484 1877 4547 misericordiam,

309 4583 496 4640 subdit
540 4581 699 4635 verba
745 4579 996 4641 eunuchi,
1049 4587 1102 4632 et
1147 4576 1368 4631 multum
1417 4577 1659 4629 timorem
1717 4575 1879 4627 illius.

305 4672 636 4746 Quomodo?
671 4671 727 4725 1d
771 4670 1097 4740 impossibile
1122 4669 1307 4723 fuisset
1348 4676 1506 4737 atque
1536 4667 1880 4738 prohibitum,

311 4771 408 4824 nisi
454 4766 686 4822 celestis
715 4765 882 4834 gratia
914 4765 1086 4817 omnia
1127 4762 1509 4832 diSpensasset.
1548 4763 1633 4815 11.
1665 4760 1729 4814 Et
1756 4763 1883 4814 dixit

318 4860 500 4914 Daniel
524 4858 593 4909 ad
617 4856 979 4921 Antelasarem,
1014 4870 1154 4924 quem
1181 4856 1499 4907 constituerat
1538 4855 1771 4924 magister
1807 4870 1887 4908 eu-

339 5054 350 5063 .
374 4990 452 5048 (α)
478 4987 589 5063 ξῐιξκξ
607 4983 1436 5063 Wl¥l_°§‘_i§‘2‘19f§9‘ﬂ“_‘“:.599
1456 4983 1712 5063 elicienda
1729 4984 1889 5063 αριθ-

313 5046 397 5101 siae
421 5046 692 5110 titagistros,
711 5047 825 5094 dum
845 5047 925 5095 vel
944 5048 1104 5094 minus
1119 5059 1228 5094 cum
1242 5058 1356 5094 cura
1375 5046 1605 5104 scribunt,
1629 5046 1710 5096 vel
1727 5047 1890 5096 calore

313 5113 506 5178 dicendi
544 5110 867 5178 abripiuntur,
891 5110 1142 5178 memoria
1166 5107 1421 5178 destituit.
1436 5167 1448 5178 ‘
1468 5110 1544 5178 sic,
1571 5107 1691 5178 infra
1715 5109 1890 5158 eodem

319 5176 407 5223 hoc
435 5178 594 5231 capite
618 5167 764 5219 verba
789 5169 1011 5222 Tertulli.
1035 5168 1141 5231 Act.
1166 5167 1245 5225 24,
1269 5168 1328 5231 5,7
1341 5167 1482 5231 Paulo
1505 5169 1844 5218 attribuuntur.

381 5233 458 5292 (ὁ)
492 5229 589 5281 b’on
613 5237 776 5280 tamen
803 5229 1130 5293 improbabilis
1168 5237 1245 5293 est
1281 5229 1570 5293 Theodoreti
1593 5231 1892 5293 aliorumque

316 5297 582 5347 mittentia.
606 5300 736 5355 Lege
758 5291 965 5355 Judithte
991 5292 1066 5346 12,
1090 5292 1138 5355 2,
1165 5291 1262 5355 19,»
1287 5291 1495 5355 Estheraa
1520 5292 1597 5355 11,
1621 5293 1698 5340 17.
1725 5291 1893 5342 Credi-

322 5359 476 5405 Jerim
491 5353 816 5403 sanctissimos
833 5354 1044 5414 juvenes
1060 5353 1214 5415 tribus
1235 5353 1300 5401 de
1321 5354 1478 5401 causis
1497 5354 1605 5402 cibo
1627 5355 1765 5415 regio
1788 5355 1898 5400 abs-

323 5420 555 5468 tinuisse:
583 5425 683 5464 tum
701 5418 764 5463 ob
786 5415 1060 5463 solemnem
1100 5414 1398 5462 ethnicorum
1437 5415 1485 5460 in
1520 5414 1703 5463 mensis
1721 5428 1897 5473 super-

321 5482 597 5538 stitionem;
637 5485 740 5525 tum
785 5475 914 5538 quod
961 5474 1184 5538 plerique
1235 5475 1592 5538 Babyloniorum
1643 5478 1737 5524 cibi
1785 5476 1898 5536 lege

323 5540 517 5590 amnica
542 5536 678 5588 vetiti
722 5536 924 5595 essent;
947 5545 1048 5585 tum
1072 5536 1305 5597 denique.
1325 5536 1434 5596 Quia
1455 5536 1656 5597 jejunio,
1683 5544 1732 5585 et
1754 5539 1901 5585 absti-

325 5603 484 5650 nentia
501 5601 565 5649 ab
587 5600 826 5654 animatis,
845 5606 1001 5646 Deum
1018 5599 1280 5658 promereri
1300 5599 1599 5658 satagebant.
1618 5605 1668 5646 Et
1687 5599 1777 5645 tum
1790 5597 1903 5646 ulti-

322 5676 451 5712 mum
473 5655 1332 5722 conﬁrmantJosephus‘Antiq._Jud_.
1359 5655 1442 5722 lib.
1468 5659 1538 5710 10.
1567 5673 1672 5720 cap.
1700 5662 1774 5714 11,
1797 5661 1900 5707 ori-

322 5737 478 5787 genes
498 5725 526 5772 7
549 5731 716 5773 contra
740 5719 957 5787 Celsum,
984 5726 1039 5768 et
1057 5720 1241 5787 ΔΙιοιιιὶι.
1263 5720 1292 5768 -1
1314 5720 1361 5768 in
1400 5719 1679 5770 diversos"
1722 5729 1903 5784 “rugo-

326 5783 425 5837 ἢ...
439 5793 560 5849 rapa
584 5783 789 5848 Epistula
811 5784 872 5832 ad
896 5783 1212 5832 'rtteotistatu.
1471 5813 1480 5825 .

1660 347 1726 404 IN
1765 340 2130 406 DANIELEM.

3436 345 3540 412 198

1971 466 2246 520 nuchoruns
2274 482 2424 534 super
2447 463 2724 529 Danielem,
2757 464 3023 526 Ananiam,
3055 464 3314 532 Asariam,
3355 477 3402 520 et
3436 467 3542 522 Ni-

1966 557 2188 612 saelem:
2219 557 2304 612 12.
2328 557 2507 622 Tenta,
2532 557 2754 622 obsecro,
2782 573 2947 611 servos
2967 568 3076 611 tuos
3098 575 3186 628 per
3210 559 3317 614 dies
3334 559 3540 624 decem;

1967 658 2016 704 et
2051 649 2171 703 dent
2214 651 2354 704 nobis
2398 649 2462 704 de
2506 649 2775 702 seminibus
2814 659 2981 716 terra,
3026 659 3073 703 et
3119 651 3455 715 comedamus,
3495 660 3542 704 et

1965 755 2148 808 aquam
2182 740 2403 794 bibamus
2429 739 2554 794 :13.
2583 749 2629 792 et
2653 749 2932 809 appareant
2959 756 3128 793 coram
3152 750 3200 794 te
3241 741 3402 795 vultus
3446 758 3538 794 nos

1965 834 2078 897 stri,
2111 841 2157 885 et
2183 833 2349 885 uultus
2376 847 2646 900 puerorum
2667 830 2754 900 qui
2781 831 3048 884 comedunt
3085 846 3114 884 α
3157 847 3330 886 mensa
3368 833 3502 902 regis
3523 847 3542 884 :

1967 933 2014 978 et
2050 927 2179 980 sicut
2223 925 2424 990 videris,
2447 924 2602 992 facito
2645 937 2759 978 cum
2799 925 2968 992 pueris
3003 926 3124 977 tuis.
3158 925 3246 978 14.
3277 923 3347 977 Et
3381 941 3542 979 exau-

1967 1016 2088 1070 divit
2141 1033 2284 1077 eum,
2336 1025 2384 1069 et
2425 1016 2630 1069 tentavit
2679 1031 2763 1070 eos
2813 1032 2902 1085 per
2947 1015 3052 1068 dies
3092 1016 3281 1070 decem.
3333 1017 3421 1072 15.
3475 1016 3544 1070 Et

1966 1118 2078 1176 post
2107 1108 2257 1174 ﬁnem
2287 1107 2453 1161 decem
2492 1107 2684 1159 dierum
2715 1106 2808 1161 uisi
2848 1117 2965 1160 sunt
3003 1106 3164 1160 vultus
3197 1122 3366 1162 eorum
3400 1107 3538 1172 boni,

1967 1207 2014 1250 et
2052 1198 2151 1266 ipsi
2175 1214 2384 1266 corpore
2422 1198 2729 1266 pinguiores,
2757 1213 2905 1266 quam
2934 1197 3075 1267 pueri
3102 1198 3184 1267 qui
3221 1198 3542 1252 comedebant

1966 1290 2029 1342 de
2053 1305 2223 1342 mensa
2240 1290 2394 1358 regis.
2429 1289 2610 1358 Magna
2639 1289 2875 1352 libertas,
2909 1289 3134 1342 maxima
3167 1289 3328 1343 animi
3351 1291 3540 1344 alacri-

1963 1389 2067 1442 tas,
2096 1379 2258 1432 multa
2293 1378 2590 1448 prudentia,
2627 1379 2809 1448 ingens
2846 1376 2997 1432 ﬁdes.
3031 1377 3186 1432 Tenta
3225 1395 3404 1448 pueros
3431 1390 3540 1433 tuos

1966 1486 2055 1542 per
2081 1470 2185 1523 dies
2214 1470 2402 1524 decem.
2441 1470 2644 1525 Deinde
2685 1479 2744 1522 ut
2783 1484 2851 1523 ne
2892 1471 3163 1523 existimes
3215 1485 3244 1523 a
3278 1471 3539 1525 seminum

1967 1571 2153 1614 natura
2195 1560 2325 1613 oriri
2367 1559 2518 1614 faciei
2565 1559 2907 1623 hilaritatem,
2956 1560 3162 1629 respice
3208 1574 3420 1630 quoque
3472 1561 3538 1616 ad

1967 1666 2177 1720 aquam,
2202 1666 2323 1720 qua:
2351 1652 2572 1706 minime
2596 1652 2778 1704 nutrit.
2812 1652 2877 1705 Et
2904 1667 3008 1704 non
3051 1651 3208 1705 modo
3241 1653 3375 1707 bona
3415 1668 3540 1707 cor-

1966 1743 2112 1811 poris
2155 1742 2464 1796 habitudine
2502 1742 2706 1812 prtediti
2741 1751 3130 1810 apparuerunt,
3178 1742 3271 1796 sed
3299 1753 3354 1797 et
3380 1759 3538 1814 vege-

1968 1833 2131 1887 tiores
2170 1833 2234 1887 iis
2259 1833 2348 1902 qui
2393 1833 2535 1902 regia
2577 1848 2758 1887 mensa
2785 1832 3118 1887 fruebantur.
3161 1832 3312 1899 Quod
3360 1847 3538 1889 autem

1967 1937 2154 1978 carnes
2171 1931 2226 1978 et
2243 1923 2420 1977 vinum
2441 1923 2606 1992 magis
2629 1923 2862 1977 nutriant
2879 1939 3034 1992 quam
3056 1933 3244 1978 caetera
3266 1924 3540 1989 alimenta,

1968 2015 2252 2084 unicuique
2285 2023 2368 2069 est
2392 2013 2751 2068 manifestum.
2779 2013 2951 2069 Cerne
2980 2025 3035 2068 tit
3077 2017 3257 2068 statim
3298 2015 3365 2069 ab
3395 2015 3545 2070 initio

1968 2105 2136 2174 gratia
2164 2119 2230 2159 ex
2259 2103 2530 2159 voluntate
2556 2119 2843 2174 puerorum
2863 2114 2915 2158 et
2941 2120 3003 2159 ex
3035 2104 3178 2160 dono
3208 2107 3297 2161 Dei
3326 2105 3543 2161 efﬂore-

1968 2206 2101 2252 scat.
2136 2197 2394 2251 Voluntas
2409 2197 2665 2268 siquidem
2697 2205 2797 2262 est,
2828 2196 2967 2267 quod
3000 2198 3265 2252 noluerint
3299 2217 3311 2252 :
3344 2198 3542 2254 donum

1969 2307 2118 2356 vero,
2151 2290 2292 2362 quod
2321 2291 2608 2360 potuerint.
2639 2289 2705 2343 Et
2729 2300 3027 2361 appareant,
3061 2291 3248 2360 inquit,
3277 2306 3445 2343 coram
3476 2301 3542 2344 te.

1972 2383 2235 2437 Judicium
2259 2381 2351 2437 tibi
2390 2381 2764 2450 permittimus.
2805 2380 2966 2435 Levis
2989 2389 3166 2435 autem
3194 2390 3248 2434 et
3280 2379 3444 2435 facilis
3463 2390 3546 2435 est

1969 2475 2135 2546 gratia
2173 2489 2332 2544 quam
2382 2474 2765 2543 petimus:res
2812 2471 2906 2526 tibi
2957 2473 3113 2526 fidem
3158 2471 3375 2526 faciant.
3433 2473 3545 2541 Ego

1971 2567 2170 2635 quippe
2204 2574 2452 2620 eventum
2493 2565 2770 2633 perspicue
2800 2565 2921 2617 novi
2950 2581 2964 2617 :
2996 2575 3051 2617 at
3080 2577 3295 2633 pt'0pter
3335 2574 3386 2620 te
3415 2565 3545 2619 nihil

1971 2666 2094 2712 ante
2140 2658 2297 2712 finem
2339 2655 2568 2710 affirmo.
2613 2654 2788 2710 Cerne
2821 2655 3089 2725 quomodo
3116 2657 3276 2711 etiam
3315 2658 3542 2712 famulus

1971 2751 2149 2804 statim
2176 2748 2452 2814 erudierit,
2484 2763 2544 2802 ac
2584 2747 2825 2802 docuerit
2862 2763 2921 2802 se
2966 2763 3086 2803 esse
3117 2748 3208 2804 Dei
3255 2760 3543 2804 amantem.

1971 2841 2042 2896 Et
2077 2856 2182 2896 non
2230 2839 2543 2909 simpliciter
2564 2837 2714 2904 dicit,
2746 2837 2926 2894 Facito
2956 2838 3250 2901 nobiseum,
3296 2839 3410 2904 sed,
3445 2838 3550 2892 Fa-

1972 2934 2070 2986 cito
2108 2949 2219 2985 cum
2268 2932 2433 3002 pueris
2475 2932 2616 2984 tuis:
2644 2932 2825 3001 sicque
2863 2945 3093 2986 exorsus
3133 2933 3307 2985 aiebat
3342 2949 3354 2983 :
3391 2931 3548 2986 Tanta

1972 3041 2150 3095 pueros
2176 3033 2306 3077 tuos.
2338 3022 2452 3076 Non
2498 3023 2814 3077 recusabant
2842 3022 3104 3077 humanos
3134 3023 3364 3078 honores
3393 3025 3548 3078 exhi-

1976 3118 2122 3182 bere,
2152 3117 2240 3170 ubi
2269 3115 2399 3170 nihil
2424 3126 2565 3171 esset
2589 3117 2728 3185 quod
2753 3118 3001 3185 pietatem
3024 3116 3242 3172 laederet
3268 3136 3281 3172 :
3305 3118 3547 3188 quando-

1974 3209 2186 3279 quidem
2217 3217 2270 3262 et
2296 3207 2490 3262 Paulus
2517 3207 2653 3261 idem
2683 3208 2825 3261 facit.
2851 3209 2978 3262 Nam
3003 3208 3257 3264 inchoans
3282 3209 3549 3263 delensio-

1977 3316 2099 3355 nem
2146 3315 2318 3362 suam,
2356 3314 2384 3352 a
2425 3299 2883 3368 laudibusjudicis
2922 3301 3124 3370 incipit,
3175 3302 3242 3354 ita
3289 3301 3548 3371 loquens:

1975 3391 2042 3447 In
2068 3393 2225 3446 multa
2254 3407 2376 3462 pace
2394 3402 2594 3462 agentes
2619 3407 2708 3460 per
2724 3399 2768 3444 te
2796 3391 2929 3458 (Act.
2951 3392 3041 3445 24.
3069 3391 3146 3463 2).
3174 3392 3314 3446 idem
3339 3404 3550 3460 aposto-

1975 3485 2056 3541 lus
2095 3485 2252 3540 rebus
2293 3485 2535 3540 civilibus
2564 3497 2690 3538 usus
2720 3495 2820 3537 est.
2849 3482 3055 3538 Nathan
3081 3499 3293 3554 quoque
3320 3485 3551 3554 praphe-

1977 3587 2094 3634 tans
2131 3579 2317 3632 adorat
2357 3575 2643 3642 Davidem;
2682 3575 2909 3631 Jacobus
2943 3576 3184 3631 similiter
3222 3576 3550 3631 Pharaonem

1977 3668 2182 3734 adorat,
2205 3676 2258 3721 et
2284 3666 2616 3721 Abrahamus
2641 3665 3065 3720 contubernales.
3096 3665 3276 3718 Daniel
3300 3666 3548 3736 denique,

1977 3759 2044 3814 de
2064 3774 2167 3828 quo
2187 3773 2327 3814 nunc
2353 3773 2529 3812 sermo
2555 3767 2655 3820 est,
2685 3757 2792 3826 regi
2814 3755 2969 3810 dicit:
2987 3753 3052 3809 In
3081 3764 3321 3809 cateruam
3345 3758 3451 3810 vive
3472 3759 3548 3827 (a)

1980 3849 2140 3920 (Dan.
2175 3850 2227 3904 6.
2257 3847 2371 3918 2-1).
2421 3847 2795 3902 Animadverte
2833 3847 3052 3901 verbum
3097 3845 3415 3901 adulationis
3439 3849 3550 3916 ple-

1982 3959 2128 3997 nunt.
2162 3943 2230 3995 At
2265 3956 2365 4011 ego
2395 3949 2500 3995 no‘n
2542 3941 2593 3994 id
2635 3940 2859 3994 dixerim
2891 3938 3268 4000 adulationem,
3300 3939 3391 3993 sed
3425 3955 3552 4008 pru-

1981 4035 2212 4089 dentiam
2241 4045 2292 4088 et
2320 4033 2648 4103 sapientiam.
2681 4032 2753 4087 Ita
2781 4041 2836 4087 et
2857 4032 3047 4086 Paulus
3074 4033 3181 4085 ait:
3213 4029 3278 4084 In
3305 4033 3554 4102 sapientia

1982 4128 2232 4181 ambulate
2256 4126 2323 4179 ad
2347 4143 2429 4180 eos
2457 4127 2541 4198 qui
2570 4127 2693 4197 [oris
2727 4133 2862 4190 sunt,
2892 4135 3086 4194 tempus
3110 4125 3406 4179 redimentes
3430 4125 3552 4196 (Co-

1984 4218 2105 4271 loss.
2137 4218 2190 4270 4.
2221 4215 2296 4288 5).
2343 4215 2415 4270 lla
2456 4217 2614 4271 etiam
2661 4216 2903 4270 Christus
2943 4215 3121 4269 docuit
3152 4231 3165 4267 :
3201 4213 3417 4269 Reddite
3446 4230 3559 4286 quas

1983 4319 2099 4362 sunt
2133 4307 2346 4363 Cwsaris
2374 4305 2581 4373 Cwsari,
2623 4316 2667 4360 et
2709 4322 2820 4377 qua:
2854 4315 2971 4359 sunt
3003 4305 3096 4358 Dei
3149 4305 3255 4359 Deo
3285 4305 3432 4376 (Luc.
3465 4307 3551 4361 10.

1983 4400 2096 4471 25).
2129 4399 2264 4467 Quid
2297 4399 2485 4468 igitur?
2531 4398 2731 4452 sentina
2777 4398 3042 4452 immunda
3089 4414 3191 4452 non
3224 4399 3410 4453 erant?
3456 4398 3554 4452 Mi-

1985 4497 2127 4549 nime
2156 4511 2168 4547 :
2197 4492 2290 4547 sed
2322 4481 2425 4546 nec.
2449 4508 2602 4561 aqua.
2633 4491 2696 4545 Et
2725 4491 2825 4545 hoc
2850 4507 2942 4560 per
2963 4501 3068 4545 tres
3096 4508 3262 4546 annos
3293 4493 3554 4547 fecerunt.

1987 4589 2073 4644 18.
2110 4587 2173 4641 Et
2199 4586 2475 4656 completis,
2504 4586 2689 4653 inquit,
2716 4585 2907 4646 diebus,
2942 4594 3050 4652 post
3076 4601 3198 4648 quos
3221 4585 3416 4638 dixerat
3444 4601 3552 4646 rex,

1986 4690 2041 4734 ut
2079 4678 2410 4732 introduceret
2438 4677 2595 4744 ipsos,
2632 4676 3030 4728 arcltieunuclms
3056 4675 3336 4730 introduxit
3377 4693 3459 4729 eos
3491 4678 3556 4727 ad

1991 4769 2556 4824 Nabucltodonosorem.
2588 4768 2672 4822 19.
2710 4766 2773 4820 Et
2816 4785 2912 4821 non
2941 4769 3123 4822 inventi
3158 4778 3360 4824 suntex
3395 4772 3557 4823 omni-

2056 4927 2127 4988 (a)
2160 4925 2215 4974 In
2235 4931 2415 4988 (amco,
2442 4936 2502 4980 εις
2523 4934 2586 4973 τὸν
2616 4937 2726 4972 ιωνκι
2749 4933 2846 4988 (est.
2871 4924 3058 4972 Grotius
3083 4927 3428 4988 interpretatur
3454 4939 3464 4972 :
3494 4925 3560 4973 vi-

1991 4985 2073 5038 vas
2096 4985 2196 5038 diu.
2224 4985 2374 5034 Malim
2393 4993 2553 5032 tattten
2571 4997 2678 5032 cum
2696 4993 2741 5048 5.
2759 4986 3044 5048 Hieronymo
3064 4999 3313 5048 eanere
3330 4986 3394 5032 de
3417 4993 3559 5048 utet--

1994 5052 2162 5098 nitate.
2192 5048 2243 5096 ld
2270 5049 2399 5094 enim
2425 5048 2657 5108 exigebat
2698 5045 2811 5093 olim
2834 5045 2950 5108 qua?
2978 5060 3035 5095 se
3069 5045 3159 5094 diis
3183 5060 3367 5108 aequam
3390 5047 3560 5108 existi-

1993 5113 2153 5160 mabat
2174 5116 2388 5177 potestas
2411 5121 2422 5177 ξ
2446 5105 2708 5177 Itajqaippe
2744 5105 2924 5177 est,‘:ait
2951 5115 3245 5177 esseverus‘,
3267 5105 3466 5177 stultitia
3490 5120 3565 5177 re-

1995 5168 2350 5237 guntonminm,
2375 5175 2423 5237 ut
2441 5168 2530 5237 sibi
2553 5168 2981 5237 ditium-indicent.
3005 5169 3197 5237 Baruchi
3225 5169 3269 5227 1,
3301 5169 3349 5237 11
3379 5181 3389 5214 :
3419 5175 3562 5237 orate

1996 5227 2086 5296 pro
2105 5232 2198 5296 uita
2223 5229 2642 5296 Nabuchodonosor
2669 5229 2793 5291 regis
2828 5230 3094 5296 Babylonis,
3125 5237 3170 5278 et
3189 5243 3274 5296 pro
3289 5229 3383 5277 vita
3405 5227 3556 5276 Bulla-

1997 5289 2079 5346 sar
2102 5293 2191 5358 filii
2214 5293 2338 5358 ejus,
2359 5297 2409 5340 ut
2437 5291 2652 5358 sintdies
2684 5289 2848 5341 eorum
2869 5289 2989 5358 sicut
3025 5291 3126 5340 dies
3158 5289 3266 5340 (ιειὶ
3301 5303 3442 5351 super
3467 5298 3563 5339 ter-

1999 5352 2122 5405 rain.
2147 5364 2244 5413 Quo
2277 5357 2422 5402 etiam
2462 5352 2551 5400 loci
2589 5362 2802 5401 mentem
2845 5355 3093 5413 Scriptura),
3131 5366 3222 5398 non
3255 5360 3564 5413 assequutnm

2001 5417 2148 5465 fuisse
2165 5412 2374 5462 (irotittm
2407 5423 2536 5476 puto.
2571 5417 2808 5476 Superbas
2850 5412 3008 5476 voces
3036 5413 3280 5476 humilitas
3300 5412 3564 5476 Christiana

2017 5477 2226 5526 :taulatim
2251 5473 2549 5535 compressit,
2575 5473 2935 5535 medest'tusque
2978 5473 3229 5522 Catltolicis
3267 5473 3564 5535 Imperatori-

2039 5553 2096 5587 us
2117 5533 2424 5586 acclamatum
2451 5538 2496 5585 itt
2521 5535 2742 5585 Conciliis
2767 5549 2777 5581 :
2809 5533 2972 5583 stultos
3011 5547 3170 5582 unum.
3215 5533 3364 5583 mnos
3391 5533 3564 5583 Darid.

2007 5599 2175 5650 Multos
2192 5611 2336 5646 amws
2359 5605 2628 5659 reternaque
2668 5594 2914 5659 memoria,
2951 5603 3044 5642 etc.
3079 5596 3160 5659 llis
3196 5596 3259 5643 de
3284 5598 3432 5659 rebus
3452 5595 3566 5655 lege

2007 5659 2213 5722 Concilia
2233 5661 2495 5722 generalia
2508 5654 2696 5722 passim,
2715 5654 2975 5722 _t-‘.pi_sto|a_m
2997 5655 3304 5722 s._Athanasii
3327 5659 3389 5706 de
3404 5718 3414 5722 _
3425 5654 3567 5722 syno-

2006 5723 2084 5771 dis
2105 5718 2304 5769 Arimini
2338 5726 2390 5767 et
2423 5719 2673 5777 Seleuciae,
2714 5719 2863 5773 initio,
2911 5718 3211 5765 Ammiattum
3252 5718 3568 5769 Marcellinum

2010 5785 2146 5834 initio
2171 5781 2278 5832 libri
2306 5782 2379 5840 15,
2403 5781 2727 5844 Symmachum
2751 5778 2992 5828 ttclationc
3010 5777 3241 5830 adversus
3261 5780 3570 5845 Christianos,
