4054 6320
590 326 688 382 ειη

595 433 833 497 ἀναιδεῖς
885 430 995 503 γάρ
1042 427 1263 493 τούτους
1323 426 1617 501 καλοῦμεν.
1671 422 1996 498 Ἐγνάερισε
2028 418 2096 479 δὲ
2138 427 2170 478 ὁ

607 531 817 599 Ἀριὼχ
840 528 919 593 τῷ
948 526 1174 594 Δανιὴλ
1208 526 1273 579 τὸ
1296 524 1479 594 ῥῆμα.
1520 521 1630 579 Καὶ
1674 522 1898 592 Δανιὴλ
1927 520 2169 590 ἐξῆλθε,

593 626 697 680 καί
716 626 942 693 ἠξίωσε
967 622 1075 676 τὸν
1098 622 1363 687 ,ϐασιλέα
1398 620 1557 687 ὅπως
1608 622 1829 689 χρόνον
1871 617 2031 683 αὐτῷ
2065 616 2169 681 δῷ,

593 722 694 778 καὶ
732 722 844 791 τὴν
880 721 1203 788 σύγκρισιν
1247 716 1352 770 τοῦ
1395 716 1685 770 ἐνυπνίου
1728 715 2061 785 ἀπαγγείλῃ
2092 710 2173 777 τῷ

589 816 857 884 βασιλεῖ.
893 814 1185 885 Θαύμασον
1222 811 1340 875 πῶς
1383 811 1682 883 ἐπέτρεψεν
1742 813 1965 874 ἐκεῖνος.
2018 808 2167 882 [⁸208]

596 917 741 989 Ὅρα
766 912 1041 985 πανταχοῦ
1075 912 1284 973 πάντας
1306 909 1660 981 πειθομένους
1690 909 2025 981 αὐτῷ.”υθεν
2058 908 2173 973 πῶς

596 1000 953 1067 ὐπώπτευσεν
1001 1008 1174 1079 ἀληθῆ
1203 1007 1383 1075 λέγειν
1434 1006 1632 1071 αὐτόν;
1694 1005 1807 1068 πῶς
1852 1006 1952 1059 οὐκ
1998 1001 2170 1067 εἶπεν,

600 1111 800 1172 πάντες
849 1105 1210 1177 ὴλέγχθησαν,
1248 1103 1604 1174 ὡμολόγησαν
1663 1102 1736 1173 μὴ
1784 1099 1923 1156 εἶναι
1965 1100 2175 1171 ἀνθρω-

599 1207 762 1279 πίνης
796 1203 1009 1275 φύσεως
1030 1197 1187 1255 τοῦτο
1221 1218 1234 1231 ·
1256 1201 1349 1255 καὶ
1369 1202 1432 1253 σὺ
1450 1198 1721 1271 βάρϐαρος
1750 1197 1845 1259 ὣν,
1884 1197 2046 1251 πόθεν
2071 1198 2172 1250 οἴει

600 1298 1013 1372 περιγενέσθαι;
1098 1296 1239 1350 Ἀλλ’
1308 1298 1436 1350 ὅταν
1490 1297 1519 1349 ό
1576 1295 1708 1359 Θεὸς
1762 1296 2016 1365 οίκονομῇ
2080 1296 2175 1347 καὶ

602 1392 1093 1468 προκατασκευάζῃ
1168 1392 1238 1447 τά
1309 1393 1631 1465 πράγματα,
1710 1389 1874 1461 μηδὲν
1953 1389 2170 1459 ἀπόρει,

605 1492 815 1554 Ἀλλως
838 1491 895 1543 δὲ
920 1489 1015 1543 καὶ
1039 1486 1320 1542 ἀκίνδυνον
1340 1482 1407 1559 ἦν
1430 1486 1516 1539 ἐπ’
1538 1484 1700 1539 αὐτὸν
1727 1484 1951 1556 ὕστερον
1975 1484 2170 1537 ἐλθεῖν.

603 1589 761 1652 Τίνος
789 1587 975 1641 ἕνεκεν
1005 1585 1105 1639 οὐκ
1148 1583 1349 1647 εὐθέως
1387 1580 1536 1655 αὐτῷ
1576 1583 1604 1635 ό
1634 1580 1768 1645 Θεὸς
1813 1579 2127 1650 άπεκάλυψε
2158 1596 2173 1644 ;

603 1683 827 1756 Πρῶτον
868 1682 966 1753 μὲν
996 1679 1136 1733 ὥστε
1176 1675 1477 1749 κατάδηλον
1526 1676 1777 1745 γενέσθαι
1818 1671 1880 1728 τὸ
1920 1676 2171 1747 πρᾶγμα,

604 1783 745 1838 ὥστε
765 1781 959 1843 αὐτοὺς
991 1780 1047 1832 ὲν
1082 1776 1241 1849 χρείᾳ
1267 1778 1606 1848 καταστῆναι
1629 1774 1818 1845 πολλῇ.
1857 1772 1921 1826 Εἰ
1951 1772 2061 1843 γὰρ
2082 1771 2176 1824 καὶ

604 1878 894 1953 προφήτης
933 1870 1023 1947 ἦν,
1064 1873 1215 1944 ὅμως
1243 1872 1502 1944 ἠγνόησε.
1535 1871 1705 1926 Πάλιν
1737 1888 1820 1925 σοι
1842 1869 1930 1923 διὰ
1952 1868 2176 1924 δικαίων

604 1975 973 2043 ἀπολογεῖται,
1023 1970 1237 2034 δεικνὺς
1278 1969 1360 2023 ὅτι
1416 1968 1643 2031 ἐκείνοις
1691 1967 1793 2021 οὐκ
1822 1966 2011 2029 ,ἔδωκε
2046 1963 2177 2035 μέλε-

603 2073 756 2127 λουσι
789 2068 1119 2123 κινδυνεύειν
1169 2066 1340 2138 χωρὶς
1393 2065 1558 2136 εὐχῆς
1590 2066 1944 2137 ωρτερικῆς,
1998 2060 2179 2131 πολλῷ

614 2167 813 2240 μᾶλλον
845 2164 928 2218 col
953 2165 1012 2217 οὐ
1047 2163 1231 2216 δώσει.
1266 2160 1365 2215 Διὰ
1393 2160 1552 2213 τοῦτο
1576 2158 1851 2229 πανταχοῦ
1879 2158 1980 2221 τὰς
2015 2157 2178 2227 εὐχάς

604 2264 790 2319 αἰτείό
813 2260 1043 2324 Παῦλος,
1082 2257 1163 2326 Τῇ
1207 2253 1522 2325 προσευχῄ⁹
1563 2254 2176 2323 προσκαρτεροῦντες,

604 2360 847 2432 γράφων.
867 2358 941 2412 Οὐ
958 2355 1065 2427 γὰρ
1078 2355 1238 2427 ἀρκεῖ
1262 2351 1375 2423 βίος
1397 2351 1651 2423 καθαρὸς,
1674 2349 1769 2402 ὲάν
1783 2348 1906 2420 [μὴ]
1929 2349 2021 2401 καὶ
2046 2348 2178 2419 εὐχή

605 2458 806 2528 προσῇ.
831 2452 973 2524 Ὅρα
1024 2450 1185 2505 πάλιν
1228 2446 1327 2518 τὴν
1377 2447 1561 2501 πίστιν
1602 2446 1767 2499 αὐτοῦ
1807 2444 1899 2516 τήν
1954 2443 2175 2514 πολλήν.

606 2550 869 2622 Δεύτερος
911 2541 1065 2611 οὗτος
1105 2544 1301 2608 ἄθλοςο
1341 2544 1438 2597 καλ⁵
1479 2544 1690 2597 πάλινό
1718 2542 1917 2614 Δανιὴλ
1964 2543 2177 2613 ἡγεῖται

604 2649 701 2703 τοῦ
725 2647 1065 2719 πράγματος,
1112 2644 1204 2698 καὶ
1246 2643 1435 2715 χρόνον
1471 2642 1613 2694 αἰτεῖ
1662 2641 2180 2711 παρεσκευασμένον

606 2745 745 2817 πρὸς
771 2742 970 2813 πολλὴν
1019 2741 1314 2812 καρτερίαν
1348 2738 1441 2792 καὶ
1465 2737 1650 2808 εὐχήν.
1687 2736 1850 2789 Ὥστε
1891 2736 1990 2789 οὐκ
2024 2736 2179 2805 ἠξίου

607 2841 807 2904 εὐθέως
833 2836 1124 2894 ἀκούεσθαι
1148 2853 1161 2866 ο
1195 2834 1390 2888 ἔδωκεν
1412 2836 1615 2896 ἐκεῖνος
1636 2831 1733 2902 τὴν
1758 2833 1939 2904 χάριν,
1966 2834 2181 2886 ἀνεκοι-

606 2939 816 2993 νώσατο
860 2939 969 2999 τοῖς
1022 2933 1215 3003 φίλοις.
1274 2932 1410 2986 Τότε
1454 2929 1535 2995 τῷ
1590 2929 1815 2998 Δανιὴλ
1844 2929 2183 3001 μυστήριον

608 3034 1001 3101 ἀπεκαίύφθη
1036 3031 1105 3084 ἐν
1133 3029 1379 3099 ὁράματι
1430 3029 1669 3093 νυκτός.
1717 3027 1827 3081 Καὶ
1876 3030 2180 3098 εὐλόγησε

608 3132 715 3186 τὸν
743 3129 890 3184 Θεὸν
910 3128 1016 3182 τοῦ
1036 3124 1297 3193 οὐρανοῦ
1322 3123 1566 3192 Δανιὴλ,
1600 3123 1697 3178 καὶ
1738 3120 1907 3179 εἶπεν
1932 3142 1946 3156 ο
1970 3125 2081 3192 Εἷη
2113 3124 2181 3178 τὸ

610 3232 798 3299 ὄνομα
833 3226 939 3280 τοῦ
992 3224 1140 3279 Θεοῦ
1177 3223 1585 3292 εὐλογημένοι·
1622 3221 1740 3278 ἀπὸ
1792 3222 1899 3276 τοῦ
1939 3221 2178 3289 αίῶνος,

609 3327 707 3383 καί
737 3325 844 3391 ἕως
878 3322 983 3377 τοῦ
1027 3318 1263 3386 αἰῶνος,
1285 3319 1376 3373 ὅτι
1406 3319 1444 3386 ή
1487 3318 1675 3388 σοφία
1707 3318 1806 3374 καί
1842 3320 1880 3389 ἠ
1931 3321 2185 3386 σύνεσις

610 3423 712 3481 καί
739 3424 777 3492 ἠ
800 3420 978 3491 ίσχὺς
1002 3416 1188 3473 αὐτοῦ
1223 3416 1377 3471 ἐστι.
1421 3413 1532 3469 Kal
1572 3415 1754 3482 αὐτὸς
1783 3416 2023 3492 ἀλλοιοῖ
2049 3418 2185 3486 χρό-

609 3540 758 3587 νους
778 3519 877 3575 καὶ
905 3515 1170 3585 καιροὺς,
1196 3510 1448 3579 καθιστᾷ
1465 3512 1749 3579 ,βασιλεῖς
1778 3514 1876 3567 καί
1904 3512 2181 3582 μεθιστᾷ,

610 3617 813 3683 διδοὺς
862 3611 1087 3685 σοφίαν
1134 3610 1259 3676 τοῖς
1304 3608 1538 3680 σοφοῖς,
1588 3608 1687 3663 καὶ
1720 3610 2020 3679 φρόνησιν
2062 3610 2185 3677 τοῖς

610 3714 845 3769 αἰτοῦσι
865 3712 1143 3765 σύνεσιν.
1182 3705 1377 3774 Αὐτὸς
1410 3706 1825 3761 ἀποκαλύπτει
1858 3707 2053 3771 ,βαθέα
2084 3707 2182 3761 καί

611 3811 922 3876 ἀπόκρυφα
939 3844 955 3869 ,
982 3804 1291 3875 γινώσκων
1306 3802 1379 3856 τὰ
1407 3802 1477 3855 ἐν
1495 3801 1577 3868 τῷ
1601 3802 1824 3856 σκότει”
1842 3802 1940 3856 καί
1964 3802 2031 3856 τὸ
2058 3801 2186 3871 φῶς

611 3904 733 3975 μετ’
756 3900 943 3956 αὐτοῦ
967 3900 1118 3954 ἐστι.
1164 3898 1267 3953 Σοὶ
1286 3937 1301 3963 ,
1332 3901 1366 3952 ό
1396 3898 1544 3963 Θεὸς
1579 3897 1698 3951 τῶν
1729 3898 2000 3967 πατέρων
2042 3915 2182 3968 μου,

613 3996 1101 4068 ὲξομολοτοῦμαι,
1135 3994 1235 4048 καὶ
1274 3993 1454 4059 αίνῶ,
1488 3993 1578 4047 ὅτι
1617 3994 1843 4063 σοφίαν
1886 3994 1984 4048 καὶ
2039 3995 2187 4048 σύν-

614 4111 752 4149 εσιν
779 4090 1006 4156 ἔδωκάς
1032 4108 1154 4160 μοι,
1183 4090 1281 4143 καὶ
1304 4089 1421 4143 νῦν
1459 4088 1785 4158 ἐγνώρισάς
1805 4107 1904 4159 μοι
1942 4088 1979 4143 d
2010 4088 2186 4158 ἠξιώ-

616 4207 811 4261 σαμεν
849 4188 1006 4256 παρὰ
1032 4187 1167 4241 σοῦ.
1222 4184 1445 4239 Οὐδέπω
1484 4185 1731 4255 φανερῶς
1784 4186 1933 4258 αὐτῷ
1976 4188 2187 4240 ἀπεκα-

616 4286 815 4357 λύφθη,
861 4282 973 4339 ἀλλ’
997 4282 1077 4336 ἔτι
1132 4283 1191 4336 ὲν
1238 4282 1507 4351 ὁράματιο
1544 4281 1987 4353 προγυμνάζεται
2024 4285 2131 4355 γὰρ
2160 4284 2189 4337 ό

616 4386 922 4455 προφήτης.
956 4383 1097 4452 Ὅρα
1125 4379 1181 4433 δὲ
1210 4378 1373 4433 αὐτοῦ
1395 4380 1494 4451 τὴν
1523 4380 1856 4452 παρρησίαν.
1879 4378 2026 4448 Τίςή
2051 4379 2189 4446 γνώ-

622 4500 719 4554 μη,
749 4480 903 4551 φησὶ,
938 4480 972 4550 ή
1011 4476 1234 4549 ἀναιδὴς
1270 4476 1448 4545 αὐτη’;
1496 4476 1727 4547 Ἔμοιγε
1765 4474 1912 4528 δοκεῖ
1959 4476 2053 4528 καὶ
2084 4474 2192 4546 πρὸ

617 4578 717 4649 τῆς
766 4576 1043 4646 εὐρήσεως
1092 4572 1459 4627 κεκωλυκέναι
1506 4572 1597 4626 τὸν
1649 4572 2043 4644 ἀρχιμάγειρον
2093 4575 2191 4644 τῆς

622 4675 857 4746 σφαγῆς,
888 4670 965 4741 τῷ
986 4686 1045 4724 τε
1070 4672 1443 4741 κατηγορῆσαι
1480 4671 1580 4741 τῆς
1609 4670 1996 4741 ἐγχειρήσεως,
2030 4669 2109 4741 τῷ
2131 4687 2190 4723 τε

620 4766 951 4841 ὑποσχέσθαι
980 4765 1132 4819 λύσιν
1168 4766 1344 4834 εὑρεῖν
1374 4764 1469 4819 τοῦ
1508 4764 1701 4820 δεινοῦ.
1744 4766 1809 4817 Τί
1846 4760 1938 4819 οὖν
1985 4766 2194 4819 ἀπεκαο

622 4866 799 4935 λύφθη
827 4864 901 4936 τῷ
929 4859 1153 4933 Amm“);
1178 4856 1333 4915 Ἐστι
1360 4860 1468 4931 γάρ
1500 4859 1596 4915 καὶ
1626 4862 1683 4914 ὲν
1706 4862 1879 4931 ἁγίοις
1913 4862 2152 4935 ὐπεοοχή
2174 4878 2188 4894 ο

623 4964 704 5019 διὸ
728 4963 823 5017 καὶ
854 4960 1013 5023 αὐτὸς
1065 4959 1417 5029 προτιμᾶται.
1450 4958 1560 5010 Kal
1588 4958 1704 5021 πῶς
1730 4953 1901 5021 είδεν;
1945 4958 2032 5011 Ἐν
2065 4958 2195 5029 ὁρά-

625 5079 777 5134 ματι,
800 5058 955 5130 φησὶ,
988 5056 1050 5110 οὐ
1090 5052 1233 5109 κατά
1263 5053 1609 5125 ἀνθρωπίνην
1636 5054 1848 5124 σοφίαν.
1880 5055 1990 5109 Καὶ
2015 5056 2193 5118 καλῶς

624 5157 927 5230 μυστήριον
958 5152 1090 5206 αὐτὸ
1119 5150 1291 5215 καλεῖ,
1324 5150 1352 5203 ὃ
1386 5150 1552 5203 πᾶσιν
1605 5150 1857 5221 ἠγνόητο.
1893 5150 2003 5206 Kal
2045 5150 2193 5217 εὐλότ

621 5270 758 5326 γησε
781 5253 871 5306 τὸν
896 5250 1028 5303 Θεὸν
1052 5245 1146 5302 τοῦ
1173 5246 1232 5300 οὐ
1242 5245 1424 5320 ρανοῦ.
1455 5246 1558 5299 Τὸν
1586 5247 1999 5319 παντοκράτορά
2023 5264 2155 5318 φησι
2175 5264 2188 5277 .

620 5349 889 5409 τουτέστι,
919 5344 1010 5399 τὸν
1043 5344 1137 5398 καὶ
1174 5344 1291 5397 ἐκεῖ
1318 5344 1375 5407 έν
1409 5342 1475 5414 τῆ
1522 5341 1811 5414 βαρϐάρων
1844 5341 1994 5417 χώρᾳ
2030 5342 2192 5398 δυνά-

625 5460 802 5516 μενον.
845 5439 1096 5513 Οὐδαμοῦ
1134 5438 1315 5504 θυσία,
1353 5438 1447 5494 καὶ
1470 5436 1615 5505 ναὸς,
1643 5439 1737 5491 καὶ
1783 5438 2190 5512 θυσιαστήριον,

621 5540 757 5596 ἀλλά
803 5539 1122 5611 προαίρεσις
1169 5536 1381 5608 ἀγαθή⁶
1415 5534 1511 5591 καὶ
1558 5534 1735 5589 πάντα
1769 5535 1980 5605 ἠνύετο.
2029 5536 2191 5607 Ὅρα,

627 5637 762 5706 μετά
798 5635 857 5689 τὸ
888 5635 1070 5689 λαϐεῖν
1103 5633 1200 5705 τὴν
1241 5634 1477 5704 αἴτησιν,
1528 5632 1588 5685 οὐ
1641 5632 1905 5705 πρότερον
1958 5632 2194 5705 ἔδραμεν

624 5735 717 5787 ἐπὶ
735 5734 833 5802 τὴν
858 5732 1023 5803 αὐλὴν
1057 5731 1150 5787 τοῦ
1176 5730 1460 5803 βασιλέως,
1502 5729 1606 5795 ἓως
1639 5724 1699 5784 οὐ
1727 5729 1805 5801 τῷ
1821 5729 2074 5784 δεδωκότι
2097 5730 2195 5801 χά-

625 5847 710 5902 ριν
752 5828 1067 5919 ὡμολόγησε
1120 5828 1219 5900 τήν
1284 5828 1577 5902 μεγίστην
1632 5828 1694 5884 οὐ
1738 5828 1989 5899 καθάπερ
2026 5829 2187 5901 ἡμεῖς

1300 316 1356 375 s.
1397 312 1680 371 JOANNIS
1716 284 2203 367 cnnvsos’rmn
2243 286 2555 363 Ancn‘mp.
2593 306 3134 366 coxsnmmor.

2282 424 2538 489 πολλάκις
2601 426 2705 479 ὐπὸ
2739 418 2837 498 τῆς
2880 418 3055 499 χαρᾶς
3101 426 3209 481 τ’ὦν
3260 428 3666 500 κατορθουμένων
3701 435 3781 486 καὶ

2279 520 2745 593 έπιλανθανόμεθα
2774 523 2874 593 τῆς
2903 522 3330 595 εὐγνωμοσύνης.
3373 525 3499 577 Ἀλλ’
3533 521 3669 589 οὗτος
3701 530 3788 598 οὐχ

2277 615 2448 680 οὕτως
2468 634 2481 646 ·
2534 617 2670 672 ἀλλά
2703 618 2967 691 εὐλόγησε
2999 620 3091 674 τὸν
3128 620 3275 684 Θεὸν,
3308 622 3397 676 καὶ
3422 617 3588 676 εἷπενο
3611 624 3706 691 Είη
3732 624 3790 677 τὸ

2280 710 2465 781 ὄνομα
2515 713 2622 767 τοῦ
2667 714 2813 769 Θεοῦ
2843 716 3246 786 εὐλογημένον
3295 718 3407 771 ἀπὸ
3435 718 3533 773 τοῦ
3583 718 3793 784 αἰῶνος,

2279 806 2378 859 καί
2410 806 2520 874 ἕως
2556 809 2662 863 τοῦ
2698 809 2929 877 αἰῶνος.
2969 811 3120 883 [209]
3164 811 3347 883 Ἥμεῖς
3387 813 3479 883 μὲν
3501 812 3619 883 γὰρ,
3659 814 3793 883 φησὶν

2282 902 2603 975 πρόσκαιροι
2628 907 2720 959 καὶ
2746 906 3117 978 ὀλιγοχρόνιοι,
3147 907 3206 960 οὐ
3232 898 3491 978 μὴνούπέρ
3518 897 3604 960 τοῦ
3630 907 3797 976 χρόνου

2278 997 2467 1053 τούτου
2499 1001 2598 1070 τὴν
2619 1000 2868 1071 εὐλογίαν
2883 1003 3298 1073 ἀναπέμπομεν,
3320 998 3427 1055 ἀλλ⁴
3447 1003 3577 1074 ὑπὲρ
3594 1003 3797 1067 παντός’

2278 1095 2376 1165 οὐχ
2399 1096 2539 1167 ὑπὲρ
2566 1089 2626 1149 οὗ
2661 1095 2866 1167 ζῶμεν,
2904 1097 3041 1152 ἀλλά
3078 1098 3173 1151 καὶ
3210 1098 3348 1168 ὑπὲρ
3364 1097 3543 1151 τούτου
3580 1098 3688 1168 μὲν,
3714 1099 3799 1151 καὶ

2280 1194 2421 1265 ὑπὲρ
2442 1195 2536 1247 τοῦ
2560 1194 2667 1266 πρὸ
2693 1194 2905 1259 τούτου,
2947 1195 3042 1249 καὶ
3088 1195 3228 1267 ὑπὲρ
3260 1194 3355 1247 τοῦ
3386 1194 3673 1265 μέλλοντος.
3711 1194 3808 1246 ’Δεὶ

2279 1289 2440 1344 αὐτὸν
2457 1290 2789 1359 εὐλογεῖσθαι
2816 1291 2941 1363 χρὴ,
2962 1290 3055 1344 καὶ
3075 1291 3332 1361 φαίνοντα
3353 1292 3444 1343 καὶ
3466 1290 3538 1361 μὴ
3561 1291 3809 1358 φαίνοντα.

2280 1386 2379 1440 Διά
2408 1388 2606 1451 παντὸς
2633 1388 2739 1459 γὰρ
2770 1389 2804 1458 ή
2838 1389 3061 1458 πρόνοια
3094 1387 3258 1441 αὐτοῦ
3290 1387 3527 1440 τέταται.
3560 1386 3689 1455 Ὀρα
3713 1385 3813 1447 πῶς

2280 1481 2369 1536 διὰ
2402 1483 2501 1554 τῆς
2538 1482 2886 1555 εὐχαριστίας
2930 1484 3181 1555 ὲμφαίνει
3228 1482 3321 1536 καὶ
3364 1481 3461 1552 τὴν
3502 1480 3687 1548 γνῶσιν
3723 1480 3815 1532 τῶν

2281 1579 2594 1651 ὀνειράτων.
2639 1581 2768 1634 Ὅτι
2800 1580 2838 1648 ἡ
2878 1580 3096 1650 σοφία,
3135 1578 3235 1633 καί
3267 1579 3307 1646 ἠ
3344 1578 3621 1643 σύνεσις,
3659 1576 3746 1629 καί
3786 1578 3819 1644 ἠ

2282 1676 2462 1746 ίσχὺς
2479 1676 2663 1731 αὐτοῦ
2684 1678 2815 1731 ἐστι
2833 1695 2848 1708 σ
2872 1677 3136 1742 τουτέστι,
3157 1676 3219 1730 τὸ
3240 1675 3437 1729 εἰδέναι
3456 1675 3521 1728 τά
3539 1675 3719 1741 πάντα,
3744 1674 3823 1726 καὶ

2284 1774 2699 1846 προγινώσκειν.
2720 1776 2983 1831 Ἐνταῦθα
3001 1779 3109 1849 γάρ
3128 1776 3287 1831 τοῦτό
3308 1792 3459 1848 φησι·
3483 1775 3637 1839 αὐτὸς
3654 1770 3749 1827 οἶδε
3768 1772 3827 1825 τὰ

2284 1871 2480 1938 πάντα,
2504 1872 2652 1926 οὐδὲν
2682 1873 2882 1942 ἀγνοεῖ.
2908 1874 2973 1927 Τί
3000 1870 3092 1928 οῦν
3108 1891 3122 1940 ;
3138 1872 3310 1928 Τοῦτο
3343 1872 3532 1946 μόνον;
3554 1870 3828 1942 πρόγνωσιν

2285 1967 2396 2037 ἔχει
2425 1969 2615 2039 μόνον;
2646 1970 2755 2023 Kal
2780 1972 2879 2025 οὐκ
2906 1966 3235 2043 εἶπεννέχει,
3259 1970 3394 2036 ἀλλ’,
3415 1968 3603 2025 Αὐτοῦ
3623 1970 3760 2029 ἐστι,
3778 1968 3832 2019 τὸ

2286 2066 2513 2135 φυσικὸν
2534 2068 2665 2138 ἡμῖν
2687 2067 2887 2136 ἀγαθὸν
2918 2070 3269 2140 παραστῆσαι
3306 2066 3636 2138 βουλόμενος,
3669 2064 3741 2117 ὅτι
3778 2064 3833 2115 ὲκ

2287 2163 2499 2233 φύσεως
2514 2164 2685 2217 ταῦτα
2710 2165 2857 2235 αὐτῷ
2882 2166 3190 2237 πρόσεστιν.
3212 2165 3279 2217 Τί
3296 2159 3420 2230 οῦν;
3439 2160 3643 2234 πρόοιδε
3677 2161 3836 2232 μόνον,

2285 2261 2406 2331 οὐχί
2447 2260 2504 2314 δὲ
2550 2262 2643 2314 καὶ
2680 2265 2858 2322 ποιεῖς
2909 2262 3051 2330 Nal,
3094 2263 3187 2316 καὶ
3233 2263 3396 2316 ποιεῖ.
3448 2258 3691 2314 Ἄλλοιοῒ
3731 2273 3840 2312 καί·

2279 2358 2429 2427 ροὺς
2455 2358 2551 2411 καὶ
2575 2360 2853 2427 χρόνους.
2883 2358 3016 2429 Οὐχὶ
3036 2358 3135 2422 τὰς
3158 2359 3377 2431 τροπὰς
3399 2358 3590 2428 λέγων,
3612 2355 3737 2411 ἀλλὰ
3760 2353 3843 2417 τὰς

2285 2452 2394 2506 τῶν
2425 2455 2763 2525 πραγμάτων
2796 2454 3115 2526 μεταὸολάς.
3144 2454 3421 2523 Καθιστᾷ
3444 2452 3729 2519 βασιλεῖς,
3758 2452 3842 2503 καί

2282 2550 2553 2620 μεθιστᾷ.
2597 2552 2719 2605 Ὅτι
2758 2552 3057 2622 μεταϐολὰς
3094 2553 3421 2622 ἐργάζεται.
3449 2548 3572 2624 Ἆρ’
3599 2548 3687 2606 οὐν
3712 2548 3848 2603 τοῦτο

2290 2648 2469 2719 μόνον,
2494 2649 2576 2701 ὅτι
2605 2648 2815 2719 πρόοιδε
2846 2650 2938 2702 καὶ
2965 2650 3136 2716 ποιεῖ;
3166 2649 3301 2721 οὐχὶ
3331 2652 3426 2703 καὶ
3453 2650 3579 2704 ἄλλο
3602 2648 3845 2719 μέγιστον,

2286 2745 2369 2798 ὅτι
2393 2746 2485 2799 καὶ
2510 2745 2711 2814 ἑτέροις
2738 2746 3059 2816 μεταδίδωσι
3081 2747 3281 2801 τούτου
3304 2745 3401 2799 τοῦ
3425 2745 3642 2811 είδέναις
3668 2742 3851 2807 Διδοὺς

2287 2843 2513 2912 σοφίαν
2544 2843 2667 2909 τοῖς
2706 2842 2918 2912 σοφοῖς
2942 2857 2958 2873 ⁶
2990 2844 3107 2913 οὐχὶ
3139 2844 3255 2915 πρὸ
3291 2842 3486 2897 τούτου
3521 2838 3635 2896 οὖσι
3671 2841 3850 2909 σοφοῖς,

2289 2937 2423 2991 ἀλλά
2454 2940 2564 3002 τοῖς
2590 2937 2774 2991 λαϐεῖν
2804 2952 2852 2995 ιι.
2884 2938 2952 2992 Εἴ
2974 2956 3057 3002 τις
3086 2939 3256 3009 σοφὸς
3293 2936 3369 3011 μὴ
3400 2939 3532 3011 παρ’
3556 2933 3750 2991 ἐκείνου
3772 2935 3855 3000 τὴν

2291 3036 2481 3104 σοφίαν
2515 3036 2648 3105 ἔχει,
2679 3036 2740 3089 οὐ
2771 3034 2950 3104 σοφός.
2978 3034 3069 3108 Μὴ
3096 3038 3367 3107 νομίσατε
3400 3037 3594 3107 τέχνην
3623 3030 3750 3087 εἶναι
3774 3028 3855 3100 τῆς

2289 3131 2617 3203 Χαλδαῖκῆς.
2642 3132 2749 3186 Kal
2775 3134 3091 3201 φρόνησιν,
3122 3133 3297 3203 φησὶ,
3329 3131 3459 3200 τοῖς
3476 3131 3704 3189 αίτοῦσι
3730 3129 3859 3182 σύν-

2289 3250 2441 3289 εσιν.
2466 3230 2595 3288 Εἶτα
2627 3234 2823 3306 ἴδωμεν
2847 3235 3073 3307 πότερον
3098 3236 3155 3302 ἐξ
3196 3237 3521 3309 ἐπιστήμης
3547 3233 3689 3305 αὐτῷ
3713 3248 3859 3302 προσο

2291 3336 2543 3406 γέγονεν,
2574 3337 2608 3407 ἢ
2641 3336 2781 3389 κατά
2816 3334 2995 3405 φύσιν.
3030 3336 3141 3390 Kal
3204 3336 3323 3411 γὰρ
3358 3339 3456 3393 καὶ
3492 3337 3650 3393 τοῦτο
3700 3335 3860 3404 λέγει·

2290 3437 2478 3504 Αὐτὸς
2526 3437 2934 3492 ἀποκαλύπτει
2973 3436 3167 3501 ,βαθέα
3225 3438 3347 3499 καὶ,
3388 3440 3706 3509 ἀπόκρυφα
3736 3453 3751 3470 ’
3781 3434 3864 3488 οὐκ

2292 3534 2463 3605 εἶπεν,
2499 3538 2761 3611 εὑρίσκει,
2795 3538 2951 3605 ἀλλὰ,
2991 3539 3438 3595 Ἀποκαλύπτει
3472 3541 3679 3611 ἑτέροις
3702 3535 3867 3603 ,ϐαθέα

2292 3640 2420 3711 ήμῖν
2448 3638 2579 3692 ὄντα
2622 3638 2721 3693 καί
2756 3638 3093 3707 ἀπόκρυφα,
3120 3638 3192 3693 τὰ
3229 3641 3297 3693 ἐκ
3330 3639 3550 3713 μακροῦ
3578 3638 3667 3692 τοῦ
3702 3636 3867 3709 χρόνω

2292 3739 2578 3809 ἀφεστῶτα
2620 3740 2714 3793 καὶ
2761 3740 3133 3811 κεκρυμμένα.
3196 3740 3542 3797 Γινώσκων
3583 3741 3653 3795 τὰ
3701 3742 3766 3793 ὲν
3806 3735 3873 3800 τῷ

2293 3840 2495 3895 σκότει
2532 3857 2547 3872 ·
2590 3836 2691 3895 καὶ
2734 3840 2802 3893 τὸ
2842 3836 2968 3910 φῶς
3004 3842 3131 3911 μετ’
3165 3842 3371 3897 αὑτοῦ
3413 3840 3607 3898 ἐστιν.
3658 3840 3788 3912 Ὅρα
3827 3836 3872 3889 τε

2296 3961 2447 4015 φησι.
2474 3941 2681 4014 Ὠσπερ
2713 3944 2741 3995 ὁ
2770 3941 2932 3995 Δαυῖδ
2960 3943 3104 4011 λέγει
3129 3960 3142 3974 ·
3195 3942 3298 4011 Ὠς
3333 3944 3407 3999 τὸ
3434 3942 3658 4011 σκότος
3690 3938 3875 4009 αὐτῆς.

2296 4045 2447 4098 οὕτω
2486 4046 2585 4097 καὶ
2615 4042 2681 4096 τὸ
2713 4042 2839 4112 φῶς
2867 4040 3079 4113 αὐτῆς.
3110 4044 3187 4097 Τὸ
3217 4045 3365 4099 πολὺ
3397 4046 3503 4117 τῆς
3532 4042 3775 4115 γνώσεως
3800 4038 3879 4092 λέ-

2295 4162 2403 4214 γει,
2432 4145 2550 4215 ήτοι
2577 4143 2681 4197 κᾶν
2710 4143 2876 4215 ἄδηλα
2906 4141 2964 4216 ᾗ,
2998 4144 3145 4215 αὐτῷ
3180 4148 3389 4211 σκότος
3422 4148 3527 4201 οὐκ
3558 4146 3719 4207 ἔστιν,
3752 4142 3782 4213 ἢ
3811 4141 3882 4193 ὅτι

2299 4244 2413 4316 φῶς
2460 4244 2640 4299 αὐτῶν
2685 4245 2820 4299 ἐστι.
2866 4246 2989 4306 Πῶς
3034 4244 3304 4313 γινώσκει
3349 4248 3424 4301 τά
3469 4249 3530 4301 ὲν
3576 4243 3655 4317 τῷ
3696 4242 3884 4302 σκότειὶ

2309 4345 2523 4400 Ὠσανεὶ
2546 4345 2660 4415 φῶς
2688 4344 2824 4416 ἔχων
2853 4345 2971 4417 μεθ’
2994 4345 3211 4401 ἑαυτοῦ.
3246 4349 3395 4402 Μετ’
3426 4346 3601 4402 αὐτοῦ
3629 4348 3767 4399 ἐστιν
3793 4340 3885 4395 ἀεί.

2298 4446 2678 4519 Ἀνθρωπίνως
2707 4447 2871 4517 λέγει.
2906 4446 3116 4520 Ὠσπερ
3144 4445 3309 4503 οὐδέν
3339 4450 3500 4504 ἐστιν
3533 4451 3591 4503 ὲν
3623 4446 3795 4502 σκότει
3822 4442 3890 4511 τῷ

2298 4547 2487 4619 λύχνον
2516 4550 2757 4615 ἂπτοντι,
2784 4548 2956 4614 οὕτως
2980 4551 3098 4605 οὐδὲ
3122 4552 3201 4623 τῷ
3230 4553 3364 4623 Θεῷ
3393 4571 3405 4583 ·
3442 4554 3649 4625 μᾶλλον
3678 4551 3752 4614 δὲ,
3777 4548 3827 4601 εί
3846 4562 3893 4596 τι

2301 4648 2481 4713 πλέον,
2512 4650 2699 4723 ὥσπερ
2726 4650 2805 4722 τῷ
2834 4650 2895 4704 τὸ
2922 4650 3035 4721 φῶς
3065 4651 3247 4723 ἕχυντι
3279 4654 3346 4706 ὲν
3377 4654 3710 4727 ὀφθαλμοῖς,
3729 4648 3802 4721 τῷ
3822 4644 3897 4701 ἀεὶ

2299 4749 2647 4822 περιφέροντι
2676 4751 2808 4805 αὐτὸ
2831 4751 2943 4821 φῶς
2971 4752 3000 4791 δ
3033 4753 3166 4806 ἐστι.
3205 4754 3356 4822 Σοὶ,
3403 4758 3441 4809 ό
3472 4754 3621 4820 Θεὸς
3651 4749 3901 4817 πατέρων

2295 4870 2432 4922 μου,
2454 4852 2605 4925 φησὶ,
2628 4852 3116 4922 ἐξομολογοῦμαι,
3136 4854 3236 4907 καί
3258 4853 3445 4920 αἰνῶ,
3465 4855 3566 4910 ὅτι
3582 4852 3804 4923 σοφίαν
3818 4844 3901 4900 καὶ

2300 4955 2556 5009 σύνεσιν
2581 4953 2808 5020 ἔδωκάς
2830 4972 2949 5023 μοι.
2979 4954 3277 5024 Εὐκαίρως
3312 4957 3437 5010 τῶν
3467 4957 3726 5025 πατέρων
3753 4950 3905 5021 ἐμνή-

2304 5055 2403 5127 σθη
2449 5053 2564 5120 νῦν,
2605 5054 2669 5108 δι’
2706 5056 2928 5109 ἐκείνων
2969 5054 3129 5108 αὐτὸν
3170 5054 3527 5129 δυσωπῆσαι
3568 5055 3907 5129 βουλόμενὺςν

2278 5134 2547 5230 ’καθάπερ
2571 5156 2722 5221 εῐτίς
2745 5175 2866 5211 τινα
2900 5156 3052 5231 [ειο]
3083 5158 3338 5231 ἐραστὴν
3378 5161 3625 5232 σφοδρὸν
3650 5159 3757 5212 τῶν
3782 5157 3905 5226 ιρω-

2303 5260 2479 5331 μένων
2506 5261 2887 5330 ἀναμνήσειεν.
2929 5261 3463 5334 Ἐξομολοτοῦμαι
3488 5304 3504 5331 ,
3540 5263 3715 5335 φησὶ,
3748 5261 3911 5326 εὐχαο

2294 5358 2515 5431 ριστῶ,
2563 5359 2661 5415 καὶ
2694 5359 2869 5426 αίνῶ,
2912 5360 3001 5415 ὅτι
3039 5360 3277 5430 σοφίαν
3324 5364 3434 5418 καὶ
3490 5366 3758 5419 σύνεσιν
3790 5358 3914 5413 ἐδω-

2302 5461 2411 5529 κάς
2437 5480 2558 5532 μοι.
2604 5462 2715 5533 Τὴν
2752 5460 3019 5533 προτέραν
3064 5460 3219 5533 φησί.
3278 5464 3406 5519 Kal
3443 5457 3919 5537 rﬁr‘érrdnpwdc

2295 5582 2398 5635 μοι
2443 5562 2481 5618 ἆ
2527 5562 2869 5634 ἠξιώσαμεν
2913 5563 3072 5632 παρά
3129 5562 3277 5620 σοῦ.
3341 5566 3523 5631 Ἴσως
3578 5565 3732 5630 είκὸς
3774 5558 3918 5617 αὐτὸν

2365 5775 2387 5802 ³
2414 5772 2585 5821 Scribe
2606 5769 2850 5823 λαϐοῦσιν.

2363 5833 2389 5874 b
2417 5834 2564 5886 Forte
2588 5834 2819 5897 αὐτόφως.
