4126 6294
327 316 423 373 θυι

327 444 409 489 est
437 434 701 490 sentaitia
736 433 1020 507 impudens
1072 438 1185 493 haec
1222 453 1252 494 a
1295 437 1427 495 facie
1457 438 1633 510 regis?
1669 458 1689 491 ι
1736 440 1895 498 Vides

330 525 629 579 libertatem
650 524 677 577 τ
706 525 856 582 vides
898 527 1300 585 fortitudinem?
1344 531 1409 585 ad
1440 531 1585 587 illum
1615 532 1703 601 qui
1748 533 1895 587 oeci-

325 617 475 673 dendi
501 627 823 688 potestatem
849 618 1075 675 habebat
1091 622 1264 692 qualia
1284 624 1546 693 loquitur?
1569 625 1739 679 Etiam
1759 627 1896 682 alio-

328 724 441 763 rum
483 708 656 765 vicem
685 709 853 766 dolet.
898 711 1011 766 Non
1041 712 1201 769 habet
1246 715 1536 783 rationem,
1566 718 1763 786 inquit,
1793 732 1893 774 nec

321 816 574 866 causam;
614 818 791 874 neque
820 804 958 861 ullus
982 806 1131 861 color
1166 807 1339 863 edicto
1359 808 1563 877 adjacet
1604 825 1617 862 :
1649 811 1893 866 homines

319 896 454 950 enim
484 896 747 965 ejusmodi
809 898 1140 969 impudentes
1184 902 1418 957 solemus
1454 903 1741 972 appellare.
1799 904 1887 959 16.

322 1006 342 1039 ο
384 988 635 1045 lndicavit
676 1000 853 1046 autem
896 993 1155 1049 Ariochus
1173 994 1376 1052 Danieli
1399 995 1634 1050 verbum.
1665 995 1731 1049 Et
1783 997 1884 1051 Dan

318 1083 422 1137 niel
461 1097 712 1154 egressus
756 1093 839 1141 est
865 1104 880 1149 ;
910 1095 964 1140 et
1005 1086 1207 1155 rogavit
1232 1101 1433 1155 regem,
1467 1098 1524 1141 ut
1550 1097 1757 1159 tempus
1785 1089 1887 1144 sibi

316 1176 480 1241 daret,
508 1184 563 1231 et
582 1178 946 1247 conjecturam
972 1179 1162 1233 somnii
1191 1180 1530 1235 annuntiaret
1558 1182 1687 1251 regi.
1723 1199 1743 1233 ι
1774 1183 1883 1236 Ad-

316 1268 504 1323 ni'nre
527 1268 933 1338 permissionem
973 1270 1132 1340 regis.
1160 1270 1350 1339 Aspice
1378 1280 1435 1324 ut
1462 1286 1649 1327 omnes
1690 1272 1884 1342 ubique

317 1358 512 1415 Danieii
535 1358 930 1430 obtemperent.
975 1361 1043 1415 At
1073 1362 1211 1416 unde
1239 1377 1331 1416 rex
1368 1362 1666 1431 suSpicatus
1700 1373 1781 1418 est
1816 1364 1880 1418 il-

316 1450 417 1505 lum
447 1465 570 1506 vera
596 1451 818 1507 dicere?
846 1468 1011 1523 quare
1055 1469 1159 1509 non
1200 1452 1333 1508 dixit
1364 1469 1382 1509 :
1414 1453 1653 1512 Universi
1688 1454 1880 1525 depre-

316 1542 459 1597 hensi
487 1552 613 1597 sunt
638 1558 704 1600 ac
732 1545 981 1612 convicti,
1010 1544 1135 1601 fassi
1167 1554 1290 1602 sunt
1318 1561 1431 1601 rem
1458 1561 1577 1602 esse
1604 1561 1765 1616 supra
1786 1562 1880 1601 na-

316 1641 476 1688 turam
514 1633 837 1702 humanam;
872 1646 928 1693 et
950 1646 1010 1693 tu
1038 1638 1127 1709 qui
1164 1637 1422 1694 barbarus
1446 1654 1505 1695 es
1527 1679 1543 1706 ,
1568 1639 1706 1694 unde
1728 1649 1878 1709 putas

316 1735 367 1778 te
401 1739 553 1795 posse
577 1726 904 1783 incolumem
931 1743 994 1784 ac
1020 1729 1347 1798 superiorem
1386 1729 1651 1786 evadere?
1680 1731 1875 1786 Verum

316 1814 401 1869 ubi
449 1815 587 1870 Deus
624 1831 717 1871 res
758 1816 1032 1888 dispensat
1068 1827 1123 1873 et
1146 1828 1428 1889 praeparat,
1457 1820 1587 1876 nihil
1614 1821 1870 1892 ambigas.

314 1907 547 1977 Alioquin
574 1918 629 1962 et
670 1908 803 1963 citra
851 1910 1147 1979 periculum
1194 1920 1310 1967 erat
1358 1911 1425 1968 ad
1476 1928 1653 1984 regem
1690 1924 1874 1984 postea

313 1998 500 2053 venire.
553 1999 660 2054 Cur
701 2010 880 2056 autem
922 2015 1027 2056 non
1079 2002 1223 2058 illico
1278 2003 1421 2059 Deus
1466 2005 1667 2062 Danieli
1724 2022 1873 2062 som~

314 2090 447 2143 nium
491 2091 783 2155 revelavit?
828 2092 1061 2147 Primum
1103 2094 1314 2165 quidem
1358 2104 1417 2151 ut
1462 2110 1550 2152 res
1595 2098 1872 2155 manifesta

315 2183 489 2246 ﬁeret,
532 2192 586 2235 et
607 2191 665 2235 ut
684 2181 762 2236 illi
804 2182 856 2237 in
896 2198 1083 2255 magna
1120 2187 1437 2243 necessitate
1481 2191 1869 2247 constitueren-

316 2283 409 2326 tur.
456 2272 586 2328 Nam
638 2275 740 2329 etsi
785 2275 1040 2346 propheta
1090 2287 1262 2343 esset,
1310 2288 1546 2336 attamen
1603 2284 1868 2340 somnium

319 2362 600 2432 ignorabat.
650 2365 855 2421 Rursus
904 2368 998 2423 tibi
1041 2384 1099 2423 se
1145 2386 1239 2437 per
1282 2373 1425 2427 viros
1484 2374 1657 2444 justos
1708 2391 1868 2432 escu-

312 2463 405 2519 sat,
440 2455 725 2511 ostendens
758 2458 899 2528 quod
937 2460 982 2514 si
1031 2460 1135 2516 illis
1164 2464 1537 2531 periclitaturis
1576 2468 1707 2523 nihil
1747 2484 1867 2524 con-

309 2548 455 2601 ctssit
484 2548 682 2619 absque
725 2565 882 2619 prece
928 2555 1309 2621 perseveranti,
1341 2557 1506 2611 multo
1554 2560 1730 2616 minus
1772 2562 1865 2618 tibi

308 2639 457 2695 dabit.
505 2641 726 2711 Propter
776 2643 879 2699 hoc
918 2646 1115 2717 ubique
1161 2648 1353 2704 Paulus
1392 2652 1627 2719 postulat
1656 2669 1861 2723 preces,

310 2730 527 2787 Orationi
543 2736 820 2791 insistentes
837 2736 1011 2809 (Rom.
1046 2739 1133 2794 12.
1152 2741 1262 2812 ιε),
1286 2743 1547 2800 scribens.
1574 2745 1689 2802 Non
1719 2748 1860 2803 enim

303 2821 488 2879 sufficit
532 2826 635 2880 vita
685 2842 837 2896 pura,
884 2828 984 2883 nisi
1035 2831 1195 2885 etiam
1243 2832 1384 2888 adsit
1427 2835 1617 2892 oratio.
1667 2838 1860 2907 Aspice

302 2911 485 2970 iterum
504 2917 719 2972 multam
748 2918 891 2974 illius
919 2921 1095 2977 fidem.
1126 2921 1429 2982 Secundum
1459 2939 1728 2986 certamen
1758 2934 1859 2989 hoc

300 3013 416 3057 est:
444 3007 682 3063 etadhue
724 3008 909 3065 Daniel
956 3022 1147 3081 praeest
1183 3030 1247 3069 ac
1279 3020 1545 3088 negotium
1592 3020 1755 3085 ducit.
1803 3034 1859 3080 et

301 3100 504 3164 tempus
522 3098 639 3167 petit
661 3097 736 3173 (a)
765 3109 946 3171 aptum
976 3103 1041 3158 ad
1072 3106 1292 3161 multam
1312 3108 1641 3168 tolerantiam
1695 3125 1857 3186 atque

297 3189 596 3246 orationem.
625 3193 895 3264 Propheta
927 3212 1032 3252 non
1083 3202 1381 3270 postulabat
1409 3206 1584 3260 statim
1639 3209 1853 3265 audiri:

297 3294 386 3334 rex
411 3281 713 3341 beneﬁcium
757 3288 978 3359 largitus
1024 3303 1129 3360 est,
1161 3294 1396 3365 illudque
1444 3299 1858 3357 communicavit

294 3385 405 3426 cum
440 3377 622 3433 amicis
648 3394 714 3434 ac
753 3381 914 3436 sociis
965 3382 1215 3441 Danielis.
1276 3388 1361 3443 l9.
1396 3409 1414 3442 ‹
1451 3391 1600 3447 Tunc
1647 3393 1849 3451 Danieli

289 3467 586 3535 mysterium
607 3471 902 3529 revelatum
929 3483 1011 3529 est
1034 3477 1085 3531 in
1115 3479 1317 3537 visione
1340 3484 1528 3538 noctis.
1560 3484 1628 3540 Et
1670 3487 1850 3544 Daniel

283 3550 548 3612 benedixit
576 3560 741 3616 Deum
771 3564 909 3630 cteli,
963 3567 1052 3623 20.
1093 3584 1156 3624 ac
1199 3570 1333 3626 dixit
1359 3591 1373 3627 :
1398 3574 1477 3629 Sit
1512 3592 1705 3634 nomen
1755 3580 1848 3636 Dei

278 3643 610 3704 benedictum
638 3668 667 3706 a
695 3656 912 3721 sieculo,
941 3666 993 3713 et
1022 3674 1188 3731 usque
1209 3662 1260 3716 in
1282 3667 1555 3735 smculum,
1579 3670 1701 3739 quia
1733 3671 1851 3741 ejus

275 3746 358 3789 est
373 3739 629 3808 sapientia
646 3752 702 3798 et
730 3744 1073 3819 intelligentia
1097 3760 1152 3807 et
1188 3751 1461 3813 fortitudo.
1497 3758 1588 3814 si.
1628 3761 1696 3817 Et
1733 3739 1847 3833 ipse

271 3836 444 3883 mutat
469 3838 704 3902 tempora
749 3847 804 3891 et
822 3847 1025 3908 mtates,
1055 3844 1328 3901 constituit
1352 3864 1505 3918 reges
1550 3866 1615 3907 ac
1651 3856 1843 3923 aufert,

266 3921 404 3977 dans
427 3926 742 3995 sapientiam
773 3932 1117 4000 sapientibus,
1148 3944 1200 3991 et
1248 3939 1583 4007 prudentiam
1625 3944 1730 4001 illis
1755 3921 1846 4017 qui

263 4027 459 4085 petunt
487 4020 832 4078 intellectum.
857 4024 947 4079 22.
975 4026 1091 4097 Ipse
1116 4030 1312 4086 revelat
1349 4035 1604 4102 profunda
1645 4046 1699 4093 et
1718 4040 1844 4096 abs-

259 4110 504 4176 condita,
550 4126 878 4181 cognoscens
923 4133 1041 4187 qua:
1094 4119 1146 4174 in
1197 4123 1427 4179 tenebris
1468 4128 1845 4188 exsistuntzet

262 4199 350 4253 lux
378 4216 506 4255 cum
538 4203 653 4273 ipso
679 4215 781 4259 est.
822 4207 912 4262 25.
964 4209 1115 4277 Tibi,
1146 4212 1286 4267 Deus
1332 4226 1538 4285 patrum
1578 4236 1841 4290 meorum,

262 4294 549 4361 conﬁteor,
580 4306 633 4351 te
659 4297 835 4364 laudo,
867 4302 986 4371 quia
1012 4304 1321 4373 sapientiam
1350 4318 1405 4364 et
1442 4311 1839 4384 intelligentiam

262 4385 461 4441 dedisti
484 4387 614 4441 mihi
642 4406 657 4442 :
680 4398 734 4444 et
749 4407 891 4447 nunc
915 4402 1035 4448 nota
1055 4393 1223 4451 fecisti
1249 4397 1375 4453 mihi
1401 4415 1519 4469 quae
1542 4407 1844 4474 rogavimus

270 4489 334 4534 te.
371 4499 394 4532 ι
444 4479 693 4536 Nondum
737 4484 1015 4542 manifeste
1066 4487 1167 4557 ipsi
1212 4492 1503 4549 revelatum
1556 4508 1688 4564 erat,
1748 4501 1841 4555 sed

269 4571 439 4625 adhuc
493 4573 546 4627 in
575 4574 778 4631 visione
808 4592 823 4631 :
853 4592 975 4632 nam
1004 4592 1391 4648 prmexercetur
1408 4588 1682 4656 prapbeta.
1712 4591 1843 4649 Vide

271 4676 443 4721 autem
483 4666 625 4722 illius
652 4666 923 4735 ﬁduciam,
974 4671 1220 4739 Quianam
1266 4686 1340 4730 est
1364 4681 1627 4745 sententia,
1650 4683 1838 4754 inquit,

272 4759 529 4829 inpudens
566 4762 715 4817 liae?
743 4763 869 4819 Mihi
916 4766 1126 4835 quidem
1169 4768 1381 4824 videtur
1412 4772 1570 4827 etiam
1614 4785 1735 4830 ante
1762 4790 1843 4831 so-

276 4855 465 4909 mnium
486 4854 757 4911 inventum
779 4871 808 4910 a
831 4857 977 4913 crede
990 4858 1291 4917 cohibuisse
1311 4863 1620 4933 magistrum
1645 4882 1843 4938 coquo-

277 4959 407 5010 rum,
430 4954 535 4999 tum
564 4947 855 5017 inemptum
878 4950 1195 5018 accusando,
1216 4961 1326 5008 tum
1353 4954 1649 5023 pollicendo
1673 4972 1733 5013 se
1758 4975 1842 5014 re-

278 5047 534 5105 perturum
559 5037 876 5095 calamitatis
901 5041 1241 5098 solutionem.
1263 5043 1373 5100 Cur
1398 5060 1526 5116 ergo
1546 5048 1837 5103 revelatum

278 5136 352 5180 est
400 5127 633 5184 Danieli?
660 5129 797 5198 Quia
824 5131 968 5187 enim
1008 5144 1094 5189 est
1127 5135 1287 5190 etiam
1324 5135 1461 5192 inter
1515 5139 1660 5193 viros
1710 5151 1837 5194 san:

277 5229 384 5274 stos
433 5224 765 5291 excellentia,
808 5226 931 5281 ideo
985 5227 1172 5284 Daniel
1244 5229 1545 5300 praefertur.
1580 5232 1648 5287 Et
1705 5248 1840 5303 quo-

277 5313 424 5367 modo
440 5316 603 5371 vidit?
623 5316 691 5371 lu
718 5318 929 5386 visione,
977 5318 1174 5389 inquit;
1198 5335 1303 5375 non
1329 5322 1617 5377 secundum
1647 5323 1832 5377 huma-

276 5411 734 5479 namsapientiam.
782 5410 851 5466 Et
902 5412 1125 5482 pulchre
1177 5413 1231 5469 id
1275 5425 1428 5470 vocat
1482 5418 1791 5489 mysterium
1818 5460 1833 5484 ,

325 5605 395 5669 (a)
426 5609 687 5662 Prudenter
724 5609 1097 5678 Chrysostouius
1129 5621 1182 5665 et
1217 5614 1548 5667 Theodoretus
1579 5619 1628 5666 tn
1668 5628 1727 5666 ea
1750 5629 1833 5678 re,

271 5680 404 5777 nam
416 5683 547 5722 sacer
572 5681 839 5723 mntextus
851 5676 1068 5730 reticuit.
1087 5680 1335 5740 negotium
1354 5679 1538 5729 habere
1554 5676 1833 5751 noluerunt.

343 5736 567 5777 Mt:
582 5745 784 5777 ιεπιιιιι
802 5734 989 5777 deﬁnit-
1010 5749 1153 5777 unam
1171 5746 1277 5777 nne!
1286 5753 1363 5777 pm
1378 5753 1390 5777 ξ
1416 5740 1733 5777 Tm-mllmmm
1756 5750 1833 5777 tn-

343 5736 567 5797 Iosephus
802 5734 991 5793 deﬁnit.
1002 5734 1390 5801 uuam'noctem;
1416 5740 1733 5792 Tertullinus
1756 5743 1835 5792 tri-

269 5799 406 5844 duum
442 5796 651 5860 Josepho
672 5796 845 5849 malim
867 5799 1125 5854 accedere.

1687 321 1755 378 ΙΝ
1795 323 2153 381 ΒΑΝΙΕΙΕΜ.

3473 350 3578 408 209»

2001 444 2142 513 quod
2208 446 2277 502 ab
2313 448 2560 505 omnibus
2615 453 2972 523 ignorabatur.
3015 460 3081 516 Et
3126 462 3373 520 benedixit
3415 466 3576 522 Deum

1996 535 2126 588 eniti.
2199 535 2629 609 Omnipotentem
2700 545 2945 618 intelligit
2991 569 3006 604 :
3053 553 3104 608 id
3156 565 3271 620 est.
3313 573 3433 613 eum
3484 563 3572 629 qui

1995 625 2156 680 etiam
2179 628 2305 693 illic,
2356 632 2407 685 in
2438 632 2787 691 barbarormn
2838 641 3088 700 videlicet
3119 648 3355 716 regione.
3387 661 3576 719 potens

1992 725 2127 771 erat.
2180 717 2449 792 Nusquam
2501 726 2843 794 sacrificium,
2897 741 2950 787 et
3002 737 3278 805 templum,
3326 717 3399 795 et?
3436 743 3573 797 alta-

1994 821 2072 869 re,
2096 808 2189 863 sed
2210 812 2319 864 sola
2344 814 2479 869 bona
2502 817 2745 872 voluntas
2773 822 2993 894 aderat;
3028 837 3079 880 et
3122 832 3299 885 omnia
3346 848 3572 905 perage-

1991 896 2200 954 bantur.
2225 902 2457 961 Adverte
2482 922 2602 962 cum
2634 920 2754 978 post
2774 915 3081 981 petitionem
3110 896 3405 989 acceptam,
3463 896 3571 981 non

1991 990 2137 1057 prius
2165 992 2229 1046 ad
2259 995 2432 1049 aulam
2466 1000 2606 1070 regis
2631 1004 2951 1071 cucurrisse,
2994 1024 3150 1076 quam
3182 1011 3422 1069 beneficii
3478 1016 3573 1070 da-

1989 1080 2089 1134 tori
2118 1084 2373 1141 maximas
2394 1089 2587 1159 egisset
2607 1094 2804 1162 gratias
2832 1111 2845 1148 :
2871 1112 2975 1151 non
3004 1099 3142 1154 sicut
3175 1117 3273 1155 nos
3293 1120 3437 1175 saipe
3460 1122 3570 1176 prie

1984 1172 2175 1239 gaudio
2200 1189 2579 1246 prosperorum
2622 1196 2963 1241 successuum
2985 1190 3145 1244 etiam
3192 1172 3384 1263 gratim
3430 1198 3569 1253 refe-

1984 1260 2164 1316 rendae
2192 1264 2575 1325 obliviscimur.
2603 1272 2672 1327 At
2707 1290 2810 1329 non
2841 1277 2911 1331 ita
2944 1278 3044 1335 iste
3078 1297 3091 1334 :
3122 1260 3305 1339 verum
3352 1287 3567 1344 benedi-

1984 1352 2060 1405 xit
2086 1352 2272 1421 Deum,
2292 1367 2345 1411 et
2372 1359 2505 1415 dixit
2528 1381 2541 1417 :
2560 1364 2642 1418 Sit
2663 1382 2842 1422 nomen
2855 1368 2950 1425 Dei
2974 1371 3285 1431 benedictum
3306 1396 3337 1432 a
3356 1383 3558 1448 stendo,

1980 1454 2027 1498 et
2049 1463 2203 1516 usque
2222 1450 2273 1503 in
2295 1454 2554 1509 saeculum.
2586 1456 2695 1513 Nos
2746 1461 3027 1532 siquidem,
3060 1466 3251 1538 inquit,
3294 1480 3561 1543 tempora-

1979 1539 2043 1592 rii
2070 1548 2124 1594 et
2152 1558 2439 1611 paucorum
2457 1564 2719 1607 annorum
2742 1570 2961 1623 sumus;
2990 1575 3094 1616 non
3117 1571 3292 1618 autem
3312 1582 3408 1633 pro
3428 1577 3559 1623 tem-

1979 1643 2110 1697 pore
2154 1633 2253 1690 hoc
2310 1646 2511 1694 tantum
2552 1656 2760 1699 sursum
2806 1647 3064 1706 mittimus
3113 1652 3557 1724 benedictionem,

1982 1721 2076 1775 sed
2104 1738 2201 1792 pro
2227 1726 2476 1784 universo
2502 1739 2743 1803 tempore
2777 1753 2790 1790 :
2820 1753 2925 1792 non
2953 1755 3049 1809 pro
3076 1758 3141 1798 eo
3168 1745 3283 1800 solo
3305 1764 3410 1816 quo
3428 1749 3559 1804 vivi-

1978 1826 2115 1876 mus,
2148 1815 2243 1869 sed
2287 1818 2447 1873 etiam
2486 1836 2583 1890 pro
2625 1824 2727 1879 hoc
2773 1827 3007 1896 quidem,
3034 1840 3088 1886 et
3129 1848 3226 1903 pro
3280 1815 3367 1891 illo
3415 1842 3554 1909 quod

1976 1907 2250 1973 prmteriit,
2282 1918 2335 1963 et
2373 1925 2471 1980 pro
2515 1912 2710 1969 futuro.
2762 1917 2985 1990 Semper
3028 1922 3193 1979 Deum
3242 1907 3556 1986 benedicere

1973 2005 2205 2065 oportet,
2234 2000 2346 2057 sive
2374 2003 2461 2058 ille
2481 2018 2753 2074 appareat,
2782 2012 2893 2065 sive
2920 2029 3022 2068 non
3048 2030 3317 2085 appareat.
3346 2021 3553 2092 Ubique

1972 2090 2113 2143 enim
2146 2090 2283 2146 illius
2305 2095 2632 2162 providentia
2659 2110 2876 2157 extensa
2922 2114 3021 2160 est.
3056 2106 3186 2163 Vide
3208 2118 3264 2163 ut
3306 2127 3400 2181 per
3426 2090 3549 2183 gra-

1972 2178 2162 2234 tiarum
2217 2184 2480 2240 actionem
2531 2191 2775 2245 ostendat
2817 2209 3029 2266 quoque
3078 2198 3191 2253 Deo
3245 2178 3550 2272 competere

1970 2270 2247 2327 scientiam
2263 2277 2611 2333 somniorum.
2634 2281 2767 2349 Quia
2785 2284 2893 2353 ejus
2912 2297 2984 2340 est
3004 2290 3250 2357 sapietuia
3278 2304 3324 2345 et
3364 2270 3549 2350 intelli-
3652 2330 3653 2333 η

1967 2362 2136 2429 gentia
2159 2374 2204 2417 et
2222 2365 2463 2433 fortitudo
2486 2384 2506 2422 :
2533 2369 2634 2427 hoc
2680 2382 2781 2439 est,
2829 2375 3003 2431 omnia
3059 2380 3198 2435 scire
3246 2398 3310 2437 ac
3343 2399 3550 2455 pramo-

1968 2466 2136 2507 scere.
2166 2453 2263 2509 llic
2289 2457 2431 2511 enim
2459 2459 2585 2515 illud
2623 2462 2741 2518 ait:
2773 2466 2915 2535 quod
2964 2469 3167 2526 scilicet
3214 2453 3546 2543 ipsc—omnia

1966 2546 2130 2612 novit,
2165 2556 2219 2602 et
2268 2550 2399 2606 nihil
2430 2553 2654 2624 ignorat.
2705 2557 2840 2625 Quid
2886 2561 3083 2631 igitur?
3132 2564 3255 2621 illud
3304 2573 3547 2625 tantum?

1964 2637 2203 2695 solamne
2232 2639 2392 2697 habet
2416 2648 2846 2714 praescientiam?
2872 2653 2941 2707 Et
2989 2671 3096 2710 non
3139 2657 3292 2725 dixit,
3327 2661 3497 2718 liabet
3528 2682 3542 2717 :

1964 2731 2080 2795 sed,
2114 2729 2287 2801 Ipsius
2334 2745 2428 2803 est,
2461 2739 2716 2797 exhibere
2766 2744 2920 2801 nobis
2949 2748 3135 2805 volens
3190 2767 3253 2806 ea
3300 2757 3543 2811 naturale

1964 2820 2102 2876 illius
2154 2824 2351 2882 bonum
2384 2844 2502 2887 esse
2529 2847 2545 2885 :
2571 2834 2691 2904 quia
2718 2850 2784 2891 ex
2823 2847 3007 2894 natura
3056 2842 3131 2897 illi
3179 2843 3295 2900 hinc
3338 2848 3535 2903 insunt.

1961 2912 2097 2978 Quid
2148 2917 2313 2985 ergo?
2367 2922 2695 2989 prmvidetue
2745 2936 2968 2997 tantum,
3008 2947 3113 2988 non
3153 2945 3330 2992 autem
3378 2940 3539 2995 etiam

1960 3004 2121 3058 facit?
2147 3004 2305 3073 Sane,
2333 3012 2550 3067 etfacit.
2586 3013 2754 3071 Mutat
2772 3028 2940 3076 aetates
2958 3034 3006 3076 et
3024 3034 3268 3096 tempora.
3307 3028 3423 3083 Non
3471 3031 3539 3087 de

1956 3110 2217 3151 annorum
2238 3104 2670 3162 conversionibus
2693 3125 2871 3170 sermo
2899 3124 2999 3181 est,
3033 3118 3124 3171 sed
3141 3119 3207 3174 de
3234 3138 3410 3177 rerum
3452 3125 3534 3179 vi-

1955 3192 2367 3251 cissitudinibus.
2389 3198 2653 3255 Constituit
2667 3221 2826 3275 reges,
2844 3219 2889 3261 et
2905 3212 3087 3281 aufert.
3112 3212 3241 3280 Quia
3262 3214 3541 3285 hujusmo-

1955 3282 2008 3335 di
2055 3287 2407 3343 mutationum
2454 3298 2538 3344 est
2597 3303 2802 3350 auctor.
2853 3297 2935 3352 An
2979 3300 3140 3370 igitur
3187 3302 3287 3359 hoc
3331 3282 3533 3362 tantum

1957 3374 2114 3441 Deus,
2146 3378 2402 3447 praevidet
2454 3396 2647 3455 nempe
2674 3400 2738 3441 ac
2769 3386 2932 3443 facit?
2957 3406 3059 3445 non
3102 3402 3156 3447 et
3197 3396 3340 3451 aliud
3368 3399 3534 3453 maxi-

1952 3483 2095 3523 mum
2144 3480 2411 3541 operatur,
2460 3477 2602 3545 quod
2653 3479 2813 3534 etiam
2846 3496 2966 3536 cum
3015 3484 3135 3539 aliis
3179 3490 3536 3546 communicat

1950 3575 2067 3614 eam
2097 3564 2412 3621 scientiam?
2439 3566 2584 3624 Dans
2608 3571 2906 3640 sapientiam
2949 3579 3254 3646 sapientibus
3280 3596 3301 3633 :
3320 3597 3424 3637 non
3470 3583 3535 3637 iis

1949 3654 2037 3722 qui
2064 3664 2219 3711 antea
2265 3658 2531 3729 sapientes
2556 3675 2730 3730 erant,
2779 3666 2872 3721 sed
2918 3667 2983 3721 iis
3028 3669 3218 3740 quibus
3269 3675 3529 3743 sapientia

1950 3746 2122 3802 datur.
2157 3750 2213 3804 Si
2240 3751 2358 3821 quis
2389 3753 2602 3822 sapiens
2627 3772 2732 3811 non
2762 3759 2829 3814 ab
2853 3759 2943 3814 illo
2987 3763 3301 3833 sapientiam
3344 3767 3526 3835 habet,

1947 3839 2159 3908 sapiens
2183 3857 2289 3897 non
2316 3852 2416 3899 est.
2436 3845 2511 3901 Ne
2532 3847 2849 3905 existimetis
2865 3852 3180 3922 sapientiam
3196 3871 3244 3909 at
3263 3867 3366 3911 tem
3406 3874 3528 3913 esse

1948 3933 2249 3990 Chaldaica:
2278 3937 2529 4008 regionis.
2566 3939 2631 3994 Et
2680 3944 3019 4011 prudentiam,
3054 3946 3248 4018 inquit,
3295 3949 3398 4004 illis
3441 3952 3527 4021 qui

1946 4035 2119 4095 petunt
2151 4028 2477 4084 intellectum.
2513 4032 2716 4089 Deinde
2767 4036 3039 4093 videamus
3080 4055 3147 4093 an
3170 4055 3233 4095 ex
3277 4043 3519 4109 scientia,

1945 4132 2012 4171 an
2040 4132 2103 4173 ex
2131 4129 2319 4176 natura
2347 4121 2551 4178 Danieli
2600 4124 2651 4179 id
2681 4124 2927 4182 adfuerit.
2962 4129 3168 4185 Etenim
3210 4133 3370 4188 etiam
3421 4134 3524 4189 hoc

1945 4210 2074 4265 dicit
2105 4211 2169 4266 τι
2175 4229 2262 4282 pse
2287 4216 2471 4270 revelat
2492 4220 2750 4289 profunda
2775 4230 2821 4274 et
2840 4220 3151 4281 abscondita.
3206 4225 3321 4281 Non
3364 4228 3517 4296 dixit,

1944 4301 2150 4358 Invenit
2176 4324 2188 4359 :
2218 4306 2334 4373 sed,
2367 4308 2571 4363 Revelat
2614 4311 2732 4367 aliis
2756 4328 2873 4382 qua:
2903 4316 3158 4385 profunda
3198 4318 3351 4375 nobis
3392 4331 3523 4375 sunt

1944 4404 1991 4447 et
2016 4396 2329 4463 abscondita,
2361 4416 2481 4469 qua:
2510 4402 2667 4472 longo
2697 4414 2933 4475 tempore
2957 4405 3261 4475 dissociata,
3293 4426 3522 4482 quaeque

1942 4486 2145 4542 occulta
2167 4499 2336 4543 erant.
2366 4490 2682 4561 Cognoscens
2702 4510 2813 4563 qua:
2833 4494 2886 4548 in
2915 4495 3126 4551 tenebris
3163 4501 3446 4554 exsistunt:
3474 4513 3522 4556 et

1944 4577 2032 4631 tua:
2057 4594 2168 4632 cum
2192 4597 2249 4633 eo
2270 4591 2361 4637 est.
2396 4582 2525 4638 Vide
2566 4586 2692 4655 quid
2734 4586 2894 4641 dicat.
2936 4589 3390 4655 Quemadmodum
3447 4595 3523 4649 ait

1945 4669 2105 4725 David
2139 4689 2150 4721 :
2183 4672 2327 4727 Sicut
2366 4676 2579 4730 tenebrat
2598 4678 2726 4748 ejus,
2752 4680 2915 4734 itaet
2950 4680 3121 4735 lumen
3158 4684 3266 4754 ejus
3314 4683 3335 4756 (
3368 4684 3518 4739 Psal.

1946 4761 2064 4816 158.
2114 4761 2200 4834 2).
2254 4764 2667 4835 Magnitudinem
2714 4770 3029 4839 cognitionis
3078 4774 3362 4843 significat,
3419 4791 3515 4833 seu

1942 4854 2062 4921 quia
2088 4854 2212 4910 licet
2247 4856 2469 4911 obscura
2491 4858 2632 4926 sint,
2673 4860 2746 4914 illi
2774 4860 2932 4915 nulla:
2960 4873 3083 4918 sunt
3106 4866 3337 4921 tenebrae
3359 4906 3373 4931 ,
3423 4882 3517 4922 seu

1942 4948 2062 5017 quia
2092 4949 2203 5017 ipse
2233 4964 2417 5004 eorum
2451 4950 2625 5006 lumen
2658 4963 2758 5007 est.
2787 4953 3062 5021 Quomodo
3104 4959 3375 5027 cognoscit
3399 4975 3517 5026 qua:

1943 5039 1996 5094 in
2045 5042 2278 5096 tenebris
2318 5043 2659 5112 sunt?Quasi
2700 5046 2789 5115 qui
2835 5061 3015 5103 secum
3066 5048 3243 5103 lumen
3300 5049 3512 5104 habeat.

1943 5133 2067 5189 Cum
2087 5152 2144 5188 ρο
2169 5149 2237 5191 est
2260 5154 2473 5208 semper.
2504 5140 2741 5195 Humano
2768 5142 2928 5198 modo
2958 5143 3209 5213 loquitur.
3261 5142 3408 5198 Sicut
3438 5145 3517 5198 ni-

1941 5225 2015 5280 hil
2041 5238 2121 5282 est
2148 5230 2486 5285 tenebrosum
2518 5230 2592 5286 illi
2620 5234 2707 5302 qui
2733 5232 3004 5289 lucernam
3032 5250 3309 5290 accensam
3333 5236 3514 5305 habet,

1945 5319 2016 5374 ita
2054 5335 2225 5391 neque
2250 5322 2391 5388 Deo;
2422 5324 2528 5379 im'o
2552 5340 2699 5390 vero,
2726 5327 2904 5397 siquid
2922 5327 3147 5397 amplius
3176 5327 3278 5383 dici
3304 5337 3512 5398 potest:

1940 5430 2131 5485 nempe
2150 5417 2287 5470 sicut
2308 5419 2356 5472 ei
2378 5419 2468 5486 qui
2495 5419 2670 5474 lumen
2694 5419 2853 5474 habet
2871 5420 2921 5474 in
2936 5419 3122 5484 oculis,
3140 5428 3193 5474 et
3209 5421 3256 5474 ei
3276 5422 3363 5490 qui
3383 5421 3511 5477 illud

1940 5522 2151 5579 semper
2166 5509 2489 5570 circumfert.
2509 5509 2619 5580 ipsa
2637 5512 2724 5565 lux
2745 5521 2846 5566 est.
2864 5510 2996 5577 Tibi,
3012 5510 3148 5565 Deus
3165 5522 3363 5581 patrum
3379 5530 3516 5568 meo-

1939 5621 2072 5670 rum,
2102 5604 2288 5674 inquit,
2308 5605 2568 5673 conﬁteor,
2587 5613 2633 5657 te
2648 5604 2951 5671 lauda,quia
2964 5604 3264 5672 sapientiam
3298 5615 3346 5659 et
3365 5608 3514 5661 intel-

1941 5698 2195 5768 ligentiam
2217 5697 2397 5751 dedisti
2426 5697 2566 5750 mihi.
2598 5696 2901 5766 Opportune
2918 5705 3125 5764 patrum
3143 5697 3228 5752 hic
3253 5701 3511 5767 meminit,

1941 5803 2037 5865 per
2063 5790 2183 5847 illos
2212 5790 2380 5846 Deum
2408 5790 2639 5860 ﬂectere,
2664 5804 2725 5845 ac
2763 5788 2921 5846 veluti
2958 5790 3156 5857 pudore
3171 5789 3383 5849 afficere
3418 5810 3509 5849 cu-
