4126 6294
655 315 763 375 203

654 433 809 500 piens
838 448 851 486 :
884 426 1327 501 quemadmodum
1369 429 1414 483 si
1442 428 1558 497 quis
1590 428 1641 482 in
1668 428 1979 482 memoriam
2018 427 2238 497 alicujus

649 523 792 578 acris
804 522 1073 586 amatoris,
1088 534 1298 575 amores
1314 519 1612 574 reduceret.
1628 516 1731 572 Con
1737 518 1897 586 ﬁteor,
1918 517 2101 587 inquit,
2118 532 2239 587 gra.

1365 313 1421 369 S.
1462 312 1740 370 JOANNIS
1775 311 2249 370 CHRYSOSTOMI
2289 313 2607 373 ARCHIEP.
2647 313 3176 374 CONSTANTINOP.
3744 330 3829 390 ποι

2342 429 2460 497 fecit
2496 429 2601 499 regi
2645 422 3131 486 Nabuchodonosori
3168 448 3275 502 qua:
3300 438 3457 505 futura
3479 439 3569 493 sint
3598 441 3647 496 in
3679 444 3835 502 ultimis

2343 520 2662 590 temporibus.
2713 520 2860 588 Vide,
2906 538 3003 593 per
3044 522 3314 593 aenigmata
3350 527 3602 594 edisserit;
3630 541 3679 586 et
3700 542 3836 592 totam

650 613 753 669 tias
767 628 885 685 ago,
902 623 948 668 et
966 610 1137 679 laudo,
1152 611 1269 683 quia
1288 611 1587 679 sapientiam
1602 620 1646 662 et
1663 608 2041 679 intelligentiam
2056 609 2238 663 dedisti
2341 626 2609 667 summam
2636 612 2853 668 visionis
2879 613 2932 668 in
2970 614 3189 670 exordio
3216 618 3607 686 comprehendit,
3634 626 3860 695 regisque,

654 704 798 758 mihi.
840 702 1010 769 Quam
1036 713 1192 756 antea
1229 700 1459 756 habebat
1495 701 1718 755 scilicet.
1748 697 1815 752 Et
1840 716 1972 753 nunc
1997 708 2115 753 nota
2154 704 2233 771 fe-

650 796 761 849 cisti
786 795 909 848 mihi
932 810 1045 865 qua:
1071 794 1354 863 rogauimus
1379 803 1442 847 te.
1489 792 1787 847 Verisimile
1816 792 2023 847 videtur
2044 793 2235 847 Danie-

648 888 755 942 lcm
783 888 941 943 etiam
976 887 1079 941 alia
1105 887 1341 956 petiisse,
1381 885 1515 939 adeo
1552 894 1608 939 ut
1633 884 1993 954 conjecturam
2025 900 2233 955 quoque

648 980 726 1034 illi
750 981 887 1035 Deus
911 979 1175 1034 indicarit.
1200 978 1289 1034 25.
1314 998 1333 1031 α
1362 978 1516 1046 Quia,
1546 997 1565 1030 ›
1603 979 1789 1048 inquit,
1818 997 1837 1030 ε
1866 981 2128 1034 somnium
2148 996 2233 1036 re-

645 1073 728 1143 gis
791 1071 1140 1128 manifestasti
1177 1073 1328 1127 mihi.
1377 1072 1467 1128 24.
1530 1074 1596 1128 Ει
1634 1075 1810 1127 statim
1858 1074 2002 1129 venit
2047 1074 2230 1129 Daniel

646 1165 713 1219 ad
744 1165 1063 1233 Ariochum,
1108 1180 1268 1235 quem
1303 1165 1667 1233 constituerat,
1702 1185 1722 1218 ›
1763 1166 1965 1237 inquit,
2003 1184 2022 1217 ι
2049 1181 2140 1219 rex
2174 1175 2232 1220 ut

650 1258 899 1324 perderet
925 1258 1190 1326 sapientes
1225 1257 1531 1329 Babylonis,
1575 1266 1629 1312 et
1666 1257 1797 1312 dixit
1837 1260 1885 1314 ei
1913 1276 1926 1313 :
1954 1258 2229 1327 Sapientes

645 1348 932 1419 Babylonis
960 1364 1027 1402 ne
1054 1347 1283 1419 perdas;
1316 1347 1561 1404 introduc
1589 1357 1767 1403 autem
1796 1365 1881 1404 me
1917 1349 1967 1403 in
1998 1364 2227 1420 conspe-

646 1450 790 1495 ctum
832 1441 993 1511 regis,
1040 1451 1093 1495 et
1137 1441 1461 1496 annuntiaho
1514 1441 1625 1511 regi
1662 1442 2026 1511 conjecturam
2062 1442 2225 1496 visio-

644 1534 748 1589 nis.
786 1553 806 1587 ›
835 1532 1083 1588 Cucurrit
1108 1533 1172 1588 ad
1194 1549 1336 1601 eum,
1369 1543 1423 1589 et
1443 1534 1547 1588 ait:
1580 1533 1847 1606 Sapientes
1867 1532 2141 1606 Babylonis
2167 1552 2229 1590 ne

646 1627 850 1697 perdas.
898 1626 1153 1694 Quisnam
1187 1626 1255 1683 de
1309 1627 1412 1682 illis
1457 1642 1636 1682 curam
1680 1627 1990 1684 habuisset?
2036 1628 2227 1698 ASpice

647 1718 917 1791 propheta:
948 1718 1329 1772 humanitatem
1373 1731 1437 1773 ae
1476 1719 1958 1774 mansuetudinem.
2004 1719 2109 1775 Sed
2135 1735 2228 1773 au-

643 1808 787 1863 ditus
812 1823 916 1864 non
954 1808 1159 1874 luisset,
1200 1809 1303 1864 nisi
1329 1817 1382 1863 et
1420 1809 1548 1864 illud
1576 1809 1901 1865 addidisset:
1934 1829 1952 1863 ε
1978 1811 2225 1866 introduc

645 1914 753 1967 me,
784 1918 803 1952 ι
838 1900 1026 1970 inquit,
1061 1918 1080 1951 ‹
1106 1909 1161 1955 et
1189 1900 1512 1955 annuntiabo
1538 1901 1649 1972 regi
1675 1902 2037 1972 conjecturam
2066 1904 2226 1958 visio-

644 1990 746 2043 nis.
771 1988 861 2045 25.
890 1990 1038 2046 Tunc
1072 1991 1354 2057 Ariocbus,
1390 2011 1408 2045 ι
1443 1993 1630 2063 inquit,
1666 2011 1685 2045 ι
1714 1993 2003 2049 introduxit
2028 1995 2223 2051 Danie-

644 2083 749 2138 lem
775 2083 826 2137 in
856 2082 1195 2139 festinatione
1224 2084 1277 2138 in
1320 2096 1661 2154 conspectum
1692 2087 1832 2157 regis
1860 2096 1914 2142 et
1940 2086 2109 2142 dixit:
2142 2087 2225 2141 ln-

640 2177 762 2231 veni
783 2176 960 2243 ,virum
989 2176 1056 2231 de
1084 2176 1205 2230 [iliis
1242 2175 1560 2245 captivitatis
1589 2175 1807 2241 Iudaeae,
1841 2177 1928 2247 qui
1952 2178 2222 2247 conjectu-

639 2284 755 2325 ram
784 2269 1116 2326 annuntiabit
1142 2269 1275 2339 regi.
1306 2269 1382 2324 De
1432 2268 1557 2324 ﬁliis
1597 2269 1934 2339 captivitatis,
1957 2288 1977 2323 ι
2029 2269 2218 2341 inquit,

645 2377 669 2413 ι
701 2360 875 2415 inveni
904 2360 1097 2415 virum.
1135 2378 1154 2412 ι
1188 2358 1301 2414 Non
1343 2357 1531 2428 puduit
1557 2360 1788 2430 generis.
1828 2358 1929 2415 Ubi
1972 2360 2112 2415 enim
2140 2362 2221 2415 in-

638 2450 843 2506 cumbit
866 2450 1156 2506 necessitas
1182 2449 1368 2520 major,
1402 2450 1532 2505 nihil
1562 2451 1748 2505 horum
1778 2451 2097 2523 requiritur;
2125 2453 2218 2508 sed

642 2540 827 2607 fastus,
858 2541 948 2612 qui
986 2541 1121 2595 solet
1159 2541 1399 2595 comitari
1439 2540 1861 2612 prOSperitatem,
1897 2552 2037 2598 totus
2074 2558 2221 2600 com-

638 2633 902 2707 primitur.
933 2634 1032 2701 Qui
1063 2634 1203 2689 enim
1230 2641 1470 2705 mgrotat,
1494 2634 1685 2690 medici
1719 2635 2048 2691 nobilitatem
2066 2652 2218 2691 num-

635 2742 791 2797 quam
833 2728 1039 2782 curiose
1066 2726 1323 2796 inquiret;
1364 2733 1419 2779 et
1459 2726 1563 2782 alio
1598 2726 1649 2781 in
1680 2728 1917 2797 periculo
1954 2728 2216 2783 exsistens

636 2817 797 2873 homo
826 2833 931 2872 non
961 2827 1164 2886 sataget
1186 2833 1252 2871 an
1281 2817 1490 2881 nobilis,
1521 2832 1585 2871 an
1614 2833 1741 2873 vero
1760 2817 1827 2874 de
1856 2819 2009 2888 plebe
2029 2821 2098 2876 sit
2124 2821 2214 2877 ille

633 2910 723 2981 qui
737 2924 859 2964 eum
876 2922 901 2960 a
915 2906 1171 2975 periculis
1189 2909 1258 2962 sit
1285 2918 1585 2978 erepturus,
1626 2908 1719 2964 sed
1756 2926 1919 2965 unum
1943 2912 2216 2967 dumtaxat

632 3009 856 3072 qnmret,
888 2998 1138 3053 nimirum
1167 2999 1553 3055 liberationem.
1588 3000 1716 3068 Quis
1750 3016 1857 3056 non
1897 3002 2099 3071 pudore
2129 3002 2211 3057 al"-

632 3091 803 3148 fectus
854 3092 1057 3160 fuisset,
1099 3092 1219 3162 quis
1257 3107 1362 3146 non
1401 3093 1723 3158 erubuisset,
1763 3108 1987 3148 cernens
2025 3108 2213 3149 omnes

634 3184 816 3253 patriae
857 3200 969 3239 sum
1003 3184 1272 3253 sapientes
1314 3183 1566 3249 interﬁci,
1593 3183 1833 3253 captivos
1860 3200 1988 3239 vero
2017 3183 2207 3250 inﬂari,

630 3282 683 3328 et
710 3274 779 3330 de
800 3290 857 3330 se
877 3275 1155 3346 magnifice
1182 3275 1419 3330 sentire?
1455 3274 1819 3346 Nequaquam.
1850 3276 2052 3330 [lorum
2080 3277 2211 3331 nihil

630 3368 744 3438 ipse
770 3369 1020 3439 cogitavit
1051 3385 1064 3422 :
1096 3369 1192 3424 sed
1222 3368 1446 3423 festinus
1472 3376 1527 3423 et
1556 3368 1643 3423 ille
1672 3369 1897 3433 vocavit,
1932 3379 1986 3423 et
2012 3369 2099 3423 hic
2131 3370 2211 3423 in-

629 3460 936 3530 terrogavit,
968 3475 1071 3515 non
1100 3460 1325 3530 amplius
1354 3475 1476 3514 cum
1503 3459 1688 3514 eadem
1718 3461 2038 3530 arrogantia.
2069 3460 2210 3515 Post-

625 3566 786 3620 quam
825 3551 966 3605 enim
1010 3565 1101 3606 rex
1146 3551 1419 3607 convictus
1462 3559 1544 3605 est
1586 3566 1682 3620 per
1707 3551 2115 3619 experientiam,
2152 3567 2210 3607 se

626 3642 881 3697 inutiliter
927 3658 991 3698 ac
1028 3642 1188 3697 stulta
1221 3643 1550 3712 perquirere,
1597 3640 1723 3711 quid
1756 3641 1861 3696 ait?
1904 3642 1993 3697 26.
2028 3641 2091 3695 Et
2125 3660 2207 3696 re-

625 3734 829 3801 spondit
856 3750 945 3787 rex
967 3775 981 3799 ,
1013 3742 1060 3788 et
1093 3735 1222 3787 dixit
1252 3732 1456 3786 Danieli
1474 3775 1488 3797 ,
1532 3734 1678 3802 cujus
1718 3749 1899 3786 nomen
1928 3732 2165 3787 Baltasar
2191 3748 2211 3788 :

627 3824 845 3878 Potesne
886 3825 1009 3877 mihi
1052 3826 1341 3878 renuntiare
1379 3826 1626 3878 sonmium
1653 3825 1786 3895 quod
1822 3825 1942 3886 uidi,
1966 3834 2012 3879 et
2037 3827 2207 3895 conje-

625 3929 822 3971 cturam
850 3918 959 3986 ejus
980 3918 1006 3971 ?
1032 3917 1231 3986 Majorc
1252 3933 1371 3972 cum
1394 3918 1609 3972 lenitate
1630 3917 1861 3973 disserit.
1892 3918 2009 3973 Non
2031 3918 2162 3972 dixit
2188 3935 2202 3949 ·

627 4009 687 4063 Si
714 4024 820 4063 non
848 4008 1101 4077 potueris,
1129 4008 1315 4064 eadem
1341 4025 1460 4079 quae
1489 4010 1577 4063 alii
1623 4010 1858 4079 patieris.
1883 4010 2019 4078 Quid
2050 4012 2209 4081 igitur

629 4099 856 4154 Daniel?
881 4098 971 4153 27.
1007 4115 1026 4151 ι
1060 4099 1130 4153 Εῑ
1150 4100 1424 4168 respondit
1451 4100 1637 4154 Daniel
1663 4116 1843 4156 coram
1874 4116 2018 4173 rege,
2047 4110 2102 4158 et
2127 4102 2208 4157 di-

627 4190 702 4245 xit
729 4208 742 4244 :
772 4189 1101 4263 Mysterium,
1139 4190 1277 4260 quod
1308 4206 1401 4245 rex
1428 4192 1706 4261 perquirit,
1740 4209 1844 4247 non
1879 4203 1963 4249 est
1990 4194 2205 4263 sapien-

626 4291 760 4347 tum,
788 4296 1083 4352 magorum,
1117 4283 1524 4349 incantatorum,
1554 4298 1652 4338 nec
1691 4284 2083 4341 Gazarenorum
2112 4300 2208 4356 po-

628 4381 791 4429 testas
816 4373 1131 4428 annuntiare
1160 4372 1271 4445 regi
1302 4390 1315 4426 :
1341 4372 1431 4429 28.
1461 4372 1555 4427 sed
1582 4383 1663 4427 est
1691 4373 1828 4429 Deus
1865 4375 1915 4428 in
1939 4375 2093 4442 caelo,
2113 4377 2205 4445 qui

625 4465 827 4522 revelat
852 4467 1101 4535 mysteria
1134 4484 1147 4520 :
1179 4476 1232 4520 et
1256 4476 1380 4521 nota
1417 4464 1539 4521 fecit
1567 4466 1678 4537 regi
1700 4466 2206 4522 Nabuchodonosori

628 4574 747 4630 quae
788 4566 1030 4630 oporteat
1079 4560 1191 4614 lleri
1234 4561 1285 4615 in
1321 4562 1623 4616 novissimis
1673 4560 1879 4617 diebus.
1917 4581 1936 4614 ι
1970 4561 2202 4618 Observa

627 4649 958 4723 prudentiam
995 4651 1282 4721 prophetae.
1308 4651 1421 4706 Non
1442 4652 1575 4707 dixit
1606 4654 1805 4717 statim,
1845 4653 2067 4707 Possum
2106 4667 2205 4707 an.

627 4742 872 4796 nuntiare
900 4740 992 4794 tibi
1020 4757 1033 4793 :
1069 4740 1163 4794 sed
1188 4741 1328 4811 quod
1366 4751 1490 4797 ante
1518 4744 1693 4798 omnia
1722 4743 1999 4813 oportebat
2022 4759 2202 4814 regem

622 4832 783 4899 scire,
811 4830 867 4886 id
890 4829 1039 4886 dicit.
1067 4830 1386 4902 Mysterium,
1415 4834 1601 4904 inquit,
1629 4835 1763 4903 quod
1787 4852 1876 4889 rex
1902 4835 2196 4907 interrogat,

616 4923 889 4992 sapientes,
921 4922 1075 4991 magi,
1106 4922 1460 4988 incantatores,
1501 4922 1748 4979 (ἐσπανιηὶ
1778 4935 2025 4994 nequeunt
2063 4927 2200 4979 indi-

618 5028 736 5067 care
762 5013 871 5084 regi
891 5027 911 5066 :
938 5024 1008 5067 est
1037 5012 1174 5065 Deus
1196 5013 1249 5066 in
1278 5014 1400 5067 celo
1424 5015 1511 5083 qui
1546 5016 1731 5069 revelat
1768 5017 2025 5087 mysteria.
2057 5020 2201 5089 Apo-

618 5107 811 5177 logiam
839 5105 963 5161 facit
984 5120 1080 5176 pro
1099 5105 1164 5160 iis
1184 5105 1273 5176 qui
1296 5105 1487 5175 injuste
1513 5108 1671 5161 occisi
1698 5108 1932 5173 fuerant,
1950 5118 2003 5164 et
2021 5120 2199 5166 osten-

618 5197 698 5251 dit
727 5212 832 5252 non
862 5212 921 5252 se
948 5213 1067 5253 esse
1103 5198 1192 5267 qui
1232 5210 1346 5252 rem
1380 5197 1625 5267 explicet.
1678 5199 1793 5255 Non
1836 5201 1974 5267 ideo,
2008 5202 2196 5273 inquit,

620 5287 731 5345 dixi
753 5290 892 5344 istud
915 5304 1193 5361 magorum
1219 5303 1325 5343 non
1352 5302 1493 5355 esse,
1521 5298 1579 5345 ut
1615 5305 1702 5345 me
1729 5291 1899 5360 ipsum
1941 5292 2048 5348 illis
2084 5294 2196 5347 cla-

616 5380 821 5435 riorem
845 5379 1072 5436 facerem
1098 5396 1114 5446 ;
1144 5379 1238 5435 sed
1267 5389 1324 5434 ut
1367 5379 1563 5448 discas,
1607 5381 1751 5451 quod
1790 5398 1960 5453 neque
2000 5398 2098 5454 ego
2142 5383 2197 5439 id

618 5470 912 5525 secundum
942 5470 1224 5525 humanam
1248 5480 1492 5525 naturam
1536 5472 1767 5541 profero.
1799 5472 1862 5525 At
1888 5483 1960 5527 est
1984 5471 2122 5527 Deus
2140 5477 2194 5528 in

616 5563 762 5617 celo.
786 5562 902 5617 Non
930 5564 1035 5619 illic
1061 5564 1226 5619 Deum
1255 5564 1554 5631 concludit;
1582 5565 1675 5620 sed
1696 5574 1963 5636 tamquam
1985 5568 2051 5623 ad
2075 5568 2195 5624 bar-

617 5653 804 5710 barum
830 5656 1042 5711 interim
1063 5657 1316 5727 loquitur,
1340 5673 1569 5729 eumque
1592 5673 1623 5713 ι
1652 5668 1790 5713 terra
1811 5659 2059 5717 abducit:
2087 5677 2192 5717 non

619 5744 754 5800 sicut
780 5745 854 5809 dii
883 5749 1044 5804 vestri
1077 5750 1166 5818 qui
1206 5750 1346 5805 circa
1378 5758 1575 5806 terram
1613 5750 1935 5807 volutantur.
1971 5750 2037 5807 Et
2074 5762 2192 5807 nota

2338 712 2570 758 mentem
2614 714 2839 771 recreat,
2878 703 3005 759 dum
3034 706 3162 760 nihil
3204 722 3373 776 grave,
3410 725 3566 780 neque
3600 704 3859 771 molestum'

2338 792 2547 849 cti'atur.
2583 812 2603 845 ‹
2631 795 2911 850 Somnium
2949 804 3116 864 tuum,
3142 815 3161 849 ι
3189 799 3369 868 inquit,
3405 817 3422 850 ι
3448 809 3499 855 et
3536 801 3740 859 visiones
3772 788 3862 861 αφ’

2340 888 2461 957 pitis
2491 889 2564 943 tui
2591 888 2645 943 in
2666 889 2826 944 cubili
2855 899 2944 944 tuo
2972 908 2987 943 :
3016 889 3119 944 hoc
3144 899 3228 945 est
3256 908 3270 945 :
3296 891 3383 947 29.
3413 892 3732 964 Cogitationes
3757 908 3843 953 tua:

2338 980 2390 1034 in
2417 980 2593 1037 cubile
2632 990 2777 1036 tuum
2820 981 3194 1049 ascenderunt,
3228 983 3347 1053 quid
3373 994 3602 1054 oporteat
3624 986 3726 1042 ﬁeri
3745 999 3846 1057 post

2338 1070 2472 1127 hmc.
2496 1072 2564 1126 Et
2586 1073 2673 1142 qui
2696 1073 2896 1127 revelat
2914 1074 3187 1144 mysteria,
3210 1074 3450 1130 indicavit
3474 1076 3561 1130 tibi
3586 1091 3693 1147 qua:
3712 1093 3847 1147 opor-

2336 1174 2442 1219 teat
2468 1165 2601 1220 ﬁeri.
2643 1184 2664 1218 ι
2696 1165 2775 1220 Ex
2803 1166 2945 1237 vulgi
2973 1167 3224 1236 opinione
3247 1168 3489 1238 loquitur,
3517 1169 3654 1237 quasi
3679 1175 3850 1225 somnia

2334 1273 2494 1329 super
2520 1266 2679 1328 caput
2702 1268 2843 1315 stent
2883 1259 3118 1331 (Homer.
3149 1259 3225 1316 Il.
3264 1259 3327 1313 Β.
3354 1260 3458 1331 20)
3482 1302 3497 1328 ,
3528 1276 3613 1315 seu
3642 1261 3766 1332 quod
3793 1262 3852 1317 ibi

2333 1351 2403 1405 sit
2425 1350 2773 1406 ratiocinandi
2808 1351 2909 1418 vis,
2954 1366 3050 1408 seu
3087 1367 3187 1422 per
3219 1362 3375 1422 caput
3412 1352 3640 1424 designat
3659 1354 3852 1411 oculos:

2331 1450 2392 1498 ut
2414 1442 2572 1509 dicat,
2597 1443 2675 1498 Tn
2702 1443 2973 1513 praebuisti
2999 1459 3234 1499 causam.
3272 1444 3378 1500 Nec
3419 1445 3706 1515 simpliciter
3724 1444 3852 1511 dixit,

2332 1534 2473 1589 Deus
2498 1534 2594 1588 tibi
2636 1532 3015 1600 manifestavit,
3053 1536 3167 1601 sed,
3209 1535 3482 1606 Cogitabas
3504 1535 3624 1606 quid
3658 1535 3857 1593 laturum

2331 1634 2471 1681 esset
2493 1636 2612 1695 post
2635 1626 2769 1680 haec.
2793 1626 2924 1694 Quia
2942 1628 3088 1682 enim
3117 1627 3302 1683 orbem
3330 1636 3578 1683 terrarum
3604 1628 3855 1694 devicerat,

2329 1716 2609 1787 reputabat
2634 1732 2835 1784 secum,
2867 1732 2993 1771 num
3020 1716 3086 1772 ad
3128 1717 3324 1772 liberos
3362 1719 3471 1786 ipse
3500 1733 3704 1788 regnum
3739 1727 3861 1772 esset

2331 1806 2775 1874 transmissurus,
2812 1808 2925 1862 sive
2958 1822 3026 1861 an
3073 1808 3364 1864 moriturus
3399 1817 3553 1863 esset.
3601 1808 3719 1863 Nam
3749 1810 3865 1863 solet

2330 1897 2722 1968 quodammodo
2748 1899 3056 1970 magnitudo
3086 1899 3297 1970 imperii
3319 1901 3475 1955 etiam
3503 1915 3597 1955 nos
3621 1899 3797 1955 ducere
3816 1900 3861 1955 in

2327 1989 2647 2044 oblivionem
2676 1997 2900 2053 naturae,
2928 1999 2983 2045 et
3007 1990 3148 2060 quod
3192 1990 3433 2045 mortalis
3470 2004 3529 2046 ea
3573 1992 3655 2046 sit.
3695 1989 3867 2045 Verisi-

2326 2079 2452 2133 mile
2482 2079 2639 2150 igitur
2664 2088 2748 2135 est
2775 2080 2948 2148 illum,
2979 2096 3098 2139 cum
3126 2081 3401 2137 incidisset
3426 2081 3475 2134 in
3496 2080 3694 2151 pelagus
3718 2090 3766 2136 et
3793 2080 3866 2134 in-

2326 2168 2532 2224 (initam
2560 2170 2952 2228 multitudinem
2978 2170 3188 2227 fortiter
3216 2187 3282 2227 ac
3309 2171 3557 2241 praeclare
3583 2188 3611 2226 a
3639 2187 3692 2227 se
3715 2180 3868 2242 gesto-

2325 2275 2464 2327 rum,
2493 2275 2597 2315 non
2636 2261 2922 2316 admodum
2968 2262 3263 2317 credidisse
3302 2263 3605 2316 moriturum
3647 2276 3754 2316 esse
3794 2275 3865 2315 se.

2324 2351 2468 2406 Idem
2498 2366 2707 2422 quoque
2732 2366 2921 2423 passus
2948 2361 3033 2407 est
3054 2352 3191 2406 alius
3224 2369 3317 2409 rex
3350 2352 3671 2425 (a).ldeoque
3703 2361 3751 2406 et
3769 2349 3863 2420 qui~

2322 2441 2443 2496 dam
2473 2442 2539 2496 ad
2567 2443 2737 2511 ipsum
2764 2443 2975 2498 dicebat
3004 2461 3017 2495 :
3064 2443 3139 2497 Tu
3173 2460 3293 2499 vero
3327 2445 3475 2498 homo
3522 2461 3591 2510 es,
3629 2460 3721 2499 non
3749 2442 3870 2499 Deut

2324 2534 2538 2605 (Ezeclt.
2576 2535 2666 2590 28.
2693 2535 2748 2607 2)
2774 2552 2795 2590 :
2831 2536 2897 2591 ad
2937 2536 3152 2607 Tyrium
3198 2553 3396 2609 nempe
3422 2537 3655 2608 loquens.
3683 2536 3744 2591 Et
3765 2535 3871 2591 vide

2320 2625 2587 2696 quomodo
2635 2626 2834 2697 absque
2879 2628 3094 2683 vulnere
3142 2628 3317 2698 ipsum
3376 2627 3719 2698 reprehendit.
3767 2626 3866 2681 Non

2320 2719 2460 2772 enim
2481 2717 2632 2781 dixit,
2664 2718 2776 2774 Hoc
2801 2720 3098 2790 suspicatus
3126 2736 3190 2789 es
3225 2735 3292 2799 ac
3329 2720 3593 2790 Sperasti:
3620 2720 3726 2785 sed,
3756 2717 3872 2786 Quid

2318 2821 2510 2880 Oportet
2532 2811 2642 2879 ﬁeri
2681 2822 2792 2882 post
2829 2813 2977 2867 hwc?
3000 2816 3103 2868 Ista
3137 2824 3321 2871 mente
3350 2814 3603 2886 agitabas,
3629 2829 3687 2867 ac
3721 2820 3871 2867 tecum

2322 2902 2606 2971 reputabas
2631 2919 2645 2957 :
2677 2903 2928 2973 quidnam
2967 2904 3169 2959 scilicet
3199 2906 3438 2961 futurum
3466 2913 3628 2961 esset.
3659 2901 3722 2958 In
3743 2900 3873 2961 cubili

2319 3005 2422 3050 tuo.
2453 2992 2586 3050 Cum
2615 2996 2789 3050 nullus
2814 3010 2956 3052 esset
2982 2998 3071 3068 qui
3099 2998 3451 3065 obturbaret,
3482 2998 3576 3054 sed
3613 2999 3804 3052 animus
3825 2994 3873 3049 in

2315 3089 2495 3158 quiete
2553 3098 2893 3155 versaretur;
2946 3091 3157 3161 quando
3209 3093 3483 3163 prmcipue
3528 3090 3875 3161 cogitationum

2318 3183 2468 3237 turba
2507 3198 2604 3237 nos
2644 3185 2865 3250 invadit,
2914 3185 3091 3255 quiete
3133 3194 3299 3255 atque
3338 3187 3453 3240 otio
3499 3185 3732 3241 abutens.
3771 3180 3878 3235 ideo

2314 3273 2495 3328 multis
2521 3289 2638 3329 mos
2662 3284 2743 3329 est
2776 3284 2985 3345 tempus
3012 3275 3143 3330 illud
3180 3277 3233 3331 in
3265 3277 3514 3332 oratione.
3544 3286 3875 3331 consumere:

2314 3364 2434 3432 quia
2457 3364 2653 3419 scilich
2682 3374 2805 3419 tunc
2824 3367 3031 3421 animus
3055 3368 3294 3435 otiatur;
3317 3378 3375 3423 et
3403 3382 3651 3437 magnum
3668 3365 3880 3434 capimus

2314 3454 2710 3521 detrimentum,
2736 3458 2779 3510 si
2820 3468 2945 3513 tunc
2981 3459 3184 3513 inerti-.e
3213 3475 3318 3514 nos
3360 3460 3686 3515 dederimus.
3726 3456 3784 3510 Et
3805 3454 3880 3526 qui

2312 3550 2497 3604 revelat
2524 3552 2779 3620 mysteria,
2810 3552 3049 3605 indicavit
3074 3553 3162 3606 tibi
3185 3569 3307 3623 quae
3336 3564 3569 3625 Oporteat
3592 3553 3716 3621 ﬁeri.
3744 3549 3880 3618 ASpi-

2314 3654 2397 3703 ce,
2428 3640 2618 3694 iterum
2641 3640 2753 3708 jam
2795 3641 2889 3697 Dei
2926 3644 3185 3697 meminit.
3212 3642 3330 3700 Nec
3369 3644 3424 3699 id
3469 3642 3766 3714 \tulgariter.
3791 3637 3885 3695 Sed

2314 3732 2423 3785 illic
2455 3732 2669 3801 quidem
2711 3734 2786 3787 ait
2824 3752 2839 3783 :
2878 3751 2897 3784 σ
2927 3734 3026 3801 Qui
3062 3745 3144 3790 est
3192 3737 3245 3790 in
3293 3738 3469 3803 caelo;
3501 3756 3521 3790 ι
3568 3736 3655 3792 hic
3686 3742 3883 3789 autem:

2319 3840 2338 3874 ι
2372 3824 2470 3889 Qui
2508 3824 2708 3879 revelat
2745 3824 3044 3896 mysteria.»
3068 3826 3151 3883 50.
3166 3827 3228 3881 Et
3273 3829 3413 3883 mihi
3457 3836 3635 3882 autem
3682 3840 3781 3880 non
3798 3836 3882 3876 sa-

2315 3914 2529 3983 pientia,
2552 3932 2669 3985 qua:
2688 3916 2746 3970 [it
2771 3917 2823 3971 in
2849 3933 2933 3973 me
2956 3932 3065 3987 prae
3079 3919 3332 3975 omnibus
3358 3921 3682 3986 viventibus,
3706 3926 3886 3988 myste-

2310 4003 2448 4058 rium
2491 4004 2592 4059 hoc
2626 4006 2917 4061 revelatum
2961 4018 3044 4063 est
3084 4026 3097 4063 :
3139 4008 3234 4064 sed
3284 4021 3347 4063 ut
3386 4010 3751 4080 conjecturam
3786 4003 3885 4073 regi

2312 4096 2562 4161 indicem,
2616 4106 2669 4153 et
2712 4106 2770 4153 ut
2814 4108 3104 4169 cognoscas
3139 4100 3502 4171 cogitationes
3544 4099 3717 4157 cordis
3744 4098 3832 4151 tui.
3867 4114 3891 4147 ι

2312 4188 2537 4244 Tantum
2566 4204 2671 4244 non
2692 4189 2874 4245 dicens
2897 4208 2911 4244 :
2934 4189 3093 4261 Origo
3120 4192 3457 4248 inventionis
3483 4208 3592 4247 non
3616 4200 3698 4246 est
3723 4204 3750 4242 a
3773 4202 3851 4241 me
3871 4202 3883 4238 :

2310 4280 2406 4336 sed
2436 4295 2607 4351 neque
2636 4280 2689 4336 in
2727 4296 2793 4336 eo
2821 4282 2935 4350 ipso
2960 4282 3100 4351 quod
3135 4297 3250 4337 rem
3303 4290 3514 4353 praeter
3548 4282 3683 4341 alios
3711 4278 3896 4335 didice-

2311 4372 2432 4438 rim,
2461 4373 2669 4429 caeteris
2715 4373 3079 4444 praeferendus
3117 4388 3254 4431 sum.
3303 4376 3429 4432 Non
3474 4376 3620 4431 enim
3657 4374 3774 4443 quia
3814 4384 3894 4424 me

2309 4466 2605 4534 sapientem
2631 4480 2751 4521 esse
2787 4467 3018 4535 agnovit,
3056 4465 3109 4521 id
3138 4465 3281 4525 Deus
3313 4467 3468 4525 fecit.
3500 4466 3562 4523 Si
3589 4465 3731 4522 enim
3763 4470 3899 4534 post-

2307 4571 2465 4625 quam
2496 4556 2596 4611 ista
2633 4556 2856 4615 dixisset
2887 4556 3091 4623 Daniel,
3132 4556 3306 4627 ipsum
3360 4567 3424 4613 ut
3464 4558 3638 4614 Deum
3673 4550 3899 4609 adoravit

2307 4664 2439 4705 rex:
2465 4648 2589 4719 quid
2615 4650 2658 4704 si
2686 4647 2738 4704 id
2766 4650 3111 4720 proloquutus
3141 4665 3247 4706 non
3286 4650 3521 4710 fuisset?
3556 4649 3668 4708 Sed
3695 4655 3901 4719 propter

2309 4747 2379 4801 te,
2412 4739 2601 4808 inquit.
2641 4738 2721 4794 Tu
2764 4739 2895 4794 mihi
2938 4742 3136 4811 gratias
3178 4740 3384 4800 habere
3425 4757 3541 4797 non
3585 4740 3771 4805 debes,
3811 4734 3906 4792 sed

2306 4844 2404 4899 ego
2427 4828 2518 4885 tibi
2548 4847 2561 4883 :
2588 4838 2645 4886 ut
2673 4830 2815 4884 enim
2842 4840 2897 4886 tu
2920 4830 3264 4902 intelligeres,
3291 4847 3401 4903 ego
3430 4832 3626 4889 didici.
3652 4830 3825 4887 Cerne
3852 4834 3908 4881 ut

2305 4920 2450 4975 illum
2489 4920 2735 4977 conciliet
2779 4920 2912 4987 Deo,
2951 4932 3007 4977 et
3043 4931 3100 4978 ut
3139 4921 3381 4979 futurum
3412 4924 3565 4979 circa
3595 4936 3720 4978 eum
3749 4919 3908 4974 mira-

2303 5013 2501 5079 culum,
2563 5015 2691 5069 item
2736 5028 2978 5071 amorem
3026 5014 3403 5072 vehementem
3448 5029 3584 5086 erga
3622 5026 3781 5078 eum,
3819 5022 3911 5080 per

2306 5106 2736 5176 anticipationem
2784 5108 2893 5162 Deo
2924 5107 3180 5179 assignet.
3228 5107 3327 5175 Qui
3353 5109 3515 5164 enim
3561 5106 3789 5163 edoctus
3813 5110 3912 5165 εει.

2305 5198 2445 5267 quod
2479 5197 2619 5253 Dens
2641 5198 2692 5253 in
2720 5196 2978 5255 honorem
3004 5199 3167 5268 ipsius
3195 5200 3245 5255 id
3275 5200 3410 5268 egit,
3445 5196 3814 5269 proculdubio
3840 5191 3916 5248 illi

2301 5287 2613 5343 conciliatus
2635 5296 2736 5344 est.
2756 5287 2832 5362 Te
2852 5289 3043 5359 magis,
3062 5289 3251 5359 inquit,
3276 5288 3605 5356 honoravit,
3626 5302 3791 5357 quam
3812 5297 3914 5338 me.

2305 5377 2469 5434 Vides
2503 5394 2661 5450 etiam
2708 5379 3019 5439 ambitiosus
3054 5396 3169 5441 non
3197 5381 3270 5436 sit
3302 5380 3559 5451 juvenis,
3600 5388 3770 5451 utque
3813 5388 3918 5433 non

2365 5578 2751 5650 (att-homins.
2767 5579 3007 5650 ιιξιηίειιεηι
3023 5578 3272 5650 ,ωθωοπίε
3309 5575 3517 5650 μυρίων
3557 5576 3924 5650 ahenae-ess

2300 5639 2387 5701 qui
2408 5639 2467 5689 ad
2490 5648 2604 5690 Dan.
2630 5640 2678 5701 2,
2693 5639 2771 5699 46,
2787 5640 3291 5690 Μιιυὼοόοηοεοτθω
3307 5640 3721 5701 interpretatur.
3739 5640 3927 5701 Rectius

2294 5696 2357 5765 ad
2378 5702 2549 5765 Ezech.
2574 5701 2651 5761 28,
2665 5696 2725 5759 ’2,
2745 5696 3011 5765 principem
3033 5703 3137 5765 Tyri
3161 5701 3404 5765 agnoscit.
3426 5696 3787 5755 Memor
3800 5696 3925 5761 apud

2301 5762 2567 5828 Origenem
2592 5765 2674 5814 lib.
2693 5765 2723 5813 4
2745 5762 2809 5812 de
2833 5762 3093 5826 Principiis,
3110 5762 3214 5826 cap:
3240 5763 3287 5812 2.
