4054 6320
224 404 311 460 ιοδ

224 521 299 575 καὶ
344 518 481 573 ἄλλα
540 517 797 581 ἀξιῶσαι,
845 516 986 571 ὥστε
1036 516 1127 570 καὶ
1160 517 1255 587 τὴν
1313 516 1595 588 σύγκρισιν
1632 516 1779 587 αὐτῷ

222 606 485 677 γνωρίσαι.
548 607 668 658 Ὀτι
716 606 780 659 τὸ
833 605 1020 674 ὅραμα
1074 604 1179 658 τοῦ
1221 604 1565 671 βασιλέως,
1613 605 1781 675 φησὶ,

222 695 533 767 ἐγνώρισάς
571 714 696 766 μοι.
756 694 868 749 Kal
894 697 1112 761 εὐθέως
1165 691 1312 765 ἦλθε
1367 694 1591 763 Δανιὴλ
1637 694 1785 762 πρὸς

232 781 437 850 Ἄριὼχ,
464 781 539 835 ὃν
573 780 927 849 κατέστησε,
973 783 1126 853 φησὶ,
1169 785 1202 836 ό
1230 782 1529 848 ,βασιλεὺς
1566 781 1784 836 ἀπολέ-

223 885 311 922 σαι
352 869 497 934 τσὺς
541 869 773 937 σοφοὺς
812 868 1188 934 Βαϐυλῶνος,
1242 869 1341 922 καὶ
1385 864 1555 922 εἶπεν
1586 867 1745 933 αὐτῷ
1766 884 1780 899 ·

226 956 354 1021 Τοὺς
385 956 616 1025 σοφοὺς
638 956 992 1021 Βαϐυλῶνος
1014 954 1101 1023 μὴ
1134 955 1442 1023 ἀπολέσῃς
1466 971 1479 985 ο
1508 955 1784 1025 εἰσάγαγε

222 1046 277 1100 δέ
299 1063 375 1115 με
419 1044 678 1099 ἐνώπιον
704 1046 811 1101 τοῦ
838 1044 1162 1112 βασιλέως,
1202 1044 1300 1099 καὶ
1349 1042 1664 1116 ἀπαγγελῶ
1704 1042 1784 1109 τῷ

220 1133 456 1199 ,ϐασιλεῖ
488 1134 606 1201 τὴν
649 1134 971 1203 σύγκρισιν
1004 1133 1110 1187 τοῦ
1160 1133 1473 1202 ὁράματος.
1539 1132 1781 1203 Ἔδραμε

222 1224 344 1294 πρὸς
366 1222 533 1276 αὐτὸν
557 1222 652 1274 καί
675 1238 807 1291 φησι
832 1239 846 1251 ο
883 1220 1029 1286 Τοὺς
1050 1221 1284 1291 σοφοὺς
1305 1220 1662 1286 Βαϐυλῶνος
1694 1220 1780 1290 μὴ

223 1311 541 1380 ἀπολέσῃς.
594 1311 692 1373 Τίς
739 1310 805 1364 ἂν
849 1311 1164 1381 ἐφρόντισεν
1216 1310 1482 1376 ἐκείνων;
1540 1310 1683 1382 Ὅρα
1722 1312 1783 1364 τὸ

223 1400 587 1470 φιλάνθρωπον
621 1400 717 1453 καὶ
738 1400 941 1469 ἥμερον
972 1396 1065 1451 τοῦ
1088 1400 1385 1469 προφήτου.
1428 1398 1565 1451 Ἀλλ’
1587 1398 1685 1452 οὐκ
1716 1399 1782 1453 ἂν

223 1488 471 1560 ἠκούσθη,
498 1489 548 1541 εἰ
578 1487 651 1559 μὴ
692 1490 910 1541 κάκεῖνο
940 1486 1275 1558 προσέθηκεν
1296 1504 1310 1517 ’
1356 1485 1653 1557 Εὶσὰγαγέ
1682 1504 1779 1556 με,

224 1581 361 1651 φησὶ,
393 1578 499 1632 καὶ
537 1576 858 1647 ἀπαγγελῶ
902 1576 982 1642 τῷ
1006 1577 1259 1640 ,βασιλεῖ
1298 1576 1414 1643 τὴν
1461 1578 1785 1645 σύγκρισιν

223 1671 310 1723 τοῦ
333 1669 653 1737 ὁράματος.
694 1668 830 1721 Τότε
868 1666 1095 1735 Ἀριὼχ,
1135 1666 1321 1737 φησὶν,
1366 1665 1645 1735 εἰσήγαγε
1677 1665 1784 1720 τὸν

225 1758 435 1825 Δανιὴλ
481 1758 550 1810 ὲν
600 1756 843 1824 σπουδῇ
888 1756 1146 1810 ἐνώπιον
1178 1757 1286 1809 τοῦ
1322 1756 1649 1820 βασιλέως,
1686 1755 1785 1809 καὶ

221 1848 369 1900 εἷπεν
423 1844 626 1910 αὐτῷ·
682 1845 921 1913 Εὕρηκα
970 1844 1159 1912 ἄνδρα
1208 1844 1276 1897 ἐκ
1326 1843 1444 1896 τῶν
1481 1842 1629 1899 υἱῶν
1676 1842 1786 1910 τῆς

224 1935 620 2003 αἰχμαλωσίας
648 1933 760 2001 τῆς
808 1933 1110 1999 Ἰουδαίας,
1168 1934 1335 1998 ὅστις
1374 1933 1443 1986 τὸ
1488 1934 1786 2002 σύγκριμα

223 2022 534 2091 ἀναγγελεῖ
554 2021 635 2085 τῷ
651 2019 917 2085 βασιλεῖ.
955 2019 1087 2074 Ἀπὸ
1115 2018 1233 2073 τῶν
1260 2019 1406 2073 υἱῶν
1429 2018 1539 2088 τῆς
1571 2022 1784 2089 αἰχμα-

228 2112 477 2177 λωσίας-
508 2108 693 2179 φησὶν,
745 2108 969 2175 εὕρηκα
1005 2106 1212 2175 ἄνδρα.
1268 2108 1382 2162 Οὐκ
1433 2107 1673 2178 ᾐσχύνθη
1726 2107 1788 2161 τὸ

224 2200 376 2268 γένος.
417 2201 593 2253 Ὅταν
631 2197 739 2269 γὰρ
786 2200 997 2267 ἀνάγκη
1035 2197 1305 2252 ἐπίκειται
1353 2197 1575 2266 μείζων,
1636 2198 1787 2251 οὐδὲν

214 2289 404 2342 τούτων
430 2287 702 2357 ζητεῖται,
749 2285 861 2339 ἀλλ’
899 2287 927 2338 6
955 2284 1122 2353 τῦφος
1157 2286 1185 2336 6
1217 2285 1274 2338 ἐν
1314 2287 1433 2348 ταῖς
1468 2285 1786 2355 εὐημερίαις

226 2375 346 2439 ἄτας
380 2374 827 2429 καταστέλλεται.
874 2374 980 2425 Καὶ
1026 2371 1135 2441 γὰρ
1165 2374 1193 2425 6
1217 2371 1388 2424 νοσῶν
1420 2372 1521 2426 οὐκ
1556 2373 1620 2427 ἄν
1657 2389 1784 2427 ποτε

224 2464 300 2516 τοῦ
330 2462 521 2533 ἰατροῦ
552 2462 650 2532 τὴν
678 2460 955 2528 εὐγένειαν
994 2458 1435 2531 περιεργάσαιτο,
1479 2460 1572 2511 καὶ
1613 2458 1785 2523 ἄλλως

226 2552 529 2604 κινδυνεύων
549 2548 646 2604 ἄνθ
656 2564 835 2619 ρωπος
855 2548 952 2600 οὐκ
975 2546 1040 2600 ἂν
1067 2546 1353 2616 πολυπραγ
1362 2547 1492 2616 μονή
1501 2562 1661 2607 σειεν,
1681 2548 1787 2599 εἴτε

223 2638 556 2710 εὐπατρίδης,
585 2638 697 2689 εἴτε
732 2638 761 2689 ὁ
797 2633 974 2704 τυχὼν
1005 2634 1089 2705 εἴη
1119 2635 1147 2686 ὁ
1188 2634 1396 2705 μέλλων
1439 2635 1602 2687 αὐτὸν
1629 2634 1788 2704 ἐξαρ-

223 2728 391 2791 πάζειν
423 2728 538 2778 τῶν
567 2722 847 2785 κινδύνων,
873 2723 987 2776 ἁλλ’
1011 2722 1068 2775 ἓν
1104 2723 1261 2792 μόνον
1285 2722 1455 2792 ζητεῖ,
1490 2722 1586 2793 τὴν
1618 2723 1789 2775 ἀπαλο

218 2814 388 2884 λαγήν.
432 2813 533 2877 Τίς
557 2812 658 2866 ούκ
685 2810 750 2865 ἂν
778 2810 1059 2882 αἰσχυνθῇ,
1101 2811 1186 2874 τίς
1222 2813 1319 2864 οὐκ
1358 2812 1423 2865 ἂν
1468 2811 1785 2882 ὲρυθριάσῃ,

216 2903 342 2971 ὁρῶν
369 2904 499 2965 τοὺς
533 2901 631 2971 μὲν
668 2902 727 2954 ὲν
759 2903 825 2971 τῇ
854 2900 1067 2968 πατρίδι
1104 2899 1310 2963 πάντας
1342 2899 1783 2969 ἀναιρουμένους,

213 2991 328 3055 τοὺς
346 2992 402 3045 δὲ
440 2989 821 3061 αἰχμαλώτους
850 2989 1220 3059 φυσωμένους,
1248 2989 1341 3041 καὶ
1368 2989 1507 3059 μέγα
1529 2990 1787 3061 φρονοῦν-

210 3094 340 3142 ing;
376 3080 535 3132 Ούᾶν
571 3078 797 3139 τούτων,
842 3077 993 3131 οὐδὲν
1042 3076 1207 3139 αὐτὸς
1245 3076 1544 3147 ἐνενόησεν,
1587 3076 1699 3129 ἀλλ’
1728 3079 1786 3131 ἐν

212 3166 411 3237 σπουδῇ
479 3167 728 3228 κάκεῖνος
774 3163 1029 3228 ἐκάλεσε,
1091 3164 1186 3217 καὶ
1258 3157 1413 3226 οὗτος
1482 3163 1783 3233 ἠρώτησεν,

207 3252 383 3307 οὐκέτι
417 3254 558 3323 μετὰ
588 3254 687 3322 τῆς
719 3253 888 3321 αὐτῆς
914 3250 1184 3312 ἀπονοίας.
1234 3250 1450 3321 Ἐπειδὴ
1482 3251 1592 3322 γὰρ
1625 3252 1787 3321 ἠλέγ-

208 3341 302 3412 χθη
328 3342 411 3396 διὰ
448 3342 552 3413 τῆς
578 3342 775 3413 πείρας
812 3339 1013 3410 ἀνόητα
1046 3339 1125 3410 [Γ.
1156 3338 1424 3410 ἀνόνητα]
1472 3341 1501 3393 6
1534 3339 1785 3409 βασιλεὺς

206 3430 490 3498 ἐπιζητῶν,
522 3430 575 3483 τί
608 3444 768 3499 φησι;
802 3428 913 3481 Kal
941 3427 1231 3495 ἀπεκρίθη
1261 3430 1294 3481 d
1322 3427 1644 3495 βασιλεὺς,
1682 3430 1782 3483 καὶ

204 3511 362 3569 εἶπεν
400 3516 487 3583 τῷ
525 3516 774 3582 Δανιὴλ,
820 3510 892 3570 οὗ
948 3514 1016 3568 τὸ
1078 3515 1265 3583 ὄνομα
1318 3517 1666 3586 Βαλτάσαρ·
1714 3520 1784 3571 El

200 3601 452 3657 δύνασαί
507 3620 611 3673 μοι
658 3600 1003 3671 ἀναγγεῖλαι
1050 3600 1115 3654 τὸ
1156 3602 1462 3667 ἐνύπνιον,
1512 3604 1545 3658 ὃ
1594 3601 1777 3669 εἶδον,

201 3691 291 3742 ml
336 3690 456 3759 τὴν
517 3692 842 3760 σύγκρισιν
890 3689 1118 3755 αὐτοῦ;
1180 3690 1334 3745 Μετὰ
1383 3691 1627 3758 πλείονος
1682 3694 1782 3765 τῆς

198 3779 494 3843 ἐπιεικείας
517 3779 846 3846 διαλέγεται.
877 3778 991 3831 Οὐκ
1018 3773 1189 3832 εἶπεν·
1214 3780 1313 3833 Ἂν
1343 3780 1418 3850 μὴ
1434 3781 1685 3853 δυνηθῇς,
1712 3785 1781 3839 τὰ

199 3866 325 3919 αὐτὰ
349 3869 551 3938 πείσῃ.
582 3866 649 3918 Τί
675 3862 769 3919 οὖν
798 3868 828 3919 6
846 3866 1043 3937 Δανιήλ
1065 3884 1081 3933 ;
1108 3867 1216 3922 Kal
1239 3867 1531 3938 ἀπεκρίθη
1555 3871 1781 3939 Δανιὴλ

193 3951 439 4009 ἐνώπιον
472 3954 590 4009 τοῦ
632 3954 957 4019 βασιλέως,
995 3954 1093 4007 καὶ
1120 3952 1249 4008 εἷπε
1270 3971 1283 3985 ·
1322 3956 1391 4009 Τὸ
1421 3958 1776 4027 μυστήριον,

190 4040 222 4092 ὃ
248 4045 279 4095 ὁ
300 4042 621 4107 βασιλεὺς
642 4040 917 4108 ἐπιζητεῖ,
958 4045 1070 4096 οὐκ
1123 4044 1257 4097 ἐστι
1298 4044 1525 4113 σοφῶν,
1550 4047 1776 4118 μάγων,

190 4126 505 4193 ἐπαοιδῶν,
586 4126 943 4197 Γαζαρηνῶν
995 4129 1245 4198 δύναμις
1307 4131 1652 4201 ἀναγγεῖλαι
1701 4133 1780 4200 τῷ

184 4216 456 4277 ,ϐασιλεῖ’
492 4217 653 4272 ἀλλ’.
668 4217 798 4270 ἐστι
823 4216 968 4282 Θεὸς
990 4216 1059 4269 ἐν
1083 4216 1316 4284 οὐρανῷ
1339 4219 1779 4275 ἀποκαλύπτων

190 4306 512 4373 μυστήρια,
581 4303 687 4357 καὶ
745 4301 1032 4372 ἐγνώρισε
1068 4301 1146 4369 τῷ
1185 4306 1438 4368 βασιλεῖ
1473 4302 1776 4377 Ναϐουχο-

188 4393 434 4464 ὄονὸσορ
465 4396 509 4448 ἅ
536 4393 638 4448 δεῖ
656 4392 932 4461 γενέσθαι
953 4393 1044 4445 ἐπ’
1074 4394 1345 4463 ἐσχάτων
1376 4395 1492 4450 τῶν
1521 4398 1772 4467 ἡμερῶν.

192 4479 319 4551 Ὅρα
363 4483 604 4536 σύνεσιν
663 4480 755 4534 τοῦ
807 4483 1106 4551 προφήτου.
1167 4483 1279 4535 Οὐκ
1336 4478 1487 4538 εἶπεν
1536 4486 1772 4550 εύθέωςυ

189 4565 417 4638 Δύναμαι
485 4566 833 4634 ἀπαγγεῖλαί
877 4585 992 4619 σοι·
1053 4567 1165 4620 ἀλλ’
1212 4569 1239 4623 ὂ
1283 4569 1389 4640 πρὸ
1425 4570 1638 4625 πάντων
1668 4572 1774 4627 ἔδει

194 4655 366 4720 μαθεῖν
422 4657 527 4709 τὸν
567 4655 819 4725 βασιλέα,
873 4653 1030 4708 τοῦτο
1079 4655 1243 4726 λέγει.
1297 4657 1368 4711 Τὸ
1412 4660 1770 4728 μυστήριον,

191 4743 322 4808 φησὶ,
362 4744 398 4799 ὃ
442 4748 482 4800 δ
508 4741 826 4808 βασιλεὺς
872 4742 1154 4811 ἐπερωτᾷ,
1205 4746 1315 4798 οὐκ
1367 4745 1499 4800 ἔστι
1545 4748 1771 4817 σοφῶν,

184 4831 389 4898 μάγων,
419 4828 762 4893 ἐπαοιδῶν,
786 4827 1141 4897 Γαζαρηνῶν
1159 4830 1410 4901 δύναμις
1429 4834 1773 4903 ἀναγγεῖλαι

189 4913 257 4979 τῷ
278 4919 579 4981 βασιλεῖ·
631 4918 766 4971 ἐστι
810 4916 951 4983 Θεὸς
970 4918 1040 4969 ἐν
1067 4917 1295 4985 οὐρανῷ
1334 4920 1774 4977 ἀποκαλύπτων

182 5006 498 5074 μυστήρια.
562 5004 943 5071 ’Δπολογεῖται
987 5004 1125 5075 ὑπὲρ
1179 5004 1288 5058 τῶν
1328 5009 1514 5071 κακῶς
1559 5010 1771 5084 ἀναιρε-

186 5086 390 5156 θέντων,
421 5094 662 5155 δεικνὺς
682 5093 782 5144 οὐκ
808 5092 968 5145 αὐτὸν
985 5091 1113 5145 ὄντα
1136 5092 1226 5145 τὸν
1256 5091 1497 5161 λέγοντα.
1524 5095 1673 5170 [2H]
1696 5099 1769 5151 Ού

180 5174 261 5231 διὰ
284 5180 465 5245 τοῦτο,
493 5181 666 5249 φησὶ,
688 5174 862 5242 εἷπον,
892 5180 973 5232 ὅτι
995 5179 1093 5233 οὐκ
1123 5179 1236 5232 ἔστι
1261 5182 1451 5249 μάγων
1480 5183 1656 5248 τοῦτο,
1685 5186 1771 5240 ἵνα

179 5264 407 5331 ἐμαυτὸν
443 5268 688 5321 ἐκείνων
720 5266 1096 5336 λαμπρότερον
1119 5265 1295 5330 δείξω,
1316 5268 1429 5321 ἀλλ’
1456 5270 1538 5325 ἵνα
1570 5272 1768 5347 μάθῃς,

177 5350 254 5403 ὅτι
278 5353 399 5408 οὐδὲ
438 5353 566 5422 ἐγὼ
599 5353 742 5406 κατά
783 5352 1124 5423 ἀνθρωπίνην
1168 5353 1310 5422 λέγω
1365 5356 1542 5424 φύσιν.
1617 5362 1768 5415 Ἀλλ’

177 5439 303 5493 ἔστι
338 5443 492 5507 Θεὸς
541 5442 624 5494 ἐν
661 5438 912 5508 οὐρανῷ.
953 5441 1067 5494 υύκ
1110 5441 1225 5494 ἐκεῖ
1258 5445 1552 5512 συγκλείων
1583 5450 1765 5514 αὐτὸν,

309 5530 387 5596 ὡς
417 5531 572 5602 πρὸς
618 5529 888 5602 βάρϐαρον
932 5528 1068 5593 τέως
1104 5530 1499 5602 διαλεγόμενος,
1538 5538 1632 5589 καὶ
1669 5543 1769 5609 τῆς

178 5618 275 5686 γῆς
303 5620 582 5687 ἀπάγων,
613 5618 712 5687 οὐχ
739 5615 813 5679 ὡς
838 5616 888 5669 οἰ
917 5615 1168 5687 ὑμέτεροι
1189 5618 1238 5670 οἱ
1268 5620 1396 5690 περὶ¹
1415 5621 1515 5691 γῆν
1551 5626 1769 5694 στρεφά

184 5720 343 5771 μενοι.
379 5708 495 5761 Καὶ
522 5704 822 5775 ἐγνώρισε
853 5703 933 5769 τῷ
968 5704 1215 5767 βασιλεῖ
1239 5708 1767 5781 Ναϐουχοδονόσορ

183 5791 217 5841 ἃ
237 5792 326 5845 δεῖ
351 5792 658 5869 γενέσθαι
688 5789 778 5842 ἐπ’
797 5788 1067 5857 ἐσχάτων
1084 5789 1198 5846 τῶν
1212 5796 1463 5861 χρόνων.
1517 5799 1675 5870 Ὅρα,
1696 5800 1763 5853 δι’

190 5880 521 5953 ιίνιγμάτων
558 5876 738 5944 λέγει,
769 5876 945 5931 καὶτὸ
976 5878 1078 5931 πᾶν
1115 5879 1401 5948 κεφάλαιον
1445 5885 1539 5956 τῆς
1591 5886 1763 5956 ὄψεως

1588 401 1652 456 ΙΝ
1691 396 2055 456 θΔΝιΕιΕΜ.

3356 408 3469 464 9.οι

1890 521 2279 592 περιλαμϐάνει
2310 524 2367 576 ἐν
2396 528 2507 590 τοῖς
2554 530 2879 599 προοιμίοις,
2928 529 3019 582 καὶ
3048 527 3258 599 ἀνίησιν
3299 528 3462 582 αὑτοῦ

1885 608 1985 679 τὴν
2017 608 2275 676 διάνοιαν,
2324 611 2476 667 οὐδὲν
2526 616 2799 687 φορτικὸν,
2836 615 2955 669 οὐδὲ
2997 614 3231 686 ἐπαχθὲς
3263 615 3456 682 λέγων.

1892 698 1959 751 Τὸ
1989 698 2277 754 ἐνύπνιόν
2315 717 2452 768 σου,
2480 704 2633 774 φησὶ,
2660 703 2759 758 καὶ
2783 708 2842 759 αὶ
2874 703 3115 773 ὁράσεις
3141 703 3252 771 τῆς
3283 720 3463 771 κεφα-

1884 784 2003 853 λῆς
2030 801 2147 839 σου
2169 787 2267 841 ἐπὶ
2297 786 2403 857 τῆς
2429 791 2634 859 κοίτης
2680 806 2797 845 σου
2825 809 2838 823 ·
2886 791 3219 856 τουτέστιν,
3247 794 3301 844 ol
3333 791 3459 844 δια-

1883 874 2164 942 λογισμοί
2199 890 2315 929 σου
2342 876 2441 929 ἐπὶ
2477 876 2589 946 τῆς
2629 878 2831 945 κοίτης
2870 894 2985 932 σου
3027 876 3351 943 ἀνέϐησαν,
3401 878 3460 930 τί

1882 960 1980 1014 δεῖ
2015 961 2293 1030 γενέσθαι
2336 964 2487 1032 μετὰ
2526 965 2730 1019 ταῦτα.
2777 965 2886 1019 Kal
2938 967 2971 1019 ὸ
3019 964 3461 1019 ἀποκαλύπτων

1879 1048 2206 1118 μυστήρια,
2239 1050 2524 1119 ἐγνώρισέ
2543 1068 2642 1107 σοι
2662 1051 2701 1106 ἀ
2721 1052 2817 1107 δεῖ
2836 1052 3133 1122 γενέσθαι.
3176 1053 3331 1106 Κατά
3362 1053 3461 1122 τὴν

1883 1134 1993 1187 τῶν
2022 1135 2230 1188 πολλῶν
2265 1136 2521 1191 ὑπόνοιαν
2555 1139 2881 1208 διαλέγεται,
2916 1139 2991 1203 ὡς
3037 1140 3174 1210 ὑπὲρ
3219 1138 3460 1209 κεφαλῆς

1884 1221 1992 1275 τῶν
2023 1223 2246 1295 ὀνείρων
2300 1225 2623 1296 ἱσταμένων,
2664 1227 2697 1298 ἢ
2734 1228 2809 1290 ώς
2851 1229 2969 1281 ἐκεῖ
3010 1226 3102 1280 τοῦ
3151 1225 3461 1295 λογιστικοῦ

1883 1310 2053 1377 ὄντος,
2083 1312 2115 1383 ἢ
2158 1313 2258 1383 τῆς
2284 1314 2546 1387 κεφαλῆς,
2575 1316 2683 1369 τῶν
2714 1315 3026 1386 ὀφθαλμῶν,
3063 1316 3151 1370 ἵνα
3189 1315 3320 1387 εἴπῃ
3342 1331 3355 1345 ’
3383 1314 3456 1367 Σὺ

1884 1397 2156 1469 παρέσχες
2186 1399 2389 1454 αἰτίαν.
2416 1401 2553 1456 Οὐδὲ
2581 1401 2768 1464 ἁπλῶς
2794 1398 2968 1465 εἶπεν,
2997 1403 3079 1455 ὅτι
3122 1403 3179 1455 'O
3197 1401 3328 1464 Θεός
3373 1418 3458 1454 σοι

1884 1485 2101 1556 ἔφηνεν,
2128 1487 2284 1551 ἀλλὰ,
2303 1489 2610 1558 Διελογίζου
2636 1490 2690 1543 τί
2718 1492 2799 1543 δεῖ
2824 1490 3075 1561 γενέσθαι
3104 1490 3240 1561 μετά
3264 1489 3457 1543 ταῦτα.

1898 1572 2111 1645 Ἐπειδὴ
2150 1575 2258 1647 γὰρ
2297 1577 2399 1646 τῆς
2450 1577 2771 1648 οἰκουμένης
2810 1578 3133 1649 ἐκράτησεν,
3187 1578 3461 1645 ἐλογίζετο

1884 1658 1992 1729 ἄρα
2008 1662 2056 1713 εί
2082 1662 2161 1725 εἰς
2185 1664 2392 1726 πάντας
2422 1676 2449 1704 ιι
2477 1663 2638 1727 αὐτὸς
2659 1665 3014 1735 παραπέμψει
3036 1664 3131 1736 τὴν
3159 1664 3457 1734 βασιλείαν,

1885 1749 1917 1818 ἢ
1947 1749 2277 1819 τελευτήσει.
2312 1750 2480 1804 Εῖωθε
2508 1752 2617 1821 γάρ
2652 1767 2768 1814 πως
2796 1752 2857 1805 τὸ
2897 1752 3122 1822 μέγεθος
3160 1753 3256 1821 τῆς
3285 1749 3459 1822 ἀρχῆς

1886 1837 2099 1906 καὶτῆς
2120 1838 2331 1906 φύσεως
2353 1840 2499 1909 ἡμᾶς
2521 1842 2601 1903 εἰς
2624 1839 2791 1909 λήθην
2806 1841 2983 1909 ἄγειν,
3000 1841 3080 1893 ὅτι
3108 1838 3298 1909 θνητός
3318 1840 3456 1891 ἐστι.

1886 1923 2047 1988 Εἰκὸς
2070 1922 2163 1979 οὖν
2206 1926 2366 1980 αὑτὸν
2404 1928 2485 1991 είς
2509 1927 2571 1980 τὸ
2618 1928 2849 1996 πέλαγος
2890 1927 3197 1995 ἐμπεσόντα
3232 1925 3339 1979 τῶν
3366 1928 3458 1979 ιδί-

1887 2012 2047 2067 κείων
2064 2014 2520 2085 κατορθωμάτων,
2546 2017 2621 2086 μὴ
2643 2016 2846 2085 σφόδρα
2862 2014 3133 2069 πιστεύειν
3153 2015 3234 2068 ὅτι
3258 2012 3457 2067 ἀποθα-

1887 2105 2076 2157 νεῖται.
2109 2103 2279 2158 Τοῦτο
2307 2106 2437 2176 γοῦν
2460 2108 2551 2160 καὶ
2568 2107 2751 2177 ἕτερος
2767 2105 2933 2158 ἔπαθε
2955 2102 3222 2174 βασιλεύς.
3249 2102 3337 2156 Διὸ
3366 2100 3457 2155 καί

1886 2209 1969 2255 τις
1999 2191 2151 2260 ἔλεγε
2183 2193 2318 2264 πρὸς
2348 2193 2532 2259 αὐτὸν,
2564 2194 2647 2247 Σὺ
2672 2195 2740 2247 δὲ
2764 2193 3072 2260 ἄνθρωπος
3092 2188 3165 2259 εἶ,
3188 2192 3259 2245 οὐ
3289 2190 3453 2256 Θεὸς,

1888 2280 2022 2351 πρὸς
2043 2279 2132 2333 τὸν
2157 2280 2353 2352 Τύριον
2396 2281 2588 2350 λέγων.
2621 2282 2731 2335 Καὶ
2752 2282 2849 2351 ὅρα
2888 2281 3005 2344 πῶς
3043 2280 3212 2350 χωρὶς
3244 2278 3456 2348 πληγῆς

1888 2367 2047 2420 αὑτὸν
2070 2368 2300 2436 ἐλέγχει.
2330 2369 2404 2420 Ού
2435 2368 2542 2439 γὰρ
2570 2364 2739 2434 εἶπεν,
2766 2370 2846 2422 ὅτι
2870 2368 3042 2421 Τοῦτο
3074 2366 3452 2429 ύπώπτευσας,

1886 2454 2037 2519 ἀλλὰ,
2074 2459 2135 2509 Τί
2158 2456 2253 2510 δεῖ
2279 2455 2554 2527 γενέσθαι
2578 2457 2727 2526 μετὰ
2751 2457 2954 2511 ταῦτα.
2989 2455 3173 2509 Ταῦτα
3223 2456 3455 2517 ἐνενόεις

1888 2546 1979 2598 καὶ
2012 2545 2255 2614 ἐλογίζου
2305 2547 2358 2599 τί
2400 2548 2508 2619 ἄρα
2543 2547 2715 2601 ἔσται.
2768 2546 2897 2599 Ἐπὶ
2934 2544 3043 2613 τῆς
3074 2545 3277 2612 κοίτης
3316 2560 3453 2598 σου.

1890 2631 2016 2684 Ὅτε
2043 2633 2215 2696 οὐδεὶς
2244 2635 2272 2687 ὁ
2297 2634 2663 2705 παρενοχλῶν,
2694 2634 2805 2687 ἀλλ’
2828 2636 2885 2687 ὲν
2909 2632 3109 2703 ἡσυχίᾳ
3130 2629 3196 2702 ἦν
3225 2631 3418 2703 ἡψυχὴ
3435 2645 3453 2662 ⁸

1885 2722 1971 2774 ὅτε
1996 2721 2226 2791 μάλιστα
2248 2723 2355 2776 τῶν
2376 2723 2650 2794 λογισμῶν
2675 2739 2703 2775 ο
2727 2722 2880 2792 δχλος
2905 2724 3034 2793 ἡμῖν
3061 2722 3454 2791 ἐπεισέρχεται,

1885 2810 1949 2877 τῇ
1985 2826 2042 2861 τε
2071 2809 2271 2881 ἡσυχίᾳ
2308 2812 2399 2863 καὶ
2426 2813 2491 2881 τῇ
2527 2810 2695 2882 ἀργίᾳ
2742 2809 3148 2883 ἀποχρώμενος.
3178 2808 3275 2861 Διὰ
3300 2807 3459 2861 τοῦτο

1885 2900 1993 2961 τοῖς
2016 2899 2225 2963 πολλοῖς
2256 2899 2375 2964 ἔθος
2405 2902 2495 2954 τὸν
2523 2901 2711 2972 καιρὸν
2736 2903 2938 2954 ἐκεῖνον
2969 2901 3047 2963 είς
3081 2897 3241 2969 εὐχὴν
3276 2897 3459 2951 ἀναλί-

1886 3002 2057 3053 σκειν,
2080 2986 2181 3040 ἅτε
2215 2988 2307 3040 καὶ
2336 2988 2695 3059 σχολαζούσης
2721 2989 2820 3059 τῆς
2850 2988 3046 3059 ψυχῆς,
3084 2986 3176 3039 καὶ
3220 2983 3462 3055 μεγάλης

1883 3074 2049 3148 οὔσης
2073 3078 2173 3148 τῆς
2202 3075 2407 3148 βλάϐης
2436 3077 2529 3130 ἐὰν
2564 3078 2987 3149 ῥᾳθυμήσωμεν.
3020 3075 3128 3130 Kal
3154 3077 3187 3128 ό
3231 3075 3457 3128 ἀποκα-

1882 3166 2127 3220 λύπτων
2142 3165 2465 3235 μυστήρια,
2504 3166 2788 3236 ἐγνώρισέ
2812 3185 2910 3221 σοι
2955 3166 2993 3219 ἃ
3024 3164 3119 3218 δεῖ
3156 3162 3452 3234 γενέσθαι.

1886 3255 2048 3326 Ὅρα,
2080 3252 2330 3323 δεύτερον
2362 3253 2462 3324 ἤδη
2488 3254 2583 3307 τοῦ
2622 3254 2755 3307 Θεοῦ
2802 3255 3092 3324 μέμνηται,
3139 3252 3232 3305 καὶ
3260 3249 3358 3319 οὐχ
3381 3248 3458 3310 ὡς

1884 3341 2088 3412 ἔτυχεν,
2120 3341 2236 3396 ἀλλ’
2266 3343 2384 3396 ἐκεῖ
2414 3342 2512 3412 μέν
2540 3358 2670 3412 φησι
2689 3357 2702 3370 °
2748 3342 2809 3394 '0
2845 3339 2930 3394 ὢν
2962 3341 3031 3394 ἐν
3068 3337 3149 3404 τῷ
3187 3339 3418 3407 οὐρανῷ
3438 3353 3451 3366 ·

1882 3430 2114 3484 ἐνταῦθα
2142 3429 2218 3497 δὲ,
2261 3430 2314 3482 '0
2345 3429 2789 3484 ἀποκαλύπτων
2821 3428 3143 3498 μυστήρια.
3184 3428 3291 3481 Kal
3325 3429 3457 3497 ἐμοὶ

1882 3517 1950 3570 δὲ
1978 3520 2089 3571 οὐκ
2117 3517 2187 3571 ἐν
2223 3517 2410 3586 σοφίᾳ
2450 3514 2526 3585 τῇ
2552 3516 2706 3584 οὔσῃ
2746 3516 2816 3569 ἐν
2857 3515 2986 3582 ἐμοὶ
3030 3515 3187 3583 παρὰ
3225 3515 3457 3583 πάντας

1880 3605 2021 3670 τοὺς
2050 3605 2267 3671 ζῶντας
2315 3605 2383 3659 τὸ
2429 3604 2768 3674 μυστήριον
2806 3604 2986 3659 τοῦτο
3038 3604 3453 3674 ἀπεκαλύφθη,

1879 3694 2016 3747 ἀλλ’
2042 3693 2248 3747 ἕνεκεν
2278 3693 2385 3747 τοῦ
2421 3694 2535 3761 τὴν
2569 3693 2890 3762 σύγκρισιν
2926 3689 3005 3756 τῷ
3025 3690 3279 3756 βασιλεῖ
3309 3710 3456 3761 γνω-

1870 3782 2063 3849 ρίσαι,
2084 3782 2180 3835 καὶ
2197 3782 2296 3835 ἵνα
2317 3778 2470 3850 γνῷς
2490 3780 2631 3845 τοὺς
2642 3780 3064 3849 διαλογισμοὺς
3083 3780 3192 3847 τῆς
3207 3780 3451 3849 καρδίας

1879 3885 2018 3927 σου.
2048 3870 2346 3939 Μονονουχὶ
2397 3868 2601 3936 λέγων·
2646 3869 2710 3921 Ἥ
2737 3869 2878 3939 ἀρχὴ
2925 3869 3025 3937 τῆς
3068 3869 3336 3941 εὑρέσεως
3386 3871 3447 3922 οὑ

1880 3960 2009 4028 παρ’
2035 3957 2191 4028 ἐμοῦ,
2224 3958 2338 4010 ἀλλ’
2361 3957 2482 4010 οὐδὲ
2508 3955 2639 4010 αὐτὸ
2666 3956 2822 4009 τοῦτο
2864 3957 2993 4027 παρ’
3036 3957 3221 4028 ἐτέρου
3258 3958 3449 4028 μαθεῖν

1878 4046 2039 4100 πλέον
2090 4046 2228 4116 έχων
2262 4047 2291 4086 δ
2328 4045 2435 4099 τῶν
2474 4046 2668 4101 ἄλλων.
2718 4045 2851 4098 Οὐδὲ
2899 4044 3006 4116 γὰρ
3052 4046 3237 4117 ἐπειδὴ
3288 4046 3451 4114 σοφὸν

1877 4131 2036 4200 εἶδεν,
2062 4132 2219 4187 τοῦτο
2247 4133 2520 4202 ἐποίησεν.
2555 4134 2616 4185 Εἰ
2649 4133 2754 4203 γὰρ
2790 4134 2882 4187 καὶ
2919 4131 3122 4187 τούτων
3147 4134 3448 4204 εἰρημένων

1878 4223 2007 4291 παρ’
2058 4220 2243 4285 αὐτοῦ,
2274 4221 2350 4284 ὠς
2380 4220 2512 4273 Θεὸν
2547 4220 2709 4274 αὐτὸν
2737 4219 3140 4291 προσεκύνησε,⁸
3182 4220 3261 4287 τί,
3288 4222 3336 4273 εί
3372 4220 3446 4292 μὴ

1876 4309 2035 4362 τοῦτο
2060 4305 2161 4380 ἦν;
2200 4308 2360 4363 Ἀλλὰ
2382 4309 2470 4362 διὰ
2501 4309 2579 4372 σὲ,
2618 4309 2801 4377 φησίν.
2840 4309 2913 4361 Ού
2949 4307 3012 4360 σύ
3041 4307 3190 4380 [2η]
3227 4325 3316 4379 μοι
3346 4308 3447 4377 χά-

1879 4414 1963 4467 ριν
1990 4396 2132 4467 ἔχειν
2156 4395 2409 4465 ὀφείλεις,
2442 4395 2555 4448 ἀλλ’
2588 4394 2699 4462 ἐγὼ
2732 4395 2845 4449 σοί·
2882 4396 2965 4449 ἵνα
3001 4395 3110 4467 γὰρ
3136 4398 3199 4450 σὺ
3230 4396 3445 4468 μάθῃς,

1876 4482 2079 4553 ἔμαθον
2103 4480 2233 4549 ἐγώ.
2268 4484 2410 4553 Ὅρα
2446 4482 2561 4545 πῶς
2587 4481 2748 4536 αὑτὸν
2771 4484 2961 4537 οίκειοῖ
2990 4483 3126 4555 πρὸς
3168 4485 3258 4539 τὸν
3291 4485 3442 4551 Θεὸν,

1876 4571 1969 4622 καὶ
2008 4570 2069 4622 τὸ
2119 4568 2309 4639 μέλλον
2342 4568 2525 4639 θαῦμα
2573 4570 2702 4641 περὶ
2751 4570 2911 4623 αὐτὸν
2957 4570 3193 4633 ἔσεσθαι,
3249 4574 3345 4627 καὶ
3383 4574 3443 4626 τὸ

1875 4656 2092 4729 φίλτρον
2127 4656 2410 4728 προλαϐὼν
2445 4657 2729 4727 ἀνατίθησι
2761 4659 2838 4729 τῷ
2865 4658 2999 4729 Θεῷ.
3039 4662 3095 4715 '0
3123 4661 3230 4733 γὰρ
3259 4662 3443 4733 μαθὼν

1873 4744 1955 4797 ὅτι
1985 4743 2158 4814 τιμῶν
2190 4744 2351 4797 αὑτὸν
2384 4746 2413 4798 6
2444 4745 2574 4807 Θεὸς
2607 4744 2761 4798 τοῦτο
2811 4747 3080 4818 ἐποίησεν,
3112 4749 3329 4820 εὔδηλον
3360 4753 3440 4805 ὅτι

1873 4830 2118 4902 ᾡκειώθη
2145 4832 2210 4886 ἂν
2240 4832 2407 4902 αὐτῷ.
2453 4832 2520 4884 Σὲ
2565 4832 2760 4902 μᾶλλον
2798 4834 3043 4905 ἐτίμησε,
3071 4837 3221 4906 φησὶ,
3244 4837 3277 4905 ἢ
3318 4838 3436 4909 ἐμέ.

1873 4914 2026 4980 Εἶδες
2049 4918 2166 4981 πῶς
2187 4918 2503 4988 ἀφιλότιμος
2527 4921 2554 4972 6
2573 4920 2710 4984 νέος,
2741 4920 2856 4984 πῶς
2888 4921 2947 4973 ού
2982 4923 3241 4995 πρότερον
3276 4924 3439 4995 ἆπτεο

1870 5022 1958 5059 ται
1985 5003 2092 5057 τῶν
2123 5006 2400 5076 ῥημάτων,
2426 5006 2529 5068 ’έως
2557 5004 2622 5058 ἂν
2651 5006 2931 5081 ἀποστήσῃ
2971 5009 3132 5062 αὐτὸν
3156 5009 3247 5061 τοῦ
3269 5011 3437 5079 μεγάσ

1870 5091 1967 5158 λην
1998 5092 2125 5162 περὶ
2153 5091 2317 5145 αὐτοῦ
2347 5091 2503 5158 δόξαν
2535 5093 2716 5163 ἔχειν;
2759 5094 2883 5158 Πῶς
2914 5091 3005 5148 οὖν
3027 5090 3177 5159 οὗτος
3207 5095 3374 5167 ἐθύρα
3408 5108 3432 5136 ο

1868 5178 2043 5244 δόξαν,
2068 5181 2096 5233 ὀ
2141 5180 2232 5232 καὶ
2268 5178 2547 5249 διδομένην
2599 5180 2767 5252 αὐτὴν
2812 5182 3270 5253 ἁποκρουόμενος;
3327 5184 3435 5237 Καὶ

1869 5266 1967 5318 οὐκ
1995 5263 2164 5328 εἶπεν,
2210 5266 2428 5337 Ἐπειδὴ
2465 5266 2605 5319 σέϐω
2632 5268 2722 5320 τὸν
2749 5268 2900 5332 Θεὸν,
2939 5269 3121 5340 ἐπειδὴ
3152 5269 3434 5340 θεραπεύω

1869 5353 2031 5406 αὐτὸν
2073 5353 2269 5424 μᾶλλον
2322 5353 2431 5407 τῶν
2471 5355 2665 5419 ἄλλων,
2705 5356 3061 5427 ἀπεκαλύφθη
3104 5358 3247 5426 ἐμοὶ,
3298 5357 3433 5421 ἀλλ’,

1880 5440 2048 5510 Ὑπὲρ
2073 5440 2167 5494 τοῦ
2199 5440 2258 5494 σὲ
2285 5441 2474 5511 μαθεῖν
2500 5441 2529 5493 ὃ
2555 5442 2967 5512 χρησιμώτατον
2995 5438 3082 5513 ἦν.
3100 5442 3304 5495 Ἐκεῖνο
3327 5443 3435 5515 γὰρ

1869 5531 1961 5581 καὶ
2008 5527 2083 5598 μὴ
2121 5527 2383 5593 εἰπόντος,
2422 5527 2705 5597 ἠκολούθει
2751 5532 2819 5600 τῇ
2864 5528 3069 5601 διανοίᾳ
3110 5531 3431 5586 ἀκουόντων.

1922 5778 1942 5847 ξ
1965 5780 2043 5847 1:2;
2059 5780 2249 5847 πάντας.
2274 5783 2415 5833 Haud
2436 5785 2584 5836 dubie
2606 5786 2960 5839 emendandum
2991 5790 3174 5847 παῖδας.

1925 5842 1952 5911 ’3
1980 5843 2127 5911 Ροῗέεέ
2143 5846 2253 5911 ποιρῖ
2269 5846 2514 5911 ἑτέρουςη·
2543 5849 2656 5910 ἒχω-

1928 5908 1951 5935 θ
1976 5905 2031 5954 L.
2054 5906 2209 5968 ἐθήρα.
2236 5905 2370 5970 [figo
2388 5910 2535 5957 etiam
2562 5905 2706 5972 ﬁaulo
2725 5916 2837 5961 ante
2860 5910 2943 5961 τοῦ
2965 5915 3187 5977 μεγάλην,
3208 5923 3304 5967 etc.
