4054 6320
598 366 703 422 205

597 484 683 538 Σὺ
728 485 1027 553 ,βασιλεὺς
1079 486 1363 558 ἐθεώρεις,
1413 492 1511 546 καὶ
1571 490 1699 546 ἰδοὺ
1756 490 1931 545 εἰκὼν
1971 490 2100 559 μία,
2137 489 2175 557 ἡ

595 572 773 628 εἰκὼν
829 573 1032 642 ἐκείνη
1081 576 1340 645 μεγάλη,
1387 577 1485 631 καὶ
1534 581 1573 647 ἡ
1644 581 1942 648 πρόσοψις
1987 577 2175 645 αὐτῆς

598 663 939 732 ὑπερρερὴς
984 662 1226 718 ἑστῶσα
1262 665 1376 733 πρὸ
1420 665 1745 734 προσώπου
1794 682 1933 728 σου,
1987 664 2085 718 καὶ
2138 666 2176 732 ἡ

597 749 807 817 ὅρασις
826 751 1015 821 αὐτῆς
1038 753 1275 823 φοϐερά.
1298 755 1491 810 Εὶκὼν
1509 752 1585 825 ἧς
1608 757 1645 824 ἡ
1672 755 1903 825 κεφαλὴ
1918 756 2176 824 χρυσίου

597 840 889 908 καθαροῦ·
949 846 1008 897 αἱ
1053 843 1245 912 χεῖρες
1271 844 1462 914 αὐτῆς
1503 845 1599 899 καὶ
1628 846 1695 899 τό
1726 844 1948 913 στῆθος
1986 846 2085 897 καὶ
2121 847 2176 898 οἱ

590 929 920 996 βραχίονες
943 933 1133 1000 αὐτῆς
1166 933 1449 1001 ἀριγυροῖο
1485 935 1524 1003 ἡ
1550 934 1747 988 κοιλία
1769 933 1960 1002 αὐτῆς
1993 934 2089 986 καὶ
2123 936 2177 988 οἱ

590 1016 774 1084 μηροὶ
799 1019 1052 1087 χαλκοῖο
1095 1024 1154 1073 al
1178 1020 1398 1090 κνῆμαι
1415 1021 1689 1090 σιδηραῖ·
1723 1025 1777 1075 οἱ
1799 1022 1978 1088 πόδες
1994 1021 2177 1092 μέρος

590 1102 707 1173 μέν
751 1122 807 1159 τι
841 1106 1158 1176 σιδηροῦν,
1196 1108 1378 1178 μέρος
1407 1108 1473 1162 δέ
1508 1128 1561 1163 τι
1596 1110 1971 1179 ὀστράκινον.
2034 1110 2177 1182 Ὅρα

596 1192 758 1256 ποίας
801 1192 976 1262 δψεως
1024 1194 1229 1267 ἠξιώθη
1264 1195 1749 1269 Ναϐουχοδονόσορ.
1807 1198 2024 1270 Ἐπειδὴ
2068 1198 2176 1269 γὰρ

597 1279 820 1351 ἔμελλεν
861 1282 942 1344 εἰς
986 1282 1112 1355 ἔθνη
1143 1284 1203 1337 τὸ
1247 1287 1507 1356 κήρυγμα
1547 1285 1891 1350 διαδίδοσθαι,
1938 1304 2177 1358 προανα-

597 1368 851 1439 κρούεται
878 1370 1035 1424 τοῦτο
1059 1372 1265 1426 ἄνωθεν
1310 1371 1410 1443 τὴν
1449 1372 1668 1444 ἐθνικὴν
1699 1374 1994 1445 παράδοσιν
2016 1391 2030 1407 ο
2079 1376 2175 1428 καὶ

596 1458 656 1509 ἐν
682 1456 867 1529 ἐθνικῇ
897 1459 1054 1513 τοῦτο
1077 1461 1288 1532 ὁρᾶται,
1321 1462 1414 1515 τοῦ
1446 1462 1577 1516 ναοῦ
1618 1463 2027 1529 καταλυθέντος,
2067 1464 2174 1518 τῶν

595 1546 834 1617 νομικῶν
867 1549 1245 1620 ἀνῃρημένων.
1287 1549 1433 1622 Πλὴν
1461 1551 1549 1605 διὰ
1572 1551 1853 1622 ηἘϐραίων
1878 1554 2176 1625 ἑρμηνεύὲ-

594 1652 704 1690 ται.
736 1636 799 1688 Εἰ
828 1636 936 1707 γὰρ
962 1637 1149 1700 καίεἰς
1178 1636 1422 1702 ἐθνικοὺς
1444 1638 1634 1709 ἔμελλε
1666 1639 2009 1706 διαδίδοσθαι,
2035 1642 2172 1696 ἀλλὰ

592 1722 684 1776 διά
725 1723 989 1794 Ἑϐραίων
1017 1723 1247 1796 ἀνδρῶν,
1277 1725 1384 1778 τῶν
1408 1726 1737 1782 ἀποστόλων.
1753 1728 1925 1781 Τοῦτο
1956 1729 2049 1783 καὶ
2081 1731 2173 1783 ἐπὶ

592 1811 688 1866 τοῦ
742 1812 1041 1883 Κορνηλίω
1083 1813 1298 1881 γέγονε.
1347 1814 1723 1886 Προλαμϐάνει
1771 1818 1842 1871 τὰ
1882 1817 2030 1890 ἔθνη,
2078 1821 2173 1873 καὶ

592 1901 694 1955 οὒκ
726 1901 1025 1955 ἀκολουθεῖ.
1049 1902 1204 1959 Οὕτω
1233 1903 1328 1958 καὶ
1351 1904 1587 1960 ἐνταῦθα
1619 1907 1719 1978 τὴν
1747 1907 1930 1962 εἰκόνα
1957 1909 2173 1980 πρῶτος

593 1983 733 2045 εἶδεν
765 1989 795 2041 6
821 1989 1306 2065 Ναϐουχοδονόσορ,
1344 1993 1444 2065 τὴν
1479 1993 1539 2048 δὲ
1579 1995 1781 2062 γνῶσιν
1822 1996 2035 2067 πρῶτος
2064 1994 2171 2052 εἶδε

593 2075 807 2147 Δανιήλ.
840 2078 950 2132 Καὶ
966 2079 1032 2132 ἵν’
1057 2081 1205 2151 εἰδῇς
1238 2083 1320 2135 δτι
1361 2082 1458 2135 καὶ
1494 2084 1702 2153 πρῶτοι
1745 2085 1840 2138 καὶ
1867 2085 2082 2158 ὕστεροι
2122 2089 2171 2141 οἰ

605 2164 864 2218 Ἰουδαῖοιο
890 2166 1096 2238 πρῶτοι
1117 2168 1185 2221 τὰ
1216 2168 1395 2236 ἀγαθά
1427 2169 1637 2236 ἔλαϐον,
1656 2170 1791 2224 ἀλλά
1821 2173 1924 2226 οὐκ
1953 2174 2171 2244 ᾔδεισαν

590 2252 728 2321 ὅπερ
756 2251 966 2318 ἔλαϐον,
1007 2255 1092 2310 ἵνα
1126 2255 1237 2309 ἴσον
1261 2256 1504 2327 γένηται.
1549 2257 1704 2310 Οὕτω
1740 2260 1905 2312 κάκεῖ
1939 2260 2045 2330 πρὸ
2076 2261 2168 2314 τοῦ

594 2339 966 2410 βαπτίσματος
1011 2343 1422 2415 κατηξιώθησαν
1480 2345 1818 2415 ιῘνεύματος.
1868 2347 2023 2401 Οὕτω
2074 2349 2170 2403 καὶ

589 2426 685 2479 ἀπὶ
748 2428 997 2499 Ἀϐραάμ
1043 2430 1234 2502 πρώτη
1279 2433 1312 2503 ή
1354 2432 1561 2504 πληθὺς
1601 2432 1785 2506 ἐκείνη
1823 2434 1939 2489 τῶν
1978 2436 2166 2503 ἐθνῶν,

590 2513 793 2587 ὑστέρα
817 2516 874 2569 δὲ
902 2520 934 2587 ή
968 2520 1237 2591 περιτομή
1262 2537 1277 2552 ο
1322 2520 1459 2575 ἀλλά
1485 2521 1575 2575 διὰ
1608 2523 1906 2593 περιτομῆς
1931 2524 1965 2594 ἡ
1996 2540 2172 2594 σωτη-

592 2602 705 2674 ρία.
738 2597 905 2658 Εἶπον
932 2606 1105 2660 ταῦτα
1148 2608 1407 2679 μυριάκις
1460 2611 1510 2663 οἰ
1562 2614 1835 2683 προφῆται
1875 2614 1987 2676 τοῖς
2036 2612 2166 2665 Ἰου-

588 2690 779 2755 δαίοις,
812 2693 908 2747 καὶ
951 2696 1001 2747 εἰ
1047 2693 1122 2767 μὴ
1165 2695 1335 2768 πολλὴ
1366 2696 1498 2768 παρ’
1542 2697 1673 2768 ὑμῖν
1719 2699 1753 2769 ἡ
1806 2699 2021 2765 νωθεία,
2067 2701 2169 2754 κᾶν

588 2778 915 2850 ἐξεκάλυψα,
941 2781 1045 2835 ποῦ
1074 2782 1169 2835 καὶ
1200 2783 1350 2837 πότε.
1397 2784 1613 2857 Ἐπειδὴ
1642 2785 1701 2840 δὲ
1751 2786 1812 2839 06
1858 2789 2165 2857 προσεῖχον,

591 2867 905 2938 μεταϐαίνει
948 2872 1029 2935 εἰς
1065 2870 1132 2925 τά
1173 2870 1298 2941 ἔθνη
1344 2872 1550 2926 λοιπόν.
1615 2873 1926 2938 Ἀκούοντες
1970 2876 2165 2928 ἐκεῖνοι

586 2955 789 3011 τούτων
816 2957 931 3011 τῶν
955 2959 1239 3030 ῥημάτων,
1262 2961 1601 3016 κατέπτυον·
1634 2964 1663 3016 6
1698 2962 1907 3027 ἐθνικὸς
1928 2962 2168 3028 ἀκούσας

587 3047 1013 3117 προσεκύνησεν.
1066 3049 1207 3120 Ὅρα
1238 3050 1331 3103 καὶ
1363 3049 1429 3103 τὰ
1477 3052 1571 3104 ἐπὶ
1603 3051 1839 3123 Χριστοῦ
1877 3052 2168 3107 610167106-

589 3150 747 3204 μενα.
822 3136 884 3190 Ἦ
931 3138 1217 3201 Χανανῖτις
1261 3142 1555 3210 προσκυνεῖ
1572 3158 1591 3171 οι
1641 3133 1783 3193 οὗτοι
1835 3141 1895 3193 οὐ
1952 3141 2165 3195 ποιοῦσι

583 3223 763 3287 τοῦτο,
806 3224 919 3278 ἀλλ’
970 3226 1300 3281 ἐλαύνουσιν.
1354 3228 1509 3280 Οῦτω
1561 3229 1655 3282 καὶ
1696 3229 1926 3282 ἐνταῦθα
1969 3230 2164 3283 ἐκεῖνοι

585 3313 783 3384 ἔδησαν
798 3315 891 3368 τὸν
920 3316 1210 3387 Ἱερεμίαν,
1242 3308 1399 3380 οὗτος
1430 3317 1805 3389 προσεκύνησε
1828 3318 1919 3372 τὸν
1945 3321 2159 3393 Δανιήλ.

588 3401 756 3455 Πάλιν
813 3403 1049 3457 Ἰουδαῖοι
1104 3407 1231 3468 τοὺς
1272 3405 1601 3468 ἀποστόλους
1648 3405 2063 3472 ἀπελαύνουσιν,
2113 3411 2162 3462 οἰ

587 3489 843 3561 Ἕλληνες
901 3490 1169 3559 λέγουσιν,
1218 3492 1299 3545 ὄτι
1355 3494 1420 3546 Ol
1472 3493 1593 3547 θεοὶ
1632 3494 1971 3561 κατέϐησαν
2017 3496 2167 3566 πρὸς

579 3579 758 3649 ἡμᾶς.
808 3581 976 3635 Ὅταν
1024 3582 1132 3654 γάρ
1176 3583 1209 3654 ή
1257 3581 1436 3654 κρίσις
1464 3583 1635 3655 χωρὶς
1664 3582 1872 3648 πάθους
1923 3586 2162 3657 γίνηται,

582 3667 875 3734 ἀδέκαστός
929 3671 1045 3724 ἐστι
1120 3674 1214 3725 καὶ
1269 3670 1508 3743 καθαρά.
1579 3672 1744 3743 Ὁρᾷς
1787 3673 1914 3737 τοὺς
1961 3674 2163 3740 τύπους

582 3755 925 3826 λάμποντας;
956 3758 1044 3810 Ἐν
1071 3758 1351 3813 Βαϐυλῶνι
1370 3759 1438 3813 τά
1467 3759 1596 3832 περὶ
1623 3758 1859 3829 Χριστοῦ
1883 3760 2161 3827 ἀκούεται,
2197 3789 2199 3791 ι

582 3843 677 3896 καὶ
715 3844 989 3916 ἀκροατὴς
1035 3848 1064 3899 6
1111 3845 1385 3919 βάρϐαρος
1412 3847 1641 3916 γίνεται,
1680 3848 1766 3901 ἵνα
1794 3848 1970 3919 μάθῃς
1994 3850 2075 3902 ὅτι
2100 3851 2160 3904 06

585 3928 745 3999 μόνον
771 3931 990 3996 ἐθνικοὶ,
1018 3931 1153 3985 ἀλλά
1186 3935 1280 3986 καὶ
1319 3933 1584 4005 βάρϐαροι
1608 3933 1781 3987 ταῦτα
1820 3935 2160 4003 ἀκούσονται,

544 4008 549 4013 ’
582 4018 770 4091 ὥσπερ
788 4019 871 4091 [21
882 4021 937 4093 5]
953 4022 981 4074 6
1004 4022 1211 4087 Παῦλός
1228 4040 1383 4093 φησιο
1431 4025 1769 4094 Ὀφειλέτης
1794 4025 1911 4094 εἰμί
1930 4028 2163 4096 εὐαγγε-

580 4109 869 4166 λίσασθαι
909 4110 1167 4177 Ἕλλησι
1206 4129 1275 4164 τε
1307 4112 1406 4165 καὶ
1439 4112 1780 4180 βαρϐάροις.
1818 4114 1923 4168 Καὶ
1965 4116 2049 4168 ἵνα
2085 4116 2160 4188 μὴ

581 4196 851 4269 ἀπογνῷς,
882 4196 980 4261 τὰς
1000 4198 1218 4262 ἐλπίδας
1240 4199 1630 4254 ὑποτυποῦται.
1650 4201 1721 4253 Τί
1731 4202 1837 4273 γὰρ
1853 4203 1955 4256 οὑκ
1975 4199 2043 4274 ἦν
2060 4204 2160 4257 κώ-

581 4284 755 4355 λυμα;
798 4285 856 4339 Ὀ
880 4284 1049 4355 τῦφος
1080 4287 1109 4340 6
1139 4285 1435 4357 βασιλικὸς,
1470 4288 1504 4358 ἡ
1534 4287 1694 4356 φύσις
1720 4290 1859 4361 αὐτὴ
1885 4292 1917 4360 ή
1954 4291 2157 4362 βαρϐα-

585 4373 730 4443 ρικὴ,
756 4374 817 4426 16
847 4373 1061 4438 εὐτελές
1099 4374 1192 4427 τοῦ
1228 4374 1475 4444 λέγοντος
1492 4391 1507 4405 ο
1540 4375 1884 4444 αἰχμάλωτος
1906 4378 2014 4448 γὰρ
2041 4374 2110 4449 ἦν
2136 4395 2153 4413 ο

579 4460 613 4530 ὴ
642 4460 823 4527 ἡλικία
846 4477 860 4492 ·
888 4461 1006 4525 νέος
1026 4462 1134 4534 γάρ
1159 4477 1173 4492 ⁸
1201 4462 1263 4515 16
1282 4462 1378 4534 τῆς
1395 4462 1691 4535 θρησκεέας
1715 4462 2011 4535 ἀλλότριον.
2042 4467 2156 4521 Οὐκ

580 4543 981 4613 εἷπεν,Ἔδεισε
1009 4549 1246 4622 προϊδεῖν
1297 4551 1366 4604 τὰ
1400 4550 1489 4614 σά,
1515 4550 1613 4623 τὴν
1655 4550 2030 4621 αἰχμαλωσίαν
2057 4556 2154 4625 τῆς

578 4635 823 4700 πόλεως’
877 4638 1060 4691 ἐκεῖνα
1106 4638 1403 4708 ἠγνόησας,
1455 4638 1550 4692 καὶ
1600 4638 1777 4692 ταῦτα
1835 4639 2148 4710 προλέγειςς

582 4723 760 4793 Ἀπερ
815 4722 1060 4792 λέγουσιν
1105 4726 1154 4778 οἰ
1203 4722 1550 4796 ἀγνώμονες⁸
1606 4726 1714 4779 ἔδει
1780 4726 1870 4780 16v
1920 4728 2152 4799 Χριστὸν

578 4811 878 4882 ἀναστῆσαι
907 4812 1113 4866 ἑαυτόν.
1148 4812 1289 4866 Αὐτὸ
1326 4814 1385 4867 τὸ
1412 4813 1702 4885 λεγόμενον
1733 4815 2024 4881 κατάλυσις
2052 4818 2152 4887 τῆς

579 4898 852 4969 βασιλείας
898 4898 1063 4952 αὑτοῦ
1117 4895 1206 4971 ἦν,
1261 4903 1354 4955 καὶ
1407 4901 1505 4971 τῆς
1560 4903 1884 4974 οἰκουμένης
1936 4904 2152 4977 ἁπάσης

579 4990 875 5043 συντέλεια.
912 4989 1021 5042 Καὶ
1054 4988 1341 5043 ἐπίστευσε
1373 4991 1865 5062 Ναϐουχοδονόσορ.
1921 4989 1997 5044 06
2043 4993 2150 5063 γὰρ

577 5079 663 5143 ἂν,
715 5081 763 5131 εἰ
812 5077 885 5149 μὴ
936 5078 1273 5142 ἐπίστευσεν,
1309 5079 1467 5132 ἔθυσε
1505 5079 1582 5150 τῷ
1634 5079 1849 5151 Δανιὴλ.
1900 5081 2149 5135 Πιστεύει

574 5165 1060 5238 Ναϐουχοδονόσορ,
1086 5166 1231 5229 τινές
1253 5166 1309 5219 δὲ
1347 5167 1633 5220 ἀπιστοῦσι
1664 5166 1838 5220 τοῦτο.
1864 5167 1961 5221 Διὰ
1988 5168 2148 5223 τοῦτο

575 5256 766 5310 πολλαί
789 5257 1118 5328 προρρήσεις
1147 5255 1402 5325 ἐγίνοντο.
1443 5258 1504 5309 Εἰ
1552 5256 1626 5328 μὴ
1654 5256 1896 5323 ἐγένοντο
1921 5257 2143 5324 ἐκεῖναι,

577 5345 711 5417 μηδέ
752 5345 976 5409 ταύταις
1008 5345 1247 5399 πίστευε.
1295 5342 1413 5398 Ἵνα
1442 5344 1497 5397 δέ
1541 5344 1613 5415 μὴ
1645 5345 1735 5399 ἐπὶ
1767 5345 1925 5399 πλέον
1961 5347 2143 5418 ἀσαφῆ

573 5432 712 5487 ποιῶ
749 5434 839 5487 τὸν
893 5433 1069 5502 λόγον,
1106 5432 1239 5504 φέρε
1287 5431 1475 5485 τοῦτον
1524 5432 1651 5504 ὑμῖν
1698 5433 2142 5504 ἐρμηνεύσωμεν.

573 5522 742 5576 Πέντε
772 5516 909 5576 εἶδεν
942 5521 1092 5586 ὔλας,
1119 5520 1339 5593 χρυσὸν,
1364 5522 1623 5592 ἄργυρον,
1659 5520 1874 5595 χαλκὸν,
1905 5521 2142 5593 σίδηρον,

570 5608 855 5679 δστρακον.
883 5606 1015 5664 Εἶτα
1037 5610 1199 5665 εἰκὼν
1224 5610 1375 5664 πᾶσα
1397 5612 1425 5663 6
1444 5610 1633 5681 χρόνος
1656 5611 1788 5673 ἐστὶ,
1818 5610 1911 5662 καὶ
1949 5611 1981 5680 ἡ
2016 5612 2144 5663 ἀκο-

572 5699 759 5751 λουθία
795 5700 887 5753 τοῦ
916 5702 1130 5771 χρόνου.
1166 5700 1275 5755 Καὶ⁹
1306 5700 1483 5764 καλῶς
1510 5695 1683 5765 εἶπεν,
1723 5698 1920 5753 Είκών.
1961 5700 2141 5753 Εἰκόνι

569 5786 680 5859 γάρ
709 5787 847 5843 ἔοικε
902 5789 969 5843 τὰ
1015 5790 1275 5862 ἡμέτερα,
1319 5791 1485 5847 εἰκόνι
1542 5790 1752 5863 ἀψύχῳ.
1804 5788 1908 5846 Καὶ
1961 5788 2141 5853 καλῶς

1273 370 1333 427 S.
1375 371 1665 429 JOANNIS
1700 367 2190 428 CHRYSOSTOMI
2228 368 2545 427 ARCIHEP.
2586 367 3133 429 CONSTANTINOP.

3692 380 3783 434 206

2284 487 2446 543 εἰκὼν
2499 488 2609 544 ἀπὸ
2661 490 2883 562 χρυσοῦ.
2937 490 3205 563 Καθάπερ
3248 492 3348 566 γὰρ
3385 495 3411 549 6
3458 495 3652 569 χρυσὸς,
3697 500 3782 553 κᾶν

2280 574 2529 647 λαμπρὸς
2584 573 2641 650 ᾖ,
2702 579 2808 633 ἀπὸ
2859 580 2960 650 γῆς
2999 580 3180 645 ἐστιν,
3221 581 3353 635 οὕτω
3384 585 3471 636 καὶ
3521 585 3551 654 ὴ
3590 583 3787 657 φύσιςὴ

2277 664 2545 736 ἡμετέρα,
2568 666 2661 719 καί
2691 667 2760 720 τά
2789 670 3108 741 πράγματα.
3138 670 3245 723 Καὶ
3266 671 3361 741 ὅρα
3397 672 3473 725 ὅτι
3499 672 3631 736 κόνις
3662 674 3785 741 7m-

2276 768 2389 813 ται,
2416 753 2554 823 ὅπερ
2577 749 2644 825 ἦν
2678 755 2785 827 πρὸ
2801 755 3013 812 τούτου.
3050 757 3242 811 Καίτοι
3272 758 3424 811 τοῦτο
3450 758 3587 821 λίθος
3629 761 3718 813 06x
3739 761 3795 814 ἂν

2278 840 2590 910 ἐργάσαιτο.
2638 842 2933 914 Συπρίῴαι
2973 844 3072 914 μέν
3114 843 3328 898 δύναται
3360 845 3515 910 λίθος,
3556 847 3721 899 οὐσίαν
3747 847 3796 900 δὲ

2282 927 2605 996 μεταϐαλεῖν
2640 931 2700 982 06
2742 929 2985 985 δύναται.
3020 930 3181 985 Ἀλλά
3219 932 3377 986 τοῦτο
3408 932 3634 1001 γέγονεν.
3667 929 3800 997 Εἶδες

2274 1014 2337 1067 16
2368 1018 2664 1089 μυστήριον
2686 1018 2785 1086 τῆς
2805 1020 3170 1084 ἀναστάσεως.
3189 1020 3297 1073 Καὶ
3319 1021 3426 1091 γὰρ
3444 1021 3546 1074 τῶν
3566 1020 3801 1091 σωμάτων

2277 1105 2407 1174 ἡμῖν
2430 1108 2693 1178 πρότερον
2721 1108 3188 1179 στοιχειωθέντων,
3216 1110 3309 1163 καὶ
3338 1108 3467 1180 πρὸς
3490 1109 3583 1180 τὴν
3601 1110 3805 1180 ἀρχαίαν

2277 1192 2677 1248 ἐπανελθόντων
2723 1195 2903 1265 φύσιν,
2958 1196 3057 1267 τὴν
3101 1196 3207 1267 γῆν
3242 1195 3406 1265 λέγω,
3429 1198 3546 1250 τότε
3591 1198 3623 1267 ἡ
3659 1196 3809 1266 φθορὰ

2275 1280 2673 1353 ἐπεισέρχεται.
2715 1283 2898 1338 Ταῦτα
2929 1284 2986 1338 δέ
3022 1285 3201 1339 πάντα
3228 1284 3263 1337 6
3295 1284 3439 1349 λίθος
3469 1288 3621 1341 ποιεῖ.
3670 1285 3810 1337 Ὥστε

2276 1370 2405 1424 ὅταν
2428 1372 2542 1443 ἴδῃς
2566 1372 2665 1444 τὴν
2693 1374 2877 1427 εἰκόνα
2906 1376 2970 1427 ἐκ
2998 1373 3272 1446 διαφόρων
3301 1374 3652 1445 συγκειμένην
3675 1374 3813 1438 ὑλῶν,

2276 1459 2369 1512 καὶ
2401 1458 2501 1530 τὴν
2538 1460 2636 1531 μὲν
2664 1461 2904 1532 κεφαλὴν
2946 1462 3116 1532 αὐτῆς
3164 1461 3445 1533 λαμπρὰν,
3478 1461 3610 1515 τὸδὲ
3647 1462 3816 1533 στῆθος

2275 1547 2620 1618 φαυλότερον,
2664 1550 2760 1603 καὶ
2800 1551 2900 1621 τὴν
2939 1550 3187 1621 γαστέρα
3237 1549 3587 1621 ἀτιμοτέραν,
3621 1550 3819 1613 καὶτὰς

2274 1637 2487 1707 κνήμας
2514 1636 2918 1709 εὐτελεστέρας,
2943 1639 3040 1710 τὴν
3074 1638 3343 1710 διαφορὰν
3372 1637 3571 1708 ταύτην
3594 1638 3712 1707 περὶ
3736 1637 3820 1706 τὴν

2272 1724 2394 1793 ὄψιν
2429 1724 2634 1794 νόμιζε.
2675 1726 2821 1790 Muci;
2848 1726 2959 1799 γὰρ
2981 1726 3168 1790 οὐσίας
3197 1726 3267 1780 τά
3292 1726 3473 1780 πάντα
3489 1743 3503 1757 ·
3528 1727 3620 1779 καὶ
3644 1741 3825 1796 9.0.910-

2274 1814 2359 1882 ρεῖ
2375 1811 2437 1865 τὸ
2463 1812 2635 1879 τέλος,
2679 1816 2758 1876 εἰς
2795 1814 2941 1867 κόνιν
2989 1813 3209 1868 ἅπαντα
3268 1812 3504 1868 διαλύον.
3557 1813 3627 1865 O6
3676 1810 3827 1882 μικρά

2272 1898 2409 1969 αῦτη
2442 1900 2743 1970 φιλοσοφία.
2787 1901 3068 1971 Ἐννόησον
3105 1901 3219 1973 γὰρ
3248 1902 3350 1971 τὴν
3383 1900 3689 1971 φιλοσοφίαν
3708 1900 3826 1953 ταύ-

2268 2004 2371 2058 την
2419 1989 2515 2041 καὶ
2565 1988 2673 2042 ἀπὸ
2718 1989 2827 2042 τῶν
2858 1990 3147 2062 παρόντων
3187 1989 3556 2061 πραγμάτων,
3608 1988 3710 2042 ἀπὸ
3745 1986 3830 2040 τοῦ

2271 2075 2598 2146 κρατοῦντος
2620 2078 2946 2147 καταγαγὼν
2968 2078 3060 2133 τὸν
3081 2077 3463 2149 βασιλεύοντα,
3483 2077 3571 2129 τὸν
3587 2074 3830 2145 ὕπαρχον,

2269 2162 2361 2217 τὸν
2385 2166 2499 2234 μετ’
2517 2167 2742 2229 ἐκεῖνον,
2765 2165 2855 2219 τὸν
2872 2166 3091 2236 χαλκὸν,
3110 2168 3243 2230 τοὺς
3267 2164 3410 2236 μετὰ
3423 2164 3594 2219 ταῦτα
3606 2160 3836 2232 ὀστρακί-

2270 2266 2415 2316 νους,
2466 2251 2732 2323 σιδηροῦς.
2782 2252 2919 2307 Ἀλλ’
2946 2254 3041 2308 ἐὰν
3088 2256 3172 2318 εἰς
3214 2254 3317 2326 τὴν
3364 2253 3520 2325 σορὸν
3541 2251 3707 2321 ἔλθῃς,
3744 2249 3834 2301 κᾶν

2273 2338 2526 2410 μυριάκις
2546 2342 2703 2395 κάκεῖ
2718 2340 3006 2412 βιάζωνται
3025 2341 3279 2414 λάρνακα
3298 2341 3509 2412 χρυσῆν
3526 2337 3841 2394 κατασκευά-

2271 2426 2472 2493 ςοντες,
2508 2430 2628 2501 ὄψει
2663 2430 2761 2502 τὴν
2801 2431 2962 2501 φύσιν
3006 2432 3205 2503 αὐτην.
3262 2432 3438 2487 Πάλιν
3471 2430 3581 2484 νόει
3643 2444 3725 2499 μοι
3762 2427 3842 2479 τὸν

2271 2515 2541 2581 πλούσιον,
2582 2518 2670 2571 τὸν
2699 2518 2939 2589 δέσμιον,
2967 2520 3185 2573 ἐκεῖνον
3222 2518 3320 2573 τὸν
3352 2517 3630 2580 πλούσιον,
3651 2514 3736 2568 16v
3762 2514 3846 2566 πὲ-

2270 2622 2405 2675 νητα
2442 2606 2600 2677 μέχρι
2645 2606 2736 2660 τοῦ
2784 2608 3074 2679 ὀστράκου,
3126 2608 3236 2662 καὶ
3292 2607 3421 2678 ὄψει
3476 2606 3650 2660 πάντα
3694 2604 3841 2657 κόνιν.

2282 2691 2416 2745 Ἀλλ’
2445 2693 2567 2765 ὅρα.
2608 2696 2681 2748 O6
2710 2694 2973 2767 πρότερον
2999 2696 3181 2769 ἐφάνη
3213 2696 3400 2750 πάντα
3422 2694 3571 2759 κόνις
3589 2692 3730 2755 θντα,
3755 2690 3847 2752 ἕως

2267 2782 2295 2835 6
2331 2781 2476 2844 λίθος
2500 2782 2818 2837 κατέπεσεν.
2863 2781 3171 2853 Ἐθεὼρεις
3208 2784 3330 2850 ἕως
3363 2781 3674 2853 ἀπετμήθη
3697 2779 3849 2842 λίθος

2268 2869 2387 2925 ἀπὸ
2416 2871 2521 2925 τοῦ
2561 2871 2739 2940 ὄρους
2782 2871 2927 2926 ἄνευ
2970 2872 3231 2943 χειρῶν,
3283 2873 3387 2928 καί
3434 2869 3691 2935 ἐπάταξε
3744 2864 3848 2934 τὴν

2268 2961 2487 3026 εἰκόνα,
2516 2960 2613 3014 καί
2637 2959 2776 3026 τοὺς
2797 2960 2986 3028 πόδας
3009 2960 3158 3027 τοὺς
3191 2959 3499 3031 σιδηροῦς
3534 2958 3637 3013 καί
3660 2959 3854 3024 ὀστραο

2269 3050 2495 3114 κίνους,
2560 3048 2659 3102 καί
2707 3047 3039 3103 ἑλέπτυνεν
3077 3049 3324 3115 αὐτοὺς
3359 3051 3452 3115 εἰς
3480 3047 3673 3113 τέλος.
3730 3045 3850 3098 Τότε

2268 3136 2598 3203 ἐλεπτῠνθη
2633 3138 2721 3201 εἰς
2750 3135 2910 3201 ἅπαξ
2937 3134 3003 3189 τὸ
3043 3136 3390 3206 ὄστρακον,
3442 3138 3479 3191 δ
3531 3134 3786 3203 σίδηρος,
3826 3133 3856 3185 ὁ

2270 3223 2495 3290 χαλκὸς
2516 3234 2564 3287 τι,
2610 3224 2708 3275 καί
2732 3223 3010 3293 ἐγένοντο
3038 3224 3192 3278 ὡσεὶ
3236 3224 3330 3297 [21
3342 3224 3403 3297 4]
3429 3223 3732 3293 κονιορτὸς
3750 3219 3851 3274 ἀπὸ

2269 3313 2499 3380 ἅλωνος
2539 3312 2781 3384 θερινῆς
2824 3330 2840 3345 ⁸
2892 3313 2993 3367 καί
3036 3314 3275 3383 ἐξῆρεν
3319 3314 3485 3371 αὐτὰ
3530 3315 3598 3369 τὸ
3648 3312 3857 3381 πλῆθος

2268 3401 2372 3456 τοῦ
2403 3402 2762 3471 πνεύματος,
2785 3400 2887 3455 καί
2914 3404 3099 3468 τόπος
3128 3405 3256 3472 οὐχ
3285 3403 3513 3473 εὑρέθη
3543 3400 3761 3467 αὐτοῖς.
3791 3399 3856 3451 06

2264 3491 2372 3563 γάρ
2398 3490 2665 3562 πρότερον
2705 3491 2876 3562 ἐφάνη
2898 3491 3005 3544 τῶν
3031 3491 3407 3563 πραγμάτων
3444 3494 3484 3564 ἡ
3510 3490 3695 3563 φύσις,
3715 3490 3813 3553 Et»;
3837 3489 3861 3541 6

2263 3580 2414 3649 ἥλιος
2454 3578 2554 3650 τῆς
2602 3578 2945 3650 δικαιοσύνης
2992 3579 3312 3646 ἀνέτειλεν,
3356 3581 3445 3635 ὅτι
3493 3584 3526 3635 6
3575 3580 3771 3652 χρυσὸς
3808 3576 3861 3629 οὐ

2264 3667 2482 3737 χρυσός.
2532 3669 2671 3739 Ὅρα
2721 3669 2778 3723 δέ
2811 3670 2905 3723 καὶ
2945 3669 3003 3724 ἐν
3038 3670 3200 3742 αὐτῷ
3246 3670 3441 3745 τούτῳ
3500 3671 3566 3725 06
3612 3668 3747 3742 μετὰ
3777 3670 3865 3738 τὴν

2266 3754 2574 3827 συντριϐὴν,
2611 3756 2725 3810 ἀλλ’
2757 3757 2840 3810 ἐτι
2881 3757 3135 3811 ἑστώτων
3177 3761 3405 3825 αὐτῶν,
3440 3756 3693 3814 οὐδὲνδὲ
3724 3756 3866 3810 τοῦτο

2262 3843 2471 3897 ἐκείνου
2526 3844 2848 3916 τιμιώτερον
2879 3844 2959 3899 6v.
3004 3846 3153 3916 Ὅρα
3214 3850 3324 3903 καὶ
3369 3851 3445 3921 τῇ
3477 3849 3629 3919 ὄψει,
3671 3845 3763 3901 καὶ
3798 3841 3868 3912 τῷ

2262 3930 2457 4003 χρόνῳ,
2510 3931 2606 3984 καὶ
2645 3934 2711 4003 τῇ
2746 3932 2991 4004 ποιότητι
3019 3933 3207 3988 ταῦτα
3236 3936 3490 3992 ἐκείνων
3536 3936 3750 4008 βελτίω.
3784 3932 3873 3985 Διὰ

2261 4018 2370 4090 γὰρ
2390 4018 2546 4073 τοῦτο
2569 4021 2663 4073 καὶ
2698 4021 2918 4091 χρυσίον
2956 4020 3064 4074 ἀπὸ
3089 4022 3207 4092 γῆς
3239 4026 3526 4097 ἐποίησεν
3551 4026 3584 4077 ὁ
3616 4024 3765 4085 Θεὸς,
3793 4019 3871 4073 ἵνα.

2263 4109 2426 4181 μηδὲν
2451 4109 2593 4180 μέγα
2627 4110 2754 4181 περί
2782 4110 2946 4163 αὑτοῦ
2990 4112 3357 4184 φαντασθῇς.
3412 4113 3586 4178 Τίνος
3617 4113 3675 4167 δέ
3706 4111 3878 4165 ἱνεκεν

2257 4197 2357 4278 τὴν
2378 4196 2542 4250 αὐτοῦ
2567 4197 2838 4267 βασιλείαν
2864 4197 3019 4250 καλεῖ
3039 4200 3291 4270 χρυσῆν,
3318 4202 3430 4273 τὴν
3451 4202 3515 4256 δέ
3538 4202 3650 4255 τῶν
3665 4196 3877 4269 Περσῶν

2258 4286 2522 4357 ἀργυρᾶν,
2560 4285 2656 4339 καὶ
2687 4285 2784 4357 τὴν
2823 4285 2931 4339 τῶν
2969 4286 3327 4343 Μακεδόνων
3369 4289 3622 4362 χαλκῆν,
3665 4288 3762 4343 κιτῦ⁸
3791 4285 3882 4357 τὴν

2255 4374 2364 4428 τῶν
2399 4374 2683 4444 Ῥωμαίων
2702 4374 2928 4446 σιδηρᾶν
2948 4374 3042 4449 καί¹
3065 4376 3478 4450 όστρακίνην;
3519 4380 3666 4449 Ὅρα
3694 4374 3883 4430 καταλ-

2255 4463 2449 4534 λήλους
2482 4464 2580 4527 τάς
2618 4461 2766 4526 ὔλας.
2815 4464 2874 4517 '0
2908 4459 3015 4534 γάρ
3052 4464 3274 4534 χρυσὸς
3321 4468 3584 4522 πλούτου
3634 4465 3732 4539 μέν
3777 4466 3887 4519 ἐστι

2256 4551 2606 4620 ἐμφαντικὸν,
2637 4550 2860 4614 ἀσθενὲς
2888 4551 2967 4616 δέ,
2997 4552 3092 4604 καὶ
3136 4553 3299 4624 πρὸς
3348 4557 3596 4627 ἀπάτην
3628 4557 3723 4609 καὶ
3762 4552 3889 4625 πρὸς

2256 4640 2462 4710 κόσμον
2490 4640 2688 4710 μᾶλλον
2713 4640 2806 4694 καὶ
2832 4640 3142 4709 φιλοτιμίαν
3188 4643 3563 4717 ἐπιτήδειος.
3616 4645 3779 4699 Οῦτω
3803 4641 3891 4697 καὶ

2253 4727 2435 4798 ἐκείνη
2469 4729 2502 4797 ἡ
2530 4726 2772 4797 βασιλεία
2801 4730 2834 4796 ή
2862 4725 2955 4779 τοῦ
2988 4727 3317 4800 βαρϐάρου.
3371 4734 3533 4789 Πολὺ
3588 4737 3727 4805 παρ’
3757 4730 3894 4798 αὐτῷ

2253 4816 2313 4868 16
2349 4817 2567 4887 χρυσίον
2602 4807 2686 4887 ἦν’
2715 4818 2809 4869 καὶ
2846 4818 2956 4879 τοῖς
2993 4814 3345 4889 βαρϐάροις,
3393 4824 3606 4896 ἐπειδὴ
3648 4823 3747 4877 καὶ
3788 4820 3894 4875 ἐκεῖ

2252 4905 2495 4972 λέγονται
2530 4902 2664 4959 εἷναι
2708 4905 2828 4959 ῦλαι
2870 4906 3225 4977 μεταλλικαί.
3276 4913 3405 4967 Καὶ
3446 4915 3569 4988 γάρ
3609 4913 3765 4985 παρά
3800 4912 3901 4965 τῶν

2252 4993 2443 5064 Σήρων
2468 4994 2631 5057 πολὺς
2662 4996 2689 5048 6
2717 4993 2966 5059 πλοῦτος,
3001 4995 3114 5049 ἀλλ’
3157 4994 3506 5070 ἄχρηστος.
3554 5002 3820 5073 Κεφαλήν
3846 4998 3899 5051 δὲ

2250 5082 2455 5151 ἐπέχει,
2482 5082 2667 5153 ἐπειδὴ
2692 5083 2881 5154 πρώτη
2908 5084 3101 5155 ἐφάνη.
3128 5084 3207 5137 Ἦ
3236 5086 3305 5140 δὲ
3328 5089 3590 5163 Περσῶν
3611 5093 3717 5161 οὐχ
3739 5089 3902 5149 οὕτως

2250 5170 2499 5240 εὔπορος,
2522 5169 2708 5242 ὥσπερ
2733 5168 2826 5225 οὖν
2855 5171 2972 5224 οὐδὲ
2997 5173 3367 5228 Μακεδόνων
3386 5194 3409 5209 ι
3438 5181 3476 5250 ἡ
3500 5181 3566 5233 δὲ
3615 5177 3901 5249 Ῥωμαίων

2249 5259 2639 5329 χρησιμωτέρα
2680 5276 2740 5312 τε
2782 5260 2876 5312 καὶ
2936 5262 3313 5331 ἰσχυροτέρα,
3371 5266 3611 5340 ὕει-τέρα
3655 5268 3760 5338 μὲν
3802 5266 3907 5326 τοῖς

2249 5347 2479 5417 χρόνοις,
2511 5346 2588 5400 διὸ
2610 5348 2703 5400 καί
2743 5347 2917 5402 ποδῶν
2947 5348 3099 5412 τάξιν
3127 5350 3380 5421 ἐπέχει.
3422 5356 3605 5409 Ἐστι
3640 5357 3702 5408 δέ
3742 5353 3906 5419 αὐτῆς

2245 5435 2315 5487 τὰ
2350 5436 2446 5505 μὲν
2475 5435 2691 5507 ἀσθενῆ,
2721 5437 2789 5489 τά
2820 5435 2876 5489 δέ
2914 5435 3278 5507 ἰσχυρότερα.
3334 5442 3601 5499 Τοιοῦτο
3646 5442 3715 5498 τδ
3760 5439 3909 5498 ἀλλό-

2248 5541 2402 5577 κοτον
2429 5524 2535 5577 τῶν
2570 5524 2885 5596 ἀνθρώπων.
2927 5525 3033 5579 Kal
3068 5524 3235 5579 ὅταν
3277 5532 3681 5603 πληθυνθῆ,
3728 5533 3907 5602 φησιν,

2246 5612 2285 5681 ἡ
2331 5612 2567 5683 ἀνομία,
2627 5613 2964 5683 ψυγήσεται
3016 5615 3054 5683 ἠ
3107 5614 3351 5686 ἀγάπη
3428 5619 3574 5676 τῶν
3635 5616 3909 5678 πολλῶν.

2307 5789 2333 5819 ⁸
2364 5787 2423 5839 '0
2447 5788 2631 5852 χαλκός.
2650 5788 2934 5840 Addendum
2955 5792 2980 5838 ὁ
3002 5790 3236 5853 ἄργυρος,
3265 5794 3298 5840 ὀ
3321 5798 3557 5858 χρυσός,
