4126 6294
331 329 433 387 205

324 456 442 501 ante
467 460 769 501 sermonem
801 447 1150 519 aggrediatur,
1172 463 1328 520 quam
1365 465 1539 522 regem
1560 451 1838 509 abduxerit
1864 470 1897 509 a

325 553 504 606 magna
533 554 691 604 quam
719 539 785 594 de
812 541 926 608 ipso
946 539 1138 596 habere
1167 543 1426 610 potuisset
1452 544 1736 613 Opinione?
1755 545 1895 612 Quo-

323 629 474 681 modo
495 628 652 698 igitur
681 630 906 698 gloriam
933 641 1211 686 venaretur
1252 632 1456 698 Daniel,
1489 635 1576 703 qui
1606 636 1765 691 etiam
1795 637 1892 692 da-

323 728 426 772 tam
455 719 700 788 repellit?
728 721 796 775 Et
823 737 927 776 non
962 722 1093 776 dixit
1120 742 1133 777 :
1161 724 1419 789 Quoniam
1448 725 1610 780 Deum
1647 743 1892 794 veneror,

317 813 564 879 quoniam
597 814 669 866 illi
696 815 818 883 plus
837 830 991 883 quam
1033 817 1209 869 exs-teri
1237 819 1436 882 servio,
1476 818 1603 872 mihi
1640 821 1893 876 revelatio

317 905 449 957 facta
480 916 563 960 est
593 922 606 958 :
636 905 751 968 sed,
782 906 850 961 Ut
879 916 933 960 tu
963 907 1198 962 disceres
1227 908 1365 978 quod
1396 910 1731 966 utilissimum
1756 922 1888 967 erat.

315 996 447 1050 Illud
475 999 640 1063 enim,
668 999 825 1052 etiam
868 1000 982 1069 ipso
1009 1016 1111 1054 non
1139 1001 1364 1065 dicente,
1396 1003 1446 1056 in
1484 1015 1716 1058 mentem
1743 1006 1893 1060 audi-

315 1101 484 1146 torum
499 1094 718 1147 veniret.
743 1094 802 1148 3|
817 1134 829 1146 .
857 1112 874 1145 ι
900 1095 975 1148 Tu
998 1110 1088 1150 rex
1108 1095 1341 1160 videbas,
1357 1106 1548 1151 etecce
1569 1098 1740 1165 imago
1759 1115 1884 1165 una,

313 1185 483 1254 imago
499 1184 587 1238 illa
607 1200 817 1254 magna,
837 1197 889 1242 et
905 1196 1147 1256 aspectus
1173 1187 1314 1242 illius
1337 1189 1577 1244 sublimis
1593 1202 1739 1246 stans
1756 1202 1879 1246 ante

314 1279 495 1332 faciem
514 1289 682 1344 tuam,
701 1290 753 1335 et
774 1281 992 1336 intuitus
1019 1281 1134 1352 ejus
1155 1281 1420 1338 terribilis.
1436 1283 1524 1338 52.
1543 1284 1718 1355 Imago
1738 1287 1887 1356 cujus

311 1382 465 1442 caput
488 1389 553 1427 ex
593 1389 725 1428 auro
752 1391 919 1444 puro;
951 1391 1139 1430 manus
1179 1377 1343 1446 ipsius
1371 1386 1426 1433 et
1463 1387 1648 1448 pectus
1680 1389 1728 1434 et
1761 1380 1884 1435 bra-

312 1463 424 1518 chia
456 1463 570 1533 ejus
596 1474 878 1535 argentea;
911 1475 1095 1521 venter
1120 1467 1262 1522 illius
1290 1477 1345 1523 et
1367 1468 1570 1524 femora
1595 1485 1732 1525 aerea
1753 1489 1766 1535 ;
1791 1472 1879 1526 55.

314 1557 451 1611 tibiae
491 1556 716 1622 ferrem;
743 1558 937 1629 pedes,
985 1574 1108 1628 pars
1153 1559 1365 1629 quidem
1401 1559 1642 1631 quredam
1687 1560 1879 1626 ferrea,

313 1664 427 1718 [virs
443 1657 620 1703 autem
637 1649 877 1718 quaadam
902 1658 1148 1705 testacea.
1182 1669 1200 1701 ι
1239 1650 1368 1706 Vide
1391 1652 1534 1722 quali
1566 1653 1767 1708 visione
1794 1653 1878 1707 di-

312 1748 494 1809 gnatus
523 1739 684 1794 fuerit
726 1739 1230 1796 Nabuchodonosor.
1272 1742 1709 1812 Quandoquidem
1737 1745 1877 1798 enim

315 1831 364 1884 iu
384 1839 563 1900 gentes
589 1832 850 1901 evangelii
878 1833 1195 1902 prmconium
1220 1834 1570 1903 spargendum
1589 1845 1722 1902 erat,
1743 1836 1880 1890 visio

316 1923 472 1977 multo
507 1934 633 1978 ante
662 1926 909 1994 gentilem
952 1925 1287 1980 traditionem
1319 1925 1550 1992 inhibet;
1584 1936 1638 1981 et
1663 1927 1714 1982 in
1738 1936 1876 1982 terra

317 2016 488 2084 gentili
533 2018 798 2072 somnium
845 2017 1086 2084 videtur,
1132 2020 1326 2087 templo
1360 2033 1580 2084 everso,
1623 2020 1878 2092 legalibus

320 2107 545 2161 sublatis.
587 2107 960 2162 Verumtamen
1006 2125 1098 2179 per
1130 2109 1382 2164 Hebraeos
1418 2112 1728 2181 explicatur.
1761 2114 1878 2170 Etsi

322 2199 446 2252 enim
469 2200 518 2254 in
547 2202 769 2270 gentiles
797 2201 1246 2257 disseminandum
1278 2212 1418 2258 esset
1437 2205 1790 2274 evangelium,
1815 2213 1874 2260 at

323 2303 404 2356 per
427 2290 674 2346 Hebraeos
698 2292 860 2359 viros,
889 2281 1078 2363 nempe
1097 2296 1383 2363 apostolos,
1412 2296 1462 2350 id
1484 2295 1715 2352 futurum
1737 2308 1870 2354 erat.

326 2379 422 2435 Hoc
444 2391 494 2436 et
531 2382 584 2436 in
632 2381 881 2438 Cornelio
909 2385 1144 2455 contigit.
1191 2386 1503 2441 Prmcedunt
1528 2397 1732 2458 gentes.
1765 2406 1870 2444 non

325 2481 481 2528 autem
528 2486 839 2544 sequuntur.
890 2476 962 2530 lta
1001 2488 1054 2532 et
1093 2477 1176 2533 hic
1213 2479 1492 2550 imaginem
1523 2483 1720 2552 primus
1746 2485 1873 2540 vidit

326 2564 805 2633 NabuchodOnosor,
855 2570 1092 2625 notitiam
1137 2588 1260 2626 vero
1302 2575 1504 2642 primus
1544 2576 1742 2646 accepit
1774 2579 1873 2632 Da-

327 2659 432 2712 niel.
464 2660 527 2714 Et
561 2669 616 2713 ut
653 2676 946 2730 cognoscas
987 2664 1124 2734 quod
1163 2674 1216 2720 et
1262 2666 1417 2735 primi
1465 2676 1519 2721 et
1551 2671 1871 2736 posteriores

326 2761 429 2804 sunt
453 2751 614 2807 «ἰυᾶωὶ
649 2771 661 2806 :
693 2755 846 2822 primi
887 2757 1080 2826 quippe
1117 2757 1250 2812 bona
1277 2771 1605 2829 acceperant,
1639 2762 1731 2817 sed
1771 2781 1869 2819 ne-

323 2843 534 2898 sciebant
556 2845 681 2914 quid
709 2848 1060 2916 accepissent,
1092 2858 1148 2904 ut
1179 2867 1270 2919 par
1307 2854 1552 2923 utrinque
1594 2854 1764 2910 fieret.
1793 2857 1868 2911 lta

320 2947 366 2986 et
389 2936 486 2990 illic
511 2948 630 2992 ante
654 2938 974 3008 baptismum
1002 2941 1198 3011 Spiritu
1227 2944 1423 3011 dignati
1452 2957 1591 3000 sunt.
1621 2947 1708 3003 Sic
1737 2959 1791 3003 et
1818 2951 1872 3004 in

316 3027 602 3082 Abrahamo
640 3031 808 3098 prima
848 3031 946 3086 fuit
978 3033 1064 3087 illa
1095 3036 1378 3091 multitudo
1403 3039 1657 3107 gentium,
1687 3051 1868 3111 poste-

311 3119 420 3171 rior
440 3135 560 3174 vero
585 3121 916 3177 circumcisio
945 3142 958 3177 :
985 3123 1079 3179 sed
1102 3140 1194 3193 per
1219 3127 1674 3186 circumcisionem
1705 3134 1867 3187 salus.

311 3211 428 3267 llazc
451 3213 630 3269 millies
659 3216 930 3285 prophetae
969 3217 1164 3274 Iudaeis
1197 3220 1460 3286 dixerunt,
1484 3234 1538 3278 et
1569 3225 1668 3280 nisi
1705 3228 1868 3282 multa

305 3305 442 3374 apud
472 3321 564 3359 vos
586 3316 728 3361 esset
753 3308 992 3375 tarditas,
1020 3311 1176 3364 etiam
1209 3311 1294 3365 ubi
1322 3322 1374 3368 et
1400 3315 1608 3383 quando
1627 3319 1868 3385 aperuis-

303 3412 437 3450 sem.
483 3396 766 3467 Postquam
811 3409 990 3456 autem
1036 3416 1140 3456 non
1182 3404 1543 3471 attenderunt,
1582 3409 1771 3462 transit
1803 3408 1868 3462 ad

302 3499 482 3556 gentes
504 3490 774 3560 deinceps.
803 3491 927 3547 llatc
947 3494 1102 3548 verba
1131 3494 1298 3550 Judaei
1324 3498 1617 3562 audientes,
1642 3499 1870 3571 despue-

303 3580 426 3634 bant
467 3598 480 3633 :
517 3582 730 3651 gentilis
764 3598 886 3636 cum
925 3584 1190 3651 audisset,
1231 3585 1487 3641 adoravit.
1531 3589 1760 3644 Adverte
1805 3606 1868 3646 ea

297 3672 459 3725 etiam
481 3688 593 3742 qua:
620 3673 720 3727 sub
756 3672 968 3728 Christo
992 3676 1324 3745 contigerunt
1348 3678 1572 3734 describi
1613 3695 1707 3749 per
1734 3681 1867 3750 lign-

296 3779 402 3816 ras.
433 3762 730 3818 Chananzea
765 3764 949 3820 adorat
979 3782 993 3818 :
1019 3765 1184 3821 Judaei
1219 3779 1418 3834 contra,
1466 3770 1739 3824 Dominum
1769 3771 1870 3826 sci-

291 3856 416 3910 licet
443 3857 732 3924 expellunt.
771 3857 846 3910 lla
876 3867 930 3912 et
953 3856 1038 3912 hic
1069 3857 1236 3914 Judaei
1257 3858 1542 3915 Jeremiam
1577 3862 1632 3915 in
1663 3864 1868 3917 vincula

291 3950 637 4018 conjecernnt
675 3968 690 4004 :
750 3949 1235 4006 Nabuchodonosor
1285 3952 1523 4008 adoravit
1574 3955 1864 4011 Danielem.

293 4042 499 4097 Rursus
547 4042 717 4098 Judaei
762 4044 1031 4112 apostolos
1064 4044 1317 4114 ejiciunt:
1355 4046 1526 4101 Graeci
1575 4057 1750 4103 autem
1788 4050 1869 4104 di-

287 4143 417 4188 cunt
437 4132 548 4188 :Dii
568 4134 934 4189 descenderunt
952 4137 1019 4189 ad
1038 4153 1127 4191 nos
1151 4138 1287 4207 (Act.
1322 4140 1406 4192 Μ.
1437 4140 1544 4211 10).
1572 4140 1702 4195 Cum
1724 4144 1864 4198 enim

285 4227 544 4296 judicium
574 4227 691 4282 sine
718 4228 909 4284 affectu
932 4230 1116 4295 fertur,
1147 4232 1503 4302 incorruptum
1537 4243 1635 4299 est,
1670 4252 1732 4290 ac
1754 4237 1865 4291 sin-

290 4335 498 4374 eerum.
533 4319 696 4376 Vides
726 4329 879 4391 typos
911 4325 1225 4378 coruscare?
1266 4323 1320 4378 ln
1353 4325 1620 4396 Babylone
1645 4343 1762 4396 quze
1798 4328 1864 4382 ad

291 4413 564 4467 Christum
595 4422 840 4482 spectant
861 4415 1159 4480 audiuntur,
1193 4426 1245 4471 et
1275 4418 1527 4473 barbarus
1550 4420 1758 4475 auditor
1785 4421 1862 4488 fit,

291 4519 338 4559 ul
372 4507 634 4576 intelligas
671 4522 776 4563 non
807 4508 965 4562 modo
997 4509 1238 4578 gentiles,
1275 4511 1368 4565 sed
1406 4521 1460 4566 et
1486 4513 1738 4578 barbaros
1766 4515 1865 4569 ista

292 4613 408 4652 esse
449 4599 744 4664 audituros,
789 4601 1234 4670 quemadmodum
1277 4604 1468 4659 Paulus
1507 4605 1580 4659 ait
1618 4625 1630 4660 :
1662 4606 1866 4661 Debitor

296 4706 400 4742 sum
422 4699 474 4741 ut
497 4691 810 4760 evangelium
839 4693 1102 4760 prtedicem
1131 4691 1318 4747 Graecis
1348 4712 1404 4748 ac
1433 4695 1655 4750 barbaris
1685 4696 1861 4766 (Rom.

298 4783 344 4833 l.
374 4783 480 4851 Η).
532 4784 599 4837 Et
635 4799 706 4838 ne
747 4783 1027 4854 desperes,
1085 4801 1234 4856 spem
1272 4787 1499 4841 delineat
1535 4802 1598 4842 ac
1631 4789 1860 4858 subjicit.

299 4873 442 4936 Quod
479 4875 620 4928 enim
673 4875 860 4929 aberat
904 4876 1375 4945 impedimentum?
1421 4879 1607 4934 Fastus
1649 4881 1859 4951 regalis,

303 4964 496 5019 indoles
536 4966 649 5036 ipsa
689 4967 986 5035 barbarica,
1022 4969 1288 5039 loquentis
1330 4970 1533 5035 vilitas;
1562 4983 1676 5027 erat
1721 4974 1861 5027 enim

305 5058 559 5124 captivus;
592 5068 723 5112 tetas
759 5075 774 5111 :
809 5069 925 5114 erat
953 5059 1192 5129 juvenis;
1234 5060 1416 5130 religio
1453 5062 1644 5116 aliena.
1682 5063 1863 5133 Neque

305 5161 390 5199 rex
419 5145 542 5201 dixit
570 5166 581 5201 :
617 5149 693 5203 Te
737 5159 821 5202 tua
852 5149 1142 5217 praevidere
1187 5151 1437 5219 oportuit,
1482 5153 1627 5207 urbis
1655 5161 1757 5206 tua:
1785 5154 1863 5207 vi-

307 5237 482 5294 delicet
503 5242 860 5309 captivitatem
898 5242 1028 5296 :‘illa
1062 5244 1333 5311 ignorasti,
1364 5253 1416 5296 et
1443 5244 1554 5298 ha-c
1582 5246 1861 5313 prmdieis?

306 5327 484 5396 ingrati
518 5334 656 5387 enim
702 5333 774 5387 ita
817 5334 961 5402 loqui
1002 5333 1174 5388 solent
1221 5352 1233 5386 :
1273 5333 1558 5401 Oportebat
1592 5335 1860 5390 Christum

308 5419 519 5488 seipsum
545 5425 852 5478 suscitasse.
882 5422 1034 5489 Quod
1061 5423 1256 5477 dictum
1288 5423 1384 5477 fuit
1410 5425 1616 5479 eversio
1639 5433 1751 5480 erat
1778 5442 1863 5481 re-

307 5514 385 5578 gni
413 5513 720 5585 Babyloniei,
755 5527 809 5571 et
836 5519 1222 5572 consummatio
1264 5520 1422 5573 totius
1447 5520 1607 5575 orbis.
1649 5520 1715 5574 Et
1742 5537 1859 5576 cre-

306 5603 425 5659 didit
457 5607 971 5664 Nabuchodonosor.
1001 5609 1181 5678 Neque
1207 5611 1368 5675 enim,
1409 5611 1507 5665 nisi
1529 5611 1858 5680 credidisset,

305 5699 624 5776 saerilicasset
651 5701 886 5757 Danieli.
915 5701 1096 5756 Credit
1125 5702 1606 5759 Nabuchodonosor
1631 5704 1702 5775 (ν.
1733 5706 1855 5775 46);

301 5790 487 5858 quidam
507 5805 682 5852 autem
705 5811 816 5852 non
835 5793 1072 5851 credunt.
1099 5793 1317 5866 Propter
1344 5794 1442 5851 hoc
1465 5794 1639 5853 multae
1663 5797 1853 5863 pracdi-

1695 337 1760 394 lN
1800 338 2168 404 DANIELEM.

3478 366 3582 424 906

2002 463 2434 523 ctionesliebant.
2455 469 2510 524 Si
2533 469 2635 527 illae
2658 482 2902 530 eventum
2929 492 3032 533 non
3063 478 3395 549 habuerunt,
3413 499 3584 553 neque

2003 554 2085 610 his
2100 556 2278 612 crede.
2292 558 2368 614 Ne
2382 571 2558 616 autem
2579 562 2774 619 diutius
2795 583 3092 625 sermonem
3113 571 3394 628 obscurum
3422 575 3583 630 facia-

2001 662 2140 714 mus,
2162 664 2259 720 age
2284 667 2404 706 eum
2423 655 2568 710 vobis
2598 657 3026 728 interpretemur.
3045 664 3288 736 Quinque
3317 667 3446 722 vidit
3470 685 3582 722 ma-

2003 739 2180 806 terias,
2209 756 2416 811 aurum,
2444 755 2741 816 argentum,
2769 765 2861 812 ms,
2887 751 3105 817 ferrum,
3136 765 3346 810 testam.
3379 758 3578 813 Deinde

2001 838 2108 884 tota
2127 832 2297 902 imago
2317 844 2522 906 tempus
2541 849 2624 894 est
2643 849 2696 895 et
2716 843 2966 913 temporis
2979 849 3373 917 consequentia.
3400 849 3468 904 Et
3489 866 3578 905 re-

1997 933 2080 979 cte
2097 925 2226 979 dixit
2248 946 2261 980 :
2281 926 2477 997 Imago.
2502 929 2719 1002 imagini
2740 933 2999 1004 siquidem
3011 938 3209 994 similes
3230 950 3356 995 sunt
3376 957 3463 996 res
3480 957 3577 996 no-

1996 1024 2145 1081 strre,
2170 1017 2377 1087 imagini
2405 1021 2721 1077 inanimatae.
2745 1023 3150 1098 Etbeneimago
3173 1045 3245 1083 ex.
3263 1045 3414 1086 auro.
3428 1031 3584 1090 Sicut.

1994 1107 2136 1160 enim
2163 1123 2349 1164 aurum
2366 1114 2572 1168 etiamsi
2594 1113 2926 1183 Splendidum
2959 1119 3047 1185 sit,
3067 1129 3240 1176 tamen
3254 1138 3284 1178 e
3309 1125 3568 1180 terraori-

1996 1207 2080 1253 tur
2100 1217 2114 1252 :
2133 1200 2207 1253 sic
2221 1203 2378 1256 etiam
2394 1214 2576 1259 natura
2599 1217 2800 1272 nostra,
2817 1219 2976 1280 atque
2988 1228 3076 1266 res.
3089 1212 3352 1271 humanm.
3372 1217 3438 1272 Et
3453 1219 3572 1275 vide

1993 1300 2048 1344 ut
2071 1292 2238 1360 pulvis
2265 1293 2387 1357 fiat,
2427 1299 2571 1364 quod
2597 1298 2798 1354 scilicet
2821 1311 2936 1355 erat
2963 1311 3138 1358 antea.
3170 1306 3325 1376 Atqui
3355 1308 3405 1363 id
3435 1309 3571 1379 lapis

1991 1399 2275 1454 numquam
2323 1387 2525 1443 fecerit.
2582 1391 2872 1448 Conterere
2918 1397 3134 1465 quidem
3188 1410 3362 1469 potest
3409 1403 3564 1472 lapis,

1987 1476 2334 1534 Substantiam
2374 1497 2500 1538 vero
2522 1495 2833 1542 convertere
2862 1503 2965 1544 non
3008 1499 3201 1559 potest.
3249 1493 3362 1548 Hoc
3388 1505 3562 1552 tamen

1986 1570 2226 1639 contigit.
2272 1571 2577 1644 Mysterium
2615 1580 3017 1636 resurrectionis
3046 1581 3212 1637 vides.
3255 1583 3388 1639 Cum
3419 1587 3562 1641 enim

1985 1676 2212 1731 corpora
2236 1675 2416 1719 nostra
2447 1667 2498 1720 in
2527 1668 2787 1724 elementa
2819 1672 3156 1728 resolvuntur
3177 1716 3192 1740 ,
3239 1686 3293 1730 et
3318 1676 3384 1731 ad
3425 1679 3562 1732 anti-

1983 1769 2140 1823 quam
2187 1754 2411 1810 redeunt
2455 1767 2730 1823 naturam,
2777 1770 2971 1816 terram
3001 1763 3152 1828 dico,
3192 1773 3318 1820 tunc
3345 1765 3562 1822 advenit

1983 1847 2275 1915 corruptio.
2309 1847 2434 1903 llaec
2462 1858 2634 1904 autem
2662 1852 2838 1905 omnia
2866 1853 2999 1923 lapis
3019 1855 3197 1910 eflicit.
3229 1856 3409 1928 Itaque
3436 1875 3557 1914 cum

1980 1936 2178 1992 videris
2204 1939 2484 2010 imaginem
2511 1958 2576 1997 ex
2605 1943 2830 1999 diversis
2861 1948 3094 2002 materiis
3122 1959 3472 2019 constantem,
3505 1962 3560 2007 et

1981 2028 2121 2083 illius
2147 2031 2357 2099 quidem
2386 2043 2541 2102 caput
2567 2036 2919 2103 splendidum,
2953 2050 3135 2107 pectus
3155 2057 3280 2098 vero
3297 2042 3552 2111 deterius,

1978 2130 2033 2174 et
2063 2130 2300 2177 ventrem
2341 2124 2706 2194 ignobiliorem
2725 2170 2741 2194 ,
2783 2138 2840 2184 et
2867 2129 3022 2185 tibias
3051 2132 3260 2188 viliores
3283 2175 3299 2200 ,
3330 2135 3555 2190 diversi-

1977 2218 2138 2265 tatem
2171 2212 2307 2268 hanc
2337 2216 2389 2269 in
2411 2215 2526 2270 solo
2549 2226 2765 2287 aspectu
2790 2218 2944 2274 sitam
2962 2235 3079 2276 esse
3099 2223 3365 2278 existima.
3385 2224 3553 2281 Unius

1975 2302 2170 2372 quippe
2215 2304 2558 2375 ejusdemque
2608 2308 2916 2364 substantiae
2965 2312 3143 2368 omnia
3189 2325 3338 2380 sunt;
3397 2316 3565 2386 idque.

1977 2402 2204 2450 testatur
2230 2397 2370 2460 linis,
2399 2399 2487 2467 qui
2519 2400 2571 2454 in
2611 2399 2883 2469 pulverem
2913 2411 3097 2457 cuncta
3128 2403 3385 2460 dissolvit.
3433 2406 3549 2462 Non

1975 2501 2133 2555 parva
2161 2498 2244 2543 est
2268 2490 2367 2545 ista
2395 2490 2747 2561 philosophia.
2798 2493 3048 2548 Animum
3075 2495 3292 2551 adverte
3321 2497 3386 2552 ad
3413 2500 3551 2554 hanc

1975 2578 2381 2650 philosophiam,
2405 2592 2456 2635 et
2470 2598 2500 2635 a
2517 2583 2674 2638 rebus
2694 2599 2811 2653 qua:
2834 2594 2956 2639 ante
2976 2585 3158 2642 oculos
3180 2589 3548 2653 obversantur,

1973 2671 2040 2723 ab
2068 2671 2360 2741 imperante
2389 2674 2652 2728 deducens
2680 2689 2880 2744 regem,
2911 2674 3104 2733 deinde
3129 2678 3434 2748 prwfectum
3460 2683 3549 2752 qui

1975 2772 2093 2830 post
2119 2778 2294 2832 regem
2313 2773 2460 2820 estet
2482 2765 2572 2820 aeri
2603 2766 2907 2836 respondet,
2938 2767 3064 2822 item
3091 2784 3183 2824 eos
3203 2770 3290 2839 qui
3319 2785 3548 2840 sequun-

1975 2863 2076 2916 tur.
2097 2855 2287 2925 quique
2311 2865 2364 2910 ut
2389 2858 2575 2912 fictiles
2593 2874 2654 2914 ac
2679 2857 2835 2913 ferrei
2861 2870 3327 2928 repraesentantur.
3354 2863 3545 2917 Verum

1973 2944 2016 2997 si
2043 2945 2107 2997 ad
2133 2946 2430 3015 sepulcrum
2461 2948 2670 3003 veneris
2691 2991 2704 3013 ,
2735 2949 2943 3004 etiamsi
2969 2951 3270 3006 sexcenties
3299 2952 3370 3006 ibi
3412 2969 3548 3023 quo-

1974 3051 2076 3104 que
2102 3037 2207 3090 vim
2238 3038 2410 3093 facere
2439 3040 2713 3094 videantur
2733 3084 2747 3107 ,
2776 3041 2901 3096 dum
2931 3057 3147 3098 auream
3178 3059 3363 3098 urnam
3392 3047 3548 3101 ador-

1974 3141 2135 3198 nant,
2175 3134 2398 3201 aspicies
2426 3143 2599 3190 tamen
2631 3136 2839 3191 illorum
2864 3137 3104 3193 eamdem
3135 3154 3252 3194 esse
3277 3149 3545 3194 naturam.

1974 3225 2169 3280 lterum
2192 3227 2318 3280 mihi
2341 3228 2616 3283 considera
2637 3229 2853 3285 divitem
2881 3231 3025 3285 illum
3056 3241 3109 3287 et
3131 3233 3358 3288 vinctum
3378 3232 3548 3304 (Pau-

1975 3317 2095 3385 lus);
2119 3319 2242 3373 item
2277 3319 2421 3372 illum
2447 3319 2660 3374 divitem
2688 3331 2741 3376 et
2767 3322 2833 3376 ad
2855 3331 3040 3378 testam
3068 3338 3231 3394 usque
3262 3341 3545 3395 pauperem

1973 3410 2177 3478 (Jobus)
2210 3430 2223 3464 :
2252 3419 2407 3480 atque
2459 3413 2702 3467 universa
2747 3413 3017 3483 pulverem
3051 3431 3182 3471 .esse
3229 3419 3542 3488 conspicies.

1973 3501 2166 3555 Verum
2188 3501 2428 3557 observa.
2447 3503 2560 3557 Non
2585 3505 2727 3572 prius
2742 3513 2931 3561 cuncta
2960 3507 3128 3575 pulvis
3140 3523 3257 3563 esse
3274 3509 3383 3562 visa
3401 3523 3543 3574 sunt,

1972 3607 2129 3660 quam
2169 3591 2300 3663 lapis
2321 3593 2631 3648 decidisset.
2666 3596 2751 3654 54.
2786 3613 2804 3645 ι
2831 3596 3057 3652 Videbas
3085 3597 3257 3653 donec
3280 3599 3547 3656 abscissus

1973 3692 2054 3737 est
2080 3684 2209 3752 lapis
2229 3684 2294 3740 de
2321 3696 2499 3739 monte
2521 3727 2534 3749 ,
2567 3688 2680 3740 sine
2720 3687 2964 3741 manibus
2989 3704 3004 3740 :
3033 3696 3087 3742 et
3115 3692 3377 3758 percussit
3415 3691 3545 3744 ima-

1972 3776 2170 3844 ginem,
2215 3785 2269 3830 et
2296 3777 2457 3845 pedes
2495 3776 2698 3831 ferreos
2728 3794 2790 3832 ac
2814 3787 3074 3833 testaceos
3104 3797 3116 3832 :
3157 3789 3210 3834 et
3234 3782 3547 3837 comminuit

1971 3884 2064 3923 eos
2090 3868 2140 3922 in
2167 3869 2344 3923 linem.
2370 3870 2456 3924 55.
2481 3869 2627 3924 Tunc
2649 3871 2968 3926 comminuta
2999 3882 3119 3925 sunt
3144 3873 3358 3928 omnino
3389 3883 3542 3939 testa,

1972 3957 2206 4023 ferrum,
2246 3974 2353 4024 res,
2397 3969 2670 4027 argentum
2698 4001 2714 4026 ,
2742 3976 2928 4014 aurum
2962 3978 2975 4014 :
3005 3972 3058 4016 et
3081 3961 3216 4017 facta
3245 3971 3366 4018 sunt
3391 3966 3542 4033 quasi

1969 4049 2142 4118 pulvis
2175 4049 2243 4104 de
2280 4064 2403 4104 arca
2429 4052 2607 4106 aestiva
2639 4068 2651 4105 :
2678 4059 2732 4105 et
2768 4052 2955 4106 extulit
2979 4067 3039 4106 ea
3067 4053 3345 4108 multitudo
3373 4057 3540 4122 venti,

1969 4150 2024 4194 et
2065 4141 2209 4194 locus
2250 4157 2355 4196 non
2397 4150 2478 4196 est
2519 4142 2761 4198 inventus
2808 4143 2930 4198 illis.
2965 4162 2983 4195 ι
3030 4143 3146 4200 Νοη
3174 4146 3316 4200 enim
3358 4163 3539 4202 earum

1969 4248 2146 4286 rerum
2187 4241 2374 4288 natura
2401 4234 2606 4302 cognita
2645 4233 2758 4301 fuit,
2800 4234 2969 4290 donec
2998 4236 3073 4289 sol
3098 4236 3316 4305 justitite
3336 4248 3417 4292 est
3445 4254 3540 4292 ex-

1968 4338 2116 4382 ortus
2148 4347 2159 4380 :
2191 4329 2308 4399 quia
2331 4344 2514 4382 aurum
2545 4344 2646 4382 non
2676 4345 2863 4384 aurum
2889 4338 2988 4384 est.
3042 4329 3170 4384 Vide
3205 4339 3381 4385 autem
3405 4343 3459 4386 et
3487 4332 3539 4384 in
3569 4357 3577 4385 ι

1969 4419 2067 4472 hac
2089 4419 2196 4487 ipsa
2220 4435 2277 4475 re
2303 4436 2405 4473 non
2423 4428 2542 4489 post
2557 4419 2946 4484 contritionem,
2976 4419 3068 4473 sed
3090 4421 3349 4475 stantibus
3368 4421 3539 4476 adhuc

1968 4511 2235 4578 omnibus,
2279 4512 2476 4566 nullam
2505 4512 2778 4566 materiam
2806 4511 2908 4566 alia
2946 4527 3063 4566 esse
3091 4513 3536 4582 praestantiorem.

1969 4604 2119 4668 Vide,
2147 4615 2199 4659 et
2228 4615 2463 4673 aspectu,
2495 4616 2547 4659 et
2576 4613 2827 4674 tempore,
2859 4615 2909 4658 et
2934 4606 3182 4674 qualitate
3209 4616 3412 4671 tantum
3444 4606 3540 4665 has

1968 4694 2069 4748 illis
2093 4709 2211 4749 esse
2237 4695 2504 4750 meliores.
2554 4695 2678 4749 ldeo
2703 4696 2842 4750 enim
2867 4695 3002 4750 Deus
3027 4712 3211 4758 aurum
3238 4714 3445 4776 quoque
3471 4699 3539 4753 de

1970 4797 2105 4842 terra
2135 4787 2277 4851 fecit,
2301 4788 2505 4842 utnihil
2527 4804 2774 4858 magnum
2799 4789 2864 4844 de
2893 4791 2985 4846 illo
3010 4792 3329 4862 imaginaris.
3364 4793 3538 4860 Quare

1966 4891 2140 4934 autem
2167 4896 2384 4950 regnum
2414 4881 3124 4944 Nabuchodonosorisvocat.
3147 4901 3386 4949 aureum,
3411 4885 3513 4938 Per

1967 4987 2140 5026 sarum
2166 4981 2341 5026 autem
2371 4982 2696 5043 argenteum,
2725 4974 3071 5031 Macedonum
3098 4993 3315 5039 arreum,
3345 4976 3535 5039 Roma.

1967 5078 2152 5117 norum
2207 5063 2438 5120 ferreum
2496 5075 2657 5134 atque
2704 5069 3029 5122 testaceum?
3077 5069 3206 5122 Vide
3255 5069 3539 5136 dispositas

1966 5156 2343 5210 convenienter
2371 5157 2637 5210 materias.
2689 5157 2818 5212 Nam
2849 5175 3033 5214 aurum
3073 5160 3281 5213 divitias
3321 5158 3534 5229 quidem

1967 5255 2309 5315 reprmsentat
2338 5264 2350 5300 :
2384 5247 2667 5306 invalidum
2708 5259 2790 5304 est
2827 5260 3036 5314 autem,
3083 5260 3139 5306 et
3185 5251 3251 5304 ad
3295 5249 3535 5305 fraudem

1964 5350 2121 5407 atque
2147 5339 2212 5392 ad
2249 5348 2494 5393 ornatum
2520 5355 2582 5394 ac
2625 5341 3070 5410 magnificentiam
3111 5341 3279 5410 magis
3321 5357 3534 5396 accom-

1966 5429 2257 5484 modatum.
2299 5429 2385 5485 Sic
2419 5440 2472 5484 et
2511 5447 2726 5499 regnum
2759 5432 3103 5501 Babylonium
3132 5431 3340 5485 barbari
3371 5432 3532 5486 illius.

1964 5522 2182 5578 Multum
2206 5537 2368 5592 penes
2406 5523 2578 5593 ipsum
2607 5535 2660 5578 et
2689 5525 2826 5592 apud
2857 5525 3107 5579 barbaros
3130 5533 3243 5579 erat
3269 5525 3381 5578 auri
3416 5543 3427 5577 :
3461 5525 3532 5580 ibi

1966 5629 2193 5683 namque
2238 5613 2476 5669 feruntur
2525 5631 2644 5670 esse
2701 5616 2931 5670 metalla.
2988 5616 3192 5670 Etenim
3242 5632 3272 5670 a
3311 5616 3531 5672 Seribus

1965 5707 2161 5760 divitia:
2187 5723 2388 5777 magna:
2421 5716 2724 5776 portantur,
2761 5706 2854 5761 sed
2891 5707 3118 5761 inutiles.
3155 5708 3323 5778 Caput
3353 5719 3531 5764 autem

1969 5804 2228 5865 occupat,
2272 5799 2392 5869 quia
2421 5815 2637 5869 regnum
2679 5797 2804 5855 illud
2832 5797 2926 5853 fuit
2954 5799 3202 5869 primum.
3254 5800 3532 5868 Persarum
