4126 6294
358 285 453 340 $09

359 398 607 469 originem
637 399 862 458 duxisse
901 417 966 458 ex
1012 416 1207 472 genere
1258 404 1440 474 regio;
1487 403 1740 474 plurimos
1768 405 1925 457 etiam

356 492 507 547 fuisse
529 493 790 548 infideles.
816 495 904 549 44.
934 513 953 546 ι
984 495 1051 549 Et
1073 497 1123 549 in
1151 495 1335 550 diebus
1373 511 1554 566 regum
1579 496 1787 550 illorum
1808 509 1924 549 sns-

354 584 525 638 citabit
566 584 705 639 Deus
744 587 862 641 czeli
893 602 1130 656 regnum,
1184 587 1323 657 quod
1365 588 1416 641 iu
1457 577 1648 641 saecula
1684 602 1786 640 non
1810 602 1926 640 cor-

355 685 618 744 rumpetur
650 693 663 729 :
697 687 752 731 et
802 693 1018 747 regnum
1060 679 1177 748 ejus
1220 679 1412 749 populo
1441 680 1593 734 alteri
1633 695 1736 733 non
1765 679 1927 734 relin-

358 777 540 836 quetur
565 784 578 818 :
606 769 936 823 comminuet
985 779 1038 824 et
1062 771 1336 825 ventilabit
1372 771 1610 826 universa
1641 787 1800 841 regna
1834 789 1847 824 :
1876 781 1930 826 et

357 860 521 926 ipsum
552 869 804 929 exsurget
833 861 885 914 in
923 863 1135 916 srecula.
1170 881 1188 914 ι
1220 863 1482 921 Additcito
1521 863 1650 918 mihi
1695 865 1796 919 bne
1831 864 1925 920 Ju-

354 950 510 1004 dmos.
536 950 673 1018 Quid
692 951 758 1005 de
785 953 883 1007 hac
900 954 1168 1022 prophetia
1186 955 1374 1010 dicturi
1393 956 1547 1010 sunt?
1575 956 1758 1026 Neque
1786 957 1927 1010 enim

353 1041 584 1110 profecto
604 1043 672 1098 de
691 1043 920 1098 humano
946 1062 1107 1116 regno
1143 1047 1255 1102 bare
1283 1048 1359 1102 fas
1387 1058 1465 1102 est
1492 1048 1690 1116 dicere,
1723 1050 1926 1104 scilicet

352 1150 564 1204 regnum
591 1137 859 1191 infinitum
885 1140 1032 1193 fore:
1065 1140 1159 1195 sed
1185 1151 1393 1210 Oportet
1418 1143 1650 1212 aliquem
1679 1159 1796 1198 esse
1815 1185 1830 1210 ,
1855 1144 1922 1200 de

351 1241 450 1296 quo
489 1225 606 1281 haec
632 1229 775 1282 dicta
803 1238 944 1284 sunt.
972 1231 1123 1297 Quod
1165 1234 1207 1286 si
1234 1233 1430 1288 dixeris
1449 1276 1464 1300 ,
1493 1235 1560 1289 de
1590 1236 1744 1289 Patre
1795 1253 1918 1303 pro-

349 1319 445 1371 lata
490 1319 690 1383 fuisse,
717 1330 771 1375 at
797 1322 918 1376 audi
961 1324 1084 1392 quid
1114 1324 1320 1380 dicatur
1354 1344 1367 1380 :
1395 1326 1463 1379 In
1515 1328 1686 1382 diebus
1751 1346 1925 1398 regum

348 1411 546 1464 illorum
577 1429 594 1466 :
627 1413 982 1469 Romanorum
1010 1416 1268 1472 videlicet.
1291 1418 1440 1486 Quod
1464 1419 1507 1473 si
1535 1420 1712 1475 dicant
1737 1438 1748 1474 :
1777 1421 1922 1487 Quo-

349 1502 502 1556 modo
543 1518 733 1557 aurum
761 1513 1036 1560 conterere
1062 1507 1258 1575 potuit,
1286 1523 1475 1578 nempe
1497 1526 1714 1580 regnum
1747 1510 1920 1582 Baby-

349 1593 604 1648 loniorum
626 1636 643 1660 ,
675 1595 814 1664 quod
839 1597 946 1665 jam
969 1598 1096 1651 olim
1117 1607 1230 1652 erat
1256 1599 1626 1654 destructum?
1655 1602 1922 1670 quomodo

348 1688 503 1740 etiam
556 1698 867 1756 argentum,
927 1689 1178 1742 nimirum
1223 1706 1442 1760 regnum
1496 1691 1811 1746 Persarum?
1865 1703 1920 1746 et

347 1777 611 1846 quomodo
634 1793 740 1843 ars,
765 1779 964 1834 scilicet
988 1795 1204 1850 regnum
1225 1781 1605 1836 Macedonum?
1637 1783 1751 1836 haec
1777 1784 1918 1838 enim

348 1869 613 1938 quondam
638 1872 846 1925 fuerant
872 1881 926 1926 et
953 1873 1109 1926 finem
1136 1882 1470 1943 acceperant.
1507 1874 1698 1928 Verum
1731 1891 1796 1929 ne
1822 1876 1921 1928 mi-

349 1963 512 2025 reris,
569 1963 871 2018 carissime.
927 1962 983 2017 Si
1034 1964 1172 2019 enim
1224 1964 1420 2019 Paulus
1469 1981 1631 2020 ausus
1680 1981 1784 2020 non
1839 1977 1922 2020 est

350 2063 523 2118 aperte
545 2052 724 2122 loqui;
759 2052 850 2107 sed
889 2054 961 2108 ait
993 2073 1006 2108 :
1049 2054 1215 2108 Donec
1235 2057 1323 2125 qui
1353 2045 1480 2109 tenet
1510 2057 1573 2110 de
1600 2059 1760 2111 medio
1787 2059 1876 2126 ﬁat
1900 2074 1919 2112 :

351 2146 510 2198 multo
540 2147 708 2216 magis
739 2146 1011 2215 prepbeta.
1053 2148 1304 2215 Quantam
1332 2149 1473 2204 enim
1495 2191 1509 2216 ,
1555 2166 1738 2220 quaeso
1758 2193 1772 2216 ,
1806 2153 1914 2204 uti-

353 2234 466 2287 litas
495 2251 562 2288 ex
591 2246 778 2304 aperta
821 2236 1126 2306 ioquutione
1153 2247 1266 2292 orta
1294 2238 1515 2294 fuisset?
1543 2240 1596 2295 Si
1627 2249 1800 2294 autem
1832 2241 1916 2294 di-

352 2326 534 2392 xerint,
557 2328 675 2392 Quo
701 2337 855 2397 pacto
870 2331 1115 2383 contrivit
1130 2346 1202 2384 aes
1223 2345 1285 2385 ac
1304 2331 1538 2386 ferrum?
1561 2331 1675 2385 lucc
1695 2335 1917 2403 qurestio

352 2419 446 2472 erit
473 2419 795 2473 communis.
848 2420 1056 2475 Etenim
1098 2421 1164 2476 de
1212 2421 1338 2490 ipsis
1365 2422 1584 2491 perinde
1628 2434 1914 2493 quaaretnr,

352 2509 608 2577 quomodo
624 2509 735 2578 jam
749 2511 1009 2566 exstincta
1034 2527 1195 2582 regna
1221 2513 1643 2580 destruat‘iQuia
1667 2515 1914 2570 nimirum

351 2601 566 2655 destruit
589 2603 694 2655 alia
726 2618 888 2672 regna
911 2646 925 2668 ,
955 2604 1008 2658 in
1032 2605 1220 2673 quibus
1244 2604 1358 2660 ham
1384 2607 1741 2661 continentur.
1771 2608 1915 2661 Alio-

351 2694 466 2769 quin
489 2703 666 2748 autem
700 2693 751 2746 id
780 2695 1010 2748 latenter
1039 2696 1375 2764 Operabatur,
1404 2711 1526 2751 cum
1571 2699 1732 2752 etiam
1760 2709 1915 2753 antea

348 2786 482 2839 Deus
507 2795 684 2849 esset,
713 2787 808 2841 sed
841 2787 1072 2842 nondum
1101 2789 1220 2843 ideo
1251 2790 1396 2844 visus
1415 2830 1430 2854 ,
1475 2798 1533 2844 ut
1561 2805 1654 2844 vos
1675 2791 1792 2860 jure
1816 2791 1913 2846 du-

350 2873 598 2931 bitaretis.
625 2877 778 2943 Quod
810 2879 852 2930 si
875 2879 993 2947 quis
1016 2880 1236 2933 voluerit
1260 2881 1417 2934 etiam
1441 2880 1493 2934 in
1517 2881 1759 2949 praesenti
1785 2892 1915 2936 tem-

350 2982 473 3036 pore
528 2968 771 3038 accipere
827 2969 1205 3039 prophetiam,
1251 2986 1581 3041 nequaquam
1629 2972 1910 3026 aberravit.

347 3059 608 3127 Siquidem
657 3076 800 3115 nunc
849 3077 1059 3132 quoque
1106 3064 1352 3117 contrivit
1375 3079 1569 3133 regna,
1614 3067 1912 3134 superbiam

347 3153 684 3210 Macedonum
714 3158 790 3227 (et
818 3156 1199 3228 Romanorum)
1249 3159 1562 3227 potentiam.
1612 3159 1741 3212 Cum
1773 3161 1912 3214 enim

348 3248 534 3302 videris
587 3258 851 3320 martyres
896 3248 964 3303 ad
995 3249 1084 3303 Dei
1135 3248 1444 3302 mandatum
1492 3249 1815 3319 implendum
1863 3251 1916 3305 id

352 3336 630 3404 facientes,
679 3341 787 3395 imo
813 3351 870 3396 et
894 3352 1120 3396 mortem
1177 3341 1541 3397 sustinentes:
1588 3343 1789 3398 videbis
1827 3359 1916 3396 re-

351 3448 500 3499 gnum
549 3435 724 3494 illius,
770 3443 826 3489 et
869 3433 1138 3504 quomodo
1184 3443 1377 3489 terram
1423 3435 1730 3505 repleverit.
1768 3435 1917 3490 Nosti

353 3523 665 3590 prophetias.
694 3525 749 3580 Si
779 3542 898 3595 qum
923 3526 990 3580 ab
1018 3527 1118 3580 illis
1147 3526 1394 3595 praedicta
1425 3525 1635 3581 fuerant
1661 3543 1766 3582 non
1792 3542 1916 3582 eve-

355 3625 560 3681 nerunt,
590 3633 687 3672 nec
735 3619 1176 3673 consummationi
1230 3620 1410 3674 crede.
1461 3621 1660 3675 Deinde
1690 3622 1912 3690 adjicit:

355 3705 439 3759 45.
474 3724 491 3756 ι
526 3705 671 3761 Sicut
700 3707 878 3762 vidisti
901 3708 968 3763 de
995 3721 1171 3763 monte
1195 3710 1492 3766 abscissum
1521 3726 1640 3767 esse
1686 3713 1914 3782 lapidem

357 3796 464 3850 sine
513 3799 788 3864 manibus,
824 3801 913 3869 qui
941 3801 1253 3854 comminuit
1281 3810 1468 3855 testam
1492 3843 1506 3866 ,
1539 3802 1736 3856 ferrum
1758 3844 1772 3868 ,
1803 3818 1875 3857 (es
1895 3845 1911 3870 ,

358 3899 646 3956 argentum,
677 3905 864 3944 aurum
890 3931 906 3954 ,
932 3890 1072 3946 Deus
1105 3891 1352 3947 iudicavi:
1383 3894 1492 3962 regi
1524 3909 1642 3963 qua:
1671 3903 1916 3963 Oporteat

360 3976 462 4031 ﬁeri
493 3988 609 4049 post
635 3980 768 4036 hzec.
798 3981 864 4035 Et
887 3996 1069 4036 verum
1093 3993 1171 4037 est
1196 3985 1459 4038 somnium
1479 4026 1491 4048 ,
1515 3994 1569 4038 et
1594 3984 1762 4040 ﬁdelis
1787 4002 1917 4040 con-

357 4069 540 4138 jactura
567 4075 701 4142 ejus.
751 4074 881 4129 Vide
907 4075 1170 4145 quomodo
1210 4076 1365 4131 fidem
1409 4077 1648 4132 adstruat
1691 4079 1754 4132 iis
1796 4094 1915 4148 quae

360 4159 564 4215 dixerat.
597 4163 678 4217 Ex
723 4164 882 4218 rebus
920 4165 1212 4220 manifestis
1240 4167 1466 4222 obscura
1513 4168 1701 4237 probat
1722 4210 1735 4232 ,
1760 4169 1912 4237 quasi

361 4250 547 4309 diceret
597 4275 609 4310 :
646 4255 867 4310 Narravi
912 4259 1210 4324 somnium,
1267 4261 1688 4329 interpretationi
1729 4260 1910 4315 crede.

360 4342 478 4409 Quid
502 4345 655 4414 igitur
681 4348 809 4400 rex?
829 4348 918 4402 46.
955 4347 1122 4414 Tunc,
1154 4350 1353 4419 inquit,
1380 4367 1469 4404 rex
1500 4349 1911 4404 Nabuchodono-

359 4450 433 4487 sor
468 4439 637 4490 cecidit
668 4439 718 4490 in
747 4441 928 4510 faciem
964 4457 1132 4505 suam,
1159 4449 1203 4493 et
1241 4440 1501 4494 Danielem
1545 4441 1772 4495 adoravit
1800 4457 1818 4494 :
1865 4450 1910 4494 et

360 4543 526 4580 manna
551 4539 700 4600 atque
727 4529 910 4583 bonum
944 4531 1146 4586 odorem
1193 4532 1319 4586 dixit
1338 4542 1389 4585 ut
1433 4533 1640 4586 libarent
1685 4533 1749 4588 ei.
1781 4533 1910 4588 Tam

358 4619 451 4671 cito
478 4620 678 4676 Danieli
699 4622 962 4676 creditum
993 4632 1092 4677 est.
1123 4626 1198 4678 Ac
1226 4626 1413 4678 merito
1445 4626 1694 4694 pnecepit
1721 4641 1912 4680 manna

359 4719 405 4761 et
425 4710 610 4766 bonum
636 4713 856 4768 odorem
890 4714 1042 4768 libari
1062 4715 1134 4769 ei.
1164 4715 1321 4770 Vides
1360 4717 1643 4770 maximum
1683 4718 1913 4772 miracu-

361 4799 472 4854 lum.
511 4803 666 4859 Vides
689 4813 746 4858 ut
777 4821 892 4859 mos
922 4806 993 4859 sit
1032 4807 1316 4876 gentilibus
1344 4823 1406 4862 ex
1440 4807 1740 4862 hominibus
1783 4809 1911 4864 deos

359 4891 531 4949 facere.
582 4895 765 4966 Itaque
794 4897 1007 4965 quando
1047 4898 1322 4952 dixerint:
1378 4899 1530 4955 Unde
1574 4899 1910 4954 idololatria?

359 4986 652 5056 principium
685 4988 828 5041 illius
858 4989 1023 5043 disce.
1052 4989 1137 5044 Sic
1163 4991 1432 5060 apostolos
1460 5005 1670 5060 quoque
1714 5007 1776 5044 ex
1811 4991 1910 5045 ho-

322 5139 327 5151 __
356 5077 568 5134 minibus
594 5079 725 5135 deos
762 5080 1026 5135 faciebant
1053 5081 1187 5149 (Act.
1216 5082 1301 5135 14.
1331 5082 1418 5135 11.
1460 5092 1502 5136 et
1523 5081 1609 5136 28.
1635 5080 1711 5151 6).
1741 5082 1828 5136 Sic
1858 5091 1911 5137 et

323 5149 327 5171 ’
355 5165 578 5224 diabolus
611 5171 679 5226 ab
703 5171 854 5225 initio
874 5172 1200 5242 impietatem
1228 5174 1563 5228 introducere
1600 5149 1873 5228 contendit
1892 5216 1907 5241 ,

353 5259 518 5317 dicens
541 5282 554 5316 :
581 5261 742 5320 Erilis
767 5265 897 5318 sicut
937 5264 1007 5317 dii
1034 5264 1184 5334 (Gen.
1227 5266 1278 5319 '5.
1305 5265 1377 5332 5).
1420 5265 1486 5318 Et
1511 5267 1756 5334 quoniam
1788 5274 1911 5319 tunc

352 5368 444 5407 non
469 5354 666 5418 valuit,
699 5363 822 5425 post
856 5355 947 5408 illa
979 5355 1030 5408 id
1059 5363 1228 5409 tentat
1249 5397 1262 5421 ,
1292 5356 1486 5425 ubique
1510 5356 1758 5410 obnitens
1784 5355 1911 5410 deo-

351 5460 452 5498 rum
474 5446 867 5502 multitudinem
896 5445 1254 5500 introducere.
1284 5448 1371 5500 47.
1401 5446 1466 5499 Et
1493 5448 1796 5516 respondens
1822 5463 1910 5500 rex

347 5539 460 5591 dixit
483 5539 688 5592 Daniefi
711 5555 729 5592 :
756 5536 825 5591 In
846 5538 1054 5590 veritate
1078 5540 1190 5591 novi
1209 5539 1342 5609 quod
1371 5537 1502 5592 Deus
1526 5548 1679 5593 vester
1706 5541 1812 5608 ipse
1838 5547 1910 5593 est

347 5625 468 5683 Deus
507 5631 698 5694 virens,
745 5636 794 5682 et
820 5626 1071 5681 Dominus
1092 5644 1281 5698 regum.
1324 5628 1434 5684 [Ioc
1464 5630 1579 5684 solo
1620 5630 1862 5683 inductus
1891 5669 1906 5692 ,

339 5724 496 5779 statim
530 5719 768 5779 credidit
805 5737 901 5776 rex
933 5737 945 5773 :
977 5718 1143 5774 λιιᾱωί
1171 5736 1325 5784 vero.
1373 5736 1492 5775 cum
1536 5721 1696 5775 millia
1727 5719 1905 5790 hujus-

1720 288 1782 344 IN
1825 285 2188 343 DANIELEM.

3508 303 3613 357 ςιο

2035 402 2177 457 modi
2199 403 2475 470 audirent,
2495 421 2598 460 non
2620 409 3150 468 attendebaiit.Vidcs
3168 432 3270 486 qua
3291 418 3492 474 ratione
3516 421 3607 473 tibi

2032 495 2277 550 ostendat
2323 498 2555 567 gentium
2599 511 2805 570 gratum
2852 505 3126 562 animum?
3170 509 3610 581 Quandoquidem

2032 589 2172 641 enim
2196 587 2638 661 aderatdeinct-ps
2657 602 2884 663 tempus,
2911 598 2960 651 in
2979 616 3082 668 quo
3100 603 3377 671 Oportebat
3396 605 3460 656 ad
3476 620 3612 674 gen-

2034 679 2150 734 tiles
2178 680 2604 749 praedicationem
2628 689 2884 757 evangelii
2910 694 3212 761 exportari,
3236 695 3531 766 anticipans
3552 714 3611 754 se

2032 783 2249 828 excusat
2266 789 2358 843 per
2377 776 2583 830 illormn
2607 781 2988 850 progenitores,
3016 786 3354 858 ostenditque
3376 806 3478 843 non
3507 790 3610 844 fru-

2032 871 2141 917 stra
2161 879 2258 918 nec
2276 874 2476 921 temere
2499 869 2722 937 gentiles
2748 869 2943 926 Judaeis
2966 889 2992 924 a
3011 889 3069 928 se
3087 873 3249 931 fuisse
3271 878 3605 948 praepositos.

2635 1003 2856 1062 CAPUT
2896 1007 2982 1062 Ill.

2103 1132 2155 1185 1.
2194 1151 2212 1184 ‹
2250 1135 2402 1186 Anno
2427 1134 2632 1189 decimo
2657 1148 2844 1192 octavo
2873 1139 2950 1212 (α)
2989 1141 3484 1202 Nabuchodonosor
3513 1166 3606 1204 rex

2032 1222 2160 1278 fecit
2203 1226 2483 1296 imaginem
2514 1243 2727 1284 auream
2769 1249 2782 1285 :
2838 1232 3061 1288 altitudo
3125 1236 3242 1306 ejus
3301 1239 3604 1294 cubitorum

2027 1317 2334 1386 sexaginta,
2371 1329 2424 1374 et
2470 1320 2695 1376 latitudo
2735 1324 2848 1392 ejus
2886 1326 3184 1381 cubitorum
3224 1344 3317 1383 sex
3357 1349 3371 1383 :
3412 1340 3466 1384 et
3501 1344 3608 1386 sta-

2031 1410 2136 1464 tuit
2166 1425 2281 1464 eam
2323 1412 2374 1464 in
2414 1428 2601 1484 campo
2643 1415 2810 1470 Deera
2864 1418 2914 1472 in
2971 1421 3239 1489 provincia
3294 1423 3580 1493 Babylonis

2025 1498 2080 1552 2.
2144 1501 2208 1555 Et
2259 1502 2748 1562 Nabuchodonosor
2785 1510 2926 1563 misit
2986 1523 3362 1582 congregatum
3414 1531 3600 1572 omnes

2026 1602 2334 1658 summates,
2358 1603 2408 1647 et
2433 1605 2706 1664 praetores,
2741 1600 3019 1670 prmsides,
3052 1602 3216 1658 duces
3244 1613 3297 1658 et
3321 1613 3596 1677 tyrannos,

2025 1689 2078 1734 et
2109 1681 2158 1734 in
2207 1684 2558 1752 potestatibus
2603 1690 2957 1753 conSIitutos,
2997 1701 3050 1745 et
3087 1708 3273 1748 omnes
3323 1696 3597 1766 regionum

2028 1773 2383 1841 magistratus,
2415 1785 2484 1830 ut.
2516 1779 2756 1833 venirent
2781 1783 2844 1833 ad
2884 1781 3271 1840 dedicationem
3314 1788 3554 1856 imaginis
3579 1833 3594 1850 .

2026 1881 2184 1932 quam
2216 1876 2470 1922 statuerat
2494 1869 2984 1928 Nabuchodonosor
3006 1891 3117 1929 rex.
3157 1896 3173 1928 ι
3207 1878 3396 1947 Aspice
3423 1880 3604 1948 splen-

2029 1956 2242 2010 dentem
2277 1975 2454 2012 rerum
2486 1964 2762 2017 veritatem
2789 1982 2799 2014 :
2838 1974 2890 2018 et
2917 1976 3062 2020 certe
3085 1984 3237 2036 quem
3268 1985 3368 2022 non
3399 1971 3608 2040 puduis-

2022 2057 2105 2102 set
2133 2048 2383 2119 flagitium
2415 2053 2552 2121 regis
2579 2054 2883 2109 rcvelasse?
2908 2054 3041 2124 Quid
3073 2056 3240 2111 dicis?
3268 2059 3356 2113 ille
3389 2061 3477 2129 qui
3509 2061 3604 2114 ad-

2021 2141 2217 2204 oravit,
2250 2142 2336 2210 qni
2366 2158 2554 2198 manna
2583 2145 2795 2210 libavit,
2825 2148 2911 2216 qui
2954 2147 3116 2203 Deum
3146 2150 3280 2205 adeo
3304 2151 3601 2221 honoravit,

2020 2230 2107 2299 qui
2134 2231 2422 2288 admiratus
2445 2245 2557 2299 est,
2587 2245 2641 2290 et
2666 2252 2822 2306 supra
2851 2238 3064 2292 modum
3092 2239 3387 2310 obstupuit,
3415 2243 3599 2310 illene,

2021 2338 2119 2376 nec
2145 2324 2300 2393 longo
2329 2334 2564 2394 tempore
2605 2327 2787 2396 elapso
2805 2369 2819 2392 ,
2861 2330 3038 2384 statim
3067 2330 3132 2385 ad
3161 2332 3388 2401 priorem
3418 2349 3602 2390 rever-

2022 2416 2146 2468 titur
2186 2420 2468 2473 errorem?
2497 2419 2722 2475 Pulchre
2759 2437 2904 2477 sane.
2939 2423 3053 2478 Non
3095 2425 3236 2480 enim
3278 2442 3399 2481 eum
3438 2429 3604 2499 signis

2019 2506 2440 2578 obstupefecistis
2465 2533 2476 2566 :
2506 2527 2625 2565 nam
2654 2513 2781 2567 nihil
2808 2514 2996 2569 borum
3023 2519 3321 2586 cogitarunt
3335 2519 3599 2586 juvenes;

2018 2609 2071 2651 at
2110 2616 2270 2654 unum
2309 2602 2642 2658 solummodo
2679 2618 3062 2675 respexerunt,
3107 2611 3374 2678 quomodo
3404 2613 3600 2666 verita-

2019 2699 2122 2744 tem
2145 2691 2336 2746 nudam
2360 2693 2706 2764 deponerent.
2731 2697 3012 2767 Postquam
3035 2699 3174 2754 enim
3199 2699 3284 2754 ille
3306 2702 3490 2756 urbem
3513 2718 3603 2757 ce-

2018 2792 2169 2851 perat
2207 2785 2374 2854 (tunc
2401 2787 2596 2856 quippe
2623 2787 3006 2860 Jerosolymam
3040 2793 3391 2862 expugnavit,
3422 2803 3476 2848 et
3515 2795 3599 2848 illa

2018 2876 2210 2945 potitus
2252 2879 2408 2948 est),
2439 2881 2606 2934 erexit
2651 2881 2968 2951 imaginem,
3013 2884 3147 2938 forte
3197 2885 3248 2938 in
3298 2885 3601 2954 superbiam

2019 2968 2204 3021 elatus.
2229 2969 2450 3036 Quidam
2472 2971 2672 3034 dicunt,
2698 2973 2837 3042 quod
2857 2974 3094 3044 imaginis
3113 2976 3253 3030 illius
3272 2975 3599 3043 recordatus,

2018 3071 2135 3126 qua:
2165 3059 2263 3128 ipsi
2297 3061 2346 3112 in
2379 3063 2576 3115 somnis
2614 3072 2824 3117 ostensa
2853 3065 3021 3119 fuerat
3049 3083 3062 3119 :
3090 3065 3177 3120 alii
3207 3076 3386 3122 autem
3415 3067 3597 3133 aiunt,

2018 3149 2158 3217 quod
2179 3150 2408 3219 seipsum
2439 3153 2488 3204 in
2516 3153 2645 3207 deos
2675 3155 2873 3210 referre
2893 3157 3094 3210 volens.
3133 3157 3340 3212 Etenim
3371 3158 3472 3212 hoc
3500 3158 3601 3213 dc-

2019 3242 2213 3295 siderio
2245 3243 2557 3298 tenebantur
2585 3247 2817 3316 antiqui,
2850 3257 2907 3302 ut
2947 3248 3018 3302 dii
3053 3259 3432 3316 censerentur,
3465 3251 3602 3308 sicut

2016 3332 2276 3388 diabolus.
2312 3334 2376 3388 Et
2405 3335 2525 3389 vide
2578 3337 2796 3392 exitum.
2827 3338 2958 3393 Cum
2988 3341 3254 3397 omisisset
3292 3340 3513 3412 jubere,
3544 3352 3602 3397 ut

2019 3425 2192 3494 ipsum
2220 3426 2529 3491 adorarent,
2559 3428 2731 3483 effecit
2760 3439 2816 3483 ut
2845 3431 3017 3501 imago
3042 3447 3134 3487 sua
3163 3433 3470 3489 adoraretur
3490 3477 3503 3499 ,
3532 3448 3600 3489 ex

2019 3517 2181 3570 multa
2209 3533 2383 3572 rerum
2415 3518 2731 3573 abundantia
2773 3519 2822 3574 id
2853 3522 3117 3577 conficere
3159 3525 3342 3577 volens
3362 3565 3376 3588 ,
3407 3534 3461 3579 et
3489 3541 3602 3580 ma-

2017 3607 2290 3677 gnitudine
2320 3617 2475 3676 atque
2501 3609 2744 3677 corporis
2771 3611 2909 3665 mole
2934 3613 3152 3682 cupiens
3179 3615 3470 3682 percellere
3496 3657 3509 3679 ,
3532 3631 3595 3670 ac

2018 3717 2200 3758 rursus
2221 3718 2248 3755 a
2276 3703 2413 3756 loco.
2440 3702 2506 3756 In
2528 3703 2637 3756 loco
2663 3703 2853 3769 Deera,
2886 3705 3073 3774 inquit.
3101 3705 3329 3776 Campus
3359 3717 3473 3762 erat
3496 3707 3596 3762 for-

2018 3805 2159 3850 tasse
2184 3795 2415 3849 acclivis.
2451 3794 2535 3848 12.
2570 3815 2587 3847 ‹
2623 3796 2756 3850 Sunt
2777 3794 2874 3848 viri
2898 3795 3064 3850 Judaei
3083 3838 3096 3859 ,
3122 3811 3253 3866 quos
3278 3799 3598 3853 constituisti

2019 3905 2178 3959 super
2217 3905 2375 3958 opera
2419 3888 2723 3960 Babylonis,
2753 3889 3073 3956 Sedrachus,
3103 3889 3389 3957 Misachus,
3421 3890 3598 3946 Abde-

2018 3996 2172 4050 nago.
2201 3980 2311 4035 Viri
2338 3981 2413 4035 illi
2456 3996 2558 4035 non
2583 3981 2899 4037 obedierunt
2923 4021 2938 4047 ,
2970 3997 3063 4037 rex
3086 4023 3102 4049 ,
3139 3981 3353 4037 decreto
3382 3992 3473 4037 tuo
3495 4025 3511 4048 ,
3543 3993 3596 4038 et

2018 4073 2147 4126 deos
2172 4080 2290 4127 tuos
2316 4088 2417 4126 non
2440 4073 2623 4127 colunt
2650 4114 2664 4136 ,
2691 4082 2746 4128 et
2771 4073 3054 4144 imaginem
3077 4087 3290 4127 auream
3313 4089 3469 4144 quam
3498 4083 3596 4128 sta-

2019 4163 2159 4217 tuisti
2191 4179 2294 4217 non
2317 4163 2558 4218 adorant.
2591 4165 2677 4218 15.
2722 4165 2870 4219 Tunc
2910 4163 3397 4219 Nabuchodonosor
3426 4164 3478 4218 in
3516 4165 3598 4218 fu-

2016 4269 2139 4308 rore
2161 4263 2212 4308 et
2237 4256 2311 4308 ira
2333 4255 2486 4321 dixit,
2511 4265 2568 4309 ut
2588 4255 2912 4310 adducerent
2931 4255 3281 4320 Sedrachum,
3305 4255 3594 4310 Misacbum

2016 4357 2069 4399 et
2095 4345 2526 4417 Abdenagonem.
2557 4365 2575 4398 ι
2623 4347 2898 4414 Quomodo
2929 4346 3013 4402 hic
3041 4361 3146 4402 non
3185 4355 3458 4416 comparet
3487 4347 3594 4401 Da-

2017 4438 2152 4491 niel?
2181 4437 2304 4491 Mihi
2343 4437 2551 4493 videtur
2571 4480 2586 4504 ,
2617 4438 2895 4492 Chaldaeos
2933 4447 3231 4493 metuentes
3261 4453 3365 4491 non
3421 4438 3593 4507 ipsum

2015 4529 2389 4594 denuntiasse,
2433 4530 2515 4584 vel
2561 4544 2738 4598 regem
2781 4529 3077 4584 reverentia
3117 4527 3400 4583 adductum
3446 4527 3594 4581 illum

2017 4636 2119 4674 non
2160 4621 2431 4689 coegisse,
2473 4635 2541 4673 ne
2578 4619 2914 4675 manifestum
2950 4619 3169 4673 haberet
3207 4627 3591 4672 accusatorem.

2015 4711 2235 4778 Quidam
2265 4725 2390 4764 vero
2417 4710 2628 4774 dicunt,
2651 4710 2771 4778 quia
2795 4709 3080 4764 vocabatur
3101 4709 3342 4763 Baltazar
3363 4708 3382 4777 (
3404 4706 3468 4779 b)
3498 4729 3508 4763 :
3541 4707 3593 4761 id

2015 4817 2191 4856 autem
2225 4818 2415 4855 nomen
2459 4812 2570 4855 erat
2601 4803 2722 4855 idoli
2752 4801 2892 4870 quod
2921 4801 3059 4870 apud
3093 4801 3408 4871 Babylonios
3445 4800 3594 4853 cole-

2016 4896 2184 4949 batur.
2221 4895 2358 4948 Deus
2385 4892 2542 4962 igitur
2569 4892 2794 4961 providit
2821 4900 2877 4946 ut
2905 4893 2954 4945 in
2983 4891 3252 4946 fornacem
3281 4906 3386 4943 non
3412 4891 3592 4943 mitte-

2015 4998 2178 5051 retur,
2204 5003 2269 5042 ne
2292 4987 2495 5040 scilicet
2519 4987 2704 5050 virtus,
2727 5001 2826 5054 qua
2853 4985 3143 5053 periculum
3167 4984 3425 5036 vitaturus
3453 4991 3588 5040 erat,

2014 5081 2061 5136 ei
2088 5079 2286 5134 nomini
2309 5078 2716 5133 adscriberetur.
2742 5077 2878 5145 Quid
2905 5076 3060 5147 igitur
3087 5084 3195 5129 tres
3217 5071 3404 5144 pueri?
3429 5070 3590 5125 Maxi-

2081 5231 2150 5300 (α)
2164 5229 2308 5300 Amic.
2327 5235 2583 5300 (ιμοξεριει
2597 5236 2686 5300 ρει.
2700 5228 3248 5300 “roseum-Icadii.
3265 5228 3401 5300 acim
3422 5244 3579 5300 expe-

2067 5291 2181 5340 iatio
2205 5291 2336 5339 urbis
2358 5292 2406 5340 in
2426 5292 2908 5340 Nabuchodonosoris
2931 5295 3002 5347 18,
3028 5299 3078 5339 et
3107 5291 3164 5338 1-9
3191 5306 3201 5337 :
3228 5292 3256 5338 4
3283 5293 3401 5351 Heg.
3426 5291 3503 5349 235,
3526 5293 3576 5351 8,

2067 5307 2181 5340 laLIO
2205 5307 2336 5339 urnis
2358 5307 2406 5340 in
2427 5307 2908 5340 nanucnoaonosons
2931 5307 3002 5347 ιδ,
3028 5307 3078 5339 et
3107 5307 3164 5338 ιιυ
3191 5307 3201 5337 :
3228 5307 3256 5338 s
3283 5307 3401 5351 neg.
3427 5307 3503 5349 ι),
3526 5307 3574 5351 δ,

2017 5307 2201 5401 ﬂrem.
2228 5354 2305 5410 52,
2333 5353 2407 5412 12,
2431 5354 2507 5400 29.
2532 5353 2703 5413 Neque
2730 5353 2999 5401 audiendus
3033 5351 3245 5413 Grotius.
3273 5351 3356 5413 qui
3387 5355 3574 5401 Jerem.

2019 5415 2106 5481 52,
2133 5416 2224 5481 29,
2251 5418 2591 5481 corrigendum
2624 5412 2742 5481 esse
2760 5427 2882 5463 anno
2917 5414 2981 5481 19_
3005 5412 3575 5481 st_ispi_cat_ur._Joseplius

2018 5476 2101 5523 lib.
2130 5475 2147 5521 1
2174 5484 2336 5523 contra
2365 5474 2599 5535 Apioncm
2623 5488 2633 5520 :
2659 5477 2915 5536 Γέγραπται
2935 5476 3022 5534 γὰρ
3034 5476 3080 5521 ἐν
3092 5474 3575 5536 αὐταῐςβίγιριηνξδ)

2019 5540 2088 5584 ὅτι
2124 5538 2591 5598 Ναϐουχοδονόσορος
2621 5536 3011 5595 ὀκτωκαιδεκάτῳ
3040 5543 3121 5593 τῆς
3156 5536 3299 5583 αὐτοῦ
3340 5539 3576 5598 βασιλείας

2019 5601 2110 5646 ἔτει
2131 5600 2209 5644 τὸν
2230 5601 2338 5660 παρ’
2359 5600 2469 5658 ἡμῖν
2493 5601 2604 5645 ναὸν
2621 5600 2866 5658 ἠρήμωσε,
2889 5598 2967 5642 καὶ
2984 5599 3040 5654 ἡν
3063 5600 3236 5658 ἀφανής
3260 5600 3333 5645 ἐπὶ
3355 5599 3432 5654 ἐτη
3459 5599 3578 5646 ἑπτά

2023 5661 2084 5722 (Ι.
2113 5662 2432 5722 ἐϐδομήκοντα
2449 5663 2460 5716 )
2479 5675 2488 5685 ⁸
2517 5663 2716 5719 δευτέρῳ
2744 5662 2792 5707 δὲ
2813 5666 2900 5722 τῆς
2923 5661 3353 5722 Κύρουμβασι).είας,
3379 5667 3476 5707 etc.

2084 5724 2149 5783 (li)
2174 5719 2235 5771 lia
2263 5720 2345 5771 fuit.
2367 5729 2532 5783 postea
2552 5722 2716 5782 opinio
2743 5720 2907 5769 lsidori
2935 5719 3197 5770 Pelusiotae
3223 5721 3307 5772 lib.
3329 5724 3369 5779 ι,
3390 5735 3468 5784 cp.
3497 5720 3569 5768 l9.
