4126 6294
595 348 693 403 2H

593 485 679 524 me
705 468 948 540 equidem
980 468 1077 539 ipsi
1106 485 1317 540 quoque
1346 486 1462 526 rem
1499 469 1819 526 confutaturi
1846 476 2016 525 erant.
2050 468 2171 525 Cte-

590 569 762 615 terum
809 560 859 614 in
914 560 999 615 illa
1050 560 1391 630 praedictione
1424 562 1684 633 superiori
1720 562 1986 633 quomodo
2035 561 2176 618 Deus

589 653 731 723 idem
763 670 866 708 non
895 653 1197 724 disposuit?
1246 656 1678 712 Criminabantur
1726 658 1844 714 illos
1896 656 2171 718 Chaldaei:

586 747 873 816 plurimum
905 749 1044 802 enim
1095 758 1267 818 potest
1305 749 1521 804 invidia.
1571 749 1733 805 Ferre
1776 766 1880 805 non
1929 759 2174 821 poterant

586 838 829 904 captivos
858 840 983 908 ipsis
1009 841 1332 895 imperantes
1358 842 1616 912 aspicere.
1639 840 1744 897 Sed
1772 842 1910 898 vide.
1942 844 2088 898 Sicut
2117 844 2169 899 in

588 925 841 995 Dunielc,
885 932 1030 997 prius
1057 930 1355 985 didicerunt
1396 931 1535 986 illius
1562 947 1738 988 mores
1763 948 1827 989 ac
1865 946 2165 991 mansueto.

584 1018 763 1072 dinem
784 1058 799 1085 ,
830 1030 884 1073 et
914 1028 1040 1075 tunc
1080 1022 1228 1091 signa
1256 1022 1535 1080 viderunt:
1564 1025 1635 1079 ita
1662 1024 1820 1080 etiam
1853 1025 1937 1080 hic
1976 1027 2026 1081 in
2055 1043 2168 1082 me-

583 1108 727 1162 dium
774 1109 1039 1165 ducuntur
1064 1115 1241 1181 pueri,
1268 1122 1321 1168 et
1352 1114 1575 1183 primum
1613 1130 1799 1171 eorum
1840 1118 2168 1188 propositum

583 1197 869 1253 denudavit
896 1200 1037 1255 Deus
1068 1220 1080 1256 :
1114 1212 1165 1257 et
1194 1203 1270 1257 illi
1299 1204 1369 1258 ita
1402 1207 1676 1275 praeparati
1710 1222 1815 1261 non
1846 1208 1898 1262 in
1932 1208 2164 1264 medium

584 1290 903 1346 insilicrunt.
934 1292 1090 1347 Scitis
1121 1305 1293 1350 autem
1325 1295 1590 1351 hominem
1610 1340 1625 1361 ,
1654 1298 1742 1367 qui
1771 1302 2015 1367 praesenti
2046 1302 2167 1355 vita:

583 1386 906 1440 renuntiavit
926 1428 941 1452 ,
970 1387 1166 1457 quique
1206 1388 1359 1444 facile
1389 1402 1615 1446 mortem
1642 1394 1899 1460 sustinet,
1932 1410 2035 1449 non
2067 1395 2164 1463 de-

583 1484 929 1531 trectaturutn
970 1480 1229 1548 quidlibet
1264 1482 1493 1549 audere,
1536 1486 1694 1539 etiam
1726 1501 1910 1541 eorum
1941 1505 2058 1558 quae
2091 1497 2167 1545 te-

582 1556 808 1623 meraria
832 1586 949 1626 esse
972 1571 1233 1627 videntur.
1256 1578 1501 1631 Attamen
1526 1578 1645 1643 isti,
1671 1579 1770 1633 etsi
1791 1590 2015 1636 mortem
2038 1598 2164 1638 con-

584 1670 917 1727 temnerent,
951 1668 1208 1722 mansueti
1239 1678 1427 1734 erant;
1459 1686 1557 1725 nec
1586 1671 1704 1727 illos
1732 1672 1996 1729 ullatenus
2027 1675 2165 1731 laesit

580 1752 868 1821 fortitudo,
901 1774 996 1812 nec
1024 1758 1073 1811 in
1111 1759 1382 1815 audaciam
1422 1762 1676 1830 adduxit;
1710 1780 1881 1836 neque
1912 1767 1963 1822 id
1994 1768 2164 1823 ambi-

580 1838 723 1919 tione
766 1847 1046 1903 faciebant.
1081 1850 1171 1905 23.
1221 1870 1240 1903 ι
1290 1853 1357 1906 Et
1395 1854 1492 1908 viri
1533 1856 1605 1909 illi
1647 1865 1790 1924 tres,
1823 1858 2157 1928 Sedrachus,

579 1934 845 1991 Misaehus
906 1950 959 1994 et
983 1940 1270 2013 Abdenago
1291 1983 1306 2008 ,
1333 1945 1639 2000 ceciderunt
1662 1948 1713 2002 in
1741 1948 1968 2004 mediam
1994 1951 2162 2005 forna-

577 2043 693 2103 cem
724 2030 858 2100 ignis
893 2033 1197 2103 ardentem,
1232 2037 1396 2105 ligati.
1436 2040 1525 2095 24.
1573 2041 1639 2094 Et
1674 2041 2079 2100 deambulabam
2106 2046 2160 2101 in

575 2120 754 2173 medio
805 2122 1063 2191 ﬂammas,
1113 2128 1390 2183 laudantes
1438 2130 1640 2198 Deum,
1683 2144 1737 2188 et
1780 2133 2159 2193 benedicentes

575 2204 879 2267 Dominum.
913 2215 1042 2270 Vide
1070 2234 1245 2271 nonne
1272 2220 1527 2276 mirabilis
1555 2238 1617 2277 ac
1644 2223 1909 2295 inopinata
1937 2237 2017 2281 est
2043 2228 2158 2283 haec

574 2314 692 2367 res,
719 2303 989 2359 ambulare
1014 2307 1172 2361 simul
1193 2324 1256 2363 ac
1281 2310 1512 2376 laudare,
1537 2315 1687 2381 quasi
1714 2327 1892 2371 essent
1914 2318 1963 2370 in
1988 2334 2155 2389 aqua-

574 2406 690 2445 rum
723 2394 969 2451 lavacro?
1008 2398 1334 2470 Quamquam
1366 2404 1492 2457 nihil
1532 2406 1601 2459 ibi
1640 2417 1789 2474 erat,
1819 2409 1956 2479 quod
1990 2412 2158 2482 impe-

577 2482 755 2540 diret:
799 2489 1222 2560 quandoquidem
1259 2495 1399 2550 Deus
1427 2497 1684 2554 voluerat.
1717 2501 1842 2556 Tale
1870 2502 1994 2573 quid
2024 2505 2154 2559 mihi

571 2576 784 2632 videtur
826 2579 993 2637 fuisse
1019 2592 1072 2637 et
1099 2585 1187 2639 ille
1229 2586 1364 2657 ignis
1384 2631 1399 2655 ,
1434 2606 1539 2659 quo
1564 2592 1823 2647 combusti
1853 2604 1975 2649 sunt
2001 2595 2034 2650 ii
2064 2598 2155 2667 qui

571 2679 719 2722 extra
748 2668 1017 2728 fornacem
1047 2685 1197 2731 erant
1224 2695 1236 2730 :
1265 2690 1317 2734 et
1343 2678 1431 2735 hic
1456 2681 1591 2750 ignis
1618 2693 1764 2750 erat,
1789 2692 1841 2739 et
1868 2686 1955 2741 ille
1980 2686 2149 2757 ignis;

570 2770 622 2814 et
652 2761 765 2817 haec
808 2778 1031 2837 corpora
1054 2808 1070 2835 ,
1118 2778 1171 2824 et
1198 2770 1283 2826 illa
1309 2787 1531 2843 corpora
1558 2792 1572 2838 ;
1605 2784 1658 2830 et
1688 2786 1859 2832 tamen
1896 2779 2009 2835 hmo
2036 2782 2151 2836 atti-

567 2853 677 2923 git,
707 2855 808 2910 illis
829 2872 955 2912 vero
974 2861 1246 2917 abstinuit.
1276 2864 1433 2922 Vides
1458 2879 1710 2938 quantum
1738 2872 1804 2925 sit
1832 2872 2029 2929 bonum
2055 2892 2148 2931 vo-

567 2945 743 3002 luntas
771 2953 1004 3020 optima?
1035 2956 1322 3013 admiratus
1351 2975 1410 3015 es
1437 2976 1621 3017 eorum
1654 2964 2019 3022 voluntatem?
2046 2970 2144 3024 Μία

566 3053 687 3094 rare
708 3042 919 3099 Domini
944 3045 1394 3117 benevolentiam,
1420 3063 1474 3108 et
1499 3054 1752 3110 honorem
1775 3074 1932 3127 quem
1955 3060 2006 3114 in
2030 3061 2148 3117 illos

565 3134 821 3189 exhibuit.
850 3136 1203 3208 Gloriﬁcantes
1231 3160 1310 3198 me
1330 3146 1623 3215 gloriﬁcabo
1678 3150 1763 3221 (1.
1793 3149 1920 3223 Reg.
1944 3153 1996 3207 2.
2027 3154 2147 3224 50),

563 3225 751 3303 inquit.
782 3229 1012 3288 Steterat
1053 3236 1353 3292 universum
1386 3238 1669 3296 theatrum.
1702 3242 1872 3313 Supra
1902 3256 2143 3303 naturam

561 3317 763 3388 loquuti
789 3332 949 3389 sunt;
978 3341 1136 3396 supra
1169 3337 1411 3385 naturam
1440 3331 1559 3387 illos
1588 3334 1832 3391 honorat.
1867 3338 2059 3407 Aspice
2090 3350 2146 3395 ut

561 3409 737 3466 famuli
765 3415 951 3470 eadem
980 3433 1097 3488 qua:
1122 3419 1377 3477 Dominus
1406 3423 1628 3492 possint.
1659 3427 1799 3494 Quid
1829 3429 2037 3484 miraris
2055 3471 2069 3495 ,
2098 3433 2142 3487 si

558 3516 738 3574 regem
767 3505 1080 3579 derideant,
1108 3528 1228 3567 cum
1256 3514 1377 3570 illos
1416 3515 1679 3573 elementa
1708 3532 2054 3577 revereantur
2078 3539 2142 3580 ac

558 3598 866 3666 suspiciant.
890 3600 1141 3659 Caminus
1166 3604 1338 3661 factus
1380 3618 1461 3663 est
1486 3608 1724 3665 Ecclesia
1755 3610 1832 3683 (a)
1861 3630 1874 3667 :
1906 3613 2002 3684 ipsi
2033 3631 2139 3671 ca:-

557 3684 612 3741 lo
640 3697 756 3743 erat
781 3691 991 3747 similis.
1019 3694 1116 3751 Hic
1138 3696 1248 3765 jam
1276 3698 1691 3769 incorruptionis
1714 3704 2137 3773 experimentum

555 3788 833 3848 ceperunt.
880 3783 1318 3856 Quandoquidem
1350 3800 1403 3845 et
1431 3791 1499 3845 ab
1525 3793 1676 3848 initio
1703 3808 1929 3865 corpora
1959 3808 2140 3853 nostra

555 3872 823 3939 passibilia
845 3886 1118 3943 peceatum
1146 3879 1299 3935 fecit:
1331 3897 1449 3936 cum
1478 3884 1635 3954 igitur
1654 3886 1796 3956 justa
1824 3899 2134 3958 operantur,

554 3960 747 4016 iterum
773 3964 1111 4032 impassibilia
1135 3968 1283 4025 ﬁunt.
1309 3972 1371 4026 Et
1391 3974 1797 4047 deambulabam,
1818 3981 2005 4051 inquit.
2031 3982 2136 4038 Sed

554 4051 829 4105 videamus
848 4055 973 4123 quid
996 4056 1310 4128 loquantur;
1339 4064 1615 4121 audiamus
1644 4083 1827 4125 vocem
1858 4075 2135 4144 mysticam

552 4158 673 4197 eum
703 4145 881 4215 quiete
913 4150 1094 4203 multa.
1128 4150 1315 4206 Vidisti
1338 4170 1520 4211 vocem
1550 4158 1903 4217 inordinatam
1926 4174 1979 4219 et
2003 4180 2131 4220 cou-

550 4232 721 4288 fusam
751 4238 1020 4294 sambucas
1050 4251 1104 4296 et
1130 4244 1396 4311 psalterii,
1428 4255 1481 4301 et
1506 4251 1760 4307 musicae?
1787 4254 1920 4309 Audi
1946 4271 2132 4313 vocem

550 4327 618 4379 ab
645 4326 763 4396 igne
787 4331 1057 4386 emissam.
1087 4334 1276 4391 Nonne
1301 4339 1495 4395 mirum
1524 4343 1620 4398 tibi
1648 4345 1925 4402 videbatur
1946 4366 2129 4406 vocem

549 4418 644 4472 Dei
672 4420 741 4475 ab
772 4422 891 4491 igne
921 4426 1043 4481 edi?
1075 4430 1210 4486 Ecce
1239 4433 1396 4487 etiam
1426 4437 1596 4491 servis
1624 4440 1735 4494 suis
1763 4438 1868 4496 hoc
1892 4442 2126 4499 donavit.

547 4510 680 4576 Quis
703 4528 797 4569 aer
825 4531 1107 4584 percussus
1146 4538 1331 4580 vocem
1369 4542 1487 4582 eam
1526 4527 1823 4587 efficiebat?
1861 4532 2050 4591 Nonne
2076 4537 2130 4593 id

548 4619 764 4675 semper
785 4622 879 4662 eos
903 4611 993 4680 qui
1020 4613 1365 4673 comburendi
1397 4628 1520 4674 sunt
1561 4622 1884 4691 admonent,
1916 4637 1973 4680 ttt
1999 4642 2128 4698 ape-

544 4694 688 4750 riant
732 4711 863 4763 ora,
922 4703 1062 4770 quod
1113 4707 1192 4761 sic
1220 4724 1289 4763 ne
1336 4712 1548 4779 paulum
1593 4716 1804 4783 quidem
1834 4719 2005 4788 possit
2035 4694 2128 4776 vvis

544 4788 798 4859 deinceps
835 4793 887 4847 in
943 4809 1167 4866 corpore
1207 4816 1519 4869 permanere
1546 4807 1601 4858 ‘?
1635 4808 1762 4865 Vide
1807 4824 2123 4869 concentum

544 4881 825 4949 musicum,
852 4898 1042 4942 omnes
1079 4890 1326 4947 nimirum
1366 4898 1513 4965 quasi
1561 4914 1625 4954 ex
1666 4917 1772 4957 uno
1815 4919 1910 4960 ore
1959 4904 2122 4961 Deum

540 4968 840 5029 laudantes.
869 4975 959 5033 25.
994 4977 1059 5032 Et
1084 4991 1223 5035 stans
1252 4985 1462 5040 Azarias
1489 4990 1649 5043 oravit
1673 4993 1744 5045 sic
1774 5009 1793 5047 :
1820 5003 1868 5047 et
1894 4998 2123 5067 aperiens

542 5076 598 5115 os
621 5078 771 5119 suum
797 5067 850 5120 in
875 5068 1041 5123 medie
1066 5070 1198 5141 ignis
1225 5075 1373 5129 dixit.
1400 5076 1467 5132 Ut
1495 5094 1599 5133 non
1630 5084 1903 5139 existimes
1930 5101 2024 5141 eos
2055 5088 2121 5143 de

542 5158 894 5223 praesentibus
924 5161 1081 5217 rebus
1110 5164 1309 5232 gratias
1334 5181 1512 5236 agere,
1548 5170 1670 5226 ideo
1696 5174 1763 5228 de
1791 5176 2117 5244 captivitate,

539 5253 595 5302 ct
634 5250 895 5307 molestiis
931 5253 996 5309 iis
1034 5269 1154 5325 quae
1193 5256 1322 5325 ipsis
1360 5262 1715 5333 contigerant,
1760 5266 1928 5322 Deum
1979 5269 2120 5326 invo-

602 5406 620 5438 ι
653 5414 899 5479 cenamus
919 5408 1054 5462 locus
1082 5412 1132 5479 in
1163 5417 1400 5479 Paraenesi
1439 5418 1590 5479 prima
1626 5414 1683 5469 ad
1712 5416 2010 5473 Theodorum
2047 5425 2116 5475 la-

538 5478 813 5547 psummeap.
837 5472 895 5547 5,
922 5476 1107 5547 Temo-1
1133 5490 1145 5524 :
1167 5476 1331 5547 sciunt
1353 5472 1513 5529 autem
1534 5493 1710 5547 anates,
1730 5484 1818 5547 qui
1840 5472 2113 5547 adfuerint},

538 5539 647 5603 cum
662 5530 813 5603 aliqui
836 5530 1367 5603 cemburebautur,eos
1390 5542 1621 5603 quamdiu
1649 5530 2117 5603 *qiiltéhi‘iiziiaiﬁl

943 5598 1187 5668 paulisper
1201 5586 1369 5672 saltem
1650 5586 2014 5669 inEEitiquI-‘s'i

535 5660 851 5761 τᾶνὲοηινισαι
876 5665 925 5705 ut
948 5672 1000 5708 os
1021 5660 1261 5723 aperiant,
1301 5663 1463 5716 statim
1496 5667 1709 5717 animam
1730 5682 1758 5719 e
1778 5660 1983 5733 corpore
2000 5660 2113 5724 aio-

596 5774 669 5836 (a)
703 5775 823 5835 Quia
838 5777 1049 5832 Ecclesia
1070 5789 1156 5847 est,
1182 5783 1264 5836 ubi
1280 5792 1395 5849 tm,
1421 5788 1575 5852 inquit
1597 5790 1935 5844 Tertullianus.

1270 348 1327 407 S.
1367 346 1644 407 JOANNIS
1680 344 2159 405 CDRYSOSTOMI
2196 345 2510 403 ARCHIEP.
2553 347 3081 407 CONSTANTINOP.
3708 366 3799 422 an

2286 476 2426 523 cant.
2458 467 2588 525 Vide
2616 476 2675 525 ut
2701 467 2972 540 incipiant.
3008 470 3098 526 26.
3132 488 3151 523 ι
3182 470 3485 532 Benedictus
3511 492 3584 547 es,
3608 480 3803 539 Domine

2285 559 2420 614 Deus
2460 570 2667 630 patrum
2706 570 3030 626 nostrorum,
3063 569 3118 617 et
3143 562 3395 620 laudabile
3418 576 3468 622 et
3490 569 3804 639 glorificatutn

2280 667 2472 707 nomen
2504 662 2651 709 tuum
2677 654 2728 709 in
2758 655 2974 710 saecula.
3007 656 3098 711 49.
3143 658 3373 727 Angelus
3414 670 3579 716 autem
3621 664 3804 722 Domini

2279 744 2555 800 descendit
2591 762 2710 801 cum
2748 748 2934 802 Azaria
2965 758 3019 803 et
3048 749 3206 803 sociis
3237 750 3351 820 ejus
3378 751 3427 805 in
3457 751 3703 811 fornacem
3726 774 3739 810 :
3760 766 3809 814 et

2278 836 2512 889 excussit
2537 834 2803 890 ﬂammam
2832 837 2966 907 ignis
3007 837 3075 893 de
3104 837 3337 905 fornace,
3377 841 3459 896 50.
3494 851 3546 897 et
3572 844 3685 898 fecit
3707 861 3807 901 rne-

2276 926 2421 981 dium
2461 926 2713 994 fornacis,
2762 929 2915 999 quasi
2967 938 3184 984 ventum
3232 931 3368 985 roris
3414 933 3723 1001 sibilantem;
3761 946 3810 993 et

2276 1030 2379 1071 non
2407 1018 2576 1088 tetigit
2608 1032 2700 1073 eos
2734 1020 2953 1073 omnino
2989 1020 3146 1091 ignis,
3174 1029 3228 1075 et
3253 1037 3355 1075 non
3378 1025 3686 1079 contristavit
3710 1040 3807 1094 eos,

2275 1118 2329 1165 et
2356 1110 2654 1165 molestiam
2691 1126 2794 1166 non
2829 1112 3027 1167 intulit.
3060 1132 3079 1166 ι
3130 1113 3203 1167 Ita
3233 1130 3336 1168 non
3367 1114 3573 1170 fortuito
3614 1118 3699 1171 ista
3738 1118 3811 1175 ﬁe-

2274 1202 2423 1258 bant.
2458 1203 2526 1258 Et
2549 1220 2654 1259 non
2690 1204 2860 1259 solum
2889 1219 2996 1259 non
3028 1215 3154 1261 sunt
3179 1206 3472 1271 combusti;
3504 1208 3591 1263 sed
3618 1224 3704 1264 nec
3724 1210 3812 1266 illis

2272 1297 2569 1351 molestiam
2608 1296 2846 1353 exhibuit
2888 1299 3046 1368 ignis,
3089 1313 3187 1353 nec
3214 1299 3296 1353 vel
3323 1299 3591 1353 minimum
3632 1303 3807 1369 nocuit,

2271 1403 2446 1457 neque
2490 1389 2720 1443 calorem
2752 1398 3061 1445 senserunt.
3110 1390 3178 1445 Et
3222 1400 3499 1460 eapropter
3540 1392 3665 1447 adeo
3709 1408 3813 1449 sese

2270 1479 2535 1535 exmlerat
2560 1480 2795 1547 ﬂamma,
2823 1491 2879 1535 ut
2912 1492 2964 1536 et
2990 1481 3057 1536 ab
3098 1482 3161 1535 iis
3190 1482 3276 1551 qui
3318 1482 3443 1536 foris
3483 1492 3627 1537 erant
3652 1497 3813 1539 cerne-

2268 1580 2436 1626 retur.
2486 1571 2551 1626 Et
2587 1585 2716 1627 vero
2745 1573 2962 1627 materia
2991 1573 3228 1627 immissa
3258 1571 3549 1628 sufficiebat
3587 1574 3647 1627 ad
3676 1573 3812 1629 fidem

2269 1663 2371 1719 illis
2402 1663 2718 1728 faciendam,
2763 1676 2816 1719 et
2841 1664 2983 1735 quod
3013 1665 3149 1735 ignis
3180 1680 3284 1719 non
3312 1662 3577 1732 deficeret,
3606 1675 3654 1719 et
3689 1665 3812 1734 quod

2267 1756 2357 1811 ditt
2392 1757 2588 1812 ardens
2624 1767 2925 1829 appareret,
2972 1768 3027 1814 et
3060 1757 3199 1827 quod
3250 1772 3334 1813 ros
3374 1772 3547 1811 coram
3593 1758 3813 1812 omnibus

2267 1848 2437 1904 ﬂeret.
2467 1850 2556 1903 91.
2590 1848 2656 1903 Et
2694 1849 3170 1904 Nabuchodonosor
3210 1850 3401 1903 audivit
3442 1849 3690 1904 laudantes
3715 1866 3814 1915 eos;

2265 1949 2312 1993 et
2345 1939 2625 1994 admiratus
2664 1953 2756 2007 est,
2788 1951 2835 1996 et
2861 1943 3075 1996 surrexit
3115 1958 3344 2013 propere,
3372 1953 3416 1995 et
3442 1943 3561 1995 dixit
3585 1944 3812 2011 optimati-

2264 2031 2354 2087 bus
2382 2034 2506 2087 suis.
2554 2034 2608 2088 Id
2649 2035 2822 2104 ipsum
2854 2043 3029 2089 autem
3092 2044 3151 2090 ut
3186 2036 3413 2097 audiret,
3460 2035 3593 2089 unde
3620 2034 3812 2103 contigit

2264 2124 2806 2182 Nabuchodonosori?
2850 2131 2918 2181 At
2956 2143 3053 2198 per
3096 2138 3267 2184 totum
3307 2138 3510 2197 tempus
3549 2128 3808 2184 assederat.

2264 2215 2388 2270 Ideo
2430 2216 2569 2272 Deus
2617 2234 2723 2272 non
2766 2219 3006 2287 permisit
3051 2228 3107 2272 ιιι
3136 2218 3314 2273 statim
3362 2219 3449 2273 ille
3485 2219 3693 2284 audiret,
3718 2234 3810 2289 quo

2263 2308 2437 2377 ipsum
2491 2310 2651 2364 etiam
2716 2318 2923 2377 tempus
2978 2310 3343 2364 testimonium
3407 2310 3690 2380 perhiberet
3744 2310 3808 2364 rei

2261 2410 2458 2470 gestae;
2488 2402 2627 2471 quod
2656 2403 2858 2456 scilicet
2901 2418 2995 2471 per
3037 2402 3264 2457 multum
3311 2412 3512 2472 tempus
3550 2402 3598 2455 itt
3626 2401 3810 2456 camino

2261 2495 2604 2560 commorati,
2655 2495 2785 2549 nihil
2829 2495 2954 2548 mali
2999 2495 3138 2565 passi
3177 2504 3377 2550 essent.
3430 2514 3448 2547 ‹
3478 2493 3651 2549 Nonne
3684 2492 3808 2547 viros

2263 2592 2370 2638 tres
2424 2585 2703 2653 injecimus
2742 2586 2791 2638 in
2826 2586 3057 2640 medium
3092 2585 3230 2656 ignis
3268 2585 3624 2653 compeditos?
3652 2585 3708 2637 Et
3732 2598 3807 2636 re-

2258 2675 2579 2743 spondentes
2602 2677 2781 2731 dicunt
2803 2678 2947 2746 regi:
2978 2676 3131 2743 Vere,
3161 2692 3194 2731 o
3218 2693 3332 2731 rex.
3358 2676 3445 2731 92.
3471 2677 3531 2730 Et
3552 2675 3671 2730 dixit
3690 2690 3768 2728 rex
3792 2689 3805 2727 :

2258 2766 2354 2822 llic
2379 2781 2478 2837 ego
2507 2767 2663 2823 video
2692 2768 2834 2823 viros
2876 2777 3105 2837 quatuor
3145 2768 3375 2834 solutos,
3420 2777 3472 2823 et
3509 2767 3807 2827 ambulantes

2256 2856 2309 2911 in
2334 2858 2512 2913 medio
2539 2858 2676 2928 ignis
2697 2874 2712 2914 :
2730 2867 2784 2914 et
2811 2860 3082 2929 corruptio
3107 2874 3213 2912 non
3238 2868 3324 2914 est
3349 2859 3401 2912 in
3420 2859 3497 2913 eis
3520 2875 3533 2911 :
3561 2865 3610 2911 et
3628 2858 3806 2925 species

2254 2949 2425 3018 quarti
2448 2948 2633 3004 similis
2656 2950 2761 3004 ﬂlio
2786 2950 2896 3005 Dei.
2930 2969 2947 3002 ι
2971 2950 3050 3005 Ah
3068 2951 3204 3005 ostio
3220 2950 3428 3006 viderat
3445 2965 3621 3005 eorum
3638 2947 3799 3003 facies.

2254 3042 2342 3097 93.
2374 3060 2392 3095 ‹
2426 3042 2575 3097 Tunc
2601 3042 2826 3098 accessit
2851 3042 3348 3099 Nabuchodonosor
3372 3043 3436 3097 ad
3457 3042 3639 3097 ostium
3659 3042 3805 3095 forna-

2252 3137 2330 3190 eis
2360 3137 2494 3206 ignis
2522 3150 2640 3207 qua:
2671 3137 2909 3202 ardebat,
2939 3148 2992 3192 et
3019 3138 3092 3191 ait
3126 3154 3137 3191 :
3176 3136 3223 3193 Ο
3260 3136 3546 3201 Sedrache,
3573 3134 3800 3199 Misaclte,

2253 3226 2565 3298 Abdenago,
2594 3229 2733 3283 servi
2764 3227 2857 3283 Dei
2899 3228 3164 3295 altissimi,
3208 3228 3543 3299 egredimini,
3582 3236 3632 3283 et
3656 3228 3807 3280 venite

2254 3317 2377 3374 huc.
2406 3318 2473 3373 Et
2497 3321 2698 3391 egressi
2725 3329 2847 3375 sunt
2879 3319 3201 3387 Sedrachus,
3233 3320 3523 3386 Misachus,
3548 3318 3806 3386 Abdenago

2248 3409 2316 3464 de
2364 3410 2543 3465 medio
2584 3412 2739 3481 ignis.
2778 3422 2797 3463 δ
2843 3411 3020 3479 Quare
3066 3419 3241 3466 autem
3299 3428 3403 3467 non
3453 3412 3592 3481 prius
3633 3408 3807 3480 egressi

2248 3509 2392 3566 sunt,
2422 3515 2581 3571 quam
2608 3504 2824 3558 vocavit
2851 3502 2985 3558 eos?
3019 3504 3084 3558 Et
3114 3504 3346 3574 pulchre
3380 3504 3523 3573 prius
3551 3504 3808 3570 interrogat

2247 3594 2529 3664 primores,
2560 3603 2616 3648 ut
2639 3595 2989 3664 responsione
3018 3610 3111 3650 sua
3137 3596 3518 3665 praeoccupati,
3548 3594 3668 3649 nihil
3694 3606 3807 3647 con-

2248 3685 2395 3740 trarii
2462 3687 2848 3755 restiondeant,
2898 3702 3072 3757 neque
3132 3689 3419 3743 occasione
3485 3687 3800 3757 abripiuntur.

2245 3776 2701 3843 Quemadmodum
2733 3776 2900 3849 Moysi
2928 3778 3139 3834 dicebat
3177 3779 3363 3834 Deus:
3400 3778 3533 3843 Quid
3558 3778 3734 3833 esthoc
3758 3776 3802 3828 in

2244 3882 2397 3922 manu
2424 3878 2508 3923 tua
2536 3868 2726 3942 (Exod.
2751 3871 2803 3925 4.
2826 3870 2882 3939 2)
2901 3872 2923 3923 i
2944 3872 3021 3926 sic
3041 3872 3201 3926 etiam
3220 3870 3700 3927 Nabuchodonosor
3716 3867 3802 3923 hos

2244 3960 2656 4030 interrogatione
2685 3962 2954 4031 anticipat.
2987 3960 3138 4029 Ecce,
3167 3962 3360 4033 inquit,
3390 3966 3529 4018 video
3554 3963 3676 4016 viros
3696 3976 3801 4030 qua-

2245 4052 2359 4106 tuor
2388 4053 2576 4106 solutos
2606 4061 2651 4107 et
2681 4053 2997 4109 ambulantes
3021 4055 3074 4107 in
3100 4056 3264 4108 medio
3299 4057 3431 4127 ignis
3457 4071 3477 4110 :
3503 4064 3547 4110 et
3573 4052 3801 4121 corruptio

2242 4159 2341 4197 non
2367 4153 2440 4198 est
2465 4144 2516 4196 in
2540 4144 2611 4198 eis
2635 4159 2655 4200 :
2677 4154 2722 4198 et
2749 4156 2980 4213 aspectus
3008 4146 3175 4216 quarti
3200 4147 3388 4201 similis
3414 4148 3522 4216 ﬁlio
3549 4144 3655 4199 Dei.
3683 4145 3802 4198 Plu—

2241 4235 2429 4289 rimam
2462 4234 2597 4290 forte
2628 4233 3071 4305 pulchritudinem
3100 4250 3209 4306 prae
3239 4252 3301 4291 se
3340 4236 3562 4291 ferebat.
3592 4234 3746 4298 Unde,
3772 4246 3801 4285 o

2239 4327 2750 4397 Nabuchodonosor,
2783 4331 2921 4385 nosti
2954 4330 3119 4385 ftlium
3149 4332 3285 4386 Dei?
3314 4332 3509 4402 ASpice
3537 4332 3669 4384 hunc
3693 4328 3801 4379 bar-

2238 4416 2423 4476 barum
2451 4422 2769 4492 prophetare
2796 4438 2859 4478 ex
2883 4433 3101 4493 aspectu
3127 4423 3261 4478 solo.
3297 4423 3369 4478 Et
3397 4424 3622 4487 accessit,
3652 4430 3695 4473 et
3718 4434 3800 4470 vo-

2237 4517 2363 4569 cavit
2392 4533 2475 4571 eos
2507 4534 2524 4570 :
2560 4516 2603 4570 0
2627 4516 2901 4582 Sedraclte,
2942 4517 3188 4581 Μίδαι-ηε,
3230 4516 3528 4587 Abdeuago,
3559 4513 3680 4569 serui
3716 4510 3801 4563 Dei

2235 4606 2487 4672 altissimi,
2512 4606 2825 4678 egredimini,
2850 4616 2895 4661 et
2915 4608 3093 4660 venite.
3118 4607 3270 4663 Vide.
3300 4607 3418 4662 Non
3436 4605 3593 4677 jussit
3612 4602 3797 4658 exstin-

2232 4697 2320 4766 gui
2362 4698 2626 4753 fornacem
2672 4717 2684 4751 :
2728 4700 2821 4753 sed
2863 4699 3027 4769 quid?
3062 4698 3277 4755 Vocavit
3325 4716 3441 4765 eos,
3479 4711 3539 4754 ut
3581 4698 3791 4753 exirent.

2235 4786 2395 4842 Vides
2410 4789 2716 4843 miraculum
2737 4805 2981 4859 magnum
3002 4798 3052 4845 et
3070 4790 3402 4845 incredibile.
3418 4789 3568 4857 Quod
3587 4786 3797 4842 maxime

2232 4888 2451 4935 noverat
2479 4895 2570 4935 eos
2596 4879 2956 4947 deliuiturum,
2996 4880 3048 4935 id
3091 4883 3209 4935 illos
3232 4883 3463 4936 vocavit.
3512 4880 3647 4935 Nihil
3686 4878 3797 4931 huic

2230 4970 2489 5027 nobilitati
2515 4988 2612 5043 par
2637 4983 2739 5028 est.
2771 4974 2905 5028 Audi
2937 4974 3079 5029 enim
3110 4974 3277 5029 Deum
3302 4974 3572 5028 dicentem
3598 4989 3611 5025 :
3640 4969 3795 5023 Moses

2227 5081 2396 5118 servus
2419 5080 2557 5119 meus
2586 5074 2810 5118 mortuus
2838 5076 2907 5118 est
2932 5062 3071 5135 (los.
3106 5066 3156 5119 1.
3184 5063 3263 5137 2).
3294 5064 3385 5129 Et,
3415 5062 3588 5129 Isaac,
3624 5060 3794 5130 inquii.

2226 5170 2395 5208 servus
2419 5162 2532 5208 tuus
2558 5152 2711 5223 (Gen.
2740 5150 2829 5210 24.
2860 5156 2972 5225 14).
3007 5154 3116 5210 [Iac
3154 5155 3513 5226 appellatione
3542 5152 3798 5209 exsultant

2226 5244 2420 5314 angeli,
2450 5255 2504 5300 et
2525 5244 2835 5313 Cherubini,
2863 5255 2917 5301 et
2938 5245 3242 5316 Seraphini.
3268 5244 3380 5301 Nec
3402 5246 3558 5302 sicuti
3587 5254 3797 5300 conten.

2226 5334 2391 5390 tiosus
2417 5335 2606 5407 aliquis
2636 5337 2866 5403 fecisset,
2907 5337 2959 5391 in
2995 5335 3210 5393 fornace
3253 5345 3569 5392 manserunt
3599 5333 3738 5404 pueri
3777 5347 3790 5384 :

2224 5425 2316 5481 sed
2345 5427 2519 5482 statim
2546 5426 2859 5483 obedierunt
2889 5446 2901 5482 :
2930 5437 2985 5484 et
3012 5426 3077 5484 ad
3108 5427 3457 5500 spectandum
3488 5424 3793 5483 miraculum

2222 5534 2408 5575 omnes
2432 5532 2749 5576 convenere.

2826 5656 3051 5714 CAPUT
3089 5658 3179 5713 IV.

2294 5790 2343 5843 1.
2388 5788 2493 5859 Ego
2544 5790 3010 5848 Nabuchodonosor
3055 5791 3313 5847 abundans
3356 5800 3501 5846 erant
3550 5791 3605 5845 in
3661 5794 3797 5845 domo
