4054 6320
544 317 654 374 215

547 432 702 483 πίων
737 430 806 483 ἐν
834 429 915 496 τῷ
953 429 1080 496 ,ιαῷ
1100 449 1241 500 μου.
1274 433 1431 497 Τίνος
1463 433 1651 487 ἕνεκεν
1693 431 1833 486 οὕτω
1873 431 2029 483 τοῦτο
2072 428 2119 481 ἐ·

547 535 781 607 γράψεν,
805 536 900 589 καὶ
932 536 1055 607 οὐχὶ
1092 537 1349 609 ἔγραψεν·
1373 538 1839 609 Ναϐουχοδονόσορ
1865 532 1931 608 ἧν
1968 534 2127 605 εὐθη-

547 646 678 708 νῶν,
698 644 812 700 ἀλλ’
838 646 914 709 ὡς
936 648 1000 700 ἐκ
1028 647 1320 719 προσώπου
1342 650 1582 718 ἐκείνου;
1613 650 1767 721 Ἐμοὶ
1789 649 1936 702 δοκεῖ
1957 647 2128 701 ταῦτα

548 759 619 813 τά
646 758 797 832 [221]
846 762 1068 831 ῥήματα
1111 761 1274 815 αὐτοῦ
1319 758 1459 818 εἶναι
1489 763 1581 816 τοῦ
1637 762 2122 835 Ναϐουχοδονόσορ.

564 866 780 937 Ἐπειδὴ
804 866 911 938 γὰρ
939 868 1235 939 ἀνήνεγκεν
1264 868 1359 922 ἀπ’
1402 867 1617 939 ἐκείνης
1657 869 1757 939 τῆς
1783 868 2020 940 πλάνης,
2069 870 2129 921 ἐν

548 982 829 1053 δημοσίοις
869 980 1012 1035 αὐτά
1050 981 1307 1035 κατέθετο
1339 982 1641 1053 γράμματα
1674 980 1824 1046 ἴσως.
1854 981 1993 1035 Αὐτὸ
2036 974 2130 1034 οὖν

555 1090 860 1160 σύνταγμα,
887 1087 1029 1141 ὥστε
1062 1088 1371 1154 ἀξιόπιστον
1400 1088 1671 1158 γενέσθαι,
1698 1088 1935 1161 παράγει
1964 1089 1993 1141 6
2029 1089 2131 1139 Δα-

553 1200 693 1272 νιὴλ.
720 1201 798 1272 Τῇ
830 1201 938 1272 γὰρ
960 1201 1066 1253 τῶν
1089 1201 1389 1272 ἀνθρώπων
1416 1202 1574 1273 φύσει
1605 1203 1764 1267 αὐτὸς
1788 1205 1817 1256 6
1849 1201 2130 1266 πεπονθὼς

548 1312 879 1382 διαλέγεται.
908 1313 1017 1367 Καὶ
1046 1313 1147 1367 θέα
1167 1308 1262 1386 μοι
1284 1315 1424 1388 πόση
1456 1317 1731 1381 παίδευσις
1754 1316 1959 1385 γίνεται
1991 1317 2131 1370 κατά

553 1415 664 1468 τῶν
714 1415 1095 1486 ὑπερηφάνων.
1146 1418 1277 1472 Ἀπὸ
1315 1419 1424 1491 γάρ
1450 1420 1823 1491 ὑπερηφανίας
1869 1420 2132 1476 πέπονθεν

558 1529 703 1601 ἅπερ
742 1528 962 1594 ἐπαθεν,
996 1530 1091 1584 καὶ
1122 1531 1356 1586 δείκνυσι
1389 1533 1488 1605 τὴν
1522 1535 1697 1588 αἰτίαν
1728 1534 1827 1607 τῆς
1852 1533 2132 1606 ὑπερηφα-

557 1635 677 1697 νίας
696 1635 803 1688 άπό
827 1653 885 1688 τε
900 1635 995 1689 τοῦ
1018 1636 1204 1701 τέλους
1220 1637 1313 1690 καὶ
1330 1637 1429 1709 τῆς
1446 1637 1621 1710 ἀρχῆς
1640 1654 1653 1668 ο
1696 1638 1752 1691 ἐν
1773 1638 1869 1709 μὲν
1885 1638 1963 1709 τῷ
1987 1639 2131 1693 τέλει

558 1738 759 1808 λέγων,
792 1741 914 1794 Ὅτι
963 1740 1194 1807 πάντας
1236 1740 1381 1809 τοὺς
1418 1742 1844 1811 ὑπερηφάνως
1887 1743 2136 1796 δύναται

557 1847 921 1903 ταπεινῶσαι
941 1867 955 1881 ’
978 1850 1037 1903 ἐν
1056 1851 1199 1921 ἀρχῇ
1223 1849 1277 1903 δέ
1304 1851 1399 1904 καὶ
1420 1850 1487 1903 ἐκ
1512 1850 1811 1921 προοιμίων
1834 1848 1930 1921 τὴν
1956 1849 2136 1902 αἰτίαν

558 1951 659 2021 τῆς
690 1953 1062 2025 ὑπερηφανίας
1099 1953 1384 2007 διδάσκων.
1448 1953 1594 2007 Ἐκεῖ
1632 1953 1729 2024 μὲν
1757 1952 1895 2025 γὰρ,
1933 1954 2016 2008 ὅτι
2049 1953 2139 2007 διά

559 2052 715 2108 τοῦτο
747 2053 1103 2126 ἐταπεινώθη,
1136 2054 1401 2125 ἐδήλωσεν
1424 2072 1438 2086 ·
1467 2054 1702 2110 ἐνταῦθα
1745 2054 1801 2108 δὲ
1830 2054 1992 2108 πόθεν
2030 2072 2139 2108 τοι·

560 2155 687 2210 οῦτο
716 2158 931 2227 ἐγένετο
949 2199 965 2224 ,
1003 2159 1066 2211 ἐκ
1090 2156 1182 2211 τοῦ
1212 2157 1412 2227 πολλῆς
1461 2156 1768 2212 ἀπολαῦσαι
1793 2158 2134 2229 εὐπραγίας·

561 2263 753 2335 ὥσπερ
780 2265 873 2319 καὶ
896 2266 924 2318 6
948 2263 1108 2319 Δαυῖδ
1135 2263 1280 2332 λέγει
1299 2278 1315 2294 ο
1344 2262 1446 2317 Διὰ
1473 2263 1649 2317 τοῦτο
1674 2261 2010 2331 ἐκράτησεν
2038 2264 2142 2317 αὑο

563 2366 686 2423 τῶν
716 2370 755 2438 ἠ
790 2368 1169 2438 ὑπερηφανία
1191 2385 1205 2400 ·
1248 2367 1391 2423 οὕτω
1435 2367 1498 2440 δὴ
1527 2369 1621 2421 καὶ
1667 2367 1899 2422 ἐνταῦθα
1940 2367 2143 2431 πολλάς

564 2474 778 2545 τίθησιν
822 2474 1150 2547 εὐπραγίας.
1210 2474 1391 2546 Ἐντῇ
1443 2475 1584 2545 ἀρχῇ
1638 2492 1825 2547 φησιν·
1854 2474 2144 2543 Εὺθηνῶν

565 2577 730 2648 ἤμην
750 2579 819 2634 ἐν
842 2578 921 2645 τῷ
948 2580 1089 2645 οἴκῳ
1123 2597 1265 2649 μου,
1298 2579 1396 2634 καὶ
1419 2577 1693 2634 εὐθαλῶν
1740 2579 1842 2632 ἐπὶ
1874 2576 1982 2632 τοῦ
2013 2578 2146 2646 θρό-

567 2700 679 2738 νου
696 2701 837 2753 μου,
874 2682 971 2737 καί
1004 2684 1157 2738 πίων
1185 2684 1254 2738 ἐν
1282 2683 1361 2750 τῷ
1395 2682 1521 2749 λαῷ
1571 2702 1706 2753 μου.
1750 2684 1823 2738 Οὐ
1878 2684 1986 2756 γὰρ
2030 2683 2145 2736 ἔστι

569 2788 746 2842 πάντα
798 2786 934 2854 ὁμοῦ
1006 2788 1346 2858 συνδραμεῖν.
1408 2792 1625 2845 Ἐνεστι
1674 2790 1816 2845 κατὰ
1880 2789 1978 2859 μὲν
2048 2788 2147 2861 τὴν

569 2892 746 2964 ἀρχὴν
773 2894 1091 2965 εὐπραγεῖν,
1126 2893 1271 2948 κατά
1307 2894 1364 2947 δὲ
1412 2894 1511 2968 τὴν
1561 2896 1738 2949 οἰκίαν
1780 2895 2144 2967 δυσπραγεῖν,

572 2997 826 3069 καθάπερ
888 2999 916 3051 6
973 2997 1254 3069 Ἡρώδηςο
1311 2998 1561 3071 καθάπερ
1613 3001 1642 3053 6
1703 2999 1899 3053 Δαυῒδο
1971 2999 2148 3053 ἐνεστι

573 3102 737 3156 πάλιν
778 3102 1082 3159 τούναντίον
1134 3103 1192 3157 ἐν
1247 3104 1345 3174 μὲν
1382 3102 1461 3173 τῷ
1505 3101 1619 3173 λαῷ
1664 3102 2010 3175 δυσπραγεῖν,
2041 3103 2149 3157 ἀπὸ

572 3204 633 3258 δέ
662 3204 761 3275 τῆς
795 3205 971 3267 οἰκίας
1012 3204 1176 3277 μηδὲν
1217 3205 1447 3276 πάσχειν
1479 3204 1648 3258 δεινόν
1671 3222 1684 3235 ο
1724 3205 1930 3259 ἔνεστιν
1969 3206 2027 3259 ἐν
2052 3204 2150 3275 μέν

550 3311 643 3385 ¹σι’ρὶ
672 3308 822 3363 πόλει
847 3300 1167 3382 εἰρηνεύειν,
1195 3310 1292 3383 τὴν
1325 3310 1383 3365 δέ
1408 3310 1580 3384 ἀρχὴν
1597 3311 1979 3381 ταράττεσθαι.
2011 3310 2151 3366 Ἀλλ’

576 3405 731 3478 οὗτος
756 3412 1016 3491 πάντοθεν
1042 3412 1335 3485 εὐπραγεῖν
1374 3409 1550 3483 εἶχεν*
1588 3413 1738 3468 οὐδὲν
1757 3408 1825 3485 ἦν
1858 3414 2020 3468 αὐτὸν
2062 3414 2153 3468 λυ-

578 3514 737 3569 ποῦν.
784 3514 947 3587 Ὁρᾷς
995 3513 1160 3570 πόσον
1199 3514 1366 3570 κακὸν
1407 3514 1589 3580 ἀδειας
1618 3515 1882 3587 Καθάπερ
1911 3515 2017 3588 γὰρ
2061 3516 2154 3571 ἐπ)⁸

580 3621 691 3675 τῶν
739 3619 1029 3691 σωμάτων,
1059 3621 1188 3674 ὅταν
1236 3620 1311 3691 μὴ
1354 3618 1611 3690 γίνωνται
1640 3621 1689 3673 οί
1728 3619 1869 3673 κατά
1910 3620 2154 3692 ἀνάγκην

583 3726 773 3800 μόχθοι
796 3728 888 3781 καὶ
909 3726 1189 3799 ἀσχολίαι,
1224 3722 1603 3799 ἐπιτηδευτούς
1639 3744 1788 3791 τινας
1824 3726 2155 3799 ἐπιχειροῦσι

582 3834 779 3897 ποιεῖν,
812 3831 949 3903 πρὸς
983 3832 1290 3903 γυμνασίαν
1322 3832 1417 3885 τοῦ
1455 3830 1701 3902 σώματος
1731 3848 1745 3862 ο
1794 3830 1936 3885 οὕτω
1984 3832 2079 3885 καὶ
2126 3832 2156 3884 6

580 3939 715 4002 Θεὸς
744 3940 915 3991 ποιεῖν
941 3938 1117 4001 εἴωθε,
1145 3938 1286 3991 ὥστε
1317 3937 1378 3991 τὸ
1424 3936 1638 3991 εὔτονον
1677 3939 1971 4009 περιελεῖν.
2020 3939 2156 3992 Ἑν-

582 4040 800 4093 mmor
826 4034 1009 4105 εἶδον,
1035 4038 1134 4093 καὶ
1151 4037 1500 4107 ἐφοσέρισέν
1542 4054 1621 4108 με
1638 4078 1654 4103 ,
1674 4039 1773 4093 καί
1821 4038 2157 4107 ἐταράχθην

580 4146 681 4201 ἐπὶ
713 4143 822 4214 τῆς
845 4144 1047 4212 κοίτης
1069 4160 1210 4212 μου,
1239 4144 1335 4197 καί
1370 4144 1430 4198 at
1459 4145 1699 4212 ὁράσεις
1735 4143 1847 4213 τῆς
1884 4144 2156 4214 κεφαλῆς

583 4268 700 4322 μου
746 4249 1163 4318 συνετάραξαν
1212 4266 1311 4320 με.
1370 4250 1481 4304 Καί
1535 4251 1671 4319 παρ’
1723 4250 1868 4320 ἐμοῦ
1916 4250 2155 4321 ἐξετέθη

584 4358 774 4427 δόγμα
795 4398 811 4423 ,
852 4355 1006 4411 ὥστε
1051 4355 1392 4427 εἰσαγαγεῖν
1431 4355 1687 4410 ἐνώπιον
1729 4355 1874 4426 ἐμοῦ
1929 4355 2158 4422 πάντας

585 4462 732 4525 τοὺς
780 4462 1013 4532 σοφοὺς
1048 4461 1438 4530 Βαϐυλῶνος,
1485 4461 1645 4530 ὅπως
1688 4460 1801 4529 τὴν
1838 4461 2158 4532 σύγκρισιν

587 4569 695 4624 τοῦ
751 4568 1043 4623 ἐνυπνίου
1097 4568 1434 4638 γνωρίσωσί
1484 4585 1607 4638 μοι.
1642 4568 1785 4639 Ὅρα
1833 4565 1950 4630 πῶς
1997 4567 2158 4621 αὐτὸν

587 4671 935 4727 καταστεῖλαι
972 4670 1235 4741 βούλεται,
1270 4672 1391 4743 οὐχὶ
1438 4674 1505 4743 τῇ
1557 4671 1723 4742 πείρᾳ
1770 4669 1877 4723 τῶν
1902 4669 2160 4741 πραγμά-

586 4794 715 4841 των,
762 4775 899 4831 ἀλλά
932 4779 998 4849 τῇ
1042 4778 1343 4849 προρρήσει
1387 4777 1496 4831 τῶν
1546 4775 1993 4848 συμϐαινομένων
2018 4790 2030 4803 ·
2066 4776 2160 4828 καὶ

587 4884 736 4949 ὅπως
761 4878 828 4956 ἦν
858 4882 1087 4955 φοϐερὸν
1113 4883 1173 4936 τὸ
1206 4884 1487 4951 ἐνύπνιον;
1513 4884 1669 4947 Τίνος
1694 4878 1786 4937 οὖν
1819 4882 2004 4936 ἐνεκεν
2042 4880 2161 4951 οὐχὶ

590 4989 683 5044 καὶ
722 4989 818 5043 νῦν
862 4988 1071 5059 ἀπέστη
1116 4986 1277 5041 αὐτοῦ
1323 4989 1385 5043 τὸ
1422 4986 1656 5059 πνεῦμα,
1684 4988 1803 5041 οὐδέ
1830 4986 2069 5057 ἠγνόησε
2098 4984 2161 5039 τὸ

592 5096 861 5162 ἐνύπνιον,
883 5093 1133 5164 καθάπερ
1160 5091 1254 5146 καὶ
1283 5093 1577 5162 πρότερον;
1604 5093 1728 5147 Ὀτι
1753 5091 1942 5163 ἱκανὴν
1970 5093 2162 5163 πεῖραν

590 5200 880 5264 δεδωκότος
927 5196 1022 5253 τοῦ
1055 5195 1252 5268 Δανιὴλ
1297 5195 1593 5268 πρότερον,
1649 5197 1815 5267 ἧγουν
1847 5195 1904 5249 ἐν
1934 5194 2011 5266 τῷ
2056 5194 2163 5265 πρὸ

593 5310 781 5367 τούτου
815 5311 1069 5381 ἐνυπνίῳ,
1104 5307 1326 5380 οὐδεμία
1364 5306 1548 5359 λοιπὸν
1590 5305 1747 5377 χρεία
1792 5300 1861 5377 ἦν
1905 5303 2162 5375 δευτέραν

597 5422 1021 5495 προσενεχθῆναι
1044 5419 1385 5493 δοκιμασίαν.
1410 5418 1593 5473 Πάντα
1622 5415 1728 5486 γὰρ
1747 5415 1935 5488 χρείας
1956 5414 2160 5481 ἐνεκεν,

598 5530 661 5584 οὐ
693 5530 1019 5602 φιλοτιμίας,
1050 5532 1080 5585 6
1105 5530 1237 5594 Θεὸς
1255 5524 1719 5600 πραγματεύεται.
1747 5524 1955 5587 Ἄλλως
1978 5524 2036 5577 δέ
2066 5524 2163 5577 καὶ

602 5641 737 5709 πρὸς
768 5641 984 5714 ἐλεγχον
1004 5642 1211 5713 γίνεται
1235 5640 1345 5696 τῶν
1366 5639 1577 5712 μάγων.
1596 5639 1713 5693 Ἵνα
1728 5636 1837 5709 γάρ
1864 5636 1941 5709 μὴ
1958 5636 2160 5706 λέγωσι

601 5749 782 5805 πάλιν·
814 5751 1044 5807 mam
1081 5755 1115 5807 ό
1149 5750 1449 5818 βασιλεὺς
1470 5749 1536 5805 τὸ
1563 5748 1869 5815 ἐνύπνιον,
1910 5747 2011 5803 καί
2046 5746 2161 5816 τὴν

1235 317 1293 374 S.
1327 314 1612 373 JOANNIS
1647 311 2135 372 CHRYSOSTOMI
2172 312 2492 371 ARCHIEP.
2533 317 3073 381 CONSTANTINOP.

3649 334 3744 391 ειι

2231 429 2554 503 σύγκρισιν
2594 439 2779 494 αὐτοῦ
2833 437 3273 511 ἀνάγ-τελοῦμεν
3320 444 3496 513 ἡμεῖς·
3528 445 3749 517 ἐλέγχον-

2230 554 2321 590 ται
2354 540 2486 608 μηδὲ
2507 541 2661 596 τοῦτο
2694 543 2824 598 αὐτὸ
2854 545 3157 615 δυνάμενοι,
3190 547 3248 599 οὐ
3279 548 3430 616 μόνον
3452 550 3631 604 ἐκεῖνο.
3653 554 3755 606 Οὐκ

2234 647 2377 721 εἰχον
2403 652 2580 722 λέγειν
2608 655 2787 709 πάλιν·
2814 658 2883 711 Τὸ
2892 655 3081 725 ῥῆμα,
3106 655 3136 711 ὃ
3161 660 3192 711 ό
3202 658 3478 725 βασιλεὺς
3500 660 3754 729 ἐπερωτᾷ,

2226 757 2411 826 βαρύν
2447 759 2546 811 καὶ
2590 762 2702 813 οὐκ
2745 762 2918 815 ἔστιν
2963 762 3299 830 ἅνθρωπος,
3351 762 3416 830 ὃς
3461 764 3760 832 δυνήσεται

2233 861 2528 929 διακρῖναι
2578 864 2725 917 αὐτὸ
2750 904 2767 928 ,
2812 865 2949 919 ἀλλ’
2985 864 3024 933 ἢ
3073 864 3226 931 θεοὶ,
3271 860 3356 918 ὧν
3397 868 3500 921 οὐκ
3546 867 3698 922 ἐστιν
3724 870 3759 936 ἠ

2234 968 2505 1021 κατοικία
2526 969 2677 1037 μετὰ
2713 968 2918 1037 πάσης
2947 971 3194 1038 σαρκός.
3228 971 3542 1041 Ἐμάνθανεν
3575 973 3633 1024 ἐκ
3657 947 3765 1026 τού-

2233 1089 2365 1136 των,
2400 1073 2481 1127 ὅτι
2511 1074 2631 1128 οὐδὲ
2659 1074 2725 1127 τὰ
2754 1076 2992 1148 πρότερα
3012 1078 3075 1129 ἐκ
3102 1076 3201 1146 τῆς
3222 1076 3406 1146 σοφίας
3427 1076 3615 1147 ταύτης
3632 1073 3764 1131 εἶπεν

2235 1188 2264 1240 ὁ
2294 1188 2512 1259 Δανιὴλ.
2538 1188 2783 1261 Ἐμαθεν
2801 1190 2884 1244 ὅτι
2915 1191 3034 1244 οὐδέ
3058 1192 3116 1245 ἐν
3136 1193 3246 1255 τοῖς
3269 1190 3560 1263 ἔμπροσθεν
3579 1191 3769 1262 χρόνοις

2236 1291 2421 1363 έλεγὸν
2447 1312 2501 1347 τι
2530 1294 2701 1364 ὑγιὲς,
2739 1296 2990 1367 καθάπερ
3022 1296 3183 1360 αὐτός
3227 1313 3406 1368 φησιν,
3439 1296 3547 1349 ἀλλ’
3575 1296 3607 1367 ἢ
3648 1296 3767 1350 πάν-

2238 1418 2351 1455 των
2377 1400 2435 1453 ἐν
2458 1400 2667 1473 ἐρημίᾳ
2701 1401 2809 1455 τῶν
2840 1401 3165 1472 ἐλεγχόντων
3194 1402 3361 1466 δντες.
3583 1402 3700 1455 Ὅτε
3724 1402 3773 1456 δέ

2236 1502 2400 1577 ἦλθεν
2428 1507 2610 1571 αὐτοῖς
2637 1507 2908 1575 ἀπόδειξις
2937 1509 2995 1575 ἐξ
3029 1508 3304 1573 Ἰουδαίας,
3327 1508 3354 1559 6
3380 1506 3584 1577 Δανιὴλ,
3611 1505 3774 1558 οὐκέτι

2242 1607 2511 1679 τολμῶσιν
2539 1609 2659 1662 οὐδέ
2686 1607 3033 1664 πλάττεσθαι.
3066 1610 3229 1662 Ὥστε
3270 1608 3609 1679 οἰκονομικῶς
3635 1607 3774 1661 πάλιν

2239 1714 2528 1769 καλοῦνται
2547 1713 2712 1771 οὗτοι.
2731 1716 2843 1770 Καὶ
2862 1715 2971 1787 γάρ
2992 1714 3137 1781 ἀξιον
3155 1714 3448 1783 θαυμάσαι.
3467 1714 3600 1779 τίνος
3616 1714 3777 1768 ἐνεκεν

2240 1824 2419 1879 λαϐὼν
2450 1828 2647 1898 πεῖραν
2676 1827 2774 1898 τῆς
2796 1824 2890 1879 τοῦ
2911 1825 3105 1898 Δανιὴλ
3134 1825 3410 1897 δυνάμεως
3431 1825 3485 1879 ἐν
3510 1823 3776 1888 τοσούτοις,

2241 1940 2302 1993 οὐ
2336 1940 2548 2013 πρῶτον
2581 1941 2741 1995 αὐτὸν
2771 1941 3048 1999 ἐκάλεσεν.
3084 1944 3145 1996 '0
3168 1942 3298 2006 Θεὸς
3324 1940 3480 2004 αὐτὸς
3515 1940 3616 2011 γὰρ
3639 1940 3775 1994 τοῦτο

2245 2046 2665 2112 κατεσκεύασεν,
2691 2047 2833 2101 ὥστε
2860 2047 2999 2117 μετά
3025 2047 3123 2119 τὴν
3146 2046 3366 2101 ἐκείνων
3393 2040 3553 2117 ἧτταν
3577 2045 3781 2114 φανῆναι

2243 2158 2344 2229 τὴν
2394 2159 2570 2230 νίκην.
2620 2159 2998 2229 Ἐφοόέρισέν
3023 2176 3135 2229 με,
3168 2158 3334 2230 φησί’
3367 2158 3458 2212 καὶ
3489 2157 3598 2212 οὐδὲ
3634 2154 3784 2219 οὕτως

2248 2269 2464 2337 ἐγένετο
2491 2267 2732 2339 βελτίων,
2765 2265 2880 2321 ἀλλ’
2918 2268 3004 2321 ἐπ’
3038 2266 3214 2337 αὐτὴν
3249 2264 3473 2336 ὴθέλησε
3501 2262 3592 2335 τὴν
3616 2264 3785 2332 πεῖραν

2248 2374 2441 2427 ἐλθεῖν.
2472 2372 2657 2438 Οὕτως
2699 2372 2939 2435 ἀναίτιος
2979 2374 3007 2425 ό
3052 2371 3191 2435 Θεὸς
3239 2366 3527 2439 πανταχοῦ.
3556 2366 3655 2423 Καὶ
3678 2367 3786 2419 εισ-

2248 2476 2605 2546 επορεύοντο
2635 2478 2690 2529 οὶ
2732 2473 3015 2538 ἐπαοιδοί,
3055 2473 3261 2544 μάγοι,
3302 2470 3633 2541 Γαζαρηνοί,
3655 2470 3787 2533 Χαλ-

2249 2580 2423 2634 δαῖοιο
2456 2578 2553 2634 καὶ
2583 2578 2649 2633 τὸ
2674 2579 2963 2633 ἐνύπνιον
2990 2575 3162 2632 εἷπον
3194 2576 3448 2632 ἐνώπιον
3474 2574 3673 2631 αὐτῶν·
3706 2572 3789 2627 καὶ

2250 2684 2365 2752 τὴν
2387 2685 2709 2754 σύγκρισιν
2732 2681 2918 2737 αὑτοῦ
2952 2684 3063 2737 οὐκ
3103 2679 3442 2751 ἐγνώρισάν
3462 2697 3578 2749 μοι,
3611 2677 3708 2743 ἕως
3726 2670 3787 2730 οὗ

2250 2789 2451 2857 ἕτερος
2469 2785 2736 2855 εἰσῆλθε,
2754 2784 2998 2855 Δανιὴλ,
3023 2784 3292 2839 ἐνώπιόν
3303 2802 3440 2855 μου,
3465 2778 3533 2838 οὗ
3554 2781 3613 2835 τὸ
3633 2766 3791 2847 ὄνομα

2254 2892 2575 2962 Βαλτάσαρ
2594 2892 2743 2947 κατὰ
2768 2892 2835 2946 τὸ
2852 2891 3039 2960 ὄνομα
3054 2890 3160 2945 τοῦ
3196 2890 3337 2947 θεοῦ
3352 2906 3488 2960 μου,
3513 2887 3577 2953 ὃς
3590 2882 3793 2953 πνεῦμα

2257 3000 2406 3055 Θεοῦ
2454 3000 2578 3069 ἔχει
2626 2999 2696 3052 ὲν
2745 2997 2954 3064 ἐαυτῷ’
2996 2996 3209 3052 καὶτὸ
3263 2996 3542 3051 ἐνύπνιον
3572 2990 3794 3046 ἐνώπιον

2255 3104 2439 3160 αὑτοῦ
2499 3100 2691 3158 εἷπον.
2734 3103 2882 3168 Ἕως
2927 3098 2998 3159 οὗ
3047 3102 3257 3171 ἕτερος
3277 3144 3292 3169 ,
3334 3099 3496 3173 φησὶ,
3542 3094 3794 3166 εἰσῆλθεν

2256 3210 2511 3265 ἐνώπιόν
2529 3226 2669 3279 μου.
2714 3206 2803 3272 Ὧς
2827 3206 3220 3277 ἐπιλαθόμενος
3244 3204 3386 3259 οὓτω
3414 3200 3559 3275 φησί.
3585 3199 3683 3256 Καὶ
3705 3197 3794 3266 γὰρ

2258 3313 2429 3368 πολλά
2484 3312 2578 3383 ἐτη
2628 3309 3025 3383 παρεληλύθει,
3064 3310 3160 3363 καὶ⁵
3220 3309 3430 3381 ταχέως
3472 3305 3565 3378 τὴν
3608 3302 3795 3375 μνήμην

2256 3418 2546 3482 ἀπέϐαλεν,
2564 3417 2660 3471 άτε
2686 3418 2743 3470 ἐν
2766 3416 3052 3479 τοσαύταις
3070 3415 3356 3487 φροντίσιν
3375 3413 3469 3478 ὢν,
3487 3411 3576 3465 καὶ
3592 3405 3794 3475 τοσαύτῃ

2260 3521 2438 3586 συζῶν
2470 3524 2644 3593 τροφῇ
2674 3521 2737 3591 (ί.
2760 3498 2986 3591 τρυφῇ).
3021 3519 3095 3572 T6
3126 3520 3313 3573 εἰπεῖν
3351 3517 3564 3588 ἐτερον,
3609 3508 3795 3582 σημεῖόν

2260 3628 2377 3680 ἐστι
2418 3625 2510 3678 τοῦ
2547 3626 2753 3697 σφόδρα
2797 3625 2959 3679 αὐτὸν
3004 3625 3245 3692 ἀγνοεῖν.
3296 3622 3457 3679 Κατὰ
3501 3620 3565 3674 τὸ
3611 3617 3795 3685 ὄνομα.

2262 3728 2419 3801 φησὶ,
2447 3729 2551 3784 τοῦ
2581 3729 2718 3784 θεοῦ
2750 3746 2891 3798 μου.
2920 3723 2998 3783 Ἦ
3036 3727 3202 3782 τοῦτο
3234 3727 3480 3799 βούλεται
3520 3722 3708 3782 εἰπεῖν,
3734 3717 3800 3770 ὅτι

2258 3835 2431 3900 οὕτως
2480 3835 2714 3906 ἐτίμησα
2763 3834 2839 3899 ὡς
2888 3835 2982 3887 καὶ
3026 3833 3132 3888 ἀπὸ
3188 3834 3283 3887 τοῦ
3329 3831 3451 3886 θεοῦ
3494 3828 3641 3882 τοῦτο
3674 3818 3801 3875 εἶπεν

2261 3941 2327 4013 (f.
2362 3939 2580 4010 είπεῖν);
2610 3939 2721 3994 Καὶ
2739 3938 2848 4010 γὰρ
2869 3938 2989 4002 ἔθος
3010 3938 3199 4003 αὐτοῖς
3220 3940 3309 3992 ἐπ’
3331 3937 3551 4006 ὀνόματι
3574 3932 3672 3986 τῶν
3688 3927 3802 3983 θεῶν

2260 4045 2387 4109 τοὺς
2432 4044 2626 4107 παῖδας
2680 4041 2984 4114 ὀνομάζεινο
3034 4041 3228 4114 ἐπειδὴ
3286 4042 3381 4095 καὶ
3436 4039 3493 4106 ἐξ
3541 4032 3801 4105 ἀνθμῦπων

2260 4128 2474 4204 ἐποίουν
2504 4147 2678 4212 θεούς.
2713 4147 2898 4212 Οὐτως
2931 4148 2960 4201 6
2984 4146 3199 4215 δσελος,
3240 4148 3388 4202 οὕτω
3432 4147 3523 4201 καὶ
3554 4146 3581 4198 ὀ
3606 4141 3804 4212 Βήλαιος

2234 4330 2237 4333 _
2262 4255 2465 4327 ἐκλήθη
2494 4272 2581 4317 τις
2608 4254 2737 4325 παρ’
2767 4254 2916 4325 ἡμῖν.
2955 4252 3175 4325 Ἐπειδὴ
3207 4252 3319 4325 γὰρ
3355 4248 3494 4306 εἶδον
3519 4251 3566 4303 οἰ
3590 4246 3804 4317 δαίμονες

2260 4362 2431 4435 ταύτῃ
2457 4360 2793 4434 τιμωμένους
2823 4360 2950 4422 τοὺς
2980 4356 3334 4429 ἀνθρώπους,
3364 4358 3460 4412 καὶ
3480 4356 3624 4417 θεοὺς
3648 4349 3808 4405 καλου-

2266 4468 2481 4539 μένους,
2511 4467 2606 4521 καὶ
2621 4466 2774 4521 αὐτοὶ
2791 4466 2950 4522 τοῦτο
2967 4463 3273 4535 ἐζήλωσαν.
3306 4463 3464 4527 Τίνος
3487 4458 3658 4515 ἐνεκέν
3676 4468 3808 4525 φησι.

2264 4574 2511 4642 Δανιὴλ,
2538 4568 2611 4629 οὗ
2642 4571 2710 4625 τὸ
2738 4571 2925 4641 ἄνομα
2945 4567 3266 4637 Βαλτάσαρ
3289 4566 3450 4635 ;⁶’οτι
3467 4563 3597 4619 Θεοῦ
3613 4560 3811 4628 δύναμιν

2264 4680 2398 4753 είχε.
2444 4681 2616 4735 Τοῦτο
2656 4679 2765 4750 γὰρ
2815 4680 2944 4749 παρ’
2994 4674 3222 4739 ἐκείνοις
3273 4672 3507 4746 μεγίστη
3540 4667 3683 4740 τιμὴ.
3718 4661 3812 4716 Καὶ

2264 4786 2509 4858 ὴνείχετο
2536 4783 2730 4854 Δανιὴλ
2754 4783 2818 4837 δι’
2851 4761 3090 4845 ἐκείνους
3133 4779 3298 4833 τοῦτο
3344 4774 3637 4832 καλεῖσθαι·
3674 4768 3809 4822 οὐδα-

2269 4890 2370 4965 μοῦ
2395 4891 2451 4944 δὲ
2480 4887 2733 4953 ἐνταῦθα,
2757 4886 2921 4941 αὐτοῦ
2954 4886 3336 4957 μνημονεύων,
3368 4880 3647 4949 Βαλτάσαρ
3676 4868 3813 4929 αὐτὸν

2266 4996 2437 5063 καλεῖ·
2466 4994 2601 5049 ἀλλὰ
2621 4995 2704 5061 τί;
2742 4992 2891 5063 Ἐγὼ
2932 4989 3174 5058 Δανιήλ.
3211 4990 3395 5059 Ὅσης
3431 4982 3631 5056 ἠξιώθη
3672 4974 3814 5046 τιμῆς

2265 5102 2295 5154 ό
2325 5100 2416 5154 τοῦ
2448 5097 2707 5169 βασιλέως
2734 5096 2878 5161 υίὸς,
2908 5095 3173 5165 τοσαύτης
3217 5093 3318 5147 καὶ
3362 5085 3517 5154 οὗτος
3539 5127 3556 5153 ,
3594 5084 3683 5139 καὶ
3723 5075 3817 5150 κρδ

2268 5205 2368 5275 τῆς
2420 5203 2613 5270 πείρας
2660 5199 2835 5265 ἔδοξεν
2872 5193 3011 5253 εἷναι
3045 5194 3362 5271 θαυμαστὸς
3414 5194 3509 5247 ἀπ’
3550 5186 3707 5255 αὐτῆς
3730 5179 3815 5250 τῆς

2266 5310 2463 5381 ὅψεως.
2508 5306 2581 5362 Οὐ
2616 5305 2721 5379 μὴν
2747 5307 2813 5377 τῇ
2843 5302 3049 5358 ἐκείνου
3100 5301 3333 5373 δυνάμει
3353 5338 3370 5366 ,
3425 5293 3585 5367 φησί,
3633 5290 3815 5356 ἐλεγινο

2269 5416 2405 5471 ἀλλὰ
2429 5414 2665 5484 πνεῦμα
2693 5409 2840 5466 Θεοῦ
2873 5409 3044 5479 ἅγιον
3082 5402 3249 5475 εἶχεν
3279 5405 3353 5458 ἐν
3377 5398 3586 5464 ἐαυτῷ.
3613 5390 3813 5461 Πνεῦμα

2268 5528 2389 5599 οὐχὶ
2419 5526 2603 5593 τοῦτο,
2628 5524 2658 5579 6
2687 5523 2914 5593 λέγομεν
2952 5522 3114 5593 ἡμεῖς
3164 5516 3261 5571 τὸν
3303 5512 3677 5587 Παράκλητον,
3718 5499 3817 5558 ἀλλ’

2267 5638 2343 5703 ὡς
2372 5637 2438 5693 ἂν
2466 5638 2609 5691 εῖποι
2647 5650 2732 5698 τις
2778 5631 3059 5685 ἐπίπνοιαν
3081 5671 3096 5696 ,
3140 5626 3330 5691 ἔνθους
3378 5619 3467 5694 ἦν.
3502 5614 3815 5676 Βαλτάσαρ.

2275 5746 2459 5817 φησὶν,
2486 5747 2519 5800 ὀ
2550 5743 2748 5812 άρχων
2794 5740 2913 5796 τῶν
2956 5732 3263 5793 ἐκαοιδῶν.
3299 5731 3523 5804 Πρῶτος
3556 5720 3721 5781 αὐτῶν
3738 5713 3815 5788 ἢν.
