4126 6294
333 321 427 379 215

334 454 452 499 mea,
482 444 527 488 et
555 435 745 504 ﬂorens
772 434 827 488 in
851 433 977 489 solio
1001 448 1128 500 meo,
1164 441 1209 486 et
1240 432 1441 505 pinguis
1466 432 1519 488 in
1544 432 1733 503 populo
1755 448 1888 487 meo.

331 530 425 584 Cur
454 528 525 583 ita
553 527 656 581 hoc
673 526 909 597 scripsit,
930 534 984 582 et
1007 541 1111 581 non
1135 526 1348 595 scripsit
1372 543 1386 580 :
1409 524 1893 581 Nabuchodonosor

331 626 432 673 erat
454 616 730 671 abundans
760 636 775 672 :
804 616 899 671 sed
926 616 1073 686 quasi
1101 631 1167 672 ex
1206 631 1430 685 persona
1460 616 1639 671 illius?
1665 616 1790 670 Mihi
1814 616 1892 670 vi-

329 708 509 763 dentur
533 707 651 763 haec
671 708 830 763 verba
853 708 1015 777 ipsius
1028 706 1561 763 Nabuchodonosoris
1586 722 1721 763 esse.
1740 708 1893 763 Post-

329 816 472 871 quam
500 801 644 855 enim
674 815 704 854 a
736 800 960 870 pristino
987 815 1170 855 errore
1194 800 1483 869 collegerat
1505 814 1581 864 se,
1607 800 1660 853 in
1682 798 1890 869 publica

318 895 437 946 acta
472 907 566 947 eas
588 893 769 946 literas
794 892 1047 948 retulerat
1072 891 1228 948 forte.
1254 894 1426 962 Ipsam
1455 893 1613 961 igitur
1637 894 1892 949 constitu-

326 984 539 1048 tionem,
570 992 631 1037 ut
655 982 759 1038 fide
785 983 975 1053 dignus
1001 983 1091 1047 sit,
1128 982 1343 1038 adducit
1375 984 1578 1039 Daniel.
1620 984 1754 1039 Nam
1790 984 1890 1038 ho-

327 1074 521 1128 minum
548 1084 755 1129 natura:
781 1075 895 1145 ipse
932 1076 1021 1145 qui
1056 1090 1243 1144 passus
1270 1085 1353 1130 est
1380 1076 1635 1145 loquitur.
1664 1076 1732 1131 Et
1762 1075 1890 1131 mihi

326 1166 493 1235 aspice
526 1162 781 1235 quantum
810 1164 1186 1222 documentum
1220 1166 1289 1221 sit
1332 1166 1587 1221 adversus
1611 1167 1887 1236 superbos.

324 1260 364 1310 Α
388 1256 640 1327 superbia
666 1257 809 1312 enim
839 1272 1026 1327 passus
1053 1266 1136 1312 est
1174 1272 1521 1327 quacumque
1547 1271 1731 1327 passus
1755 1266 1836 1313 est
1871 1275 1885 1313 :

324 1358 375 1401 et
400 1349 636 1404 ostendit
662 1364 877 1404 causam
904 1350 1183 1420 superbia,
1217 1359 1325 1404 tum
1354 1364 1384 1404 a
1419 1350 1559 1417 ﬁne,
1587 1359 1696 1405 tum
1722 1350 1788 1405 ab
1812 1351 1890 1406 in-

321 1440 413 1494 itio
440 1458 453 1493 :
482 1440 537 1494 in
567 1439 674 1496 line
696 1439 913 1511 quidem
938 1440 1141 1507 dicens,
1164 1441 1416 1507 Quoniam
1444 1458 1613 1496 omnes
1652 1442 1891 1513 superbos

326 1542 477 1602 potest
525 1534 793 1587 humiliore
837 1533 909 1604 (υ.
952 1533 1077 1603 54);
1124 1534 1175 1588 in
1218 1533 1478 1604 principio
1513 1543 1690 1589 autem
1730 1544 1783 1590 et
1825 1535 1892 1590 ab

323 1622 548 1677 exordiis
586 1638 804 1678 causam
849 1624 1109 1695 superbiae
1144 1624 1360 1679 docens.
1412 1624 1488 1680 lbi
1530 1626 1723 1681 etenim
1767 1641 1888 1682 eum

324 1714 437 1769 ideo
473 1713 638 1769 fuisse
676 1713 1010 1769 humiliatum
1053 1714 1285 1771 declarat
1324 1733 1338 1770 :
1376 1715 1463 1771 hic
1505 1731 1634 1771 vero
1684 1733 1786 1787 qua
1823 1717 1891 1774 de

323 1818 473 1859 eausa
500 1804 763 1874 superbus
809 1806 1061 1873 evaserit,
1106 1821 1296 1875 nempe
1324 1821 1390 1861 ex
1433 1821 1499 1862 eo
1539 1807 1679 1878 quod
1722 1809 1889 1865 multa

321 1896 580 1953 frueretur
610 1898 898 1963 felicitate;
936 1900 1013 1954 sic
1038 1907 1093 1955 et
1123 1898 1287 1955 David
1323 1900 1452 1955 dicit
1498 1919 1511 1955 :
1551 1900 1677 1955 Ideo
1702 1917 1785 1956 eos
1811 1912 1887 1957 te-

326 1990 426 2042 nuit
467 1990 702 2059 superbia
726 1988 897 2061 (Psal.
925 1990 1013 2045 72.
1045 1989 1101 2057 6)
1131 2007 1145 2043 :
1178 1991 1249 2044 ita
1287 1999 1341 2045 et
1384 1990 1471 2045 hic
1508 1992 1705 2046 multas
1742 1995 1890 2062 ponit

327 2082 718 2151 proSperitates.
771 2082 828 2136 In
872 2082 1128 2152 principio
1174 2082 1248 2137 ait
1293 2083 1612 2139 :Abundans
1654 2100 1792 2137 eram
1836 2086 1888 2139 in

328 2172 465 2224 domo
488 2187 620 2237 mea,
648 2180 694 2224 et
719 2172 906 2241 ﬂorens
930 2172 984 2225 in
1010 2172 1136 2226 solio
1161 2188 1288 2237 meo,
1322 2183 1368 2225 et
1397 2173 1597 2244 pinguis
1622 2174 1675 2227 in
1701 2176 1888 2245 popqu

326 2276 443 2314 meo.
469 2259 585 2316 Non
609 2261 753 2316 enim
779 2260 895 2317 ﬁeri
922 2270 1094 2332 potest
1117 2271 1175 2316 ut
1202 2262 1380 2317 omnia
1407 2263 1543 2317 bona
1580 2264 1735 2318 simul
1761 2279 1889 2319 con-

328 2360 549 2406 currant.
597 2350 867 2424 Contingit
904 2354 957 2408 in
990 2354 1208 2424 imperio
1236 2354 1449 2424 quidem
1493 2370 1612 2411 esse
1654 2355 1884 2425 felicem,

325 2443 454 2498 dolui
482 2459 611 2500 vero
638 2444 923 2513 infelicem,
945 2448 1386 2516 quemadmodum
1415 2448 1673 2519 Herodes,
1699 2466 1886 2522 quem-

324 2535 597 2591 admodum
622 2537 821 2593 David:
845 2538 1037 2594 accidit
1052 2555 1237 2595 rursus
1251 2550 1456 2607 contra,
1484 2544 1537 2597 in
1556 2544 1750 2614 populo
1771 2545 1887 2615 qui-

324 2625 433 2680 dem
463 2626 726 2683 infelicem
748 2642 898 2695 esse;
919 2644 949 2683 a
969 2629 1129 2685 domo
1152 2639 1328 2686 autem
1353 2632 1483 2687 nihil
1507 2648 1665 2704 grave
1685 2649 1747 2689 ac
1771 2651 1886 2691 mo-

322 2718 505 2775 lestum
522 2722 790 2777 sustinere
813 2740 827 2776 :
852 2721 967 2779 ﬁeri
983 2725 1140 2779 etiam
1166 2736 1339 2796 potest
1361 2735 1416 2781 ut
1440 2728 1491 2781 in
1513 2727 1643 2783 urbe
1667 2742 1765 2798 pax
1787 2730 1883 2794 sit;

325 2822 374 2866 at
399 2829 606 2882 regnum
636 2815 950 2871 tumultibus
985 2819 1267 2887 quatiatur.
1312 2817 1507 2873 Verum
1547 2822 1632 2876 isti
1679 2822 1885 2877 felicem

320 2903 540 2974 undique
565 2919 687 2960 esse
716 2907 935 2976 contigit
963 2925 976 2961 :
1001 2907 1130 2962 nihil
1147 2917 1261 2963 erat
1281 2909 1422 2978 quod
1451 2911 1619 2980 ipsum
1642 2914 1883 2969 molestia

317 2993 562 3051 afﬁceret.
590 2995 757 3052 Vides
775 3006 1031 3067 quantum
1058 2999 1251 3054 malum
1274 3001 1344 3056 sit
1370 3003 1573 3056 vacatio
1595 3018 1659 3057 ac
1686 3006 1886 3059 securi-

323 3088 432 3141 tas?
450 3087 595 3144 Sicut
619 3090 764 3145 enim
784 3090 839 3144 in
858 3091 1187 3162 corporibus,
1211 3108 1329 3146 cum
1355 3110 1460 3148 non
1482 3110 1546 3149 ex
1568 3097 1885 3152 necessitate

316 3178 716 3249 tatigationeset
735 3182 1109 3251 occupationes
1128 3183 1504 3253 suscipiuntur,
1531 3185 1597 3240 de
1626 3186 1881 3243 industria

320 3270 561 3338 quasdam
590 3272 948 3343 aggredimur,
982 3273 1049 3328 ad
1073 3275 1311 3345 corporis
1331 3278 1648 3333 exercitium
1676 3296 1691 3334 :
1732 3280 1801 3335 ita
1829 3292 1884 3337 et

319 3362 452 3418 Deus
472 3362 645 3420 facere
665 3364 826 3432 solet,
842 3375 903 3420 ut
921 3366 1062 3422 vires
1087 3367 1275 3422 nimias
1292 3368 1457 3423 tollat.
1476 3369 1531 3422 2.
1552 3387 1573 3421 ι
1605 3369 1882 3428 Somnium

324 3453 441 3520 vidi,
466 3463 519 3511 et
545 3457 838 3526 perterruit
863 3473 969 3523 me,
991 3467 1046 3514 et
1071 3459 1312 3516 turbatus
1337 3477 1452 3516 sum
1484 3462 1536 3517 in
1560 3464 1717 3519 cubili
1739 3481 1878 3534 meo,

314 3554 374 3599 et
398 3547 618 3602 visiones
644 3550 838 3618 capitis
859 3550 964 3605 mei
985 3552 1441 3607 conturbaverunt
1471 3570 1578 3609 me.
1605 3556 1658 3609 5.
1695 3557 1757 3611 Et
1784 3572 1879 3627 per

318 3653 404 3692 me
450 3640 778 3711 propositum
818 3650 903 3696 est
938 3641 1236 3709 decretum,
1264 3654 1322 3699 ut
1368 3646 1769 3704 introducerent
1821 3650 1875 3704 in

316 3740 593 3799 conspectu
622 3746 746 3786 meo
784 3746 973 3788 omnes
1009 3735 1280 3804 sapientes
1322 3736 1631 3809 Babylonis,
1657 3749 1716 3795 ut
1742 3756 1877 3796 cono

318 3818 564 3876 imturam
612 3824 805 3878 somnii
859 3824 1154 3881 indicarent
1193 3826 1344 3882 mihi.
1383 3847 1404 3881 ι
1436 3828 1568 3885 Vide
1611 3832 1879 3901 quomodo

318 3911 455 3967 illum
475 3917 829 3985 comprimere
853 3916 984 3985 vult,
1018 3934 1120 3972 non
1150 3934 1327 3974 rerum
1356 3923 1721 3991 experimento
1739 3964 1755 3990 ,
1783 3925 1877 3980 sed

318 4004 601 4062 futurorum
652 4009 1031 4078 praedictione;
1070 4020 1125 4066 et
1174 4014 1441 4083 quomodo
1482 4017 1717 4073 terribile
1762 4026 1879 4073 erat

317 4097 593 4153 somnium.
639 4096 748 4154 Cur
798 4101 957 4171 igitur
1003 4117 1143 4157 nunc
1188 4118 1399 4175 quoque
1450 4122 1555 4161 non
1606 4108 1877 4179 obstupuit

318 4188 527 4255 spiritus
550 4190 690 4259 ejus,
728 4205 827 4246 nec
880 4192 1074 4246 somnii
1121 4193 1315 4249 oblitus
1348 4206 1450 4263 est,
1501 4198 1638 4253 sicut
1672 4202 1877 4255 antea?

318 4277 443 4344 Quia
468 4282 671 4337 scilicet
699 4297 821 4337 cum
848 4284 1031 4339 Daniel
1062 4286 1212 4355 prius
1240 4287 1512 4345 sufficiens
1538 4292 1876 4361 experimen-

318 4379 421 4425 tum
447 4372 698 4437 dedisset,
730 4374 974 4431 videlicet
1000 4377 1053 4431 in
1082 4378 1291 4432 somnio
1317 4380 1456 4448 quod
1480 4392 1832 4450 prmcesserat
1855 4427 1870 4453 ,

318 4476 415 4516 non
443 4472 559 4519 erat
599 4462 853 4535 deinceps
882 4481 1101 4523 necesse
1142 4470 1431 4526 secundam
1470 4474 1709 4530 adhiberi
1752 4492 1875 4546 pro-

314 4551 591 4610 bationem.
617 4554 807 4610 Omnia
850 4558 1043 4629 quippe
1089 4560 1229 4615 Deus
1280 4565 1615 4619 necessitatis
1663 4569 1829 4636 gratia
1855 4610 1870 4633 ,

314 4659 414 4700 non
458 4650 847 4717 ostentationis,
892 4661 1162 4720 Operatnr.
1216 4652 1463 4725 Alioquin
1506 4667 1682 4712 autem
1716 4668 1770 4713 et
1819 4659 1871 4715 id

315 4736 370 4789 ﬁt
393 4738 453 4793 ad
487 4740 882 4813 redarguendos
908 4757 1109 4813 magos.
1141 4744 1271 4799 Nam
1319 4761 1385 4800 ne
1429 4748 1617 4803 iterum
1647 4749 1824 4805 dicant
1854 4769 1867 4806 :

314 4826 539 4902 Proferat
567 4848 657 4886 rex
682 4835 934 4888 somnium
956 4875 971 4899 ,
999 4844 1047 4889 et
1084 4836 1222 4891 illius
1250 4838 1586 4907 conjecturam
1617 4844 1872 4896 renuntia-

314 4919 463 4976 bimus
513 4940 607 4978 nos
634 4924 793 4995 (Dan.
830 4926 883 4979 2.
912 4926 967 4997 7)
996 4945 1009 4981 :
1036 4938 1330 4998 arguuntur
1373 4934 1479 4985 nan
1534 4930 1705 4986 solum
1742 4934 1869 4989 illud

314 5027 407 5067 non
429 5030 603 5085 posse,
629 5016 729 5071 sed
764 5032 938 5088 neque
962 5017 1083 5073 hoc.
1108 5018 1405 5092 Nequibant
1429 5023 1605 5079 dicere
1634 5026 1826 5079 iterum
1852 5046 1865 5081 :

315 5121 333 5153 ε
355 5104 593 5174 Verbum,
612 5106 758 5178 quod
782 5123 873 5163 rex
899 5109 1205 5181 interrogat,
1235 5127 1394 5181 grave
1423 5122 1505 5168 est
1531 5133 1543 5168 :
1573 5124 1626 5169 et
1656 5130 1759 5170 non
1788 5127 1871 5172 est

311 5196 485 5266 homo,
510 5202 600 5273 qui
644 5200 818 5271 possit
854 5200 1148 5271 dijudicare
1198 5202 1345 5269 illud,
1376 5206 1477 5259 nisi
1507 5206 1616 5272 dii,
1644 5222 1868 5276 quorum

310 5306 403 5344 non
422 5303 501 5347 est
518 5293 781 5349 habitatio
803 5307 927 5349 cum
954 5294 1099 5349 omni
1121 5308 1283 5350 carne
1304 5314 1323 5347 ι
1352 5295 1513 5367 (Ibid.
1537 5298 1714 5369 v.11).
1743 5299 1868 5354 Inde

302 5381 476 5439 didicit
507 5400 684 5455 neque
715 5385 898 5456 priora
940 5399 1009 5439 ex
1047 5383 1136 5439 illa
1162 5388 1360 5456 vulgari
1386 5389 1642 5457 sapientia
1672 5390 1867 5445 Danie-

305 5476 395 5531 lem
426 5479 732 5548 protulisse.
768 5476 962 5532 Didicit
989 5475 1267 5532 Chaldaeos
1296 5493 1466 5549 neque
1507 5481 1867 5550 superioribus

301 5573 613 5643 temporibus
638 5570 936 5643 quidquam
959 5571 1073 5625 sani
1090 5570 1286 5627 dixisse
1306 5589 1318 5625 :
1342 5573 1478 5627 sicut
1507 5573 1733 5643 ipsemet
1753 5575 1826 5629 ait
1850 5592 1863 5628 :

297 5676 344 5719 at
366 5667 534 5722 nullus
562 5673 686 5721 erat
708 5662 805 5733 qui
836 5662 966 5717 illos
994 5662 1424 5731 reprehenderet.
1444 5662 1576 5718 Cum
1604 5673 1778 5719 autem
1801 5665 1865 5720 ad

291 5775 371 5819 eos
392 5764 534 5820 venit
558 5777 629 5819 ex
653 5757 844 5816 Judma
872 5754 1279 5826 demonstratio,
1305 5758 1487 5815 Daniel
1511 5774 1723 5830 nempe,
1754 5774 1858 5815 non

1689 316 1755 374 IN
1794 316 2162 374 DANIELEM.

3469 326 3576 382 2H

1996 430 2226 501 amplius
2266 429 2464 486 audent
2508 447 2574 487 ne
2601 434 2814 503 quidem
2861 435 3078 507 lingere.
3114 436 3276 507 Igitur
3307 453 3411 494 non
3458 443 3576 494 sine

1999 521 2329 591 providentia
2360 538 2542 577 rursus
2568 524 2641 579 illi
2674 536 2950 581 vocantur.
2983 528 3189 583 Etenim
3223 529 3573 588 admiratione

1997 610 2214 684 dignum
2243 621 2343 678 est,
2375 628 2534 684 quam
2563 613 2633 668 ob
2674 631 2786 669 rem
2834 631 2929 671 rex
2977 632 3097 672 cum
3132 620 3183 673 in
3213 621 3370 675 tantis
3414 622 3574 677 rebus

1996 705 2416 773 experimentum
2453 711 2684 775 cepisset
2730 712 3024 779 potestatis,
3056 727 3156 782 qua
3185 715 3414 782 pollebat
3463 715 3571 771 Da-

1998 794 2132 859 niel,
2164 810 2267 849 non
2299 806 2472 850 tamen
2504 798 2733 866 primum
2767 816 2889 853 eum
2914 805 3141 858 vocavit.
3174 804 3403 874 Ipsemet
3426 808 3571 861 enim

2000 881 2141 938 Deus
2167 883 2217 937 id
2245 885 2458 939 molitus
2478 896 2580 949 est,
2600 895 2656 940 ut
2678 899 2797 956 post
2824 905 3099 959 magorum
3119 893 3325 948 cladem
3346 896 3570 950 victoria

1997 984 2295 1042 appareret.
2326 973 2607 1029 Perterruit
2646 994 2742 1042 me,
2774 978 2945 1049 inquit
2978 998 2991 1033 :
3025 991 3081 1036 et
3121 998 3295 1053 neque
3340 985 3418 1039 sic
3455 1002 3571 1040 me-

1996 1064 2100 1118 lior
2132 1065 2337 1131 evasit;
2373 1066 2469 1121 sed
2518 1068 2684 1123 voluit
2729 1071 3027 1139 periculum
3074 1071 3269 1129 facere.
3318 1076 3390 1129 Ita
3430 1076 3573 1131 Deus

1995 1156 2226 1228 undique
2252 1158 2435 1213 insons
2464 1168 2541 1215 est
2568 1160 2666 1232 (a).
2689 1162 2743 1215 4.
2779 1180 2797 1212 ι
2829 1162 2898 1216 Ει
2924 1164 3358 1233 ingrediebantur
3387 1168 3571 1221 incan-

1996 1256 2227 1316 tatores,
2259 1250 2433 1321 magi,
2464 1250 2744 1319 Gazareni,
2777 1252 3011 1309 Chaldmi
3038 1273 3051 1308 :
3087 1266 3141 1311 et
3165 1260 3429 1313 somnium
3460 1259 3569 1314 dixi

1995 1338 2049 1393 in
2075 1349 2364 1409 conSpectu
2401 1355 2586 1396 eorum
2620 1359 2632 1395 :
2661 1353 2717 1398 et
2742 1343 3105 1414 conjecturam
3140 1346 3256 1416 ejus
3298 1364 3401 1403 non
3430 1349 3570 1404 indi-

1995 1440 2253 1485 caverunt
2293 1430 2445 1497 mihi,
2471 1433 2526 1488 5.
2555 1433 2724 1489 donec
2749 1435 2885 1490 alius
2914 1436 3183 1506 ingressus
3208 1448 3292 1493 est
3313 1480 3326 1502 ,
3362 1440 3566 1507 Daniel,

1997 1520 2053 1575 in
2077 1532 2367 1591 conspectu
2399 1538 2521 1578 meo
2541 1565 2557 1590 ,
2587 1525 2740 1593 cujus
2763 1541 2955 1581 nomen
2987 1528 3225 1584 Baltasar
3243 1572 3256 1595 ,
3279 1533 3571 1588 secundum

1996 1627 2189 1668 nomen
2229 1613 2314 1669 dei
2357 1616 2483 1681 mei,
2506 1615 2598 1685 qui
2634 1617 2875 1685 spiritum
2922 1618 3015 1673 Dei
3059 1619 3217 1676 habet
3264 1622 3315 1675 in
3360 1633 3573 1678 semet—

1994 1703 2146 1773 ipso:
2174 1714 2230 1760 et
2256 1707 2519 1761 somnium
2546 1721 2725 1762 coram
2754 1723 2819 1763 eo
2847 1708 2977 1763 dixi.
3007 1708 3196 1779 Donec,
3227 1712 3414 1783 inquit,
3436 1715 3571 1767 alius

1993 1796 2246 1865 ingressus
2286 1807 2359 1851 est
2401 1798 2455 1851 in
2495 1809 2761 1868 conspectu
2802 1815 2929 1852 meo.
2969 1799 3129 1867 Quasi
3176 1803 3456 1859 immemor
3500 1805 3571 1859 ita

1996 1887 2233 1957 loquitur
2259 1889 2356 1959 (b).
2384 1890 2593 1944 Etenim
2622 1892 2773 1945 multi
2797 1893 2922 1945 anni
2951 1893 3322 1961 praeterieram
3340 1937 3355 1960 ,
3382 1905 3437 1949 et
3461 1897 3570 1949 cito

1995 1979 2311 2035 memoriam
2338 1983 2613 2049 amiserat,
2668 1991 2851 2052 utpote
2902 1990 2981 2037 tot
3020 1985 3163 2039 curis
3205 1986 3476 2051 obsessus,
3515 1997 3570 2041 et

1994 2085 2117 2125 cum
2168 2073 2327 2127 tantis
2380 2073 2591 2129 deliciis
2647 2076 2852 2129 vivens.
2911 2074 3079 2130 Porro
3133 2076 3311 2132 dicere
3371 2079 3570 2145 alium,

1993 2165 2201 2233 signum
2232 2173 2312 2219 est
2343 2181 2466 2220 eum
2495 2165 2646 2220 valde
2689 2167 2827 2221 illius
2859 2167 3083 2222 oblitum
3111 2182 3248 2223 esse.
3281 2168 3572 2224 Secundum

1992 2270 2172 2309 nomen
2192 2294 2207 2319 ,
2240 2257 2430 2326 inquit,
2462 2258 2542 2310 dei
2569 2258 2683 2311 mei.
2708 2258 2793 2311 An
2826 2258 2926 2313 hoc
2954 2259 3134 2315 dicere
3156 2261 3299 2314 vult:
3332 2261 3421 2315 Sic
3447 2279 3569 2318 eum

1994 2349 2248 2403 honoravi
2339 2361 2394 2404 ut
2423 2367 2451 2403 a
2480 2350 2583 2405 deo
2612 2366 2806 2405 nomen
2855 2351 2955 2406 hoc
2987 2353 3059 2407 illi
3107 2352 3387 2408 indiderim
3408 2356 3431 2408 ?
3456 2356 3572 2411 Mos

1992 2441 2133 2494 enim
2161 2450 2277 2495 erat
2307 2440 2409 2494 illis
2431 2482 2446 2506 ,
2478 2440 2545 2495 de
2575 2441 2797 2496 deorum
2840 2444 3057 2497 nomine
3092 2458 3287 2513 pueros
3315 2460 3441 2501 suos
3471 2462 3568 2501 no-

1992 2533 2197 2587 minare
2232 2551 2243 2585 :
2275 2533 2705 2603 quandoquidem
2736 2545 2789 2588 et
2817 2550 2881 2589 ex
2910 2534 3215 2592 hominibus
3241 2538 3372 2593 deos
3406 2537 3569 2594 facie-

1990 2625 2135 2680 hant.
2171 2627 2259 2681 Sic
2300 2628 2476 2694 Belus,
2501 2628 2578 2682 sic
2620 2637 2675 2682 et
2701 2628 2906 2684 Belazus
2940 2629 3011 2700 (c)
3036 2631 3249 2700 quidam
3280 2632 3420 2701 apud
3466 2648 3564 2687 nos

1990 2719 2286 2789 appellatus
2316 2729 2417 2773 est.
2448 2719 2664 2775 Scilicet
2702 2729 2978 2789 postquam
3018 2721 3288 2777 dannones
3312 2723 3562 2779 viderunt

1990 2823 2051 2863 ea
2083 2810 2288 2864 ratione
2316 2810 2560 2865 homines
2582 2810 2833 2865 honorari
2856 2825 2919 2865 ac
2941 2811 3071 2865 deos
3092 2814 3291 2879 vocari,
3310 2822 3363 2868 et
3391 2815 3489 2883 ipsi
3517 2815 3569 2870 id

1990 2902 2222 2956 :emulati
2263 2902 2589 2973 sunt.Cujus
2618 2903 2788 2973 gratia
2816 2903 2910 2971 ait,
2958 2902 3174 2970 Daniel,
3201 2907 3347 2976 cujus
3387 2923 3569 2962 nomen

1990 2991 2226 3047 Baltasar
2248 2994 2272 3046 ?
2296 2994 2426 3062 Quia
2466 2995 2560 3049 Dei
2587 2996 2832 3049 virtutem
2866 2994 3115 3050 habebat.
3157 2996 3211 3050 Id
3237 2999 3380 3051 enim
3428 2999 3567 3068 apud

1988 3084 2110 3137 illos
2135 3085 2366 3139 maxime
2396 3084 2584 3139 honori
2613 3094 2748 3140 erat.
2783 3084 2850 3139 Et
2879 3086 3175 3141 sustinebat
3204 3087 3384 3141 Daniel
3414 3102 3473 3143 se
3499 3088 3569 3142 ah

1988 3177 2094 3232 illis
2117 3193 2182 3233 eo
2209 3178 2423 3233 nomine
2445 3178 2683 3248 insigniri
2727 3195 2742 3233 :
2782 3193 3043 3248 nusquam
3087 3189 3266 3234 autem
3294 3179 3410 3245 hic,
3440 3180 3567 3235 dum

1987 3272 2067 3324 sui
2116 3270 2439 3325 mentionem
2488 3270 2652 3338 facit,
2697 3270 3019 3326 Baltasarem
3086 3274 3321 3342 seipsum
3388 3274 3565 3327 nomi-

1986 3368 2098 3427 nat,
2126 3360 2221 3415 sed
2250 3360 2376 3430 quid
2400 3360 2423 3413 ?
2452 3358 2563 3431 Ego
2594 3358 2797 3414 Daniel.
2829 3360 3040 3429 Quanto
3085 3362 3289 3417 honore
3316 3362 3564 3434 dignatus

1987 3462 2066 3507 est
2096 3453 2233 3523 regis
2258 3452 2417 3518 ﬁlius,
2446 3460 2592 3506 tanto
2620 3460 2673 3506 et
2708 3452 2807 3507 iste
2832 3470 2846 3505 :
2875 3453 3033 3507 etiam
3063 3461 3187 3507 ante
3209 3453 3553 3522 experimen-

1985 3553 2117 3611 tum,
2141 3561 2207 3600 ex
2240 3544 2357 3615 ipso
2386 3552 2603 3614 aSpectu
2631 3544 2774 3597 visus
2791 3552 2873 3597 est
2900 3544 3253 3599 admirabilis.
3278 3545 3388 3600 Nec
3410 3562 3559 3612 vero,

1985 3637 2253 3707 inquit,ex
2284 3636 2423 3690 illius
2443 3636 2637 3690 virtute
2666 3634 2968 3704 proferebat
2988 3650 3051 3689 ea
3073 3651 3189 3704 qua:
3217 3636 3561 3706 loquebatur:

2044 3768 2121 3833 (α)
2146 3766 2479 3833 Pulcherrima
2508 3767 2614 3816 haec
2647 3768 2913 3833 sententia
2935 3766 3189 3833 desumpta
3236 3781 3299 3833 ex
3350 3768 3565 3833 Platone,

2004 3834 2012 3843 .
2044 3780 2116 3833 (a)
2148 3780 2481 3841 Putcnerrnna.
2509 3780 2614 3816 tuaac
2647 3780 2891 3817 sententia
2935 3780 3195 3877 desumpta
3236 3781 3299 3841 ex
3326 3780 3564 3844 .Ptatone,

1981 3831 2069 3881 ltb.
2106 3831 2167 3881 10
2212 3831 2392 3895 Repub.
2417 3843 2649 3895 ,_ingore
2697 3836 2776 3895 est
2816 3828 2980 3895 multis
3021 3842 3105 3895 ccc
3130 3838 3365 3895 esiasttcts
3412 3846 3564 3895 nugt-

1981 3896 2111 3951 stris,
2136 3889 2320 3941 Justitio
2344 3889 2574 3955 Apologia
2596 3892 2823 3948 secunda,
2850 3890 2999 3941 Clem.
3026 3890 3169 3939 Alex.
3199 3893 3384 3954 Pmdag.
3408 3889 3565 3955 Iibfl,‘

1980 3968 2086 4017 cap.
2110 3955 2141 4002 8
2158 3990 2171 4011 ,
2199 3960 2249 4001 et
2271 3961 2440 4000 Strom.
2470 3953 2489 4000 t
2516 3987 2530 4011 ,
2557 3961 2607 4017 et
2630 3954 2690 4017 5,
2714 3955 2943 4013 Gregorio
2978 3960 3077 4017 Naz.
3119 3960 3247 4017 Orat.
3266 3956 3301 4017 _5
3320 3953 3564 4009 ,Eusebio

1981 4012 2084 4065 tuin
2110 4024 2311 4122 Ptizepar.
2341 4028 2513 4076 evang.
2555 4013 2638 4062 lib.
2664 4014 2695 4062 6
2715 4052 2728 4073 ,
2754 4012 2886 4073 0.6,
2924 4022 3025 4063 tum
3060 4016 3109 4064 in
3143 4012 3239 4063 line
3263 4014 3371 4064 libri
3396 4026 3561 4068 contra

1981 4080 2151 4122 Hieroc
2174 4090 2267 4122 em.

1980 4080 2267 4125 Hieroclem.

2044 4137 2115 4200 (b)
2152 4137 2207 4185 In
2228 4144 2408 4194 Graeco,
2435 4137 2508 4194 [ἕως
2533 4142 2573 4185 οὗ
2593 4149 2733 4198 ἶτιφς.
2757 4162 2854 4200 ᾳῃσι.
2871 4149 3035 4197 εἰσῆλθεν
3061 4151 3204 4188 tuamet
3223 4164 3301 4199 μου.
3325 4140 3558 4200 ὸςνιπιλιοά.

1978 4226 2081 4261 pm;
2098 4198 2197 4249 ὀὕτω
2219 4213 2314 4261 ﬁci.
2341 4200 2551 4261 Legebat
2584 4200 2708 4259 apud
2745 4198 3139 4259 1heodotionem,
3172 4198 3289 4261 ῑτέρος
3309 4241 3320 4256 ,
3340 4199 3482 4260 alius,
3507 4211 3561 4251 ut

1982 4260 2033 4326 et
2054 4260 2233 4323 legisse
2256 4260 2607 4326 Theodoretum
2630 4267 2831 4326 constat.
2858 4267 2945 4308 Eos
2968 4261 3096 4326 enim
3122 4260 3241 4309 nihil
3261 4276 3449 4326 moror,
3475 4265 3557 4326 qui

1978 4322 2091 4370 dum
2113 4321 2359 4370 conantur
2397 4322 2691 4375 emendare,
2731 4322 3013 4375 depravant.
3039 4321 3109 4370 Ac
3141 4331 3278 4371 certe
3314 4337 3374 4372 ea
3410 4321 3558 4374 lectio

1980 4385 2176 4455 propius
2196 4384 2381 4454 accedit
2401 4383 2458 4430 ad
2485 4384 2738 4453 veritatem
2762 4383 3079 4434 Chaldaicam.
3075 4396 3245 4491 0ﬂuam
3268 4383 3378 4442 alia,
3403 4397 3557 4449 ἑταῖρος,

1980 4459 2148 4491 socms.
2177 4446 2325 4491 Mirari
2359 4452 2521 4491 ttauue
2544 4452 2659 4491 satis
2678 4457 2771 4491 non
2795 4458 2985 4491 possunt
3008 4457 3070 4491 au
3158 4444 3235 4491 [ηρ
3256 4447 3483 4491 observat
3505 4455 3555 4491 Β.

1977 4444 2148 4494 socius.
2177 4445 2325 4491 Mirari
2359 4446 2521 4505 itaque
2544 4446 2659 4492 satis
2678 4457 2771 4491 non
2795 4458 2985 4506 possum
3008 4444 3133 4506 quod
3158 4444 3235 4494 hic
3256 4444 3555 4497 observata.

1977 4509 2306 4569 Hieronymus,
2332 4517 2509 4570 praeter
2533 4512 2639 4553 LXX
2664 4507 2975 4570 translator-es
2994 4544 3006 4562 ,
3031 4507 3111 4567 qui
3136 4506 3239 4555 haec
3256 4509 3411 4556 omnia
3436 4522 3557 4570 pra:-

1978 4565 2241 4625 terieraht,
2268 4565 2372 4630 tres
2402 4567 2616 4628 reliquos
2652 4565 2881 4629 collegam
2918 4565 3260 4630 interpretatos
3284 4582 3413 4618 esse.
3436 4565 3553 4630 Quid

1976 4629 2158 4694 igitur?
2180 4641 2241 4677 an
2264 4629 2507 4694 codicibus
2526 4630 2762 4694 corruptis
2783 4630 3009 4694 utebatur
3026 4629 3325 4694 doctissimus
3344 4633 3553 4694 Scriptu-

1976 4689 2044 4740 ra?
2084 4690 2363 4752 interpres?
2388 4689 2441 4752 Id
2463 4703 2582 4738 vero
2602 4689 2848 4752 afﬁrmare
2879 4691 3052 4737 durum
3090 4689 3270 4751 fuerit,
3313 4705 3422 4740 cum
3445 4689 3552 4743 'dici

1975 4762 2123 4815 queat
2149 4751 2258 4815 ideo
2282 4751 2528 4815 Danielem
2550 4764 2577 4799 a
2602 4751 3058 4815 Nabuchodonosoro
3080 4752 3370 4814 appellatum
3404 4754 3552 4804 colle-

1975 4813 2103 4873 gam,
2129 4814 2239 4885 quia
2263 4814 2386 4860 alter
2418 4815 2633 4885 ijtse_,_ac
2661 4813 2902 4885 secundus
2924 4826 2951 4861 a
2975 4827 3098 4875 rege
3115 4813 3272 4883 esset.
3301 4816 3461 4878 Atque
3487 4820 3552 4866 ita

1976 4873 2159 4937 exponi
2179 4882 2339 4936 potest
2370 4873 2461 4923 vox
2485 4879 2635 4956 vim:
2656 4915 2670 4939 ,
2697 4882 2749 4923 et
2772 4882 2815 4923 S.
2843 4873 3193 4938 Hieronyintisa
3208 4873 3413 4925 censura
3430 4885 3550 4927 Dru-

1974 4971 2033 5019 sii
2058 4969 2303 5017 vindicari.
2317 4976 2606 5028 Quamquam
2629 4972 2790 5016 autem
2811 4966 2877 5028 de
2890 4978 3027 5025 voce,
3039 4978 3193 5028 εταιρρς,
3206 4966 3285 5014 hic
3301 4966 3548 5018 disserere

1977 5041 2114 5081 extra
2136 5044 2243 5078 rem
2267 5042 2377 5077 esse
2402 5027 2636 5083 videatur,
2662 5027 2870 5075 ιηοηθὺο
2892 5036 3072 5087 tamen,
3100 5027 3224 5075 illius
3247 5029 3548 5088 ignoratione

1974 5092 2148 5142 factum
2173 5104 2312 5149 esse,
2340 5097 2394 5139 ut
2435 5089 2778 5137 disertissimus
2801 5090 2872 5137 vir
2896 5089 3132 5138 Antonius
3156 5096 3363 5136 Muretus
3384 5090 3433 5136 in
3457 5089 3549 5139 Va-

1973 5157 2152 5205 riarum
2172 5152 2434 5220 lectionum
2456 5151 2539 5220 lib:
2556 5150 2589 5220 _l
2616 5186 2630 5209 ,
2653 5162 2757 5211 cap.
2785 5152 2806 5220 l_
2832 5189 2845 5207 ,
2872 5152 3066 5220 tertium
3090 5150 3352 5220 Isocratem
3375 5162 3549 5220 magno

1976 5230 2144 5265 errore
2162 5215 2483 5279 procuderet.
2509 5211 2718 5279 Aderam
2743 5213 2887 5261 etiam
2925 5211 3081 5279 locum
3119 5212 3338 5279 Origenis
3356 5246 3371 5270 ,
3397 5211 3549 5279 Nonii-

1975 5277 2037 5325 lia
2062 5278 2136 5344 18_
2250 5284 2480 5344 Numeros
2502 5288 2515 5322 :
2544 5273 2818 5344 uelegamus
2838 5284 3027 5341 eamne
3056 5270 3547 5344 in_1)aniele_seripta

1973 5345 2081 5388 sunt
2104 5337 2164 5388 de
2186 5336 2507 5405 ipsopam'ele
2529 5336 2747 5405 attribus
2768 5336 2936 5383 mucis
2958 5347 3079 5394 ejus.
3105 5336 3221 5394 Scrij
3232 5340 3363 5382 serat
3383 5337 3548 5397 Orige-

1973 5413 2081 5459 nes,
2108 5398 2272 5459 ιτιιρὸις,
2292 5398 2338 5446 id
2363 5406 2456 5456 est,

2038 5461 2120 5529 (ο).
2140 5459 2196 5508 ιιι
2219 5467 2408 5529 meo:
2436 5470 2555 5529 οεξτως
2578 5469 2598 5506 δ
2622 5470 2760 5529 ξειλος-
2898 5469 2956 5528 aut
2983 5466 3003 5505 δ
3022 5468 3190 5529 Riem-
3211 5460 3545 5529 measure-

1972 5517 2100 5582 rem,
2108 5523 2260 5582 inquit
2275 5518 2556 5573 Cotelerius,
2581 5521 2639 5566 ad
2664 5521 2803 5582 hujus
2824 5518 2914 5566 loci
2936 5519 3291 5582 restitutionem
3307 5517 3421 5582 mihi
3434 5517 3544 5582 dari

1973 5575 2219 5649 antiquum
2236 5582 2456 5649 Codicem
2480 5594 2541 5629 ex
2564 5594 2662 5649 quo
2679 5575 2954 5649 istenoster
2972 5579 3245 5649 descriptus
3263 5575 3364 5649 fuit.
3390 5578 3545 5649 Aliter

1974 5638 2104 5694 enini
2124 5646 2203 5693 vix
2226 5658 2281 5693 ac
2302 5655 2367 5691 ne
2392 5644 2469 5690 vix
2495 5638 2688 5703 quidem
2708 5642 2901 5703 videtur
2920 5653 3031 5688 esse
3049 5638 3288 5703 sanabilis.
3309 5638 3542 5703 conjicie-

1970 5707 2099 5766 bam,
2121 5718 2141 5756 δ
2160 5712 2372 5771 mmet,
2399 5715 2419 5752 δ
2438 5700 2719 5771 stt&;._Quod
2745 5708 3038 5771 ρρςιιςρηῃμη
3063 5700 3341 5771 νοσευᾳιᾳρ,
3364 5700 3543 5766 legiun-

1972 5761 2097 5832 apud
2119 5761 2482 5827 Tertullianum,
2508 5772 2558 5815 et
2582 5765 2629 5814 in
2653 5761 3069 5825 mendosibyllinis
3089 5763 3394 5814 carminibus.
