4054 6320
471 334 578 401 ΞΠ

476 461 551 513 τὰ
579 458 769 528 ἄγρια,
791 461 886 514 καί
919 462 985 515 ἐν
1007 462 1126 530 τοῖς
1152 464 1397 531 κλάδοις
1420 466 1606 520 αὑτοῦ
1637 463 2056 530 κατεσκήνουν

479 572 555 625 τὰ
602 572 841 627 πετεινὰ
869 574 974 628 τοῦ
999 575 1282 642 οὐρανοῦ,
1305 576 1386 629 σὺ
1425 573 1497 641 εἷ,
1515 576 1801 640 βασιλεῦ,
1820 574 1907 628 ὅτι
1931 574 2062 639 ἐμε-

482 683 787 750 γαλύνθης
819 683 918 736 καί
968 684 1254 753 ἴσχυσας,
1287 687 1385 740 καὶ
1419 688 1457 754 ἡ
1496 685 1896 756 μεγαλωσύνη
1945 697 2063 737 σου

484 788 879 858 ἐμεγαλύνθη.
919 791 1018 844 καί
1077 790 1344 860 ἔφθασεν
1384 796 1471 858 εἰς
1504 791 1611 845 τόν
1659 791 1937 859 οὐρανὸν,
1967 789 2064 842 καὶ

486 901 527 968 ἡ
561 902 736 968 ampla
758 916 873 955 σου
901 903 988 966 είς
1011 901 1083 955 τὰ
1107 903 1332 970 πέρατα
1367 901 1479 970 τῆς
1509 901 1640 973 γῆς.
1659 899 1770 954 Καὶ
1798 900 1887 971 ὅτι
1909 895 2070 953 εἶδεν

489 1011 522 1062 ὁ
559 1007 858 1074 βασιλεὺς
901 1010 1013 1077 etp,
1041 1010 1141 1063 καὶ
1174 1009 1345 1078 ἅγιον
1385 1010 1818 1064 καταϐαίνοντα
1860 1008 1928 1061 ἐκ
1963 1007 2070 1061 τοῦ

490 1117 768 1181 οὐρανοῦ,
797 1116 894 1170 καὶ
914 1113 1086 1171 εἶπεν
1101 1133 1114 1147 ·
1137 1116 1442 1170 Ἐκτίλατε
1466 1117 1532 1170 τὸ
1547 1116 1800 1184 δένδρον
1829 1117 1925 1169 καί
1948 1115 2074 1168 διαο

493 1225 766 1293 φθείρατε
805 1225 974 1288 αὐτὸ,
1000 1225 1167 1292 πλὴν
1204 1225 1319 1292 τὴν
1353 1226 1518 1294 φυὴν
1555 1224 1673 1278 τῶν
1689 1223 1866 1292 ῥιζῶν
1889 1223 2072 1278 αὑτοῦ

493 1331 563 1384 ἐν
593 1331 668 1400 τῇ
699 1327 776 1401 γῆ
797 1326 1033 1394 ἐᾶσατε,
1055 1332 1150 1384 καί
1174 1329 1243 1384 ἐν
1261 1329 1460 1400 δεσμῷ
1479 1331 1705 1399 σιδηρῷ
1719 1331 1817 1385 καί
1845 1328 2072 1400 χαλκῷ,

497 1438 596 1493 καὶ
635 1439 705 1493 ἐν
739 1441 892 1509 χλόῃ
925 1436 1001 1508 τῇ
1033 1440 1168 1505 ἔξω,
1223 1440 1320 1494 καὶ
1357 1440 1426 1493 ἑν
1457 1438 1531 1509 τῇ
1557 1439 1754 1508 δρόσῳ
1775 1438 1882 1495 τοῦ
1901 1441 2077 1506 ούρα-

497 1542 619 1602 νοῦ
652 1549 1120 1616 αὐλισθήσεται,
1181 1550 1276 1602 καὶ
1315 1549 1464 1619 μετὰ
1511 1550 1732 1618 θηρίων
1782 1548 2001 1618 ἀγρίων
2037 1547 2075 1615 η

497 1659 667 1727 μερίς
699 1659 886 1712 αὑτοῦ
903 1699 918 1725 ,
950 1660 1061 1727 ἕως
1097 1660 1248 1714 ἑπτὰ
1272 1661 1462 1730 καιροί
1488 1659 1838 1731 ἀλλαγῶσιν
1855 1659 1948 1714 ἐπ’
1973 1661 2079 1714 αὐ-

502 1767 634 1818 τόν·
687 1765 836 1838 [225]
872 1767 1048 1822 τοῦτο
1096 1769 1132 1836 ἡ
1178 1769 1496 1838 σύγκρισις
1533 1766 1740 1832 αὑτοῦ,
1782 1765 2079 1833 βασιλεῦ,

503 1875 602 1927 καὶ
637 1877 935 1948 σύγκριμα
969 1876 1260 1946 Ὑψίστου
1291 1878 1464 1932 ἐστίν
1491 1879 1522 1932 ὃ
1550 1879 1816 1948 ἔφθασεν
1846 1877 1947 1932 ἐπὶ
1974 1877 2083 1932 τὸν

505 1987 713 2055 κύριόν
740 2005 858 2057 μου
887 1987 1271 2053 τὸνβασιλέα
1290 2005 1302 2017 ·
1328 1988 1428 2040 καί
1457 2002 1530 2041 σε
1552 1985 1944 2052 ἐκδιώξουσιν
1964 1986 2082 2042 ἀπὸ

505 2093 622 2148 τῶν
648 2096 990 2164 ἀνθρώπων,
1009 2096 1104 2149 καί
1132 2102 1281 2165 μετά
1313 2097 1530 2164 θηρίων
1562 2096 1734 2153 ἔσται
1755 2099 1792 2166 ἡ
1819 2097 2086 2151 κατοικία

507 2220 644 2267 σου,
677 2205 773 2258 καὶ
801 2207 1018 2274 χόρτον
1058 2205 1136 2271 ὡς
1159 2204 1322 2270 βοῦν
1352 2205 1652 2275 ψωμιοῦσί
1694 2220 1798 2269 σε,
1838 2203 1936 2257 καί
1967 2204 2086 2258 ἀπὸ

508 2308 620 2381 τῆς
676 2314 900 2381 δρόσου
956 2313 1063 2368 τοῦ
1111 2313 1370 2381 οὐρανοῦ
1409 2313 1754 2382 ,βαφήσεται
1803 2311 1868 2365 τό
1916 2307 2092 2380 σῶμά

511 2439 651 2488 σου,
681 2422 776 2476 καὶ
810 2423 962 2476 ἑπτὰ
993 2421 1187 2490 καιροί
1219 2421 1672 2490 ἀλλαγήσονται
1703 2419 1800 2473 ἐπὶ
1836 2417 1955 2485 σοι,
1979 2417 2090 2483 ἓως

513 2528 585 2588 οὗ
611 2531 766 2602 γνῷς
795 2532 884 2586 ὅτι
927 2534 1183 2598 κυριεύει
1216 2536 1249 2586 ό
1289 2533 1574 2602 Ὕψιστος
1624 2530 1734 2600 τῆς
1768 2531 2090 2598 βασιλείας

514 2643 633 2698 τῶν
668 2641 1017 2710 ἀνθρώπων,
1065 2641 1164 2695 καί
1207 2633 1255 2708 ᾦ
1293 2641 1400 2694 ἐὰν
1436 2639 1586 2708 δόξῃ
1645 2638 1822 2694 δώσει
1876 2638 2089 2707 αὐτήν.

515 2750 623 2804 Καὶ
653 2749 740 2803 ὅτι
781 2746 982 2803 εἶπεν·
1021 2747 1270 2803 Ἐασατε
1292 2746 1406 2816 τὴν
1432 2746 1599 2818 φυὴν
1635 2745 1755 2801 τῶν
1776 2746 1955 2816 ῥιζῶν
1985 2746 2091 2801 τοῦ

511 2857 800 2926 δένδρου·
837 2860 874 2926 ἠ
914 2858 1203 2922 ,βασιλεία
1240 2872 1356 2911 σου
1408 2857 1506 2910 σοί
1553 2857 1742 2926 μενεῖ,
1775 2857 1877 2926 ἀφ’
1906 2852 1983 2927 ἧς
2016 2855 2095 2912 ἂν

516 2965 675 3035 γνῷς
699 2964 814 3033 τὴν
850 2965 1140 3030 ἐξουσίαν
1180 2965 1294 3033 τὴν
1329 2963 1634 3032 οὐράνιον.
1666 2947 1748 3018 Τί
1778 2961 1871 3019 οὖν
1919 2981 2091 3034 (mal;

516 3071 636 3136 πῶς
666 3073 814 3126 ἔσται
839 3074 871 3144 ἡ
895 3071 1045 3134 λύσις
1075 3071 1168 3125 τοῦ
1197 3071 1406 3136 δεινοῦ;
1442 3070 1546 3125 Διὰ
1576 3071 1771 3136 τοῦτο,
1805 3071 2094 3136 βασιλεῦ,

517 3181 557 3248 ἡ
575 3178 774 3245 ,βουλιῇ
792 3196 912 3248 μου
931 3177 1200 3246 ἀρεσάτω
1225 3193 1341 3241 σοι,
1376 3179 1474 3231 καὶ
1523 3178 1630 3243 τὰς
1660 3178 1948 3246 ἁμαρτίας
1980 3193 2099 3233 σου

517 3295 589 3348 ἐν
627 3293 1066 3362 ἑλεημοσύναις
1105 3292 1426 3360 λύτρωσαι,
1449 3293 1546 3345 καί
1579 3291 1684 3358 τὰς
1713 3291 1948 3358 ἀδικίας
1981 3307 2099 3346 σου

522 3403 594 3457 ὲν
619 3401 938 3472 οἱκτιρμοῖς
971 3401 1262 3471 πενήτων.
1320 3404 1490 3468 Ἴσως
1523 3401 1694 3456 ἔσται
1727 3403 2103 3472 μακροθυμία

521 3514 647 3580 τοῖς
674 3512 1106 3582 παραπτώμασί
1140 3527 1278 3566 σου.
1324 3512 1389 3565 Τί
1429 3511 1639 3580 λέγεις,
1679 3513 1858 3578 Ἴσως
1893 3513 2102 3576 ἕσται;

523 3622 739 3678 καὶτοῦ
788 3622 1078 3694 φαρμάκου
1111 3623 1211 3693 τὴν
1260 3623 1412 3693 ἰσχὺν
1456 3623 1560 3676 ὑπό
1613 3637 1736 3674 τινα
1775 3619 2104 3691 ἀμφιϐολίαν

526 3733 821 3804 καθιστᾷς;
862 3734 934 3786 Οὐ
969 3733 1058 3786 διὰ
1087 3733 1242 3786 τοῦτο
1269 3728 1444 3795 εἷπον,
1482 3734 1672 3798 Ἴσως,
1698 3733 1798 3786 οὐκ
1831 3732 2106 3804 ἀμφιϐάλ-

528 3845 658 3908 λων,
699 3841 774 3912 μὴ
824 3842 1054 3909 γένοιτο,
1084 3841 1198 3895 ἀλλ’
1239 3821 1433 3913 ἐκείνῳ
1482 3842 1574 3894 τὸν
1621 3841 1784 3911 φόϐον
1842 3842 2105 3895 ἐπιτεῖναι

531 3950 868 4022 βουλόμενος,
896 3948 969 4012 ὡς
998 3948 1176 4018 πάσης
1205 3948 1500 4018 θεραπείας
1531 3950 1624 4004 καὶ
1652 3949 1832 4019 πάσης
1860 3948 2100 4018 συγγνώ-

533 4060 641 4130 μης
673 4055 918 4128 ἀνώτερα
951 4055 1115 4109 αὑτοῦ
1169 4057 1566 4128 ἡμαρτηκότος.
1600 4059 1664 4111 Εἰ
1705 4059 1813 4130 γάρ
1839 4060 1934 4112 καὶ
1969 4059 2107 4130 μετά

529 4168 589 4220 τὸ
614 4167 754 4220 οὕτω
791 4164 1045 4236 λεχθῆναι
1072 4165 1323 4236 ἐπέμεινε
1355 4169 1419 4237 τῇ
1454 4167 1617 4237 μανίᾳ
1637 4205 1652 4229 ,
1683 4167 1862 4237 πολλῷ
1907 4167 2108 4236 μᾶλλον

533 4282 580 4332 εἰ
612 4279 685 4349 μὴ
714 4277 852 4348 μετά
882 4276 1209 4348 ἀμφιϐολίας
1234 4276 1453 4348 ἐρρέθη.
1472 4277 1582 4329 Καὶ
1612 4277 1720 4348 γὰρ
1750 4279 1843 4331 καὶ
1874 4278 2108 4348 ἀλλαχοῦ

531 4390 691 4445 τοῦτο
722 4389 987 4460 βούλεται.
1007 4388 1112 4467 ,διὰ
1127 4387 1221 4440 τοῦ
1260 4388 1537 4459 προφήτου
1564 4387 1760 4455 λέγων·
1800 4386 1937 4440 Ἐὰν
1959 4389 2110 4441 ἁπο-

534 4503 773 4570 πλύνῃς
817 4501 886 4554 ἐν
933 4501 1146 4566 νίτρῳ,
1188 4498 1589 4566 κεκηλίδωσαι
1639 4499 1918 4552 ἐναντίον
1967 4515 2109 4565 μου,

534 4614 694 4683 λέγει
745 4613 977 4679 Κύριος.
1028 4612 1137 4664 Καὶ
1185 4612 1374 4666 πάλιν·
1411 4615 1480 4665 El
1524 4610 1779 4676 ἀλλάξει
1809 4610 2023 4676 Αἰθίοψ
2047 4609 2109 4662 τὸ

535 4703 741 4772 δέρμα,
765 4701 862 4754 καὶ
893 4697 1184 4766 πάρδαλις
1208 4700 1278 4752 τὰ
1303 4700 1665 4767 ποικίλματα
1685 4697 2111 4768 αὑτῆς.Ὤσπερ

535 4806 630 4864 οὖν
663 4810 777 4863 ἐκεῖ
804 4805 1082 4860 ἀποκλείει
1107 4805 1202 4875 τὴν
1231 4807 1535 4876 μετάνοιαν,
1557 4805 1656 4875 οὐχ
1677 4805 1763 4858 ἵνα
1791 4803 2113 4875 ἀποκλείσῃ,

537 4921 652 4975 ἀλλ’
685 4919 770 4971 ἵνα
797 4916 995 4989 μᾶλλον
1019 4914 1259 4986 φοὸήσῃ·
1299 4914 1442 4967 οὕτω
1468 4916 1561 4967 καὶ
1589 4912 1824 4967 ἐνταῦθα
1855 4911 2115 4983 βουλόμε-

535 5049 625 5094 νος
684 5027 851 5092 δεῖξαι
913 5027 974 5079 τὸ
1025 5023 1250 5095 μέγεθος
1300 5023 1408 5076 τῶν
1460 5021 1889 5094 ἡμαρτημένων,
1937 5015 2112 5088 εἶπεν,

541 5141 739 5203 Ἴσως.
768 5136 920 5197 Τίνος
947 5133 1003 5186 δὲ
1039 5133 1222 5185 ἕνεκεν
1247 5132 1347 5184 οὐκ
1392 5126 1511 5182 εἷπε
1532 5145 1546 5158 ·
1580 5128 2111 5200 Ταπεινοφρόνησον,

539 5249 800 5318 ὲπίγνωθι
839 5248 930 5301 τὸν
957 5247 1118 5313 Θεόν;
1142 5245 1203 5297 El
1233 5242 1341 5317 γάρ
1373 5241 1462 5296 διά
1494 5240 1653 5294 τοῦτο
1683 5240 1858 5294 ταῦτα
1893 5241 2116 5312 πάσχει,

539 5357 721 5420 καθὼς
740 5359 832 5412 καὶ
855 5357 1014 5418 αὐτός
1031 5371 1185 5425 φησι,
1215 5352 1360 5414 τίνος
1387 5351 1571 5403 ἕνεκεν
1602 5349 1766 5420 ἕτερα
1795 5352 2115 5420 παραινεϊςς

543 5466 726 5534 Εἶπεν,
766 5469 900 5523 Ἵνα
928 5464 1158 5535 γνῶσιν
1195 5462 1284 5515 ὅτι
1327 5461 1584 5529 κιψιεύει
1612 5462 1644 5513 ό
1691 5460 1978 5528 Ὕψιστος
2007 5459 2118 5528 τῆς

536 5579 856 5646 βασιλείας
884 5575 1002 5630 τῶν
1043 5573 1384 5641 ἀνθρώπων.
1413 5571 1477 5623 Τί
1526 5565 1651 5636 οὗνς
1689 5570 1775 5624 ἵνα
1799 5570 1976 5641 ἓτεροι
2011 5587 2119 5623 σω-

546 5688 923 5760 φρονισθῶσιν,
963 5685 1073 5754 ἐγὼ
1103 5685 1437 5755 κολάζομαις
1475 5681 1628 5751 Οὐχὶ,
1665 5681 1780 5736 ἀλλ’
1809 5683 1866 5732 ἐν
1901 5682 1997 5750 μὲν
2040 5681 2120 5750 τῷ

545 5801 760 5871 ὀνείρῳ,
791 5797 886 5854 ἅτε
915 5796 989 5868 μὴ
1021 5794 1335 5865 βουλόμενος
1366 5792 1603 5864 ἐμφῆναι
1630 5791 1689 5846 τὸ
1728 5792 1915 5859 σαφὲς,
1944 5785 2115 5857 εἶπεν,

1147 345 1201 400 S.
1243 346 1529 402 JOANMS
1567 343 2057 402 CIIBYSOSTOMI
2090 343 2413 401 ARCIHEP.
2460 341 3008 400 CONSTANTINOP.

3595 345 3650 399 2|
3659 344 3692 401 8

2163 464 2285 516 Ἵνα
2331 463 2554 532 ’γνῶσιν
2603 467 2656 516 οί
2701 460 2848 534 [226]
2883 459 3122 524 ζῶντες·
3163 459 3191 511 ὀ
3227 458 3279 512 δὲ
3322 459 3511 528 Δανιὴλ
3556 477 3697 529 φησι,

2164 570 2319 634 ’Έως
2373 567 2446 626 οὗ
2503 571 2583 625 σὺ
2616 569 2791 641 γνῷς,
2822 570 2909 622 ὅτι
2953 568 3206 635 κυριεύει
3238 569 3271 619 ό
3293 567 3577 634 ’Υψιστος
3603 565 3704 634 τῆς

2159 680 2483 744 βασιλείας
2509 677 2627 732 τῶν
2649 678 2995 746 ἀνθρώπων,
3029 676 3125 730 καί
3158 668 3206 742 ᾧ
3231 675 3334 730 ἐὰν
3363 673 3506 743 δόξῃ
3542 673 3707 728 δώσει

2167 791 2378 860 αὐτήν.
2425 788 2576 854 Εἶδες
2627 791 2743 854 πῶς
2784 783 3017 843 ἐνταῦθα
3063 787 3189 857 περί
3241 783 3710 855 ταπεινοφροσύνης

2168 901 2442 974 διελέχθη;
2484 903 2624 955 Ἀλλ’
2683 904 2740 954 ὲν
2788 900 2886 972 μὲν
2923 897 3001 969 τῷ
3040 897 3250 968 ὀνείρῳ,
3285 895 3446 966 φησὶ,
3483 891 3630 946 τοῦτο
3657 891 3713 944 τὺ

2173 1011 2492 1082 φάρμακον·
2523 1011 2635 1079 ἐγὼ
2674 1011 2730 1063 δὲ
2758 1013 2852 1062 καὶ
2905 1008 3092 1078 ἕτερον
3136 1005 3300 1073 λέγω.
3355 1003 3606 1072 Καθάπερ
3634 999 3718 1053 ἐπὶ

2173 1122 2431 1192 ἄρχοντος
2453 1119 2826 1192 ὀργιζομένου,
2857 1118 3016 1180 αὐτὸς
3054 1115 3151 1188 μὲν
3177 1114 3328 1167 οὐδὲν
3360 1113 3424 1166 ἂν
3449 1108 3602 1177 εἴποι,
3623 1110 3720 1162 τῶν

2175 1231 2232 1283 δὲ
2260 1229 2472 1282 οἰκείων
2499 1247 2581 1292 τις
2613 1228 2720 1282 τῶν
2746 1227 2954 1281 ἐκείνου
2990 1222 3301 1298 προσελθὼν
3342 1219 3418 1291 τῷ
3458 1217 3722 1287 ὑπευθύνῳ

2175 1340 2324 1410 λέγοι
2343 1338 2447 1396 ’Τὸ
2473 1340 2716 1410 ποίησον,
2743 1339 2835 1392 καὶ
2863 1339 2948 1392 τό·
2984 1337 3070 1400 δὸς
3105 1337 3380 1408 χρήματα,
3410 1334 3501 1386 καὶ
3544 1326 3724 1382 πολλά-

2178 1467 2282 1513 κις,
2308 1448 2581 1520 δυνάμεθα
2611 1447 2914 1520 ἐξαρπάσαι
2940 1464 2998 1500 σε
3029 1446 3138 1498 τῶν
3171 1441 3521 1512 ἐπικειμένων
3537 1438 3724 1492 κακῶν.

2182 1557 2311 1610 Ἔτι
2333 1556 2440 1610 τοῦ
2458 1557 2643 1624 λόγου
2663 1556 2732 1608 ἐν
2751 1555 2998 1624 στόματι
3026 1551 3331 1618 ,ϐασιλέως
3357 1549 3544 1613 ὄντος,
3575 1545 3728 1615 φωνὴ

2180 1664 2298 1719 ἀ.πύ
2327 1664 2432 1718 τοῦ
2465 1663 2722 1731 οὐρανοῦ
2755 1662 2992 1734 ἐγένετο
3016 1677 3030 1692 ·
3058 1661 3160 1714 Σοὶ
3181 1658 3432 1727 λέγεται,
3454 1655 3732 1722 Ναϐουχοο

2181 1777 2439 1844 δονόσορ
2488 1774 2787 1841 βασιλεῦ·
2848 1776 2887 1843 ἠ
2936 1772 3229 1838 ,βασιλεία
3276 1783 3392 1822 σου
3447 1761 3734 1832 παρῆλθεν

2183 1888 2301 1943 ἀπὸ
2331 1887 2467 1952 σοῦ,
2505 1889 2602 1941 καί
2629 1886 2745 1942 ἀπὸ
2777 1886 2895 1941 τῶν
2931 1883 3257 1952 ἀνθρώπων
3280 1873 3624 1941 ἐκδιώξουσί
3648 1888 3736 1936 σε,

2185 1997 2283 2052 καί
2312 1999 2454 2066 μετὰ
2475 1997 2692 2066 θηρίων
2718 1996 2937 2066 ἀγρίων
2963 1995 3002 2063 ἠ
3035 1994 3307 2047 κατοικία
3331 2006 3466 2055 σου,
3495 1987 3588 2041 καί
3616 1986 3737 2055 χόρ-

2184 2123 2292 2159 τον
2317 2105 2398 2171 ὠς
2413 2103 2574 2169 βοῦν
2599 2104 2902 2175 ψωμιοῦσί
2925 2119 2999 2157 σε
3016 2120 3029 2134 ·
3049 2101 3152 2157 καί
3179 2101 3326 2154 ἐπτά
3358 2096 3540 2167 καιροί
3570 2095 3736 2149 ἀλλα-

2185 2216 2479 2286 γήσονται
2527 2215 2626 2268 ἐπὶ
2674 2215 2796 2278 σοί,
2852 2213 2962 2278 ἕως
3010 2207 3082 2268 οὗ
3108 2210 3268 2281 γνῷς
3325 2210 3411 2261 ὅτι
3448 2202 3684 2272 κιφιεύει
3710 2200 3739 2251 ό

2189 2325 2212 2343 ’⁸
2227 2327 2487 2392 Υψιστος
2506 2322 2615 2391 τῆς
2641 2321 2966 2388 βασιλείας
2991 2319 3110 2373 τῶν
3133 2316 3474 2386 ἀνθρώπων,
3498 2312 3585 2365 καί
3607 2301 3650 2377 ᾧ
3676 2308 3742 2362 ἂν

2189 2433 2336 2502 δόξῃ
2363 2433 2539 2486 δώσει
2563 2433 2774 2501 αὑτήν.
2819 2429 2983 2499 Αὺτῇ
3015 2429 3090 2498 τῇ
3135 2427 3259 2498 ὥρᾳ
3297 2419 3684 2483 συνετελέσθη
3714 2418 3743 2471 ό

2189 2544 2366 2614 λόγος
2400 2544 2496 2596 ἐπὶ
2530 2541 3081 2612 Ναϐουχοδονόσορ,
3108 2539 3210 2592 καὶ
3241 2536 3358 2592 ἀπὸ
3411 2533 3524 2588 τῶν
3553 2526 3749 2595 ἀνθρώ-

2192 2673 2323 2709 πων
2358 2654 2700 2724 ἐξεδιὼχθη,
2748 2655 2846 2708 καί
2876 2655 3093 2724 χόρτον
3115 2654 3209 2719 ὡς
3237 2650 3393 2717 ,ϐοῦς
3421 2646 3638 2716 ἤσθιεν,
3665 2638 3752 2694 καί

2193 2763 2312 2819 ἀπὸ
2341 2763 2453 2832 τῆς
2509 2761 2733 2832 δρόσου
2780 2761 2886 2817 τοῦ
2935 2761 3209 2830 ούρανοῦ
3259 2758 3326 2814 τὸ
3376 2753 3542 2826 σῶμα
3586 2747 3750 2806 αὑτοῦ

2195 2871 2406 2941 ὲϐἀφη,
2435 2871 2548 2938 ἕως
2597 2867 2669 2927 οὗ
2699 2872 2759 2925 al
2804 2871 3004 2940 τρίχες
3033 2869 3233 2923 αὐτοῦ
3257 2869 3337 2933 ὡς
3365 2864 3616 2920 λεόντων
3634 2857 3751 2926 ἐμε-

2196 2978 2611 3048 γαλύνθησαν,
2649 2978 2749 3031 καὶ
2805 2981 2858 3032 οί
2923 2977 3142 3045 ὄνυχες
3204 2973 3389 3029 αὐτοῦ
3447 2966 3749 3036 ὼςόρνέου.

2200 3089 2343 3160 Ὅρα
2369 3087 2465 3160 τὴν
2520 3089 2788 3157 ἀπόφασιν
2835 3086 3040 3142 ἄνωθεν
3075 3083 3389 3158 φερομένην
3432 3081 3561 3154 πρὸς
3615 3074 3754 3131 αὑτὸν

2198 3197 2290 3251 τὸν
2321 3198 2807 3268 Ναϐουχοδονόσορ.
2831 3198 2940 3250 Καὶ
2959 3199 3037 3260 εἰς
3066 3197 3226 3262 τέλος
3251 3196 3411 3266 ἐξέϐη
3432 3191 3500 3245 τά
3519 3189 3752 3261 πράγμα-

2199 3329 2288 3365 τα.
2356 3311 2675 3383 Ἠγνόησας,
2723 3310 2876 3381 φησι.
2936 3311 3035 3382 τὴν
3093 3308 3449 3382 ἀνθρωπίνην
3487 3302 3754 3370 εὐγένειαν,

2202 3421 2510 3484 κατέπεσας
2541 3419 2676 3492 πρὸς
2731 3420 2934 3491 θηρίων
2970 3420 3218 3490 ἀτιμίαν.
3256 3419 3420 3473 Οὐδὲν
3468 3411 3756 3484 ἀτιμότερον

2203 3531 2400 3600 γένοιτ’
2432 3529 2498 3584 ἂν
2520 3529 2737 3592 τούτου,
2755 3528 2877 3583 οὔτε
2907 3529 2954 3581 εί
2989 3527 3221 3598 πένητα,
3241 3526 3365 3580 οὔτε
3396 3527 3442 3578 εί
3470 3521 3757 3586 δεσπότην⁸,

2204 3641 2329 3696 οὔτε
2364 3643 2412 3695 εἱ
2461 3641 2589 3695 ἄλλο
2643 3658 2695 3693 τι
2733 3638 2970 3693 τοιοῦτον
2995 3640 3292 3712 εἰργάσατο
3326 3635 3503 3690 αὐτόν.
3528 3625 3758 3700 Οὐδαμῶς

2205 3750 2273 3804 ἂν
2298 3747 2458 3803 αὐτὸν
2491 3748 2590 3817 τῆς
2619 3746 2760 3799 κατά
2783 3746 2882 3816 τὴν
2919 3745 3078 3815 φύσιν
3111 3744 3398 3813 εὐγενείας
3427 3733 3678 3804 ἐξέϐαλεν,
3705 3727 3756 3781 οὗ

2206 3859 2267 3912 τὸ
2292 3858 2452 3929 σῶμα
2473 3855 2608 3928 πρὸς
2648 3855 2835 3926 θηρίου
2880 3853 3041 3924 φύσιν
3072 3851 3422 3923 μεταϐαλὼν,
3467 3847 3576 3903 ἀλλ’
3607 3844 3634 3897 ὃ
3666 3837 3760 3893 τῶν

2208 3969 2416 4035 ἀλόγων
2439 3968 2710 4038 διέστηκε,
2745 3963 2902 4018 τοῦτο
2926 3965 3061 4034 πρὸς
3089 3963 3393 4036 θηριωδίαν
3428 3954 3758 4028 μεταστήσας·

2210 4076 2333 4140 Πῶς
2355 4073 2477 4142 οὗν;
2514 4076 2630 4130 Ἵνα
2662 4076 2756 4128 καὶ
2782 4075 2830 4126 οἱ
2873 4073 3047 4125 λοιποὶ
3081 4071 3334 4142 μάθωσιν
3365 4067 3474 4123 ἀπὸ
3522 4063 3614 4132 τῆς
3655 4074 3762 4128 τρο·

2211 4189 2338 4259 φῆς,
2368 4187 2475 4241 ἀπὸ
2502 4185 2601 4255 τῆς
2641 4166 2836 4254 ὅψεως.
2869 4182 2934 4235 Τί
2978 4181 3032 4234 δὲ
3067 4177 3442 4252 παιδευόμεθα
3468 4179 3530 4230 ὲκ
3550 4170 3762 4228 τούτων;

2212 4300 2334 4352 Ὅτι
2397 4297 2599 4351 τοῦτων
2633 4295 2782 4348 οὐδὲν
2831 4293 3048 4364 ἄμεινον
3093 4290 3442 4362 διακείμεθα,
3469 4285 3569 4341 κᾶν
3602 4280 3668 4352 μὴ
3711 4277 3765 4328 τὶ

2211 4406 2348 4460 αὐτά
2378 4405 2603 4476 γένηται
2643 4404 2726 4474 ἐφ’
2755 4402 2931 4474 ἡμῶν,
2964 4404 3090 4455 ὅταν
3120 4401 3202 4464 είς
3247 4392 3620 4470 ὑπερηφανίαν
3654 4386 3683 4455 ἢ
3715 4383 3768 4436 τὸ

2213 4514 2473 4586 θηριῶδες
2502 4512 2936 4582 ὲξολισθήσωμεν
2967 4507 3161 4571 πάθος.
3204 4508 3374 4561 Πόσοι
3400 4505 3494 4558 νῦν
3518 4498 3651 4554 κατὰ
3690 4493 3769 4546 τὸν

2213 4621 2681 4692 Ναϐουχοδονόσορ
2743 4621 2950 4672 ἐκεῖνον
3011 4617 3202 4688 θηρίου
3259 4616 3501 4671 διάνοιαν
3570 4610 3768 4678 ἓχουσιζ

2217 4738 2481 4789 ’Ἄκουσον
2499 4733 2627 4802 γοῦν
2643 4732 2735 4785 τοῦ
2765 4733 3008 4784 Ἰωάννου
3031 4730 3302 4798 λέγοντος·
3335 4730 3557 4795 Ὀφεις,
3583 4711 3769 4790 γεννή-

2208 4861 2366 4913 ματα
2390 4838 2662 4910 ἐχιδνῶν·
2693 4841 2784 4892 καὶ
2812 4839 2971 4892 πάλιν
2988 4837 3173 4908 ἐτέρου
3207 4834 3491 4906 προφήτου
3517 4827 3771 4894 λέγοντος·

2217 4949 2410 5002 Ἵπποι
2463 4945 2827 5015 θηλυμανεῖς
2874 4945 3152 5014 ἐγένοντο
3174 4961 3187 4974 ο
3245 4944 3506 5003 ἕκαστος
3539 4932 3633 4986 ἐπὶ
3675 4925 3772 4990 τὴν

2216 5058 2468 5131 γυναῖκα
2509 5055 2615 5110 τοῦ
2678 5055 2947 5122 πλησίον
2998 5050 3404 5122 ἐχρεμέτιζον·
3470 5045 3563 5098 καὶ
3607 5037 3775 5105 ἑτέρου

2215 5169 2379 5222 πάλιν
2401 5185 2413 5197 ·
2449 5167 2641 5231 Κύνες
2669 5163 2823 5217 ἐνεοί
2859 5165 2931 5216 οὐ
2984 5160 3304 5230 δυνάμενοι
3342 5149 3646 5212 ὑλακτεῖν·
3694 5142 3776 5197 καὶ

2216 5277 2448 5350 ἀλλαχοῦ
2473 5278 2502 5317 ι)
2549 5276 2710 5331 πάλιν
2769 5271 3058 5336 ἀλώπεκας
3116 5270 3414 5331 καλοῦντος
3440 5309 3454 5331 ,
3499 5263 3590 5318 καὶ
3634 5255 3777 5311 ἄλλον

2216 5389 2511 5460 δράκοντας
2545 5385 2636 5439 καὶ⁴
2665 5378 3231 5455 βασιλίσκους.Πολλῷ
3257 5379 3315 5431 δὲ
3343 5377 3520 5448 χεῖρον
3549 5371 3602 5422 ἐν
3625 5362 3782 5432 ταύτῃ

2216 5500 2372 5562 δντας
2401 5500 2466 5568 τῇ
2500 5497 2610 5568 ζωῇ
2640 5491 3042 5563 ὲκθηριοῦσθαι,
3076 5491 3108 5562 ἦ
3159 5491 3225 5544 τὰ
3257 5487 3354 5542 τοῦ
3403 5470 3778 5551 Ναϐουχοδονόν

2279 5735 2305 5760 ⁸
2330 5726 2646 5777 Scribendum
2667 5721 2880 5772 fortassis
2899 5723 3160 5782 δεσμώτην.

2284 5794 2310 5832 b
2335 5792 2539 5842 Videtur
2571 5785 2837 5850 legendum
2861 5784 3024 5834 ἄλλον.
