  <div class='ocr_page' id='page_1' title='image "/cluster/home/n/w/nwhite01/storage/ocr_20150623/56/mdp.39015028574351/223.png"; bbox 0 0 4126 6294; ppageno 0'>
   <div class='ocr_carea' id='block_1_1' title="bbox 783 309 822 323">
    <p class='ocr_par' dir='ltr' id='par_1_1' title="bbox 783 309 822 323">
     <span class='ocr_line' id='line_1_1' title="bbox 783 309 822 323; baseline -0.051 0"><span class='ocrx_word' id='word_1_1' title='bbox 783 309 822 323; x_wconf 56' lang='grc' dir='ltr'><strong>νυν</strong></span> 
     </span>
    </p>
   </div>
   <div class='ocr_carea' id='block_1_2' title="bbox 791 331 837 348">
    <p class='ocr_par' dir='ltr' id='par_1_2' title="bbox 791 331 837 348">
     <span class='ocr_line' id='line_1_2' title="bbox 791 331 837 348; baseline 0 -6"><span class='ocrx_word' id='word_1_2' title='bbox 791 331 837 348; x_wconf 64' lang='grc' dir='ltr'><strong>μ’</strong></span> 
     </span>
    </p>
   </div>
   <div class='ocr_carea' id='block_1_3' title="bbox 628 437 736 497">
    <p class='ocr_par' dir='ltr' id='par_1_3' title="bbox 628 437 736 497">
     <span class='ocr_line' id='line_1_3' title="bbox 628 437 736 497; baseline -0.037 0"><span class='ocrx_word' id='word_1_3' title='bbox 628 437 736 497; x_wconf 66' lang='grc' dir='ltr'><strong>ειν)</strong></span> 
     </span>
    </p>
   </div>
   <div class='ocr_carea' id='block_1_4' title="bbox 631 536 2218 612">
    <p class='ocr_par' dir='ltr' id='par_1_4' title="bbox 631 536 2218 612">
     <span class='ocr_line' id='line_1_4' title="bbox 631 536 2218 612; baseline -0.012 -5"><span class='ocrx_word' id='word_1_4' title='bbox 631 550 745 608; x_wconf 59' lang='lat'><strong>50?-</strong></span> <span class='ocrx_word' id='word_1_5' title='bbox 773 550 972 606; x_wconf 77' lang='lat' dir='ltr'><strong>Eiadem</strong></span> <span class='ocrx_word' id='word_1_6' title='bbox 1000 547 1149 602; x_wconf 50' lang='lat' dir='ltr'><strong>mora</strong></span> <span class='ocrx_word' id='word_1_7' title='bbox 1198 559 1379 599; x_wconf 85' lang='lat' dir='ltr'><strong>sermo</strong></span> <span class='ocrx_word' id='word_1_8' title='bbox 1416 542 1714 612; x_wconf 90' lang='lat' dir='ltr'><strong>completus</strong></span> <span class='ocrx_word' id='word_1_9' title='bbox 1752 548 1833 593; x_wconf 88' lang='lat' dir='ltr'><strong>est</strong></span> <span class='ocrx_word' id='word_1_10' title='bbox 1856 553 2016 607; x_wconf 80' lang='lat' dir='ltr'><strong>super</strong></span> <span class='ocrx_word' id='word_1_11' title='bbox 2039 536 2218 590; x_wconf 84' lang='lat' dir='ltr'><strong>Nalm-</strong></span> 
     </span>
    </p>
   </div>
   <div class='ocr_carea' id='block_1_5' title="bbox 633 626 2223 700">
    <p class='ocr_par' dir='ltr' id='par_1_5' title="bbox 633 626 2223 700">
     <span class='ocr_line' id='line_1_5' title="bbox 633 626 2223 700; baseline -0.011 -3"><span class='ocrx_word' id='word_1_12' title='bbox 633 640 1085 700; x_wconf 80' lang='lat' dir='ltr'><strong>chodonosorem,</strong></span> <span class='ocrx_word' id='word_1_13' title='bbox 1116 644 1173 692; x_wconf 88' lang='lat' dir='ltr'><strong>et</strong></span> <span class='ocrx_word' id='word_1_14' title='bbox 1204 635 1272 688; x_wconf 88' lang='lat' dir='ltr'><strong>ab</strong></span> <span class='ocrx_word' id='word_1_15' title='bbox 1302 634 1607 687; x_wconf 89' lang='lat' dir='ltr'><strong>hominibus</strong></span> <span class='ocrx_word' id='word_1_16' title='bbox 1631 631 1884 699; x_wconf 82' lang='lat' dir='ltr'><strong>expulsus</strong></span> <span class='ocrx_word' id='word_1_17' title='bbox 1909 636 2009 691; x_wconf 89' lang='lat' dir='ltr'><strong>est,</strong></span> <span class='ocrx_word' id='word_1_18' title='bbox 2044 636 2099 680; x_wconf 91' lang='lat' dir='ltr'><strong>et</strong></span> <span class='ocrx_word' id='word_1_19' title='bbox 2126 626 2223 680; x_wconf 76' lang='lat' dir='ltr'><strong>fte-</strong></span> 
     </span>
    </p>
   </div>
   <div class='ocr_carea' id='block_1_6' title="bbox 637 719 2219 791">
    <p class='ocr_par' dir='ltr' id='par_1_6' title="bbox 637 719 2219 791">
     <span class='ocr_line' id='line_1_6' title="bbox 637 719 2219 791; baseline -0.011 -4"><span class='ocrx_word' id='word_1_20' title='bbox 637 748 765 787; x_wconf 90' lang='lat' dir='ltr'><strong>num</strong></span> <span class='ocrx_word' id='word_1_21' title='bbox 806 742 862 786; x_wconf 88' lang='lat' dir='ltr'><strong>ut</strong></span> <span class='ocrx_word' id='word_1_22' title='bbox 892 730 989 785; x_wconf 87' lang='lat' dir='ltr'><strong>bos</strong></span> <span class='ocrx_word' id='word_1_23' title='bbox 1007 727 1270 791; x_wconf 84' lang='lat' dir='ltr'><strong>comedit,</strong></span> <span class='ocrx_word' id='word_1_24' title='bbox 1303 734 1357 779; x_wconf 88' lang='lat' dir='ltr'><strong>et</strong></span> <span class='ocrx_word' id='word_1_25' title='bbox 1383 740 1413 778; x_wconf 89' lang='lat' dir='ltr'><strong>a</strong></span> <span class='ocrx_word' id='word_1_26' title='bbox 1442 739 1563 779; x_wconf 90' lang='lat' dir='ltr'><strong>rore</strong></span> <span class='ocrx_word' id='word_1_27' title='bbox 1603 722 1718 777; x_wconf 68' lang='grc' dir='ltr'><strong>αυΙί</strong></span> <span class='ocrx_word' id='word_1_28' title='bbox 1746 734 1941 789; x_wconf 88' lang='lat' dir='ltr'><strong>corpus</strong></span> <span class='ocrx_word' id='word_1_29' title='bbox 1988 719 2103 788; x_wconf 84' lang='lat' dir='ltr'><strong>ejus</strong></span> <span class='ocrx_word' id='word_1_30' title='bbox 2135 720 2219 771; x_wconf 94' lang='lat' dir='ltr'><strong>in-</strong></span> 
     </span>
    </p>
   </div>
   <div class='ocr_carea' id='block_1_7' title="bbox 634 810 2221 887">
    <p class='ocr_par' dir='ltr' id='par_1_7' title="bbox 634 810 2221 887">
     <span class='ocr_line' id='line_1_7' title="bbox 634 810 2221 887; baseline -0.009 -9"><span class='ocrx_word' id='word_1_31' title='bbox 634 823 836 878; x_wconf 80' lang='lat' dir='ltr'><strong>iectum</strong></span> <span class='ocrx_word' id='word_1_32' title='bbox 863 819 1167 887; x_wconf 52' lang='lat' dir='ltr'><strong>eSt,&#39;donec</strong></span> <span class='ocrx_word' id='word_1_33' title='bbox 1205 816 1381 885; x_wconf 85' lang='lat' dir='ltr'><strong>capilli</strong></span> <span class='ocrx_word' id='word_1_34' title='bbox 1412 815 1528 884; x_wconf 87' lang='lat' dir='ltr'><strong>ejus</strong></span> <span class='ocrx_word' id='word_1_35' title='bbox 1553 824 1619 868; x_wconf 87' lang='lat' dir='ltr'><strong>ut</strong></span> <span class='ocrx_word' id='word_1_36' title='bbox 1634 813 1847 866; x_wconf 89' lang='lat' dir='ltr'><strong>leonum</strong></span> <span class='ocrx_word' id='word_1_37' title='bbox 1898 810 1989 880; x_wconf 86' lang='lat' dir='ltr'><strong>pili</strong></span> <span class='ocrx_word' id='word_1_38' title='bbox 2033 823 2221 863; x_wconf 83' lang='lat' dir='ltr'><strong>creve-</strong></span> 
     </span>
    </p>
   </div>
   <div class='ocr_carea' id='block_1_8' title="bbox 636 899 2222 978">
    <p class='ocr_par' dir='ltr' id='par_1_8' title="bbox 636 899 2222 978">
     <span class='ocr_line' id='line_1_8' title="bbox 636 899 2222 978; baseline -0.009 -10"><span class='ocrx_word' id='word_1_39' title='bbox 636 922 788 978; x_wconf 77' lang='lat' dir='ltr'><strong>runt,</strong></span> <span class='ocrx_word' id='word_1_40' title='bbox 810 920 865 967; x_wconf 92' lang='lat' dir='ltr'><strong>et</strong></span> <span class='ocrx_word' id='word_1_41' title='bbox 896 923 1115 977; x_wconf 59' lang='grc' dir='ltr'><strong>παρεῦρε</strong></span> <span class='ocrx_word' id='word_1_42' title='bbox 1149 907 1265 978; x_wconf 86' lang='lat' dir='ltr'><strong>ejus</strong></span> <span class='ocrx_word' id='word_1_43' title='bbox 1296 906 1462 960; x_wconf 89' lang='lat' dir='ltr'><strong>instar</strong></span> <span class='ocrx_word' id='word_1_44' title='bbox 1507 904 1763 973; x_wconf 88' lang='lat' dir='ltr'><strong>unguium</strong></span> <span class='ocrx_word' id='word_1_45' title='bbox 1808 902 1942 955; x_wconf 85' lang='lat' dir='ltr'><strong>avis.</strong></span> <span class='ocrx_word' id='word_1_46' title='bbox 1978 920 1996 952; x_wconf 72' lang='grc' dir='ltr'><strong><em>ι</em></strong></span> <span class='ocrx_word' id='word_1_47' title='bbox 2031 899 2222 969; x_wconf 79' lang='lat' dir='ltr'><strong>Aspice</strong></span> 
     </span>
    </p>
   </div>
   <div class='ocr_carea' id='block_1_9' title="bbox 634 990 2221 1071">
    <p class='ocr_par' dir='ltr' id='par_1_9' title="bbox 634 990 2221 1071">
     <span class='ocr_line' id='line_1_9' title="bbox 634 990 2221 1071; baseline -0.011 -12"><span class='ocrx_word' id='word_1_48' title='bbox 634 1002 955 1059; x_wconf 80' lang='lat' dir='ltr'><strong>scntcntiam</strong></span> <span class='ocrx_word' id='word_1_49' title='bbox 987 1016 1104 1071; x_wconf 57' lang='lat' dir='ltr'><strong>quae</strong></span> <span class='ocrx_word' id='word_1_50' title='bbox 1130 998 1361 1067; x_wconf 76' lang='lat' dir='ltr'><strong>desuper</strong></span> <span class='ocrx_word' id='word_1_51' title='bbox 1396 996 1561 1050; x_wconf 78' lang='lat' dir='ltr'><strong>fertur</strong></span> <span class='ocrx_word' id='word_1_52' title='bbox 1582 994 1648 1048; x_wconf 91' lang='lat' dir='ltr'><strong>ad</strong></span> <span class='ocrx_word' id='word_1_53' title='bbox 1674 996 1843 1063; x_wconf 80' lang='lat' dir='ltr'><strong>ipsum</strong></span> <span class='ocrx_word' id='word_1_54' title='bbox 1872 990 2221 1046; x_wconf 79' lang='lat' dir='ltr'><strong>Nabuchodo-</strong></span> 
     </span>
    </p>
   </div>
   <div class='ocr_carea' id='block_1_10' title="bbox 638 1082 2219 1155">
    <p class='ocr_par' dir='ltr' id='par_1_10' title="bbox 638 1082 2219 1155">
     <span class='ocr_line' id='line_1_10' title="bbox 638 1082 2219 1155; baseline -0.011 -4"><span class='ocrx_word' id='word_1_55' title='bbox 638 1110 911 1150; x_wconf 88' lang='lat' dir='ltr'><strong>nosorem.</strong></span> <span class='ocrx_word' id='word_1_56' title='bbox 937 1095 1003 1147; x_wconf 76' lang='lat' dir='ltr'><strong>Et</strong></span> <span class='ocrx_word' id='word_1_57' title='bbox 1019 1092 1087 1146; x_wconf 88' lang='lat' dir='ltr'><strong>ad</strong></span> <span class='ocrx_word' id='word_1_58' title='bbox 1116 1091 1274 1146; x_wconf 85' lang='lat' dir='ltr'><strong>ﬁnem</strong></span> <span class='ocrx_word' id='word_1_59' title='bbox 1304 1088 1569 1144; x_wconf 90' lang='lat' dir='ltr'><strong>devenere</strong></span> <span class='ocrx_word' id='word_1_60' title='bbox 1598 1101 1704 1140; x_wconf 89' lang='lat' dir='ltr'><strong>res.</strong></span> <span class='ocrx_word' id='word_1_61' title='bbox 1724 1084 2003 1155; x_wconf 82' lang='lat' dir='ltr'><strong>ignorasti,</strong></span> <span class='ocrx_word' id='word_1_62' title='bbox 2030 1082 2219 1152; x_wconf 92' lang='lat' dir='ltr'><strong>inquit,</strong></span> 
     </span>
    </p>
   </div>
   <div class='ocr_carea' id='block_1_11' title="bbox 637 1177 2221 1247">
    <p class='ocr_par' dir='ltr' id='par_1_11' title="bbox 637 1177 2221 1247">
     <span class='ocr_line' id='line_1_11' title="bbox 637 1177 2221 1247; baseline -0.008 -6"><span class='ocrx_word' id='word_1_63' title='bbox 637 1186 929 1242; x_wconf 79' lang='lat' dir='ltr'><strong>humanam</strong></span> <span class='ocrx_word' id='word_1_64' title='bbox 986 1184 1334 1247; x_wconf 74' lang='lat' dir='ltr'><strong>nobilitatem,</strong></span> <span class='ocrx_word' id='word_1_65' title='bbox 1383 1181 1434 1235; x_wconf 91' lang='lat' dir='ltr'><strong>in</strong></span> <span class='ocrx_word' id='word_1_66' title='bbox 1489 1180 1780 1234; x_wconf 90' lang='lat' dir='ltr'><strong>bestiarum</strong></span> <span class='ocrx_word' id='word_1_67' title='bbox 1837 1177 2221 1247; x_wconf 80' lang='lat' dir='ltr'><strong>ignobilitatem</strong></span> 
     </span>
    </p>
   </div>
   <div class='ocr_carea' id='block_1_12' title="bbox 638 1268 2219 1345">
    <p class='ocr_par' dir='ltr' id='par_1_12' title="bbox 638 1268 2219 1345">
     <span class='ocr_line' id='line_1_12' title="bbox 638 1268 2219 1345; baseline -0.009 -11"><span class='ocrx_word' id='word_1_68' title='bbox 638 1277 906 1334; x_wconf 85' lang='lat' dir='ltr'><strong>decidisti.</strong></span> <span class='ocrx_word' id='word_1_69' title='bbox 952 1275 1093 1330; x_wconf 86' lang='lat' dir='ltr'><strong>Nihil</strong></span> <span class='ocrx_word' id='word_1_70' title='bbox 1134 1272 1538 1345; x_wconf 88' lang='lat' dir='ltr'><strong>ignominiosius</strong></span> <span class='ocrx_word' id='word_1_71' title='bbox 1582 1272 1682 1325; x_wconf 87' lang='lat' dir='ltr'><strong>ista</strong></span> <span class='ocrx_word' id='word_1_72' title='bbox 1736 1285 1793 1325; x_wconf 90' lang='lat' dir='ltr'><strong>re</strong></span> <span class='ocrx_word' id='word_1_73' title='bbox 1836 1268 1949 1323; x_wconf 78' lang='lat' dir='ltr'><strong>fieri</strong></span> <span class='ocrx_word' id='word_1_74' title='bbox 1993 1275 2219 1339; x_wconf 85' lang='lat' dir='ltr'><strong>poterat,</strong></span> 
     </span>
    </p>
   </div>
   <div class='ocr_carea' id='block_1_13' title="bbox 642 1361 2224 1442">
    <p class='ocr_par' dir='ltr' id='par_1_13' title="bbox 642 1361 2224 1442">
     <span class='ocr_line' id='line_1_13' title="bbox 642 1361 2224 1442; baseline -0.009 -14"><span class='ocrx_word' id='word_1_75' title='bbox 642 1386 818 1442; x_wconf 90' lang='lat' dir='ltr'><strong>neque</strong></span> <span class='ocrx_word' id='word_1_76' title='bbox 854 1370 901 1424; x_wconf 95' lang='lat' dir='ltr'><strong>si</strong></span> <span class='ocrx_word' id='word_1_77' title='bbox 926 1369 992 1423; x_wconf 90' lang='lat' dir='ltr'><strong>ad</strong></span> <span class='ocrx_word' id='word_1_78' title='bbox 1017 1375 1401 1438; x_wconf 84' lang='lat' dir='ltr'><strong>paupertatem,</strong></span> <span class='ocrx_word' id='word_1_79' title='bbox 1432 1380 1602 1434; x_wconf 89' lang='lat' dir='ltr'><strong>neque</strong></span> <span class='ocrx_word' id='word_1_80' title='bbox 1626 1364 1671 1418; x_wconf 89' lang='lat' dir='ltr'><strong>si</strong></span> <span class='ocrx_word' id='word_1_81' title='bbox 1698 1362 1765 1416; x_wconf 86' lang='lat' dir='ltr'><strong>ad</strong></span> <span class='ocrx_word' id='word_1_82' title='bbox 1791 1361 2021 1427; x_wconf 90' lang='lat' dir='ltr'><strong>vincula,</strong></span> <span class='ocrx_word' id='word_1_83' title='bbox 2053 1373 2224 1429; x_wconf 89' lang='lat' dir='ltr'><strong>neque</strong></span> 
     </span>
    </p>
   </div>
   <div class='ocr_carea' id='block_1_14' title="bbox 642 1449 2222 1527">
    <p class='ocr_par' dir='ltr' id='par_1_14' title="bbox 642 1449 2222 1527">
     <span class='ocr_line' id='line_1_14' title="bbox 642 1449 2222 1527; baseline -0.009 -10"><span class='ocrx_word' id='word_1_84' title='bbox 642 1463 688 1517; x_wconf 87' lang='lat' dir='ltr'><strong>si</strong></span> <span class='ocrx_word' id='word_1_85' title='bbox 718 1462 785 1516; x_wconf 86' lang='lat' dir='ltr'><strong>ad</strong></span> <span class='ocrx_word' id='word_1_86' title='bbox 812 1460 1156 1525; x_wconf 73' lang='lat' dir='ltr'><strong>servitutem,</strong></span> <span class='ocrx_word' id='word_1_87' title='bbox 1190 1471 1362 1527; x_wconf 89' lang='lat' dir='ltr'><strong>neque</strong></span> <span class='ocrx_word' id='word_1_88' title='bbox 1409 1456 1455 1510; x_wconf 93' lang='lat' dir='ltr'><strong>si</strong></span> <span class='ocrx_word' id='word_1_89' title='bbox 1493 1455 1560 1509; x_wconf 89' lang='lat' dir='ltr'><strong>ad</strong></span> <span class='ocrx_word' id='word_1_90' title='bbox 1605 1453 1749 1508; x_wconf 87' lang='lat' dir='ltr'><strong>aliud</strong></span> <span class='ocrx_word' id='word_1_91' title='bbox 1790 1452 1915 1523; x_wconf 83' lang='lat' dir='ltr'><strong>quid</strong></span> <span class='ocrx_word' id='word_1_92' title='bbox 1962 1449 2222 1521; x_wconf 87' lang='lat' dir='ltr'><strong>ejusmodi</strong></span> 
     </span>
    </p>
   </div>
   <div class='ocr_carea' id='block_1_15' title="bbox 645 1541 2225 1621">
    <p class='ocr_par' dir='ltr' id='par_1_15' title="bbox 645 1541 2225 1621">
     <span class='ocr_line' id='line_1_15' title="bbox 645 1541 2225 1621; baseline -0.008 -14"><span class='ocrx_word' id='word_1_93' title='bbox 645 1551 1137 1621; x_wconf 88' lang='lat' dir='ltr'><strong>illumredegisset.</strong></span> <span class='ocrx_word' id='word_1_94' title='bbox 1180 1549 1347 1604; x_wconf 86' lang='lat' dir='ltr'><strong>Porro</strong></span> <span class='ocrx_word' id='word_1_95' title='bbox 1377 1548 1523 1601; x_wconf 89' lang='lat' dir='ltr'><strong>nullo</strong></span> <span class='ocrx_word' id='word_1_96' title='bbox 1567 1545 1725 1601; x_wconf 91' lang='lat' dir='ltr'><strong>modo</strong></span> <span class='ocrx_word' id='word_1_97' title='bbox 1762 1559 1883 1600; x_wconf 91' lang='lat' dir='ltr'><strong>eum</strong></span> <span class='ocrx_word' id='word_1_98' title='bbox 1922 1558 1952 1597; x_wconf 89' lang='lat' dir='ltr'><strong>a</strong></span> <span class='ocrx_word' id='word_1_99' title='bbox 1990 1541 2225 1597; x_wconf 88' lang='lat' dir='ltr'><strong>naturali</strong></span> 
     </span>
    </p>
   </div>
   <div class='ocr_carea' id='block_1_16' title="bbox 646 1636 2225 1712">
    <p class='ocr_par' dir='ltr' id='par_1_16' title="bbox 646 1636 2225 1712">
     <span class='ocr_line' id='line_1_16' title="bbox 646 1636 2225 1712; baseline -0.008 -13"><span class='ocrx_word' id='word_1_100' title='bbox 646 1645 922 1700; x_wconf 84' lang='lat' dir='ltr'><strong>nobilitate</strong></span> <span class='ocrx_word' id='word_1_101' title='bbox 961 1643 1117 1712; x_wconf 90' lang='lat' dir='ltr'><strong>ejecit</strong></span> <span class='ocrx_word' id='word_1_102' title='bbox 1153 1660 1166 1697; x_wconf 96' lang='lat'>:</span> <span class='ocrx_word' id='word_1_103' title='bbox 1210 1657 1309 1696; x_wconf 90' lang='lat' dir='ltr'><strong>nec</strong></span> <span class='ocrx_word' id='word_1_104' title='bbox 1347 1654 1540 1710; x_wconf 88' lang='lat' dir='ltr'><strong>corpus</strong></span> <span class='ocrx_word' id='word_1_105' title='bbox 1581 1639 1726 1693; x_wconf 93' lang='lat' dir='ltr'><strong>illius</strong></span> <span class='ocrx_word' id='word_1_106' title='bbox 1769 1638 1820 1691; x_wconf 92' lang='lat' dir='ltr'><strong>in</strong></span> <span class='ocrx_word' id='word_1_107' title='bbox 1858 1636 2043 1692; x_wconf 68' lang='lat' dir='ltr'><strong>bestiae</strong></span> <span class='ocrx_word' id='word_1_108' title='bbox 2072 1642 2225 1688; x_wconf 87' lang='lat' dir='ltr'><strong>natu-</strong></span> 
     </span>
    </p>
   </div>
   <div class='ocr_carea' id='block_1_17' title="bbox 648 1723 2226 1799">
    <p class='ocr_par' dir='ltr' id='par_1_17' title="bbox 648 1723 2226 1799">
     <span class='ocr_line' id='line_1_17' title="bbox 648 1723 2226 1799; baseline -0.008 -10"><span class='ocrx_word' id='word_1_109' title='bbox 648 1749 763 1789; x_wconf 88' lang='lat' dir='ltr'><strong>ram</strong></span> <span class='ocrx_word' id='word_1_110' title='bbox 806 1734 1072 1788; x_wconf 87' lang='lat' dir='ltr'><strong>mutavit:</strong></span> <span class='ocrx_word' id='word_1_111' title='bbox 1113 1731 1206 1787; x_wconf 91' lang='lat' dir='ltr'><strong>sed</strong></span> <span class='ocrx_word' id='word_1_112' title='bbox 1250 1730 1375 1785; x_wconf 90' lang='lat' dir='ltr'><strong>illud</strong></span> <span class='ocrx_word' id='word_1_113' title='bbox 1403 1745 1509 1799; x_wconf 87' lang='lat' dir='ltr'><strong>quo</strong></span> <span class='ocrx_word' id='word_1_114' title='bbox 1537 1728 1604 1783; x_wconf 92' lang='lat' dir='ltr'><strong>ab</strong></span> <span class='ocrx_word' id='word_1_115' title='bbox 1645 1723 2226 1782; x_wconf 85' lang='lat' dir='ltr'><strong>irrationalibusdista-</strong></span> 
     </span>
    </p>
   </div>
   <div class='ocr_carea' id='block_1_18' title="bbox 647 1814 2228 1889">
    <p class='ocr_par' dir='ltr' id='par_1_18' title="bbox 647 1814 2228 1889">
     <span class='ocr_line' id='line_1_18' title="bbox 647 1814 2228 1889; baseline -0.007 -9"><span class='ocrx_word' id='word_1_116' title='bbox 647 1825 761 1889; x_wconf 84' lang='lat' dir='ltr'><strong>bat,</strong></span> <span class='ocrx_word' id='word_1_117' title='bbox 790 1825 843 1879; x_wconf 88' lang='lat' dir='ltr'><strong>in</strong></span> <span class='ocrx_word' id='word_1_118' title='bbox 872 1823 1141 1878; x_wconf 79' lang='lat' dir='ltr'><strong>feritatem</strong></span> <span class='ocrx_word' id='word_1_119' title='bbox 1167 1821 1471 1877; x_wconf 75' lang='lat' dir='ltr'><strong>transtulit?</strong></span> <span class='ocrx_word' id='word_1_120' title='bbox 1501 1818 1781 1887; x_wconf 87' lang='lat' dir='ltr'><strong>Quomodo</strong></span> <span class='ocrx_word' id='word_1_121' title='bbox 1824 1817 2024 1887; x_wconf 78' lang='lat' dir='ltr'><strong>igitur?</strong></span> <span class='ocrx_word' id='word_1_122' title='bbox 2068 1814 2137 1871; x_wconf 91' lang='lat' dir='ltr'><strong>Ut</strong></span> <span class='ocrx_word' id='word_1_123' title='bbox 2171 1823 2228 1869; x_wconf 90' lang='lat' dir='ltr'><strong>et</strong></span> 
     </span>
    </p>
   </div>
   <div class='ocr_carea' id='block_1_19' title="bbox 631 1910 2223 1985">
    <p class='ocr_par' dir='ltr' id='par_1_19' title="bbox 631 1910 2223 1985">
     <span class='ocr_line' id='line_1_19' title="bbox 631 1910 2223 1985; baseline -0.004 -16"><span class='ocrx_word' id='word_1_124' title='bbox 631 1916 841 1985; x_wconf 46' lang='lat' dir='ltr'><strong>(reliqui</strong></span> <span class='ocrx_word' id='word_1_125' title='bbox 886 1914 1093 1969; x_wconf 82' lang='lat' dir='ltr'><strong>discant</strong></span> <span class='ocrx_word' id='word_1_126' title='bbox 1120 1930 1187 1969; x_wconf 79' lang='lat' dir='ltr'><strong>ex</strong></span> <span class='ocrx_word' id='word_1_127' title='bbox 1236 1913 1375 1968; x_wconf 90' lang='lat' dir='ltr'><strong>illius</strong></span> <span class='ocrx_word' id='word_1_128' title='bbox 1418 1912 1558 1978; x_wconf 89' lang='lat' dir='ltr'><strong>cibo,</strong></span> <span class='ocrx_word' id='word_1_129' title='bbox 1586 1920 1640 1966; x_wconf 87' lang='lat' dir='ltr'><strong>et</strong></span> <span class='ocrx_word' id='word_1_130' title='bbox 1687 1927 1751 1965; x_wconf 79' lang='lat' dir='ltr'><strong>ex</strong></span> <span class='ocrx_word' id='word_1_131' title='bbox 1796 1910 1938 1965; x_wconf 90' lang='lat' dir='ltr'><strong>illius</strong></span> <span class='ocrx_word' id='word_1_132' title='bbox 1983 1916 2223 1978; x_wconf 89' lang='lat' dir='ltr'><strong>aspectu.</strong></span> 
     </span>
    </p>
   </div>
   <div class='ocr_carea' id='block_1_20' title="bbox 636 2000 2229 2077">
    <p class='ocr_par' dir='ltr' id='par_1_20' title="bbox 636 2000 2229 2077">
     <span class='ocr_line' id='line_1_20' title="bbox 636 2000 2229 2077; baseline -0.006 -14"><span class='ocrx_word' id='word_1_133' title='bbox 636 2007 785 2075; x_wconf 74' lang='lat' dir='ltr'><strong>,Qnid</strong></span> <span class='ocrx_word' id='word_1_134' title='bbox 811 2018 986 2063; x_wconf 86' lang='lat' dir='ltr'><strong>autem</strong></span> <span class='ocrx_word' id='word_1_135' title='bbox 1019 2022 1114 2077; x_wconf 90' lang='lat' dir='ltr'><strong>per</strong></span> <span class='ocrx_word' id='word_1_136' title='bbox 1141 2007 1256 2061; x_wconf 65' lang='lat' dir='ltr'><strong>haec</strong></span> <span class='ocrx_word' id='word_1_137' title='bbox 1283 2006 1583 2061; x_wconf 79' lang='lat' dir='ltr'><strong>docemur?</strong></span> <span class='ocrx_word' id='word_1_138' title='bbox 1611 2003 1814 2072; x_wconf 90' lang='lat' dir='ltr'><strong>Nempe</strong></span> <span class='ocrx_word' id='word_1_139' title='bbox 1841 2000 1983 2073; x_wconf 89' lang='lat' dir='ltr'><strong>quod</strong></span> <span class='ocrx_word' id='word_1_140' title='bbox 2008 2000 2110 2056; x_wconf 88' lang='lat' dir='ltr'><strong>etsi</strong></span> <span class='ocrx_word' id='word_1_141' title='bbox 2139 2014 2229 2054; x_wconf 88' lang='lat' dir='ltr'><strong>ea-</strong></span> 
     </span>
    </p>
   </div>
   <div class='ocr_carea' id='block_1_21' title="bbox 638 2094 2230 2164">
    <p class='ocr_par' dir='ltr' id='par_1_21' title="bbox 638 2094 2230 2164">
     <span class='ocr_line' id='line_1_21' title="bbox 638 2094 2230 2164; baseline -0.006 -10"><span class='ocrx_word' id='word_1_142' title='bbox 638 2100 771 2155; x_wconf 80' lang='lat' dir='ltr'><strong>dem</strong></span> <span class='ocrx_word' id='word_1_143' title='bbox 801 2099 965 2155; x_wconf 74' lang='lat' dir='ltr'><strong>nobis</strong></span> <span class='ocrx_word' id='word_1_144' title='bbox 992 2114 1097 2154; x_wconf 90' lang='lat' dir='ltr'><strong>non</strong></span> <span class='ocrx_word' id='word_1_145' title='bbox 1127 2099 1402 2164; x_wconf 91' lang='lat' dir='ltr'><strong>eveniant,</strong></span> <span class='ocrx_word' id='word_1_146' title='bbox 1434 2106 1608 2151; x_wconf 90' lang='lat' dir='ltr'><strong>tamen</strong></span> <span class='ocrx_word' id='word_1_147' title='bbox 1650 2095 1844 2150; x_wconf 91' lang='lat' dir='ltr'><strong>melius</strong></span> <span class='ocrx_word' id='word_1_148' title='bbox 1886 2094 1976 2148; x_wconf 89' lang='lat' dir='ltr'><strong>illo</strong></span> <span class='ocrx_word' id='word_1_149' title='bbox 2006 2108 2110 2147; x_wconf 93' lang='lat' dir='ltr'><strong>non</strong></span> <span class='ocrx_word' id='word_1_150' title='bbox 2140 2106 2230 2145; x_wconf 88' lang='lat' dir='ltr'><strong>su-</strong></span> 
     </span>
    </p>
   </div>
   <div class='ocr_carea' id='block_1_22' title="bbox 648 2185 2229 2263">
    <p class='ocr_par' dir='ltr' id='par_1_22' title="bbox 648 2185 2229 2263">
     <span class='ocr_line' id='line_1_22' title="bbox 648 2185 2229 2263; baseline -0.007 -16"><span class='ocrx_word' id='word_1_151' title='bbox 648 2208 771 2248; x_wconf 83' lang='lat' dir='ltr'><strong>mus</strong></span> <span class='ocrx_word' id='word_1_152' title='bbox 799 2192 995 2261; x_wconf 83' lang='lat' dir='ltr'><strong>aﬂ&#39;ecti,</strong></span> <span class='ocrx_word' id='word_1_153' title='bbox 1032 2191 1325 2263; x_wconf 89' lang='lat' dir='ltr'><strong>quandoiu</strong></span> <span class='ocrx_word' id='word_1_154' title='bbox 1367 2188 1670 2259; x_wconf 88' lang='lat' dir='ltr'><strong>superbiam</strong></span> <span class='ocrx_word' id='word_1_155' title='bbox 1716 2195 1807 2242; x_wconf 91' lang='lat' dir='ltr'><strong>aut</strong></span> <span class='ocrx_word' id='word_1_156' title='bbox 1849 2186 1902 2241; x_wconf 94' lang='lat' dir='ltr'><strong>in</strong></span> <span class='ocrx_word' id='word_1_157' title='bbox 1940 2185 2229 2240; x_wconf 86' lang='lat' dir='ltr'><strong>belluinam</strong></span> 
     </span>
    </p>
   </div>
   <div class='ocr_carea' id='block_1_23' title="bbox 626 2285 2232 2357">
    <p class='ocr_par' dir='ltr' id='par_1_23' title="bbox 626 2285 2232 2357">
     <span class='ocr_line' id='line_1_23' title="bbox 626 2285 2232 2357; baseline -0.003 -15"><span class='ocrx_word' id='word_1_158' title='bbox 626 2287 1102 2357; x_wconf 23' lang='lat' dir='ltr'><strong>rrwwrbationem</strong></span> <span class='ocrx_word' id='word_1_159' title='bbox 1132 2286 1447 2341; x_wconf 90' lang='lat' dir='ltr'><strong>delabimur.</strong></span> <span class='ocrx_word' id='word_1_160' title='bbox 1479 2285 1619 2351; x_wconf 87' lang='lat' dir='ltr'><strong>Quot</strong></span> <span class='ocrx_word' id='word_1_161' title='bbox 1668 2298 1811 2338; x_wconf 90' lang='lat' dir='ltr'><strong>nunc</strong></span> <span class='ocrx_word' id='word_1_162' title='bbox 1854 2298 1960 2337; x_wconf 91' lang='lat' dir='ltr'><strong>non</strong></span> <span class='ocrx_word' id='word_1_163' title='bbox 1988 2296 2143 2337; x_wconf 89' lang='lat' dir='ltr'><strong>secus</strong></span> <span class='ocrx_word' id='word_1_164' title='bbox 2162 2294 2232 2337; x_wconf 86' lang='lat' dir='ltr'><strong>ac</strong></span> 
     </span>
    </p>
   </div>
   <div class='ocr_carea' id='block_1_24' title="bbox 630 2372 2231 2445">
    <p class='ocr_par' dir='ltr' id='par_1_24' title="bbox 630 2372 2231 2445">
     <span class='ocr_line' id='line_1_24' title="bbox 630 2372 2231 2445; baseline -0.002 -14"><span class='ocrx_word' id='word_1_165' title='bbox 630 2375 1139 2433; x_wconf 76' lang='lat' dir='ltr'><strong>Nabuchodonosor</strong></span> <span class='ocrx_word' id='word_1_166' title='bbox 1169 2378 1275 2445; x_wconf 93' lang='lat' dir='ltr'><strong>ille,</strong></span> <span class='ocrx_word' id='word_1_167' title='bbox 1308 2376 1493 2431; x_wconf 70' lang='lat' dir='ltr'><strong>bestiae</strong></span> <span class='ocrx_word' id='word_1_168' title='bbox 1543 2382 1774 2429; x_wconf 87' lang='lat' dir='ltr'><strong>mentem</strong></span> <span class='ocrx_word' id='word_1_169' title='bbox 1810 2373 2041 2430; x_wconf 87' lang='lat' dir='ltr'><strong>habent!</strong></span> <span class='ocrx_word' id='word_1_170' title='bbox 2094 2372 2231 2428; x_wconf 86' lang='lat' dir='ltr'><strong>Audi</strong></span> 
     </span>
    </p>
   </div>
   <div class='ocr_carea' id='block_1_25' title="bbox 629 2463 2231 2537">
    <p class='ocr_par' dir='ltr' id='par_1_25' title="bbox 629 2463 2231 2537">
     <span class='ocr_line' id='line_1_25' title="bbox 629 2463 2231 2537; baseline -0.002 -17"><span class='ocrx_word' id='word_1_171' title='bbox 629 2466 831 2537; x_wconf 76' lang='lat' dir='ltr'><strong>itaque</strong></span> <span class='ocrx_word' id='word_1_172' title='bbox 852 2466 1109 2523; x_wconf 87' lang='lat' dir='ltr'><strong>Joannem</strong></span> <span class='ocrx_word' id='word_1_173' title='bbox 1140 2466 1407 2522; x_wconf 89' lang='lat' dir='ltr'><strong>dicentem</strong></span> <span class='ocrx_word' id='word_1_174' title='bbox 1440 2483 1454 2520; x_wconf 90' lang='lat'><strong>:</strong></span> <span class='ocrx_word' id='word_1_175' title='bbox 1483 2464 1771 2535; x_wconf 78' lang='lat' dir='ltr'><strong>Serpentes,</strong></span> <span class='ocrx_word' id='word_1_176' title='bbox 1795 2464 2050 2534; x_wconf 84' lang='lat' dir='ltr'><strong>genimina</strong></span> <span class='ocrx_word' id='word_1_177' title='bbox 2088 2463 2231 2533; x_wconf 82' lang='lat' dir='ltr'><strong>vipe-</strong></span> 
     </span>
    </p>
   </div>
   <div class='ocr_carea' id='block_1_26' title="bbox 629 2554 2233 2628">
    <p class='ocr_par' dir='ltr' id='par_1_26' title="bbox 629 2554 2233 2628">
     <span class='ocr_line' id='line_1_26' title="bbox 629 2554 2233 2628; baseline -0.003 -17"><span class='ocrx_word' id='word_1_178' title='bbox 629 2574 829 2611; x_wconf 59' lang='lat' dir='ltr'><strong>wrarum</strong></span> <span class='ocrx_word' id='word_1_179' title='bbox 849 2556 1061 2628; x_wconf 76' lang='lat' dir='ltr'><strong>(Matth.</strong></span> <span class='ocrx_word' id='word_1_180' title='bbox 1084 2559 1137 2614; x_wconf 74' lang='grc' dir='ltr'><strong>ὅ.</strong></span> <span class='ocrx_word' id='word_1_181' title='bbox 1164 2558 1216 2612; x_wconf 92' lang='grc'><strong>7.</strong></span> <span class='ocrx_word' id='word_1_182' title='bbox 1248 2567 1295 2611; x_wconf 84' lang='lat' dir='ltr'><strong>et</strong></span> <span class='ocrx_word' id='word_1_183' title='bbox 1321 2557 1412 2611; x_wconf 61' lang='grc' dir='ltr'><strong>ενδ.</strong></span> <span class='ocrx_word' id='word_1_184' title='bbox 1454 2557 1578 2625; x_wconf 78' lang='lat'><strong>53);</strong></span> <span class='ocrx_word' id='word_1_185' title='bbox 1610 2564 1664 2610; x_wconf 89' lang='lat' dir='ltr'><strong>et</strong></span> <span class='ocrx_word' id='word_1_186' title='bbox 1692 2568 1876 2609; x_wconf 89' lang='lat' dir='ltr'><strong>rursus</strong></span> <span class='ocrx_word' id='word_1_187' title='bbox 1904 2554 2067 2608; x_wconf 91' lang='lat' dir='ltr'><strong>alium</strong></span> <span class='ocrx_word' id='word_1_188' title='bbox 2102 2568 2233 2624; x_wconf 86' lang='lat' dir='ltr'><strong>pro-</strong></span> 
     </span>
    </p>
   </div>
   <div class='ocr_carea' id='block_1_27' title="bbox 656 2647 2233 2720">
    <p class='ocr_par' dir='ltr' id='par_1_27' title="bbox 656 2647 2233 2720">
     <span class='ocr_line' id='line_1_27' title="bbox 656 2647 2233 2720; baseline -0.002 -17"><span class='ocrx_word' id='word_1_189' title='bbox 656 2650 874 2720; x_wconf 89' lang='lat' dir='ltr'><strong>phetam</strong></span> <span class='ocrx_word' id='word_1_190' title='bbox 904 2652 1134 2706; x_wconf 90' lang='lat' dir='ltr'><strong>aientem</strong></span> <span class='ocrx_word' id='word_1_191' title='bbox 1164 2669 1176 2705; x_wconf 92' lang='lat'><strong>:</strong></span> <span class='ocrx_word' id='word_1_192' title='bbox 1211 2649 1343 2719; x_wconf 87' lang='lat' dir='ltr'><strong>Equi</strong></span> <span class='ocrx_word' id='word_1_193' title='bbox 1370 2650 1590 2719; x_wconf 80' lang='lat' dir='ltr'><strong>furentes</strong></span> <span class='ocrx_word' id='word_1_194' title='bbox 1618 2649 1672 2701; x_wconf 87' lang='lat' dir='ltr'><strong>in</strong></span> <span class='ocrx_word' id='word_1_195' title='bbox 1701 2648 1915 2719; x_wconf 77' lang='lat' dir='ltr'><strong>feminas</strong></span> <span class='ocrx_word' id='word_1_196' title='bbox 1937 2647 2059 2718; x_wconf 80' lang='lat' dir='ltr'><strong>facti</strong></span> <span class='ocrx_word' id='word_1_197' title='bbox 2084 2656 2233 2713; x_wconf 81' lang='lat' dir='ltr'><strong>sunt;</strong></span> 
     </span>
    </p>
   </div>
   <div class='ocr_carea' id='block_1_28' title="bbox 636 2739 2233 2814">
    <p class='ocr_par' dir='ltr' id='par_1_28' title="bbox 636 2739 2233 2814">
     <span class='ocr_line' id='line_1_28' title="bbox 636 2739 2233 2814; baseline 0 -19"><span class='ocrx_word' id='word_1_198' title='bbox 636 2744 999 2814; x_wconf 48' lang='lat' dir='ltr'><strong>vnnusquisque</strong></span> <span class='ocrx_word' id='word_1_199' title='bbox 1031 2743 1099 2797; x_wconf 89' lang='lat' dir='ltr'><strong>ad</strong></span> <span class='ocrx_word' id='word_1_200' title='bbox 1118 2759 1326 2797; x_wconf 73' lang='lat' dir='ltr'><strong>uxorem</strong></span> <span class='ocrx_word' id='word_1_201' title='bbox 1361 2741 1577 2812; x_wconf 71' lang='lat' dir='ltr'><strong>proximi</strong></span> <span class='ocrx_word' id='word_1_202' title='bbox 1604 2740 1892 2793; x_wconf 74' lang='lat' dir='ltr'><strong>[tinniebant</strong></span> <span class='ocrx_word' id='word_1_203' title='bbox 1914 2739 2045 2810; x_wconf 63' lang='grc' dir='ltr'><strong>(λεν.</strong></span> <span class='ocrx_word' id='word_1_204' title='bbox 2070 2740 2122 2795; x_wconf 85' lang='grc'><strong>5.</strong></span> <span class='ocrx_word' id='word_1_205' title='bbox 2145 2739 2233 2810; x_wconf 88' lang='lat'><strong>8);</strong></span> 
     </span>
    </p>
   </div>
   <div class='ocr_carea' id='block_1_29' title="bbox 656 2829 2233 2902">
    <p class='ocr_par' dir='ltr' id='par_1_29' title="bbox 656 2829 2233 2902">
     <span class='ocr_line' id='line_1_29' title="bbox 656 2829 2233 2902; baseline -0.003 -14"><span class='ocrx_word' id='word_1_206' title='bbox 656 2835 898 2888; x_wconf 30' lang='lat' dir='ltr'><strong>etialium</strong></span> <span class='ocrx_word' id='word_1_207' title='bbox 926 2834 1098 2888; x_wconf 89' lang='lat' dir='ltr'><strong>adhuc</strong></span> <span class='ocrx_word' id='word_1_208' title='bbox 1122 2852 1135 2887; x_wconf 87' lang='lat'>:</span> <span class='ocrx_word' id='word_1_209' title='bbox 1164 2832 1324 2888; x_wconf 80' lang='lat' dir='ltr'><strong>Canes</strong></span> <span class='ocrx_word' id='word_1_210' title='bbox 1353 2833 1476 2886; x_wconf 89' lang='lat' dir='ltr'><strong>muti</strong></span> <span class='ocrx_word' id='word_1_211' title='bbox 1506 2848 1607 2886; x_wconf 89' lang='lat' dir='ltr'><strong>non</strong></span> <span class='ocrx_word' id='word_1_212' title='bbox 1630 2832 1844 2885; x_wconf 77' lang='lat' dir='ltr'><strong>valentes</strong></span> <span class='ocrx_word' id='word_1_213' title='bbox 1866 2830 2052 2886; x_wconf 79' lang='lat' dir='ltr'><strong>latrare</strong></span> <span class='ocrx_word' id='word_1_214' title='bbox 2081 2829 2233 2902; x_wconf 80' lang='lat' dir='ltr'><strong>(Isai.</strong></span> 
     </span>
    </p>
   </div>
   <div class='ocr_carea' id='block_1_30' title="bbox 658 2924 2234 2996">
    <p class='ocr_par' dir='ltr' id='par_1_30' title="bbox 658 2924 2234 2996">
     <span class='ocr_line' id='line_1_30' title="bbox 658 2924 2234 2996; baseline 0.001 -17"><span class='ocrx_word' id='word_1_215' title='bbox 658 2925 747 2980; x_wconf 86' lang='lat'><strong>56.</strong></span> <span class='ocrx_word' id='word_1_216' title='bbox 774 2926 898 2996; x_wconf 75' lang='lat'><strong>10):</strong></span> <span class='ocrx_word' id='word_1_217' title='bbox 927 2936 974 2980; x_wconf 90' lang='lat' dir='ltr'><strong>et</strong></span> <span class='ocrx_word' id='word_1_218' title='bbox 1008 2927 1167 2979; x_wconf 90' lang='lat' dir='ltr'><strong>alium</strong></span> <span class='ocrx_word' id='word_1_219' title='bbox 1199 2940 1384 2979; x_wconf 90' lang='lat' dir='ltr'><strong>rursus</strong></span> <span class='ocrx_word' id='word_1_220' title='bbox 1410 2925 1592 2995; x_wconf 84' lang='lat' dir='ltr'><strong>vulpes</strong></span> <span class='ocrx_word' id='word_1_221' title='bbox 1621 2925 1976 2994; x_wconf 88' lang='lat' dir='ltr'><strong>appellantem</strong></span> <span class='ocrx_word' id='word_1_222' title='bbox 2023 2924 2234 2992; x_wconf 79' lang='lat' dir='ltr'><strong>(Ezech.</strong></span> 
     </span>
    </p>
   </div>
   <div class='ocr_carea' id='block_1_31' title="bbox 660 3015 2234 3087">
    <p class='ocr_par' dir='ltr' id='par_1_31' title="bbox 660 3015 2234 3087">
     <span class='ocr_line' id='line_1_31' title="bbox 660 3015 2234 3087; baseline -0.002 -16"><span class='ocrx_word' id='word_1_223' title='bbox 660 3018 750 3072; x_wconf 67' lang='lat' dir='ltr'><strong>i5.</strong></span> <span class='ocrx_word' id='word_1_224' title='bbox 777 3016 857 3087; x_wconf 75' lang='grc'><strong>4),</strong></span> <span class='ocrx_word' id='word_1_225' title='bbox 885 3026 940 3071; x_wconf 91' lang='lat' dir='ltr'><strong>et</strong></span> <span class='ocrx_word' id='word_1_226' title='bbox 960 3017 1119 3070; x_wconf 91' lang='lat' dir='ltr'><strong>alium</strong></span> <span class='ocrx_word' id='word_1_227' title='bbox 1150 3016 1410 3072; x_wconf 88' lang='lat' dir='ltr'><strong>dracones</strong></span> <span class='ocrx_word' id='word_1_228' title='bbox 1430 3030 1493 3070; x_wconf 90' lang='lat' dir='ltr'><strong>ac</strong></span> <span class='ocrx_word' id='word_1_229' title='bbox 1518 3016 1794 3071; x_wconf 90' lang='lat' dir='ltr'><strong>basiliscos</strong></span> <span class='ocrx_word' id='word_1_230' title='bbox 1818 3015 1986 3087; x_wconf 85' lang='lat' dir='ltr'><strong>(Psal.</strong></span> <span class='ocrx_word' id='word_1_231' title='bbox 2016 3016 2234 3087; x_wconf 75' lang='lat'><strong>90.13).</strong></span> 
     </span>
    </p>
   </div>
   <div class='ocr_carea' id='block_1_32' title="bbox 660 3106 2236 3176">
    <p class='ocr_par' dir='ltr' id='par_1_32' title="bbox 660 3106 2236 3176">
     <span class='ocr_line' id='line_1_32' title="bbox 660 3106 2236 3176; baseline 0.001 -15"><span class='ocrx_word' id='word_1_232' title='bbox 660 3107 827 3161; x_wconf 78' lang='lat' dir='ltr'><strong>Multo</strong></span> <span class='ocrx_word' id='word_1_233' title='bbox 853 3116 1029 3161; x_wconf 91' lang='lat' dir='ltr'><strong>autem</strong></span> <span class='ocrx_word' id='word_1_234' title='bbox 1079 3107 1313 3162; x_wconf 89' lang='lat' dir='ltr'><strong>deterius</strong></span> <span class='ocrx_word' id='word_1_235' title='bbox 1354 3116 1437 3162; x_wconf 91' lang='lat' dir='ltr'><strong>est</strong></span> <span class='ocrx_word' id='word_1_236' title='bbox 1465 3123 1585 3162; x_wconf 90' lang='lat' dir='ltr'><strong>cum</strong></span> <span class='ocrx_word' id='word_1_237' title='bbox 1632 3106 1684 3161; x_wconf 87' lang='lat' dir='ltr'><strong>itt</strong></span> <span class='ocrx_word' id='word_1_238' title='bbox 1729 3106 1828 3162; x_wconf 90' lang='lat' dir='ltr'><strong>hac</strong></span> <span class='ocrx_word' id='word_1_239' title='bbox 1876 3108 1985 3163; x_wconf 83' lang='lat' dir='ltr'><strong>vita</strong></span> <span class='ocrx_word' id='word_1_240' title='bbox 2028 3122 2236 3176; x_wconf 87' lang='lat' dir='ltr'><strong>sumus,</strong></span> 
     </span>
    </p>
   </div>
   <div class='ocr_carea' id='block_1_33' title="bbox 660 3196 2241 3268">
    <p class='ocr_par' dir='ltr' id='par_1_33' title="bbox 660 3196 2241 3268">
     <span class='ocr_line' id='line_1_33' title="bbox 660 3196 2241 3268; baseline 0.001 -15"><span class='ocrx_word' id='word_1_241' title='bbox 660 3197 890 3262; x_wconf 80' lang='lat' dir='ltr'><strong>efferari,</strong></span> <span class='ocrx_word' id='word_1_242' title='bbox 917 3213 1073 3268; x_wconf 90' lang='lat' dir='ltr'><strong>quam</strong></span> <span class='ocrx_word' id='word_1_243' title='bbox 1097 3198 1284 3253; x_wconf 90' lang='lat' dir='ltr'><strong>eadem</strong></span> <span class='ocrx_word' id='word_1_244' title='bbox 1311 3213 1431 3253; x_wconf 89' lang='lat' dir='ltr'><strong>cum</strong></span> <span class='ocrx_word' id='word_1_245' title='bbox 1458 3196 1978 3255; x_wconf 88' lang='lat' dir='ltr'><strong>Nabuchodonosore</strong></span> <span class='ocrx_word' id='word_1_246' title='bbox 2004 3197 2241 3268; x_wconf 87' lang='lat' dir='ltr'><strong>pati.llle</strong></span> 
     </span>
    </p>
   </div>
   <div class='ocr_carea' id='block_1_34' title="bbox 659 3287 2238 3358">
    <p class='ocr_par' dir='ltr' id='par_1_34' title="bbox 659 3287 2238 3358">
     <span class='ocr_line' id='line_1_34' title="bbox 659 3287 2238 3358; baseline 0.002 -17"><span class='ocrx_word' id='word_1_247' title='bbox 659 3287 922 3358; x_wconf 84' lang='lat' dir='ltr'><strong>siquidem</strong></span> <span class='ocrx_word' id='word_1_248' title='bbox 965 3289 1095 3342; x_wconf 89' lang='lat' dir='ltr'><strong>nihil</strong></span> <span class='ocrx_word' id='word_1_249' title='bbox 1136 3289 1263 3343; x_wconf 90' lang='lat' dir='ltr'><strong>mali</strong></span> <span class='ocrx_word' id='word_1_250' title='bbox 1291 3291 1342 3343; x_wconf 95' lang='lat' dir='ltr'><strong>in</strong></span> <span class='ocrx_word' id='word_1_251' title='bbox 1370 3289 1605 3344; x_wconf 89' lang='lat' dir='ltr'><strong>animum</strong></span> <span class='ocrx_word' id='word_1_252' title='bbox 1629 3288 1941 3345; x_wconf 87' lang='lat' dir='ltr'><strong>admittebat</strong></span> <span class='ocrx_word' id='word_1_253' title='bbox 1972 3306 1986 3344; x_wconf 90' lang='lat'>:</span> <span class='ocrx_word' id='word_1_254' title='bbox 2020 3304 2117 3344; x_wconf 92' lang='lat' dir='ltr'><strong>nos</strong></span> <span class='ocrx_word' id='word_1_255' title='bbox 2142 3305 2238 3344; x_wconf 89' lang='lat' dir='ltr'><strong>au-</strong></span> 
     </span>
    </p>
   </div>
   <div class='ocr_carea' id='block_1_35' title="bbox 658 3380 2242 3453">
    <p class='ocr_par' dir='ltr' id='par_1_35' title="bbox 658 3380 2242 3453">
     <span class='ocr_line' id='line_1_35' title="bbox 658 3380 2242 3453; baseline 0.004 -20"><span class='ocrx_word' id='word_1_256' title='bbox 658 3389 765 3433; x_wconf 90' lang='lat' dir='ltr'><strong>tem</strong></span> <span class='ocrx_word' id='word_1_257' title='bbox 790 3380 919 3435; x_wconf 87' lang='lat' dir='ltr'><strong>dum</strong></span> <span class='ocrx_word' id='word_1_258' title='bbox 973 3381 1043 3436; x_wconf 76' lang='lat' dir='ltr'><strong>ita</strong></span> <span class='ocrx_word' id='word_1_259' title='bbox 1093 3382 1366 3437; x_wconf 83' lang='lat' dir='ltr'><strong>innumera</strong></span> <span class='ocrx_word' id='word_1_260' title='bbox 1410 3391 1623 3453; x_wconf 81' lang='lat' dir='ltr'><strong>peccata</strong></span> <span class='ocrx_word' id='word_1_261' title='bbox 1673 3383 1990 3452; x_wconf 82' lang='lat' dir='ltr'><strong>colligimus,</strong></span> <span class='ocrx_word' id='word_1_262' title='bbox 2042 3392 2242 3453; x_wconf 89' lang='lat' dir='ltr'><strong>quanto</strong></span> 
     </span>
    </p>
   </div>
   <div class='ocr_carea' id='block_1_36' title="bbox 661 3472 2241 3545">
    <p class='ocr_par' dir='ltr' id='par_1_36' title="bbox 661 3472 2241 3545">
     <span class='ocr_line' id='line_1_36' title="bbox 661 3472 2241 3545; baseline 0.003 -21"><span class='ocrx_word' id='word_1_263' title='bbox 661 3472 874 3541; x_wconf 82' lang='lat' dir='ltr'><strong>pejores</strong></span> <span class='ocrx_word' id='word_1_264' title='bbox 898 3487 1084 3527; x_wconf 88' lang='lat' dir='ltr'><strong>sumus</strong></span> <span class='ocrx_word' id='word_1_265' title='bbox 1101 3473 1233 3543; x_wconf 91' lang='lat' dir='ltr'><strong>jam,</strong></span> <span class='ocrx_word' id='word_1_266' title='bbox 1262 3475 1400 3528; x_wconf 82' lang='lat' dir='ltr'><strong>sicut</strong></span> <span class='ocrx_word' id='word_1_267' title='bbox 1424 3474 1621 3529; x_wconf 87' lang='lat' dir='ltr'><strong>dictum</strong></span> <span class='ocrx_word' id='word_1_268' title='bbox 1651 3484 1752 3529; x_wconf 91' lang='lat' dir='ltr'><strong>est.</strong></span> <span class='ocrx_word' id='word_1_269' title='bbox 1776 3475 1873 3540; x_wconf 87' lang='lat' dir='ltr'><strong>Qui</strong></span> <span class='ocrx_word' id='word_1_270' title='bbox 1902 3484 2077 3529; x_wconf 88' lang='lat' dir='ltr'><strong>autem</strong></span> <span class='ocrx_word' id='word_1_271' title='bbox 2101 3474 2241 3545; x_wconf 86' lang='lat' dir='ltr'><strong>apud</strong></span> 
     </span>
    </p>
   </div>
   <div class='ocr_carea' id='block_1_37' title="bbox 658 3563 2242 3633">
    <p class='ocr_par' dir='ltr' id='par_1_37' title="bbox 658 3563 2242 3633">
     <span class='ocr_line' id='line_1_37' title="bbox 658 3563 2242 3633; baseline 0.004 -19"><span class='ocrx_word' id='word_1_272' title='bbox 658 3563 899 3617; x_wconf 85' lang='lat' dir='ltr'><strong>ethnicos</strong></span> <span class='ocrx_word' id='word_1_273' title='bbox 923 3564 1192 3633; x_wconf 88' lang='lat' dir='ltr'><strong>sapientes</strong></span> <span class='ocrx_word' id='word_1_274' title='bbox 1222 3564 1567 3627; x_wconf 90' lang='lat' dir='ltr'><strong>habebantur,</strong></span> <span class='ocrx_word' id='word_1_275' title='bbox 1598 3566 1872 3620; x_wconf 75' lang='lat' dir='ltr'><strong>mutabant</strong></span> <span class='ocrx_word' id='word_1_276' title='bbox 1909 3566 2151 3621; x_wconf 89' lang='lat' dir='ltr'><strong>homines</strong></span> <span class='ocrx_word' id='word_1_277' title='bbox 2187 3566 2242 3621; x_wconf 89' lang='lat' dir='ltr'><strong>in</strong></span> 
     </span>
    </p>
   </div>
   <div class='ocr_carea' id='block_1_38' title="bbox 659 3654 2240 3728">
    <p class='ocr_par' dir='ltr' id='par_1_38' title="bbox 659 3654 2240 3728">
     <span class='ocr_line' id='line_1_38' title="bbox 659 3654 2240 3728; baseline 0.003 -19"><span class='ocrx_word' id='word_1_278' title='bbox 659 3654 875 3710; x_wconf 77' lang='lat' dir='ltr'><strong>bestias.</strong></span> <span class='ocrx_word' id='word_1_279' title='bbox 907 3656 1015 3712; x_wconf 87' lang='lat' dir='ltr'><strong>Sed</strong></span> <span class='ocrx_word' id='word_1_280' title='bbox 1054 3657 1330 3713; x_wconf 80' lang='lat' dir='ltr'><strong>videamus</strong></span> <span class='ocrx_word' id='word_1_281' title='bbox 1358 3657 1646 3727; x_wconf 92' lang='lat' dir='ltr'><strong>quomodo.</strong></span> <span class='ocrx_word' id='word_1_282' title='bbox 1705 3658 1995 3713; x_wconf 90' lang='lat' dir='ltr'><strong>Gentilium</strong></span> <span class='ocrx_word' id='word_1_283' title='bbox 2024 3658 2240 3728; x_wconf 91' lang='lat' dir='ltr'><strong>quidem</strong></span> 
     </span>
    </p>
   </div>
   <div class='ocr_carea' id='block_1_39' title="bbox 659 3748 2240 3818">
    <p class='ocr_par' dir='ltr' id='par_1_39' title="bbox 659 3748 2240 3818">
     <span class='ocr_line' id='line_1_39' title="bbox 659 3748 2240 3818; baseline 0.003 -18"><span class='ocrx_word' id='word_1_284' title='bbox 659 3748 1122 3818; x_wconf 85' lang='lat' dir='ltr'><strong>metamorphoses</strong></span> <span class='ocrx_word' id='word_1_285' title='bbox 1147 3748 1339 3804; x_wconf 74' lang='lat' dir='ltr'><strong>fabula:</strong></span> <span class='ocrx_word' id='word_1_286' title='bbox 1367 3758 1553 3814; x_wconf 87' lang='lat' dir='ltr'><strong>erant;</strong></span> <span class='ocrx_word' id='word_1_287' title='bbox 1586 3750 1686 3803; x_wconf 87' lang='lat' dir='ltr'><strong>ista</strong></span> <span class='ocrx_word' id='word_1_288' title='bbox 1729 3759 1908 3805; x_wconf 90' lang='lat' dir='ltr'><strong>autem</strong></span> <span class='ocrx_word' id='word_1_289' title='bbox 1943 3764 2067 3804; x_wconf 83' lang='lat' dir='ltr'><strong>vera</strong></span> <span class='ocrx_word' id='word_1_290' title='bbox 2094 3759 2240 3804; x_wconf 89' lang='lat' dir='ltr'><strong>sunt.</strong></span> 
     </span>
    </p>
   </div>
   <div class='ocr_carea' id='block_1_40' title="bbox 655 3837 2238 3904">
    <p class='ocr_par' dir='ltr' id='par_1_40' title="bbox 655 3837 2238 3904">
     <span class='ocr_line' id='line_1_40' title="bbox 655 3837 2238 3904; baseline 0.004 -14"><span class='ocrx_word' id='word_1_291' title='bbox 655 3837 770 3904; x_wconf 86' lang='lat' dir='ltr'><strong>Qua</strong></span> <span class='ocrx_word' id='word_1_292' title='bbox 795 3839 935 3893; x_wconf 86' lang='lat' dir='ltr'><strong>enim</strong></span> <span class='ocrx_word' id='word_1_293' title='bbox 958 3839 1024 3895; x_wconf 90' lang='lat' dir='ltr'><strong>de</strong></span> <span class='ocrx_word' id='word_1_294' title='bbox 1044 3855 1202 3895; x_wconf 87' lang='lat' dir='ltr'><strong>causa</strong></span> <span class='ocrx_word' id='word_1_295' title='bbox 1226 3840 1471 3897; x_wconf 88' lang='lat' dir='ltr'><strong>homines</strong></span> <span class='ocrx_word' id='word_1_296' title='bbox 1494 3842 1615 3896; x_wconf 91' lang='lat' dir='ltr'><strong>illos</strong></span> <span class='ocrx_word' id='word_1_297' title='bbox 1649 3844 2026 3898; x_wconf 84' lang='lat' dir='ltr'><strong>mutaverunt?</strong></span> <span class='ocrx_word' id='word_1_298' title='bbox 2052 3842 2238 3897; x_wconf 87' lang='lat' dir='ltr'><strong>Nulla:</strong></span> 
     </span>
    </p>
   </div>
   <div class='ocr_carea' id='block_1_41' title="bbox 658 3930 2241 4007">
    <p class='ocr_par' dir='ltr' id='par_1_41' title="bbox 658 3930 2241 4007">
     <span class='ocr_line' id='line_1_41' title="bbox 658 3930 2241 4007; baseline 0.004 -24"><span class='ocrx_word' id='word_1_299' title='bbox 658 3941 713 3983; x_wconf 84' lang='lat' dir='ltr'><strong>at</strong></span> <span class='ocrx_word' id='word_1_300' title='bbox 744 3930 1023 4000; x_wconf 82' lang='lat' dir='ltr'><strong>Scriptura</strong></span> <span class='ocrx_word' id='word_1_301' title='bbox 1053 3948 1267 3987; x_wconf 86' lang='lat' dir='ltr'><strong>causam</strong></span> <span class='ocrx_word' id='word_1_302' title='bbox 1292 3949 1507 4004; x_wconf 82' lang='lat' dir='ltr'><strong>quoque</strong></span> <span class='ocrx_word' id='word_1_303' title='bbox 1553 3933 1791 4004; x_wconf 81' lang='lat' dir='ltr'><strong>profert:</strong></span> <span class='ocrx_word' id='word_1_304' title='bbox 1827 3935 1895 3989; x_wconf 93' lang='lat' dir='ltr'><strong>Ut</strong></span> <span class='ocrx_word' id='word_1_305' title='bbox 1933 3945 2241 4007; x_wconf 80' lang='lat' dir='ltr'><strong>cognoscant</strong></span> 
     </span>
    </p>
   </div>
   <div class='ocr_carea' id='block_1_42' title="bbox 656 4022 2244 4096">
    <p class='ocr_par' dir='ltr' id='par_1_42' title="bbox 656 4022 2244 4096">
     <span class='ocr_line' id='line_1_42' title="bbox 656 4022 2244 4096; baseline 0.008 -25"><span class='ocrx_word' id='word_1_306' title='bbox 656 4022 988 4092; x_wconf 48' lang='lat' dir='ltr'><strong>omnes,&#39;quia</strong></span> <span class='ocrx_word' id='word_1_307' title='bbox 1009 4023 1299 4076; x_wconf 82' lang='lat' dir='ltr'><strong>dominatur</strong></span> <span class='ocrx_word' id='word_1_308' title='bbox 1314 4024 1601 4080; x_wconf 76' lang='lat' dir='ltr'><strong>Altissimus</strong></span> <span class='ocrx_word' id='word_1_309' title='bbox 1622 4042 1775 4096; x_wconf 86' lang='lat' dir='ltr'><strong>regno</strong></span> <span class='ocrx_word' id='word_1_310' title='bbox 1797 4026 2244 4084; x_wconf 83' lang='lat' dir='ltr'><strong>hominum.Vides</strong></span> 
     </span>
    </p>
   </div>
   <div class='ocr_carea' id='block_1_43' title="bbox 660 4112 2244 4184">
    <p class='ocr_par' dir='ltr' id='par_1_43' title="bbox 660 4112 2244 4184">
     <span class='ocr_line' id='line_1_43' title="bbox 660 4112 2244 4184; baseline 0.008 -20"><span class='ocrx_word' id='word_1_311' title='bbox 660 4113 926 4167; x_wconf 77' lang='lat' dir='ltr'><strong>utomnia</strong></span> <span class='ocrx_word' id='word_1_312' title='bbox 978 4112 1088 4168; x_wconf 86' lang='lat' dir='ltr'><strong>Deo</strong></span> <span class='ocrx_word' id='word_1_313' title='bbox 1141 4114 1415 4184; x_wconf 85' lang='lat' dir='ltr'><strong>possibilia</strong></span> <span class='ocrx_word' id='word_1_314' title='bbox 1443 4116 1588 4170; x_wconf 87' lang='lat' dir='ltr'><strong>sint?</strong></span> <span class='ocrx_word' id='word_1_315' title='bbox 1638 4118 1795 4170; x_wconf 86' lang='lat' dir='ltr'><strong>etiam</strong></span> <span class='ocrx_word' id='word_1_316' title='bbox 1843 4134 1905 4172; x_wconf 83' lang='lat' dir='ltr'><strong>ex</strong></span> <span class='ocrx_word' id='word_1_317' title='bbox 1939 4118 2244 4176; x_wconf 88' lang='lat' dir='ltr'><strong>hominibus</strong></span> 
     </span>
    </p>
   </div>
   <div class='ocr_carea' id='block_1_44' title="bbox 660 4202 2244 4282">
    <p class='ocr_par' dir='ltr' id='par_1_44' title="bbox 660 4202 2244 4282">
     <span class='ocr_line' id='line_1_44' title="bbox 660 4202 2244 4282; baseline 0.004 -23"><span class='ocrx_word' id='word_1_318' title='bbox 660 4202 859 4259; x_wconf 81' lang='lat' dir='ltr'><strong>bestias</strong></span> <span class='ocrx_word' id='word_1_319' title='bbox 885 4204 1080 4273; x_wconf 86' lang='lat' dir='ltr'><strong>facere,</strong></span> <span class='ocrx_word' id='word_1_320' title='bbox 1112 4216 1167 4263; x_wconf 90' lang='lat' dir='ltr'><strong>et</strong></span> <span class='ocrx_word' id='word_1_321' title='bbox 1191 4215 1422 4263; x_wconf 83' lang='lat' dir='ltr'><strong>mentem</strong></span> <span class='ocrx_word' id='word_1_322' title='bbox 1452 4211 1693 4265; x_wconf 87' lang='lat' dir='ltr'><strong>mutare?</strong></span> <span class='ocrx_word' id='word_1_323' title='bbox 1721 4211 1907 4282; x_wconf 87' lang='lat' dir='ltr'><strong>Cogita</strong></span> <span class='ocrx_word' id='word_1_324' title='bbox 1935 4222 2130 4281; x_wconf 86' lang='lat' dir='ltr'><strong>quanta</strong></span> <span class='ocrx_word' id='word_1_325' title='bbox 2158 4228 2244 4267; x_wconf 88' lang='lat' dir='ltr'><strong>res</strong></span> 
     </span>
    </p>
   </div>
   <div class='ocr_carea' id='block_1_45' title="bbox 662 4299 2244 4370">
    <p class='ocr_par' dir='ltr' id='par_1_45' title="bbox 662 4299 2244 4370">
     <span class='ocr_line' id='line_1_45' title="bbox 662 4299 2244 4370; baseline 0.004 -21"><span class='ocrx_word' id='word_1_326' title='bbox 662 4305 809 4350; x_wconf 85' lang='lat' dir='ltr'><strong>esset</strong></span> <span class='ocrx_word' id='word_1_327' title='bbox 832 4311 977 4359; x_wconf 91' lang='lat' dir='ltr'><strong>eum,</strong></span> <span class='ocrx_word' id='word_1_328' title='bbox 1003 4299 1091 4367; x_wconf 88' lang='lat' dir='ltr'><strong>qui</strong></span> <span class='ocrx_word' id='word_1_329' title='bbox 1120 4308 1275 4353; x_wconf 85' lang='lat' dir='ltr'><strong>antea</strong></span> <span class='ocrx_word' id='word_1_330' title='bbox 1302 4300 1354 4353; x_wconf 86' lang='lat' dir='ltr'><strong>in</strong></span> <span class='ocrx_word' id='word_1_331' title='bbox 1378 4301 1836 4370; x_wconf 83' lang='lat' dir='ltr'><strong>tantosplendore</strong></span> <span class='ocrx_word' id='word_1_332' title='bbox 1867 4303 2103 4367; x_wconf 71' lang='lat' dir='ltr'><strong>vixisset,</strong></span> <span class='ocrx_word' id='word_1_333' title='bbox 2126 4319 2244 4359; x_wconf 91' lang='lat' dir='ltr'><strong>cer-</strong></span> 
     </span>
    </p>
   </div>
   <div class='ocr_carea' id='block_1_46' title="bbox 664 4387 2245 4464">
    <p class='ocr_par' dir='ltr' id='par_1_46' title="bbox 664 4387 2245 4464">
     <span class='ocr_line' id='line_1_46' title="bbox 664 4387 2245 4464; baseline 0.005 -24"><span class='ocrx_word' id='word_1_334' title='bbox 664 4400 796 4440; x_wconf 89' lang='lat' dir='ltr'><strong>nere</strong></span> <span class='ocrx_word' id='word_1_335' title='bbox 816 4402 934 4441; x_wconf 90' lang='lat' dir='ltr'><strong>eum</strong></span> <span class='ocrx_word' id='word_1_336' title='bbox 966 4387 1147 4443; x_wconf 88' lang='lat' dir='ltr'><strong>bestiis</strong></span> <span class='ocrx_word' id='word_1_337' title='bbox 1168 4388 1470 4459; x_wconf 81' lang='lat' dir='ltr'><strong>degentem,</strong></span> <span class='ocrx_word' id='word_1_338' title='bbox 1505 4391 1725 4449; x_wconf 93' lang='lat' dir='ltr'><strong>nudum.</strong></span> <span class='ocrx_word' id='word_1_339' title='bbox 1752 4392 1866 4447; x_wconf 82' lang='lat' dir='ltr'><strong>Non</strong></span> <span class='ocrx_word' id='word_1_340' title='bbox 1894 4394 2035 4447; x_wconf 87' lang='lat' dir='ltr'><strong>enim</strong></span> <span class='ocrx_word' id='word_1_341' title='bbox 2064 4395 2245 4464; x_wconf 87' lang='lat' dir='ltr'><strong>utique</strong></span> 
     </span>
    </p>
   </div>
   <div class='ocr_carea' id='block_1_47' title="bbox 664 4475 2244 4552">
    <p class='ocr_par' dir='ltr' id='par_1_47' title="bbox 664 4475 2244 4552">
     <span class='ocr_line' id='line_1_47' title="bbox 664 4475 2244 4552; baseline 0.005 -21"><span class='ocrx_word' id='word_1_342' title='bbox 664 4475 892 4532; x_wconf 88' lang='lat' dir='ltr'><strong>formam</strong></span> <span class='ocrx_word' id='word_1_343' title='bbox 926 4481 1180 4546; x_wconf 90' lang='lat' dir='ltr'><strong>mutavit;</strong></span> <span class='ocrx_word' id='word_1_344' title='bbox 1212 4482 1638 4552; x_wconf 88' lang='lat' dir='ltr'><strong>quandoquidem</strong></span> <span class='ocrx_word' id='word_1_345' title='bbox 1678 4482 1729 4537; x_wconf 92' lang='lat' dir='ltr'><strong>id</strong></span> <span class='ocrx_word' id='word_1_346' title='bbox 1773 4484 2097 4539; x_wconf 88' lang='lat' dir='ltr'><strong>horrendum</strong></span> <span class='ocrx_word' id='word_1_347' title='bbox 2139 4502 2244 4539; x_wconf 86' lang='lat' dir='ltr'><strong>non</strong></span> 
     </span>
    </p>
   </div>
   <div class='ocr_carea' id='block_1_48' title="bbox 664 4568 2243 4643">
    <p class='ocr_par' dir='ltr' id='par_1_48' title="bbox 664 4568 2243 4643">
     <span class='ocr_line' id='line_1_48' title="bbox 664 4568 2243 4643; baseline 0.004 -20"><span class='ocrx_word' id='word_1_348' title='bbox 664 4568 874 4624; x_wconf 74' lang='lat' dir='ltr'><strong>fuisset.</strong></span> <span class='ocrx_word' id='word_1_349' title='bbox 915 4570 1019 4625; x_wconf 90' lang='lat' dir='ltr'><strong>Cor</strong></span> <span class='ocrx_word' id='word_1_350' title='bbox 1047 4582 1223 4627; x_wconf 91' lang='lat' dir='ltr'><strong>autem</strong></span> <span class='ocrx_word' id='word_1_351' title='bbox 1250 4574 1433 4629; x_wconf 65' lang='lat' dir='ltr'><strong>bestia:</strong></span> <span class='ocrx_word' id='word_1_352' title='bbox 1461 4574 1733 4643; x_wconf 91' lang='lat' dir='ltr'><strong>accepisse</strong></span> <span class='ocrx_word' id='word_1_353' title='bbox 1780 4591 1885 4629; x_wconf 91' lang='lat' dir='ltr'><strong>non</strong></span> <span class='ocrx_word' id='word_1_354' title='bbox 1930 4575 2050 4630; x_wconf 91' lang='lat' dir='ltr'><strong>ideo</strong></span> <span class='ocrx_word' id='word_1_355' title='bbox 2093 4576 2243 4640; x_wconf 80' lang='lat' dir='ltr'><strong>dicit,</strong></span> 
     </span>
    </p>
   </div>
   <div class='ocr_carea' id='block_1_49' title="bbox 666 4659 2246 4736">
    <p class='ocr_par' dir='ltr' id='par_1_49' title="bbox 666 4659 2246 4736">
     <span class='ocr_line' id='line_1_49' title="bbox 666 4659 2246 4736; baseline 0.006 -23"><span class='ocrx_word' id='word_1_356' title='bbox 666 4659 807 4729; x_wconf 87' lang='lat' dir='ltr'><strong>quod</strong></span> <span class='ocrx_word' id='word_1_357' title='bbox 856 4670 1035 4717; x_wconf 86' lang='lat' dir='ltr'><strong>mente</strong></span> <span class='ocrx_word' id='word_1_358' title='bbox 1084 4662 1245 4718; x_wconf 91' lang='lat' dir='ltr'><strong>fuerit</strong></span> <span class='ocrx_word' id='word_1_359' title='bbox 1295 4666 1576 4732; x_wconf 90' lang='lat' dir='ltr'><strong>alienatus,</strong></span> <span class='ocrx_word' id='word_1_360' title='bbox 1624 4666 1716 4720; x_wconf 90' lang='lat' dir='ltr'><strong>sed</strong></span> <span class='ocrx_word' id='word_1_361' title='bbox 1763 4666 1903 4736; x_wconf 89' lang='lat' dir='ltr'><strong>quod</strong></span> <span class='ocrx_word' id='word_1_362' title='bbox 1956 4666 2246 4722; x_wconf 88' lang='lat' dir='ltr'><strong>humanum</strong></span> 
     </span>
    </p>
   </div>
   <div class='ocr_carea' id='block_1_50' title="bbox 666 4750 2247 4815">
    <p class='ocr_par' dir='ltr' id='par_1_50' title="bbox 666 4750 2247 4815">
     <span class='ocr_line' id='line_1_50' title="bbox 666 4750 2247 4815; baseline 0.006 -13"><span class='ocrx_word' id='word_1_363' title='bbox 666 4750 904 4805; x_wconf 88' lang='lat' dir='ltr'><strong>animum</strong></span> <span class='ocrx_word' id='word_1_364' title='bbox 937 4751 1154 4815; x_wconf 89' lang='lat' dir='ltr'><strong>habens,</strong></span> <span class='ocrx_word' id='word_1_365' title='bbox 1196 4764 1388 4809; x_wconf 90' lang='lat' dir='ltr'><strong>cuncta</strong></span> <span class='ocrx_word' id='word_1_366' title='bbox 1432 4761 1671 4810; x_wconf 89' lang='lat' dir='ltr'><strong>sentiret.</strong></span> <span class='ocrx_word' id='word_1_367' title='bbox 1716 4756 1847 4810; x_wconf 87' lang='lat' dir='ltr'><strong>Nam</strong></span> <span class='ocrx_word' id='word_1_368' title='bbox 1879 4757 1923 4811; x_wconf 92' lang='lat' dir='ltr'><strong>si</strong></span> <span class='ocrx_word' id='word_1_369' title='bbox 1954 4772 2247 4811; x_wconf 88' lang='lat' dir='ltr'><strong>conversus</strong></span> 
     </span>
    </p>
   </div>
   <div class='ocr_carea' id='block_1_51' title="bbox 666 4840 2243 4918">
    <p class='ocr_par' dir='ltr' id='par_1_51' title="bbox 666 4840 2243 4918">
     <span class='ocr_line' id='line_1_51' title="bbox 666 4840 2243 4918; baseline 0.006 -24"><span class='ocrx_word' id='word_1_370' title='bbox 666 4840 856 4897; x_wconf 88' lang='lat' dir='ltr'><strong>fuisset</strong></span> <span class='ocrx_word' id='word_1_371' title='bbox 883 4843 933 4896; x_wconf 94' lang='lat' dir='ltr'><strong>in</strong></span> <span class='ocrx_word' id='word_1_372' title='bbox 965 4843 1207 4907; x_wconf 87' lang='lat' dir='ltr'><strong>bestiam,</strong></span> <span class='ocrx_word' id='word_1_373' title='bbox 1236 4862 1297 4899; x_wconf 87' lang='lat' dir='ltr'><strong>ea</strong></span> <span class='ocrx_word' id='word_1_374' title='bbox 1324 4863 1442 4914; x_wconf 61' lang='lat' dir='ltr'><strong>quas</strong></span> <span class='ocrx_word' id='word_1_375' title='bbox 1483 4848 1799 4903; x_wconf 84' lang='lat' dir='ltr'><strong>eveniebant</strong></span> <span class='ocrx_word' id='word_1_376' title='bbox 1836 4865 1938 4902; x_wconf 93' lang='lat' dir='ltr'><strong>non</strong></span> <span class='ocrx_word' id='word_1_377' title='bbox 1961 4850 2243 4918; x_wconf 87' lang='lat' dir='ltr'><strong>cognovis-</strong></span> 
     </span>
    </p>
   </div>
   <div class='ocr_carea' id='block_1_52' title="bbox 664 4934 2246 5011">
    <p class='ocr_par' dir='ltr' id='par_1_52' title="bbox 664 4934 2246 5011">
     <span class='ocr_line' id='line_1_52' title="bbox 664 4934 2246 5011; baseline 0.004 -22"><span class='ocrx_word' id='word_1_378' title='bbox 664 4942 767 4989; x_wconf 90' lang='lat' dir='ltr'><strong>set.</strong></span> <span class='ocrx_word' id='word_1_379' title='bbox 792 4934 927 5002; x_wconf 91' lang='lat' dir='ltr'><strong>Quid</strong></span> <span class='ocrx_word' id='word_1_380' title='bbox 961 4935 1119 5004; x_wconf 83' lang='lat' dir='ltr'><strong>igitur</strong></span> <span class='ocrx_word' id='word_1_381' title='bbox 1147 4937 1427 5006; x_wconf 82' lang='lat' dir='ltr'><strong>signiﬁcat,</strong></span> <span class='ocrx_word' id='word_1_382' title='bbox 1457 4938 1556 4992; x_wconf 88' lang='lat' dir='ltr'><strong>Cor</strong></span> <span class='ocrx_word' id='word_1_383' title='bbox 1583 4941 1749 4993; x_wconf 70' lang='lat' dir='ltr'><strong>bestia:</strong></span> <span class='ocrx_word' id='word_1_384' title='bbox 1775 4941 1947 4994; x_wconf 84' lang='lat' dir='ltr'><strong>datum</strong></span> <span class='ocrx_word' id='word_1_385' title='bbox 1973 4949 2045 4994; x_wconf 86' lang='lat' dir='ltr'><strong>est</strong></span> <span class='ocrx_word' id='word_1_386' title='bbox 2071 4942 2115 4994; x_wconf 84' lang='lat' dir='ltr'><strong>ei</strong></span> <span class='ocrx_word' id='word_1_387' title='bbox 2137 4941 2246 5011; x_wconf 68' lang='lat' dir='ltr'><strong>ta)?</strong></span> 
     </span>
    </p>
   </div>
   <div class='ocr_carea' id='block_1_53' title="bbox 667 5022 2245 5097">
    <p class='ocr_par' dir='ltr' id='par_1_53' title="bbox 667 5022 2245 5097">
     <span class='ocr_line' id='line_1_53' title="bbox 667 5022 2245 5097; baseline 0.006 -18"><span class='ocrx_word' id='word_1_388' title='bbox 667 5022 723 5079; x_wconf 87' lang='lat' dir='ltr'><strong>Id</strong></span> <span class='ocrx_word' id='word_1_389' title='bbox 754 5035 856 5090; x_wconf 90' lang='lat' dir='ltr'><strong>est,</strong></span> <span class='ocrx_word' id='word_1_390' title='bbox 886 5027 1108 5097; x_wconf 80' lang='lat' dir='ltr'><strong>agrestis</strong></span> <span class='ocrx_word' id='word_1_391' title='bbox 1136 5043 1198 5082; x_wconf 91' lang='lat' dir='ltr'><strong>ac</strong></span> <span class='ocrx_word' id='word_1_392' title='bbox 1237 5027 1381 5084; x_wconf 90' lang='lat' dir='ltr'><strong>ferus</strong></span> <span class='ocrx_word' id='word_1_393' title='bbox 1414 5030 1602 5096; x_wconf 83' lang='lat' dir='ltr'><strong>evasit,</strong></span> <span class='ocrx_word' id='word_1_394' title='bbox 1632 5046 1731 5085; x_wconf 89' lang='lat' dir='ltr'><strong>nec</strong></span> <span class='ocrx_word' id='word_1_395' title='bbox 1760 5032 1969 5087; x_wconf 87' lang='lat' dir='ltr'><strong>volebat</strong></span> <span class='ocrx_word' id='word_1_396' title='bbox 1993 5048 2112 5087; x_wconf 91' lang='lat' dir='ltr'><strong>cum</strong></span> <span class='ocrx_word' id='word_1_397' title='bbox 2146 5033 2245 5088; x_wconf 86' lang='lat' dir='ltr'><strong>ho-</strong></span> 
     </span>
    </p>
   </div>
   <div class='ocr_carea' id='block_1_54' title="bbox 666 5117 2246 5185">
    <p class='ocr_par' dir='ltr' id='par_1_54' title="bbox 666 5117 2246 5185">
     <span class='ocr_line' id='line_1_54' title="bbox 666 5117 2246 5185; baseline 0.006 -15"><span class='ocrx_word' id='word_1_398' title='bbox 666 5117 901 5172; x_wconf 92' lang='lat' dir='ltr'><strong>minibus</strong></span> <span class='ocrx_word' id='word_1_399' title='bbox 927 5120 1126 5173; x_wconf 88' lang='lat' dir='ltr'><strong>versari</strong></span> <span class='ocrx_word' id='word_1_400' title='bbox 1154 5137 1168 5184; x_wconf 90' lang='lat'><strong>;</strong></span> <span class='ocrx_word' id='word_1_401' title='bbox 1218 5120 1299 5173; x_wconf 91' lang='lat' dir='ltr'><strong>vel</strong></span> <span class='ocrx_word' id='word_1_402' title='bbox 1344 5121 1526 5185; x_wconf 89' lang='lat' dir='ltr'><strong>etiam,</strong></span> <span class='ocrx_word' id='word_1_403' title='bbox 1552 5122 1771 5176; x_wconf 87' lang='lat' dir='ltr'><strong>timebat</strong></span> <span class='ocrx_word' id='word_1_404' title='bbox 1791 5138 1911 5177; x_wconf 90' lang='lat' dir='ltr'><strong>cum</strong></span> <span class='ocrx_word' id='word_1_405' title='bbox 1945 5124 2246 5180; x_wconf 88' lang='lat' dir='ltr'><strong>hominibus</strong></span> 
     </span>
    </p>
   </div>
   <div class='ocr_carea' id='block_1_55' title="bbox 665 5207 2247 5282">
    <p class='ocr_par' dir='ltr' id='par_1_55' title="bbox 665 5207 2247 5282">
     <span class='ocr_line' id='line_1_55' title="bbox 665 5207 2247 5282; baseline 0.007 -22"><span class='ocrx_word' id='word_1_406' title='bbox 665 5207 896 5278; x_wconf 88' lang='lat' dir='ltr'><strong>degere;</strong></span> <span class='ocrx_word' id='word_1_407' title='bbox 939 5209 1050 5275; x_wconf 89' lang='lat' dir='ltr'><strong>vel,</strong></span> <span class='ocrx_word' id='word_1_408' title='bbox 1080 5209 1323 5265; x_wconf 86' lang='lat' dir='ltr'><strong>homines</strong></span> <span class='ocrx_word' id='word_1_409' title='bbox 1359 5218 1419 5265; x_wconf 90' lang='lat' dir='ltr'><strong>ut</strong></span> <span class='ocrx_word' id='word_1_410' title='bbox 1445 5210 1586 5266; x_wconf 89' lang='lat' dir='ltr'><strong>feras</strong></span> <span class='ocrx_word' id='word_1_411' title='bbox 1616 5214 1904 5268; x_wconf 89' lang='lat' dir='ltr'><strong>metuebat.</strong></span> <span class='ocrx_word' id='word_1_412' title='bbox 1950 5215 2087 5282; x_wconf 85' lang='lat' dir='ltr'><strong>Quid</strong></span> <span class='ocrx_word' id='word_1_413' title='bbox 2134 5216 2247 5272; x_wconf 87' lang='lat' dir='ltr'><strong>fieri</strong></span> 
     </span>
    </p>
   </div>
   <div class='ocr_carea' id='block_1_56' title="bbox 664 5302 2248 5373">
    <p class='ocr_par' dir='ltr' id='par_1_56' title="bbox 664 5302 2248 5373">
     <span class='ocr_line' id='line_1_56' title="bbox 664 5302 2248 5373; baseline 0.008 -22"><span class='ocrx_word' id='word_1_414' title='bbox 664 5302 835 5369; x_wconf 84' lang='lat' dir='ltr'><strong>possit</strong></span> <span class='ocrx_word' id='word_1_415' title='bbox 878 5302 971 5355; x_wconf 92' lang='lat' dir='ltr'><strong>illo</strong></span> <span class='ocrx_word' id='word_1_416' title='bbox 998 5302 1319 5357; x_wconf 89' lang='lat' dir='ltr'><strong>sublimius?</strong></span> <span class='ocrx_word' id='word_1_417' title='bbox 1344 5302 1467 5373; x_wconf 92' lang='lat' dir='ltr'><strong>quid</strong></span> <span class='ocrx_word' id='word_1_418' title='bbox 1495 5303 1684 5358; x_wconf 91' lang='lat' dir='ltr'><strong>eodem</strong></span> <span class='ocrx_word' id='word_1_419' title='bbox 1731 5305 2020 5361; x_wconf 88' lang='lat' dir='ltr'><strong>humilius?</strong></span> <span class='ocrx_word' id='word_1_420' title='bbox 2064 5307 2134 5361; x_wconf 81' lang='lat' dir='ltr'><strong>Et</strong></span> <span class='ocrx_word' id='word_1_421' title='bbox 2160 5326 2248 5363; x_wconf 75' lang='lat' dir='ltr'><strong>ex-</strong></span> 
     </span>
    </p>
   </div>
   <div class='ocr_carea' id='block_1_57' title="bbox 666 5392 2248 5468">
    <p class='ocr_par' dir='ltr' id='par_1_57' title="bbox 666 5392 2248 5468">
     <span class='ocr_line' id='line_1_57' title="bbox 666 5392 2248 5468; baseline 0.01 -28"><span class='ocrx_word' id='word_1_422' title='bbox 666 5392 844 5459; x_wconf 83' lang='lat' dir='ltr'><strong>pulsus</strong></span> <span class='ocrx_word' id='word_1_423' title='bbox 872 5403 943 5446; x_wconf 83' lang='lat' dir='ltr'><strong>est</strong></span> <span class='ocrx_word' id='word_1_424' title='bbox 969 5394 1030 5446; x_wconf 90' lang='lat' dir='ltr'><strong>ab</strong></span> <span class='ocrx_word' id='word_1_425' title='bbox 1056 5394 1357 5448; x_wconf 75' lang='lat' dir='ltr'><strong>hominibus.</strong></span> <span class='ocrx_word' id='word_1_426' title='bbox 1394 5393 1665 5465; x_wconf 84' lang='lat' dir='ltr'><strong>Nusquam</strong></span> <span class='ocrx_word' id='word_1_427' title='bbox 1708 5397 1848 5453; x_wconf 87' lang='lat' dir='ltr'><strong>illius</strong></span> <span class='ocrx_word' id='word_1_428' title='bbox 1890 5402 2119 5468; x_wconf 86' lang='lat' dir='ltr'><strong>potentia</strong></span> <span class='ocrx_word' id='word_1_429' title='bbox 2151 5402 2248 5456; x_wconf 85' lang='lat' dir='ltr'><strong>de-</strong></span> 
     </span>
    </p>
   </div>
   <div class='ocr_carea' id='block_1_58' title="bbox 670 5481 2246 5552">
    <p class='ocr_par' dir='ltr' id='par_1_58' title="bbox 670 5481 2246 5552">
     <span class='ocr_line' id='line_1_58' title="bbox 670 5481 2246 5552; baseline 0.007 -17"><span class='ocrx_word' id='word_1_430' title='bbox 670 5481 839 5537; x_wconf 87' lang='lat' dir='ltr'><strong>fendit</strong></span> <span class='ocrx_word' id='word_1_431' title='bbox 885 5484 1050 5539; x_wconf 93' lang='lat' dir='ltr'><strong>illum.</strong></span> <span class='ocrx_word' id='word_1_432' title='bbox 1098 5485 1212 5540; x_wconf 86' lang='lat' dir='ltr'><strong>Non</strong></span> <span class='ocrx_word' id='word_1_433' title='bbox 1242 5495 1358 5540; x_wconf 88' lang='lat' dir='ltr'><strong>erat</strong></span> <span class='ocrx_word' id='word_1_434' title='bbox 1384 5487 1660 5541; x_wconf 89' lang='lat' dir='ltr'><strong>carnivora</strong></span> <span class='ocrx_word' id='word_1_435' title='bbox 1706 5488 1893 5552; x_wconf 87' lang='lat' dir='ltr'><strong>bestia,</strong></span> <span class='ocrx_word' id='word_1_436' title='bbox 1926 5491 2019 5545; x_wconf 92' lang='lat' dir='ltr'><strong>sed</strong></span> <span class='ocrx_word' id='word_1_437' title='bbox 2047 5494 2246 5546; x_wconf 78' lang='lat' dir='ltr'><strong>ftenum</strong></span> 
     </span>
    </p>
   </div>
   <div class='ocr_carea' id='block_1_59' title="bbox 667 5575 2245 5653">
    <p class='ocr_par' dir='ltr' id='par_1_59' title="bbox 667 5575 2245 5653">
     <span class='ocr_line' id='line_1_59' title="bbox 667 5575 2245 5653; baseline 0.008 -28"><span class='ocrx_word' id='word_1_438' title='bbox 667 5575 1001 5636; x_wconf 87' lang='lat' dir='ltr'><strong>comedebat.</strong></span> <span class='ocrx_word' id='word_1_439' title='bbox 1031 5585 1085 5631; x_wconf 88' lang='lat' dir='ltr'><strong>et</strong></span> <span class='ocrx_word' id='word_1_440' title='bbox 1113 5588 1229 5631; x_wconf 90' lang='lat' dir='ltr'><strong>erat</strong></span> <span class='ocrx_word' id='word_1_441' title='bbox 1274 5578 1447 5647; x_wconf 88' lang='lat' dir='ltr'><strong>imago</strong></span> <span class='ocrx_word' id='word_1_442' title='bbox 1492 5577 1653 5631; x_wconf 87' lang='lat' dir='ltr'><strong>bruti.</strong></span> <span class='ocrx_word' id='word_1_443' title='bbox 1686 5578 1755 5634; x_wconf 86' lang='lat' dir='ltr'><strong>Ut</strong></span> <span class='ocrx_word' id='word_1_444' title='bbox 1792 5582 2001 5645; x_wconf 88' lang='lat' dir='ltr'><strong>eredas,</strong></span> <span class='ocrx_word' id='word_1_445' title='bbox 2043 5584 2245 5653; x_wconf 89' lang='lat' dir='ltr'><strong>inquit:</strong></span> 
     </span>
    </p>
   </div>
   <div class='ocr_carea' id='block_1_60' title="bbox 669 5663 2248 5738">
    <p class='ocr_par' dir='ltr' id='par_1_60' title="bbox 669 5663 2248 5738">
     <span class='ocr_line' id='line_1_60' title="bbox 669 5663 2248 5738; baseline 0.01 -26"><span class='ocrx_word' id='word_1_446' title='bbox 669 5663 815 5716; x_wconf 86' lang='lat' dir='ltr'><strong>velut.</strong></span> <span class='ocrx_word' id='word_1_447' title='bbox 841 5679 936 5733; x_wconf 84' lang='lat' dir='ltr'><strong>pro</strong></span> <span class='ocrx_word' id='word_1_448' title='bbox 957 5676 1214 5721; x_wconf 86' lang='lat' dir='ltr'><strong>consueto</strong></span> <span class='ocrx_word' id='word_1_449' title='bbox 1244 5668 1435 5735; x_wconf 84' lang='lat' dir='ltr'><strong>pabulo</strong></span> <span class='ocrx_word' id='word_1_450' title='bbox 1466 5666 1684 5724; x_wconf 88' lang='lat' dir='ltr'><strong>habebis</strong></span> <span class='ocrx_word' id='word_1_451' title='bbox 1711 5671 1948 5727; x_wconf 85' lang='lat' dir='ltr'><strong>herbam.</strong></span> <span class='ocrx_word' id='word_1_452' title='bbox 1970 5672 2248 5738; x_wconf 87' lang='lat' dir='ltr'><strong>Quomodo</strong></span> 
     </span>
    </p>
   </div>
   <div class='ocr_carea' id='block_1_61' title="bbox 729 5796 2248 5867">
    <p class='ocr_par' dir='ltr' id='par_1_61' title="bbox 729 5796 2248 5867">
     <span class='ocr_line' id='line_1_61' title="bbox 729 5796 2248 5867; baseline 0.011 -23"><span class='ocrx_word' id='word_1_453' title='bbox 729 5796 806 5860; x_wconf 86' lang='lat' dir='ltr'><strong>(a)</strong></span> <span class='ocrx_word' id='word_1_454' title='bbox 838 5805 947 5847; x_wconf 64' lang='lat' dir='ltr'><strong>tunc</strong></span> <span class='ocrx_word' id='word_1_455' title='bbox 968 5802 1016 5848; x_wconf 94' lang='lat' dir='ltr'><strong>in</strong></span> <span class='ocrx_word' id='word_1_456' title='bbox 1051 5804 1288 5867; x_wconf 81' lang='lat' dir='ltr'><strong>S_c_riptura</strong></span> <span class='ocrx_word' id='word_1_457' title='bbox 1327 5816 1421 5854; x_wconf 84' lang='lat' dir='ltr'><strong>non</strong></span> <span class='ocrx_word' id='word_1_458' title='bbox 1461 5805 1699 5859; x_wconf 70' lang='lat' dir='ltr'><strong>habentur</strong></span> <span class='ocrx_word' id='word_1_459' title='bbox 1721 5849 1733 5867; x_wconf 81' lang='lat'><strong>,</strong></span> <span class='ocrx_word' id='word_1_460' title='bbox 1773 5809 1860 5859; x_wconf 92' lang='lat' dir='ltr'><strong>sed</strong></span> <span class='ocrx_word' id='word_1_461' title='bbox 1904 5809 1997 5859; x_wconf 88' lang='lat' dir='ltr'><strong>huc</strong></span> <span class='ocrx_word' id='word_1_462' title='bbox 2034 5810 2248 5861; x_wconf 86' lang='lat' dir='ltr'><strong>traducta</strong></span> 
     </span>
    </p>
   </div>
   <div class='ocr_carea' id='block_1_62' title="bbox 668 5864 1139 5912">
    <p class='ocr_par' dir='ltr' id='par_1_62' title="bbox 668 5864 1139 5912">
     <span class='ocr_line' id='line_1_62' title="bbox 668 5864 1139 5912; baseline 0.004 -5"><span class='ocrx_word' id='word_1_463' title='bbox 668 5870 780 5909; x_wconf 79' lang='lat' dir='ltr'><strong>sunt</strong></span> <span class='ocrx_word' id='word_1_464' title='bbox 804 5874 865 5909; x_wconf 79' lang='lat' dir='ltr'><strong>ex</strong></span> <span class='ocrx_word' id='word_1_465' title='bbox 892 5874 1035 5911; x_wconf 83' lang='lat' dir='ltr'><strong>versu</strong></span> <span class='ocrx_word' id='word_1_466' title='bbox 1064 5864 1139 5912; x_wconf 85' lang='grc'><strong>15.</strong></span> 
     </span>
    </p>
   </div>
   <div class='ocr_carea' id='block_1_63' title="bbox 1367 414 3846 487">
    <p class='ocr_par' dir='ltr' id='par_1_63' title="bbox 1367 414 3846 487">
     <span class='ocr_line' id='line_1_63' title="bbox 1367 414 3846 487; baseline -0.008 -2"><span class='ocrx_word' id='word_1_467' title='bbox 1367 430 1421 487; x_wconf 87' lang='lat' dir='ltr'><strong>S.</strong></span> <span class='ocrx_word' id='word_1_468' title='bbox 1461 423 1736 485; x_wconf 26' lang='lat' dir='ltr'><strong>JOA’NNIS</strong></span> <span class='ocrx_word' id='word_1_469' title='bbox 1771 417 2242 480; x_wconf 78' lang='lat' dir='ltr'><strong>CililYSOSTOMl</strong></span> <span class='ocrx_word' id='word_1_470' title='bbox 2284 418 2594 474; x_wconf 76' lang='lat' dir='ltr'><strong>ARCHIEP.</strong></span> <span class='ocrx_word' id='word_1_471' title='bbox 2636 414 3156 473; x_wconf 79' lang='lat' dir='ltr'><strong>CONSTANTINOP.</strong></span> <span class='ocrx_word' id='word_1_472' title='bbox 3753 425 3846 481; x_wconf 59' lang='grc' dir='ltr'><strong>Ἀθ</strong></span> 
     </span>
    </p>
   </div>
   <div class='ocr_carea' id='block_1_64' title="bbox 2331 531 3851 604">
    <p class='ocr_par' dir='ltr' id='par_1_64' title="bbox 2331 531 3851 604">
     <span class='ocr_line' id='line_1_64' title="bbox 2331 531 3851 604; baseline 0.005 -19"><span class='ocrx_word' id='word_1_473' title='bbox 2331 533 2455 588; x_wconf 69' lang='lat' dir='ltr'><strong>ferre</strong></span> <span class='ocrx_word' id='word_1_474' title='bbox 2499 534 2644 588; x_wconf 93' lang='lat' dir='ltr'><strong>illum</strong></span> <span class='ocrx_word' id='word_1_475' title='bbox 2690 549 2795 587; x_wconf 92' lang='lat' dir='ltr'><strong>non</strong></span> <span class='ocrx_word' id='word_1_476' title='bbox 2826 531 3181 587; x_wconf 75' lang='lat' dir='ltr'><strong>devorarent?</strong></span> <span class='ocrx_word' id='word_1_477' title='bbox 3223 534 3479 601; x_wconf 82' lang='lat' dir='ltr'><strong>quomodo</strong></span> <span class='ocrx_word' id='word_1_478' title='bbox 3522 549 3702 604; x_wconf 88' lang='lat' dir='ltr'><strong>corpus</strong></span> <span class='ocrx_word' id='word_1_479' title='bbox 3729 540 3851 593; x_wconf 81' lang='lat' dir='ltr'><strong>illius</strong></span> 
     </span>
    </p>
   </div>
   <div class='ocr_carea' id='block_1_65' title="bbox 2326 627 3944 697">
    <p class='ocr_par' dir='ltr' id='par_1_65' title="bbox 2326 627 3944 697">
     <span class='ocr_line' id='line_1_65' title="bbox 2326 627 3944 697; baseline 0.004 -16"><span class='ocrx_word' id='word_1_480' title='bbox 2326 628 2474 683; x_wconf 90' lang='lat' dir='ltr'><strong>cibos</strong></span> <span class='ocrx_word' id='word_1_481' title='bbox 2524 627 2788 697; x_wconf 86' lang='lat' dir='ltr'><strong>ejusmodi</strong></span> <span class='ocrx_word' id='word_1_482' title='bbox 2842 628 3012 696; x_wconf 91' lang='lat' dir='ltr'><strong>potuit</strong></span> <span class='ocrx_word' id='word_1_483' title='bbox 3068 628 3430 695; x_wconf 87' lang='lat' dir='ltr'><strong>concoquere?</strong></span> <span class='ocrx_word' id='word_1_484' title='bbox 3472 631 3719 697; x_wconf 89' lang='lat' dir='ltr'><strong>quomodo</strong></span> <span class='ocrx_word' id='word_1_485' title='bbox 3761 648 3861 687; x_wconf 20' lang='lat' dir='ltr'><strong>non.</strong></span> <span class='ocrx_word' id='word_1_486' title='bbox 3919 647 3944 671; x_wconf 85' lang='grc' dir='ltr'><strong>ι·</strong></span> 
     </span>
    </p>
   </div>
   <div class='ocr_carea' id='block_1_66' title="bbox 2329 719 3853 789">
    <p class='ocr_par' dir='ltr' id='par_1_66' title="bbox 2329 719 3853 789">
     <span class='ocr_line' id='line_1_66' title="bbox 2329 719 3853 789; baseline 0.004 -16"><span class='ocrx_word' id='word_1_487' title='bbox 2329 721 2523 789; x_wconf 88' lang='lat' dir='ltr'><strong>periit?</strong></span> <span class='ocrx_word' id='word_1_488' title='bbox 2565 720 2745 789; x_wconf 88' lang='lat' dir='ltr'><strong>Neque</strong></span> <span class='ocrx_word' id='word_1_489' title='bbox 2775 720 2916 774; x_wconf 89' lang='lat' dir='ltr'><strong>enim</strong></span> <span class='ocrx_word' id='word_1_490' title='bbox 2961 719 3125 775; x_wconf 89' lang='lat' dir='ltr'><strong>breve</strong></span> <span class='ocrx_word' id='word_1_491' title='bbox 3171 728 3377 788; x_wconf 91' lang='lat' dir='ltr'><strong>tempus</strong></span> <span class='ocrx_word' id='word_1_492' title='bbox 3420 720 3697 776; x_wconf 88' lang='lat' dir='ltr'><strong>intercessit</strong></span> <span class='ocrx_word' id='word_1_493' title='bbox 3723 741 3734 775; x_wconf 90' lang='lat'>:</span> <span class='ocrx_word' id='word_1_494' title='bbox 3759 725 3853 779; x_wconf 89' lang='lat' dir='ltr'><strong>cir-</strong></span> 
     </span>
    </p>
   </div>
   <div class='ocr_carea' id='block_1_67' title="bbox 2328 811 3859 880">
    <p class='ocr_par' dir='ltr' id='par_1_67' title="bbox 2328 811 3859 880">
     <span class='ocr_line' id='line_1_67' title="bbox 2328 811 3859 880; baseline 0.003 -14"><span class='ocrx_word' id='word_1_495' title='bbox 2328 813 2523 876; x_wconf 87' lang='lat' dir='ltr'><strong>cuihat,</strong></span> <span class='ocrx_word' id='word_1_496' title='bbox 2553 813 2801 866; x_wconf 90' lang='lat' dir='ltr'><strong>omnibus</strong></span> <span class='ocrx_word' id='word_1_497' title='bbox 2832 811 3003 866; x_wconf 88' lang='lat' dir='ltr'><strong>factus</strong></span> <span class='ocrx_word' id='word_1_498' title='bbox 3029 813 3324 880; x_wconf 84' lang='lat' dir='ltr'><strong>exemplum</strong></span> <span class='ocrx_word' id='word_1_499' title='bbox 3352 811 3664 878; x_wconf 84' lang='lat' dir='ltr'><strong>humilitatis,</strong></span> <span class='ocrx_word' id='word_1_500' title='bbox 3693 816 3740 869; x_wconf 91' lang='lat' dir='ltr'><strong>in</strong></span> <span class='ocrx_word' id='word_1_501' title='bbox 3778 831 3859 872; x_wconf 78' lang='lat' dir='ltr'><strong>se-</strong></span> 
     </span>
    </p>
   </div>
   <div class='ocr_carea' id='block_1_68' title="bbox 2328 903 3853 973">
    <p class='ocr_par' dir='ltr' id='par_1_68' title="bbox 2328 903 3853 973">
     <span class='ocr_line' id='line_1_68' title="bbox 2328 903 3853 973; baseline 0.002 -15"><span class='ocrx_word' id='word_1_502' title='bbox 2328 906 2447 973; x_wconf 79' lang='lat' dir='ltr'><strong>ipso</strong></span> <span class='ocrx_word' id='word_1_503' title='bbox 2476 904 2654 958; x_wconf 86' lang='lat' dir='ltr'><strong>ferens</strong></span> <span class='ocrx_word' id='word_1_504' title='bbox 2681 903 2871 958; x_wconf 89' lang='lat' dir='ltr'><strong>indicia</strong></span> <span class='ocrx_word' id='word_1_505' title='bbox 2899 903 3210 972; x_wconf 89' lang='lat' dir='ltr'><strong>punitionis,</strong></span> <span class='ocrx_word' id='word_1_506' title='bbox 3238 903 3664 972; x_wconf 80' lang='lat' dir='ltr'><strong>quemadmodum</strong></span> <span class='ocrx_word' id='word_1_507' title='bbox 3691 920 3853 961; x_wconf 83' lang='lat' dir='ltr'><strong>servus</strong></span> 
     </span>
    </p>
   </div>
   <div class='ocr_carea' id='block_1_69' title="bbox 2328 995 3858 1064">
    <p class='ocr_par' dir='ltr' id='par_1_69' title="bbox 2328 995 3858 1064">
     <span class='ocr_line' id='line_1_69' title="bbox 2328 995 3858 1064; baseline 0.001 -13"><span class='ocrx_word' id='word_1_508' title='bbox 2328 996 2470 1051; x_wconf 91' lang='lat' dir='ltr'><strong>notis</strong></span> <span class='ocrx_word' id='word_1_509' title='bbox 2504 1004 2868 1063; x_wconf 90' lang='lat' dir='ltr'><strong>compunctus.</strong></span> <span class='ocrx_word' id='word_1_510' title='bbox 2902 998 2972 1050; x_wconf 85' lang='lat' dir='ltr'><strong>At</strong></span> <span class='ocrx_word' id='word_1_511' title='bbox 3003 1003 3148 1050; x_wconf 89' lang='lat' dir='ltr'><strong>certe</strong></span> <span class='ocrx_word' id='word_1_512' title='bbox 3187 996 3529 1064; x_wconf 64' lang='lat' dir='ltr'><strong>praestitisset,</strong></span> <span class='ocrx_word' id='word_1_513' title='bbox 3554 995 3730 1051; x_wconf 80' lang='lat' dir='ltr'><strong>dixerit</strong></span> <span class='ocrx_word' id='word_1_514' title='bbox 3762 996 3858 1052; x_wconf 85' lang='lat' dir='ltr'><strong>for-</strong></span> 
     </span>
    </p>
   </div>
   <div class='ocr_carea' id='block_1_70' title="bbox 2331 1085 3858 1157">
    <p class='ocr_par' dir='ltr' id='par_1_70' title="bbox 2331 1085 3858 1157">
     <span class='ocr_line' id='line_1_70' title="bbox 2331 1085 3858 1157; baseline 0.003 -18"><span class='ocrx_word' id='word_1_515' title='bbox 2331 1097 2471 1142; x_wconf 91' lang='lat' dir='ltr'><strong>tasse</strong></span> <span class='ocrx_word' id='word_1_516' title='bbox 2495 1088 2707 1156; x_wconf 88' lang='lat' dir='ltr'><strong>aliquis,</strong></span> <span class='ocrx_word' id='word_1_517' title='bbox 2733 1102 2853 1140; x_wconf 92' lang='lat' dir='ltr'><strong>cum</strong></span> <span class='ocrx_word' id='word_1_518' title='bbox 2889 1085 3197 1141; x_wconf 90' lang='lat' dir='ltr'><strong>hominibus</strong></span> <span class='ocrx_word' id='word_1_519' title='bbox 3235 1086 3376 1140; x_wconf 92' lang='lat' dir='ltr'><strong>illum</strong></span> <span class='ocrx_word' id='word_1_520' title='bbox 3403 1088 3615 1149; x_wconf 82' lang='lat' dir='ltr'><strong>versari,</strong></span> <span class='ocrx_word' id='word_1_521' title='bbox 3641 1098 3782 1157; x_wconf 91' lang='lat' dir='ltr'><strong>atque</strong></span> <span class='ocrx_word' id='word_1_522' title='bbox 3814 1089 3858 1144; x_wconf 88' lang='lat' dir='ltr'><strong>id</strong></span> 
     </span>
    </p>
   </div>
   <div class='ocr_carea' id='block_1_71' title="bbox 2330 1178 3859 1249">
    <p class='ocr_par' dir='ltr' id='par_1_71' title="bbox 2330 1178 3859 1249">
     <span class='ocr_line' id='line_1_71' title="bbox 2330 1178 3859 1249; baseline -0.001 -16"><span class='ocrx_word' id='word_1_523' title='bbox 2330 1182 2436 1249; x_wconf 88' lang='lat' dir='ltr'><strong>pati</strong></span> <span class='ocrx_word' id='word_1_524' title='bbox 2462 1198 2475 1233; x_wconf 88' lang='lat'>:</span> <span class='ocrx_word' id='word_1_525' title='bbox 2509 1180 2601 1234; x_wconf 91' lang='lat' dir='ltr'><strong>sed</strong></span> <span class='ocrx_word' id='word_1_526' title='bbox 2626 1190 2681 1233; x_wconf 84' lang='grc' dir='ltr'><strong>ιιι</strong></span> <span class='ocrx_word' id='word_1_527' title='bbox 2710 1194 2864 1248; x_wconf 77' lang='lat' dir='ltr'><strong>pcena</strong></span> <span class='ocrx_word' id='word_1_528' title='bbox 2908 1180 3007 1248; x_wconf 91' lang='lat' dir='ltr'><strong>ipsi</strong></span> <span class='ocrx_word' id='word_1_529' title='bbox 3035 1178 3404 1247; x_wconf 88' lang='lat' dir='ltr'><strong>adaugeretur,</strong></span> <span class='ocrx_word' id='word_1_530' title='bbox 3436 1178 3533 1231; x_wconf 90' lang='lat' dir='ltr'><strong>hoc</strong></span> <span class='ocrx_word' id='word_1_531' title='bbox 3563 1178 3736 1235; x_wconf 84' lang='lat' dir='ltr'><strong>factum</strong></span> <span class='ocrx_word' id='word_1_532' title='bbox 3772 1190 3859 1234; x_wconf 91' lang='lat' dir='ltr'><strong>est.</strong></span> 
     </span>
    </p>
   </div>
   <div class='ocr_carea' id='block_1_72' title="bbox 2328 1272 3860 1343">
    <p class='ocr_par' dir='ltr' id='par_1_72' title="bbox 2328 1272 3860 1343">
     <span class='ocr_line' id='line_1_72' title="bbox 2328 1272 3860 1343; baseline 0.001 -16"><span class='ocrx_word' id='word_1_533' title='bbox 2328 1273 2459 1327; x_wconf 89' lang='lat' dir='ltr'><strong>Nam</strong></span> <span class='ocrx_word' id='word_1_534' title='bbox 2483 1274 2760 1342; x_wconf 84' lang='lat' dir='ltr'><strong>castigatio</strong></span> <span class='ocrx_word' id='word_1_535' title='bbox 2800 1272 3020 1343; x_wconf 89' lang='lat' dir='ltr'><strong>perinde</strong></span> <span class='ocrx_word' id='word_1_536' title='bbox 3056 1273 3326 1338; x_wconf 90' lang='lat' dir='ltr'><strong>manebat,</strong></span> <span class='ocrx_word' id='word_1_537' title='bbox 3350 1286 3466 1326; x_wconf 93' lang='lat' dir='ltr'><strong>cum</strong></span> <span class='ocrx_word' id='word_1_538' title='bbox 3491 1287 3604 1341; x_wconf 69' lang='lat' dir='ltr'><strong>quae</strong></span> <span class='ocrx_word' id='word_1_539' title='bbox 3641 1273 3731 1340; x_wconf 90' lang='lat' dir='ltr'><strong>ipsi</strong></span> <span class='ocrx_word' id='word_1_540' title='bbox 3753 1289 3860 1329; x_wconf 83' lang='lat' dir='ltr'><strong>eve-</strong></span> 
     </span>
    </p>
   </div>
   <div class='ocr_carea' id='block_1_73' title="bbox 2329 1364 3859 1433">
    <p class='ocr_par' dir='ltr' id='par_1_73' title="bbox 2329 1364 3859 1433">
     <span class='ocr_line' id='line_1_73' title="bbox 2329 1364 3859 1433; baseline -0.001 -13"><span class='ocrx_word' id='word_1_541' title='bbox 2329 1376 2541 1431; x_wconf 85' lang='lat' dir='ltr'><strong>nerant,</strong></span> <span class='ocrx_word' id='word_1_542' title='bbox 2561 1380 2750 1419; x_wconf 91' lang='lat' dir='ltr'><strong>omnes</strong></span> <span class='ocrx_word' id='word_1_543' title='bbox 2772 1365 3132 1431; x_wconf 87' lang='lat' dir='ltr'><strong>enuntiarent,</strong></span> <span class='ocrx_word' id='word_1_544' title='bbox 3151 1378 3375 1433; x_wconf 89' lang='lat' dir='ltr'><strong>eumque</strong></span> <span class='ocrx_word' id='word_1_545' title='bbox 3399 1364 3562 1433; x_wconf 91' lang='lat' dir='ltr'><strong>ipsum</strong></span> <span class='ocrx_word' id='word_1_546' title='bbox 3580 1379 3717 1433; x_wconf 71' lang='lat' dir='ltr'><strong>aeque</strong></span> <span class='ocrx_word' id='word_1_547' title='bbox 3738 1364 3859 1419; x_wconf 88' lang='lat' dir='ltr'><strong>vide-</strong></span> 
     </span>
    </p>
   </div>
   <div class='ocr_carea' id='block_1_74' title="bbox 2328 1455 3869 1524">
    <p class='ocr_par' dir='ltr' id='par_1_74' title="bbox 2328 1455 3869 1524">
     <span class='ocr_line' id='line_1_74' title="bbox 2328 1455 3869 1524; baseline -0.001 -12"><span class='ocrx_word' id='word_1_548' title='bbox 2328 1468 2448 1513; x_wconf 90' lang='lat' dir='ltr'><strong>rent</strong></span> <span class='ocrx_word' id='word_1_549' title='bbox 2468 1458 2618 1524; x_wconf 91' lang='lat' dir='ltr'><strong>foris,</strong></span> <span class='ocrx_word' id='word_1_550' title='bbox 2638 1457 2686 1511; x_wconf 93' lang='lat' dir='ltr'><strong>id</strong></span> <span class='ocrx_word' id='word_1_551' title='bbox 2712 1467 2889 1512; x_wconf 91' lang='lat' dir='ltr'><strong>autem</strong></span> <span class='ocrx_word' id='word_1_552' title='bbox 2907 1472 3127 1511; x_wconf 88' lang='lat' dir='ltr'><strong>cernere</strong></span> <span class='ocrx_word' id='word_1_553' title='bbox 3150 1456 3318 1511; x_wconf 92' lang='lat' dir='ltr'><strong>multo</strong></span> <span class='ocrx_word' id='word_1_554' title='bbox 3343 1455 3621 1510; x_wconf 89' lang='lat' dir='ltr'><strong>terribilius</strong></span> <span class='ocrx_word' id='word_1_555' title='bbox 3639 1463 3759 1509; x_wconf 87' lang='lat' dir='ltr'><strong>erat.</strong></span> <span class='ocrx_word' id='word_1_556' title='bbox 3772 1455 3869 1511; x_wconf 82' lang='lat' dir='ltr'><strong>Nec</strong></span> 
     </span>
    </p>
   </div>
   <div class='ocr_carea' id='block_1_75' title="bbox 2329 1546 3873 1619">
    <p class='ocr_par' dir='ltr' id='par_1_75' title="bbox 2329 1546 3873 1619">
     <span class='ocr_line' id='line_1_75' title="bbox 2329 1546 3873 1619; baseline -0.001 -16"><span class='ocrx_word' id='word_1_557' title='bbox 2329 1557 2539 1619; x_wconf 84' lang='lat' dir='ltr'><strong>tempus</strong></span> <span class='ocrx_word' id='word_1_558' title='bbox 2557 1550 2717 1605; x_wconf 85' lang='lat' dir='ltr'><strong>breve</strong></span> <span class='ocrx_word' id='word_1_559' title='bbox 2734 1547 2849 1611; x_wconf 89' lang='lat' dir='ltr'><strong>fuit,</strong></span> <span class='ocrx_word' id='word_1_560' title='bbox 2865 1549 2956 1604; x_wconf 90' lang='lat' dir='ltr'><strong>sed</strong></span> <span class='ocrx_word' id='word_1_561' title='bbox 2971 1561 3023 1603; x_wconf 91' lang='lat' dir='ltr'><strong>et</strong></span> <span class='ocrx_word' id='word_1_562' title='bbox 3039 1550 3214 1618; x_wconf 89' lang='lat' dir='ltr'><strong>ipsum</strong></span> <span class='ocrx_word' id='word_1_563' title='bbox 3228 1546 3693 1603; x_wconf 84' lang='lat' dir='ltr'><strong>sabbaticum.Nant</strong></span> <span class='ocrx_word' id='word_1_564' title='bbox 3705 1556 3873 1617; x_wconf 78' lang='lat' dir='ltr'><strong>septem</strong></span> 
     </span>
    </p>
   </div>
   <div class='ocr_carea' id='block_1_76' title="bbox 2331 1638 3867 1711">
    <p class='ocr_par' dir='ltr' id='par_1_76' title="bbox 2331 1638 3867 1711">
     <span class='ocr_line' id='line_1_76' title="bbox 2331 1638 3867 1711; baseline -0.001 -17"><span class='ocrx_word' id='word_1_565' title='bbox 2331 1650 2574 1709; x_wconf 84' lang='lat' dir='ltr'><strong>tempora,</strong></span> <span class='ocrx_word' id='word_1_566' title='bbox 2592 1640 2776 1711; x_wconf 88' lang='lat' dir='ltr'><strong>inquit,</strong></span> <span class='ocrx_word' id='word_1_567' title='bbox 2793 1640 3147 1693; x_wconf 84' lang='lat' dir='ltr'><strong>mutabuntur:</strong></span> <span class='ocrx_word' id='word_1_568' title='bbox 3169 1639 3222 1694; x_wconf 95' lang='lat' dir='ltr'><strong>id</strong></span> <span class='ocrx_word' id='word_1_569' title='bbox 3240 1648 3339 1702; x_wconf 90' lang='lat' dir='ltr'><strong>est,</strong></span> <span class='ocrx_word' id='word_1_570' title='bbox 3362 1646 3467 1693; x_wconf 90' lang='lat' dir='ltr'><strong>tres</strong></span> <span class='ocrx_word' id='word_1_571' title='bbox 3482 1639 3597 1693; x_wconf 90' lang='lat' dir='ltr'><strong>anni</strong></span> <span class='ocrx_word' id='word_1_572' title='bbox 3612 1653 3721 1692; x_wconf 89' lang='lat' dir='ltr'><strong>cum</strong></span> <span class='ocrx_word' id='word_1_573' title='bbox 3743 1638 3867 1692; x_wconf 90' lang='lat' dir='ltr'><strong>dimi-</strong></span> 
     </span>
    </p>
   </div>
   <div class='ocr_carea' id='block_1_77' title="bbox 2329 1728 3868 1801">
    <p class='ocr_par' dir='ltr' id='par_1_77' title="bbox 2329 1728 3868 1801">
     <span class='ocr_line' id='line_1_77' title="bbox 2329 1728 3868 1801; baseline -0.003 -15"><span class='ocrx_word' id='word_1_574' title='bbox 2329 1730 2630 1801; x_wconf 81' lang='lat' dir='ltr'><strong>dio(a).‘5l.</strong></span> <span class='ocrx_word' id='word_1_575' title='bbox 2651 1751 2671 1783; x_wconf 84' lang='grc'><strong><em>‹</em></strong></span> <span class='ocrx_word' id='word_1_576' title='bbox 2696 1732 2763 1786; x_wconf 84' lang='grc' dir='ltr'><strong>Ει</strong></span> <span class='ocrx_word' id='word_1_577' title='bbox 2780 1742 2895 1801; x_wconf 92' lang='lat' dir='ltr'><strong>post</strong></span> <span class='ocrx_word' id='word_1_578' title='bbox 2915 1731 3070 1785; x_wconf 86' lang='lat' dir='ltr'><strong>finem</strong></span> <span class='ocrx_word' id='word_1_579' title='bbox 3090 1730 3298 1786; x_wconf 90' lang='lat' dir='ltr'><strong>dierum</strong></span> <span class='ocrx_word' id='word_1_580' title='bbox 3311 1745 3458 1798; x_wconf 64' lang='lat' dir='ltr'><strong>ego,»</strong></span> <span class='ocrx_word' id='word_1_581' title='bbox 3481 1728 3656 1799; x_wconf 90' lang='lat' dir='ltr'><strong>inquit,</strong></span> <span class='ocrx_word' id='word_1_582' title='bbox 3681 1747 3697 1779; x_wconf 75' lang='grc' dir='ltr'>ι</span> <span class='ocrx_word' id='word_1_583' title='bbox 3721 1728 3868 1782; x_wconf 80' lang='lat' dir='ltr'><strong>Nabu-</strong></span> 
     </span>
    </p>
   </div>
   <div class='ocr_carea' id='block_1_78' title="bbox 2329 1821 3867 1887">
    <p class='ocr_par' dir='ltr' id='par_1_78' title="bbox 2329 1821 3867 1887">
     <span class='ocr_line' id='line_1_78' title="bbox 2329 1821 3867 1887; baseline -0.003 -8"><span class='ocrx_word' id='word_1_584' title='bbox 2329 1824 2670 1879; x_wconf 85' lang='lat' dir='ltr'><strong>chodonosor</strong></span> <span class='ocrx_word' id='word_1_585' title='bbox 2697 1825 2881 1879; x_wconf 88' lang='lat' dir='ltr'><strong>oculos</strong></span> <span class='ocrx_word' id='word_1_586' title='bbox 2900 1838 3047 1879; x_wconf 89' lang='lat' dir='ltr'><strong>meos</strong></span> <span class='ocrx_word' id='word_1_587' title='bbox 3067 1824 3118 1877; x_wconf 90' lang='lat' dir='ltr'><strong>in</strong></span> <span class='ocrx_word' id='word_1_588' title='bbox 3141 1823 3331 1878; x_wconf 69' lang='lat' dir='ltr'><strong>caelum</strong></span> <span class='ocrx_word' id='word_1_589' title='bbox 3355 1821 3591 1887; x_wconf 87' lang='lat' dir='ltr'><strong>levavi,et</strong></span> <span class='ocrx_word' id='word_1_590' title='bbox 3611 1834 3746 1875; x_wconf 88' lang='lat' dir='ltr'><strong>mens</strong></span> <span class='ocrx_word' id='word_1_591' title='bbox 3769 1835 3867 1874; x_wconf 88' lang='lat' dir='ltr'><strong>mea</strong></span> 
     </span>
    </p>
   </div>
   <div class='ocr_carea' id='block_1_79' title="bbox 2332 1913 3877 1981">
    <p class='ocr_par' dir='ltr' id='par_1_79' title="bbox 2332 1913 3877 1981">
     <span class='ocr_line' id='line_1_79' title="bbox 2332 1913 3877 1981; baseline -0.002 -12"><span class='ocrx_word' id='word_1_592' title='bbox 2332 1931 2544 1970; x_wconf 90' lang='lat' dir='ltr'><strong>reversa</strong></span> <span class='ocrx_word' id='word_1_593' title='bbox 2558 1926 2641 1971; x_wconf 92' lang='lat' dir='ltr'><strong>est</strong></span> <span class='ocrx_word' id='word_1_594' title='bbox 2656 1916 2722 1969; x_wconf 89' lang='lat' dir='ltr'><strong>ad</strong></span> <span class='ocrx_word' id='word_1_595' title='bbox 2746 1932 2853 1981; x_wconf 87' lang='lat' dir='ltr'><strong>me,</strong></span> <span class='ocrx_word' id='word_1_596' title='bbox 2875 1925 2929 1970; x_wconf 91' lang='lat' dir='ltr'><strong>et</strong></span> <span class='ocrx_word' id='word_1_597' title='bbox 2943 1914 3277 1970; x_wconf 83' lang='lat' dir='ltr'><strong>Altissimum</strong></span> <span class='ocrx_word' id='word_1_598' title='bbox 3301 1913 3559 1980; x_wconf 76' lang='lat' dir='ltr'><strong>benedixi,</strong></span> <span class='ocrx_word' id='word_1_599' title='bbox 3575 1922 3628 1967; x_wconf 91' lang='lat' dir='ltr'><strong>et</strong></span> <span class='ocrx_word' id='word_1_600' title='bbox 3641 1913 3877 1967; x_wconf 79' lang='lat' dir='ltr'><strong>viventem</strong></span> 
     </span>
    </p>
   </div>
   <div class='ocr_carea' id='block_1_80' title="bbox 2335 2002 3878 2075">
    <p class='ocr_par' dir='ltr' id='par_1_80' title="bbox 2335 2002 3878 2075">
     <span class='ocr_line' id='line_1_80' title="bbox 2335 2002 3878 2075; baseline -0.004 -12"><span class='ocrx_word' id='word_1_601' title='bbox 2335 2009 2390 2063; x_wconf 86' lang='lat' dir='ltr'><strong>in</strong></span> <span class='ocrx_word' id='word_1_602' title='bbox 2418 2007 2611 2063; x_wconf 66' lang='lat' dir='ltr'><strong>saecula</strong></span> <span class='ocrx_word' id='word_1_603' title='bbox 2635 2006 2874 2073; x_wconf 78' lang='lat' dir='ltr'><strong>laudavi,</strong></span> <span class='ocrx_word' id='word_1_604' title='bbox 2903 2016 2960 2062; x_wconf 89' lang='lat' dir='ltr'><strong>et</strong></span> <span class='ocrx_word' id='word_1_605' title='bbox 3008 2004 3321 2075; x_wconf 81' lang='lat' dir='ltr'><strong>glorificavi,</strong></span> <span class='ocrx_word' id='word_1_606' title='bbox 3361 2005 3479 2075; x_wconf 86' lang='lat' dir='ltr'><strong>quia</strong></span> <span class='ocrx_word' id='word_1_607' title='bbox 3531 2012 3747 2075; x_wconf 85' lang='lat' dir='ltr'><strong>potestas</strong></span> <span class='ocrx_word' id='word_1_608' title='bbox 3771 2002 3878 2071; x_wconf 83' lang='lat' dir='ltr'><strong>ejus</strong></span> 
     </span>
    </p>
   </div>
   <div class='ocr_carea' id='block_1_81' title="bbox 2333 2096 3871 2169">
    <p class='ocr_par' dir='ltr' id='par_1_81' title="bbox 2333 2096 3871 2169">
     <span class='ocr_line' id='line_1_81' title="bbox 2333 2096 3871 2169; baseline -0.003 -17"><span class='ocrx_word' id='word_1_609' title='bbox 2333 2107 2568 2169; x_wconf 83' lang='lat' dir='ltr'><strong>potestas</strong></span> <span class='ocrx_word' id='word_1_610' title='bbox 2590 2106 2810 2164; x_wconf 68' lang='lat' dir='ltr'><strong>aeterna,</strong></span> <span class='ocrx_word' id='word_1_611' title='bbox 2825 2108 2879 2153; x_wconf 91' lang='lat' dir='ltr'><strong>et</strong></span> <span class='ocrx_word' id='word_1_612' title='bbox 2892 2113 3114 2168; x_wconf 87' lang='lat' dir='ltr'><strong>regnum</strong></span> <span class='ocrx_word' id='word_1_613' title='bbox 3132 2096 3249 2166; x_wconf 86' lang='lat' dir='ltr'><strong>ejus</strong></span> <span class='ocrx_word' id='word_1_614' title='bbox 3275 2097 3327 2151; x_wconf 94' lang='lat' dir='ltr'><strong>in</strong></span> <span class='ocrx_word' id='word_1_615' title='bbox 3352 2098 3723 2167; x_wconf 90' lang='lat' dir='ltr'><strong>generationem</strong></span> <span class='ocrx_word' id='word_1_616' title='bbox 3734 2103 3780 2149; x_wconf 93' lang='lat' dir='ltr'><strong>et</strong></span> <span class='ocrx_word' id='word_1_617' title='bbox 3792 2109 3871 2163; x_wconf 82' lang='lat' dir='ltr'><strong>ge-</strong></span> 
     </span>
    </p>
   </div>
   <div class='ocr_carea' id='block_1_82' title="bbox 2333 2183 3873 2255">
    <p class='ocr_par' dir='ltr' id='par_1_82' title="bbox 2333 2183 3873 2255">
     <span class='ocr_line' id='line_1_82' title="bbox 2333 2183 3873 2255; baseline -0.005 -10"><span class='ocrx_word' id='word_1_618' title='bbox 2333 2190 2692 2245; x_wconf 90' lang='lat' dir='ltr'><strong>nerationem.</strong></span> <span class='ocrx_word' id='word_1_619' title='bbox 2736 2188 2825 2245; x_wconf 73' lang='lat'><strong>32.</strong></span> <span class='ocrx_word' id='word_1_620' title='bbox 2857 2189 2922 2243; x_wconf 90' lang='lat' dir='ltr'><strong>Et</strong></span> <span class='ocrx_word' id='word_1_621' title='bbox 2946 2202 3134 2244; x_wconf 89' lang='lat' dir='ltr'><strong>omnes</strong></span> <span class='ocrx_word' id='word_1_622' title='bbox 3160 2188 3481 2243; x_wconf 86' lang='lat' dir='ltr'><strong>habitatores</strong></span> <span class='ocrx_word' id='word_1_623' title='bbox 3529 2196 3705 2249; x_wconf 66' lang='lat' dir='ltr'><strong>terrae,</strong></span> <span class='ocrx_word' id='word_1_624' title='bbox 3741 2183 3873 2255; x_wconf 82' lang='lat' dir='ltr'><strong>quasi</strong></span> 
     </span>
    </p>
   </div>
   <div class='ocr_carea' id='block_1_83' title="bbox 2334 2275 3871 2351">
    <p class='ocr_par' dir='ltr' id='par_1_83' title="bbox 2334 2275 3871 2351">
     <span class='ocr_line' id='line_1_83' title="bbox 2334 2275 3871 2351; baseline -0.004 -15"><span class='ocrx_word' id='word_1_625' title='bbox 2334 2279 2561 2336; x_wconf 90' lang='lat' dir='ltr'><strong>nihilum</strong></span> <span class='ocrx_word' id='word_1_626' title='bbox 2584 2281 2818 2351; x_wconf 91' lang='lat' dir='ltr'><strong>reputati</strong></span> <span class='ocrx_word' id='word_1_627' title='bbox 2837 2290 2981 2336; x_wconf 92' lang='lat' dir='ltr'><strong>sunt.</strong></span> <span class='ocrx_word' id='word_1_628' title='bbox 3007 2280 3241 2350; x_wconf 80' lang='lat' dir='ltr'><strong>Etjuxta</strong></span> <span class='ocrx_word' id='word_1_629' title='bbox 3264 2280 3577 2337; x_wconf 87' lang='lat' dir='ltr'><strong>voluntatem</strong></span> <span class='ocrx_word' id='word_1_630' title='bbox 3605 2293 3741 2333; x_wconf 88' lang='lat' dir='ltr'><strong>suam</strong></span> <span class='ocrx_word' id='word_1_631' title='bbox 3763 2275 3871 2331; x_wconf 90' lang='lat' dir='ltr'><strong>facit</strong></span> 
     </span>
    </p>
   </div>
   <div class='ocr_carea' id='block_1_84' title="bbox 2335 2368 3868 2439">
    <p class='ocr_par' dir='ltr' id='par_1_84' title="bbox 2335 2368 3868 2439">
     <span class='ocr_line' id='line_1_84' title="bbox 2335 2368 3868 2439; baseline -0.005 -11"><span class='ocrx_word' id='word_1_632' title='bbox 2335 2372 2389 2428; x_wconf 90' lang='lat' dir='ltr'><strong>in</strong></span> <span class='ocrx_word' id='word_1_633' title='bbox 2412 2373 2609 2428; x_wconf 86' lang='lat' dir='ltr'><strong>virtute</strong></span> <span class='ocrx_word' id='word_1_634' title='bbox 2635 2372 2768 2438; x_wconf 60' lang='lat' dir='ltr'><strong>caeli,</strong></span> <span class='ocrx_word' id='word_1_635' title='bbox 2793 2380 2848 2427; x_wconf 75' lang='lat' dir='ltr'><strong>et</strong></span> <span class='ocrx_word' id='word_1_636' title='bbox 2868 2373 2919 2428; x_wconf 91' lang='lat' dir='ltr'><strong>in</strong></span> <span class='ocrx_word' id='word_1_637' title='bbox 2947 2371 3278 2429; x_wconf 89' lang='lat' dir='ltr'><strong>habitatione</strong></span> <span class='ocrx_word' id='word_1_638' title='bbox 3297 2380 3479 2427; x_wconf 73' lang='lat' dir='ltr'><strong>terrae:</strong></span> <span class='ocrx_word' id='word_1_639' title='bbox 3508 2379 3560 2427; x_wconf 92' lang='lat' dir='ltr'><strong>et</strong></span> <span class='ocrx_word' id='word_1_640' title='bbox 3586 2384 3682 2425; x_wconf 93' lang='lat' dir='ltr'><strong>non</strong></span> <span class='ocrx_word' id='word_1_641' title='bbox 3698 2381 3771 2425; x_wconf 92' lang='lat' dir='ltr'><strong>est</strong></span> <span class='ocrx_word' id='word_1_642' title='bbox 3792 2368 3868 2439; x_wconf 88' lang='lat' dir='ltr'><strong>qui</strong></span> 
     </span>
    </p>
   </div>
   <div class='ocr_carea' id='block_1_85' title="bbox 2335 2460 3870 2534">
    <p class='ocr_par' dir='ltr' id='par_1_85' title="bbox 2335 2460 3870 2534">
     <span class='ocr_line' id='line_1_85' title="bbox 2335 2460 3870 2534; baseline -0.003 -15"><span class='ocrx_word' id='word_1_643' title='bbox 2335 2464 2551 2520; x_wconf 91' lang='lat' dir='ltr'><strong>resistat</strong></span> <span class='ocrx_word' id='word_1_644' title='bbox 2568 2464 2744 2518; x_wconf 89' lang='lat' dir='ltr'><strong>manui</strong></span> <span class='ocrx_word' id='word_1_645' title='bbox 2766 2464 2901 2534; x_wconf 92' lang='lat' dir='ltr'><strong>ejus,</strong></span> <span class='ocrx_word' id='word_1_646' title='bbox 2925 2471 2979 2519; x_wconf 92' lang='lat' dir='ltr'><strong>et</strong></span> <span class='ocrx_word' id='word_1_647' title='bbox 3002 2463 3145 2519; x_wconf 91' lang='lat' dir='ltr'><strong>dicat</strong></span> <span class='ocrx_word' id='word_1_648' title='bbox 3169 2463 3256 2519; x_wconf 91' lang='lat' dir='ltr'><strong>ei:</strong></span> <span class='ocrx_word' id='word_1_649' title='bbox 3276 2462 3448 2530; x_wconf 91' lang='lat' dir='ltr'><strong>Quare</strong></span> <span class='ocrx_word' id='word_1_650' title='bbox 3478 2462 3675 2518; x_wconf 85' lang='lat' dir='ltr'><strong>fecisti?</strong></span> <span class='ocrx_word' id='word_1_651' title='bbox 3706 2478 3723 2513; x_wconf 70' lang='grc' dir='ltr'><strong>ι</strong></span> <span class='ocrx_word' id='word_1_652' title='bbox 3751 2460 3870 2515; x_wconf 84' lang='lat' dir='ltr'><strong>Ocu-</strong></span> 
     </span>
    </p>
   </div>
   <div class='ocr_carea' id='block_1_86' title="bbox 2336 2554 3881 2627">
    <p class='ocr_par' dir='ltr' id='par_1_86' title="bbox 2336 2554 3881 2627">
     <span class='ocr_line' id='line_1_86' title="bbox 2336 2554 3881 2627; baseline -0.002 -14"><span class='ocrx_word' id='word_1_653' title='bbox 2336 2558 2414 2613; x_wconf 81' lang='lat' dir='ltr'><strong>los</strong></span> <span class='ocrx_word' id='word_1_654' title='bbox 2441 2574 2612 2625; x_wconf 87' lang='lat' dir='ltr'><strong>meos,</strong></span> <span class='ocrx_word' id='word_1_655' title='bbox 2645 2557 2848 2627; x_wconf 87' lang='lat' dir='ltr'><strong>inquit,</strong></span> <span class='ocrx_word' id='word_1_656' title='bbox 2874 2557 2929 2611; x_wconf 85' lang='lat' dir='ltr'><strong>in</strong></span> <span class='ocrx_word' id='word_1_657' title='bbox 2975 2557 3155 2612; x_wconf 66' lang='lat' dir='ltr'><strong>calum</strong></span> <span class='ocrx_word' id='word_1_658' title='bbox 3199 2556 3375 2611; x_wconf 80' lang='lat' dir='ltr'><strong>levavi.</strong></span> <span class='ocrx_word' id='word_1_659' title='bbox 3413 2555 3523 2611; x_wconf 83' lang='lat' dir='ltr'><strong>Hoc</strong></span> <span class='ocrx_word' id='word_1_660' title='bbox 3562 2565 3669 2618; x_wconf 87' lang='lat' dir='ltr'><strong>est,</strong></span> <span class='ocrx_word' id='word_1_661' title='bbox 3696 2554 3808 2611; x_wconf 85' lang='lat' dir='ltr'><strong>adiit</strong></span> <span class='ocrx_word' id='word_1_662' title='bbox 3828 2564 3881 2610; x_wconf 76' lang='lat' dir='ltr'><strong>et;</strong></span> 
     </span>
    </p>
   </div>
   <div class='ocr_carea' id='block_1_87' title="bbox 2338 2646 3882 2722">
    <p class='ocr_par' dir='ltr' id='par_1_87' title="bbox 2338 2646 3882 2722">
     <span class='ocr_line' id='line_1_87' title="bbox 2338 2646 3882 2722; baseline -0.005 -16"><span class='ocrx_word' id='word_1_663' title='bbox 2338 2660 2587 2722; x_wconf 88' lang='lat' dir='ltr'><strong>precatus</strong></span> <span class='ocrx_word' id='word_1_664' title='bbox 2607 2658 2689 2706; x_wconf 90' lang='lat' dir='ltr'><strong>est</strong></span> <span class='ocrx_word' id='word_1_665' title='bbox 2713 2650 2901 2713; x_wconf 89' lang='lat' dir='ltr'><strong>Deum,</strong></span> <span class='ocrx_word' id='word_1_666' title='bbox 2927 2657 2982 2704; x_wconf 87' lang='lat' dir='ltr'><strong>et</strong></span> <span class='ocrx_word' id='word_1_667' title='bbox 3005 2648 3127 2704; x_wconf 86' lang='lat' dir='ltr'><strong>inde</strong></span> <span class='ocrx_word' id='word_1_668' title='bbox 3155 2648 3414 2703; x_wconf 81' lang='lat' dir='ltr'><strong>auxilium</strong></span> <span class='ocrx_word' id='word_1_669' title='bbox 3433 2648 3675 2718; x_wconf 66' lang='lat' dir='ltr'><strong>quaesivit.</strong></span> <span class='ocrx_word' id='word_1_670' title='bbox 3705 2646 3882 2715; x_wconf 58' lang='lat' dir='ltr'><strong>Quam.</strong></span> 
     </span>
    </p>
   </div>
   <div class='ocr_carea' id='block_1_88' title="bbox 2339 2738 3879 2812">
    <p class='ocr_par' dir='ltr' id='par_1_88' title="bbox 2339 2738 3879 2812">
     <span class='ocr_line' id='line_1_88' title="bbox 2339 2738 3879 2812; baseline -0.003 -16"><span class='ocrx_word' id='word_1_671' title='bbox 2339 2756 2498 2812; x_wconf 90' lang='lat' dir='ltr'><strong>quam</strong></span> <span class='ocrx_word' id='word_1_672' title='bbox 2520 2750 2728 2810; x_wconf 91' lang='lat' dir='ltr'><strong>tempus</strong></span> <span class='ocrx_word' id='word_1_673' title='bbox 2745 2739 3069 2810; x_wconf 90' lang='lat' dir='ltr'><strong>completum</strong></span> <span class='ocrx_word' id='word_1_674' title='bbox 3081 2742 3240 2806; x_wconf 90' lang='lat' dir='ltr'><strong>foret,</strong></span> <span class='ocrx_word' id='word_1_675' title='bbox 3274 2755 3379 2795; x_wconf 91' lang='lat' dir='ltr'><strong>non</strong></span> <span class='ocrx_word' id='word_1_676' title='bbox 3405 2738 3687 2795; x_wconf 82' lang='lat' dir='ltr'><strong>confidebat</strong></span> <span class='ocrx_word' id='word_1_677' title='bbox 3705 2746 3879 2794; x_wconf 76' lang='lat' dir='ltr'><strong>tamen.</strong></span> 
     </span>
    </p>
   </div>
   <div class='ocr_carea' id='block_1_89' title="bbox 2342 2831 3881 2902">
    <p class='ocr_par' dir='ltr' id='par_1_89' title="bbox 2342 2831 3881 2902">
     <span class='ocr_line' id='line_1_89' title="bbox 2342 2831 3881 2902; baseline -0.004 -14"><span class='ocrx_word' id='word_1_678' title='bbox 2342 2832 2497 2889; x_wconf 90' lang='lat' dir='ltr'><strong>Sicut</strong></span> <span class='ocrx_word' id='word_1_679' title='bbox 2517 2834 2658 2888; x_wconf 91' lang='lat' dir='ltr'><strong>enim</strong></span> <span class='ocrx_word' id='word_1_680' title='bbox 2692 2834 2744 2887; x_wconf 91' lang='lat' dir='ltr'><strong>in</strong></span> <span class='ocrx_word' id='word_1_681' title='bbox 2775 2833 2941 2902; x_wconf 89' lang='lat' dir='ltr'><strong>ipsius</strong></span> <span class='ocrx_word' id='word_1_682' title='bbox 2988 2842 3259 2902; x_wconf 89' lang='lat' dir='ltr'><strong>potestate</strong></span> <span class='ocrx_word' id='word_1_683' title='bbox 3313 2842 3450 2900; x_wconf 91' lang='lat' dir='ltr'><strong>erat,</strong></span> <span class='ocrx_word' id='word_1_684' title='bbox 3482 2841 3536 2886; x_wconf 94' lang='lat' dir='ltr'><strong>ut</strong></span> <span class='ocrx_word' id='word_1_685' title='bbox 3582 2846 3678 2885; x_wconf 90' lang='lat' dir='ltr'><strong>non</strong></span> <span class='ocrx_word' id='word_1_686' title='bbox 3704 2831 3881 2884; x_wconf 79' lang='lat' dir='ltr'><strong>sineret</strong></span> 
     </span>
    </p>
   </div>
   <div class='ocr_carea' id='block_1_90' title="bbox 2344 2919 3881 2994">
    <p class='ocr_par' dir='ltr' id='par_1_90' title="bbox 2344 2919 3881 2994">
     <span class='ocr_line' id='line_1_90' title="bbox 2344 2919 3881 2994; baseline -0.004 -13"><span class='ocrx_word' id='word_1_687' title='bbox 2344 2940 2434 2981; x_wconf 88' lang='lat' dir='ltr'><strong>res</strong></span> <span class='ocrx_word' id='word_1_688' title='bbox 2467 2926 2518 2979; x_wconf 95' lang='lat' dir='ltr'><strong>in</strong></span> <span class='ocrx_word' id='word_1_689' title='bbox 2547 2924 2794 2980; x_wconf 84' lang='lat' dir='ltr'><strong>etl‘ectum</strong></span> <span class='ocrx_word' id='word_1_690' title='bbox 2821 2925 3071 2981; x_wconf 87' lang='lat' dir='ltr'><strong>devenire</strong></span> <span class='ocrx_word' id='word_1_691' title='bbox 3103 2943 3116 2981; x_wconf 90' lang='lat'><strong>:</strong></span> <span class='ocrx_word' id='word_1_692' title='bbox 3143 2927 3215 2981; x_wconf 89' lang='lat' dir='ltr'><strong>ita</strong></span> <span class='ocrx_word' id='word_1_693' title='bbox 3244 2926 3429 2990; x_wconf 88' lang='lat' dir='ltr'><strong>etiam,</strong></span> <span class='ocrx_word' id='word_1_694' title='bbox 3448 2925 3492 2981; x_wconf 90' lang='lat' dir='ltr'><strong>si</strong></span> <span class='ocrx_word' id='word_1_695' title='bbox 3515 2933 3734 2994; x_wconf 88' lang='lat' dir='ltr'><strong>tempore</strong></span> <span class='ocrx_word' id='word_1_696' title='bbox 3758 2919 3881 2991; x_wconf 79' lang='lat' dir='ltr'><strong>quod</strong></span> 
     </span>
    </p>
   </div>
   <div class='ocr_carea' id='block_1_91' title="bbox 2330 3014 3869 3087">
    <p class='ocr_par' dir='ltr' id='par_1_91' title="bbox 2330 3014 3869 3087">
     <span class='ocr_line' id='line_1_91' title="bbox 2330 3014 3869 3087; baseline -0.003 -15"><span class='ocrx_word' id='word_1_697' title='bbox 2330 3016 2617 3072; x_wconf 83' lang='lat' dir='ltr'><strong>definitum</strong></span> <span class='ocrx_word' id='word_1_698' title='bbox 2648 3016 2820 3071; x_wconf 88' lang='lat' dir='ltr'><strong>fuerat</strong></span> <span class='ocrx_word' id='word_1_699' title='bbox 2840 3018 3131 3087; x_wconf 88' lang='lat' dir='ltr'><strong>completo,</strong></span> <span class='ocrx_word' id='word_1_700' title='bbox 3160 3019 3491 3075; x_wconf 86' lang='lat' dir='ltr'><strong>incorrectus</strong></span> <span class='ocrx_word' id='word_1_701' title='bbox 3509 3017 3782 3078; x_wconf 85' lang='lat' dir='ltr'><strong>mansisset.</strong></span> <span class='ocrx_word' id='word_1_702' title='bbox 3801 3014 3869 3067; x_wconf 87' lang='lat' dir='ltr'><strong>ni-</strong></span> 
     </span>
    </p>
   </div>
   <div class='ocr_carea' id='block_1_92' title="bbox 2344 3107 3867 3182">
    <p class='ocr_par' dir='ltr' id='par_1_92' title="bbox 2344 3107 3867 3182">
     <span class='ocr_line' id='line_1_92' title="bbox 2344 3107 3867 3182; baseline -0.001 -19"><span class='ocrx_word' id='word_1_703' title='bbox 2344 3108 2420 3163; x_wconf 91' lang='lat' dir='ltr'><strong>hil</strong></span> <span class='ocrx_word' id='word_1_704' title='bbox 2456 3109 2554 3181; x_wconf 87' lang='lat' dir='ltr'><strong>ipsi</strong></span> <span class='ocrx_word' id='word_1_705' title='bbox 2582 3109 2863 3178; x_wconf 88' lang='lat' dir='ltr'><strong>profuisset</strong></span> <span class='ocrx_word' id='word_1_706' title='bbox 2903 3110 2988 3165; x_wconf 88' lang='lat' dir='ltr'><strong>illa</strong></span> <span class='ocrx_word' id='word_1_707' title='bbox 3037 3111 3298 3182; x_wconf 89' lang='lat' dir='ltr'><strong>temporis</strong></span> <span class='ocrx_word' id='word_1_708' title='bbox 3342 3110 3592 3166; x_wconf 85' lang='lat' dir='ltr'><strong>definitio.</strong></span> <span class='ocrx_word' id='word_1_709' title='bbox 3623 3107 3739 3163; x_wconf 84' lang='lat' dir='ltr'><strong>Nam</strong></span> <span class='ocrx_word' id='word_1_710' title='bbox 3764 3121 3867 3161; x_wconf 81' lang='lat' dir='ltr'><strong>seu-</strong></span> 
     </span>
    </p>
   </div>
   <div class='ocr_carea' id='block_1_93' title="bbox 2345 3200 3882 3266">
    <p class='ocr_par' dir='ltr' id='par_1_93' title="bbox 2345 3200 3882 3266">
     <span class='ocr_line' id='line_1_93' title="bbox 2345 3200 3882 3266; baseline -0.003 -11"><span class='ocrx_word' id='word_1_711' title='bbox 2345 3203 2510 3255; x_wconf 91' lang='lat' dir='ltr'><strong>tentia</strong></span> <span class='ocrx_word' id='word_1_712' title='bbox 2540 3201 2631 3255; x_wconf 89' lang='lat' dir='ltr'><strong>Dei</strong></span> <span class='ocrx_word' id='word_1_713' title='bbox 2681 3215 2786 3255; x_wconf 93' lang='lat' dir='ltr'><strong>non</strong></span> <span class='ocrx_word' id='word_1_714' title='bbox 2816 3200 2881 3255; x_wconf 88' lang='lat' dir='ltr'><strong>ad</strong></span> <span class='ocrx_word' id='word_1_715' title='bbox 2914 3202 3286 3257; x_wconf 85' lang='lat' dir='ltr'><strong>necessitatem</strong></span> <span class='ocrx_word' id='word_1_716' title='bbox 3308 3244 3323 3266; x_wconf 92' lang='lat'><strong>,</strong></span> <span class='ocrx_word' id='word_1_717' title='bbox 3356 3201 3449 3258; x_wconf 91' lang='lat' dir='ltr'><strong>sed</strong></span> <span class='ocrx_word' id='word_1_718' title='bbox 3483 3201 3548 3256; x_wconf 90' lang='lat' dir='ltr'><strong>ad</strong></span> <span class='ocrx_word' id='word_1_719' title='bbox 3576 3216 3657 3256; x_wconf 89' lang='lat' dir='ltr'><strong>res</strong></span> <span class='ocrx_word' id='word_1_720' title='bbox 3697 3208 3882 3254; x_wconf 84' lang='lat' dir='ltr'><strong>nostras</strong></span> 
     </span>
    </p>
   </div>
   <div class='ocr_carea' id='block_1_94' title="bbox 2344 3290 3881 3363">
    <p class='ocr_par' dir='ltr' id='par_1_94' title="bbox 2344 3290 3881 3363">
     <span class='ocr_line' id='line_1_94' title="bbox 2344 3290 3881 3363; baseline -0.003 -17"><span class='ocrx_word' id='word_1_721' title='bbox 2344 3291 2677 3361; x_wconf 79' lang='lat' dir='ltr'><strong>exprimitur.</strong></span> <span class='ocrx_word' id='word_1_722' title='bbox 2708 3290 2784 3346; x_wconf 91' lang='lat' dir='ltr'><strong>Ita</strong></span> <span class='ocrx_word' id='word_1_723' title='bbox 2814 3299 2870 3347; x_wconf 91' lang='lat' dir='ltr'><strong>et</strong></span> <span class='ocrx_word' id='word_1_724' title='bbox 2892 3292 3099 3357; x_wconf 85' lang='lat' dir='ltr'><strong>Daniel,</strong></span> <span class='ocrx_word' id='word_1_725' title='bbox 3129 3294 3376 3362; x_wconf 90' lang='lat' dir='ltr'><strong>quamvis</strong></span> <span class='ocrx_word' id='word_1_726' title='bbox 3407 3304 3605 3363; x_wconf 87' lang='lat' dir='ltr'><strong>tempus</strong></span> <span class='ocrx_word' id='word_1_727' title='bbox 3643 3290 3881 3361; x_wconf 86' lang='lat' dir='ltr'><strong>impletum</strong></span> 
     </span>
    </p>
   </div>
   <div class='ocr_carea' id='block_1_95' title="bbox 2343 3382 3875 3451">
    <p class='ocr_par' dir='ltr' id='par_1_95' title="bbox 2343 3382 3875 3451">
     <span class='ocr_line' id='line_1_95' title="bbox 2343 3382 3875 3451; baseline -0.001 -14"><span class='ocrx_word' id='word_1_728' title='bbox 2343 3391 2505 3447; x_wconf 91' lang='lat' dir='ltr'><strong>esset,</strong></span> <span class='ocrx_word' id='word_1_729' title='bbox 2539 3383 2729 3439; x_wconf 91' lang='lat' dir='ltr'><strong>merito</strong></span> <span class='ocrx_word' id='word_1_730' title='bbox 2759 3390 2897 3448; x_wconf 89' lang='lat' dir='ltr'><strong>orat,</strong></span> <span class='ocrx_word' id='word_1_731' title='bbox 2950 3399 3016 3439; x_wconf 91' lang='lat' dir='ltr'><strong>ne</strong></span> <span class='ocrx_word' id='word_1_732' title='bbox 3046 3383 3341 3440; x_wconf 90' lang='lat' dir='ltr'><strong>accedente</strong></span> <span class='ocrx_word' id='word_1_733' title='bbox 3365 3385 3583 3451; x_wconf 91' lang='lat' dir='ltr'><strong>malitia,</strong></span> <span class='ocrx_word' id='word_1_734' title='bbox 3602 3382 3760 3437; x_wconf 87' lang='lat' dir='ltr'><strong>adhuc</strong></span> <span class='ocrx_word' id='word_1_735' title='bbox 3778 3396 3875 3449; x_wconf 76' lang='grc' dir='ltr'><strong>ρω-</strong></span> 
     </span>
    </p>
   </div>
   <div class='ocr_carea' id='block_1_96' title="bbox 2344 3474 3881 3549">
    <p class='ocr_par' dir='ltr' id='par_1_96' title="bbox 2344 3474 3881 3549">
     <span class='ocr_line' id='line_1_96' title="bbox 2344 3474 3881 3549; baseline -0.001 -20"><span class='ocrx_word' id='word_1_736' title='bbox 2344 3490 2428 3529; x_wconf 72' lang='grc' dir='ltr'><strong>11ἶὲ</strong></span> <span class='ocrx_word' id='word_1_737' title='bbox 2475 3490 2539 3531; x_wconf 90' lang='lat' dir='ltr'><strong>ac</strong></span> <span class='ocrx_word' id='word_1_738' title='bbox 2579 3476 2804 3545; x_wconf 87' lang='lat' dir='ltr'><strong>tempori</strong></span> <span class='ocrx_word' id='word_1_739' title='bbox 2849 3476 3165 3547; x_wconf 89' lang='lat' dir='ltr'><strong>adjungatur</strong></span> <span class='ocrx_word' id='word_1_740' title='bbox 3206 3479 3340 3549; x_wconf 87' lang='lat' dir='ltr'><strong>quid</strong></span> <span class='ocrx_word' id='word_1_741' title='bbox 3386 3478 3566 3548; x_wconf 89' lang='lat' dir='ltr'><strong>(Dan.</strong></span> <span class='ocrx_word' id='word_1_742' title='bbox 3595 3478 3647 3534; x_wconf 90' lang='lat'><strong>9.</strong></span> <span class='ocrx_word' id='word_1_743' title='bbox 3675 3477 3746 3545; x_wconf 69' lang='grc'><strong>4).</strong></span> <span class='ocrx_word' id='word_1_744' title='bbox 3770 3474 3881 3529; x_wconf 85' lang='lat' dir='ltr'><strong>Nam</strong></span> 
     </span>
    </p>
   </div>
   <div class='ocr_carea' id='block_1_97' title="bbox 2347 3567 3884 3640">
    <p class='ocr_par' dir='ltr' id='par_1_97' title="bbox 2347 3567 3884 3640">
     <span class='ocr_line' id='line_1_97' title="bbox 2347 3567 3884 3640; baseline -0.001 -19"><span class='ocrx_word' id='word_1_745' title='bbox 2347 3569 2487 3622; x_wconf 90' lang='lat' dir='ltr'><strong>sicut</strong></span> <span class='ocrx_word' id='word_1_746' title='bbox 2534 3583 2598 3622; x_wconf 83' lang='lat' dir='ltr'><strong>ex</strong></span> <span class='ocrx_word' id='word_1_747' title='bbox 2627 3568 2959 3624; x_wconf 87' lang='lat' dir='ltr'><strong>humanitate</strong></span> <span class='ocrx_word' id='word_1_748' title='bbox 2990 3569 3041 3624; x_wconf 91' lang='lat' dir='ltr'><strong>id</strong></span> <span class='ocrx_word' id='word_1_749' title='bbox 3068 3570 3330 3638; x_wconf 86' lang='lat' dir='ltr'><strong>contingit</strong></span> <span class='ocrx_word' id='word_1_750' title='bbox 3354 3612 3369 3637; x_wconf 97' lang='lat'><strong>,</strong></span> <span class='ocrx_word' id='word_1_751' title='bbox 3400 3567 3812 3640; x_wconf 85' lang='lat' dir='ltr'><strong>quemadmodum</strong></span> <span class='ocrx_word' id='word_1_752' title='bbox 3837 3567 3884 3619; x_wconf 86' lang='lat' dir='ltr'><strong>in</strong></span> 
     </span>
    </p>
   </div>
   <div class='ocr_carea' id='block_1_98' title="bbox 2346 3656 3885 3732">
    <p class='ocr_par' dir='ltr' id='par_1_98' title="bbox 2346 3656 3885 3732">
     <span class='ocr_line' id='line_1_98' title="bbox 2346 3656 3885 3732; baseline -0.002 -18"><span class='ocrx_word' id='word_1_753' title='bbox 2346 3658 2537 3714; x_wconf 79' lang='lat' dir='ltr'><strong>Ezekia</strong></span> <span class='ocrx_word' id='word_1_754' title='bbox 2569 3677 2583 3712; x_wconf 95' lang='lat'><strong>:</strong></span> <span class='ocrx_word' id='word_1_755' title='bbox 2612 3659 2681 3713; x_wconf 89' lang='lat' dir='ltr'><strong>ita</strong></span> <span class='ocrx_word' id='word_1_756' title='bbox 2722 3659 2848 3714; x_wconf 90' lang='lat' dir='ltr'><strong>etin</strong></span> <span class='ocrx_word' id='word_1_757' title='bbox 2878 3661 3149 3729; x_wconf 86' lang='lat' dir='ltr'><strong>punitione</strong></span> <span class='ocrx_word' id='word_1_758' title='bbox 3179 3661 3298 3716; x_wconf 86' lang='lat' dir='ltr'><strong>ﬁeri</strong></span> <span class='ocrx_word' id='word_1_759' title='bbox 3331 3678 3428 3732; x_wconf 89' lang='lat' dir='ltr'><strong>par</strong></span> <span class='ocrx_word' id='word_1_760' title='bbox 3449 3670 3549 3725; x_wconf 92' lang='lat' dir='ltr'><strong>est,</strong></span> <span class='ocrx_word' id='word_1_761' title='bbox 3578 3671 3633 3715; x_wconf 91' lang='lat' dir='ltr'><strong>ut</strong></span> <span class='ocrx_word' id='word_1_762' title='bbox 3655 3670 3707 3715; x_wconf 90' lang='lat' dir='ltr'><strong>et</strong></span> <span class='ocrx_word' id='word_1_763' title='bbox 3740 3659 3784 3713; x_wconf 92' lang='lat' dir='ltr'><strong>in</strong></span> <span class='ocrx_word' id='word_1_764' title='bbox 3806 3656 3885 3713; x_wconf 64' lang='lat' dir='ltr'><strong>Juo</strong></span> 
     </span>
    </p>
   </div>
   <div class='ocr_carea' id='block_1_99' title="bbox 2345 3749 3882 3808">
    <p class='ocr_par' dir='ltr' id='par_1_99' title="bbox 2345 3749 3882 3808">
     <span class='ocr_line' id='line_1_99' title="bbox 2345 3749 3882 3808; baseline -0.002 -3"><span class='ocrx_word' id='word_1_765' title='bbox 2345 3750 2477 3805; x_wconf 80' lang='lat' dir='ltr'><strong>dacis</strong></span> <span class='ocrx_word' id='word_1_766' title='bbox 2503 3770 2515 3805; x_wconf 85' lang='lat'><strong>:</strong></span> <span class='ocrx_word' id='word_1_767' title='bbox 2544 3751 2753 3807; x_wconf 86' lang='lat' dir='ltr'><strong>volebat</strong></span> <span class='ocrx_word' id='word_1_768' title='bbox 2771 3766 2866 3806; x_wconf 86' lang='lat' dir='ltr'><strong>eos</strong></span> <span class='ocrx_word' id='word_1_769' title='bbox 2899 3752 3037 3807; x_wconf 86' lang='lat' dir='ltr'><strong>Deus</strong></span> <span class='ocrx_word' id='word_1_770' title='bbox 3062 3753 3243 3807; x_wconf 87' lang='lat' dir='ltr'><strong>statim</strong></span> <span class='ocrx_word' id='word_1_771' title='bbox 3266 3754 3319 3807; x_wconf 91' lang='lat' dir='ltr'><strong>in</strong></span> <span class='ocrx_word' id='word_1_772' title='bbox 3350 3753 3676 3808; x_wconf 70' lang='lat' dir='ltr'><strong>Palaestinam</strong></span> <span class='ocrx_word' id='word_1_773' title='bbox 3704 3749 3882 3805; x_wconf 85' lang='lat' dir='ltr'><strong>redire:</strong></span> 
     </span>
    </p>
   </div>
   <div class='ocr_carea' id='block_1_100' title="bbox 2347 3843 3884 3915">
    <p class='ocr_par' dir='ltr' id='par_1_100' title="bbox 2347 3843 3884 3915">
     <span class='ocr_line' id='line_1_100' title="bbox 2347 3843 3884 3915; baseline -0.005 -16"><span class='ocrx_word' id='word_1_774' title='bbox 2347 3845 2425 3899; x_wconf 92' lang='lat' dir='ltr'><strong>illi</strong></span> <span class='ocrx_word' id='word_1_775' title='bbox 2476 3844 2825 3914; x_wconf 78' lang='lat' dir='ltr'><strong>quadraginta</strong></span> <span class='ocrx_word' id='word_1_776' title='bbox 2869 3859 3039 3900; x_wconf 93' lang='lat' dir='ltr'><strong>annos</strong></span> <span class='ocrx_word' id='word_1_777' title='bbox 3093 3845 3195 3899; x_wconf 88' lang='lat' dir='ltr'><strong>sibi</strong></span> <span class='ocrx_word' id='word_1_778' title='bbox 3248 3846 3409 3914; x_wconf 88' lang='lat' dir='ltr'><strong>adjici</strong></span> <span class='ocrx_word' id='word_1_779' title='bbox 3458 3861 3550 3915; x_wconf 88' lang='lat' dir='ltr'><strong>per</strong></span> <span class='ocrx_word' id='word_1_780' title='bbox 3592 3843 3884 3913; x_wconf 85' lang='lat' dir='ltr'><strong>iniquitatem</strong></span> 
     </span>
    </p>
   </div>
   <div class='ocr_carea' id='block_1_101' title="bbox 2348 3936 3880 4007">
    <p class='ocr_par' dir='ltr' id='par_1_101' title="bbox 2348 3936 3880 4007">
     <span class='ocr_line' id='line_1_101' title="bbox 2348 3936 3880 4007; baseline -0.006 -16"><span class='ocrx_word' id='word_1_781' title='bbox 2348 3952 2499 3991; x_wconf 88' lang='lat' dir='ltr'><strong>suam</strong></span> <span class='ocrx_word' id='word_1_782' title='bbox 2518 3946 2828 3991; x_wconf 89' lang='lat' dir='ltr'><strong>meruerunt</strong></span> <span class='ocrx_word' id='word_1_783' title='bbox 2842 3937 2925 4006; x_wconf 69' lang='grc'><strong>(4.</strong></span> <span class='ocrx_word' id='word_1_784' title='bbox 2956 3937 3085 4007; x_wconf 84' lang='lat' dir='ltr'><strong>Reg.</strong></span> <span class='ocrx_word' id='word_1_785' title='bbox 3111 3937 3229 4007; x_wconf 68' lang='lat'><strong>20).</strong></span> <span class='ocrx_word' id='word_1_786' title='bbox 3253 3937 3392 3993; x_wconf 85' lang='lat' dir='ltr'><strong>Vide</strong></span> <span class='ocrx_word' id='word_1_787' title='bbox 3416 3948 3590 3992; x_wconf 90' lang='lat' dir='ltr'><strong>autem</strong></span> <span class='ocrx_word' id='word_1_788' title='bbox 3617 3936 3750 3989; x_wconf 91' lang='lat' dir='ltr'><strong>illum</strong></span> <span class='ocrx_word' id='word_1_789' title='bbox 3771 3946 3880 3985; x_wconf 78' lang='lat' dir='ltr'><strong>eon-</strong></span> 
     </span>
    </p>
   </div>
   <div class='ocr_carea' id='block_1_102' title="bbox 2348 4026 3886 4098">
    <p class='ocr_par' dir='ltr' id='par_1_102' title="bbox 2348 4026 3886 4098">
     <span class='ocr_line' id='line_1_102' title="bbox 2348 4026 3886 4098; baseline -0.005 -17"><span class='ocrx_word' id='word_1_790' title='bbox 2348 4026 2530 4097; x_wconf 88' lang='lat' dir='ltr'><strong>fugere</strong></span> <span class='ocrx_word' id='word_1_791' title='bbox 2556 4026 2622 4081; x_wconf 89' lang='lat' dir='ltr'><strong>ad</strong></span> <span class='ocrx_word' id='word_1_792' title='bbox 2652 4028 2835 4082; x_wconf 58' lang='lat' dir='ltr'><strong>laeum.</strong></span> <span class='ocrx_word' id='word_1_793' title='bbox 2859 4028 3107 4097; x_wconf 81' lang='lat' dir='ltr'><strong>Suspexi,</strong></span> <span class='ocrx_word' id='word_1_794' title='bbox 3130 4029 3326 4098; x_wconf 88' lang='lat' dir='ltr'><strong>inquit,</strong></span> <span class='ocrx_word' id='word_1_795' title='bbox 3350 4030 3403 4083; x_wconf 90' lang='lat' dir='ltr'><strong>in</strong></span> <span class='ocrx_word' id='word_1_796' title='bbox 3430 4028 3634 4089; x_wconf 66' lang='lat' dir='ltr'><strong>cadum,</strong></span> <span class='ocrx_word' id='word_1_797' title='bbox 3661 4034 3710 4080; x_wconf 90' lang='lat' dir='ltr'><strong>et</strong></span> <span class='ocrx_word' id='word_1_798' title='bbox 3732 4035 3886 4078; x_wconf 81' lang='lat' dir='ltr'><strong>rursus</strong></span> 
     </span>
    </p>
   </div>
   <div class='ocr_carea' id='block_1_103' title="bbox 2342 4115 3885 4189">
    <p class='ocr_par' dir='ltr' id='par_1_103' title="bbox 2342 4115 3885 4189">
     <span class='ocr_line' id='line_1_103' title="bbox 2342 4115 3885 4189; baseline -0.004 -18"><span class='ocrx_word' id='word_1_799' title='bbox 2342 4116 2518 4172; x_wconf 80' lang='lat' dir='ltr'><strong>factus</strong></span> <span class='ocrx_word' id='word_1_800' title='bbox 2564 4134 2683 4172; x_wconf 91' lang='lat' dir='ltr'><strong>sum</strong></span> <span class='ocrx_word' id='word_1_801' title='bbox 2728 4118 2909 4173; x_wconf 91' lang='lat' dir='ltr'><strong>homo.</strong></span> <span class='ocrx_word' id='word_1_802' title='bbox 2966 4117 3032 4172; x_wconf 84' lang='lat' dir='ltr'><strong>Et</strong></span> <span class='ocrx_word' id='word_1_803' title='bbox 3060 4123 3224 4189; x_wconf 79' lang='lat' dir='ltr'><strong>[arma</strong></span> <span class='ocrx_word' id='word_1_804' title='bbox 3260 4137 3375 4174; x_wconf 86' lang='lat' dir='ltr'><strong>mea</strong></span> <span class='ocrx_word' id='word_1_805' title='bbox 3399 4136 3590 4173; x_wconf 81' lang='lat' dir='ltr'><strong>reuersa</strong></span> <span class='ocrx_word' id='word_1_806' title='bbox 3616 4128 3682 4172; x_wconf 76' lang='lat' dir='ltr'><strong>est</strong></span> <span class='ocrx_word' id='word_1_807' title='bbox 3713 4115 3772 4169; x_wconf 87' lang='lat' dir='ltr'><strong>ad</strong></span> <span class='ocrx_word' id='word_1_808' title='bbox 3801 4128 3885 4165; x_wconf 73' lang='lat' dir='ltr'><strong>me.</strong></span> 
     </span>
    </p>
   </div>
   <div class='ocr_carea' id='block_1_104' title="bbox 2411 4272 3887 4383">
    <p class='ocr_par' dir='ltr' id='par_1_104' title="bbox 2411 4272 3887 4383">
     <span class='ocr_line' id='line_1_104' title="bbox 2411 4272 3887 4383; baseline 0.001 -62"><span class='ocrx_word' id='word_1_809' title='bbox 2411 4274 2483 4383; x_wconf 47' lang='lat' dir='ltr'><strong>Sa)</strong></span> <span class='ocrx_word' id='word_1_810' title='bbox 2516 4272 2620 4322; x_wconf 90' lang='lat' dir='ltr'><strong>Imo</strong></span> <span class='ocrx_word' id='word_1_811' title='bbox 2637 4280 2827 4335; x_wconf 89' lang='lat' dir='ltr'><strong>septem</strong></span> <span class='ocrx_word' id='word_1_812' title='bbox 2847 4276 2979 4323; x_wconf 88' lang='lat' dir='ltr'><strong>anni.</strong></span> <span class='ocrx_word' id='word_1_813' title='bbox 2997 4276 3152 4325; x_wconf 89' lang='lat' dir='ltr'><strong>Potior</strong></span> <span class='ocrx_word' id='word_1_814' title='bbox 3176 4289 3308 4326; x_wconf 87' lang='lat' dir='ltr'><strong>entm</strong></span> <span class='ocrx_word' id='word_1_815' title='bbox 3327 4277 3570 4333; x_wconf 88' lang='lat' dir='ltr'><strong>sententia</strong></span> <span class='ocrx_word' id='word_1_816' title='bbox 3585 4273 3887 4337; x_wconf 76' lang='lat' dir='ltr'><strong>Josepht,Ter-</strong></span> 
     </span>
     <span class='ocr_line' id='line_1_105' title="bbox 2411 4334 3887 4383; baseline 0 0"><span class='ocrx_word' id='word_1_817' title='bbox 2411 4335 2416 4382; x_wconf 90' lang='lat' dir='ltr'><strong>l</strong></span> <span class='ocrx_word' id='word_1_818' title='bbox 2442 4337 2530 4383; x_wconf 89' lang='lat' dir='ltr'><strong>tani</strong></span> <span class='ocrx_word' id='word_1_819' title='bbox 2552 4375 2565 4383; x_wconf 95' lang='lat'><strong>.</strong></span> <span class='ocrx_word' id='word_1_820' title='bbox 2592 4338 2861 4383; x_wconf 79' lang='lat' dir='ltr'><strong>tlieronvmi</strong></span> <span class='ocrx_word' id='word_1_821' title='bbox 2884 4375 2897 4383; x_wconf 92' lang='lat'><strong>.</strong></span> <span class='ocrx_word' id='word_1_822' title='bbox 2922 4338 3103 4383; x_wconf 75' lang='lat' dir='ltr'><strong>Severi.</strong></span> <span class='ocrx_word' id='word_1_823' title='bbox 3138 4334 3294 4383; x_wconf 74' lang='lat' dir='ltr'><strong>Valde</strong></span> <span class='ocrx_word' id='word_1_824' title='bbox 3330 4340 3479 4383; x_wconf 85' lang='lat' dir='ltr'><strong>miror</strong></span> <span class='ocrx_word' id='word_1_825' title='bbox 3507 4338 3569 4383; x_wconf 87' lang='lat' dir='ltr'><strong>de</strong></span> <span class='ocrx_word' id='word_1_826' title='bbox 3596 4335 3887 4383; x_wconf 87' lang='lat' dir='ltr'><strong>’rheodoreto.</strong></span> 
     </span>
    </p>
   </div>
   <div class='ocr_carea' id='block_1_105' title="bbox 2348 4334 3888 4398">
    <p class='ocr_par' dir='ltr' id='par_1_105' title="bbox 2348 4334 3888 4398">
     <span class='ocr_line' id='line_1_106' title="bbox 2348 4334 3888 4398; baseline -0.005 -13"><span class='ocrx_word' id='word_1_827' title='bbox 2348 4334 2530 4385; x_wconf 81' lang='lat' dir='ltr'><strong>tulliani</strong></span> <span class='ocrx_word' id='word_1_828' title='bbox 2552 4375 2565 4393; x_wconf 92' lang='lat'><strong>,</strong></span> <span class='ocrx_word' id='word_1_829' title='bbox 2592 4334 2861 4398; x_wconf 77' lang='lat' dir='ltr'><strong>Hieronymi</strong></span> <span class='ocrx_word' id='word_1_830' title='bbox 2884 4375 2897 4395; x_wconf 96' lang='lat'><strong>,</strong></span> <span class='ocrx_word' id='word_1_831' title='bbox 2922 4338 3103 4385; x_wconf 74' lang='lat' dir='ltr'><strong>Severi.</strong></span> <span class='ocrx_word' id='word_1_832' title='bbox 3138 4334 3294 4387; x_wconf 73' lang='lat' dir='ltr'><strong>Valde</strong></span> <span class='ocrx_word' id='word_1_833' title='bbox 3330 4340 3479 4388; x_wconf 86' lang='lat' dir='ltr'><strong>miror</strong></span> <span class='ocrx_word' id='word_1_834' title='bbox 3507 4338 3569 4387; x_wconf 91' lang='lat' dir='ltr'><strong>de</strong></span> <span class='ocrx_word' id='word_1_835' title='bbox 3596 4334 3888 4387; x_wconf 81' lang='lat' dir='ltr'><strong>‘rheodoreto,</strong></span> 
     </span>
    </p>
   </div>
   <div class='ocr_carea' id='block_1_106' title="bbox 2348 4398 3888 4460">
    <p class='ocr_par' dir='ltr' id='par_1_106' title="bbox 2348 4398 3888 4460">
     <span class='ocr_line' id='line_1_107' title="bbox 2348 4398 3888 4460; baseline 0.003 -16"><span class='ocrx_word' id='word_1_836' title='bbox 2348 4400 2430 4460; x_wconf 83' lang='lat' dir='ltr'><strong>qui</strong></span> <span class='ocrx_word' id='word_1_837' title='bbox 2454 4411 2562 4460; x_wconf 86' lang='lat' dir='ltr'><strong>eum</strong></span> <span class='ocrx_word' id='word_1_838' title='bbox 2588 4405 2702 4446; x_wconf 88' lang='lat' dir='ltr'><strong>Dan.</strong></span> <span class='ocrx_word' id='word_1_839' title='bbox 2727 4398 2774 4456; x_wconf 89' lang='lat'><strong>7,</strong></span> <span class='ocrx_word' id='word_1_840' title='bbox 2798 4398 2877 4455; x_wconf 72' lang='lat'><strong>25,</strong></span> <span class='ocrx_word' id='word_1_841' title='bbox 2911 4407 2963 4447; x_wconf 91' lang='lat' dir='ltr'><strong>et</strong></span> <span class='ocrx_word' id='word_1_842' title='bbox 2987 4398 3060 4460; x_wconf 71' lang='lat' dir='ltr'><strong>l2,</strong></span> <span class='ocrx_word' id='word_1_843' title='bbox 3087 4400 3133 4457; x_wconf 84' lang='lat'><strong>7,</strong></span> <span class='ocrx_word' id='word_1_844' title='bbox 3160 4413 3301 4460; x_wconf 54' lang='lat' dir='ltr'><strong>meat;</strong></span> <span class='ocrx_word' id='word_1_845' title='bbox 3322 4440 3336 4458; x_wconf 84' lang='lat'><strong>,</strong></span> <span class='ocrx_word' id='word_1_846' title='bbox 3360 4414 3536 4457; x_wconf 80' lang='lat' dir='ltr'><strong>armos,</strong></span> <span class='ocrx_word' id='word_1_847' title='bbox 3559 4401 3888 4460; x_wconf 61' lang='lat' dir='ltr'><strong>interpretetur.</strong></span> 
     </span>
    </p>
   </div>
   <div class='ocr_carea' id='block_1_107' title="bbox 2348 4426 3890 4525">
    <p class='ocr_par' dir='ltr' id='par_1_107' title="bbox 2348 4426 3890 4525">
     <span class='ocr_line' id='line_1_108' title="bbox 2348 4426 3888 4460; baseline -0.001 -14"><span class='ocrx_word' id='word_1_848' title='bbox 2348 4426 2430 4459; x_wconf 69' lang='lat' dir='ltr'><strong>qui</strong></span> <span class='ocrx_word' id='word_1_849' title='bbox 2454 4426 2562 4445; x_wconf 67' lang='grc' dir='ltr'>ιιυιυ</span> <span class='ocrx_word' id='word_1_850' title='bbox 2590 4426 2702 4446; x_wconf 79' lang='grc' dir='ltr'><strong>υιιυ-</strong></span> <span class='ocrx_word' id='word_1_851' title='bbox 2735 4426 2774 4456; x_wconf 78' lang='grc' dir='ltr'><strong>ι,</strong></span> <span class='ocrx_word' id='word_1_852' title='bbox 2800 4426 2877 4455; x_wconf 67' lang='grc' dir='ltr'><strong>ευ,</strong></span> <span class='ocrx_word' id='word_1_853' title='bbox 2911 4426 2963 4447; x_wconf 69' lang='grc' dir='ltr'><strong>σι</strong></span> <span class='ocrx_word' id='word_1_854' title='bbox 2989 4426 3060 4457; x_wconf 60' lang='grc' dir='ltr'><strong>ιθ,</strong></span> <span class='ocrx_word' id='word_1_855' title='bbox 3095 4426 3133 4457; x_wconf 74' lang='grc' dir='ltr'><strong>ι,</strong></span> <span class='ocrx_word' id='word_1_856' title='bbox 3160 4426 3206 4449; x_wconf 72' lang='grc' dir='ltr'><strong>ια</strong></span> <span class='ocrx_word' id='word_1_857' title='bbox 3261 4426 3301 4458; x_wconf 73' lang='grc' dir='ltr'><strong>υς</strong></span> <span class='ocrx_word' id='word_1_858' title='bbox 3322 4440 3336 4458; x_wconf 82' lang='grc'>,</span> <span class='ocrx_word' id='word_1_859' title='bbox 3360 4426 3536 4457; x_wconf 72' lang='lat' dir='ltr'><strong>mum,</strong></span> <span class='ocrx_word' id='word_1_860' title='bbox 3561 4426 3888 4460; x_wconf 69' lang='grc' dir='ltr'><strong>ιυισιμῡιιι-ς</strong></span> 
     </span>
     <span class='ocr_line' id='line_1_109' title="bbox 2348 4426 3890 4525; baseline -0.003 -18"><span class='ocrx_word' id='word_1_861' title='bbox 2348 4459 2427 4525; x_wconf 80' lang='lat' dir='ltr'><strong>hic</strong></span> <span class='ocrx_word' id='word_1_862' title='bbox 2450 4458 2788 4525; x_wconf 62' lang='lat' dir='ltr'><strong>Qltr&#39;ysostomo</strong></span> <span class='ocrx_word' id='word_1_863' title='bbox 2810 4460 2957 4509; x_wconf 85' lang='lat' dir='ltr'><strong>favet.</strong></span> <span class='ocrx_word' id='word_1_864' title='bbox 2997 4459 3053 4509; x_wconf 92' lang='lat' dir='ltr'><strong>1n</strong></span> <span class='ocrx_word' id='word_1_865' title='bbox 3087 4426 3544 4525; x_wconf 52' lang='lat' dir='ltr'><strong>Pseudd-Epiphauii</strong></span> <span class='ocrx_word' id='word_1_866' title='bbox 3575 4460 3690 4509; x_wconf 89' lang='lat' dir='ltr'><strong>libro</strong></span> <span class='ocrx_word' id='word_1_867' title='bbox 3719 4458 3774 4506; x_wconf 89' lang='lat' dir='ltr'><strong>de</strong></span> <span class='ocrx_word' id='word_1_868' title='bbox 3795 4463 3890 4503; x_wconf 77' lang='lat' dir='ltr'><strong>Pro-</strong></span> 
     </span>
    </p>
   </div>
   <div class='ocr_carea' id='block_1_108' title="bbox 2350 4521 3892 4586">
    <p class='ocr_par' dir='ltr' id='par_1_108' title="bbox 2350 4521 3892 4586">
     <span class='ocr_line' id='line_1_110' title="bbox 2350 4521 3892 4586; baseline 0.002 -18"><span class='ocrx_word' id='word_1_869' title='bbox 2350 4521 2511 4581; x_wconf 73' lang='lat' dir='ltr'><strong>pinetis</strong></span> <span class='ocrx_word' id='word_1_870' title='bbox 2536 4521 2559 4569; x_wconf 66' lang='grc' dir='ltr'><em>ί</em></span> <span class='ocrx_word' id='word_1_871' title='bbox 2576 4533 2623 4570; x_wconf 78' lang='grc' dir='ltr'><strong>τὰ</strong></span> <span class='ocrx_word' id='word_1_872' title='bbox 2646 4532 2736 4571; x_wconf 57' lang='lat' dir='ltr'><strong>inti</strong></span> <span class='ocrx_word' id='word_1_873' title='bbox 2757 4532 2833 4581; x_wconf 72' lang='grc' dir='ltr'><strong>ἷτη,</strong></span> <span class='ocrx_word' id='word_1_874' title='bbox 2855 4532 2881 4572; x_wconf 74' lang='grc' dir='ltr'><strong>ἃ.</strong></span> <span class='ocrx_word' id='word_1_875' title='bbox 2904 4528 2995 4572; x_wconf 51' lang='lat' dir='ltr'><strong>{cur</strong></span> <span class='ocrx_word' id='word_1_876' title='bbox 3016 4534 3114 4585; x_wconf 68' lang='grc' dir='ltr'><strong>αὐτῷ</strong></span> <span class='ocrx_word' id='word_1_877' title='bbox 3136 4536 3265 4583; x_wconf 67' lang='grc' dir='ltr'><strong>Δανιὴλ</strong></span> <span class='ocrx_word' id='word_1_878' title='bbox 3289 4521 3567 4586; x_wconf 25' lang='lat' dir='ltr'><strong>insumpsit“</strong></span> <span class='ocrx_word' id='word_1_879' title='bbox 3590 4537 3738 4581; x_wconf 62' lang='lat' dir='ltr'><strong>keian</strong></span> <span class='ocrx_word' id='word_1_880' title='bbox 3757 4529 3892 4580; x_wconf 67' lang='grc' dir='ltr'><strong>τινίσθσι</strong></span> 
     </span>
    </p>
   </div>
   <div class='ocr_carea' id='block_1_109' title="bbox 2350 4590 3891 4647">
    <p class='ocr_par' dir='ltr' id='par_1_109' title="bbox 2350 4590 3891 4647">
     <span class='ocr_line' id='line_1_111' title="bbox 2350 4590 3891 4647; baseline 0.001 -17"><span class='ocrx_word' id='word_1_881' title='bbox 2350 4593 2440 4631; x_wconf 64' lang='grc' dir='ltr'><strong>ἑπτὰ</strong></span> <span class='ocrx_word' id='word_1_882' title='bbox 2462 4600 2572 4641; x_wconf 73' lang='grc' dir='ltr'><strong>μῆνας</strong></span> <span class='ocrx_word' id='word_1_883' title='bbox 2589 4621 2600 4637; x_wconf 82' lang='grc'><em>,</em></span> <span class='ocrx_word' id='word_1_884' title='bbox 2623 4590 2787 4643; x_wconf 54' lang='lat' dir='ltr'><strong>hinc»;</strong></span> <span class='ocrx_word' id='word_1_885' title='bbox 2810 4599 2888 4645; x_wconf 66' lang='grc' dir='ltr'><strong>περὶ</strong></span> <span class='ocrx_word' id='word_1_886' title='bbox 2909 4595 3019 4633; x_wconf 65' lang='grc' dir='ltr'><strong>αὑτοῦ</strong></span> <span class='ocrx_word' id='word_1_887' title='bbox 3040 4597 3125 4646; x_wconf 74' lang='grc' dir='ltr'><strong>πρὸς</strong></span> <span class='ocrx_word' id='word_1_888' title='bbox 3158 4598 3301 4647; x_wconf 69' lang='grc' dir='ltr'><strong>Κὺριον.</strong></span> <span class='ocrx_word' id='word_1_889' title='bbox 3325 4599 3377 4636; x_wconf 84' lang='grc' dir='ltr'><strong>Τὸ</strong></span> <span class='ocrx_word' id='word_1_890' title='bbox 3396 4599 3585 4647; x_wconf 68' lang='grc' dir='ltr'><strong>μυστήριον</strong></span> <span class='ocrx_word' id='word_1_891' title='bbox 3604 4602 3669 4634; x_wconf 71' lang='grc' dir='ltr'><strong>τύυ</strong></span> <span class='ocrx_word' id='word_1_892' title='bbox 3687 4594 3767 4632; x_wconf 64' lang='grc' dir='ltr'><strong>ἐπὸ</strong></span> <span class='ocrx_word' id='word_1_893' title='bbox 3786 4595 3891 4639; x_wconf 48' lang='lat' dir='ltr'><strong>mea</strong></span> 
     </span>
    </p>
   </div>
   <div class='ocr_carea' id='block_1_110' title="bbox 2351 4648 3893 4707">
    <p class='ocr_par' dir='ltr' id='par_1_110' title="bbox 2351 4648 3893 4707">
     <span class='ocr_line' id='line_1_112' title="bbox 2351 4648 3893 4707; baseline 0.003 -15"><span class='ocrx_word' id='word_1_894' title='bbox 2351 4656 2515 4704; x_wconf 69' lang='grc' dir='ltr'><strong>ιτιλισθη</strong></span> <span class='ocrx_word' id='word_1_895' title='bbox 2540 4658 2592 4694; x_wconf 73' lang='grc' dir='ltr'><strong>ἐπ’</strong></span> <span class='ocrx_word' id='word_1_896' title='bbox 2618 4658 2737 4702; x_wconf 69' lang='grc' dir='ltr'><strong>αἰετὸν,</strong></span> <span class='ocrx_word' id='word_1_897' title='bbox 2760 4656 2817 4696; x_wconf 81' lang='grc' dir='ltr'><strong>ὃτι</strong></span> <span class='ocrx_word' id='word_1_898' title='bbox 2836 4658 3126 4705; x_wconf 58' lang='lat' dir='ltr'><strong>dumdum!“</strong></span> <span class='ocrx_word' id='word_1_899' title='bbox 3150 4658 3239 4697; x_wconf 61' lang='grc' dir='ltr'><strong>ἰατὰ</strong></span> <span class='ocrx_word' id='word_1_900' title='bbox 3260 4661 3422 4707; x_wconf 63' lang='grc' dir='ltr'><strong>μεσίτης.</strong></span> <span class='ocrx_word' id='word_1_901' title='bbox 3448 4648 3495 4705; x_wconf 72' lang='grc' dir='ltr'><strong>ἐξ</strong></span> <span class='ocrx_word' id='word_1_902' title='bbox 3520 4652 3581 4696; x_wconf 71' lang='grc' dir='ltr'><strong>οὗν</strong></span> <span class='ocrx_word' id='word_1_903' title='bbox 3597 4657 3655 4703; x_wconf 77' lang='grc' dir='ltr'><strong>ἱτη</strong></span> <span class='ocrx_word' id='word_1_904' title='bbox 3676 4660 3731 4699; x_wconf 78' lang='lat' dir='ltr'><strong>ul</strong></span> <span class='ocrx_word' id='word_1_905' title='bbox 3748 4654 3781 4697; x_wconf 71' lang='grc' dir='ltr'><strong>Ῐξ</strong></span> <span class='ocrx_word' id='word_1_906' title='bbox 3800 4656 3893 4700; x_wconf 50' lang='lat' dir='ltr'><strong>Pi“;</strong></span> 
     </span>
    </p>
   </div>
   <div class='ocr_carea' id='block_1_111' title="bbox 2349 4714 3894 4770">
    <p class='ocr_par' dir='ltr' id='par_1_111' title="bbox 2349 4714 3894 4770">
     <span class='ocr_line' id='line_1_113' title="bbox 2349 4714 3894 4770; baseline 0.004 -17"><span class='ocrx_word' id='word_1_907' title='bbox 2349 4714 2538 4755; x_wconf 69' lang='grc' dir='ltr'><strong>ὓπὶιιπτιν</strong></span> <span class='ocrx_word' id='word_1_908' title='bbox 2561 4720 2680 4768; x_wconf 59' lang='lat' dir='ltr'><strong>Rupit,»</strong></span> <span class='ocrx_word' id='word_1_909' title='bbox 2700 4724 2750 4769; x_wconf 82' lang='grc' dir='ltr'><strong>τῷ</strong></span> <span class='ocrx_word' id='word_1_910' title='bbox 2865 4748 2876 4764; x_wconf 84' lang='grc'><em>,</em></span> <span class='ocrx_word' id='word_1_911' title='bbox 2898 4720 2961 4757; x_wconf 67' lang='grc' dir='ltr'><strong>καὶ</strong></span> <span class='ocrx_word' id='word_1_912' title='bbox 2981 4719 3229 4770; x_wconf 62' lang='grc' dir='ltr'><strong>ἐξωμολογεῖτο</strong></span> <span class='ocrx_word' id='word_1_913' title='bbox 3250 4723 3316 4767; x_wconf 72' lang='grc' dir='ltr'><strong>τὴν</strong></span> <span class='ocrx_word' id='word_1_914' title='bbox 3338 4722 3508 4759; x_wconf 58' lang='lat' dir='ltr'><strong>deiﬁcum:</strong></span> <span class='ocrx_word' id='word_1_915' title='bbox 3529 4716 3649 4758; x_wconf 61' lang='lat' dir='ltr'><strong>rho-3&#39;</strong></span> <span class='ocrx_word' id='word_1_916' title='bbox 3669 4719 3725 4756; x_wconf 64' lang='lat' dir='ltr'><strong>Iul</strong></span> <span class='ocrx_word' id='word_1_917' title='bbox 3743 4715 3822 4763; x_wconf 71' lang='grc' dir='ltr'><strong>ριτά</strong></span> <span class='ocrx_word' id='word_1_918' title='bbox 3841 4714 3894 4759; x_wconf 57' lang='grc' dir='ltr'><strong>τήν</strong></span> 
     </span>
    </p>
   </div>
   <div class='ocr_carea' id='block_1_112' title="bbox 2348 4773 3895 4835">
    <p class='ocr_par' dir='ltr' id='par_1_112' title="bbox 2348 4773 3895 4835">
     <span class='ocr_line' id='line_1_114' title="bbox 2348 4773 3895 4835; baseline 0.001 -19"><span class='ocrx_word' id='word_1_919' title='bbox 2348 4774 2473 4835; x_wconf 47' lang='lat' dir='ltr'><strong>igere</strong></span> <span class='ocrx_word' id='word_1_920' title='bbox 2495 4784 2558 4825; x_wconf 80' lang='grc' dir='ltr'><strong>τῆς</strong></span> <span class='ocrx_word' id='word_1_921' title='bbox 2578 4780 2725 4835; x_wconf 51' lang='lat' dir='ltr'><strong>dventu:</strong></span> <span class='ocrx_word' id='word_1_922' title='bbox 2748 4777 3077 4835; x_wconf 44' lang='lat' dir='ltr'><strong>«homﬁnitimtv</strong></span> <span class='ocrx_word' id='word_1_923' title='bbox 3094 4781 3231 4835; x_wconf 50' lang='lat' dir='ltr'><strong>«Md</strong></span> <span class='ocrx_word' id='word_1_924' title='bbox 3254 4783 3343 4828; x_wconf 77' lang='grc' dir='ltr'><strong>θεὸς</strong></span> <span class='ocrx_word' id='word_1_925' title='bbox 3363 4784 3429 4831; x_wconf 66' lang='grc' dir='ltr'><strong>τήν</strong></span> <span class='ocrx_word' id='word_1_926' title='bbox 3454 4782 3643 4831; x_wconf 55' lang='lat' dir='ltr'><strong>paetum.</strong></span> 
     </span>
    </p>
   </div>
   <div class='ocr_carea' id='block_1_113' title="bbox 2350 4823 3891 4893">
    <p class='ocr_par' dir='ltr' id='par_1_113' title="bbox 2350 4823 3891 4893">
     <span class='ocr_line' id='line_1_115' title="bbox 2350 4823 3891 4893; baseline 0.006 -18"><span class='ocrx_word' id='word_1_927' title='bbox 2350 4823 2601 4877; x_wconf 80' lang='lat' dir='ltr'><strong>daciorum</strong></span> <span class='ocrx_word' id='word_1_928' title='bbox 2631 4823 2952 4893; x_wconf 68' lang='lat' dir='ltr'><strong>loquacissimi</strong></span> <span class='ocrx_word' id='word_1_929' title='bbox 2987 4823 3233 4892; x_wconf 77' lang='lat' dir='ltr'><strong>scriptoris</strong></span> <span class='ocrx_word' id='word_1_930' title='bbox 3268 4823 3423 4881; x_wconf 75' lang='lat' dir='ltr'><strong>verba</strong></span> <span class='ocrx_word' id='word_1_931' title='bbox 3454 4823 3519 4881; x_wconf 75' lang='lat' dir='ltr'><strong>eo</strong></span> <span class='ocrx_word' id='word_1_932' title='bbox 3549 4829 3743 4893; x_wconf 61' lang='lat' dir='ltr'><strong>protuli.</strong></span> <span class='ocrx_word' id='word_1_933' title='bbox 3764 4834 3814 4874; x_wconf 72' lang='grc' dir='ltr'><strong>ιιι</strong></span> <span class='ocrx_word' id='word_1_934' title='bbox 3834 4823 3891 4871; x_wconf 69' lang='grc' dir='ltr'><strong>³ο·</strong></span> 
     </span>
    </p>
   </div>
   <div class='ocr_carea' id='block_1_114' title="bbox 2351 4890 3893 4956">
    <p class='ocr_par' dir='ltr' id='par_1_114' title="bbox 2351 4890 3893 4956">
     <span class='ocr_line' id='line_1_116' title="bbox 2351 4890 3893 4956; baseline -0.001 -21"><span class='ocrx_word' id='word_1_935' title='bbox 2351 4902 2478 4945; x_wconf 88' lang='lat' dir='ltr'><strong>eum,</strong></span> <span class='ocrx_word' id='word_1_936' title='bbox 2500 4890 2674 4956; x_wconf 72' lang='lat' dir='ltr'><strong>Petavii</strong></span> <span class='ocrx_word' id='word_1_937' title='bbox 2693 4890 2870 4956; x_wconf 82' lang='lat' dir='ltr'><strong>judicio</strong></span> <span class='ocrx_word' id='word_1_938' title='bbox 2896 4890 3172 4956; x_wconf 44' lang='lat' dir='ltr'><strong>corrupt—um</strong></span> <span class='ocrx_word' id='word_1_939' title='bbox 3194 4931 3207 4950; x_wconf 92' lang='lat'><strong>,</strong></span> <span class='ocrx_word' id='word_1_940' title='bbox 3235 4890 3565 4943; x_wconf 59' lang='lat' dir='ltr'><strong>enlend&#39;arem&#39;.</strong></span> <span class='ocrx_word' id='word_1_941' title='bbox 3592 4893 3660 4940; x_wconf 86' lang='lat' dir='ltr'><strong>sic</strong></span> <span class='ocrx_word' id='word_1_942' title='bbox 3681 4892 3893 4956; x_wconf 75' lang='lat' dir='ltr'><strong>interpre-</strong></span> 
     </span>
    </p>
   </div>
   <div class='ocr_carea' id='block_1_115' title="bbox 2350 4952 3894 5016">
    <p class='ocr_par' dir='ltr' id='par_1_115' title="bbox 2350 4952 3894 5016">
     <span class='ocr_line' id='line_1_117' title="bbox 2350 4952 3894 5016; baseline 0.001 -18"><span class='ocrx_word' id='word_1_943' title='bbox 2350 4957 2476 4998; x_wconf 90' lang='lat' dir='ltr'><strong>tatur</strong></span> <span class='ocrx_word' id='word_1_944' title='bbox 2522 4953 2595 4999; x_wconf 86' lang='lat' dir='ltr'><strong>vir</strong></span> <span class='ocrx_word' id='word_1_945' title='bbox 2640 4952 2837 5016; x_wconf 84' lang='lat' dir='ltr'><strong>ingenio</strong></span> <span class='ocrx_word' id='word_1_946' title='bbox 2883 4960 2935 5002; x_wconf 88' lang='lat' dir='ltr'><strong>et</strong></span> <span class='ocrx_word' id='word_1_947' title='bbox 2976 4954 3194 5002; x_wconf 89' lang='lat' dir='ltr'><strong>doctrina</strong></span> <span class='ocrx_word' id='word_1_948' title='bbox 3247 4956 3667 5016; x_wconf 69' lang='lat' dir='ltr'><strong>praestantissimus</strong></span> <span class='ocrx_word' id='word_1_949' title='bbox 3708 4965 3719 4999; x_wconf 92' lang='lat'><strong>:</strong></span> <span class='ocrx_word' id='word_1_950' title='bbox 3770 4952 3894 5014; x_wconf 67' lang='grc' dir='ltr'><strong>ιθωςν</strong></span> 
     </span>
    </p>
   </div>
   <div class='ocr_carea' id='block_1_116' title="bbox 2350 5012 3896 5082">
    <p class='ocr_par' dir='ltr' id='par_1_116' title="bbox 2350 5012 3896 5082">
     <span class='ocr_line' id='line_1_118' title="bbox 2350 5012 3896 5082; baseline 0.003 -22"><span class='ocrx_word' id='word_1_951' title='bbox 2350 5019 2527 5082; x_wconf 73' lang='lat' dir='ltr'><strong>septem</strong></span> <span class='ocrx_word' id='word_1_952' title='bbox 2550 5012 2681 5069; x_wconf 86' lang='lat' dir='ltr'><strong>anni,</strong></span> <span class='ocrx_word' id='word_1_953' title='bbox 2706 5026 2815 5082; x_wconf 75' lang='lat' dir='ltr'><strong>qua:</strong></span> <span class='ocrx_word' id='word_1_954' title='bbox 2837 5020 3051 5082; x_wconf 86' lang='lat' dir='ltr'><strong>tempora</strong></span> <span class='ocrx_word' id='word_1_955' title='bbox 3073 5012 3303 5082; x_wconf 52' lang='lat' dir='ltr'><strong>septem‘a</strong></span> <span class='ocrx_word' id='word_1_956' title='bbox 3330 5015 3529 5067; x_wconf 84' lang='lat' dir='ltr'><strong>Daniele</strong></span> <span class='ocrx_word' id='word_1_957' title='bbox 3550 5018 3779 5082; x_wconf 71' lang='lat' dir='ltr'><strong>vocantur,</strong></span> <span class='ocrx_word' id='word_1_958' title='bbox 3796 5016 3839 5082; x_wconf 69' lang='grc' dir='ltr'><strong>ιιζ</strong></span> <span class='ocrx_word' id='word_1_959' title='bbox 3854 5012 3896 5082; x_wconf 55' lang='lat' dir='ltr'><strong>ﬁt</strong></span> 
     </span>
    </p>
   </div>
   <div class='ocr_carea' id='block_1_117' title="bbox 2351 5073 3895 5139">
    <p class='ocr_par' dir='ltr' id='par_1_117' title="bbox 2351 5073 3895 5139">
     <span class='ocr_line' id='line_1_119' title="bbox 2351 5073 3895 5139; baseline -0.003 -18"><span class='ocrx_word' id='word_1_960' title='bbox 2351 5073 2546 5139; x_wconf 76' lang='lat' dir='ltr'><strong>totidem</strong></span> <span class='ocrx_word' id='word_1_961' title='bbox 2563 5081 2805 5123; x_wconf 84' lang='lat' dir='ltr'><strong>menstrua</strong></span> <span class='ocrx_word' id='word_1_962' title='bbox 2826 5073 2982 5138; x_wconf 83' lang='lat' dir='ltr'><strong>spatia</strong></span> <span class='ocrx_word' id='word_1_963' title='bbox 3004 5073 3399 5127; x_wconf 72' lang='lat' dir='ltr'><strong>contraherentur</strong></span> <span class='ocrx_word' id='word_1_964' title='bbox 3412 5113 3427 5136; x_wconf 93' lang='lat'><strong>,</strong></span> <span class='ocrx_word' id='word_1_965' title='bbox 3454 5076 3668 5139; x_wconf 74' lang='lat' dir='ltr'><strong>precibus</strong></span> <span class='ocrx_word' id='word_1_966' title='bbox 3689 5075 3786 5139; x_wconf 73' lang='lat' dir='ltr'><strong>suis</strong></span> <span class='ocrx_word' id='word_1_967' title='bbox 3799 5073 3895 5119; x_wconf 76' lang='lat' dir='ltr'><strong>obti-</strong></span> 
     </span>
    </p>
   </div>
   <div class='ocr_carea' id='block_1_118' title="bbox 2350 5134 3896 5203">
    <p class='ocr_par' dir='ltr' id='par_1_118' title="bbox 2350 5134 3896 5203">
     <span class='ocr_line' id='line_1_120' title="bbox 2350 5134 3896 5203; baseline 0.002 -20"><span class='ocrx_word' id='word_1_968' title='bbox 2350 5135 2469 5184; x_wconf 89' lang='lat' dir='ltr'><strong>nuit.</strong></span> <span class='ocrx_word' id='word_1_969' title='bbox 2511 5141 2695 5203; x_wconf 80' lang='lat' dir='ltr'><strong>Septem</strong></span> <span class='ocrx_word' id='word_1_970' title='bbox 2713 5134 3137 5203; x_wconf 65' lang='lat' dir='ltr'><strong>ergo&#39;temporum</strong></span> <span class='ocrx_word' id='word_1_971' title='bbox 3166 5134 3521 5203; x_wconf 58' lang='lat' dir='ltr'><strong>ntysterium&#39;in</strong></span> <span class='ocrx_word' id='word_1_972' title='bbox 3542 5136 3624 5187; x_wconf 74' lang='lat' dir='ltr'><strong>illo</strong></span> <span class='ocrx_word' id='word_1_973' title='bbox 3643 5134 3896 5203; x_wconf 62' lang='lat' dir='ltr'><strong>compte!!!&quot;</strong></span> 
     </span>
    </p>
   </div>
   <div class='ocr_carea' id='block_1_119' title="bbox 2349 5195 3895 5259">
    <p class='ocr_par' dir='ltr' id='par_1_119' title="bbox 2349 5195 3895 5259">
     <span class='ocr_line' id='line_1_121' title="bbox 2349 5195 3895 5259; baseline 0.004 -15"><span class='ocrx_word' id='word_1_974' title='bbox 2349 5203 2438 5257; x_wconf 85' lang='lat' dir='ltr'><strong>est,</strong></span> <span class='ocrx_word' id='word_1_975' title='bbox 2463 5195 2589 5258; x_wconf 85' lang='lat' dir='ltr'><strong>quod</strong></span> <span class='ocrx_word' id='word_1_976' title='bbox 2612 5195 2847 5248; x_wconf 74' lang='lat' dir='ltr'><strong>mediator</strong></span> <span class='ocrx_word' id='word_1_977' title='bbox 2870 5195 3051 5259; x_wconf 78' lang='lat' dir='ltr'><strong>septem</strong></span> <span class='ocrx_word' id='word_1_978' title='bbox 3087 5195 3308 5251; x_wconf 59' lang='lat' dir='ltr'><strong>restium.</strong></span> <span class='ocrx_word' id='word_1_979' title='bbox 3337 5209 3411 5251; x_wconf 89' lang='lat' dir='ltr'><strong>Ita</strong></span> <span class='ocrx_word' id='word_1_980' title='bbox 3431 5214 3519 5250; x_wconf 79' lang='lat' dir='ltr'><strong>sea:</strong></span> <span class='ocrx_word' id='word_1_981' title='bbox 3541 5212 3683 5249; x_wconf 83' lang='lat' dir='ltr'><strong>annos</strong></span> <span class='ocrx_word' id='word_1_982' title='bbox 3704 5195 3895 5245; x_wconf 64' lang='lat' dir='ltr'><strong>tetidem-</strong></span> 
     </span>
    </p>
   </div>
   <div class='ocr_carea' id='block_1_120' title="bbox 2351 5260 3894 5327">
    <p class='ocr_par' dir='ltr' id='par_1_120' title="bbox 2351 5260 3894 5327">
     <span class='ocr_line' id='line_1_122' title="bbox 2351 5260 3894 5327; baseline -0.009 -8"><span class='ocrx_word' id='word_1_983' title='bbox 2351 5271 2442 5327; x_wconf 69' lang='grc' dir='ltr'><strong>ιῖιιιξ</strong></span> <span class='ocrx_word' id='word_1_984' title='bbox 2478 5271 2662 5327; x_wconf 70' lang='lat' dir='ltr'><strong>menses</strong></span> <span class='ocrx_word' id='word_1_985' title='bbox 2703 5268 2801 5310; x_wconf 85' lang='lat' dir='ltr'><strong>Deo</strong></span> <span class='ocrx_word' id='word_1_986' title='bbox 2826 5261 3150 5327; x_wconf 59' lang='lat' dir='ltr'><strong>supplicans,</strong></span> <span class='ocrx_word' id='word_1_987' title='bbox 3190 5264 3345 5327; x_wconf 76' lang='lat' dir='ltr'><strong>scelus</strong></span> <span class='ocrx_word' id='word_1_988' title='bbox 3381 5276 3524 5313; x_wconf 84' lang='lat' dir='ltr'><strong>suum</strong></span> <span class='ocrx_word' id='word_1_989' title='bbox 3563 5261 3800 5327; x_wconf 62' lang='lat' dir='ltr'><strong>confessus</strong></span> <span class='ocrx_word' id='word_1_990' title='bbox 3820 5260 3894 5327; x_wconf 50' lang='lat' dir='ltr'><strong>est.</strong></span> 
     </span>
    </p>
   </div>
   <div class='ocr_carea' id='block_1_121' title="bbox 2355 5322 3896 5386">
    <p class='ocr_par' dir='ltr' id='par_1_121' title="bbox 2355 5322 3896 5386">
     <span class='ocr_line' id='line_1_123' title="bbox 2355 5322 3896 5386; baseline -0.005 -18"><span class='ocrx_word' id='word_1_991' title='bbox 2355 5322 2537 5370; x_wconf 74' lang='lat' dir='ltr'><strong>Deinde</strong></span> <span class='ocrx_word' id='word_1_992' title='bbox 2561 5333 2783 5386; x_wconf 73' lang='lat' dir='ltr'><strong>concessa</strong></span> <span class='ocrx_word' id='word_1_993' title='bbox 2802 5322 2966 5372; x_wconf 79' lang='lat' dir='ltr'><strong>delicti</strong></span> <span class='ocrx_word' id='word_1_994' title='bbox 2988 5323 3121 5372; x_wconf 81' lang='lat' dir='ltr'><strong>venia</strong></span> <span class='ocrx_word' id='word_1_995' title='bbox 3140 5359 3154 5383; x_wconf 90' lang='lat'><strong>,</strong></span> <span class='ocrx_word' id='word_1_996' title='bbox 3193 5323 3243 5373; x_wconf 85' lang='lat' dir='ltr'><strong>in</strong></span> <span class='ocrx_word' id='word_1_997' title='bbox 3280 5337 3483 5386; x_wconf 83' lang='lat' dir='ltr'><strong>regnum</strong></span> <span class='ocrx_word' id='word_1_998' title='bbox 3502 5338 3534 5373; x_wconf 93' lang='lat' dir='ltr'><strong>a</strong></span> <span class='ocrx_word' id='word_1_999' title='bbox 3558 5331 3652 5371; x_wconf 87' lang='lat' dir='ltr'><strong>Deo</strong></span> <span class='ocrx_word' id='word_1_1000' title='bbox 3681 5322 3896 5369; x_wconf 79' lang='lat' dir='ltr'><strong>restitutus</strong></span> 
     </span>
    </p>
   </div>
   <div class='ocr_carea' id='block_1_122' title="bbox 2351 5382 3897 5448">
    <p class='ocr_par' dir='ltr' id='par_1_122' title="bbox 2351 5382 3897 5448">
     <span class='ocr_line' id='line_1_124' title="bbox 2351 5382 3897 5448; baseline -0.001 -18"><span class='ocrx_word' id='word_1_1001' title='bbox 2351 5389 2436 5430; x_wconf 80' lang='lat' dir='ltr'><strong>est.</strong></span> <span class='ocrx_word' id='word_1_1002' title='bbox 2464 5389 2558 5444; x_wconf 77' lang='lat' dir='ltr'><strong>Ego</strong></span> <span class='ocrx_word' id='word_1_1003' title='bbox 2581 5382 2679 5443; x_wconf 78' lang='lat' dir='ltr'><strong>legi</strong></span> <span class='ocrx_word' id='word_1_1004' title='bbox 2702 5384 2889 5434; x_wconf 89' lang='lat' dir='ltr'><strong>debere</strong></span> <span class='ocrx_word' id='word_1_1005' title='bbox 2911 5382 3372 5448; x_wconf 45' lang='lat' dir='ltr'><strong>arbitrorﬁmmtaﬁ</strong></span> <span class='ocrx_word' id='word_1_1006' title='bbox 3398 5400 3433 5436; x_wconf 75' lang='grc' dir='ltr'><strong>ιν</strong></span> <span class='ocrx_word' id='word_1_1007' title='bbox 3452 5398 3541 5435; x_wconf 71' lang='grc' dir='ltr'><strong>ίπτά</strong></span> <span class='ocrx_word' id='word_1_1008' title='bbox 3561 5397 3669 5445; x_wconf 69' lang='grc' dir='ltr'><strong>μησεε</strong></span> <span class='ocrx_word' id='word_1_1009' title='bbox 3691 5389 3739 5448; x_wconf 91' lang='lat' dir='ltr'><strong>e_t</strong></span> <span class='ocrx_word' id='word_1_1010' title='bbox 3754 5385 3897 5448; x_wconf 65' lang='lat' dir='ltr'><strong>postea</strong></span> 
     </span>
    </p>
   </div>
   <div class='ocr_carea' id='block_1_123' title="bbox 2351 5444 3898 5509">
    <p class='ocr_par' dir='ltr' id='par_1_123' title="bbox 2351 5444 3898 5509">
     <span class='ocr_line' id='line_1_125' title="bbox 2351 5444 3898 5509; baseline -0.005 -12"><span class='ocrx_word' id='word_1_1011' title='bbox 2351 5454 2389 5497; x_wconf 77' lang='grc' dir='ltr'><strong>ιξ</strong></span> <span class='ocrx_word' id='word_1_1012' title='bbox 2420 5455 2481 5502; x_wconf 65' lang='lat' dir='ltr'><strong>tm</strong></span> <span class='ocrx_word' id='word_1_1013' title='bbox 2514 5459 2572 5509; x_wconf 69' lang='grc' dir='ltr'><strong>ιᾳὶ</strong></span> <span class='ocrx_word' id='word_1_1014' title='bbox 2599 5460 2701 5495; x_wconf 64' lang='lat' dir='ltr'><strong>sum</strong></span> <span class='ocrx_word' id='word_1_1015' title='bbox 2723 5463 2879 5509; x_wconf 43' lang='lat' dir='ltr'><strong>pem,</strong></span> <span class='ocrx_word' id='word_1_1016' title='bbox 2898 5447 3257 5496; x_wconf 85' lang='lat' dir='ltr'><strong>Correctionem</strong></span> <span class='ocrx_word' id='word_1_1017' title='bbox 3292 5444 3538 5497; x_wconf 76' lang='lat' dir='ltr'><strong>confirmat</strong></span> <span class='ocrx_word' id='word_1_1018' title='bbox 3564 5444 3827 5509; x_wconf 28' lang='lat' dir='ltr'><strong>&#39;Dorotbeus</strong></span> <span class='ocrx_word' id='word_1_1019' title='bbox 3859 5444 3898 5487; x_wconf 81' lang='lat' dir='ltr'><strong>iu</strong></span> 
     </span>
    </p>
   </div>
   <div class='ocr_carea' id='block_1_124' title="bbox 2351 5504 3898 5578">
    <p class='ocr_par' dir='ltr' id='par_1_124' title="bbox 2351 5504 3898 5578">
     <span class='ocr_line' id='line_1_126' title="bbox 2351 5504 3898 5578; baseline 0.008 -27"><span class='ocrx_word' id='word_1_1020' title='bbox 2351 5507 2562 5578; x_wconf 41' lang='lat' dir='ltr'><strong>Symnojisi.</strong></span> <span class='ocrx_word' id='word_1_1021' title='bbox 2608 5504 2783 5578; x_wconf 67' lang='lat' dir='ltr'><strong>puniet</strong></span> <span class='ocrx_word' id='word_1_1022' title='bbox 2815 5507 2988 5578; x_wconf 75' lang='lat' dir='ltr'><strong>igitur,</strong></span> <span class='ocrx_word' id='word_1_1023' title='bbox 3032 5510 3217 5570; x_wconf 85' lang='lat' dir='ltr'><strong>inquit,</strong></span> <span class='ocrx_word' id='word_1_1024' title='bbox 3253 5511 3497 5570; x_wconf 80' lang='lat' dir='ltr'><strong>precando</strong></span> <span class='ocrx_word' id='word_1_1025' title='bbox 3533 5509 3597 5557; x_wconf 88' lang='lat' dir='ltr'><strong>ad</strong></span> <span class='ocrx_word' id='word_1_1026' title='bbox 3636 5504 3898 5578; x_wconf 60' lang='grc' dir='ltr'><strong>Αῑιὶδδίζῖξνξξη</strong></span> 
     </span>
    </p>
   </div>
   <div class='ocr_carea' id='block_1_125' title="bbox 2351 5568 3895 5636">
    <p class='ocr_par' dir='ltr' id='par_1_125' title="bbox 2351 5568 3895 5636">
     <span class='ocr_line' id='line_1_127' title="bbox 2351 5568 3895 5636; baseline 0.001 -22"><span class='ocrx_word' id='word_1_1027' title='bbox 2351 5568 2533 5628; x_wconf 70' lang='lat' dir='ltr'><strong>effecit,</strong></span> <span class='ocrx_word' id='word_1_1028' title='bbox 2572 5572 2623 5615; x_wconf 80' lang='lat' dir='ltr'><strong>ut</strong></span> <span class='ocrx_word' id='word_1_1029' title='bbox 2656 5568 2849 5636; x_wconf 69' lang='lat' dir='ltr'><strong>septem&#39;</strong></span> <span class='ocrx_word' id='word_1_1030' title='bbox 2872 5568 2986 5618; x_wconf 85' lang='lat' dir='ltr'><strong>anni</strong></span> <span class='ocrx_word' id='word_1_1031' title='bbox 3024 5568 3141 5632; x_wconf 77' lang='lat' dir='ltr'><strong>quos</strong></span> <span class='ocrx_word' id='word_1_1032' title='bbox 3176 5568 3353 5631; x_wconf 80' lang='lat' dir='ltr'><strong>septem</strong></span> <span class='ocrx_word' id='word_1_1033' title='bbox 3394 5579 3609 5636; x_wconf 79' lang='lat' dir='ltr'><strong>tempora</strong></span> <span class='ocrx_word' id='word_1_1034' title='bbox 3645 5568 3895 5616; x_wconf 57' lang='lat' dir='ltr'><strong>vocatum.</strong></span> 
     </span>
    </p>
   </div>
   <div class='ocr_carea' id='block_1_126' title="bbox 2352 5632 3897 5698">
    <p class='ocr_par' dir='ltr' id='par_1_126' title="bbox 2352 5632 3897 5698">
     <span class='ocr_line' id='line_1_128' title="bbox 2352 5632 3897 5698; baseline -0.003 -23"><span class='ocrx_word' id='word_1_1035' title='bbox 2352 5636 2645 5698; x_wconf 65' lang='lat' dir='ltr'><strong>mutarentur</strong></span> <span class='ocrx_word' id='word_1_1036' title='bbox 2668 5632 2717 5678; x_wconf 88' lang='lat' dir='ltr'><strong>in</strong></span> <span class='ocrx_word' id='word_1_1037' title='bbox 2739 5637 2917 5690; x_wconf 85' lang='lat' dir='ltr'><strong>septem</strong></span> <span class='ocrx_word' id='word_1_1038' title='bbox 2938 5644 3147 5685; x_wconf 83' lang='lat' dir='ltr'><strong>menses.</strong></span> <span class='ocrx_word' id='word_1_1039' title='bbox 3172 5638 3218 5681; x_wconf 83' lang='lat' dir='ltr'><strong>et</strong></span> <span class='ocrx_word' id='word_1_1040' title='bbox 3249 5632 3526 5696; x_wconf 80' lang='lat' dir='ltr'><strong>mysterium</strong></span> <span class='ocrx_word' id='word_1_1041' title='bbox 3546 5636 3719 5698; x_wconf 71' lang='lat' dir='ltr'><strong>septem</strong></span> <span class='ocrx_word' id='word_1_1042' title='bbox 3741 5636 3897 5698; x_wconf 49' lang='lat' dir='ltr'><strong>tempof</strong></span> 
     </span>
    </p>
   </div>
   <div class='ocr_carea' id='block_1_127' title="bbox 2353 5690 3900 5759">
    <p class='ocr_par' dir='ltr' id='par_1_127' title="bbox 2353 5690 3900 5759">
     <span class='ocr_line' id='line_1_129' title="bbox 2353 5690 3900 5759; baseline 0.003 -23"><span class='ocrx_word' id='word_1_1043' title='bbox 2353 5690 2533 5759; x_wconf 68' lang='lat' dir='ltr'><strong>ritmjn</strong></span> <span class='ocrx_word' id='word_1_1044' title='bbox 2548 5690 2632 5759; x_wconf 73' lang='lat' dir='ltr'><strong>illo</strong></span> <span class='ocrx_word' id='word_1_1045' title='bbox 2649 5699 3072 5759; x_wconf 77' lang='lat' dir='ltr'><strong>consunmtarctur.</strong></span> <span class='ocrx_word' id='word_1_1046' title='bbox 3090 5690 3498 5759; x_wconf 50' lang='lat' dir='ltr'><strong>semiuirumque</strong></span> <span class='ocrx_word' id='word_1_1047' title='bbox 3521 5690 3747 5759; x_wconf 73' lang='lat' dir='ltr'><strong>mensium</strong></span> <span class='ocrx_word' id='word_1_1048' title='bbox 3767 5692 3900 5759; x_wconf 57' lang='lat'><strong>$170119</strong></span> 
     </span>
    </p>
   </div>
   <div class='ocr_carea' id='block_1_128' title="bbox 2352 5753 3896 5817">
    <p class='ocr_par' dir='ltr' id='par_1_128' title="bbox 2352 5753 3896 5817">
     <span class='ocr_line' id='line_1_130' title="bbox 2352 5753 3896 5817; baseline -0.001 -19"><span class='ocrx_word' id='word_1_1049' title='bbox 2352 5753 2442 5817; x_wconf 81' lang='lat' dir='ltr'><strong>sibi</strong></span> <span class='ocrx_word' id='word_1_1050' title='bbox 2465 5753 2557 5811; x_wconf 74' lang='lat' dir='ltr'><strong>ipsi</strong></span> <span class='ocrx_word' id='word_1_1051' title='bbox 2580 5753 2847 5811; x_wconf 79' lang='lat' dir='ltr'><strong>restitutus.</strong></span> <span class='ocrx_word' id='word_1_1052' title='bbox 2872 5767 2960 5817; x_wconf 78' lang='lat' dir='ltr'><strong>sea:</strong></span> <span class='ocrx_word' id='word_1_1053' title='bbox 2982 5767 3130 5804; x_wconf 86' lang='lat' dir='ltr'><strong>annos</strong></span> <span class='ocrx_word' id='word_1_1054' title='bbox 3149 5753 3233 5815; x_wconf 75' lang='lat' dir='ltr'><strong>qui</strong></span> <span class='ocrx_word' id='word_1_1055' title='bbox 3255 5753 3651 5817; x_wconf 69' lang='lat' dir='ltr'><strong>desiderabantur</strong></span> <span class='ocrx_word' id='word_1_1056' title='bbox 3673 5758 3715 5800; x_wconf 78' lang='lat' dir='ltr'><strong>et</strong></span> <span class='ocrx_word' id='word_1_1057' title='bbox 3738 5757 3896 5797; x_wconf 71' lang='lat' dir='ltr'><strong>menses</strong></span> 
     </span>
    </p>
   </div>
   <div class='ocr_carea' id='block_1_129' title="bbox 2353 5812 3904 5883">
    <p class='ocr_par' dir='ltr' id='par_1_129' title="bbox 2353 5812 3904 5883">
     <span class='ocr_line' id='line_1_131' title="bbox 2353 5812 3904 5883; baseline 0.001 -23"><span class='ocrx_word' id='word_1_1058' title='bbox 2353 5814 2558 5874; x_wconf 79' lang='lat' dir='ltr'><strong>quinque</strong></span> <span class='ocrx_word' id='word_1_1059' title='bbox 2572 5826 2740 5883; x_wconf 59' lang='lat' dir='ltr'><strong>rorant</strong></span> <span class='ocrx_word' id='word_1_1060' title='bbox 2764 5815 2960 5865; x_wconf 86' lang='lat' dir='ltr'><strong>Domino</strong></span> <span class='ocrx_word' id='word_1_1061' title='bbox 2980 5812 3245 5883; x_wconf 80' lang='lat' dir='ltr'><strong>prostratus</strong></span> <span class='ocrx_word' id='word_1_1062' title='bbox 3266 5820 3352 5881; x_wconf 79' lang='lat' dir='ltr'><strong>fuit</strong></span> <span class='ocrx_word' id='word_1_1063' title='bbox 3370 5853 3385 5878; x_wconf 87' lang='lat'><strong>,</strong></span> <span class='ocrx_word' id='word_1_1064' title='bbox 3411 5816 3698 5879; x_wconf 80' lang='lat' dir='ltr'><strong>impietatem</strong></span> <span class='ocrx_word' id='word_1_1065' title='bbox 3722 5821 3845 5862; x_wconf 78' lang='lat' dir='ltr'><strong>suam</strong></span> <span class='ocrx_word' id='word_1_1066' title='bbox 3866 5812 3904 5857; x_wconf 74' lang='grc' dir='ltr'><strong>ει</strong></span> 
     </span>
    </p>
   </div>
   <div class='ocr_carea' id='block_1_130' title="bbox 2355 5878 3249 5940">
    <p class='ocr_par' dir='ltr' id='par_1_130' title="bbox 2355 5878 3249 5940">
     <span class='ocr_line' id='line_1_132' title="bbox 2355 5878 3249 5940; baseline 0.004 -16"><span class='ocrx_word' id='word_1_1067' title='bbox 2355 5886 2540 5924; x_wconf 77' lang='lat' dir='ltr'><strong>cautem</strong></span> <span class='ocrx_word' id='word_1_1068' title='bbox 2564 5878 2856 5938; x_wconf 77' lang='lat' dir='ltr'><strong>im‘quitatem</strong></span> <span class='ocrx_word' id='word_1_1069' title='bbox 2878 5878 3134 5940; x_wconf 78' lang='lat' dir='ltr'><strong>confessus,</strong></span> <span class='ocrx_word' id='word_1_1070' title='bbox 3156 5887 3249 5931; x_wconf 90' lang='lat' dir='ltr'><strong>etc.</strong></span> 
     </span>
    </p>
   </div>
  </div>
