4126 6294
381 238 477 293 εει

384 348 839 419 Quemadmodum
887 344 1054 400 forma
1081 344 1217 398 illius
1245 341 1463 395 multum
1495 339 1704 408 quidem
1732 337 1799 390 ab
1845 334 1945 388 ltu-

381 457 536 499 ntana
568 451 687 497 erat
711 450 911 494 mutata
936 456 950 503 ;
978 455 1081 492 non
1114 446 1287 490 tamen
1336 435 1387 488 in
1419 433 1638 486 bestiam
1666 443 1955 483 conversus

384 536 549 590 fuerat
580 554 595 589 :
626 535 697 588 ita
730 544 781 586 et
807 548 957 587 meus
979 530 1137 585 illius.
1173 529 1235 582 Et
1259 527 1423 599 quid?
1454 523 1685 580 Laudavi
1710 532 1764 577 et
1789 522 1954 593 glori-

388 627 556 680 licavi.
590 624 869 693 Quodnam
901 620 1199 676 indicium?
1224 618 1557 679 Altissimum,
1590 615 1781 685 inquit,
1806 614 1954 667 bene-

389 721 512 785 dixi,
542 728 591 772 et
617 718 857 771 viventem
880 716 931 768 in
950 714 1136 768 sarcula
1162 712 1383 778 laudavi,
1406 727 1465 763 ac
1485 706 1785 779 gloriﬁcavi.
1816 705 1955 762 Nihil

387 812 522 867 enim
570 810 642 864 ita
704 809 921 878 dignum
973 806 1083 861 Deo
1140 820 1259 859 esse
1300 813 1533 873 putatur,
1585 812 1643 856 ut
1694 810 1955 870 perpetuo

382 902 657 957 exsistere.
689 899 823 966 Quia
858 906 1075 968 potestas
1103 896 1234 965 ejus,
1268 894 1454 964 inquit,
1484 902 1711 962 potestas
1744 902 1953 956 interna,

385 1007 430 1050 et
466 1011 676 1065 regnum
700 995 811 1064 ejus
834 993 886 1045 in
920 991 1288 1062 generationem
1325 997 1375 1041 et
1400 986 1792 1056 generationem.
1815 984 1957 1052 Quo—

383 1087 519 1141 niam
548 1086 601 1138 iu
626 1098 693 1139 eo
715 1082 1049 1153 potissimum
1091 1081 1251 1134 homo
1278 1078 1347 1132 ab
1372 1078 1465 1132 illo
1493 1077 1828 1146 distinguitur
1860 1094 1874 1130 :
1903 1085 1958 1130 et

383 1178 480 1231 hoc
521 1185 639 1231 erat
666 1175 807 1245 quod
855 1171 996 1242 apud
1047 1172 1289 1226 homines
1344 1170 1556 1224 beatum
1634 1168 1951 1223 habebatur.

385 1269 517 1335 Quia
560 1274 778 1335 potestas
807 1266 938 1335 ejus,
985 1264 1173 1333 lnquit,
1204 1270 1420 1333 potestas
1456 1271 1665 1321 aeterna,
1718 1261 1771 1313 in
1798 1272 1957 1313 omne

391 1375 600 1431 tempus
623 1359 850 1414 exsistit.
880 1357 1008 1412 Siue
1034 1356 1173 1420 cibo,
1197 1356 1291 1417 ait,
1319 1370 1405 1408 me
1435 1354 1694 1407 nutrivit:
1722 1351 1837 1404 sine
1867 1365 1958 1404 ve-

388 1456 677 1519 stimentis,
708 1452 823 1507 sine
867 1450 984 1503 aliis
1012 1448 1260 1502 omnibus
1304 1446 1467 1499 rebus
1510 1451 1819 1513 corruptum
1852 1456 1958 1495 non

384 1558 464 1602 est
488 1561 667 1601 meum
695 1557 909 1612 corpus.
938 1541 1121 1611 Cogita
1150 1538 1321 1609 qualis
1346 1546 1495 1600 erat,
1525 1536 1651 1589 dtuu
1673 1550 1702 1588 a
1746 1534 1961 1588 deserto

380 1640 443 1694 ad
473 1653 693 1711 regnum
718 1635 892 1691 rediit.
920 1634 1005 1689 53.
1045 1650 1063 1683 ι
1094 1631 1173 1685 Eo
1197 1631 1360 1692 enim,
1401 1648 1420 1680 ι
1454 1627 1641 1698 inquit,
1662 1643 1681 1677 ι
1720 1634 1961 1694 tempore

387 1748 537 1789 mens
582 1746 701 1786 mea
738 1743 948 1785 reversa
996 1734 1079 1781 est
1106 1744 1119 1779 :
1145 1733 1198 1777 et
1250 1723 1316 1777 ad
1357 1724 1616 1776 honorem
1668 1719 1816 1789 regni
1856 1718 1960 1772 mei

386 1824 506 1878 veni
539 1841 554 1877 :
581 1832 635 1877 et
662 1822 831 1876 forma
858 1834 973 1873 mea
999 1817 1157 1872 rediit
1178 1814 1246 1869 ad
1279 1830 1364 1867 me
1392 1832 1405 1867 :
1429 1822 1483 1867 et
1509 1811 1717 1883 tyranni
1751 1809 1853 1863 mci
1875 1850 1888 1873 ,
1909 1816 1964 1862 et

388 1917 674 1986 optimates
700 1914 804 1968 mei
832 1912 1159 1983 qumsierunt
1188 1923 1273 1961 me
1302 1926 1314 1960 :
1345 1917 1399 1959 et
1424 1906 1475 1957 in
1524 1919 1744 1973 regnum
1784 1916 1961 1956 meum

392 2007 737 2063 conﬁrmatus
779 2009 1012 2058 sumzet
1055 1998 1361 2070 magnitudo
1388 1996 1611 2065 amplior
1654 1993 1830 2047 addita
1884 2000 1966 2045 est

391 2100 539 2155 mihi.
576 2119 595 2151 ι
634 2097 696 2151 Et
728 2097 1027 2165 quwsierunt
1053 2110 1151 2154 me,
1179 2091 1382 2162 inquit,
1415 2089 1679 2154 aptimates
1709 2086 1844 2149 mei;
1875 2085 1965 2153 qui

385 2192 749 2248 dominantem
798 2203 860 2243 ac
905 2193 1211 2255 regnantem
1262 2180 1575 2250 expulerant
1616 2186 1674 2232 et
1720 2176 1961 2231 oderant.

390 2287 547 2357 quue
577 2299 641 2339 ex
669 2282 884 2337 decreto
910 2279 1022 2333 Dei.
1054 2276 1178 2330 Ideo
1202 2275 1342 2329 enim
1371 2282 1579 2341 tempus
1604 2269 1872 2329 delinitur.
1898 2282 1967 2321 ne

387 2378 661 2434 existimes
676 2374 961 2445 quidquam
987 2369 1207 2424 fortuito
1228 2366 1495 2423 evenisse.
1523 2362 1590 2417 Et
1602 2379 1808 2433 regnum
1830 2360 1966 2413 illius

390 2472 438 2523 in
475 2468 859 2541 generationem
902 2472 949 2518 et
977 2461 1345 2533 generationem
1380 2472 1399 2510 :
1428 2467 1473 2510 et
1499 2471 1668 2545 omnes
1713 2463 1859 2507 terra:
1888 2452 1966 2503 in-

389 2563 526 2623 cola,
560 2558 707 2628 quasi
760 2554 975 2609 nihilum
1014 2550 1230 2623 reputati
1269 2558 1407 2603 sunt.
1449 2541 1583 2601 Nam
1627 2545 1672 2600 si
1727 2558 1826 2613 ego
1875 2541 1966 2610 qui

390 2652 635 2706 omnibus
666 2646 990 2717 imperabam
1016 2685 1032 2705 ,
1061 2642 1210 2714 quasi
1250 2640 1470 2695 nihilum
1524 2643 1799 2706 reputatus
1825 2648 1964 2698 sum,

391 2744 555 2797 multo
584 2740 752 2810 magis
784 2736 993 2807 reliqui.
1024 2734 1241 2791 Scilicet
1286 2732 1374 2802 qui
1422 2729 1556 2784 adeo
1584 2737 1854 2798 potentem
1900 2725 1969 2780 de

392 2850 555 2904 regno
599 2831 812 2901 deiecit.
860 2829 1029 2884 multo
1067 2826 1235 2896 magis
1280 2823 1567 2893 subjectos.
1599 2820 1663 2875 Et
1692 2818 1969 2874 secundum

393 2927 699 2979 voluntatem
726 2939 870 2977 suam
897 2921 1018 2993 facit
1044 2921 1098 2973 in
1128 2919 1306 2972 virtute
1331 2917 1465 2981 ca'li,
1498 2915 1621 2968 etin
1661 2912 1965 2966 habitatioae

402 3029 567 3073 teme.
598 3015 755 3079 Illud,
799 3013 957 3079 Quasi
1002 3013 1218 3065 nihilum
1261 3008 1479 3080 reputati
1528 3016 1666 3069 sunt,
1696 3020 1801 3059 non
1829 3003 1971 3073 quod

396 3117 705 3166 contemnat
734 3108 875 3171 illos,
902 3105 1057 3167 absit,
1082 3103 1175 3158 sed
1201 3102 1322 3172 quia
1351 3109 1539 3170 potens
1566 3106 1667 3161 est,
1697 3105 1751 3151 et
1780 3111 1970 3164 quem-

394 3206 679 3261 admodum
707 3203 841 3267 vull,
880 3200 1000 3255 illos
1022 3199 1147 3268 agit.
1194 3197 1304 3251 Hoc
1334 3195 1489 3264 igitur
1534 3190 1809 3261 sequentia
1844 3204 1975 3259 quo-

393 3314 488 3366 que
516 3296 799 3351 declarant
830 3312 844 3347 :
874 3290 942 3345 Et
970 3289 1243 3345 secundum
1269 3288 1573 3340 voluntatem
1598 3299 1741 3335 suam
1774 3281 1896 3349 facit
1921 3280 1973 3333 in

393 3394 565 3446 virtute
588 3388 729 3451 cwli,
749 3396 793 3440 et
814 3387 865 3438 in
889 3383 1194 3438 habitatione
1216 3390 1379 3433 terrte.
1402 3376 1531 3429 Esto
1558 3388 1708 3438 sane,
1736 3372 1802 3427 de
1834 3380 1973 3426 terra

395 3485 525 3538 nosti
560 3500 575 3537 :
608 3490 671 3535 at
700 3480 767 3533 de
793 3479 944 3539 ea-lo.
972 3474 1110 3529 unde
1135 3472 1279 3527 scis?
1302 3472 1342 3525 Α
1374 3467 1600 3523 somnio.
1628 3466 1809 3520 Jussit.
1832 3464 1972 3532 Quo-

394 3575 545 3628 modo
597 3568 956 3626 obcdierunt?
1000 3564 1080 3619 Ex
1115 3564 1235 3633 igne
1266 3560 1516 3614 fornacis.
1565 3556 1632 3611 Et
1662 3573 1761 3609 non
1790 3564 1859 3608 est
1887 3554 1974 3625 qui

393 3666 584 3719 resistat
618 3661 800 3716 manui
847 3661 975 3728 ejus.
1009 3666 1054 3709 et
1080 3656 1213 3708 dicat
1264 3653 1307 3705 ei
1342 3667 1359 3704 :
1390 3650 1558 3716 Quare
1603 3648 1803 3718 fecisti?
1852 3646 1966 3700 Νοη

395 3766 595 3810 tantum
624 3796 649 3820 ,_
676 3750 847 3821 inquit
868 3791 881 3813 ,
915 3763 1017 3801 non
1072 3743 1439 3798 adversabitur
1484 3758 1496 3793 :
1530 3739 1623 3795 sed
1656 3753 1755 3792 nec
1801 3737 1976 3791 verbis

395 3857 543 3901 tenus
569 3841 946 3911 interrogabit.
980 3837 1242 3893 Omnibus
1270 3835 1362 3888 ille
1384 3834 1629 3911 imperat,
1661 3829 1838 3885 omnia
1863 3829 1976 3899 ipse

393 3949 488 3994 est.
520 3936 601 3991 Eo
623 3976 640 4001 ,
683 3933 886 4000 inquit,
915 3940 1134 3999 tempore
1158 3943 1298 3980 mens
1327 3940 1436 3977 mea
1465 3905 1662 3977 neversa
1688 3931 1759 3975 est
1784 3920 1850 3972 ad
1876 3936 1973 3972 me.

395 4032 468 4085 Eo
502 4049 515 4084 :
543 4028 699 4100 quo?
730 4025 849 4093 Quo
876 4024 1013 4077 Deus
1036 4022 1265 4075 dixerat.
1298 4018 1451 4073 Unde
1490 4017 1637 4069 illum
1687 4023 1743 4069 et
1790 4013 1842 4066 in
1886 4028 1974 4066 re-

390 4137 548 4191 gnum
580 4114 961 4173 reduxerunt?
1010 4112 1099 4181 qui
1130 4111 1271 4165 enim
1299 4108 1432 4163 adeo
1464 4116 1732 4177 potentem
1763 4104 1976 4172 dejece-

391 4224 546 4277 rant,
590 4208 870 4282 quomodo
903 4205 1170 4260 inﬁrmum
1224 4204 1416 4256 factum
1469 4197 1829 4253 revocarunt?
1863 4215 1879 4246 ι
1914 4196 1979 4249 Et

391 4306 453 4360 ad
486 4304 760 4359 honorem
788 4298 936 4369 regni
968 4297 1072 4350 mei
1098 4294 1219 4348 veni
1255 4313 1267 4347 :
1298 4302 1353 4347 et
1381 4292 1551 4346 forma
1582 4305 1698 4344 mea
1725 4288 1877 4342 rediit
1910 4286 1976 4340 ad

391 4414 475 4460 me
499 4412 514 4450 :
547 4405 605 4450 et
634 4391 850 4465 tyranni
879 4389 979 4443 mei
1003 4398 1055 4443 et
1084 4387 1368 4456 cptituates
1391 4384 1493 4437 mci
1522 4382 1833 4452 quaerebant
1852 4394 1935 4433 me
1961 4393 1975 4431 :

391 4502 442 4545 et
463 4491 514 4544 iu
556 4503 733 4558 regno
765 4499 885 4539 meo
907 4480 1249 4537 confirmatus
1269 4494 1406 4541 sum,
1435 4485 1489 4531 et
1526 4476 1833 4546 magnitudo
1859 4489 1976 4527 am-

394 4585 527 4656 plior
550 4580 740 4636 addita
785 4586 870 4632 est
896 4574 1046 4630 mihi.
1095 4593 1114 4626 ι
1154 4572 1313 4626 Vides
1345 4580 1399 4624 ut
1426 4570 1564 4623 Deus
1595 4580 1647 4623 et
1672 4577 1902 4622 statuere
1927 4575 1980 4620 et

391 4684 639 4730 evertere
663 4670 837 4741 possit
863 4666 1126 4737 regnum?
1156 4663 1444 4733 Oportebat
1468 4661 1728 4730 siquidem
1753 4660 1865 4712 lucc
1886 4674 1979 4728 per

393 4785 473 4836 ca,
500 4784 627 4840 qua:
682 4772 843 4819 antea
881 4757 1539 4831 contigerant,explorata
1593 4752 1833 4807 habere:
1884 4751 1979 4806 sed

393 4862 647 4933 quoniam
683 4868 744 4913 tu
765 4854 1015 4927 ignorasti
1045 4867 1129 4916 ea,
1159 4865 1379 4916 regnum
1411 4848 1660 4902 Dominus
1682 4845 1890 4910 evertit,
1924 4853 1979 4898 et

398 4935 520 5007 illud
546 4953 752 5007 iterum
777 4947 973 5002 erexit.
1024 4944 1112 5000 54.
1144 4961 1162 4993 ‹
1196 4942 1342 4995 Nune
1390 4940 1547 5009 igitur
1572 4954 1669 5008 ego
1698 4937 1981 4991 Nabucho-

400 5044 633 5099 donosor
664 5040 825 5096 laudo
845 5048 899 5093 et
922 5037 1099 5092 exalto
1117 5044 1169 5089 et
1197 5032 1434 5103 gloriﬁco
1464 5030 1664 5099 Regem
1690 5029 1827 5092 caeli,
1858 5028 1980 5097 quia

399 5137 577 5192 omnia
610 5148 782 5204 Opera
833 5130 974 5189 illius
1000 5142 1144 5191 vera,
1186 5134 1237 5178 et
1268 5122 1471 5179 semitae
1506 5121 1619 5190 cjus
1658 5120 1875 5189 judicia,
1929 5126 1983 5171 et

399 5241 581 5282 omnes
609 5223 926 5279 incedentes
954 5220 1004 5273 in
1026 5216 1271 5286 superbia
1299 5221 1473 5283 potest
1495 5211 1791 5264 humiliare.
1826 5228 1843 5260 ι
1870 5208 1979 5261 Dici

405 5321 617 5388 nequit,
649 5332 778 5373 eum
830 5320 1145 5384 potestatem
1190 5307 1402 5377 quidem
1448 5304 1667 5368 habere,
1716 5301 1809 5355 sed
1842 5300 1981 5369 inju-

407 5422 536 5467 stam
568 5429 582 5466 :
616 5410 765 5464 illius
792 5407 989 5477 quippe
1017 5416 1203 5471 magna
1227 5407 1309 5453 est
1331 5395 1553 5465 justitia.
1584 5393 1649 5446 Et
1675 5408 1865 5457 omnes,
1897 5391 1982 5459 qui

408 5503 709 5573 gradiuntur
734 5499 784 5550 in
834 5492 1101 5561 superbia,
1147 5497 1306 5560 potest
1336 5486 1621 5539 humiliore.
1676 5482 1789 5537 Non
1825 5481 1977 5547 dixit,

413 5596 679 5655 llnmiliat,
712 5599 768 5644 ut
794 5584 892 5641 tibi
936 5586 1076 5639 illius
1103 5584 1260 5638 etiam
1312 5578 1758 5648 aequanimitatem
1804 5586 1982 5629 osten-

417 5691 575 5755 deret,
610 5698 663 5745 et
684 5695 743 5741 ut
772 5682 1123 5752 intelligeres,
1146 5675 1285 5748 quod
1315 5689 1425 5729 non
1451 5688 1514 5727 ex
1540 5672 1860 5738 inﬁrmitate,
1881 5670 1975 5724 sed

1757 224 1819 278 ΙΝ
1864 218 2225 276 DANIELEM;

3540 219 3655 275 2'32.

2066 332 2323 400 quodper
2350 346 2511 385 unum
2544 333 2677 388 alios
2706 334 2972 389 emendat.
3009 334 3167 391 \‘ides
3197 335 3485 404 potentiam
3512 335 3537 388 ἲ
3565 336 3642 390 vi-

2064 425 2162 478 des
2208 424 2503 492 justitiam?
2533 426 2682 481 vides
2730 445 2853 498 erga
2906 429 3150 485 humines
3196 431 3669 489 amorem?vides..

2064 518 2179 572 hate
2200 519 2265 572 ab
2291 534 2384 573 ore
2412 518 2637 573 barbaro
2668 524 3035 589 pronuntiari?
3066 524 3319 591 Quisnam
3352 525 3423 577 ita
3467 524 3641 593 philo-

2065 609 2319 677 solihatus
2348 611 2468 664 est?
2488 600 2587 676 Qui
2613 614 2885 680 prephctis
2916 625 3069 669 erant
3096 616 3335 670 innutriti
3360 658 3374 676 .
3405 616 3536 671 nihil
3564 617 3643 671 si-

2066 703 2191 755 tnile
2222 704 2597 772 loquebantur,
2647 705 2745 759 sed
2778 710 3045 762 contraria
3075 710 3305 777 penitus.
3340 708 3461 763 Non
3489 711 3641 780 faciet

2063 795 2187 849 bene
2216 795 2483 861 Dominus,
2506 799 2673 862 aiunt,
2700 809 2747 852 et
2772 816 2873 853 non
2894 803 3045 871 faciet
3069 804 3201 856 male
3225 803 3416 871 (Soph.
3444 805 3497 858 l.~
3524 803 3637 871 12)..

2063 888 2130 943 Et
2155 891 2344 943 iterum
2371 907 2383 941 :
2413 889 2597 944 Nonne
2609 892 2661 943 in
2673 893 2968 961 fortitudine
2992 905 3165 953 nostra
3176 895 3645 957 habuimuscornua

2064 982 2084 1047 (
2111 982 2261 1034 Amos
2288 981 2342 1035 6.
2369 982 2434 1035 Η
2458 983 2520 1049 )?
2548 982 2614 1036 Et
2645 1002 2659 1037 :
2690 983 2866 1038 Omnis
2880 986 2965 1054 qui
2985 985 3104 1050 facit
3133 987 3341 1050 malum,
3370 988 3551 1040 bonum
3570 996 3645 1046 est

2062 1077 2117 1128 in
2141 1088 2409 1145 conspectu
2440 1076 2662 1143 Domini,
2693 1078 2815 1135 etin
2832 1079 2908 1137 his
2921 1080 3222 1147 complacuit
3242 1081 3289 1133 ei
3301 1082 3317 1147 (
3328 1079 3549 1133 Malaclt.
3580 1080 3639 1133 ‘2.

2064 1168 2176 1237 Π).
2201 1170 2261 1222 Et
2286 1187 2300 1223 :
2331 1170 2480 1236 Quod
2491 1170 2874 1223 emolumentum
2895 1212 2909 1233 ,
2938 1171 3055 1240 quia
3084 1172 3344 1225 serviimus
3372 1173 3450 1226 illi
3478 1171 3640 1242 (Ibid.

2063 1262 2116 1315 3.
2150 1260 2283 1332 l4)?
2310 1260 2474 1316 Vides
2526 1262 2581 1317 in
2626 1262 2909 1318 Palaestina
2959 1264 3205 1333 dogmata
3246 1266 3481 1319 satanica
3507 1266 3530 1318 τ
3558 1266 3637 1321 vi.-

2063 1351 2158 1406 des
2199 1352 2252 1405 in
2302 1352 2581 1407 barbarico
2621 1352 2739 1407 solo
2781 1354 3169 1423 pltilos0pbiam
3225 1354 3643 1424 prepheticam?

2066 1444 2189 1499 llarc
2213 1446 2393 1513 ﬁgurae
2415 1454 2539 1499 sunt
2558 1448 2742 1515 gratiae
2770 1446 2909 1516 apud
2948 1456 3135 1516 gentes
3162 1448 3349 1502 futurae
3375 1466 3389 1513 ;
3421 1458 3474 1503 et
3502 1450 3649 1518 quod

2064 1537 2291 1605 gentiles
2319 1537 2551 1592 debeant
2576 1549 2912 1594 antevertcre
2936 1539 3150 1593 Judaeos
3174 1580 3188 1603 ,
3219 1556 3280 1594 ac
3308 1540 3640 1615 przesultarc,

2067 1628 2255 1681 Postea
2288 1629 2530 1684 Baltasar
2558 1631 2658 1699 (a),
2707 1647 2828 1685 cum
2882 1632 2932 1684 in
2962 1632 3050 1684 illo
3081 1632 3324 1685 convivio
3355 1632 3534 1686 ebrius
3561 1648 3645 1690 cs-
3720 1626 3727 1639 ί

2068 1731 2178 1785 set,
2198 1719 2353 1788 jubet
2383 1736 2506 1775 vasa
2534 1722 2687 1776 educi
2722 1742 2734 1775 :
2766 1724 2914 1791 quasi
2956 1724 3005 1776 in
3051 1724 3272 1778 victoria
3324 1725 3487 1791 patris
3532 1725 3647 1793 glo-

2069 1810 2234 1877 rians,
2266 1811 2434 1882 magis
2459 1828 2587 1867 vero
2607 1814 2905 1883 petulanter
2933 1815 3189 1869 insultans
3214 1836 3227 1873 ;
3256 1832 3372 1883 seu,
3397 1817 3644 1885 quoniam

2067 1902 2305 1958 convivae
2332 1918 2517 1959 eorum
2545 1920 2664 1974 qua:
2693 1906 3025 1975 contigerant
3055 1907 3649 1977 fuerantspectatores;

2069 2004 2125 2047 ut
2149 1994 2363 2049 tolleret
2387 2010 2503 2050 eam
2532 2011 2689 2065 quam
2710 1996 2776 2049 de
2797 1998 2904 2051 Deo
2936 1997 3198 2053 habebant
3222 2000 3649 2057 admirationem.

2072 2086 2137 2139 Et
2169 2084 2269 2138 hoc
2294 2101 2359 2143 ex
2388 2087 2631 2155 superbia
2658 2098 2713 2141 et
2742 2088 3003 2143 ebrietate
3028 2088 3315 2151 faciebant.
3357 2091 3651 2145 Caveamus

2071 2178 2451 2243 temulentiam,
2507 2178 2705 2236 dilecti.
2758 2178 2918 2234 Multa
2973 2181 3116 2236 enim
3164 2181 3391 2239 absurda
3440 2183 3507 2235 ab
3548 2184 3647 2236 hac

2070 2269 2222 2325 tiunt.
2247 2269 2352 2325 Sed
2373 2279 2428 2325 et
2450 2286 2672 2341 magnos
2693 2274 2832 2331 viros
2861 2285 3078 2344 superat
3106 2274 3358 2330 ebrietas.
3390 2275 3520 2329 Nam
3547 2276 3659 2330 istc.

2069 2375 2189 2413 eum
2221 2362 2399 2416 vinum
2415 2371 2702 2432 gustasset,
2736 2380 2861 2418 vasa
2903 2361 3081 2420 elferri
3106 2366 3283 2434 jussit.
3316 2366 3518 2434 Quibus
3560 2383 3651 2435 pe-

2071 2463 2319 2529 percerat
2341 2465 2492 2526 pater
2511 2456 2675 2521 illius,
2695 2459 2783 2527 qui
2808 2473 2870 2512 ea
2897 2474 2929 2513 e
2958 2460 3156 2529 templo
3195 2460 3648 2530 deprompserat:

2074 2557 2128 2600 et
2159 2547 2202 2600 is
2222 2561 2343 2601 cum
2368 2547 2598 2617 cepisset
2618 2548 3031 2619 Jcrosolymam,
3062 2566 3166 2605 non
3192 2566 3354 2606 ausus
3379 2561 3461 2605 est
3487 2551 3538 2604 in
3565 2550 3655 2612 hu-

2070 2655 2285 2693 manum
2323 2642 2676 2697 ministerium
2721 2643 2809 2697 illa
2832 2641 3132 2710 deducere;
3158 2648 3277 2705 iste.
3307 2661 3411 2699 non
3438 2645 3538 2707 sibi
3561 2661 3651 2701 so-

2072 2732 2363 2797 lummodo,
2411 2735 2505 2789 sed
2534 2745 2589 2790 et
2626 2737 2978 2806 optimatibus
3032 2736 3150 2793 suis
3193 2747 3248 2795 et
3277 2738 3559 2807 pollicibus
3600 2750 3654 2794 et

2072 2826 2386 2883 concubinis
2413 2826 2469 2885 in
2496 2843 2648 2887 usum
2691 2827 2927 2887 tradidit.

2703 2964 2929 3021 CAPUT
2983 2964 3049 3021 V.

2149 3104 2200 3157 Ι.
2248 3120 2265 3153 ι
2304 3102 2547 3157 Baltasar
2577 3120 2667 3159 rex
2693 3104 2818 3159 fecit
2846 3105 3149 3160 convivium
3182 3103 3381 3175 grande
3422 3104 3656 3174 optima-

2076 3194 2218 3249 tibus
2248 3196 2358 3249 suis
2380 3196 2524 3251 mille
2560 3216 2572 3250 :
2603 3207 2657 3252 et
2696 3212 2727 3253 e
2764 3198 2982 3268 regione
3009 3199 3245 3267 ipsorum
3296 3197 3443 3252 mille
3478 3199 3691 3253 vinum.

2077 3296 2210 3343 erat.
2241 3287 2297 3342 2.
2332 3288 2528 3343 Bibens
2551 3288 2793 3343 Baltasar
2814 3305 2905 3344 rex
2928 3290 3183 3359 praecepit
3213 3289 3264 3342 in
3307 3299 3467 3359 gustu
3503 3290 3608 3342 vini
3637 3331 3653 3355 ,

2078 3392 2136 3437 ut
2162 3383 2420 3439 alierrent
2447 3399 2575 3437 vasa
2606 3399 2766 3439 aurea
2805 3394 2860 3440 et
2883 3394 3132 3455 argentea
3156 3426 3169 3448 ,
3194 3399 3314 3454 qua:
3338 3393 3656 3453 aSportave-

2076 3476 2670 3531 ratNabucltodonosor
2698 3487 2847 3547 pater
2871 3479 2988 3546 ejus
3014 3477 3082 3532 de
3134 3476 3353 3546 templo,
3408 3474 3550 3546 quod
3602 3476 3671 3531 in.

2078 3567 2538 3640 Jerosolymis:et
2562 3569 2808 3623 biberent
2858 3569 2908 3622 in
2948 3568 3053 3623 illis
3100 3584 3195 3623 rex
3232 3610 3247 3631 ,
3279 3578 3331 3622 et
3378 3568 3663 3637 optimates

2079 3658 2216 3727 ejus,
2244 3670 2297 3712 et
2324 3659 2607 3713 concubini
2646 3660 2784 3728 ejus,
2829 3668 2883 3714 et
2909 3660 3129 3729 pellices
3156 3658 3294 3727 ejus.
3330 3659 3382 3712 5.
3404 3658 3470 3711 Et
3498 3658 3661 3711 allata

2080 3760 2205 3807 sunt
2232 3766 2359 3805 vasa
2390 3761 2644 3821 argentea
2688 3761 2741 3804 et
2770 3766 2951 3815 aurea,
2995 3767 3114 3820 qua:
3153 3760 3521 3820 asportaverat
3557 3748 3661 3806 Na-

2081 3843 2493 3898 buchodonosor
2533 3858 2597 3898 ex
2632 3842 2831 3914 templo
2861 3843 2975 3908 Dei,
3007 3842 3146 3911 quod
3174 3843 3227 3897 in
3267 3841 3616 3912 Jerosolymis
3645 3859 3659 3895 :

2081 3948 2135 3993 et
2160 3938 2409 3993 bibebant
2432 3937 2483 3991 in
2507 3937 2587 3991 eis
2612 3952 2729 4002 rex,
2762 3944 2815 3991 et
2838 3936 3121 4006 cptimatcs
3139 3935 3276 4005 ejus,
3300 3944 3354 3991 et
3378 3935 3662 3990 concubini

2081 4030 2216 4099 ejus,
2240 4039 2293 4084 et
2322 4030 2538 4099 pellices
2564 4028 2702 4100 ejus.
2727 4028 2781 4083 4.
2810 4028 2877 4083 Et
2907 4027 3377 4091 bibebantvinum,
3400 4036 3454 4082 et
3480 4026 3664 4080 lauda-

2083 4130 2274 4175 verunt
2303 4120 2432 4174 deos
2461 4135 2672 4183 aureos,
2706 4129 2762 4173 et
2808 4128 3113 4187 argenteos,
3145 4128 3199 4172 et
3229 4134 3430 4183 aeneus,
3460 4127 3528 4187 et.
3558 4117 3663 4171 fer-

2080 4229 2200 4268 reos
2220 4254 2234 4278 ,
2262 4221 2314 4266 et
2335 4213 2558 4282 ligneos,
2587 4221 2640 4267 et
2665 4210 2923 4281 lapideos.
2956 4231 2975 4263 ι
3006 4211 3173 4265 Vides
3195 4226 3319 4266 vasa
3354 4211 3511 4279 capi?
3555 4211 3661 4265 Sed

2079 4306 2201 4360 vide
2224 4321 2409 4360 eorum
2442 4305 2712 4369 virtutem,
2737 4304 2897 4358 etiam
2931 4315 3208 4372 postquam
3235 4311 3387 4371 capta
3417 4311 3540 4356 sunt
3561 4343 3574 4361 ,
3602 4320 3663 4355 at:

2083 4399 2256 4469 posita
2289 4403 2341 4451 in
2394 4397 2657 4451 idolorum
2691 4395 2909 4464 templo.
2942 4396 3068 4450 Esto
3093 4395 3242 4449 deiis
3268 4395 3356 4449 ille
3389 4410 3484 4464 pro
3512 4395 3664 4447 libito

2082 4490 2349 4545 statuerit.
2381 4488 2494 4555 Qua
2531 4488 2596 4542 de
2623 4502 2783 4541 causa
2811 4486 2904 4540 id?
2955 4488 3121 4555 Capta
3172 4497 3297 4540 sunt
3322 4496 3541 4556 propter
3572 4484 3665 4538 Ju-

2083 4582 2318 4636 dreorum
2346 4590 2561 4649 peccata
2596 4596 2609 4632 :
2640 4578 2711 4632 illi
2748 4592 2930 4647 pinnas
2958 4577 3241 4633 dederunt.
3272 4578 3497 4644 Quinam
3541 4575 3665 4630 ﬁnis

2083 4679 2242 4733 etiam
2276 4685 2397 4746 post
2420 4675 2669 4729 ostenta?
2695 4689 2801 4744 quo
2848 4681 3004 4742 pacto
3043 4673 3174 4726 nihil
3212 4672 3352 4740 passi
3393 4679 3516 4725 sunt
3562 4685 3668 4723 ma-

2082 4780 2291 4839 gnates,
2316 4766 2409 4822 sed
2434 4766 2579 4821 solus
2608 4766 2744 4820 rex?
2766 4765 2900 4830 Quia
2940 4766 3146 4819 scilicet
3169 4765 3261 4818 ille
3285 4763 3539 4832 jusserat,
3578 4761 3666 4813 ille

2083 4861 2289 4916 caneris
2317 4868 2505 4913 auctor
2534 4857 2729 4912 fuerat.
2761 4856 3079 4921 Laudarunt,
3113 4856 3305 4924 inquit,
3336 4856 3454 4906 deos
3487 4868 3667 4904 aureos

2084 4964 2130 5007 et
2154 4961 2431 5024 argenteos.
2462 4950 2640 5018 Quare
2666 4949 2781 5002 hace
2819 4948 2957 5018 apud
2990 4948 3111 5000 illos
3140 4946 3361 4999 deorum
3410 4942 3665 4995 dill'cren~

2084 5048 2154 5101 tia
2189 5043 2353 5099 erat?
2373 5041 2623 5097 Diabolus
2649 5040 2869 5109 cupiens
2896 5038 3016 5092 illos
3044 5034 3188 5090 omni
3234 5032 3389 5087 venia
3412 5032 3663 5100 privam,
3692 5092 3697 5097 _

2084 5153 2226 5209 saepe
2254 5138 2504 5208 praecepit
2527 5146 2589 5191 ut
2615 5135 2746 5190 deos
2788 5134 2990 5205 ligneos
3038 5131 3305 5191 facerent,
3359 5139 3426 5179 ne
3451 5126 3518 5179 ab
3552 5125 3663 5193 ipsa

2147 5299 2220 5361 (α)
2255 5294 2331 5347 Ab
2359 5296 2436 5345 bis
2458 5295 2689 5361 vocibus,
2716 5287 3144 5361 Postea/inlusam
3171 5283 3488 5361 inchoandum
3521 5292 3668 5361 caput

2084 5347 2303 5423 quintum
2334 5366 2552 5423 putarem
2581 5356 2643 5415 (si
2678 5347 2839 5423 tamen
2877 5353 2941 5398 ita
2964 5349 3281 5423 distribpurat
3303 5355 3497 5416 sanctus
3520 5347 3666 5416 (ῖιιινχ-

2084 5409 2358 5481 έοδῐοιηιΙΞΪ,
2386 5422 2473 5467 nisi
2498 5409 2608 5479 quae
2633 5420 2904 5481 sequuntur
2927 5413 2984 5460 ad
3010 5409 3314 5481 doxologia‘m
3340 5410 3490 5467 magis
3519 5412 3666 5479 perti-

2086 5470 2210 5535 nere
2265 5470 2565 5532 viderentur.
2620 5470 2741 5525 Sane
2789 5477 2829 5521 is
2874 5488 2899 5520 a
2946 5486 3042 5534 quo
3086 5471 3213 5518 hunc
3258 5470 3700 5535 commentarium,

2086 5531 2373 5607 accepimus,
2394 5544 2507 5591 dum
2533 5539 2609 5588 vel
2636 5531 2975 5607 indiligentius
2988 5535 3162 5607 dictata
3185 5531 3398 5604 magistri
3422 5533 3664 5591 excerpit,

2087 5592 2499 5669 perorantem
2515 5601 2716 5669 assequi
2742 5592 2835 5669 non
2858 5596 2989 5669 valet
3006 5631 3018 5653 ,
3047 5592 3125 5669 vel
3222 5597 3469 5657 epitomen
3495 5601 3689 5647 cuncta,

2088 5655 2431 5735 redigiuopus
2456 5664 2595 5717 valde
2621 5655 2957 5723 imperfectum
2989 5655 3200 5717 reliquit.
