4054 6320
718 290 827 345 2‘25

712 407 1019 476 ὀλόκληρον.
1047 407 1223 476 ’Ὅπερ
1266 401 1357 460 οὖν
1389 407 1483 460 καὶ
1522 406 1617 459 ἐπὶ
1662 405 2000 474 Σολομῶντος
2038 402 2278 471 γέγονεν.

713 515 789 567 Οὐ
819 513 976 585 μόνον
1005 514 1067 566 τὸ
1098 516 1173 585 μὴ
1197 514 1381 568 λαϐεῖν
1407 513 1497 567 τὸν
1535 513 1672 575 υίδν,
1706 512 1841 567 ἀλλὰ
1872 513 1967 566 καὶ
1993 510 2054 564 τὸ
2081 511 2281 579 διαιρε-

714 621 889 692 θῆναι.
912 623 1055 693 Ὅρα
1080 621 1510 694 ἀπολογούμενον
1531 621 1676 693 αὐτῷ
1695 621 1788 676 τὸν
1805 621 1936 676 Θεόν
1956 638 1970 653 ο
1994 622 2094 692 ὅρα
2115 619 2279 673 αὑτὸν

712 731 883 782 αἴτιον
913 730 1060 786 ὃντα;
1101 728 1182 787 Οὗ
1214 734 1253 801 ὴ
1283 731 1438 798 πνοή
1468 749 1606 791 σου,
1630 733 1781 803 φησὶ,
1802 732 1870 785 ὲν
1898 730 2047 801 χειρὶ
2068 729 2275 785 αὐτοῦ.

712 833 801 903 Μὴ
820 833 927 904 γάρ
947 835 1045 888 οὐκ
1066 836 1295 905 ἠδύνατο
1317 837 1516 900 εὐθέως
1536 855 1593 890 σε
1611 838 1849 900 ἀνελεῖνς
1879 838 2017 890 Ἀλλ’
2040 839 2277 907 ἐμακρο-

712 937 972 1011 θύμησεν.
995 942 1124 995 Τίνα
1154 944 1253 997 οὐκ
1280 944 1345 997 ἂν
1373 944 1636 1015 ἐφόϐησεν
1663 946 1695 1015 ἡ
1718 946 1974 1016 τιμωρία,
1995 944 2279 999 καὶταῦτα

710 1048 876 1117 ἐγγὺς
910 1044 1074 1114 οὗσα;
1116 1048 1267 1114 Εἶδες
1298 1052 1395 1121 τὴν
1429 1053 1514 1122 ἐφ’
1547 1053 1781 1123 ἑκάτερα
1820 1052 2081 1123 δύναμιν;
2115 1052 2277 1104 πόθεν

709 1156 858 1222 ἄξιος
890 1154 961 1221 εἴ,
988 1160 1108 1212 εἰπέ
1146 1178 1256 1231 μοι,
1284 1160 1648 1232 συγγνώμης;
1683 1162 1778 1217 καὶ
1802 1161 1866 1215 σὺ
1885 1163 1913 1215 6
1944 1162 2058 1225 υίὸς
2088 1162 2273 1225 αὐτοῦ,

712 1266 813 1317 οὐκ
841 1265 946 1336 ἔχω
978 1268 1172 1334 εἰπεῖν,
1205 1270 1233 1321 ὁ
1284 1270 1525 1338 ἔκγονος,
1546 1270 1606 1323 ού
1657 1271 1833 1324 πάντα
1860 1269 2033 1323 ταῦτα
2070 1268 2273 1339 ἕγνως;

710 1377 974 1449 Καθάπερ
1007 1379 1099 1431 ἐπὶ
1126 1379 1474 1451 δικαστηρίου
1507 1383 1540 1450 ὴ
1569 1381 1841 1450 ἀπόφασις
1862 1380 2152 1451 γράφεται,
2181 1372 2274 1431 οὖ-

704 1500 799 1553 τος
834 1485 1121 1555 ἐρμηνεύει
1168 1487 1239 1541 τὰ
1290 1488 1574 1558 λεγόμενα.
1623 1488 1791 1541 Πόθεν
1840 1488 2071 1560 ἐπῆλθεν
2126 1487 2275 1557 αὐτῷ

710 1592 934 1664 τιμῆσαι
961 1593 1051 1646 τὸν
1080 1596 1277 1665 Δανιήλ
1302 1613 1315 1661 ;
1354 1597 1441 1659 Ὠς
1469 1596 1591 1665 ἐμοὶ
1620 1596 1796 1662 δοκεῖ,
1831 1596 1971 1650 ὥστε
2004 1597 2077 1668 μὴ
2108 1614 2276 1650 κατα-

711 1700 1014 1772 γνωσθῆναι
1043 1703 1191 1775 παρὰ
1221 1703 1329 1757 τῶν
1350 1705 1654 1776 παρόντων,
1686 1705 1999 1777 προσδοκῶν
2032 1707 2161 1770 ἴσως
2187 1707 2277 1759 εὑ-

715 1813 825 1881 ρεῖν
847 1810 998 1865 λύσιν
1025 1812 1111 1866 διὰ
1143 1815 1334 1868 ταῦτα.

1213 1962 1364 2018 1255]
1395 1965 1643 2019 ΚΕΦΑΛ.
1687 1966 1779 2032 ς’.

779 2110 887 2163 Καὶ
909 2115 941 2166 ὁ
969 2111 1269 2179 βασιλεὺς
1290 2114 1660 2181 κατέστησεν
1678 2117 1862 2170 αὐτὸν
1881 2116 1973 2186 ἐφ’
1994 2117 2139 2186 ὅλης
2166 2116 2275 2186 τῆς

702 2218 1020 2284 βασιλείης
1076 2221 1279 2275 αὐτοῦ.
1336 2222 1445 2275 Καὶ
1486 2225 1539 2276 οἱ
1594 2223 1857 2278 τακτικοὶ
1908 2224 2007 2278 καὶ
2064 2228 2117 2278 οἱ
2168 2240 2276 2278 σα-

710 2322 921 2392 τράπαι
940 2324 1185 2393 ἐζήτουν
1222 2329 1527 2398 πρόφασιν
1556 2330 1753 2398 εὑρεῖν
1777 2331 1927 2386 κατὰ
1960 2332 2185 2401 Δανιὴλ
2204 2333 2273 2387 ἐκ

707 2433 816 2501 τῆς
854 2436 1195 2504 βασιλείας.
1236 2436 1349 2492 Καὶ
1384 2437 1589 2494 πᾶσαν
1617 2441 1922 2510 πρόφασιν
1956 2443 2056 2497 καί
2100 2443 2277 2512 παρά-

707 2560 911 2612 πτωμα
955 2547 1066 2615 οὐχ
1117 2542 1296 2615 εὗρον
1345 2549 1470 2602 κατ’
1507 2550 1724 2615 αὑτοῦ,
1768 2550 1857 2603 ὅτι
1907 2551 2120 2617 πιστὸς
2156 2547 2270 2621 ἦν·

705 2654 947 2707 τουτέστι
978 2655 1071 2708 καὶ
1093 2654 1280 2719 εὔνους
1305 2656 1381 2727 τῷ
1408 2656 1614 2726 βασιλεῖ
1640 2653 1707 2728 ἦν
1728 2669 1776 2710 ⁸.
1804 2659 1895 2719 ⁹Ἡ,
1920 2658 2040 2710 Ὅτι
2062 2657 2275 2725 πιστὸς

707 2758 785 2833 ἦν
804 2780 817 2793 ⁸
842 2764 1111 2829 τουτέστι,
1152 2766 1373 2838 ἐθάρρει
1400 2765 1478 2838 τῷ
1509 2765 1646 2837 Θεῷ,
1677 2768 1928 2832 κάκεῖνος
1961 2770 2136 2823 πάντα
2158 2771 2276 2822 ἐκυο

709 2869 902 2941 ϐέρνα·
928 2870 1062 2925 Θεοῦ
1100 2873 1155 2926 δὲ
1190 2873 1582 2946 κυϐερνῶντος,
1615 2876 1698 2939 τίς
1731 2876 1796 2930 ἂν
1825 2876 2033 2945 γένοιτο
2069 2878 2272 2949 βλά6η;

709 2976 775 3028 Τί
801 2971 893 3029 οὗν
915 2994 1047 3047 φησι
1071 2995 1084 3043 ;
1115 2975 1306 3034 Εἶπον
1334 2983 1389 3034 οἱ
1412 2982 1671 3036 τακτικοί
1706 2983 2071 3054 ἐκεῖνοι,οὺχ
2097 2985 2274 3055 εὑρή-

708 3099 899 3153 σομεν
926 3085 1073 3139 κατὰ
1104 3086 1329 3155 Δανιὴλ
1359 3090 1681 3158 πρόφασιν,
1717 3094 1770 3145 εἰ
1791 3092 1877 3162 μὴ
1910 3093 1979 3146 ἐν
2006 3095 2275 3163 νομίμοις

711 3194 859 3249 Θεοῦ
884 3194 1091 3250 αὑτοῦ.
1136 3195 1322 3260 Οὐδὲν,
1361 3198 1513 3268 φησὶ,
1562 3199 1779 3254 δυνατὸν
1811 3202 2009 3273 εὑρεῖν.
2050 3203 2147 3256 Διά
2183 3203 2271 3269 τί;

708 3304 800 3377 Μὴ
826 3304 924 3358 οὐκ
941 3304 1223 3378 ἄνθρωπός
1244 3307 1420 3373 ἐστιν;
1442 3309 1500 3362 ἐν
1527 3310 1691 3363 πᾶσιν
1708 3309 1997 3376 ἄπταιστος
2019 3312 2237 3381 γέγονεν
2255 3329 2270 3378 ;

711 3414 785 3467 Τὸ
818 3414 1007 3484 μέλλον
1036 3415 1248 3486 ἄδηλον,
1267 3416 1361 3471 καὶ
1382 3417 1520 3489 ὑπὲρ
1546 3418 1652 3472 τῶν
1676 3419 1973 3489 μελλόντων
1999 3421 2114 3485 πῶς
2141 3423 2274 3476 ἀπο-

711 3523 962 3593 φαίνεσθε
986 3540 1001 3591 ;
1036 3524 1147 3578 Καί
1174 3522 1323 3596 φησι,
1346 3529 1543 3597 Πεῖραν
1570 3527 1835 3599 ἐλάϐομεν
1867 3530 1974 3584 ἀπὸ
2000 3530 2107 3584 τῶν
2135 3549 2274 3603 πρα-

709 3636 953 3707 γμάτων.
994 3638 1065 3691 El
1104 3636 1190 3707 μὴ
1228 3637 1297 3692 ἐν
1340 3639 1643 3709 νομίμοις,
1678 3641 1830 3712 φησὶ,
1872 3642 2017 3696 Θεοῦ
2064 3645 2270 3710 αὐτοῦ,

710 3746 823 3813 οὐχ
860 3746 1198 3817 εὑρήσομεν
1233 3749 1557 3818 πρόφασιν.
1599 3750 1706 3803 Καὶ
1747 3750 1853 3821 μὴν
1898 3753 2012 3804 ἐκεῖ
2038 3752 2274 3823 ἄληπτος

712 3853 892 3923 πολλῷ
919 3854 1100 3909 πλέον.
1137 3856 1416 3929 Συγχωρεῖ
1444 3859 1536 3911 τὸν
1566 3861 1871 3931 πειρασμὸν
1906 3864 1933 3914 6
1969 3862 2100 3925 Θεὸς
2138 3862 2272 3933 πρὸς

708 3964 953 4033 δοκιμήν.
982 3964 1074 4033 Μὴ
1104 3964 1213 4035 γὰρ
1251 3967 1351 4020 ούκ
1395 3968 1623 4037 ἠδύνατο
1655 3971 1893 4024 κωλῦσαι
1936 3973 2035 4043 τὴν
2076 3975 2273 4029 κακίαν

711 4068 968 4134 ἐκείνων;
1012 4070 1151 4122 Ἀλλ’
1188 4071 1275 4124 ἵνα
1315 4072 1403 4125 διὰ
1464 4075 1651 4129 τούτου
1703 4078 1913 4150 μάθῃς,
1955 4081 2048 4133 καὶ
2087 4081 2272 4136 τοῦτον

708 4177 1029 4251 θαυμάσῃς,
1077 4180 1136 4232 ού
1173 4179 1356 4249 φθονεῖ
1395 4184 1487 4236 τοῦ
1536 4186 1796 4253 στεφάνου
1838 4192 1949 4252 τοῖς
1994 4191 2271 4256 οἰκέτοιςδ

708 4291 894 4344 αὑτοῦ.
932 4292 1070 4346 Τότε
1091 4295 1145 4347 οἱ
1166 4295 1426 4348 τακτικοὶ
1454 4296 1549 4349 καὶ
1574 4298 1628 4349 οἱ
1654 4299 1950 4366 σατράπαι
1975 4302 2274 4371 παρέστη-

707 4419 828 4457 σαν
853 4402 933 4469 τῷ
957 4404 1224 4471 βασιλεῖ,
1245 4405 1343 4459 καὶ
1369 4403 1539 4460 εἷπον
1554 4406 1710 4492 αὐτῷ
1726 4424 1739 4438 ·
1764 4410 1964 4477 Δαρεῖε
1979 4414 2263 4480 βασιλεῦ,

704 4513 790 4577 εις
823 4510 963 4577 τοὺς
999 4511 1216 4578 αἰῶνας
1256 4512 1402 4581 ζῆθι.
1447 4492 2009 4571 Συνεϐουλεύσαντο
2052 4518 2273 4584 πάντες

704 4624 758 4675 οἱ
781 4622 878 4675 ἐπὶ
911 4620 1017 4689 τῆς
1046 4624 1370 4690 βασιλείας
1405 4640 1522 4679 σου
1559 4625 1881 4695 στρατηγοὶ
1929 4627 2026 4681 καὶ
2057 4630 2273 4700 σατρά-

704 4746 844 4793 παι,
867 4731 1080 4785 ὕπατοι
1156 4732 1255 4785 καὶ
1293 4732 1610 4802 τοπάρχαι,
1653 4735 1756 4788 τοῦ
1790 4734 2013 4803 στῆσαι
2059 4737 2273 4791 στάσει

696 4839 1017 4909 βασιλικῇ,
1061 4839 1162 4893 καὶ
1200 4840 1524 4909 ἐνισχῦσαι
1565 4844 1851 4913 ὁρισμὸν,
1893 4844 2052 4911 ὅπως
2081 4844 2149 4912 ὃς
2196 4845 2272 4899 ἂν

700 4946 923 5016 αἰτήσῃ
960 4947 1120 5016 παρὰ
1158 4949 1381 5014 παντὸς
1418 4947 1555 5002 θεοῦ
1579 4949 1616 5017 ἢ
1657 4951 1972 5020 ἀνθρώπου
1995 4964 2016 4991 ε
2055 4954 2272 5023 αἴτημα

698 5056 812 5122 ἕως
837 5055 1076 5125 ἡμερῶν
1110 5056 1445 5124 τριάκοντα,
1482 5058 1616 5112 ἀλλ’
1642 5059 1680 5127 ἣ
1721 5062 1878 5129 παρὰ
1912 5063 2047 5127 σοῦ,
2094 5064 2272 5127 ,βασι-

700 5167 837 5230 λεῦ,
867 5167 1298 5238 ἐμϐληθήσεται
1317 5172 1403 5236 εις
1428 5170 1535 5224 τὸν
1564 5170 1792 5225 λάκκον
1826 5172 1944 5225 τῶν
1985 5175 2267 5232 λεόντων.

758 5367 786 5396 ⁸
808 5366 1146 5437 Τὴθοᾴοτρῑιξε
1160 5382 1170 5416 ;
1182 5370 1267 5437 τήν
1284 5370 1371 5437 γάρ
1390 5370 1494 5437 περὶ
1510 5369 1594 5437 τόν
1754 5370 1995 5432 φυλάττων
2012 5373 2267 5437 εὐσέϐειαν,

697 5427 855 5492 εὐνοίᾳ
875 5431 1023 5492 πολλῇ
1044 5433 1124 5479 καὶ
1144 5433 1249 5493 περὶ
1270 5427 1378 5486 τούς
1398 5427 1615 5493 βασιλέας
1638 5427 1880 5493 ἐκέχρητο.

760 5500 787 5538 δ
806 5499 921 5562 Leg.
954 5502 1141 5558 οἰκείοις
1161 5503 1236 5550 vel
1261 5502 1479 5557 οἰκέταις.

761 5571 784 5599 θ
805 5570 1046 5635 ,Ιοεεξρὶιγυε
1071 5591 1082 5619 :
1128 5573 1254 5635 ὅπως
1279 5573 1395 5635 μήτε
1435 5572 1564 5634 αύτῷ
1594 5589 1691 5635 τις,
1738 5574 1857 5635 μήτε
1896 5575 1992 5630 τοῖς
2021 5577 2140 5630 θεοῖς
2164 5578 2268 5627 δεό-

701 5632 1024 5701 μεννιςηαύτιῖξν
1069 5634 1147 5679 καὶ
1181 5632 1547 5701 εὐχόμενοςείη.
1592 5632 1748 5701 οῖ’ιὸ
1788 5637 2048 5701 ερΐίρδθτειι
2088 5638 2263 5701 ἀνθρὼ-

698 5703 794 5751 mp,
820 5691 1024 5743 librariis
1047 5707 1164 5743 vero
1183 5691 1335 5743 fra'udi
1360 5693 1448 5743 fuit
1470 5694 1686 5745 breviala
1707 5691 1959 5758 scriptun.

1405 288 1462 344 S.
1501 286 1783 344 JOANNIS
1815 280 2307 341 CHRYSOSTCMI
2342 279 2660 337 ARCHIEP.
2703 278 3247 336 CONSTANTINOP.
3826 282 3918 334 226

2388 398 2518 452 Νῦν
2559 394 2707 464 οὗν,
2754 398 3051 463 βασιλεῦ,
3080 396 3318 464 στῆσον
3369 396 3476 449 τὸν
3522 393 3794 464 ὁρισμόν,
3835 396 3921 451 καί

2385 508 2556 572 ἕκθες
2582 504 2841 575 γραφὴν,
2869 505 3029 571 ὅπως
3053 503 3140 573 μὴ
3178 502 3480 571 ἀλλοιωθῇ
3508 503 3575 557 τὸ
3607 502 3783 572 δόγμα
3812 502 3925 570 Μή·

2386 619 2508 671 δων
2539 615 2639 671 καὶ
2687 614 2953 685 Περσῶν,
2985 613 3146 679 ὅπως
3184 608 3261 667 ἂν
3295 612 3382 681 μὴ
3411 611 3757 681 παραγραφῇ
3800 629 3927 665 κατ-

2384 729 2584 783 έναντι
2608 728 2841 781 τούτου.
2873 727 3008 778 Τότε
3045 727 3078 777 ό
3108 722 3409 788 ,ϐασιλεὺς
3448 721 3682 790 Δαρεῖος
3703 720 3928 784 ἐπέταξε

2384 837 2678 908 γραφῆναι
2700 836 2765 889 τὸ
2790 816 2997 904 δόγμα.
3024 833 3165 904 Ὅρα
3197 832 3250 885 τί
3276 830 3508 894 ποιοῦσι,
3539 830 3654 893 πῶς
3675 830 3931 898 ἀλόγιστον

2383 947 2559 1016 δόγμα
2601 941 2926 1007 ἐσπούδαζον
2965 940 3180 1011 στῆσαι.
3209 939 3320 993 Καὶ
3355 937 3498 991 κατά
3537 936 3759 1007 σπουδὴν
3786 936 3933 989 τοῦτο

2382 1057 2611 1112 αἰτοῦσι.
2632 1054 2706 1107 Τὸ
2741 1053 2838 1124 μὲν
2863 1051 2972 1123 γὰρ
3002 1051 3202 1119 λέγειν,
3238 1051 3335 1112 Ὃς
3369 1049 3436 1103 ἂν
3464 1049 3661 1119 αἰτήσῃ
3687 1048 3825 1119 παρὰ
3846 1047 3932 1099 άν-

2384 1165 2622 1239 θρὼπου,
2662 1163 2821 1231 λόγον
2857 1159 3037 1231 εἶχενς
3078 1158 3215 1211 Ἀλλ’
3245 1157 3462 1210 ἐδόκουν
3509 1154 3807 1224 σοφίζεσθαι
3854 1154 3935 1208 τὸν

2383 1273 2537 1341 λόγον
2565 1272 2663 1340 τῆς
2686 1269 2953 1339 αἰτήσεως
2985 1265 3064 1336 τῷ
3095 1264 3285 1335 βραχεῖ
3305 1265 3500 1334 χρόνῳ.
3539 1263 3673 1316 Ποία
3696 1262 3935 1325 ὑπόθεσις

2383 1380 2519 1449 αὕτη
2544 1395 2558 1444 ;
2591 1377 2680 1431 διὰ
2707 1377 2759 1429 τί
2783 1374 2938 1429 τοῦτο
2960 1372 3146 1437 εἷπες;
3172 1371 3379 1438 Ἔδοξε,
3404 1371 3566 1443 φησί’
3598 1371 3790 1433 πάντες
3816 1387 3937 1423 συν-

2383 1487 2625 1550 ελθόντες
2653 1484 2810 1538 τοῦτο
2836 1481 3214 1553 ἐκυρώσαμεν,
3245 1480 3386 1533 ὥστε
3416 1481 3473 1531 ἐν
3499 1479 3781 1550 τριάκοντα
3806 1479 3938 1549 ἡμέ-

2387 1612 2507 1666 ραις
2531 1592 2683 1664 παρὰ
2709 1590 2803 1646 σοῦ
2831 1592 2991 1662 μόνου
3020 1592 3209 1644 αἰτεῖν.
3236 1584 3308 1641 Ὦ
3348 1587 3678 1659 βαρϐαρικὸν
3708 1588 3936 1658 αἴτημα·

2356 1750 2359 1751 ν
2383 1697 2428 1757 ὦ
2449 1702 2646 1773 πολλῆς
2674 1700 2894 1769 ἀλογίας
2922 1700 3163 1769 γέμουσα
3188 1698 3366 1769 χάρις,
3398 1696 3560 1750 αὐτὸν
3586 1696 3677 1748 τὸν
3693 1695 3942 1750 δοκοῦντα

2380 1811 2643 1880 τιμᾶσθαι
2680 1809 3142 1878 καταισχύνουσαί
3180 1808 3244 1860 El
3283 1806 3379 1877 μὲν
3419 1805 3527 1877 γὰρ
3573 1805 3728 1858 τοῦτο
3764 1806 3941 1869 καλὸν,

2385 1924 2490 1977 ἔδει
2519 1922 2764 1993 διηνεκὲς
2808 1920 2967 1973 τοῦτο
3011 1915 3183 1972 εἶναι·
3231 1918 3278 1970 εί
3327 1916 3384 1969 δὲ
3413 1915 3643 1983 φαῦλον,
3693 1915 3816 1967 οὐδὲ
3859 1915 3946 1977 τὰς

2381 2033 2673 2103 τριάκοντα
2714 2029 2943 2102 ἡμέρας.
2999 2027 3167 2082 Πάλιν
3210 2026 3259 2079 εί
3303 2024 3503 2088 καλὸν,
3550 2023 3603 2076 τί
3643 2024 3705 2076 τὸ
3748 2024 3945 2094 πλῆθος

2384 2137 2784 2210 προϐάλλεσθε;
2828 2134 2940 2187 Καὶ
2967 2134 3073 2205 γὰρ
3109 2136 3271 2206 χωρὶς
3311 2132 3500 2186 τούτου
3531 2130 3810 2185 ἐπινεῦσαι
3840 2133 3942 2185 δεῖ·

2383 2249 2431 2300 εί
2465 2246 2522 2299 δέ
2550 2242 2771 2314 φαῦλον,
2802 2241 2921 2295 ούδέ
2947 2241 3126 2311 πάσης
3154 2240 3255 2311 τῆς
3280 2238 3599 2309 οἰκουμένης
3626 2238 3948 2307 κελευούσης

2383 2352 2627 2407 ὑπείκειν
2657 2349 2841 2419 ἐχρῆν.
2868 2347 2942 2401 Ού
2971 2346 3182 2419 προεῖδε
3204 2346 3296 2400 τὸν
3323 2346 3511 2399 δόλονὸ
3532 2345 3780 2415 βασιλεύς
3806 2362 3820 2373 ·
3863 2348 3947 2400 καὶ

2382 2457 2538 2527 δῆλον
2582 2457 2733 2529 [254]
2780 2458 2843 2509 ἐκ
2879 2455 2988 2508 τῶν
3021 2456 3158 2526 μετὰ
3189 2454 3380 2508 ταῦτα.
3427 2455 3613 2525 Ὠρισε
3659 2453 3803 2525 γὰρ,
3864 2454 3949 2508 καὶ

2382 2569 2700 2641 γράμμασιν
2746 2566 2906 2620 αὐτὸν
2943 2565 3009 2637 [Ῑ.
3034 2565 3187 2637 αὐτὸ]
3228 2564 3614 2636 ἠσφαλίσαντο,
3647 2562 3786 2617 ὥστε
3821 2565 3951 2634 μηδὲ

2384 2676 2701 2749 βουλομένῳ.
2722 2676 2857 2748 μετά
2894 2675 3066 2729 ταῦτα
3098 2674 3348 2744 γενέσθαι
3390 2673 3577 2745 καιρὸν
3607 2671 3699 2725 τοῦ
3723 2673 3949 2728 ἀνανεῦ-

2384 2804 2493 2842 σαι.
2512 2786 2578 2838 Τί
2609 2780 2700 2839 οὖν
2734 2784 2970 2849 ἀκούσας
2994 2786 3156 2855 φησὶν
3186 2785 3213 2837 ὁ
3245 2784 3470 2855 Δανιήλ;
3511 2784 3625 2836 Οὐκ
3651 2784 3949 2854 ἐταράχθη,

2381 2894 2441 2947 οὐ
2470 2893 2827 2964 προσέθηκεν,
2849 2893 2949 2945 οὑκ
2981 2892 3221 2961 ἀφεῖλεν.
3240 2892 3383 2963 Ὅρα
3410 2891 3499 2945 τὸν
3532 2890 3787 2962 ἐνάρετον
3823 2894 3953 2960 ὁμαι-

2381 3001 2489 3065 λῶς
2521 3002 2608 3055 ἀεὶ
2634 3001 2832 3065 ζῶντα,
2856 3000 3044 3071 ὥσπερ
3062 2998 3182 3053 τινὰ
3213 2999 3348 3069 ἄνθη
3375 2998 3797 3069 παρατρέχοντα
3826 2999 3955 3052 πάν-

2381 3126 2469 3173 τα,
2506 3108 2693 3179 ὥσπερ
2726 3109 2784 3162 ἐν
2818 3109 2996 3171 σκιαῖς
3024 3108 3117 3161 καὶ
3148 3105 3217 3160 τά
3245 3104 3457 3176 χρηστὰ
3494 3105 3590 3157 καὶ
3626 3105 3701 3158 τὰ
3735 3105 3954 3175 λυπηρά

2382 3217 2667 3289 θεώμενον.
2685 3218 2747 3270 Εἰ
2768 3216 2875 3286 γάρ
2898 3217 2953 3268 ἐν
2979 3217 3118 3287 ἀρχῇ
3140 3214 3312 3278 οὕτως
3334 3213 3754 3285 ἀκατάπληκτος
3776 3214 3953 3284 ἔμενε,

2383 3322 2561 3394 πολλῷ
2598 3323 2795 3395 μᾶλλον
2822 3322 2917 3377 νῦν
2948 3322 3086 3392 μετά
3121 3322 3219 3394 τὴν
3253 3324 3450 3393 πεῖραν
3474 3320 3584 3375 τῶν
3612 3320 3843 3386 ἀγώνων
3872 3339 3957 3373 το-

2383 3432 2603 3495 σούτους
2648 3430 3055 3502 ἀναδησάμενος
3096 3429 3413 3499 στεφάνους.
3461 3427 3622 3490 Τίνος
3671 3427 3861 3481 ἕνεκεν
3896 3428 3957 3479 οὗ

2333 3599 2337 3603 _
2383 3540 2680 3615 προσῆλθε;
2701 3539 2844 3603 τίνος
2865 3540 3048 3594 ἕνεκεν
3067 3538 3167 3592 οὐκ
3186 3538 3488 3608 ἐμέμψατο,
3508 3537 3783 3608 τοσαύτην
3812 3537 3957 3607 παρὰ

2380 3652 2457 3723 τῷ
2488 3651 2696 3723 βασιλεῖ
2716 3651 3028 3724 παρρησίαν
3061 3650 3235 3721 ἔχωνς
3270 3650 3384 3702 Οὐκ
3412 3646 3667 3701 ἐϐούλετο
3696 3650 3957 3719 ῥήμασιν,

2379 3760 2514 3814 ἀλλὰ
2545 3759 2835 3830 πράγμασι
2873 3756 3034 3810 τοῦτο
3070 3758 3315 3828 ποιῆσαι.
3338 3755 3551 3819 Ἀλλως
3581 3754 3641 3807 δὲ
3680 3752 3959 3823 πανταχοῦ

2381 3870 2543 3924 αὑτὸν
2568 3869 2914 3940 εὑρίσκομεν,
2933 3866 3033 3936 τῆς
3053 3865 3241 3936 χρείας
3266 3863 3559 3933 καλούσης,
3583 3862 3960 3933 ἐπιπηδῶντα.

2382 3979 2477 4032 καὶ
2526 3977 2975 4050 παραγινόμενον.
3011 3974 3118 4028 Καὶ
3152 3973 3374 4039 Δανιὴλ
3424 3972 3607 4037 ἡνίκα
3654 3970 3812 4038 ἔγνω
3872 3968 3967 4020 ὅτι

2378 4087 2627 4157 ἐνετάγη
2657 4086 2720 4141 τὸ
2755 4085 2962 4155 δόγμα,
2985 4083 3271 4153 εἰσῆλθεν
3292 4084 3379 4147 εὶς
3406 4081 3513 4135 τὸν
3538 4077 3709 4135 οἷκον
3735 4080 3929 4133 αὑτοῦ
3953 4096 3967 4108 ο

2380 4194 2480 4249 καὶ
2521 4196 2580 4248 αἱ
2608 4192 2842 4260 θιιρίδες
2869 4190 3231 4261 ἀνεῳγμέναι
3273 4192 3344 4244 ἐν
3370 4191 3493 4256 τοῖς
3528 4188 3822 4256 ὑπερῴοις
3857 4188 3974 4239 αὑ-

2379 4302 2485 4356 τοῦ
2524 4300 2839 4354 κατέναντι
2892 4296 3316 4367 Ἰερουσαλήμο
3365 4296 3464 4350 καὶ
3508 4296 3758 4365 καιροὺς
3806 4295 3971 4361 τρεῖς

2380 4407 2486 4476 τῆς
2508 4408 2731 4478 ἡμέρας
2755 4404 2833 4478 ἦν
2866 4407 3148 4478 κάμπτων
3167 4408 3264 4460 ἐπὶ
3288 4406 3361 4460 τὰ
3388 4408 3611 4478 γόνατα
3630 4405 3843 4467 αὑτοῦ,
3863 4406 3971 4458 καὶ

2380 4517 2901 4586 προσευχόμενος,
2948 4515 3045 4568 καὶ
3087 4515 3635 4586 ἐξομολογούμενος
3677 4515 3976 4568 ἐναντίον

2381 4627 2485 4681 τοῦ
2533 4627 2679 4681 Θεοῦ
2732 4625 2939 4689 αὑτοῦ,
2988 4625 3182 4691 καθὼς
3234 4622 3313 4693 ἦν
3354 4623 3541 4678 ποιῶν
3591 4626 3975 4695 ἔμπροσθεν.

2381 4734 2537 4797 Τίνος
2566 4734 2748 4787 ἕνεκεν
2776 4732 2882 4788 τῶν
2912 4732 3141 4803 θυρίδων
3165 4735 3311 4804 ἡμᾶς
3333 4734 3659 4803 ἀνέμνησεν,
3684 4733 3769 4785 δτι
3794 4732 3977 4799 άνεῳι

2380 4843 2578 4913 γμέναι
2617 4839 2755 4914 ἦσαν
2803 4843 2939 4915 πρὸς
2993 4841 3379 4913 Ἱερουσαλήμ;
3408 4842 3649 4913 Σφοδρὸν
3685 4844 3789 4911 τῆς
3833 4840 3977 4899 θέας

2380 4947 2522 5021 εἶχον
2546 4951 2729 5003 πόθον.
2751 4950 3017 5021 Καθάπερ
3036 4947 3128 5004 οὖν
3148 4967 3231 5015 τις
3254 4951 3595 5023 ποθουμένην
3622 4952 3768 5021 ἔχων
3792 4948 3975 5002 ἀποῦ-

2382 5079 2499 5126 σαν,
2520 5062 2611 5114 καὶ
2640 5060 2737 5122 τὰς
2769 5061 2921 5125 ὁδοὺς
2941 5060 3037 5123 τὰς
3063 5062 3180 5113 ἐκεῖ
3209 5059 3485 5130 φερούσας
3508 5060 3691 5129 φιλεῑνε
3715 5057 3870 5110 οὕτω
3908 5057 3981 5125 δὴ

2379 5172 2473 5225 καὶ
2493 5164 2667 5227 οὗτος.
2693 5169 3030 5241 Ἐπεθύμουν
3050 5170 3105 5223 δέ
3131 5172 3299 5240 αὐτῆς
3319 5171 3465 5225 ἄλλοι
3490 5171 3597 5223 τῶν
3624 5167 3982 5240 σωματικῶν

2378 5276 2584 5342 ἕνεκεν,
2608 5270 2759 5339 οὗτος
2787 5275 2843 5329 δὲ
2880 5276 3022 5346 οὐχὶ,
3053 5276 3190 5329 ἀλλά
3218 5275 3312 5331 διὰ
3354 5277 3453 5346 τὴν
3488 5276 3645 5341 δόξαν
3672 5273 3770 5327 τοῦ
3797 5270 3983 5324 Θεοῦ.

2390 5384 2544 5436 Ἐπεὶ
2576 5384 2658 5435 ὅτι
2694 5382 2851 5435 τοῦτό
2884 5384 3023 5447 ἐστι,
3062 5383 3219 5453 δῆλον
3260 5382 3498 5435 ἐκεῖθεν·
3533 5385 3596 5435 οὐ
3630 5382 3742 5451 γὰρ
3782 5378 3989 5431 εἰὶετο

2376 5487 2636 5555 ἀνελθεῖν,
2673 5487 2765 5540 τοῦ
2792 5486 3228 5558 σπουδαζομὲνου
3260 5487 3428 5559 πέρας
3462 5488 3753 5557 εἰληφότος
3782 5481 3983 5549 αὐτῷ.

2376 5592 2474 5645 Διά
2505 5589 2662 5644 τοῦτο
2690 5592 2783 5644 καὶ¹
2827 5592 3021 5659 ἡμεῖς,
3048 5590 3229 5655 καθὼς
3269 5594 3315 5644 οξ
3351 5592 3590 5663 πατέρες
3637 5592 3772 5661 ἡμῖν
3812 5601 3987 5651 πειρ-

2381 5698 2605 5764 ἑδωκαν,
2640 5698 2775 5770 πρὸς
2813 5697 3075 5763 ἀνατολάς
3101 5700 3331 5770 ὁρῶντες
3360 5700 3651 5771 εὐχόμεθα.
3676 5696 3829 5751 πόλιν
3866 5692 3992 5745 καὶ
