4126 6294
350 286 456 345 225

348 403 527 459 datum
562 412 646 459 est
685 406 851 462 Medis
895 423 960 465 ac
1004 410 1183 467 Persis
1219 413 1320 485 (α).
1344 442 1362 476 ι
1403 418 1621 487 Idcirco,
1654 422 1743 488 ait,
1776 421 1913 479 Deus

346 510 554 563 regnum
579 505 722 549 tuum
746 514 944 553 mensus
983 511 1087 567 est,
1126 514 1173 557 et
1218 506 1430 561 divisum
1466 520 1557 565 est.
1608 512 1675 566 Et
1721 512 1820 568 hoc
1864 515 1916 569 in

346 584 663 653 supplicium
692 586 826 653 fuit,
857 590 997 660 quod
1027 593 1251 650 divisum
1278 608 1394 664 est,
1428 615 1525 656 nec
1555 604 1747 657 mansit
1775 605 1915 659 intc-

344 689 513 742 grum.
542 675 695 742 Quod
725 688 779 765 et
808 680 859 733 in
889 680 1174 740 Salomone
1202 690 1438 760 contigit.
1470 691 1584 747 Non
1613 694 1772 750 modo
1795 699 1917 765 quia

345 765 627 822 Baltasaris
655 764 796 824 ﬁlius
830 786 934 827 non
970 778 1181 846 excepit
1207 794 1450 849 regnum,
1480 784 1573 840 sed
1599 794 1653 840 et
1680 788 1799 857 quia
1816 764 1917 843 7di-

343 856 511 910 visum
541 866 645 912 est.
674 859 810 915 Vide
839 871 896 917 ut
926 865 1063 922 Deus
1091 883 1151 923 se
1177 870 1252 923 illi
1280 883 1498 929 excuset
1526 893 1539 929 :
1574 856 1711 933 vide
1730 890 1786 933 ut
1822 897 1916 936 rex

343 947 614 1003 infortunii
656 952 737 1006 sui
779 954 850 1009 sit
877 966 1078 1012 auctor.
1118 958 1185 1014 In
1222 964 1399 1033 cujus,
1430 966 1626 1036 inquit,
1657 986 1810 1024 manu
1844 982 1917 1026 est

341 1042 491 1108 ﬂatus
512 1050 648 1097 tuus.
675 1043 865 1101 Nonne
892 1050 1032 1103 enim
1058 1061 1265 1121 poterat
1292 1056 1470 1111 statim
1494 1068 1545 1114 te
1572 1060 1915 1117 interimere?

341 1129 440 1185 Sed
467 1134 673 1202 patiens
702 1135 819 1190 fuit.
848 1137 1014 1205 Quem
1041 1156 1147 1196 non
1178 1146 1291 1199 haec
1320 1161 1474 1215 poena
1515 1152 1911 1219 perterrnisset,

339 1236 502 1291 eaque
528 1224 583 1278 in
617 1229 955 1299 propinquo?
980 1230 1140 1288 Vides
1167 1244 1481 1304 potestatem
1507 1241 1573 1293 ad
1600 1244 1914 1313 utrumque?

340 1314 496 1379 unde,
526 1330 731 1385 quaeso,
763 1320 916 1374 venia
944 1320 1135 1393 dignus
1159 1326 1259 1379 es?
1286 1337 1341 1382 et
1372 1339 1427 1384 tu
1464 1330 1603 1386 ﬁlius
1639 1332 1774 1402 ejus,
1804 1350 1911 1390 non

340 1403 505 1462 habeo
551 1407 731 1466 dicere
774 1427 936 1482 nepos
976 1415 1087 1484 (ὁ),
1124 1433 1302 1474 nonne
1343 1423 1518 1477 omnia
1562 1423 1677 1480 haec
1718 1428 1913 1483 noras?

339 1494 790 1560 Quemadmodum
818 1503 872 1558 in
900 1503 1014 1560 foro
1045 1507 1279 1577 judiciali
1324 1513 1585 1566 sententia
1623 1515 1907 1585 scribitur,

340 1587 435 1642 iste
459 1604 520 1643 ea
545 1605 665 1659 qua:
691 1596 1099 1661 pronuntiantur
1123 1599 1518 1670 interpretatur.
1546 1604 1697 1661 Unde
1724 1610 1831 1679 regi
1855 1610 1909 1664 in

340 1688 566 1736 mentem
600 1685 751 1739 venit
785 1686 1051 1744 Danielem
1089 1691 1389 1751 honorare?
1420 1696 1487 1752 Ut
1520 1698 1647 1755 mihi
1676 1701 1906 1771 videtur,

338 1788 402 1829 ne
424 1775 491 1831 ab
515 1777 580 1833 iis
604 1780 694 1850 qui
723 1780 942 1836 aderant
965 1785 1425 1856 condemnaretur,
1448 1801 1503 1847 et
1527 1793 1663 1850 forte
1686 1809 1907 1867 sperans

338 1878 393 1919 se
420 1880 515 1936 per
543 1867 660 1925 haec
687 1869 1052 1930 liberationem
1080 1875 1438 1936 inventurum.

949 2032 1173 2091 CAPUT
1212 2036 1298 2091 Vl.

399 2183 449 2237 4.
498 2202 516 2235 ι
564 2185 631 2239 Εῑ
675 2200 767 2240 rex
805 2189 1078 2244 constituit
1116 2205 1235 2246 eum
1283 2208 1446 2263 super
1483 2212 1641 2253 omne
1681 2214 1901 2270 regnum

336 2287 503 2327 suum.
536 2275 599 2329 Et
626 2277 959 2334 ordinatores
995 2291 1047 2336 et
1080 2294 1305 2354 satrapae
1335 2290 1642 2355 quaerebant
1668 2290 1907 2347 invenire

333 2375 508 2419 contra
543 2367 816 2423 Danielem
857 2374 1187 2429 occasionem
1209 2417 1224 2441 ,
1254 2392 1321 2431 ex
1354 2393 1537 2448 regno.
1582 2379 1650 2435 Et
1689 2397 1901 2438 omnem

335 2466 642 2523 praetextum
667 2476 731 2515 ac
756 2461 1007 2517 offensam
1038 2480 1140 2520 non
1168 2467 1483 2524 invenerunt
1509 2471 1560 2524 in
1590 2471 1757 2540 illum,
1782 2475 1903 2543 quia

333 2549 496 2606 ﬁdelis
520 2561 638 2606 erat
674 2571 693 2605 ι
730 2573 742 2607 :
774 2554 825 2608 id
849 2562 951 2622 est,
975 2557 1087 2627 regi
1111 2568 1226 2612 erat
1252 2560 1537 2617 benevolus
1556 2564 1594 2616 ¹.
1623 2564 1740 2630 Vel,
1772 2567 1903 2633 Quia

328 2641 489 2706 ﬁdelis
517 2654 625 2697 erat
655 2659 675 2697 :
702 2644 801 2699 hoc
838 2656 950 2713 est,
990 2649 1287 2704 conﬁdebat
1326 2653 1461 2718 Deo;
1501 2664 1555 2709 et
1594 2655 1684 2711 ille
1722 2658 1902 2713 omnia

326 2730 582 2798 gubernat
607 2750 620 2785 :
647 2733 757 2789 Deo
777 2744 951 2791 autem
971 2739 1318 2808 gubernante,
1345 2744 1484 2812 quod
1506 2744 1756 2801 damnum
1781 2764 1902 2803 eve-

326 2821 439 2876 nire
473 2824 707 2891 poterit?
735 2825 870 2892 Quid
902 2829 1059 2899 igitur
1092 2832 1198 2885 ait?
1224 2833 1276 2888 5.
1313 2833 1564 2891 Dixerunt
1592 2840 1901 2896 ordinatores

321 2913 379 2976 ii,
412 2912 532 2968 Non
559 2916 863 2973 invenimus
885 2931 1059 2974 contra
1083 2921 1343 2978 Danielem
1372 2929 1698 2996 occasionem,
1726 2932 1823 2986 nisi
1847 2934 1900 2987 in

320 3005 553 3076 legitimis
577 3007 673 3061 Dei
699 3012 796 3063 sui.
825 3011 984 3077 Nihil,
1014 3013 1276 3083 inquiunt,
1301 3018 1524 3073 inveniri
1550 3030 1745 3090 potest.
1770 3023 1900 3078 Pro-

319 3110 442 3167 pter
464 3101 631 3169 quid?
656 3101 842 3158 Nonne
880 3105 1038 3161 homo
1064 3108 1183 3161 est?
1210 3125 1276 3163 an
1308 3109 1361 3163 in
1392 3112 1636 3168 omnibus
1677 3125 1898 3183 peccato

316 3192 414 3246 fuit
452 3194 741 3249 immunis?
780 3197 1036 3253 Futurum
1078 3199 1337 3256 incertum
1377 3212 1458 3258 est
1493 3222 1505 3259 :
1538 3214 1592 3259 et
1627 3205 1695 3261 de
1737 3207 1897 3262 rebus

314 3284 506 3339 futuris
535 3303 639 3355 qua
678 3289 883 3344 ratione
910 3290 1227 3345 afﬁrmatis?
1249 3294 1316 3347 Et
1338 3295 1484 3349 aiunt
1507 3313 1521 3351 ε
1547 3296 1895 3364 Experimen-

314 3383 430 3427 tum
456 3391 523 3429 ex
555 3376 683 3445 ipsis
722 3380 880 3433 rebus
919 3382 1259 3449 sumpsimus.
1290 3382 1410 3437 Nisi
1435 3385 1487 3438 in
1514 3385 1745 3456 legitimis
1767 3428 1782 3453 ,
1810 3389 1895 3440 iit--

313 3464 529 3532 quiunt,
556 3465 650 3519 Dei
668 3468 765 3531 sui,
800 3485 898 3521 non
922 3470 1220 3524 inveniemus
1245 3474 1573 3528 occasionem.
1597 3478 1754 3544 Atqui
1778 3478 1895 3534 iSIic

313 3556 490 3609 multo
518 3560 682 3627 magis
711 3568 792 3614 est
825 3561 1328 3629 irreprehensihilis.
1361 3565 1729 3623 Tentationem
1770 3585 1892 3639 per-

311 3647 477 3701 mittit
504 3648 641 3704 Deus
668 3649 737 3704 ad
764 3651 1149 3720 probationem.
1174 3654 1357 3710 Nonne
1383 3657 1522 3710 enim
1554 3667 1759 3727 poterat
1784 3661 1892 3716 illo-

311 3752 433 3790 rum
458 3737 711 3794 cohiberc
739 3740 1034 3795 malitiam?
1060 3741 1257 3798 Verum
1284 3754 1340 3797 ut
1360 3760 1453 3814 per
1477 3746 1529 3801 id
1556 3748 1808 3816 disceres,
1838 3761 1892 3806 et

313 3827 454 3883 hunc
500 3831 805 3899 mirareris,
842 3846 949 3886 non
992 3834 1191 3889 invidet
1227 3835 1439 3891 famulis
1477 3840 1585 3893 suis
1613 3856 1885 3898 coronam.

313 3917 366 3972 6.
403 3936 421 3970 ‹
457 3919 607 3975 Tunc
642 3921 977 3978 ordinatores
1013 3934 1067 3979 et
1102 3935 1327 3995 satrapae
1354 3930 1638 3985 astiterunt
1662 3934 1805 4002 regi,
1836 3945 1890 3989 et

312 4010 558 4064 dixerunt
582 4012 632 4067 ei
660 4030 673 4066 :
704 4014 824 4067 Dari
852 4030 965 4078 rex,
991 4014 1043 4069 in
1070 4027 1325 4072 aeternum
1351 4020 1487 4075 vive.
1518 4022 1570 4076 7.
1599 4023 1886 4080 Consilium

313 4103 547 4159 inierunt
570 4120 757 4161 omnes
784 4107 877 4177 qui
900 4123 1060 4177 super
1085 4125 1305 4181 regnum
1340 4121 1482 4167 tuum
1509 4114 1693 4182 duces,
1726 4125 1780 4171 et
1804 4133 1888 4172 sa-

377 4320 393 4350 ¹
427 4320 760 4397 Theodoretus
788 4323 859 4397 sic
892 4322 1038 4397 habet
1060 4324 1325 4397 {pietatem
1347 4328 1473 4397 enim
1493 4326 1746 4383 observans
1769 4348 1886 4397 erga

313 4386 464 4449 Deum
486 4382 639 4449 multa
656 4396 791 4449 reges
815 4383 1131 4449 benevolentia
1153 4388 1564 4449 complectebatur.

374 4444 442 4517 ςα)
475 4451 574 4517 Non
596 4444 743 4517 dicit_,
772 4446 964 4517 Dabitur
986 4449 1133 4517 Medis
1155 4461 1211 4517 ac
1234 4444 1418 4511 Persis;
1455 4466 1576 4517 nec,
1608 4462 1774 4505 Datum
1807 4466 1885 4507 est

309 4505 619 4580 Eabonnido;
643 4506 959 4580 sed,_Datum
978 4514 1047 4580 est
1069 4509 1239 4580 inedia
1255 4524 1313 4559 ac
1335 4505 1585 4580 Persis,_ut
1607 4517 1670 4564 de
1706 4532 1762 4580 re
1790 4505 1888 4580 jam

309 4564 485 4638 futura;
513 4575 679 4640 errant
696 4564 843 4640 igitur
866 4570 953 4640 viri
975 4570 1099 4619 docti
1123 4573 1206 4640 qui
1227 4572 1317 4621 hoc
1343 4564 1614 4640 vaticinium
1638 4564 1888 4640 impieiiiii

284 4646 285 4649 η
308 4630 446 4698 armis
467 4630 1283 4700 postseptemdecimgcontendunt.
1325 4636 1497 4685 Eadem
1518 4630 1716 4700 quippe'
1746 4650 1887 4691 nocte

308 4691 496 4764 occisus
518 4697 597 4738 est
617 4689 825 4764 paltEAsar
844 4725 859 4749 ,
885 4699 937 4740 et
958 4692 1160 4764 Babylon
1186 4705 1493 4764 expugnata.
1518 4689 1625 4764 riec'r
1635 4689 1791 4751 obstat
1807 4689 1886 4764 lo;

306 4762 394 4798 cus
416 4751 445 4815 1Δ
468 4757 585 4813 Reg.
614 4752 691 4807 15,
710 4751 789 4811 28,
808 4765 954 4815 quem
971 4751 1135 4815 objicit
1157 4751 1445 4807 clarissimus
1467 4763 1719 4811 Petavius:
1739 4763 1887 4815 scidit

305 4812 767 4887 meggmw
789 4812 934 4887 ’θίταθί
952 4830 987 4887 “-
997 4812 1045 4865 δέ
1062 4814 1220 4887 ηοίὲίεθ
1239 4825 1292 4887 ει.
1302 4820 1507 4887 εἶἀᾅὶάίι
1525 4821 1648 4887 illud
1664 4812 1887 4887 proximo

306 4878 404 4930 tuo,
416 4872 603 4923 meliori
613 4871 680 4948 te.
698 4871 1048 4948 Intelligendus
1068 4878 1199 4927 enim
1212 4871 1295 4948 est
1310 4871 1882 4948 de__inunctionertiavidis,

305 4947 416 4994 quae
440 4949 535 4983 non
560 4935 712 5011 multo
734 4935 1244 5011 po5t'ést_faeta._snnt
1267 4942 1431 5011 et__al_ia
1454 4958 1549 5011 non
1573 4959 1721 5007 pauca
1744 4935 1883 5011 ergo:

304 5004 498 5071 mentas
524 4999 718 5070 quibus
738 4997 897 5070 fabula
936 5002 1058 5071 Darii
1090 5003 1346 5071 Nabonnidi
1377 4997 1621 5067 iugulatur
1642 5023 1656 5070 ;
1681 4997 1883 5071 quorum

307 5058 656 5119 nonnulla'nos,
681 5061 721 5107 si
744 5062 931 5109 occasio
951 5060 1105 5119 feret,
1132 5076 1227 5111 non
1249 5058 1541 5117 omittemus.

367 5118 437 5181 (ὸ)
471 5127 568 5189 una
591 5122 804 5189 omnium
829 5118 1174 5189 verisimillima
1197 5129 1442 5176 sententia
1472 5138 1563 5189 est,
1592 5131 1881 5183 Baltasarem

299 5178 449 5247 fuisse
471 5181 619 5247 tilium
642 5182 1013 5247 Evilmergdachi
1028 5220 1041 5242 ,
1066 5194 1295 5247 nepotem
1317 5202 1433 5237 vero
1456 5178 1881 5244 Nabuchodonoso:

298 5242 386 5307 ris,
408 5245 519 5304 quia
540 5251 724 5307 Jerem.
748 5244 825 5302 ‘27,
852 5245 900 5307 7,
924 5254 1103 5307 gentes
1125 5242 1378 5297 servitura)
1400 5251 1620 5302 dicuntur
1644 5242 1881 5305 babneho-

298 5302 549 5373 donosori,
591 5312 645 5354 et
680 5304 778 5353 ﬁlio
818 5302 957 5373 ejus:
998 5314 1047 5356 et
1081 5307 1179 5356 ﬁlio
1216 5309 1298 5357 ﬁlii
1332 5312 1452 5373 ejus.
1487 5302 1879 5367 Omninoitame'n

296 5365 545 5430 rejiciendi
568 5381 665 5416 non
700 5373 815 5430 sunt
838 5365 870 5414 ii
894 5370 1191 5430 interpretes
1207 5409 1220 5427 ,
1244 5365 1442 5422 veteres
1465 5388 1520 5423 ac
1542 5365 1843 5427 recentiores

293 5416 467 5487 quibus
488 5416 1005 5498 Nabuchodoposorus_
1022 5416 1102 5479 est
1120 5416 1232 5498 vel:
1254 5416 1458 5493 proavus
1494 5416 1769 5498 Baltavsvarisv,

356 5490 911 5560 terEvilmerodachi‘ac
932 5490 1178 5560 Baltasaris
1210 5490 1439 5560 fratrum;
1477 5498 1557 5547 vel
1590 5508 1725 5560 pater
1749 5490 1875 5551 unici

356 5499 427 5537 ter
448 5499 831 5540 Evttmerodacm
856 5504 911 5539 ac
932 5499 1178 5540 Baltasaris
1210 5499 1439 5556 fratrum;
1477 5499 1557 5547 vel
1590 5508 1725 5560 pater
1749 5504 1875 5551 unici

290 5499 367 5617 Egi
394 5553 672 5613 binominis,
699 5558 755 5602 et
776 5552 858 5613 qui
883 5554 1022 5600 modo
1044 5553 1453 5605 Evilmerodachus
1471 5594 1485 5617 ,
1510 5562 1649 5609 modo
1672 5562 1877 5612 Baltasar

286 5614 343 5660 sit
364 5623 695 5684 nuncupatus.
736 5620 894 5684 Quare
933 5617 1243 5684 temerarium
1283 5614 1689 5684 heterodoxorum
1726 5637 1874 5674 sacrae

282 5676 545 5750 ξεί-ἐρωτᾶς
572 5676 1189 5750 interpretum-consilium
1222 5681 1410 5750 probari
1445 5694 1540 5730 non
1572 5691 1765 5747 potest,
1790 5691 1874 5750 qui

278 5734 366 5789 hoc
378 5734 551 5803 capite
576 5740 631 5790 in
656 5734 822 5788 locum
846 5735 1013 5800 patris,
1041 5750 1179 5788 arum
1202 5734 1511 5794 substituunt.

1780 5888 1785 5891 Ι
1796 5871 1832 5884 ν..

1721 305 1786 362 ΙΝ
1823 305 2192 368 DANIELEM.

3490 340 3596 401 226

2021 434 2204 496 trapte,
2227 430 2530 501 optimates,
2557 444 2610 491 et
2634 442 2923 511 toparchre,
2950 453 3185 507 statuere
3199 459 3404 510 statuto
3434 458 3603 529 regio,

2017 529 2072 573 et
2098 522 2412 580 conﬁrmare
2438 530 2873 589 constitutionem
2902 552 2917 590 :
2946 548 3004 593 ut
3027 542 3346 615 quicumque
3384 522 3596 616 petierit

2018 609 2087 664 ab
2113 612 2221 667 ullo
2243 614 2345 669 deo
2372 617 2453 673 vel
2493 618 2710 678 homine
2740 609 3054 694 petitionem,
3079 609 3337 704 nsque-ad
3361 609 3477 695 dies
3502 643 3597 695 tri-

2017 703 2160 771 ginta
2184 707 2220 769 ί,
2251 708 2352 763 nisi
2375 724 2405 764 a
2433 719 2515 778 te,
2544 728 2642 769 rex
2662 756 2677 779 ,
2708 717 2948 774 mittatur
2985 722 3036 777 in
3076 703 3248 781 lacum
3280 729 3512 787 leonum.
3537 733 3591 789 8.

2017 793 2167 850 Nunc
2195 798 2369 867 igitur,
2401 818 2491 857 rex
2516 844 2531 869 ,
2560 812 2734 862 statue
2771 812 3200 871 constitutionem
3224 860 3237 882 ,
3271 830 3325 874 et
3358 838 3595 893 propone

2018 888 2353 957 scripturam,
2384 903 2570 949 utnon
2604 898 2911 956 immutctur
2938 903 3209 962 decretum
3238 888 3507 969 Medorum
3538 927 3593 971 et

2019 977 2298 1036 Persarum
2330 982 2425 1053 (a),
2451 996 2508 1040 ut
2531 1002 2598 1043 ne
2622 989 2745 1057 quid
2775 994 3147 1059 prsescribatur
3168 1001 3420 1059 adversus
3442 1005 3589 1061 illud.

2019 1070 2073 1125 9.
2103 1072 2251 1127 Tunc
2280 1090 2373 1129 rex
2402 1077 2590 1133 Darius
2619 1085 2865 1151 praecepit
2894 1088 3053 1142 scribi
3083 1090 3375 1149 decretum.
3406 1115 3425 1149 ι
3457 1098 3590 1155 Vide

2014 1164 2140 1232 quid
2167 1176 2351 1235 agant,
2380 1177 2542 1238 utque
2571 1173 2924 1231 inconsultum
2954 1180 3182 1236 edictum
3212 1195 3443 1243 statuere
3471 1200 3586 1244 stu-

2013 1255 2193 1310 deant.
2220 1258 2287 1313 Et
2306 1261 2493 1330 cupide
2522 1264 2624 1317 hoc
2654 1276 2854 1334 petunt.
2881 1270 3012 1325 Nam
3039 1274 3215 1329 dicere
3240 1294 3251 1329 :
3280 1278 3591 1351 Quicumque

2014 1348 2206 1416 petierit
2235 1349 2295 1402 ab
2326 1352 2558 1418 nomine,
2586 1355 2836 1414 habuitne
2861 1364 3113 1417 causam?
3147 1366 3249 1421 Sed
3278 1348 3590 1426 videbantur

2011 1439 2269 1494 rationem
2316 1443 2585 1511 petitionis
2625 1463 2720 1516 per
2762 1450 3071 1508 brevitatem
3113 1461 3363 1528 temporis
3399 1464 3589 1518 callide

2011 1531 2295 1587 occultare.
2324 1534 2505 1602 Qualis
2523 1548 2605 1592 est
2633 1539 2732 1595 iste
2757 1546 3085 1610 prmtextus?
3110 1564 3274 1617 quare
3298 1552 3347 1605 id
3367 1552 3588 1610 dixisti?

2010 1621 2191 1679 Visum
2215 1636 2314 1691 est,
2338 1628 2541 1698 inquit;
2561 1648 2745 1689 omnes
2764 1639 3138 1695 convenientes
3160 1643 3212 1696 id
3240 1645 3585 1711 ﬁrmavimus,

2011 1723 2069 1768 ut
2107 1716 2245 1770 intra
2288 1718 2498 1789 triginta
2527 1722 2644 1777 dies
2676 1739 2707 1777 a
2737 1735 2788 1780 te
2820 1727 2936 1782 solo
2964 1741 3159 1799 petant.
3183 1732 3227 1787 Ο
3256 1734 3586 1792 barbaricam

2009 1805 2317 1874 petitionem
2342 1809 2355 1861 !
2386 1824 2419 1864 o
2448 1814 2625 1867 multa:
2654 1814 3113 1875 inconsiderantiae
3143 1824 3355 1891 plenum
3387 1826 3587 1881 beneﬁ-

2007 1899 2169 1961 cium,
2192 1916 2314 1954 cum
2337 1904 2425 1971 qui
2447 1904 2694 1961 honorari
2717 1908 2924 1964 videtur
2941 1912 3179 1970 afﬁciens
3204 1917 3395 1985 probro
3416 1921 3427 1972 !
3452 1919 3584 1975 Nam

2006 1990 2052 2044 si
2078 2006 2165 2045 res
2189 1990 2409 2049 honesta
2428 2005 2563 2062 erat,
2585 2001 2860 2068 oportebat
2883 2014 3188 2072 perpetuam
3211 2023 3327 2063 esse
3353 2026 3366 2062 :
3392 2010 3436 2064 si
3458 2026 3587 2066 vero

2006 2083 2266 2152 improba,
2291 2103 2360 2143 ne
2379 2089 2589 2158 quidem
2606 2092 2671 2145 ad
2694 2094 2904 2165 triginta
2924 2097 3039 2151 dies
3058 2097 3269 2152 durare.
3293 2101 3517 2173 Rursus,
3537 2104 3583 2158 si

2004 2172 2177 2241 bona,
2209 2190 2307 2231 cur
2344 2180 2735 2236 multitudinem
2775 2185 3099 2241 obtenditis?
3124 2189 3333 2244 Etenim
3374 2172 3583 2249 sineea

2005 2278 2243 2321 anuuere
2278 2271 2511 2337 oportuit
2540 2288 2552 2323 :
2582 2273 2625 2327 si
2654 2289 2783 2328 vero
2816 2277 2952 2329 mala
2974 2317 2990 2340 ,
3031 2294 3131 2332 nec
3169 2281 3413 2337 universo
3449 2284 3582 2340 orbe

2000 2354 2218 2424 jubente
2258 2359 2730 2430 obtemperandum
2771 2378 2904 2421 erat.
2953 2368 3142 2423 Dolum
3188 2386 3292 2425 non
3341 2374 3583 2441 praevidit

2004 2462 2095 2500 rex
2126 2464 2139 2499 :
2166 2458 2221 2503 et
2250 2449 2349 2505 hoc
2373 2466 2437 2505 ex
2465 2453 2529 2506 iis
2548 2470 2664 2523 qua:
2682 2465 2861 2525 postea
2883 2461 3218 2528 contigerunt
3241 2462 3576 2518 manifestum

2003 2547 2103 2591 est.
2134 2537 2420 2594 Constituit
2446 2543 2609 2610 enim,
2636 2555 2689 2599 et
2716 2549 3145 2603 constitutionem
3171 2552 3389 2619 publicis
3410 2554 3577 2609 literis

2003 2628 2298 2698 ﬁrmarunt,
2332 2642 2388 2687 ut
2416 2650 2586 2704 neque
2613 2637 2808 2691 volenti
2839 2641 2946 2708 regi
2975 2649 3181 2709 tempus
3211 2645 3462 2698 renuendi
3490 2661 3576 2699 es-

2002 2728 2085 2773 set
2105 2720 2373 2793 deinceps.
2397 2724 2531 2791 Quid
2559 2727 2733 2796 ilaque
2752 2730 2823 2782 ait
2847 2730 3047 2796 Daniel,
3074 2747 3193 2786 cum
3218 2735 3313 2787 ista
3341 2738 3576 2807 accepit?

1999 2808 2259 2867 Turbatus
2285 2830 2391 2868 non
2418 2826 2531 2881 est;
2558 2818 2791 2885 pristinae
2814 2823 3179 2876 consuetudini
3200 2825 3330 2878 nihil
3357 2826 3573 2895 adjecit,

1999 2899 2130 2955 nihil
2175 2902 2391 2957 ademit.
2436 2907 2629 2975 Aspice
2681 2910 2876 2964 virtute
2922 2913 3197 2980 praeditum
3247 2917 3576 2984 aequabiliter

1998 3005 2209 3060 semper
2238 2993 2524 3062 viventem,
2547 2999 2723 3052 omnia
2746 3002 2888 3055 velut
2908 3013 3287 3071 prtetereuntes
3311 3006 3491 3073 flores,
3514 3024 3577 3063 ac

1999 3085 2143 3139 velut
2171 3085 2222 3139 in
2253 3086 2451 3141 umbris
2482 3099 2589 3142 tum
2617 3093 2891 3147 commoda
2923 3105 3030 3148 tum
3063 3098 3229 3150 tristia
3261 3098 3570 3153 intuentem.

1995 3175 2125 3229 Nam
2154 3176 2197 3230 si
2225 3176 2292 3229 ab
2317 3178 2464 3231 initio
2496 3180 2629 3234 adeo
2669 3183 3054 3250 imperterritus
3093 3189 3372 3255 manebat,
3406 3190 3573 3244 multo

1996 3269 2164 3337 magis
2193 3284 2332 3323 nunc
2354 3312 2367 3335 ,
2402 3281 2520 3340 post
2549 3276 2895 3329 certaminum
2938 3279 3229 3347 periculum
3260 3290 3335 3335 tot
3360 3283 3573 3337 coronis

1995 3357 2287 3413 redimitus.
2312 3360 2420 3414 Cur
2444 3378 2549 3416 non
2569 3368 2789 3419 accessit
2810 3367 2832 3416 ἲ
2853 3383 2946 3421 cur
2966 3382 3182 3437 questus
3202 3385 3308 3425 non
3328 3382 3428 3439 est,
3451 3389 3570 3429 cum

1995 3459 2193 3506 tantam
2237 3451 2486 3521 loquendi
2532 3454 2831 3511 libertatem
2871 3461 3009 3529 apud
3046 3477 3225 3531 regem
3267 3464 3572 3521 obtineret?

1989 3537 2215 3597 Nolebat
2249 3543 2300 3597 id
2339 3559 2496 3614 agere
2533 3546 2710 3602 verbis
2732 3588 2746 3610 ,
2777 3549 2873 3603 sed
2910 3550 3087 3605 rebus.
3120 3553 3362 3623 Alioquin
3393 3566 3569 3611 autem

1992 3633 2186 3703 ubique
2212 3650 2333 3689 eum
2362 3636 2680 3705 invenimus,
2708 3654 2827 3693 cum
2855 3656 2980 3696 usus
3010 3654 3180 3707 vocat,
3217 3647 3459 3713 prosilire
3486 3659 3569 3702 at-

1991 3740 2095 3793 que
2122 3726 2395 3781 accedere.
2429 3728 2516 3782 10.
2551 3746 2570 3780 t
2606 3729 2670 3783 Et
2700 3730 2883 3785 Daniel
2908 3734 3119 3803 quando
3158 3739 3405 3806 cognovit
3438 3741 3571 3794 scri-

1991 3825 2137 3886 ptum
2168 3833 2287 3873 esse
2313 3818 2589 3875 decretum
2609 3863 2624 3887 ,
2653 3823 2921 3891 ingressus
2945 3835 3026 3880 est
3060 3828 3108 3880 in
3136 3828 3352 3883 domum
3382 3847 3529 3885 suam
3551 3875 3567 3899 ,

1990 3918 2044 3962 et
2070 3908 2317 3963 fenestra:
2343 3920 2544 3978 aperta:
2573 3914 2625 3967 in
2651 3917 2920 3970 etenaculo
2948 3918 3061 3987 ejus
3090 3929 3272 3975 contra
3299 3921 3568 3995 Jerosoly-

1990 4015 2129 4054 mam
2161 4018 2175 4052 :
2204 4010 2257 4054 et
2298 4003 2466 4057 tribus
2502 4007 2827 4074 temporibus
2863 4009 2969 4065 diei
3003 4010 3246 4067 flectebat
3276 4030 3445 4084 genua
3466 4056 3479 4079 ,
3512 4025 3568 4072 et

1989 4092 2174 4145 orabat
2200 4091 2299 4163 (ὁ),
2325 4104 2379 4148 et
2405 4097 2754 4153 conﬁtebatur
2780 4115 2959 4156 coram
3001 4104 3113 4159 Deo
3150 4122 3279 4171 suo,
3321 4118 3379 4162 ut
3410 4120 3563 4164 antea

1987 4182 2173 4236 solitus
2191 4194 2303 4238 erat
2323 4185 2515 4242 facere.
2548 4206 2566 4239 ι
2588 4188 2762 4254 Quare
2784 4207 2878 4245 nos
2895 4193 3167 4248 admonuit
3188 4196 3559 4266 fenestrarum,

1988 4274 2127 4341 quod
2153 4285 2350 4343 aperta:
2385 4288 2564 4332 essent
2595 4296 2776 4336 versus
2795 4282 3219 4355 Jcrosolymam?
3242 4289 3371 4353 Quia
3392 4285 3565 4343 Judaei

1987 4364 2285 4420 vehementi
2337 4368 2482 4422 urbis
2535 4371 2673 4425 illius
2718 4374 2950 4427 visenda:
2998 4378 3311 4431 tenebantur
3351 4379 3564 4435 deside-

1992 4457 2091 4511 rio.
2124 4457 2271 4513 Sicut
2311 4460 2468 4529 igitur
2493 4465 2581 4531 qui
2612 4474 2836 4517 amatam
2868 4467 3025 4519 habet
3048 4468 3320 4523 absentem
3343 4512 3356 4533 ,
3395 4472 3555 4527 etiam
3582 4516 3591 4535 ,

1987 4549 2175 4603 itinera
2201 4566 2266 4605 eo
2291 4552 2534 4607 ducentia
2573 4556 2743 4625 diligit
2772 4574 2785 4608 :
2816 4557 2882 4609 ita
2915 4572 3043 4612 sane
3074 4570 3127 4612 et
3151 4561 3269 4615 iste.
3298 4564 3399 4616 Alii
3432 4581 3559 4620 vero

1987 4639 2361 4696 desiderabant
2409 4644 2592 4697 urbem
2638 4656 2852 4714 propter
2905 4663 2991 4702 res
3035 4652 3339 4719 corporales
3393 4672 3406 4708 :
3452 4671 3556 4710 non

1987 4740 2162 4783 autem
2191 4731 2312 4797 hic,
2359 4741 2413 4786 at
2455 4743 2673 4803 propter
2711 4737 2931 4805 gloriam
2980 4739 3093 4793 Dei.
3124 4741 3553 4814 Quandoquidem

1987 4821 2037 4875 id
2064 4823 2134 4877 ita
2164 4838 2223 4878 se
2252 4824 2449 4879 habere
2472 4825 2593 4880 inde
2623 4826 2958 4883 manifestum
2985 4841 3064 4885 est
3089 4872 3104 4897 ,
3145 4834 3287 4903 quod
3333 4836 3562 4891 noluerit

2046 5018 2062 5047 ¹
2100 5017 2155 5065 In
2191 5020 2505 5089 prat.7prima
2527 5020 2591 5069 de
2617 5023 2895 5089 Precatione
2931 5038 3163 5074 numerus
3203 5030 3442 5077 ternarius
3476 5044 3563 5089 pro

1984 5079 2438 5151 tricenoOhabetur,
2480 5091 2639 5132 errato
2679 5085 2902 5133 nimirum
2934 5090 3235 5149 scriptionis,
3275 5104 3365 5139 seu
3406 5079 3561 5153 potius

1981 5152 2243 5191 memoriae.

2046 5202 2117 5271 (ᾳ)
2152 5201 2328 5271 confer
2365 5217 2473 5253 cum
2509 5206 2721 5271 Estherze
2760 5208 2818 5262 l.
2862 5209 2946 5266 19,
2991 5217 3043 5258 et
3085 5211 3332 5271 intelliges
3370 5216 3558 5264 Darium

1979 5264 2166 5327 Medum
2188 5266 2454 5326 imperasse
2496 5269 2640 5316 Medis
2671 5283 2725 5317 ac
2759 5264 2950 5327 Persis,
2989 5286 3083 5319 non
3125 5264 3287 5321 autem
3326 5274 3559 5323 Chaldasis

1980 5324 2119 5381 solis;
2138 5324 2437 5388 proindeque
2455 5342 2547 5376 non
2571 5342 2682 5377 esse
2698 5324 3042 5379 Nabonnidnm.
3067 5334 3181 5389 Quid
3208 5337 3353 5391 enim,
3373 5350 3555 5427 quaeso,

1980 5386 2036 5427 ad
2065 5386 2365 5427 Bahvlnninm
2390 5401 2562 5427 rprrpm
2608 5392 2851 5427 Mmlnrunl
2877 5406 2930 5427 ειη
2957 5402 3203 5427 Dorum-nm
3232 5394 3369 5427 Iun-oc

1979 5386 2370 5455 adlisabyloninm‘
2390 5401 2580 5446 regem,
2597 5392 2853 5455 Medorum
2876 5406 2930 5455 ac
2957 5386 3205 5441 Persarum
3231 5386 3397 5455 leges?

2042 5444 2113 5507 (ὁ)
2146 5444 2261 5515 illinc
2284 5448 2415 5497 horae
2439 5444 2680 5515 canonicge
2703 5454 2827 5513 apud
2867 5452 3192 5511 Christianos,
3221 5444 3319 5515 jam
3351 5458 3463 5505 inde
3495 5461 3557 5508 ab

1977 5506 2264 5577 Apostolicis
2285 5513 2597 5577 temporibus.
2620 5506 2764 5574 Cujus
2782 5516 3048 5577 traditionis
3066 5506 3277 5563 ration't's
3295 5506 3557 5577 produntur

1977 5582 2001 5615 a
2027 5568 2282 5618 Clemente
2316 5568 2643 5621 Alexandrino
2676 5568 2941 5621 Stromaton
2982 5576 3060 5622 liii.
3089 5578 3134 5632 7,
3166 5586 3216 5625 et
3239 5592 3266 5624 a
3290 5568 3361 5627 SS.
3390 5568 3556 5631 Basilio

1976 5642 2031 5678 ac
2055 5632 2361 5705 Hieronymo:
2387 5633 2707 5682 'rertullianus
2728 5636 2791 5682 de
2809 5636 3011 5705 Jejuniis
3028 5636 3244 5705 decimo:
3266 5641 3394 5705 Quod
3414 5642 3557 5705 etnon

1974 5690 2149 5763 suadet
2172 5690 2583 5763 Da'niclisquoque
2607 5690 2937 5763 arguiiwntum
2962 5703 3032 5744 ter
3059 5698 3137 5747 die
3159 5690 3373 5763 orantis;
3397 5690 3559 5763 utique

1974 5765 2059 5815 per
2085 5752 2353 5816 aliquarum
2375 5752 2603 5807 librarum
2632 5752 2997 5821 eli'ceptiouem;
3034 5772 3123 5810 non
3158 5752 3369 5813 altarum'
3397 5752 3554 5815 autem
