4126 6294
567 296 673 358 227

567 411 742 469 redire
763 450 778 475 ,
804 420 925 464 cum
950 405 1126 463 evenit
1158 403 1299 475 quod
1338 404 1620 471 expetebat
1653 401 1751 472 (a).
1783 401 2006 470 Propter
2043 399 2146 454 hoc

566 516 619 562 et
638 517 772 569 nos,
810 504 945 556 sicut
970 508 1147 569 patres
1176 496 1330 551 nobis
1354 495 1682 550 tradiderunt
1724 493 1829 565 (b),
1871 494 1937 548 ad
1969 494 2145 547 orien-

566 607 673 653 tem
704 594 1020 665 aspicientes
1062 604 1342 660 precamur
1374 606 1386 641 :
1418 588 1685 642 civitatem
1715 600 1926 656 quoque
1954 600 2051 639 nos
2080 599 2144 639 ac

565 690 790 761 patriam
833 686 1105 755 antiquam
1146 681 1467 752 requirimus
1511 680 1748 735 :etenim
1782 694 1966 734 revera
1995 693 2143 747 qua:-

564 787 670 841 situ
708 785 864 855 digna
894 796 985 837 res
1014 791 1114 836 est.
1142 779 1263 848 Quo
1290 788 1442 849 pacto
1461 817 1477 843 ,
1510 792 1629 831 cum
1659 776 1799 829 Deus
1824 774 2018 843 ubique
2047 772 2137 837 sit,

564 892 787 947 eumque
811 876 1072 946 propheta
1116 873 1258 928 dicat
1288 890 1301 924 :
1332 871 1399 924 Et
1444 872 1527 939 qui
1566 868 1791 922 ascendit
1826 884 1976 936 super
1995 882 2147 919 occa-

563 983 668 1024 sum
693 1010 708 1033 ,
738 968 987 1022 Dominus
1009 980 1191 1019 nomen
1214 962 1292 1016 illi
1317 961 1485 1034 (Psal.
1516 961 1605 1015 67.
1632 960 1686 1029 5)
1709 1001 1724 1024 ,
1755 969 1930 1012 tamen
1956 956 2023 1010 ad
2058 972 2147 1008 or-

562 1071 672 1116 tum
710 1057 1003 1115 vertimur?
1029 1057 1232 1125 Nempe
1261 1056 1331 1108 ibi
1359 1053 1505 1108 velut
1548 1051 1738 1104 medici
1767 1048 1982 1102 ofﬁcina
2028 1055 2145 1101 erat

562 1154 706 1207 olim.
730 1152 798 1206 At
822 1150 960 1204 illius
986 1165 1089 1202 non
1117 1146 1301 1216 cepisti
1328 1140 1788 1211 experimentum?
1807 1138 1911 1194 Sed
1940 1151 2143 1207 quaere.

562 1241 615 1297 In
644 1242 953 1310 captivitate
985 1249 1040 1293 et
1076 1253 1175 1292 nos
1212 1234 1610 1290 habitabamus:
1632 1244 1818 1283 verum
1863 1239 2147 1298 antequam

563 1336 796 1389 venisset
824 1331 1085 1388 Christus.
1113 1329 1225 1383 Cur
1246 1337 1425 1381 autem
1449 1325 1617 1380 tribus
1642 1330 1843 1377 tantum
1872 1319 1979 1375 diei
2008 1330 2144 1376 tem-

564 1424 783 1497 poribus
810 1423 1057 1477 ﬂectebat
1092 1418 1299 1489 genua?
1325 1416 1461 1483 Quid
1489 1414 1675 1468 cutim?
1702 1428 1880 1468 nonne
1908 1414 2008 1467 hoc
2034 1413 2141 1466 mia

565 1515 772 1570 rabile?
794 1514 964 1568 Homo
981 1521 1057 1565 tot
1087 1510 1353 1578 tantisque
1375 1505 1733 1561 circumdatus
1757 1505 1919 1569 curis,
1946 1504 2145 1574 quique

565 1624 633 1663 ne
687 1607 901 1678 paulum
947 1604 1161 1674 quidem
1200 1601 1463 1670 respirare
1512 1598 1758 1654 habebat.
1792 1597 1926 1652 Vide
1966 1607 2147 1651 autem

563 1709 618 1755 et
664 1699 869 1767 impleri
918 1696 1046 1751 illud
1101 1692 1329 1765 apostoli
1369 1709 1387 1746 :
1411 1690 1479 1745 In
1507 1693 1644 1744 omni
1678 1689 1811 1756 ioco,
1854 1688 2041 1758 inquit,
2074 1688 2146 1741 leo

563 1800 732 1844 cantes
761 1805 916 1859 puras
955 1802 1137 1840 manus
1164 1785 1252 1857 (1.
1301 1781 1436 1836 Tim.
1475 1780 1530 1835 2.
1579 1779 1657 1852 8).
1691 1780 1763 1835 Et
1799 1779 1940 1850 quod
1987 1777 2144 1834 Ch‘ri-

561 1891 674 1936 stus
711 1881 906 1951 jussit,
940 1879 1043 1933 hoc
1086 1876 1439 1946 complebant.
1491 1873 1561 1926 Et
1613 1871 1890 1935 claudens,
1934 1870 2139 1940 inquit,

559 1975 742 2028 ostium
784 1982 963 2037 tuum,
990 1986 1082 2024 ora
1126 1967 1337 2022 Patrem
1386 1975 1527 2019 tuum
1565 1962 1776 2035 (Matth.
1808 1962 1861 2017 6.
1894 1958 1990 2033 6η).
2052 1961 2142 2016 15.

570 2082 595 2117 ι
625 2064 774 2120 Tunc
825 2061 1250 2132 responderunt,
1294 2066 1347 2113 et
1389 2057 1571 2111 dicunt
1611 2062 1799 2110 coram
1845 2067 2011 2123 rege:
2042 2053 2145 2106 Da-

562 2155 684 2216 niel,
717 2154 805 2224 qui
843 2153 909 2207 de
938 2151 1062 2206 ﬁliis
1088 2149 1410 2219 captivitatis
1433 2146 1654 2213 Judteaa,
1686 2154 1795 2200 non
1817 2144 2049 2199 subdidit
2083 2158 2144 2199 se

562 2249 779 2304 decreto
809 2257 898 2300 tuo
926 2255 980 2301 et
1007 2241 1371 2299 constitutioni
1399 2253 1559 2310 quam
1584 2238 1819 2293 statuisti
1849 2255 1863 2291 :
1893 2245 1948 2291 et
1976 2235 2142 2290 tribus

560 2340 665 2397 diei
696 2337 1023 2409 temporibus
1055 2336 1239 2406 petita
1266 2334 1377 2388 Deo
1405 2346 1503 2386 suo
1542 2330 1846 2401 petitiones.
1872 2329 1960 2384 14.
1990 2328 2142 2383 Tunc

563 2449 659 2490 rex
682 2478 696 2501 ,
727 2442 787 2488 ut
824 2431 1041 2487 verbum
1068 2428 1288 2491 audivit,
1320 2425 1545 2480 multum
1569 2422 1912 2478 contristatae
1938 2430 2020 2476 est
2048 2435 2141 2475 su-

559 2538 652 2597 per
677 2540 780 2607 eo:
812 2533 866 2578 et
893 2537 987 2592 pro
1022 2518 1241 2574 Daniele
1277 2514 1584 2583 contendit,
1606 2521 1667 2568 ut
1685 2512 1934 2567 liberaret
1959 2526 2082 2566 eum
2118 2530 2133 2567 :

557 2625 611 2671 ct
640 2606 807 2686 usque
836 2613 900 2668 ad
929 2626 1175 2668 occasum
1199 2608 1326 2663 solis
1351 2606 1644 2671 dimicavit,
1672 2613 1732 2659 ut
1746 2612 1959 2659 erueret
1983 2620 2130 2672 eum,

557 2715 610 2761 et
636 2705 909 2776 satagebat
942 2720 1037 2773 pro
1062 2704 1171 2757 illo.
1200 2701 1287 2756 15.
1318 2698 1468 2754 Tunc
1488 2698 1586 2753 viri
1618 2697 1695 2752 illi
1720 2696 2138 2752 observaverunt

557 2797 609 2852 in
628 2812 828 2868 regem,
846 2804 900 2850 et
924 2794 1103 2849 dicunt
1123 2792 1234 2862 regi
1255 2810 1267 2846 :
1289 2790 1453 2857 Scito,
1472 2805 1587 2852 rex,
1612 2788 1735 2859 quia
1758 2786 2025 2843 decretum
2055 2796 2139 2845 est

560 2887 725 2942 Medis
751 2897 805 2942 et
834 2885 1032 2949 Persis,
1064 2896 1277 2939 onmem
1304 2881 1748 2936 constitutionem
1772 2889 1825 2935 et
1851 2888 2133 2948 statutum,

555 2978 696 3049 quod
720 2993 816 3032 rex
844 2976 1106 3039 statuerit,
1158 2974 1415 3042 abrogare
1440 2984 1545 3025 non
1566 2981 1827 3040 oportere.
1859 2970 1945 3025 16.
1986 2969 2137 3026 Tunc

555 3087 649 3127 rex
675 3070 833 3140 jussu
864 3086 877 3121 :
902 3077 957 3122 et
980 3066 1311 3121 abduxerunt
1334 3064 1626 3128 Danielem,
1655 3072 1710 3117 et
1735 3061 2135 3117 miserunteum

556 3162 610 3216 in
634 3162 806 3216 lacum
832 3159 1065 3213 leonum.
1104 3176 1123 3209 ι
1148 3155 1353 3210 Forsan
1385 3152 1623 3208 nonnulli
1651 3161 1885 3207 vestrum
1915 3151 2131 3207 dicunt:

553 3251 740 3309 Nonne
776 3248 945 3321 potuit
968 3264 1059 3303 rex
1092 3247 1318 3300 liberare
1347 3244 1504 3300 eum?
1547 3242 1775 3299 Maxime
1803 3242 2014 3313 quidem
2042 3257 2136 3312 po-

552 3344 652 3397 tuit
672 3342 811 3396 Deus
843 3353 1021 3409 regem
1047 3338 1217 3391 facere
1242 3336 1615 3406 potentiorem,
1647 3333 1741 3389 sed
1763 3333 1831 3387 ad
1854 3344 2128 3389 certamen

555 3433 813 3489 athletam
852 3431 1019 3485 ducit.
1065 3413 1297 3483 Noverat
1325 3426 1485 3481 linem
1518 3466 1539 3491 ,ν
1563 3440 1671 3479 non
1721 3424 2001 3495 ignorabat
2034 3439 2131 3479 ex-

559 3528 715 3580 itum.
744 3525 817 3578 Δι’
839 3536 931 3578 rex
962 3522 1005 3577 si
1041 3521 1201 3575 linem
1227 3517 1635 3574 hunc-scivisset
1658 3525 1995 3582 evanturum,
2026 3530 2133 3571 non

556 3619 851 3673 laborasset
889 3616 1108 3686 utique:
1136 3613 1229 3669 sed
1260 3628 1369 3667 non
1386 3612 1574 3682 potuit.
1608 3609 1913 3665 Laudabilis
1943 3618 2026 3664 est
2055 3609 2126 3664 ob

552 3709 805 3774 studium,
827 3707 977 3763 venia
1011 3705 1200 3775 dignus
1225 3706 1295 3759 ob
1325 3702 1699 3773 ignorantiam.
1729 3701 1879 3755 Adeo
1906 3711 2131 3770 exopta-

552 3811 637 3857 tus
663 3816 725 3856 ac
751 3798 996 3854 amabilis
1032 3808 1148 3852 erat
1179 3795 1360 3850 Daniel
1397 3812 1410 3849 :
1455 3793 1557 3849 sed
1579 3792 1775 3848 invidia
1803 3808 1870 3847 ne
1914 3793 2133 3863 pulchra

552 3893 765 3963 quidem
790 3890 979 3945 intueri
1011 3890 1139 3945 sinit
1170 3906 1183 3941 :
1213 3889 1322 3942 imo
1346 3887 1541 3941 intueri
1580 3885 1795 3956 quidem
1848 3884 2129 3954 permittit,

557 3993 612 4037 at
656 3997 762 4036 non
801 3981 989 4035 iisdem
1030 3980 1221 4034 oculis.
1267 3977 1378 4033 Non
1407 3985 1655 4047 oportet,
1687 3976 1969 4047 inquiunt,
1999 3976 2135 4030 adeo

562 4062 866 4139 languidam
890 4084 1009 4125 esse
1036 4085 1216 4123 rerum
1237 4067 1769 4133 administrationem,
1799 4082 1970 4135 neque
1991 4067 2134 4136 leges

558 4147 772 4216 nostras
798 4159 1071 4213 instabiles
1098 4172 1240 4213 esse.
1270 4157 1402 4212 Tota
1426 4172 1556 4227 gens
1593 4157 1919 4211 contumelia
1957 4156 2131 4210 afﬁci-

559 4262 665 4307 tur.
704 4251 1001 4305 lmmittuut
1026 4250 1301 4305 Danielem
1330 4251 1383 4303 in
1414 4250 1610 4304 fossam
1643 4268 1655 4303 :
1698 4251 1972 4319 imponunt
1998 4247 2134 4318 lapi-

554 4376 697 4426 quam
726 4360 1038 4426 insigniorum
1057 4399 1069 4421 ,
1098 4359 1673 4426 exindehapostolicqrum
1688 4395 1721 4426 ,_
1736 4359 1924 4426 tertiw_,
1948 4364 2131 4426 sextae,

551 4421 707 4475 name.
733 4421 1004 4486 Magistrum
1026 4426 1244 4486 sequitur
1265 4421 1529 4485 discipulus
1552 4422 1675 4471 libro
1693 4422 1758 4486 de
1778 4421 2018 4486 oratione,
2032 4422 2136 4486 nisi

555 4487 684 4549 quod
707 4482 954 4549 memoriae
980 4482 1134 4549 lapsu!
1154 4493 1257 4534 tres
1293 4482 1477 4549 pueros
1509 4497 1618 4532 cum
1642 4482 1845 4549 panicio
1876 4483 2132 4549 consociat.

555 4544 738 4597 Nollem
773 4544 1080 4598 Constantino
1114 4544 1432 4608 Imperatori,
1466 4546 1607 4594 istam
1642 4544 1889 4608 historiam
1915 4544 2136 4608 oratione

554 4610 613 4658 ad
638 4616 909 4658 sanctorum
947 4617 1123 4657 emtum
1171 4604 1444 4667 referenti,
1489 4615 1585 4656 tam
1625 4605 1772 4654 multa
1809 4604 2131 4667 excidissent.

554 4670 772 4721 Videnda
798 4677 873 4718 est
895 4669 1130 4720 Catholica
1154 4664 1476 4731 apostolorum
1500 4669 1716 4731 doctrina
1738 4670 1785 4715 in
1809 4664 1965 4731 lib._7,
1984 4678 2027 4713 c.
2052 4666 2132 4717 25.

619 4733 691 4794 (a)
725 4731 842 4782 Cum
880 4731 1053 4779 Judteis
1076 4731 1131 4778 ad
1157 4725 1353 4793 patriam
1384 4730 1621 4794 redeundi
1641 4733 1868 4794 potestas
1888 4725 2014 4775 facta

556 4789 651 4845 Cur
673 4789 837 4843 autem
857 4794 979 4854 apud
1004 4789 1203 4841 exteros
1224 4795 1458 4841 manserit
1490 4789 1691 4847 Daniel,
1713 4791 1951 4854 rationem
1975 4789 2136 4854 reddit

554 4851 897 4927 :rliealoretus'
913 4854 997 4903 lib.
1026 4854 1086 4903 10
1108 4854 1446 4903 Commentarii
1472 4854 1521 4901 in
1540 4854 1668 4901 hunc
1688 4851 1992 4914 prophetam,
2010 4852 2135 4900 circa

555 4921 762 4968 initium.

619 4978 689 5041 (ὸ)
721 4986 1064 5041 ttancquoque
1096 4978 1222 5041 inter
1252 4988 1347 5024 non
1380 4977 1590 5041 scriptas
1603 4973 1889 5041 traditiones
1908 4976 2137 5041 recenset

554 5047 599 5089 s.
625 5035 821 5090 basilius
845 5035 928 5087 lib.
952 5035 1017 5087 de
1039 5039 1213 5099 Spiritu
1235 5046 1417 5094 sancto,
1440 5035 1544 5097 cap.
1569 5038 1627 5085 27
1649 5050 1663 5097 ;
1686 5048 1831 5099 quam
1855 5041 1907 5099 et
1928 5035 1990 5083 ab
2023 5047 2136 5099 apo-

553 5102 692 5151 stolis
712 5114 932 5150 manasse
954 5097 1129 5149 asserit
1158 5101 1239 5161 qui
1266 5101 1393 5161 inter
1427 5110 1576 5158 opera
1614 5105 1669 5161 B.
1702 5098 1872 5145 Justini
1912 5097 2135 5161 martyris

555 5162 734 5226 legitur
774 5162 901 5212 liber
940 5163 997 5211 ad
1029 5160 1331 5226 Qrthodoxos
1350 5160 1432 5226 “de
1465 5160 1751 5221 quibusdam
1788 5160 2137 5219 quaestionibus

557 5222 795 5289 scriptus,
818 5232 964 5289 _ttesp.
989 5224 1046 5289 ad
1071 5232 1243 5289 quaest.
1285 5222 1407 5289 118,
1440 5234 1536 5269 nec
1566 5236 1662 5269 non
1692 5228 1735 5269 S.
1766 5226 2028 5289 Germanus
2052 5232 2136 5280 pa-

557 5280 764 5337 triarcha
785 5280 1355 5345 'llons'tantin'opolitanus
1392 5284 1442 5331 in
1488 5289 1659 5332 lterum
1706 5280 2136 5345 ecclesiasticarum

557 5349 981 5409 contemplatione.
1018 5344 1558 5409 Anteniinerunt_etiam
1589 5344 1928 5409 antiquissimi
1974 5348 2139 5409 Patres

556 5403 788 5459 Clemens
808 5407 1167 5457 Alexandrinus
1182 5414 1352 5455 Strom.
1372 5406 1420 5462 7,
1440 5403 1761 5454 't‘crtullianus
1777 5404 2034 5466 Apologet.
2059 5403 2135 5461 16,

560 5479 614 5533 et
633 5474 873 5533 Origenes
895 5470 1091 5519 Homilia
1116 5470 1146 5518 5
1169 5469 1218 5533 in
1230 5476 1487 5533 numeros.
1516 5474 1565 5533 et
1590 5468 1719 5516 inter
1740 5468 2138 5533 Origenisppera

556 5526 742 5582 Auctor
760 5534 1004 5581 Librorum
1047 5533 1094 5579 in
1117 5532 1205 5579 Job
1230 5530 1311 5577 lib.
1333 5531 1379 5577 1.
1396 5529 1484 5577 Adi
1508 5528 1812 5579 Clementem
1836 5526 2145 5577 Coustitutio~

558 5604 672 5655 nam
698 5594 782 5642 lib.
804 5594 854 5651 2,
875 5608 979 5655 cap.
1000 5594 1066 5655 Δ57
1086 5631 1099 5647 ,
1134 5598 1187 5641 et
1211 5591 1294 5639 lib.
1319 5592 1347 5639 7
1366 5627 1379 5649 ,
1404 5604 1510 5652 cap.
1530 5590 1597 5655 >46
1615 5623 1630 5647 ,
1656 5590 1928 5655 Dionysium
1952 5584 2133 5655 Eccles.

558 5654 688 5703 ttier.
721 5649 875 5711 (no.1
905 5649 958 5704 et
988 5653 1049 5711 2,
1073 5654 1333 5703 Auctorem
1366 5649 1689 5710 Quaestionum
1721 5649 1786 5697 ad
1816 5649 2104 5698 Antiochum
2122 5682 2138 5707 ,

560 5669 688 5703 uter.
721 5669 774 5703 ω
812 5690 827 5705 .
852 5669 875 5704 ἰ
905 5669 958 5704 et.
988 5669 1049 5711 Ζ,
1073 5669 1333 5703 Αυειοτεηι
1366 5669 1689 5710 υυὲεδιιοιιυιιι
1721 5669 1779 5697 au
1816 5669 2104 5698 Atttlucuutu
2122 5682 2138 5707 ,

559 5723 730 5774 qua-st.
755 5669 814 5764 5g
829 5749 846 5773 ,
870 5724 921 5765 et
942 5724 1223 5777 Symeonem
1245 5714 1726 5777 Thessalonicensem
1749 5712 1813 5761 de
1835 5718 2139 5763 Sacramenw

560 5777 748 5829 ordinis
770 5790 903 5839 tan).
931 5776 1102 5836 tertio,
1128 5784 1286 5837 sexto,
1314 5776 1584 5826 undecimo.

1302 290 1359 347 S.
1400 288 1676 345 JOANNIS
1714 285 2185 342 CllRYSOSTOMl
2215 286 2530 342 ARCHIEP.
2561 286 3089 343 CONSTANTINOP.

3731 289 3828 347 238

2258 402 2397 455 dem.
2439 420 2458 454 ι
2487 402 2554 456 Ει
2578 400 2711 456 dixit
2735 417 2833 458 rex»
2857 403 3057 459 Danieli
3083 424 3096 458 :
3123 404 3286 472 Deus,
3316 406 3399 460 cui
3427 415 3479 459 tu
3504 407 3673 461 servis
3697 423 3827 465 con-

2256 493 2421 558 tinue,
2452 494 2565 562 ipse
2607 493 2855 549 liberabit
2892 504 2964 550 te.
3009 496 3096 549 17.
3154 496 3222 550 Ει
3267 497 3559 552 attulerunt
3599 500 3826 568 lapidem

2252 601 2414 639 unum
2439 628 2455 651 ,
2487 596 2542 641 et
2569 587 2937 657 imposuerunt
2981 603 3143 656 super
3168 602 3230 643 os
3269 589 3367 644 laci
3396 608 3410 644 :
3440 598 3495 645 et
3521 590 3823 661 obsignavit

2251 692 2346 731 rex
2379 678 2577 732 annulo
2612 692 2745 744 suo,
2785 689 2841 732 et
2868 680 3069 733 annulo
3111 681 3429 748 optimatum
3482 696 3743 738 suorum:
3775 696 3830 739 ut

2252 768 2385 821 nihil
2408 778 2704 824 mutaretur
2721 770 2773 823 in
2798 770 3033 825 Daniele.
3067 771 3157 826 18.
3181 771 3251 826 Et
3276 772 3407 827 abiit
3423 788 3517 827 rex
3533 774 3584 828 in
3612 774 3829 831 domum

2250 874 2423 926 suam,
2447 871 2501 915 et
2529 864 2715 917 cubuit
2736 864 3055 929 incmnatus,
3080 873 3136 919 et
3155 864 3307 919 cibos
3334 881 3442 921 non
3468 880 3831 937 apposuerunt

2253 952 2321 1018 ei,
2354 961 2411 1007 et
2433 968 2654 1008 somnus
2699 955 2923 1010 recessit
2951 955 3018 1010 ab
3042 970 3130 1010 eo.
3164 974 3184 1009 ι
3216 956 3522 1013 Recordare
3548 958 3681 1013 mihi
3713 975 3828 1014 me.

2252 1057 2569 1101 numentum
2596 1045 2791 1101 Christi
2818 1046 2954 1114 ,ubi
3002 1046 3175 1102 Judaei
3219 1048 3390 1119 sigilla
3442 1049 3810 1118 imposuerunt

2248 1139 2497 1209 Alioquin
2526 1140 2669 1195 enim
2697 1140 2957 1196 dixissent
2984 1156 3099 1196 rem
3132 1155 3228 1211 per
3250 1140 3489 1196 fraudem
3516 1157 3581 1196 ac
3616 1144 3823 1212 prazsti.

2246 1232 2360 1301 gias
2388 1246 2507 1288 esse
2527 1232 2739 1288 factam.
2766 1232 2873 1288 Sed
2900 1233 3099 1302 ubique
3122 1248 3242 1302 qua:
3266 1232 3334 1287 ab
3363 1233 3594 1288 inimicis
3631 1234 3831 1288 nostris

2251 1333 2543 1391 patrantur,
2575 1340 2673 1396 pro
2699 1326 2853 1381 nobis
2879 1334 3022 1381 sunt.
3054 1325 3186 1380 Nam
3214 1334 3272 1380 ut
3293 1325 3625 1382 delatoribus
3650 1328 3829 1382 omnis

2248 1414 2515 1470 auferatur
2544 1426 2847 1486 praetextus,
2872 1417 2924 1473 id
2949 1417 3126 1473 evenit
3152 1432 3167 1472 :
3197 1425 3253 1473 et
3280 1431 3374 1473 rex
3399 1419 3547 1488 ponit
3565 1418 3717 1489 signa
3739 1461 3754 1485 ,
3774 1428 3832 1474 ut

2248 1507 2355 1562 illis
2380 1506 2603 1564 facultas
2630 1525 2733 1564 non
2763 1518 2908 1565 esset
2946 1510 3235 1581 quidquam
3279 1508 3540 1578 faciendi,
3568 1511 3652 1566 vel
3679 1510 3830 1566 illum

2246 1602 2561 1658 extrahendi
2582 1634 2599 1668 ,-
2626 1611 2681 1658 et
2707 1603 2891 1659 locnes
2918 1604 3175 1659 eausandi
3212 1622 3225 1659 :
3255 1603 3331 1658 illi
3370 1618 3501 1659 vero
3538 1606 3701 1659 etiam
3732 1605 3831 1659 im-

2246 1703 2449 1765 ponunt
2474 1695 2642 1763 signa,
2672 1706 2727 1749 ut
2752 1710 2858 1749 non
2889 1695 3073 1751 liceret
3100 1694 3211 1766 regi
3233 1693 3462 1750 liberare
3489 1710 3633 1762 eum,
3660 1705 3825 1767 atque

2246 1788 2324 1841 sic
2365 1786 2420 1841 in
2462 1795 2577 1842 tuto
2601 1787 2873 1843 decretum
2898 1798 3065 1843 esset.
3094 1788 3163 1843 Et
3199 1802 3303 1843 non
3329 1788 3588 1855 ctenavit,
3620 1789 3833 1859 inquit,

2246 1893 2371 1943 rex,
2403 1894 2576 1949 neque
2613 1878 2853 1934 dormiit.
2908 1878 3039 1934 Vide
3066 1890 3265 1950 quanta
3306 1880 3387 1933 vis
3411 1880 3485 1934 sit
3511 1881 3731 1935 amoris.
3763 1881 3831 1937 Et

2244 1968 2411 2040 quid?
2438 1970 2675 2025 Primum
2714 1969 2929 2041 qdidem’
2973 1971 3110 2027 bene
3152 1986 3369 2041 sperare
3391 1970 3545 2041 jubet
3572 1972 3761 2028 dicens
3810 1992 3825 2028 :

2245 2060 2381 2116 Deus
2404 2103 2420 2127 ,
2458 2062 2540 2115 cui
2570 2070 2624 2115 tu
2663 2062 2816 2116 servis
2852 2062 3101 2116 continue.
3140 2060 3331 2117 lterum
3361 2076 3573 2117 causam
3624 2064 3829 2132 justam

2246 2154 2411 2223 ponit.
2440 2168 2559 2223 quae
2583 2154 2752 2223 possit
2778 2153 2917 2208 illius
2939 2153 3173 2207 animum
3190 2153 3416 2222 erigere.
3444 2153 3645 2208 Forsan
3675 2154 3826 2209 enim

2245 2246 2515 2301 Danielem
2558 2245 2818 2301 audierat.
2856 2245 3059 2300 Deinde
3102 2245 3307 2301 accedit
3346 2246 3599 2317 hymnum
3640 2246 3826 2317 profe-

2245 2350 2387 2392 rens.
2412 2336 2505 2393 25.
2535 2355 2553 2389 ι
2574 2336 2723 2392 Tunc
2749 2352 2841 2392 rex
2870 2338 3091 2392 multum
3116 2337 3327 2407 gavisus
3347 2346 3429 2392 est
3456 2352 3613 2407 super
3633 2352 3700 2393 eo
3724 2356 3737 2391 :
3771 2348 3831 2393 et

2243 2430 2496 2499 praecepit
2535 2437 2596 2483 ut
2620 2428 2889 2484 Danielem
2933 2429 3223 2483 educerent
3251 2428 3318 2483 de
3346 2429 3483 2483 lacu.
3510 2427 3577 2483 Et
3600 2428 3828 2483 eductus

2242 2528 2326 2574 est
2352 2519 2535 2575 Daniel
2561 2520 2630 2575 de
2673 2520 2814 2588 lacu,
2844 2530 2897 2575 et
2922 2520 3063 2574 nulla
3091 2520 3241 2575 laesio
3270 2520 3480 2575 inventa
3518 2530 3598 2575 est
3627 2521 3678 2574 in
3708 2521 3829 2587 illo,

2242 2611 2365 2682 quia
2403 2611 2632 2666 credidit
2663 2612 2773 2666 Deo
2801 2627 2916 2666 suo.
2945 2611 3036 2666 24.
3067 2611 3134 2665 Ει
3162 2608 3294 2665 dixit
3335 2627 3429 2666 rex
3454 2652 3469 2673 ,
3498 2620 3554 2666 et
3580 2611 3826 2667 adduxe-

2240 2711 2368 2758 runt
2393 2703 2536 2762 viros
2561 2703 2650 2772 qui
2677 2711 3057 2758 accusaverant
3095 2702 3367 2758 Danielem
3402 2720 3414 2756 :
3449 2712 3504 2758 et
3542 2705 3595 2758 in
3643 2704 3835 2759 lacum

2239 2794 2451 2851 leonum
2474 2795 2653 2865 injecti
2680 2804 2806 2850 sunt
2834 2795 2955 2864 ipsi,
2984 2805 3037 2849 et
3059 2794 3152 2848 lilii
3181 2809 3391 2859 eorum,
3421 2804 3475 2849 et
3505 2810 3701 2850 uxores
3728 2810 3827 2850 eo-

2239 2904 2399 2944 rum:
2432 2898 2485 2944 et
2513 2904 2617 2943 non
2646 2896 3000 2959 pervenerant
3030 2887 3098 2942 ad
3138 2888 3494 2957 pavimentum
3528 2888 3664 2953 laci,
3692 2903 3833 2943 cum.

2239 2979 2495 3034 dominati
2531 2988 2653 3033 sunt
2685 2994 2869 3034 eorum
2912 2978 3093 3033 leones
3115 3020 3130 3042 ,
3177 2987 3232 3033 et
3268 2978 3444 3032 omnia
3482 2992 3603 3033 ossa
3631 2993 3828 3035 eorum

2237 3072 2683 3127 comminuerunt.
2715 3090 2734 3124 ι
2762 3072 2872 3139 Qua
2921 3071 2989 3126 de
3031 3085 3189 3126 eausa
3238 3070 3331 3124 lilii
3359 3081 3414 3125 et
3456 3085 3652 3127 uxores
3699 3088 3825 3142 per-

2237 3172 2365 3217 eunt
2390 3161 2509 3235 (a)»?
2546 3163 2671 3233 quid
2710 3173 3069 3233 peccaverunt
3098 3163 3220 3216 isti?
3243 3161 3487 3217 Fortasse
3508 3164 3579 3218 illi
3606 3180 3827 3236 quoque

2237 3255 2474 3308 criminis
2498 3254 2784 3325 partit-ipes
2817 3264 2987 3310 erant.
3030 3253 3187 3308 Vides
3216 3254 3575 3323 improborum
3613 3257 3827 3326 suppli-

2237 3346 2417 3403 cium?
2445 3347 2595 3403 vides
2614 3347 2878 3417 justorum
2906 3348 3155 3418 przemia?
3178 3348 3421 3418 Undique
3450 3347 3684 3413 erudire,
3722 3365 3827 3403 un-

2235 3438 2395 3509 dique
2433 3438 2718 3494 mdiﬁcare.
2750 3438 2910 3494 Vides
2952 3438 3093 3509 quod
3133 3440 3372 3510 quamvis
3402 3440 3542 3495 Deus
3584 3440 3828 3509 deserat,

2236 3533 2303 3587 ad
2329 3532 2606 3587 utilitatem
2646 3541 2883 3586 nostram
2913 3530 2965 3585 id
2994 3530 3138 3586 facit.
3171 3530 3453 3600 Superavit
3483 3531 3659 3602 ignem
3692 3550 3707 3598 ;
3736 3547 3829 3586 suo

2237 3625 2442 3696 peravit
2475 3623 2633 3679 feras.
2675 3623 2750 3678 Ne
2787 3622 3039 3693 deinceps
3064 3622 3321 3692 inquiras,
3356 3621 3423 3677 ad
3452 3622 3577 3692 quid
3605 3623 3819 3689 leones,

2239 3727 2294 3772 et
2321 3716 2494 3786 pardi,
2522 3727 2575 3771 et
2593 3716 2811 3785 reliquae
2840 3713 2965 3769 fera:
2980 3714 3003 3767 ?
3019 3713 3157 3770 Sunt
3176 3714 3318 3769 enim
3335 3713 3499 3768 veluti
3526 3714 3818 3768 carniﬁces

2236 3809 2449 3880 quidam
2480 3808 2545 3863 ad
2586 3808 2750 3862 latera
2787 3807 3021 3862 Danielis
3068 3816 3291 3872 stantes,
3343 3814 3610 3876 tamquam
3655 3804 3709 3858 in
3744 3804 3830 3859 di-

2238 3909 2363 3957 vino
2403 3900 2631 3971 quodam
2682 3914 2746 3953 ac
2792 3896 3060 3952 horrendo
3096 3896 3342 3952 tribunali
3369 3896 3420 3951 id
3461 3906 3721 3967 agentes:
3755 3894 3830 3949 ad

2241 3994 2381 4048 hunc
2407 3990 2621 4046 modum
2646 4005 2752 4044 non
2777 3990 2890 4043 ausi
2911 3998 3030 4043 sunt
3052 3988 3333 4058 perfodere
3353 3988 3515 4042 latera
3541 3987 3669 4055 justi
3693 3987 3826 4041 viri.

2236 4084 2351 4139 Non
2394 4084 2535 4139 enim
2578 4088 2895 4150 acceperant
2924 4080 3118 4149 judicis
3146 4079 3469 4133 mandatum.
3528 4078 3830 4149 Postquam

2239 4191 2366 4231 vero
2390 4174 2477 4228 alii
2505 4174 2556 4228 in
2587 4173 2758 4227 lacum
2791 4171 2939 4226 missi
2963 4179 3105 4235 sunt,
3135 4171 3243 4226 Deo
3265 4170 3505 4240 jubente.
3533 4185 3625 4225 eos
3644 4170 3830 4223 inter-

2239 4266 2500 4330 fecerunt,
2532 4263 2600 4318 Et
2630 4280 2743 4318 ossa
2781 4280 2978 4329 eorum,
3003 4262 3175 4332 inquit
3197 4303 3212 4329 ,
3241 4262 3656 4316 comminuerunt.
3692 4259 3839 4327 Quis

2239 4359 2477 4414 frenabat
2504 4357 2741 4427 ipsorum
2770 4356 2902 4409 ora?
2950 4355 3068 4424 quis
3108 4355 3358 4423 praecepit
3402 4353 3643 4423 apposito
3687 4352 3823 4406 cibo

2237 4453 2542 4509 abstinere?
2598 4450 2719 4521 quis
2774 4448 3123 4519 philosophus
3172 4447 3306 4502 adeo
3366 4458 3710 4516 temperans,
3771 4454 3836 4499 ut

2238 4559 2458 4615 pressus
2486 4543 2643 4607 fame,
2677 4540 2941 4596 solutione
2982 4549 3155 4594 autem
3185 4538 3337 4592 famis
3366 4548 3653 4608 praesente,
3688 4535 3836 4589 nolit

2239 4653 2299 4693 se
2336 4637 2402 4691 ab
2428 4652 2493 4691 eo
2522 4634 2663 4689 malo
2693 4632 2957 4688 liberare?
2982 4632 3186 4685 Rursus
3223 4629 3417 4694 edicta,
3460 4644 3644 4682 rursus
3684 4626 3836 4681 divi-

2241 4744 2365 4784 num
2408 4726 2731 4799 praeconium
2756 4765 2774 4791 ,
2819 4738 3002 4780 rursus
3041 4722 3396 4778 testimonium
3425 4737 3521 4791 per
3544 4735 3631 4776 res
3661 4719 3838 4789 ipsas.

2843 4876 3066 4933 CAPUT
3107 4876 3218 4931 γη.

2312 5020 2404 5074 1.(
2434 5016 2490 5071 1η
2536 5014 2707 5083 primo
2755 5026 2896 5067 anno
2944 5011 3229 5065 Baltasaris
3272 5010 3418 5081 regis
3444 5007 3839 5064 Chaldaeorum

2243 5109 2426 5166 Daniel
2458 5106 2721 5162 somnium
2751 5104 2884 5157 vidit
2912 5121 2925 5157 :
2952 5112 3006 5157 et
3035 5102 3267 5155 visiones
3288 5099 3477 5169 capitis
3505 5099 3621 5168 ejus
3653 5100 3713 5153 in
3742 5116 3850 5153 cu..

2241 5202 2332 5257 bili
2363 5201 2480 5269 ejus
2504 5217 2516 5253 :
2547 5208 2600 5253 et
2623 5199 2889 5252 somnium
2913 5194 3145 5263 scripsit.
3170 5192 3487 5261 Principium
3515 5207 3849 5246 sermonum

2242 5295 2376 5363 ejus.
2418 5293 2483 5346 Et
2519 5288 2852 5359 respondens
2879 5287 3012 5341 dixit
3036 5304 3048 5338 :
3070 5285 3127 5339 2.
3156 5282 3268 5354 Ego
3296 5283 3478 5337 Daniel
3502 5282 3853 5353 aspiciebam

2244 5388 2296 5443 in
2326 5402 2441 5442 mea
2472 5385 2705 5449 visione,
2732 5391 2889 5437 nocte
2919 5399 2932 5434 :
2960 5389 3013 5435 et
3034 5394 3159 5434 ecce
3188 5386 3415 5447 quatuor
3433 5378 3580 5432 venti
3606 5376 3739 5431 caeli
3770 5378 3854 5431 ir-

2307 5521 2379 5583 (a)
2412 5517 2541 5583 Vera
2574 5528 2715 5564 causa
2753 5514 2990 5583 barbarus
3026 5517 3333 5583 tyrannorum
3364 5510 3591 5583 omnium,
3613 5520 3734 5583 nios
3754 5543 3771 5566 ,
3800 5513 3862 5558 et

2251 5571 2396 5633 etiam
2423 5580 2766 5641 plerarumque
2790 5577 3010 5641 gentium
3049 5571 3206 5635 leges.
3248 5572 3475 5641 Exempla
3512 5571 3857 5641 passim‘sup-

2247 5634 2769 5707 peditabunthiswrire
2786 5634 2937 5707 libri
2962 5634 3158 5707 Regum.
3184 5634 3859 5707 Jttdithtc,.Fstherfedereo

2246 5694 2373 5762 ίιὶίιιτ,
2399 5701 2686 5765 Herodotus,
2712 5710 2764 5760 Q.
2788 5694 2999 5760 Curtius,
3021 5694 3253 5757 Iustinus,
3274 5694 3555 5746 Anunianus
3594 5694 3861 5744 Marcelli—

2252 5781 2365 5827 nus,
2388 5772 2484 5817 etc.
