4054 6320
235 415 334 476 ﬂ?

235 534 384 602 ἡμεῖς
411 529 507 584 καὶ
533 530 769 604 πατρίδα
789 530 1020 604 ἀρχαίαν
1050 529 1318 598 ζητοῦμεν
1337 544 1349 556 ·
1383 527 1475 581 καὶ
1498 524 1606 596 γάρ
1634 525 1801 586 ὅντως

237 623 375 687 ἄξιον
406 621 662 692 ζητῆσαι.
700 623 844 686 Πῶς,
873 621 1148 691 πανταχοῦ
1190 619 1284 673 τοῦ
1319 617 1453 671 Θεοῦ
1493 617 1664 678 δντος,
1707 614 1803 668 καὶ

234 713 472 781 λέγοντος
521 713 618 767 τοῦ
658 717 936 786 προφήτου
957 731 971 744 ο
1023 710 1108 778 Τῷ
1157 710 1527 776 ἐπιϐεϐηκότι
1569 707 1666 762 ἐπὶ
1695 706 1800 760 δυ-

232 802 418 872 σμῶν,
461 803 679 869 Κύριος
701 804 891 872 ὄνομα
912 802 1103 868 αὐτῷ·
1139 801 1276 873 πρὸς
1333 799 1598 864 ἀνατολάς
1637 801 1802 868 ἐσμεν

232 893 627 963 τετραμμένοις
661 894 805 947 Ἑκεί
850 893 1039 965 ὥσπερ
1084 896 1314 964 ἰατρεῖον
1351 889 1419 964 ἦν
1449 892 1511 946 τὸ
1555 893 1797 962 ἀρχαῖον.

242 985 373 1036 Ἀλλ’
390 986 496 1037 οὐκ
506 986 698 1049 ἔλαϐες
712 985 874 1039 αὐτοῦ
889 988 1082 1057 πεῖραν
1103 1003 1116 1050 ;
1134 985 1292 1040 Ἀλλά
1312 985 1480 1054 ζήτει.
1499 985 1587 1037 Ἐν
1601 985 1802 1053 αἰχμα-

233 1077 394 1148 λωσίᾳ
423 1079 518 1130 καὶ
545 1080 706 1148 ἡμεῖς
738 1078 1007 1149 ᾠκοῦμεν,
1031 1077 1165 1132 ἀλλά
1189 1078 1319 1147 πρὶν
1349 1075 1521 1130 ἐλθεῖν
1552 1075 1644 1128 τὸν
1670 1076 1803 1145 Χρι-

235 1169 367 1221 στόν.
385 1169 543 1231 Τίνος
565 1169 609 1222 δ’
630 1170 814 1222 ἕνεκεν
839 1172 986 1240 τρεῖς
1015 1170 1208 1240 μόνους
1229 1169 1452 1237 καιροὺς
1471 1166 1567 1235 τῆς
1590 1165 1800 1236 ἡμέρας

230 1254 289 1328 ἦν
317 1260 588 1329 κάμπτων
619 1261 713 1312 ἐπὶ
736 1260 805 1314 τὰ
831 1261 1029 1330 γόνατα
1053 1258 1253 1325 αύτοῦ;
1286 1260 1352 1310 Τί
1375 1258 1512 1328 γάρ;
1545 1256 1702 1310 τοῦτο
1737 1257 1798 1308 ού

233 1349 537 1420 θαυμαστόν
561 1367 575 1415 ;
601 1351 919 1422 Ἀνθρωπος
944 1349 1231 1413 τοσαύταις
1257 1349 1623 1419 κυκλούμενος
1646 1364 1802 1418 φρον-

230 1441 348 1505 τίσι,
374 1443 472 1495 καὶ
511 1443 635 1495 ούδέ
671 1443 869 1513 μικρὸν
896 1441 1228 1496 ἀναπνεῦσαι
1259 1442 1418 1512 έχων.
1452 1441 1595 1512 Ὅρα
1627 1440 1683 1493 δὲ
1708 1439 1802 1493 καὶ

229 1530 282 1585 τὸ
313 1532 679 1587 ἀποστολικὸν
712 1536 886 1586 ἐκεῖνο
917 1531 1320 1608 πληρούμενον
1353 1533 1456 1586 Ἐν
1490 1529 1667 1583 παντὶ
1708 1531 1801 1583 τό·

230 1638 332 1690 τεῳ,
369 1625 532 1694 φησὶ,
574 1625 926 1694 ἐπαιροντες
963 1625 1175 1690 ὁσίους
1213 1624 1433 1694 χεῖρας.
1467 1623 1577 1677 Καὶ
1610 1624 1745 1692 ὅπερ
1773 1621 1801 1674 6

231 1711 462 1784 Χριστὸς
503 1714 795 1779 ἐκέλευσε,
842 1713 999 1768 τοῦτο
1042 1714 1331 1785 ἐπλήρουν.
1374 1711 1482 1766 Kal
1525 1714 1798 1778 κλείσας,

231 1805 376 1873 φησὶ,
405 1803 523 1871 τὴν
568 1806 754 1872 θύραν
781 1821 916 1870 σου,
950 1803 1279 1872 πρόσευξαι
1318 1802 1398 1867 τῷ
1436 1801 1586 1874 [235]
1619 1801 1802 1869 Πατρί

231 1895 358 1947 σου.
395 1897 538 1948 Τότε
579 1895 1025 1963 ἀπεκρίθησαν,
1078 1895 1179 1949 καὶ
1219 1894 1508 1964 λέγουσιν
1545 1891 1801 1946 ἐνώπιον

230 1982 326 2037 τοῦ
339 1985 656 2052 ,ϐασιλέως
677 2003 688 2015 ·
704 1987 947 2053 Δανιὴλ,
967 1991 999 2042 ό
1017 1988 1136 2042 ἀπὸ
1161 1986 1280 2040 τῶν
1301 1985 1444 2041 υἱῶν
1464 1985 1574 2054 τῆς
1591 1989 1800 2056 αἰχμα-

231 2076 454 2141 λωσίας
485 2075 597 2143 τῆς
637 2077 940 2145 Ἰουδαίας,
975 2082 1087 2147 οὐχ
1129 2078 1395 2148 ὑπετάγη
1437 2077 1516 2142 τῷ
1554 2076 1800 2150 δόγματι

233 2177 357 2227 σου,
381 2165 484 2217 καὶ
507 2165 641 2234 περὶ
665 2167 769 2221 τοῦ
799 2169 1068 2238 ὁρισμοῦ,
1086 2164 1157 2226 οὗ
1176 2167 1392 2232 ἔταξας
1410 2184 1424 2199 ⁸
1445 2167 1538 2222 καὶ
1559 2167 1800 2236 καιροὺς

232 2256 378 2322 τρεῖς
412 2258 639 2326 ἡμέρας
659 2259 808 2314 αἰτεῖ
834 2262 991 2329 παρὰ
1016 2259 1122 2315 τοῦ
1155 2261 1302 2316 Θεοῦ
1323 2261 1506 2315 αὐτοῦ
1535 2262 1605 2314 τὰ
1635 2261 1798 2324 αἰτή-

228 2361 393 2413 ματα.
431 2348 568 2400 Τότε
599 2352 632 2402 ὀ
653 2349 973 2416 βασιλεὺς,
990 2351 1072 2415 ὡς
1091 2350 1158 2405 τὸ
1177 2351 1342 2420 ρἦα
1366 2350 1614 2419 ἢκουσε,
1639 2351 1798 2405 πολὺ

231 2436 495 2505 ἐλυπήθη
543 2438 635 2490 ἐπ’
677 2440 856 2504 αὐτῷ,
883 2441 980 2494 καὶ
1007 2441 1141 2510 περὶ
1182 2441 1288 2495 τοῦ
1317 2441 1542 2510 Δανιὴλ
1583 2444 1796 2512 ἠγωνί-

233 2539 371 2579 σατο
397 2526 507 2580 τοῦ
534 2526 848 2591 ἐξελέσθαι
875 2532 1060 2585 αὐτόν
1080 2549 1093 2562 ·
1130 2532 1228 2586 καὶ
1252 2532 1363 2599 ἕως
1387 2533 1536 2602 πρὸς
1564 2531 1797 2602 δυσμὰς

233 2611 401 2676 ἡλίου
413 2614 756 2681 ἠγωνίσατο
770 2617 873 2671 τοῦ
893 2617 1204 2680 ἐξελέσθαι
1220 2621 1424 2686 αὐτὸν,
1438 2621 1535 2675 καὶ
1554 2619 1633 2692 ἦν
1650 2622 1797 2692 ἀγω-

234 2700 527 2772 νιζόμενος
560 2707 693 2773 περὶ
723 2709 928 2762 αὐτοῦ.
950 2711 1084 2765 Τότε
1098 2715 1151 2766 οἱ
1173 2713 1387 2781 ἄνδρες
1409 2714 1621 2769 ἐκεῖνοι
1651 2731 1797 2784 παρ-

233 2789 598 2858 ετηρήσαντο
627 2806 654 2833 ει
683 2795 781 2849 ἐπὶ
827 2797 934 2850 τὸν
971 2799 1266 2865 βασιλέα,
1295 2803 1392 2857 καὶ
1431 2803 1678 2874 λέγουσι
1719 2805 1797 2870 τῷ

231 2880 493 2958 ,βασιλεῖ-
524 2882 740 2953 Γνῶθι,
767 2886 1052 2957 βασιλεῦ,
1084 2891 1171 2945 ὅτι
1207 2892 1274 2946 τὸ
1302 2893 1491 2963 δόγμα
1526 2896 1648 2961 τοῖς
1673 2896 1798 2965 Μή-

233 2971 352 3039 δοις
375 2974 472 3027 καὶ
499 2976 779 3045 Πέρσαις,
803 2979 908 3033 τοῦ
936 2979 1130 3046 πάντα
1165 2987 1414 3054 ὁρισμὸν
1437 2987 1534 3041 καὶ
1555 2987 1794 3055 στάσιν,

235 3063 310 3130 ἥν
341 3066 416 3120 ἂν
453 3068 487 3119 ό
519 3066 820 3135 βασιλεὺς
848 3069 1071 3141 στήσῃ,
1101 3075 1172 3128 οὐ
1210 3075 1304 3129 δεῖ
1328 3076 1355 3116 b
1394 3079 1792 3148 παραγράψαι.

240 3153 369 3208 Τότε
397 3159 430 3209 d
471 3156 775 3222 ,βασιλεὺς
808 3153 967 3224 εἷπε,
1009 3160 1124 3213 καὶ.
1153 3161 1381 3233 ἤγαγον
1412 3164 1516 3217 τὸν
1551 3165 1794 3234 Δανιὴλ,

233 3244 326 3296 καὶ
352 3245 642 3298 ἐνέϐαλον
673 3247 860 3300 αὐτὸν
881 3249 969 3312 είς
989 3249 1095 3303 τὸν
1119 3249 1349 3306 λάκκον
1374 3252 1492 3306 τῶν
1512 3255 1793 3309 λεόντων.

233 3333 380 3404 Τάχα
423 3337 566 3398 τινὲς
607 3336 764 3406 ὑμῶν
803 3337 1069 3406 λέγουσιν,
1105 3341 1187 3393 ὅτι
1220 3343 1333 3396 Ούκ
1376 3342 1592 3414 ἴσχυσεν
1637 3345 1797 3398 αὑτὸν

235 3425 540 3492 ἐξελέσθαι;
567 3429 813 3482 Μάλιστα
849 3431 947 3501 μὲν
971 3431 1201 3500 ἠδύνατο
1232 3436 1260 3488 6
1292 3435 1422 3498 Θεὸς
1451 3437 1673 3508 ποιῆσαι
1705 3439 1796 3492 τὸν

239 3514 457 3584 βασιλέα
477 3519 857 3594 δυνατώτερον,
893 3523 1028 3577 ἀλλά
1062 3527 1154 3579 ἐπὶ
1189 3527 1251 3580 τὸ
1289 3528 1485 3600 κάμμα
1509 3541 1530 3568 ε
1561 3531 1682 3598 ἄγει
1707 3533 1797 3586 τὸν

233 3609 490 3682 ἀθλητήν.
518 3613 669 3681 ’ῌδει
698 3615 760 3667 τὸ
790 3615 962 3679 τέλος,
994 3617 1093 3670 οὐκ
1123 3618 1304 3687 ἠγνόει
1339 3621 1400 3672 τὸ
1439 3621 1631 3692 πέρας.
1665 3622 1797 3676 Ούδὲ

230 3701 260 3754 6
283 3701 530 3771 βασιλεὺς
561 3707 608 3758 εί
639 3705 798 3760 τοῦτο
832 3708 947 3778 ᾔδει
975 3709 1034 3762 τὸ
1064 3709 1216 3774 τέλος
1245 3710 1630 3783 ἐκϐησόμενον,
1654 3717 1799 3783 ἠγω-

231 3794 412 3848 νίσατο
441 3796 506 3850 ἄν
528 3813 541 3823 ·
570 3797 685 3850 ἀλλ’
708 3799 809 3852 ούκ
845 3801 1086 3871 ἴσχυσεν.
1123 3802 1438 3868 Ἀπόδεκτος
1467 3809 1564 3877 τῆς
1599 3809 1797 3879 προθυυ

234 3887 377 3956 μίας,
414 3891 761 3958 συγγνωστὸς
794 3893 892 3964 τῆς
935 3894 1192 3962 ἀγωνίας.
1214 3895 1368 3951 Ούτω
1403 3899 1646 3964 ποθεινὸς
1675 3898 1742 3972 ἦν
1770 3904 1799 3956 6

231 3979 422 4050 Δανιήλ
442 3999 456 4011 ·
494 3981 612 4036 ἀλλ’
643 3985 673 4036 6
699 3983 890 4052 φθόνος
924 3985 1044 4039 οὐδὲ
1066 3987 1136 4040 τὰ
1169 3989 1309 4042 καλά
1334 3991 1527 4061 ἀφίησι
1561 3993 1796 4062 βλέπειν,

235 4067 426 4135 μᾶλλον
451 4070 510 4123 δέ
540 4071 759 4140 βλέπειν
784 4074 882 4143 μὲν
916 4075 1150 4138 αύτά,ού
1185 4081 1295 4142 τοῖς
1325 4080 1506 4144 αὐτοῖς
1523 4082 1578 4134 δέ
1601 4083 1798 4151 ὀφθαλ-

234 4162 366 4226 μοῖς.
392 4163 470 4214 Οὐ
495 4162 597 4225 δεῖ,
617 4164 800 4231 φασὶν,
817 4163 986 4230 οὕτως
1012 4166 1206 4222 ἔκλυτα
1226 4166 1362 4224 εἶναι
1382 4172 1449 4224 τὰ
1477 4173 1796 4244 πράγματα,

230 4251 348 4307 οὐδὲ
368 4253 663 4318 ἀδεδαίους
687 4257 811 4319 τοὺς
840 4258 1035 4327 νόμους
1059 4261 1183 4324 τοὺς
1217 4265 1346 4333 παρ’
1367 4265 1516 4334 ἡμῖν.
1549 4266 1621 4318 Τὸ
1650 4266 1799 4331 ἔθνος

231 4343 350 4397 ὅλον
372 4346 671 4418 ὑδρίζεται.
715 4350 1102 4419 Ἐμσάλλουσιν
1131 4355 1212 4420 εἰς
1239 4354 1327 4409 τὸν
1359 4355 1559 4410 λάκκον
1578 4373 1592 4388 ’
1626 4361 1801 4413 ἐπιτι-

232 4434 383 4490 θέασι
407 4438 571 4492 λίθον.
616 4441 724 4494 Καὶ
751 4438 921 4495 εἷπεν
951 4447 983 4497 ό
1002 4444 1302 4513 ,ϐασιλεὺς
1336 4449 1415 4513 τῷ
1439 4449 1661 4516 Δανιήλ
1681 4468 1695 4481 ·
1739 4451 1802 4506 Ὀ

235 4525 395 4589 Θεὸς,
425 4519 474 4592 ᾧ
503 4526 587 4581 σὺ
607 4531 917 4598 λατρεύεις
941 4532 1287 4603 ἐνδελεχῶς,
1310 4538 1492 4604 αὐτὸς
1514 4539 1803 4604 ἐξελεῖταί

233 4630 326 4668 σε.
355 4619 460 4671 Καὶ
499 4619 766 4688 ἤνεγκαν
798 4623 971 4678 λίθον
1002 4623 1128 4689 ἕνα,
1157 4627 1253 4680 καὶ
1286 4629 1588 4697 ἐπέθηκαν
1616 4633 1712 4687 ἐπὶ
1737 4637 1802 4689 τὸ

232 4708 421 4775 στόμα
448 4709 556 4765 τοῦ
583 4711 818 4765 λάκκου
840 4730 851 4739 '
892 4714 990 4768 καὶ
1015 4717 1420 4789 ἑσφραγίσατο
1454 4725 1486 4776 ὀ
1507 4724 1804 4793 ,βασιλεὺς

241 4799 317 4862 τῷ
357 4799 653 4868 δακτυλίῳ
702 4805 908 4865 αὐτοῦ,
951 4808 1047 4862 καὶ
1090 4809 1171 4875 τῷ
1207 4811 1509 4878 δακτυλίῳ
1551 4816 1667 4870 τῶν
1698 4835 1804 4888 με·

235 4890 527 4955 τιστάνων
572 4894 783 4962 αὐτοῦ,
821 4896 979 4965 ὅπως
1004 4900 1418 4974 μὴ-άλλοιωθῇ
1457 4907 1697 4979 πρᾶγμα
1736 4911 1805 4964 ἐν

293 5133 712 5213 ξίἰθεϋιοειιὰοιιι
735 5139 945 5213 ρειηὶιοο
969 5139 1172 5190 verbum
1197 5143 1246 5190 in
1287 5142 1554 5207 Theodon,
1580 5147 1662 5198 ubi
1690 5166 1808 5213 παρα

233 5200 463 5258 ﬂama
480 5209 709 5262 corrupte
737 5202 938 5263 legitur.

293 5269 323 5307 h
351 5269 536 5319 Rectius
555 5270 606 5320 in
629 5269 947 5320 Theodorelo
971 5271 1080 5321 δεῖν.

297 5342 333 5404 θ’
354 5340 456 5404 Scio
472 5355 674 5392 coronas
698 5342 1061 5404 Olympicorum
1085 5357 1290 5404 agonum
1305 5345 1495 5395 laureas
1517 5347 1691 5398 fuisse:
1712 5349 1812 5397 He-

235 5401 448 5452 svchium
472 5409 632 5452 autem
656 5401 894 5456 scriberé.
918 5401 1160 5465 κάμματα,
1187 5407 1334 5467 φύλλα
1350 5409 1520 5511 δάενης
1543 5411 1590 5458 ἐν
1612 5411 1678 5466 οἷς
1698 5413 1812 5459 σκέ-

236 5478 380 5510 πουσι
396 5463 452 5510 τὰ
472 5467 665 5511 ὼαιστά·
688 5465 865 5511 ὁμοίως
882 5468 964 5511 καὶ
986 5469 1032 5511 αι
1069 5469 1375 5511 καιιιιατίδαι-
1449 5481 1586 5511 erum
1627 5474 1728 5511 hanc
1748 5487 1805 5511 ρι

236 5478 380 5528 πουσι
396 5463 452 5510 τὰ
472 5467 665 5526 ψαιστά·
688 5465 865 5528 ὁμοίως
882 5468 964 5512 καὶ
986 5463 1032 5513 αἰ
1069 5463 1375 5528 καμματίδαι.
1407 5463 1586 5519 Vei‘iln)
1627 5463 1728 5519 hinc
1748 5487 1806 5521 ex

240 5524 460 5572 Albensi
483 5524 562 5575 lib.
596 5528 644 5584 4,
681 5524 814 5576 unde
833 5527 1088 5587 desumpta
1105 5524 1237 5586 sum,
1268 5533 1341 5578 sic
1359 5533 1661 5581 emendanda
1693 5547 1811 5581 cen-

238 5597 364 5632 seo:
402 5587 703 5646 ιαμιωιτίδαι,
741 5600 836 5635 seu.
876 5590 1064 5648 potius,
1107 5591 1410 5650 καμματίδες,
1452 5593 1600 5647 φύλλα
1641 5595 1698 5642 δά
1791 5613 1812 5651 ς

242 5646 290 5692 ἐν
317 5646 384 5692 0k
417 5663 642 5692 σκεπονσι
684 5651 746 5692 τὰ
774 5648 983 5692 «bam-r6.“
1003 5650 1174 5692 ὁμοίως
1212 5653 1292 5692 καὶ
1323 5653 1383 5692 τὰ
1421 5654 1644 5692 uiuum-ra
1699 5612 1811 5692 ῃ-

242 5646 290 5692 ἐν
317 5646 399 5718 οἷς.
417 5663 646 5718 σκεπουσι
684 5651 746 5696 τὰ
774 5646 983 5718 ψαιστά·
1003 5646 1184 5718 ὁμοίως⁷
1209 5646 1383 5718 καὶ-τά
1399 5646 1406 5648 ’
1419 5646 1665 5718 κάμματα,
1685 5646 1811 5718 Δψαίλ

245 5707 355 5756 στά-
380 5706 527 5758 Locus
567 5706 806 5758 Athenaei
838 5709 1012 5758 obvius
1034 5706 1144 5767 εει,
1166 5724 1259 5760 nec
1284 5713 1452 5762 debuit
1475 5706 1500 5764 ai
1523 5706 1811 5767 'Casabb'ono

245 5767 505 5840 τοιιίςὶιειςὶ.
529 5770 626 5840 llic
644 5774 815 5840 itaque
835 5770 997 5840 scripe
1022 5771 1238 5840 σκάμμα,
1267 5787 1378 5840 ηυξ
1411 5789 1501 5826 vox
1523 5778 1810 5840 Chrysoslo-

248 5839 331 5876 Ino
352 5828 585 5894 familaris,
609 5839 666 5882 ut
688 5828 744 5882 cf
758 5832 1047 5893 metaphora
1066 5828 1164 5894 qu'a'
1180 5828 1258 5883 hic
1281 5828 1454 5886 initur.

1585 410 1650 464 IN
1690 405 2056 462 DANIELEM.

3372 405 3476 458 228

1909 522 1988 589 τῷ
2006 525 2246 591 Δανιήλ.
2269 525 2373 579 Καὶ
2401 524 2675 594 ἀπῆλθεν
2701 528 2732 578 ὁ
2747 523 3044 590 ,βασιλεὺς
3068 524 3153 588 είς
3177 523 3282 577 τι¹ν
3312 517 3480 576 οἷκον

1906 618 2114 681 αὑτοῦ,
2145 618 2243 672 καὶ
2273 618 2556 688 ἐκοιμήθη
2589 617 2888 683 ἄδειπνος,
2918 617 3012 670 καὶ
3045 617 3341 685 ἐδέσματα
3366 617 3478 669 οὐκ

1905 709 2265 779 εἰσήνεγκαν
2279 695 2464 774 αὐτῷ,
2485 709 2583 762 καὶ
2605 712 2636 763 ό
2664 709 2855 773 ὕπνος
2883 707 3113 773 ἀπέστη
3142 707 3241 760 ἀπ’
3271 704 3476 759 αὑτοῦ.

1918 801 2313 873 Ἀναμνήσθητί
2345 819 2439 872 μοι
2489 800 2583 854 τοῦ
2621 799 2884 870 μνημείου
2921 799 3012 852 τοῦ
3050 797 3306 868 Χριστοῦ.
3350 796 3478 850 ἔνθα

1905 893 1974 948 τὰ
2007 895 2292 963 σήμαντρα
2324 893 2602 963 ἐπέθηκαν
2625 893 2673 945 οί
2704 891 2962 944 Ἰουδαῖοι.
2990 889 3052 942 El
3087 890 3190 960 γὰρ
3220 885 3292 959 μὴ
3322 885 3478 942 τοῦτο

1904 980 1994 1056 ἦν,
2019 983 2177 1040 εἶπαν
2205 985 2292 1051 ἂν,
2323 987 2404 1039 ὃτι
2430 986 2572 1039 κατὰ
2600 984 2850 1054 γοητείαν
2885 983 2944 1036 τὸ
2977 983 3206 1053 πρᾶγμα
3232 981 3474 1048 γέγονεν.

1919 1079 2080 1132 Ἀλλὰ
2109 1079 2386 1148 πανταχοῦ
2409 1077 2476 1130 τά
2504 1077 2654 1147 παρά
2675 1075 2783 1129 τῶν
2804 1074 3011 1145 ἐχθρῶν
3038 1073 3314 1143 γινόμενα,
3336 1072 3476 1142 ὑπὲρ

1906 1172 2062 1242 ἡμῶν
2107 1173 2274 1224 ἐστιν.
2308 1172 2424 1223 Ἵνα
2457 1170 2566 1238 γὰρ
2613 1170 2789 1222 πᾶσαν
2835 1168 3015 1229 αὐτοῖς
3057 1166 3218 1236 ἀνέλῃ
3262 1166 3473 1235 πρόφα-

1908 1282 2014 1328 σιν,
2048 1264 2202 1318 τοῦτο
2220 1263 2456 1333 γίνεταν
2485 1265 2579 1317 καὶ
2601 1265 2629 1316 6
2661 1261 2908 1332 βασιλεὺς
2936 1260 3113 1329 τίθησι
3133 1262 3351 1329 σημεῖα,
3386 1258 3475 1312 ἵνα

1905 1357 2133 1420 ἐκείνοις
2168 1356 2243 1428 μὴ
2275 1356 2560 1425 ἐκγένηταί
2587 1373 2640 1408 τι
2669 1355 2910 1424 ποιῆσαι,
2941 1352 2972 1422 ἢ
2997 1351 3216 1429 ἐξελεῖν,
3241 1351 3475 1414 καὶτοὺς

1906 1448 2125 1512 λέοντας
2159 1447 2542 1508 αἰτιάσασθαι·
2589 1448 2828 1500 κάκεῖνοι
2866 1447 2921 1498 δέ
2961 1444 3238 1504 τιθέασιν,
3278 1443 3364 1496 ἵνα
3402 1441 3476 1514 μὴ

1906 1541 1998 1612 ἐξῇ
2023 1541 2100 1610 τῷ
2127 1541 2336 1612 βασιλεῖ
2362 1540 2624 1611 ῥύσασθαι
2646 1539 2825 1601 αὐτὸν,
2851 1538 2964 1592 ἁλλ’
2987 1535 3156 1600 οὕτως
3185 1535 3476 1591 ἀδέκαστον

1905 1631 2157 1702 γενέσθαι
2177 1632 2274 1702 τὴν
2301 1632 2496 1702 ψῆφον.
2515 1631 2626 1685 Καὶ
2647 1631 2746 1685 ούκ
2775 1629 3080 1700 ἐδείπνησε,
3108 1627 3260 1698 φησὶ,
3285 1630 3312 1680 6
3337 1626 3478 1696 βασι·

1906 1723 2053 1789 λεὺς,
2093 1725 2214 1778 οὐδὲ
2243 1723 2625 1794 ὲκαθεύδησεν.
2664 1725 2804 1793 Ὅρα
2840 1724 3004 1777 πόσον
3043 1723 3187 1774 ποιεῖ
3234 1720 3474 1792 φίλτρον.

1906 1805 2016 1870 Καὶ
2044 1814 2096 1867 τί
2119 1833 2134 1877 ;
2156 1814 2376 1884 Πρῶτον
2413 1815 2512 1884 μὲν
2550 1811 2959 1884 παρεθάρσυνεν
2988 1813 3148 1866 αὐτὸν
3172 1811 3346 1880 λέγων
3365 1828 3380 1842 ·
3421 1811 3476 1863 '0

1908 1905 2052 1972 Θεὸς
2079 1898 2128 1971 ᾧ
2153 1905 2233 1958 σὺ
2257 1906 2564 1973 λατρεύεις
2591 1903 2941 1974 ἐνδελεχῶς.
2989 1904 3156 1960 Πάλιν
3186 1904 3362 1958 αἰτίαν
3393 1903 3476 1957 τί-

1907 2000 2032 2066 θησι
2067 1999 2299 2061 δικαίαν,
2320 1997 2622 2067 δυναμένην
2653 1997 2815 2050 αὑτοῦ
2837 1999 3134 2069 ἀναστῆσαι
3158 1998 3256 2066 τὴν
3277 1997 3474 2068 ψυχήν.

1905 2092 2016 2146 Καὶ
2044 2092 2153 2163 γὰρ
2193 2086 2260 2161 ἦν
2293 2091 2422 2154 ἴσως
2451 2089 2720 2160 ἀκηκοώς.
2762 2086 2893 2143 Εἶτα
2926 2089 3282 2160 παραγίνεται
3311 2087 3478 2159 ὕμνον

1905 2181 2211 2250 ἀναφέρων.
2259 2185 2395 2236 Τότε
2433 2184 2465 2236 ό
2502 2181 2801 2245 βασιλεὺς
2849 2179 3004 2233 πολὺ
3038 2180 3342 2249 ἠγαθύνθη
3385 2177 3478 2232 ἐπ’

1904 2272 2064 2338 αὐτῷ
2085 2291 2098 2303 ·
2145 2273 2242 2327 καὶ
2286 2273 2388 2327 τὸν
2424 2272 2648 2339 Δανιὴλ
2683 2268 2852 2326 εἶπεν
2895 2271 3238 2342 ἀνενεγκεῖν
3270 2272 3338 2326 ἐκ
3370 2269 3480 2326 τοῦ

1902 2364 2151 2420 λάκκου.
2181 2365 2289 2418 Kal
2321 2365 2620 2434 ἀνηνέχθη
2650 2364 2801 2436 [256]
2831 2365 3055 2431 Δανιὴλ
3095 2365 3162 2419 ἐκ
3190 2364 3297 2418 τοῦ
3333 2363 3478 2419 λάκ-

1901 2475 2035 2521 κου,
2061 2457 2159 2512 καὶ
2198 2457 2365 2513 πᾶσα
2392 2459 2678 2527 διαφθορὰ
2706 2459 2815 2526 οὐχ
2844 2456 3055 2524 εὑρέθη
3089 2457 3157 2510 ἐν
3181 2455 3359 2522 αὐτῷ,
3389 2456 3478 2510 ὅτι

1902 2550 2228 2605 ἐπίστευσε
2264 2551 2343 2616 τῷ
2374 2549 2496 2615 Θεῷ
2529 2551 2733 2604 αὑτοῦ.
2761 2549 2871 2604 Kal
2903 2545 3070 2603 εἷπεν
3099 2553 3132 2602 ὁ
3157 2548 3475 2616 βασιλεὺς,

1902 2639 2000 2694 καὶ
2032 2637 2262 2710 ἤγαγον
2302 2641 2444 2706 τοὺς
2480 2640 2702 2720 ἄνδρας
2736 2639 2878 2704 τοὺς
2907 2639 3342 2704 διαϐάλλοντας
3372 2639 3481 2693 τὸν

1901 2730 2126 2796 Δανιήλ
2146 2748 2158 2761 ·
2183 2731 2281 2784 καὶ
2305 2735 2392 2796 εὶς
2414 2733 2520 2784 τὸν
2540 2730 2772 2812 λάκκον
2798 2730 2916 2784 τῶν
2937 2731 3201 2784 λεόντων
3229 2729 3476 2798 ἐνεϐλή-

1902 2825 2100 2889 θησαν
2128 2823 2314 2884 αὐτοὶ,
2351 2822 2448 2876 καὶ
2480 2825 2534 2876 οί
2576 2822 2691 2876 υίοὶ
2724 2822 2941 2886 αὐτῶν,
2972 2827 3070 2876 καὶ
3104 2825 3164 2876 al
3201 2821 3478 2892 γυναῖκες

1901 2913 2130 2967 αὐτῶν·
2184 2913 2282 2967 καὶ
2335 2917 2446 2968 οὐκ
2498 2914 2772 2983 ἔφθασαν
2821 2917 2908 2981 είς
2957 2915 3021 2966 τὸ
3086 2913 3309 2982 ἔδαφος
3371 2912 3477 2966 τοῦ

1901 3003 2169 3067 λάκκου,
2203 3002 2313 3068 ἕως
2355 2998 2425 3058 οὗ
2465 3005 2827 3071 ἐκυρίευσαν
2856 3002 3053 3058 αὐτῶν
3099 3007 3153 3058 οί
3197 3003 3476 3069 λέοντες,

1902 3093 1999 3146 καὶ
2033 3093 2229 3147 πάντα
2247 3093 2320 3146 τὰ
2351 3094 2501 3148 ὀστᾶ
2523 3095 2720 3149 αὐτῶν
2739 3095 3094 3150 ἐλέπτυναν.
3119 3096 3274 3159 Τίνος
3294 3096 3478 3148 ἕνεκεν

1903 3186 2090 3249 παῖδες
2123 3185 2217 3240 καὶ
2245 3190 2498 3255 γυναῖκες
2537 3189 2899 3255 ἀπόλλυνται;
2933 3190 2984 3242 τί
3013 3190 3257 3260 ἥμαρτον
3297 3184 3474 3253 οὗτος

1907 3278 2066 3340 Ἴσως
2107 3279 2203 3332 καὶ
2237 3281 2389 3332 αὐτοὶ
2427 3282 2540 3343 τοῖς
2570 3281 2752 3345 αὐτοῖς
2791 3281 3128 3336 ἐκοινώνουν.
3169 3279 3324 3344 Εἶδες
3370 3281 3479 3334 τῶν

1902 3371 2151 3440 πονηρῶν
2174 3371 2272 3442 τὴν
2291 3374 2559 3444 τιμωρίαν
2578 3392 2592 3439 ;
2611 3370 2747 3437 εἶδες
2772 3375 2880 3428 τῶν
2905 3375 3128 3429 δικαίων
3151 3375 3217 3428 τὰ
3240 3374 3475 3439 ἕπαθλα;

1901 3465 2170 3519 Πάντοθεν
2207 3466 2462 3520 παιδεύου
2484 3507 2499 3527 ,
2553 3467 2815 3523 πάντοθεν
2856 3468 3157 3538 οὶκοδομοῦ.
3209 3465 3361 3530 Εἶδες
3395 3469 3478 3522 ὅτι

1901 3558 2006 3612 κᾶν
2038 3559 2313 3632 καταλίπῃ
2339 3558 2488 3624 Θεὸς,
2523 3559 2616 3611 ἐπὶ
2646 3559 2899 3631 χρησίμῳ
2926 3560 3084 3614 τοῦτο
3117 3565 3278 3616 ποιεῖ.
3316 3564 3478 3632 Περι-

1901 3649 2116 3716 εγένετο
2143 3650 2348 3720 πυρός’
2386 3651 2731 3722 περιεγένετο
2773 3651 2996 3723 θηρίων.
3041 3653 3252 3722 Μηκέτι
3293 3655 3478 3708 λοιπὸν

1900 3741 2183 3813 ἐξετάσῃς,
2205 3741 2292 3795 διὰ
2317 3741 2369 3794 τί
2396 3741 2627 3805 λέοντες,
2652 3742 2746 3795 καὶ
2767 3742 3076 3814 παρδάλεις,
3103 3745 3196 3798 καὶ
3224 3744 3292 3798 τὰ
3316 3745 3478 3800 λοιπά

1904 3831 2067 3902 θηρία
2091 3849 2105 3896 ;
2139 3832 2402 3902 Καθάπερ
2425 3832 2533 3902 γὰρ
2560 3831 2742 3903 δήμιοί
2769 3849 2913 3897 τινες
2935 3835 3084 3904 παρὰ
3113 3834 3211 3899 τὰς
3240 3835 3478 3908 πλευρὰς

1904 3923 2136 3988 ἑστῶτες
2163 3924 2257 3977 τοῦ
2279 3923 2499 3996 Δανιὴλ,
2526 3923 2716 3996 ὥσπερ
2747 3926 2806 3977 ἐν
2830 3924 2957 3996 θείῳ
2995 3927 3099 3979 τινὶ
3143 3929 3234 3981 καὶ
3264 3927 3476 4000 φρικτῷ

1902 4016 2235 4088 δικαστηρίῳ
2270 4015 2428 4070 τοῦτο
2474 4015 2752 4080 ποιοῦντες
2779 4034 2793 4046 ·
2827 4015 2998 4081 οὓτως
3031 4019 3130 4072 οὐκ
3174 4021 3476 4092 ἐτόλμησαν

1903 4108 2146 4180 διορύξαι
2183 4110 2281 4172 τὰς
2309 4108 2546 4182 πλευρὰς
2575 4109 2668 4164 τοῦ
2715 4110 2943 4167 δικαίου.
2983 4111 3056 4165 Ού
3103 4112 3210 4184 γάρ
3239 4113 3477 4182 ἥκουσαν

1904 4203 2275 4272 ἐπιτάγματος
2319 4201 2595 4259 δικαστοῦ.
2632 4202 2852 4274 Ἐπειδὴ
2883 4203 2938 4256 δὲ
2964 4204 3090 4268 τοὺς
3127 4203 3317 4268 ἄλλους
3347 4205 3477 4259 ἐδα-

1904 4294 2016 4358 λον,
2047 4294 2400 4360 ἐπιτάξαντος
2427 4295 2520 4348 τοῦ
2546 4294 2702 4356 Θεοῦ,
2733 4295 3064 4367 διέφθειραν,
3090 4296 3198 4356 Kal
3227 4297 3299 4350 τὰ
3327 4297 3479 4356 ὀστᾶ

1905 4387 2122 4453 αὐτῶν,
2157 4387 2311 4457 φησὶ,
2356 4386 2716 4441 ἐλέπτυναν.
2761 4387 2856 4450 Τίς
2898 4386 3143 4458 ἐχαλίνου
3188 4387 3367 4442 αὐτῶν
3409 4388 3480 4442 τὰ

1908 4480 2184 4551 στόματα;
2216 4480 2298 4544 τίς
2324 4480 2530 4550 τροφῆς
2562 4479 2976 4551 παρακειμένης
2996 4480 3330 4552 ἀποσχέσθαι
3357 4481 3479 4536 ἐκέ-

1906 4571 2126 4633 λευσεν;
2172 4572 2321 4634 ποῖος
2353 4567 2496 4622 οὕτω
2528 4569 2816 4639 φιλόσοφος
2852 4571 3158 4642 ἐγκρατὴς,
3191 4572 3268 4636 ὡς
3317 4571 3478 4643 λιμοῦ

1909 4661 2240 4727 κελεύοντος,
2276 4662 2370 4714 καὶ
2401 4661 2501 4727 τῆς
2524 4661 2729 4725 λύσεως
2750 4661 2842 4715 τοῦ
2879 4662 3038 4734 λιμοῦ
3065 4664 3364 4737 παρούσης,
3403 4666 3478 4736 μὴ

1911 4751 1977 4804 ἂν
2004 4751 2226 4820 θελῆσαι
2282 4751 2442 4804 λῦσαι
2487 4751 2547 4805 τὺ
2578 4752 2782 4818 δεινόν;
2832 4753 2999 4806 Πάλιν
3045 4754 3477 4827 διαγράμματα,

1911 4843 2070 4896 πάλιν
2108 4844 2365 4915 κήρυγμα
2394 4843 2558 4909 θεῖον,
2591 4844 2753 4898 πάλιν
2787 4845 2820 4916 ἡ
2860 4845 2946 4900 διὰ
2983 4846 3091 4900 τῶν
3125 4847 3300 4918 ἐργων
3339 4864 3479 4919 μαρ-

1910 4951 2090 5003 τυρια.

2508 5113 2759 5166 ΚΕΦΛΛ.
2803 5112 2876 5168 Z'.

1997 5284 2092 5336 Ἐν
2121 5281 2201 5347 τῷ
2229 5281 2433 5350 πρώτῳ
2463 5280 2584 5335 ἐτει
2612 5281 2953 5350 Βαλτάσαρ,
2974 5281 3278 5347 ,ϐασιλέως
3319 5283 3476 5338 Xal-

1913 5374 2116 5438 δαίων,
2143 5373 2364 5442 Δανιὴλ
2388 5373 2670 5428 ἐνύπνιον
2694 5371 2873 5427 εἶδεν·
2904 5373 2999 5425 καὶ
3025 5375 3083 5425 al
3100 5373 3338 5440 ὁράσεις
3366 5373 3476 5442 τῆς

1915 5461 2186 5531 κεφαλῆς
2223 5462 2409 5517 αὑτοῦ
2437 5462 2537 5516 ἐπὶ
2567 5462 2674 5531 τῆς
2704 5466 2907 5528 κοίτης
2929 5461 3135 5525 αὐτοῦ,
3164 5463 3259 5516 καὶ
3287 5463 3351 5526 τὸ
3380 5464 3477 5517 ἐν·

1914 5556 2133 5608 ύπνιον
2171 5556 2452 5624 ἔγραψεν.
2500 5553 2670 5622 Ἀρχὴ
2702 5557 2897 5622 λόγων
2939 5555 3144 5609 αὐτοῦ.
3179 5556 3294 5611 Καὶ
3332 5557 3479 5612 ἀπο-

1921 5646 2139 5714 κριθεὶς
2161 5642 2348 5700 εἶπεν·
2379 5645 2526 5715 Ἐγὼ
2539 5645 2752 5708 Δανιὴλ
2769 5644 3059 5712 ἐθεώρουν
3086 5647 3152 5699 ἐν
3173 5647 3247 5715 τῇ
3272 5647 3478 5716 ὁράσει

1912 5755 2031 5809 μου
2055 5736 2165 5806 τῆς
2185 5737 2404 5800 νυκτός
2422 5752 2435 5765 °
2469 5735 2566 5789 καί
2595 5735 2722 5788 ιδοὺ
2745 5739 2798 5788 οἱ
2835 5735 3126 5803 τέσσαρες
3147 5736 3349 5808 ἄνεμοι
3371 5739 3484 5793 τοῦ

1923 5826 2182 5896 οὐρανοῦ
2213 5825 2633 5896 προσέϐαλλον
2661 5829 2748 5892 είς
2772 5825 2884 5894 τὴν
2908 5826 3230 5886 θάλασσαν
3250 5830 3364 5899 τὴν
3376 5848 3481 5902 με·
