4054 6320
552 446 661 503 9.9.9

554 560 770 629 τάλην.
806 554 914 610 Kal
944 555 1209 623 τέσσαρα
1256 558 1430 623 θηρία
1454 554 1688 624 μεγάλα
1722 554 2036 607 ἀνέϐαινεν
2061 553 2129 606 ἐκ

552 640 665 709 τῆς
687 640 1023 705 θαλάσσης,
1051 638 1408 707 διαφέροντα
1439 637 1755 703 ἀλλήλων,
1785 636 1852 688 Τὸ
1872 636 2129 704 πρῶτον,

554 722 697 777 ὡσεὶ
719 722 949 783 λέαινα,
976 720 1073 773 καὶ
1098 722 1281 788 πτερὰ
1309 720 1501 788 αὐτῆς
1536 719 1680 773 ὡσεὶ
1704 717 1901 772 ἀετοῦ.
1934 717 2135 771 Ἐθεώ-

546 824 705 878 ρουν
731 806 840 871 ἕως
865 801 935 858 οὗ
976 804 1321 869 ἐξετίλαντο
1344 804 1415 858 τὰ
1444 807 1633 871 πτερὰ
1660 801 1874 869 αὐτῆς,
1903 804 2000 856 καὶ
2029 802 2130 866 ἐξ-

556 890 706 957 ήρθη
730 888 847 941 άπὸ
869 885 979 955 τῆς
997 885 1126 955 γῆς,
1150 886 1248 939 καὶ
1271 886 1370 939 ἐπὶ
1403 886 1605 940 ποδῶν
1623 884 1933 954 ἀνθρώπου
1952 884 2125 938 ἐστάι

557 977 660 1039 θη,
703 970 801 1023 καί
834 970 1047 1037 καρδία
1076 969 1388 1037 ἀνθρώπου
1439 969 1613 1036 ἐδόθη
1642 967 1816 1036 αὐτῇ.
1852 968 1964 1021 Kal
2004 967 2131 1021 ἰδοὺ

557 1056 768 1122 θηρίον
792 1054 997 1121 ἕτερον
1013 1052 1215 1120 ὅμοιον
1240 1053 1420 1120 άρκῳ,
1440 1054 1537 1105 καὶ
1565 1054 1651 1117 εις
1671 1052 1846 1120 μέρος
1866 1050 1935 1104 ἐν
1955 1049 2133 1104 ἐστά-

558 1142 661 1204 θη·
692 1138 788 1190 καὶ
834 1136 964 1203 τριά
999 1136 1231 1203 πλευρὰ
1268 1136 1336 1188 ἐν
1364 1133 1443 1199 τῷ
1476 1136 1728 1203 στόματι
1772 1131 1980 1199 αὐτῆς,
2016 1132 2133 1187 ἀνὰ

552 1220 747 1290 μέσον
792 1220 910 1273 τῶν
957 1219 1219 1272 ὀδόντων
1257 1217 1465 1285 αὐτῆς.
1513 1220 1621 1273 Kal
1670 1218 1859 1285 οὕτως
1916 1220 2132 1287 ἔλεγον

560 1302 714 1371 αὐτῇ
739 1320 753 1333 ⁸
785 1302 1067 1366 Ἀνάστα,
1110 1302 1261 1372 φάγε
1317 1302 1548 1370 σάρκας
1604 1302 1857 1368 πολλάς.
1917 1304 2131 1356 Ὀπίσω

557 1387 770 1439 τούτου
810 1384 1126 1451 ἐθεώρουν,
1174 1386 1272 1437 καὶ
1317 1385 1444 1438 ίδοὺ
1487 1384 1692 1452 ἕτερον
1742 1385 1948 1452 θηρίον
1988 1384 2131 1437 ὡσεὶ

559 1468 883 1535 πάρδαλις·
941 1468 1037 1520 καὶ
1087 1466 1240 1535 αὐτῇ
1303 1472 1486 1534 πτερὰ
1528 1467 1797 1534 τέσσαρα
1854 1467 2130 1519 πετεινοῦ

558 1550 830 1619 ὑπεράνω
854 1549 1063 1616 αὐτῆς,
1098 1553 1193 1605 καὶ
1224 1551 1515 1618 τέσσαρες
1545 1552 1799 1619 κεφαλαὶ
1829 1550 1909 1614 τῷ
1929 1551 2127 1617 θηρίῳ,

559 1633 657 1685 καὶ
677 1632 927 1697 ἐξουσιά
956 1633 1130 1701 ἐδόθη
1156 1633 1335 1698 αὐτῷ.
1355 1636 1567 1687 Ὀπίσω
1591 1635 1805 1687 τούτου
1839 1633 2131 1700 ἐθεώρουν

558 1717 628 1768 ἐν
654 1714 897 1783 ὁράματι
923 1714 1027 1783 τῆς
1049 1717 1287 1780 νυκτὸς,
1311 1717 1407 1769 καὶ
1437 1716 1566 1769 ἰδοὺ
1593 1716 1798 1783 θηρίον
1826 1716 2126 1783 τέταρτον,

560 1798 829 1867 φοϐερὸν,
864 1798 960 1850 καὶ
996 1798 1312 1866 ἕκθαμϐον.
1360 1799 1456 1853 καὶ
1500 1798 1753 1867 ἰσχυρὸν
1794 1796 2125 1865 περισσῶς.

524 1935 529 1941 ,
561 1881 657 1934 καὶ
684 1884 736 1934 οί
760 1881 998 1945 ὀδόντες
1021 1882 1204 1934 αὑτοῦ
1227 1880 1467 1949 σιδηροῖ
1483 1882 1582 1933 καὶ
1607 1881 1877 1950 μεγάλοι·
1897 1881 2127 1943 ἐσθίον,

560 1964 659 2017 καὶ
687 1964 1024 2018 λεπτῦνον⁸
1067 1964 1165 2016 καὶ
1205 1965 1277 2017 τὰ
1311 1964 1597 2018 ἐπίλοιπα
1627 1964 1751 2029 τοῖς
1795 1965 1939 2017 ποσὶ
1982 1978 2131 2016 συντ

562 2047 765 2100 επάτει
786 2063 798 2076 ·
821 2047 919 2100 καὶ
947 2048 1091 2099 αὐτὸ
1121 2046 1404 2116 διαφέρον
1427 2047 1729 2114 περισσῶς
1755 2047 1915 2115 παρὰ
1934 2045 2131 2098 πάντα

560 2132 633 2185 τὰ
657 2131 827 2199 θηρία
850 2130 923 2182 τὰ
955 2130 1295 2199 ἔμπροσθεν
1321 2131 1507 2184 αὑτοῦ
1528 2147 1542 2160 ⁸
1579 2130 1676 2183 καὶ
1704 2131 1919 2199 κέρατα
1943 2128 2130 2182 αὑτοῦ

561 2214 730 2267 δέκα.
761 2214 1142 2281 Προσενόουν
1174 2214 1296 2279 τοῖς
1326 2214 1575 2282 κέρασιν
1602 2215 1788 2267 αὑτοῦ
1807 2230 1820 2244 ⁸
1854 2214 1951 2267 καί
2001 2213 2129 2267 ἰδοὺ

562 2296 744 2363 κέρας
771 2297 973 2364 ἕτερον
1003 2296 1217 2364 μικρὸν
1266 2295 1577 2351 ἀνέϐαινεν
1608 2297 1677 2349 ἐν
1704 2296 1784 2361 τῷ
1815 2296 1982 2365 μέσῳ
2027 2297 2132 2348 ai)-

560 2379 690 2442 τοῦ,
723 2379 820 2432 καὶ
870 2380 1001 2447 τριά
1040 2378 1255 2447 κέρατα
1291 2377 1409 2431 τῶν
1444 2380 1783 2447 ἔμπροσθεν
1815 2379 2000 2432 αὐτοῦ
2036 2376 2132 2440 ἐξ·

562 2462 834 2530 ερριζώθη
868 2462 986 2515 άπὸ
1018 2461 1340 2529 προσώπου
1376 2462 1584 2515 αὑτοῦ.
1610 2462 1719 2515 Kal
1752 2461 1881 2515 ἰδοὺ
1912 2462 2132 2531 ὀφθαλ-

556 2547 683 2615 μοὶ,
718 2544 863 2616 [257]
890 2545 1033 2598 ώσεί
1072 2544 1364 2615 ὀφθαλμοὶ
1396 2543 1709 2611 ἀνθρώπου
1732 2545 1801 2597 ὲν
1820 2543 1900 2608 τῷ
1932 2543 2131 2611 κέρατι

562 2631 788 2690 τούτῳ,
830 2628 927 2680 καὶ
967 2629 1159 2696 στόμα
1188 2626 1424 2696 λαλοῦν
1457 2626 1708 2696 μεγάλα.
1748 2627 1904 2690 Τίνος
1948 2626 2130 2677 ἕνεκεν

560 2714 682 2782 οὐχὶ
708 2714 966 2781 γυναῖκας
1000 2707 1151 2762 εἶπεν
1190 2712 1272 2762 ὅτι
1307 2694 1486 2776 εἷδεν;
1527 2710 1663 2762 Ἀλλ’
1697 2711 1785 2763 ὅτε
1833 2711 1930 2779 μὲν
1976 2711 2131 2778 δίκην

562 2796 656 2848 καὶ
685 2795 824 2865 ἀρὰν
855 2794 960 2846 ἔδει
988 2794 1355 2864 παραστῆσαι,
1385 2796 1646 2863 γυναῖκας
1676 2796 2016 2865 παρήγαγεψ
2042 2794 2129 2846 ὅτε

557 2881 617 2933 δὲ
673 2878 977 2947 βασιλείας,
1024 2878 1207 2947 θηρία.
1261 2878 1501 2948 Πρᾶγμὰ
1550 2880 1739 2930 ὲστινα
1784 2878 2128 2947 ἡβασιλεία,

563 2962 927 3031 σωματοποιεῖ
954 2956 1045 3012 οὖν
1085 2960 1233 3013 αὑτό.
1283 2962 1396 3013 Οὐκ
1421 2958 1513 3013 οὖν
1540 2963 1742 3031 ἐχρῆν;
1786 2962 1895 3013 Καὶ
1929 2962 2127 3024 καλῶς.

573 3046 710 3098 Ἀλλ’
735 3044 919 3114 ἐπειδὴ
951 3045 1006 3095 αἱ
1030 3044 1311 3113 ποιότητες
1343 3045 1522 3097 αὐτῶν
1552 3047 1783 3114 μάλιστα
1817 3046 1874 3096 ἐν
1903 3048 2013 3107 τοῖς
2040 3045 2131 3114 θη-

564 3129 700 3199 ρίοις
729 3128 852 3193 εἰσὶ,
881 3127 971 3178 διὰ
996 3126 1155 3178 τοῦτο
1179 3126 1356 3180 αὐτῶν
1386 3128 1599 3198 ἐδεήθη.
1640 3128 1938 3198 Ἑϐουλήθη
1964 3127 2131 3191 δεῖξαι

559 3213 620 3265 τὸ
667 3215 725 3264 ὲν
776 3211 1055 3281 ἀγριότητι
1105 3210 1300 3281 ἁϐρὸν,
1356 3211 1449 3263 καὶ
1510 3211 1721 3263 λέαιναν
1789 3213 2127 3282 παρήγαγεν.

574 3294 871 3365 Ἐϐουλήθη
922 3293 1089 3358 δεῖξαι
1118 3293 1178 3345 τὸ
1223 3292 1411 3356 νωθὲς,
1461 3295 1553 3346 καὶ
1595 3294 1760 3364 ἄρκον
1791 3296 2129 3363 παρήγαγεν.

574 3377 867 3449 Ἐὁουλήθη
910 3376 1080 3440 δεῖξαι
1126 3377 1188 3429 τὸ
1227 3377 1362 3446 ταχὺ
1403 3377 1498 3428 καὶ
1539 3378 1758 3445 κοῦφον,
1808 3378 1901 3430 καὶ
1946 3377 2132 3447 ἐπειδὴ

559 3462 817 3533 πολέμοις
848 3461 1147 3515 κατέλυσαν
1172 3461 1408 3522 ἅπαντες
1426 3460 1454 3499 1³
1477 3460 1573 3522 τὰς
1594 3460 1765 3530 ἀρχάς
1784 3476 1795 3488 ·
1812 3461 1906 3513 καὶ
1926 3462 2131 3531 πάρδα-

561 3546 645 3598 λιν
687 3548 993 3617 παρήγαγε.
1044 3546 1154 3597 Καὶ
1186 3543 1286 3614 ὅρα
1331 3546 1478 3604 ὅπως
1510 3542 1687 3605 καλῶς
1725 3542 1995 3613 ἐθεώρησε
2034 3544 2133 3614 τὴν

562 3628 833 3682 Θάλασσαν
864 3627 1096 3699 πρῶτον,
1130 3627 1309 3679 πᾶσαν
1339 3626 1435 3695 τὴν
1469 3627 1811 3696 οἰκουμένην.
1854 3627 1895 3677 Τ
1899 3626 2132 3697 οσαύτης

560 3713 667 3784 γὰρ
699 3715 857 3783 γέμει
885 3712 1160 3783 ταραχῆς,
1198 3712 1292 3763 καὶ
1324 3709 1466 3763 οὕτω
1495 3711 1759 3780 φέρεται,
1804 3710 1879 3774 ὡς
1914 3709 2129 3780 ἰχθύων,

560 3798 679 3865 οὐχὶ
712 3795 1011 3865 ἀνθρώπων
1051 3794 1476 3865 πεπληρωμένη.
1508 3794 1678 3847 Τοῦτο
1714 3794 1810 3846 καλ⁵
1848 3796 1876 3846 6
1903 3793 2133 3864 Χριστὸς

560 3878 729 3949 δηλοῖ,
763 3879 843 3930 ὅτι
879 3877 1120 3929 θάλασσα
1140 3878 1168 3929 6
1194 3876 1382 3947 παρὼν
1412 3876 1527 3949 βίος
1553 3877 1718 3938 ἐστὶν,
1750 3877 1806 3928 ὲν
1828 3875 1904 3945 τῷ
1931 3876 2129 3943 λέγειν·

573 3959 850 4027 Ὡμοιώθη
883 3961 920 4027 η
942 3961 1229 4023 βασιλεία
1250 3959 1367 4011 τῶν
1397 3958 1670 4027 οὐρανῶν
1704 3958 1944 4027 σαγήνῃ
1974 3960 2134 4026 ,ϐλη-

562 4044 733 4109 θείσῃ
767 4044 854 4106 είς
886 4043 1001 4108 τὴν
1038 4041 1378 4101 θάλασσαν,
1408 4044 1503 4095 καὶ
1549 4043 1616 4095 ἐκ
1654 4042 1880 4107 παντὸς
1921 4042 2135 4111 γένους

562 4125 939 4192 συναγούσῃ.
964 4124 1076 4175 Καὶ
1118 4124 1267 4186 ἰδοὺ,
1316 4126 1488 4195 φησὶ,
1517 4128 1571 4178 οί
1605 4124 1897 4194 τέσσαρες
1928 4125 2134 4194 ἄνεμοι

562 4207 668 4261 τοῦ
704 4205 962 4273 οὐρανοῦ
984 4206 1403 4273 προσέϐαλλον
1430 4210 1516 4273 εὶς
1546 4208 1659 4276 τὴν
1679 4208 2001 4265 θάλασσαν
2021 4208 2134 4276 τὴν

561 4289 850 4358 μεγάλην.
891 4289 1052 4359 Δηλοῖ
1086 4289 1167 4341 ὅτι
1196 4289 1403 4341 ἐκεῖθεν
1425 4290 1494 4342 τὰ
1519 4289 1701 4362 θηρία,
1734 4290 1874 4363 [καὶ]
1911 4292 1970 4345 τὸ
1995 4292 2131 4361 ταχὺ

561 4376 659 4445 τῆς
682 4374 772 4425 τοῦ
804 4372 937 4425 Θεοῦ
970 4374 1241 4442 προνοίας.
1300 4375 1408 4426 Kal.
1452 4377 1557 4445 γὰρ
1600 4378 1761 4445 ἡμεῖς
1793 4377 1885 4427 ἐπὶ
1913 4375 2011 4445 τῆς
2039 4393 2134 4429 τα-

560 4457 790 4528 χυτῆτος
822 4456 946 4520 τοὺς
984 4457 1220 4527 ἀνέμους
1252 4458 1572 4529 παράγομεν
1601 4462 1680 4521 είς
1716 4460 1893 4529 μέσον.
1914 4460 2132 4511 Ἐνέπε-

560 4558 661 4593 σαν
709 4542 788 4602 εἰς
816 4540 913 4611 τὴν
955 4540 1259 4594 θάλασσαν·
1314 4542 1407 4595 καὶ
1451 4542 1630 4604 ἀνέδυ,
1676 4543 1828 4612 φησὶ,
1870 4542 1939 4594 τὰ
1972 4542 2133 4612 θηρία

560 4623 670 4677 ἀπὸ
715 4623 813 4692 τῆς
866 4622 1157 4693 θαλάσσης.
1193 4624 1302 4678 Kal.
1347 4625 1454 4696 γὰρ
1500 4625 1607 4677 ἀπὸ
1646 4626 1745 4695 τῆς
1790 4624 2003 4693 φύσεως
2036 4626 2132 4693 τῆς

559 4706 831 4777 ἡμετέρας
862 4707 910 4757 οἰ
966 4707 1223 4777 ἄρχοντες
1254 4708 1428 4777 ἡμῶν.
1466 4706 1625 4761 Οὕτω
1658 4709 1749 4760 καὶ
1780 4707 1872 4759 τὸν
1912 4707 2132 4777 βασιλέα

559 4790 747 4843 λέοντα
789 4790 943 4842 καλεῖ
979 4790 1271 4855 πολλάκις,
1316 4792 1378 4844 τὸ
1423 4792 1694 4861 βασιλικὸν
1722 4791 1857 4861 ὁμοῦ
1902 4793 1997 4845 καὶ
2030 4794 2129 4864 θη-

561 4882 751 4955 ριῶδες
780 4882 947 4946 δεῖξαι
992 4881 1328 4951 βουλόμενος.
1358 4884 1431 4934 Ἦ
1464 4882 1650 4952 ἐπειδὴ
1683 4882 1711 4933 6
1747 4882 1843 4952 μὲν
1876 4882 2121 4935 ἀνατολι-

559 4966 818 5037 κώτερος,
850 4967 878 5017 ὁ
902 4966 957 5017 δὲ
988 4966 1046 5030 ἐξ
1076 4966 1299 5034 ἄρκτου,
1327 4968 1355 5018 ὁ
1386 4966 1441 5017 δὲ
1465 4966 1573 5017 ἀπὸ
1597 4967 1768 5017 νότου.
1788 4966 1874 5027 Ὧς
1896 4964 1961 5017 ἂν
1989 4968 2130 5019 εἴποι

558 5068 660 5113 τις.
686 5049 1078 5123 Ἀνέτρεψετὴν
1096 5049 1384 5113 θάλασσαν,
1422 5052 1438 5067 ‘
1462 5048 1796 5116 ἁνετὰραξαν
1827 5051 1892 5101 ἐκ
1916 5047 2009 5101 τοῦ
2037 5050 2129 5101 οὐ-

562 5132 722 5204 ρανοῦ
824 5132 1182 5202 Διαφέροντα
1227 5130 1533 5197 ἀλλήλων.
1590 5131 1662 5183 Τὸ
1704 5130 1936 5197 πρῶτον
1988 5133 2131 5186 ὡσεὶ

556 5216 789 5272 λέαινα.
817 5217 1082 5284 Καθάπερ
1114 5218 1170 5268 ὲν
1198 5214 1391 5285 ὀνείρῳ
1410 5230 1424 5242 ⁸
1465 5215 1527 5265 οὐ
1554 5213 1661 5283 γὰρ
1686 5213 1823 5283 αῦτη
1854 5214 1964 5267 τῶν
1996 5233 2132 5286 πρα-

556 5300 840 5369 γμάτωνή
878 5299 1038 5368 φύσις
1071 5294 1157 5369 ἦν.
1190 5297 1287 5349 Διὰ
1325 5296 1416 5349 δύο
1448 5296 1725 5366 συμϐόλων
1755 5296 1815 5349 τὸ
1854 5298 2131 5367 βασιλικὸν

557 5382 907 5435 ἐνδείκνυται.
941 5382 1096 5444 Τινὲς
1121 5381 1176 5434 δέ
1208 5398 1392 5450 φασιν,
1417 5380 1497 5432 δτι
1532 5379 1621 5431 τὸν
1656 5380 1937 5451 Ἀσσύριον
1959 5382 2128 5452 ἐκρά-

555 5480 717 5535 τησε,
765 5465 852 5518 διὰ
880 5466 1037 5518 τοῦτο
1069 5465 1180 5519 δύο.
1213 5464 1321 5518 Kal
1369 5462 1660 5531 ἐθεώρουν
1690 5464 1800 5529 ἓως
1836 5460 1906 5520 οὗ
1941 5465 2129 5529 ἐξετί-

557 5551 745 5601 λαντο
774 5549 847 5603 τὰ
876 5552 1061 5620 πτερὰ
1081 5547 1289 5617 αὐτῆς,
1319 5548 1564 5603 τουτέστι
1588 5551 1621 5620 ἡ
1648 5548 1818 5620 ἀρχὴ,
1852 5552 1947 5605 καί
1978 5550 2129 5619 ἤρθη

620 5812 645 5877 εξ
669 5810 854 5877 Ωεεεεε
876 5814 1079 5877 conjlcio
1098 5815 1369 5877 ἀσώματον.

628 5871 653 5911 ι’
668 5876 745 5922 An
763 5870 980 5931 ἁπάσαςῖ

1242 443 1300 498 S.
1340 438 1621 496 JOANNIS
1658 435 2146 495 CHRYSOSTOM!
2188 432 2507 491 ARCIIIEP.
2549 435 3093 493 CONSTANTINOP.

2234 554 2351 605 ἀπὸ
2382 550 2490 619 τῆς
2521 551 2653 622 γῆς,
2695 551 2791 604 καὶ
2821 550 2916 603 ἐπὶ
2959 548 3162 603 ποδῶν
3193 545 3503 614 ἀνθρώπου
3531 544 3764 613 ἐστάθη
3788 564 3804 577 ⁸

2234 638 2329 690 καὶ
2361 637 2572 704 καρδία
2603 633 2915 702 ἀνθρώπου
2937 633 3111 699 ἐδόθη
3142 629 3314 697 αὐτῇ.
3333 631 3533 700 Γοργὸν
3560 630 3621 682 τὸ
3642 630 3806 693 ζῶον.

2243 720 2610 791 Ἐκατέρωθεν
2653 712 2766 789 εἶχε
2790 718 2889 787 τὴν
2925 718 3076 787 ἰσχὺν
3104 716 3424 785 ταχυτῆτος,
3452 712 3657 767 ἄνωθεν
3705 714 3809 783 μὲν

2232 803 2339 856 ἀπὸ
2383 803 2491 855 τῶν
2534 801 2770 873 πτερῶν,
2814 799 3058 853 κάτωθεν
3081 799 3137 852 δὲ
3169 799 3277 851 ἀπὸ
3302 797 3409 850 τῶν
3442 796 3649 849 ποδῶν·
3687 796 3807 850 ἀλλ’

2232 886 2469 958 ἑκατέρα
2492 888 2526 956 ἡ
2554 885 2787 956 ταχυτὴς
2808 882 3069 955 ἀνῃρέθη,
3098 882 3323 936 ἐκείνων
3345 880 3443 951 μὲν
3470 880 3807 934 ὲκταλέντων

2232 972 2312 1039 (ί.
2347 971 2516 1025 ὲκτιλ.
2541 970 2559 1040 )
2585 1009 2601 1035 ,
2653 971 2747 1025 καὶ
2787 969 2920 1040 μηδὲ
2956 968 3229 1037 φανέντων
3261 966 3472 1028 λοιπὸν,
3517 964 3721 1019 τούτων
3750 965 3810 1019 δὲ

2236 1055 2648 1125 μεταπεσόντων
2680 1055 2773 1107 ἐπὶ
2804 1054 2929 1115 τοὺς
2962 1050 3402 1116 ἀσθενεστέρους,
3436 1048 3561 1111 τοὺς
3587 1046 3806 1118 ἀνθρώ-

2232 1148 2430 1200 πουςο.
2474 1136 2583 1203 Kal
2611 1136 2820 1203 καρδία
2850 1132 3163 1202 ἀνθρώπου
3200 1132 3375 1199 ἐδόθη
3419 1130 3590 1199 αὐτῇ.
3634 1130 3811 1184 Τοῦτο

2234 1219 2343 1289 γὰρ
2370 1220 2429 1271 ὲν
2458 1202 2650 1288 ὲκέίνῳ
2682 1202 2760 1287 τῷ
2786 1216 2931 1288 ζώῳ,
2975 1216 3036 1269 τὸ
3065 1215 3287 1287 γαῦρον.
3336 1214 3620 1276 Ταπεινὸς,
3650 1212 3807 1284 φησί,

2231 1304 2454 1373 ἥμερος,
2486 1301 2771 1372 χειροήθης
2796 1303 3009 1369 ἐγένετο
3042 1303 3069 1353 6
3095 1300 3363 1368 βασιλεύς.
3394 1299 3499 1353 Καὶ
3535 1296 3662 1352 ἰδοὺ
3700 1302 3811 1365 θη»

2223 1386 2362 1453 ρίον
2383 1386 2587 1455 ἕτερον
2609 1383 2812 1452 ὅμοιον
2831 1384 3010 1451 άρκῳ,
3037 1383 3134 1435 καὶ
3158 1385 3243 1448 εἰς
3272 1381 3447 1451 μέρος
3467 1380 3535 1434 ἓν
3553 1380 3808 1446 ἐστάθη.

2232 1470 2328 1523 καὶ
2354 1470 2485 1537 τριά
2513 1467 2742 1535 πλευρὰ
2766 1468 2835 1520 ἐν
2873 1466 2951 1532 τῷ
2978 1468 3227 1536 στόματι
3254 1465 3441 1534 αὐτῆς
3463 1464 3579 1519 ἀνὰ
3607 1463 3812 1533 μέσον

2230 1554 2350 1606 τῶν
2391 1553 2652 1606 ὀδόντων
2691 1550 2898 1619 αὐτῆς.
2950 1550 3057 1604 Kal
3119 1550 3305 1615 οὕτως
3351 1549 3563 1616 ἔλεγον
3611 1545 3805 1614 αὑτῇ⁹

2246 1635 2578 1703 Ἀνάστηθι,
2604 1634 2753 1703 φάγε
2776 1632 3009 1703 σάρκας
3032 1632 3287 1697 πολλάς.
3306 1633 3427 1684 Ἐπὶ
3451 1631 3560 1685 τῶν
3576 1632 3811 1693 Περσῶν

2232 1719 2445 1787 ἐγένετο
2482 1718 2543 1770 τὸ
2580 1718 2745 1789 βραδὺ
2769 1717 2877 1769 τῶν
2905 1715 3225 1782 ἀνθρώπων.
3272 1715 3395 1768 Ἐπὶ
3422 1714 3620 1784 Μήδων

2231 1803 2323 1854 καί
2349 1800 2572 1872 Περσῶν
2600 1800 2727 1870 τρία
2755 1799 2984 1871 πλευρὰ,
3027 1799 3145 1869 ἦτοι
3169 1799 3386 1862 τόπους,
3419 1798 3451 1868 ἢ
3502 1797 3599 1859 τὰς
3647 1798 3811 1867 βασι-

2230 1883 2413 1949 λείας,
2467 1883 2533 1947 ἃς
2601 1882 2859 1937 συνεῖλεν.
2906 1884 3156 1950 Ἔλεγον
3201 1881 3397 1945 αὐτῷ·
3458 1880 3807 1947 Ἀνάστηθι,

2230 1969 2381 2035 φάγε
2408 1965 2638 2033 σάρκας
2671 1963 2926 2031 πολλάς.
2968 1958 3126 2017 Οὗτοι
3160 1964 3267 2035 γὰρ
3299 1958 3443 2016 εἷλον
3492 1964 3585 2017 καὶ
3626 1963 3811 2015 Βαϐυ-

2231 2049 2391 2113 λῶνα,
2427 2048 2639 2112 καὶτὰς
2665 2047 2861 2112 πολλὰς
2884 2049 3202 2119 εἰργάσαντο
3237 2047 3542 2116 συμφοράς.
3585 2045 3811 2099 Ὀπίσω

2230 2134 2446 2185 τούτου
2474 2130 2794 2200 ἐθεώρουν’
2842 2130 2941 2183 καὶ
2976 2130 3104 2184 ἰδοὺ
3151 2130 3354 2197 ἕτερον
3392 2129 3617 2198 θηρίον,
3655 2127 3809 2181 ὡσεὶ

2232 2214 2557 2283 πάρδαλιςο
2602 2213 2701 2269 καὶ
2753 2212 2908 2281 αὐτῇ
2960 2216 3145 2281 πτερὰ
3211 2212 3479 2280 τέσσαρα
3528 2211 3810 2264 πετεινοῦ

2231 2298 2505 2367 ὑπεράνω
2531 2297 2741 2364 αὐτῆς,
2769 2298 2865 2350 καί
2892 2297 3184 2366 τέσσαρες
3206 2296 3460 2366 κεφαλαὶ
3491 2294 3571 2359 τῷ
3592 2295 3805 2362 θηρίῳ⁸

2232 2382 2326 2435 καὶ
2361 2382 2615 2445 ἐξουσία
2648 2380 2823 2447 ἐδόθη
2853 2379 3032 2445 αὐτῷ.
3074 2376 3238 2443 Εἶτα,
3275 2380 3437 2449 φησὶ,
3470 2377 3766 2445 πάρδαλις
3788 2392 3807 2406 ⁸

2245 2465 2589 2536 Ἀλέξανδρος
2616 2466 2644 2517 6
2680 2465 2785 2517 τῶν
2818 2464 3139 2517 Μακεδόνων
3174 2463 3439 2533 βασιλεὺς,
3481 2464 3659 2515 πᾶσαν
3684 2463 3811 2514 δια-

2232 2550 2372 2612 πτὰς
2399 2551 2496 2619 τὴν
2526 2549 2867 2619 οἰκουμένην.
2895 2548 3060 2602 Οὐδὲν
3091 2548 3196 2619 γὰρ
3229 2547 3417 2601 τούτου
3449 2546 3807 2617 γοργότερον,

2231 2633 2350 2686 οὐδὲ
2374 2632 2624 2701 ὀξύτερον
2650 2631 2887 2700 γέγονεν,
2917 2631 3051 2684 ἀλλὰ
3081 2631 3307 2701 σφοδρός
3337 2648 3421 2693 τις
3448 2625 3516 2701 ἦν
3537 2629 3629 2682 καὶ
3649 2628 3807 2693 ὀξὺς,

2232 2716 2484 2786 καθάπερ
2512 2716 2667 2769 τοῦτο
2709 2717 2769 2768 τὸ
2805 2715 3009 2787 θηρίον.
3066 2715 3356 2781 Τέσσαρα,
3410 2712 3564 2782 φησὶ,
3615 2711 3812 2779 πτερὰ

2232 2801 2503 2854 πετεινοῦ
2524 2800 2795 2867 ὑπεράνω
2819 2799 3028 2868 αὐτῆς.
3054 2799 3361 2863 Τουτέστιν,
3391 2798 3608 2851 ἃπασαν
3632 2811 3813 2865 προσ-

2234 2884 2390 2936 έλαϐε
2419 2884 2517 2953 τὴν
2555 2884 2724 2953 ἰσχύν.
2767 2884 2979 2954 Πέρσας
3026 2882 3135 2955 γὰρ
3184 2884 3262 2945 εἰς
3299 2882 3427 2935 δέκα
3466 2882 3613 2951 τρεῖς
3656 2878 3814 2948 βασι-

2231 2967 2379 3030 λείας
2401 2966 2586 3019 διελὼν
2601 2966 2649 3029 ἀ,
2685 2968 2927 3030 ἅπαντας
2953 2966 3304 3038 ἐχειρώσατο.
3327 2963 3477 3027 Εἶδες
3506 2962 3674 3017 αὑτοῦ
3700 2961 3810 3030 τὴν

2230 3051 2538 3121 ταχυτῆτα;
2566 3050 2675 3102 Kal
2704 3050 2809 3102 ἀπὸ
2835 3053 2933 3119 τῆς
2974 3050 3184 3118 φύσεως
3213 3048 3305 3101 τοῦ
3338 3047 3547 3119 θηρίου,
3575 3046 3670 3098 καὶ
3693 3046 3811 3097 ἀπὸ

2231 3133 2337 3185 τῶν
2382 3132 2615 3203 πτερῶν.
2665 3133 2851 3186 Πᾶσαν
2884 3132 3135 3202 διέδραμε
3170 3131 3267 3203 τὴν
3309 3129 3651 3200 οἰκουμένην.
3691 3127 3813 3181 Kal

2232 3216 2485 3283 κεφαλαί
2507 3253 2521 3275 ,
2558 3216 2720 3283 φησὶ,
2764 3214 3055 3283 τέσσαρες
3089 3213 3170 3279 τῷ
3191 3215 3386 3282 θηρίφ-
3420 3212 3527 3268 Kal
3556 3213 3595 3278 ᾐ
3622 3211 3814 3275 ,ϐασι-

2231 3299 2365 3353 λεία
2402 3298 2498 3351 καὶ
2538 3299 2577 3366 ἡ
2620 3298 2870 3361 ἐξουσία
2914 3298 3087 3364 ἐδόθη
3118 3295 3296 3361 αὐτῷ.
3332 3295 3469 3354 Hc).
3497 3295 3644 3363 λέγει
3675 3294 3817 3346 tavi-

2231 3398 2330 3450 της
2352 3392 2374 3419 θ
2416 3381 2513 3450 τὴν
2538 3382 2862 3451 παρουσίαν,
2896 3383 2994 3450 τὴν
3028 3381 3279 3449 ποικίλην
3313 3381 3408 3433 καὶ
3452 3378 3768 3449 παντοδαπή
3792 3418 3811 3441 ,

2233 3464 2325 3516 καὶ
2358 3464 2456 3516 οὐκ
2488 3463 2596 3532 ἔχει
2625 3464 2806 3517 εἰκόνα
2836 3466 3008 3517 εἰπεῖν
3028 3480 3042 3493 ⁸
3075 3463 3245 3527 οὕτως
3289 3462 3609 3527 ὲξαλλάττον
3651 3479 3705 3513 τι
3744 3461 3814 3513 τὸ

2235 3547 2419 3617 θηρίον
2445 3543 2532 3619 ἦν.
2564 3549 2749 3612 Ιιάσας
2774 3547 2879 3618 γὰρ
2911 3548 3123 3610 ὲκείνας
3149 3548 3383 3616 ἐνίκησε.
3417 3547 3551 3608 Ταῖς
3585 3545 3684 3616 μὲν
3712 3545 3811 3598 ἄλο

2232 3631 2370 3696 λαις,
2400 3631 2508 3685 ἀπὸ
2536 3630 2627 3682 τοῦ
2659 3632 2852 3699 τάχους
2884 3626 2951 3701 ἦν
2980 3633 3012 3701 ἡ
3044 3630 3194 3701 ἰσχύς
3215 3647 3228 3660 ⁸
3262 3630 3450 3683 τούτου
3475 3630 3531 3682 δὲ
3554 3629 3663 3683 ἀπὸ
3695 3629 3812 3679 τῶν

2232 3715 2457 3767 ὀδόντων
2477 3732 2489 3744 ⁸
2529 3714 2737 3784 σιδηροί
2782 3715 2939 3785 ἦσαν.
2970 3715 3079 3768 Kal
3106 3713 3179 3766 τὰ
3216 3713 3500 3767 ἐπίλοιπα
3532 3711 3660 3777 τοῖς
3698 3727 3812 3764 που

2232 3800 2338 3852 σίν
2356 3798 2541 3852 αὑτοῦ
2562 3796 2907 3850 συνεπάτει.
2930 3798 3067 3861 Τοὺς
3094 3797 3317 3860 πολλοὺς
3339 3797 3484 3863 λέγει
3509 3796 3809 3863 πολέμους.

2233 3881 2387 3944 Τίνες
2414 3881 2462 3933 οἰ
2497 3880 2627 3933 δέκα
2660 3880 2923 3949 βασιλεῖς;
2952 3880 3005 3931 τί
3032 3880 3091 3933 τὸ
3122 3879 3315 3950 μικρὸν
3334 3880 3499 3950 κέρας
3519 3896 3534 3943 ;
3553 3878 3694 3945 Ἐγὼ
3714 3878 3815 3929 τὸν

2246 3963 2607 4035 Ἀντίχριστόν
2659 3981 2798 4034 φημι
2854 3962 3055 4034 μεταξύ
3102 3980 3263 4016 τινων
3319 3962 3604 4032 φαίνεσθαι
3651 3960 3816 4029 βασι-

2233 4048 2389 4101 λέων.
2420 4047 2525 4101 Kal
2549 4045 2861 4115 ὀφθαλμοὶ,
2883 4047 2962 4111 ὡς
2988 4045 3279 4115 ὀφθαλμοὶ
3298 4044 3611 4114 ἀνθρώπου
3635 4045 3705 4097 έν
3726 4044 3817 4109 τῷ

2234 4130 2432 4197 κέρατι
2454 4132 2663 4196 τούτῳ,
2691 4128 2791 4182 καὶ
2830 4131 3023 4198 στόμα
3058 4129 3294 4183 λαλοῦν
3311 4130 3563 4197 μεγάλα.
3597 4128 3663 4181 Τί
3694 4128 3815 4198 γὰρ

2235 4215 2443 4267 ἐκείνου
2490 4213 2584 4266 τοῦ
2632 4213 2897 4283 στόματος
2940 4212 3123 4281 μεῖζον
3160 4212 3358 4281 γένοιτ’
3396 4212 3461 4265 ἂν
3489 4212 3583 4265 τοῦ
3614 4212 3813 4279 λέγονο

2234 4314 2357 4361 τος,
2424 4296 2553 4350 Ἐπὶ
2610 4295 2807 4349 πάντα
2850 4296 3177 4364 λεγόμενον
3240 4295 3381 4350 θεὸν
3422 4295 3461 4365 ἢ
3504 4296 3811 4363 σέϐασμα,

2235 4379 2391 4433 ὥστε
2427 4379 2615 4433 αὑτὸν
2636 4382 2722 4443 εἰς
2746 4379 2853 4431 τὸν
2884 4378 3032 4432 ναὸν
3054 4377 3160 4432 τοῦ
3186 4380 3334 4433 Θεοῦ
3353 4380 3625 4440 amotam;
3654 4378 3715 4431 Εἰ
3753 4379 3815 4432 δὲ

2235 4462 2503 4533 ὀφθαλμοὶ
2538 4461 2847 4533 ἀνθρώπου,
2890 4461 2964 4531 μὴ
2993 4460 3277 4534 Θαυμάσῃς
3296 4478 3310 4492 ⁸
3340 4464 3434 4514 καὶ
3454 4462 3561 4531 γὰρ
3583 4461 3817 4515 τοιαῦτα

2239 4545 2553 4614 φθέγγεται.
2587 4544 2907 4614 Ἄνθρωπός
2938 4545 3073 4608 ἐστι,
3100 4546 3251 4613 φησί.
3287 4544 3387 4597 Διὰ
3413 4544 3465 4596 τί
3504 4545 3560 4597 δὲ
3586 4545 3814 4615 μικρὸν,

2233 4627 2328 4680 καὶ
2360 4628 2459 4679 οὐκ
2488 4626 2548 4690 ἐξ
2584 4626 2762 4699 ἀρχῆς
2794 4627 2935 4697 μέγα
2964 4627 3244 4695 φαίνεται;
3278 4627 3417 4679 Ἀλλ’
3454 4626 3679 4696 ὕστερον
3708 4628 3814 4678 αὑ-

2235 4709 2524 4779 ξηθήσεται
2547 4750 2564 4772 ,
2618 4711 2712 4763 καὶ
2745 4712 3007 4781 κρατήσει
3052 4711 3214 4765 τινῶν
3247 4710 3527 4781 βασιλέων.
3575 4710 3642 4761 Τί
3675 4705 3810 4777 οὖνς

2233 4794 2428 4845 Οὐκέτι
2458 4792 2701 4862 βασιλεία
2719 4793 3020 4860 διαδέχεται
3041 4793 3249 4858 τοῦτον,
3274 4793 3388 4846 ἀλλ’
3414 4793 3575 4855 αὐτὸς
3613 4795 3643 4845 6
3675 4794 3814 4854 Θεὸς

2233 4875 2509 4929 καταλύει.
2573 4875 2926 4943 Ἐθεώρουν,
2971 4876 3083 4941 ἕως
3123 4872 3195 4931 οὗ
3252 4876 3449 4943 θρόνοι
3488 4875 3813 4942 ἐτέθησαν,

2233 4958 2335 5011 καὶ
2360 4958 2624 5024 Παλαιὸς
2665 4959 2901 5027 ἡμερῶν
2928 4959 3183 5028 ἐκάθητο
3200 4977 3215 4992 ⁸
3240 4960 3335 5013 καί
3362 4960 3429 5012 τὸ
3452 4958 3681 5028 ἔνδυμα
3704 4961 3815 5013 αὑ.

2233 5041 2338 5095 τοῦ
2387 5040 2613 5094 λευκὸν
2639 5042 2782 5095 ὠσεί
2814 5040 2990 5111 χιών·
3018 5042 3115 5095 καὶ
3149 5043 3188 5110 ἡ
3237 5042 3366 5109 θρὶξ
3394 5040 3504 5110 τῆς
3537 5040 3814 5111 κεφαλῆς

2231 5124 2416 5178 αὑτοῦ
2445 5124 2585 5177 ώσεὶ
2606 5124 2770 5192 ἐριον
2804 5127 3064 5193 καθαρόν
3084 5144 3098 5159 ⁸
3129 5129 3161 5179 ὀ
3182 5130 3393 5194 θρόνος
3424 5127 3612 5181 αὑτοῦ
3647 5127 3811 5195 φλὸξ

2232 5209 2459 5275 πυρός’
2513 5210 2567 5261 οί
2622 5208 2823 5277 τροχοὶ
2858 5210 3043 5263 αὑτοῦ
3081 5204 3202 5278 πῦρ
3245 5210 3490 5278 φλέγον.
3534 5209 3813 5277 Ποταμὸς

2297 5453 2319 5520 ’ξ
2342 5448 2635 5520 Ῡεζίεἱῐηὶἰὶς
2653 5453 2853 5520 erpenda
2862 5452 2929 5520 l_io
2938 5454 3265 5520 ἀνθρωπείως,
3277 5457 3355 5520 fel
3369 5457 3533 5520 potius
3542 5456 3811 5520 ἀνθρώπου.

2292 5514 2319 5551 ιι
2344 5513 2539 5583 Διελώγ.
2564 5511 2666 5583 ll_n_0
2689 5514 2981 5583 διῃρημένοις.
3002 5511 3096 5583 Illa
3118 5511 3260 5565 enim
3276 5511 3493 5566 Per'sidis
3518 5521 3575 5583 ill
3604 5511 3808 5583 Pronu-

2230 5578 2330 5641 gjgns
2372 5574 2545 5640 d_ivisio
2584 5573 2867 5641 A_lex_add_r0
2902 5579 3067 5641 multo
3118 5582 3495 5641 gsl__au1iquior.
3539 5579 3812 5640 Xenophon

2230 5634 2549 5701 ﬁistogiarum
2572 5636 2650 5701 09
2674 5634 3007 5701 ΔΙιιδιὶιιιῐίοιιε
3031 5638 3144 5695 Cyri
3183 5639 3265 5690 lib.
3292 5640 3309 5688 I
3347 5634 3574 5689 ι’δώδειια
3613 5634 3701 5701 γὰρ
3732 5643 3813 5689 καὶ

2229 5698 2430 5765 Περσῶν
2448 5696 2587 5765 φυλαὶ
2614 5697 2875 5765 διῄρηνται.
2896 5701 3184 5765 ΔΙΙΘιέῡό-(ξιιιε
3216 5707 3262 5750 in
3288 5702 3453 5751 Thalia
3484 5720 3498 5757 ζ
3523 5696 3815 5765 ἀρχᾶςκατ-

2232 5757 2505 5825 εστήσατο(
2532 5757 2746 5817 loquitor
2784 5761 2862 5825 de_
2895 5763 3037 5810 Dario
3060 5762 3313 5825 Hystaspis
3354 5766 3476 5823 lilio)
3517 5757 3691 5823 εῑίίὸσι,
3727 5766 3817 5822 τὰς

2232 5818 2606 5887 αὐτοὶλκαλέουσι
2629 5822 2935 5883 σατραπηίας.

2306 5893 2329 5918 ε
2360 5880 2629 5939 Sequeulia
2645 5880 2907 5933 uslbnduut
2929 5885 3262 5947 reponendum
3298 5899 3408 5936 esse
3437 5889 3678 5948 τετάρτης.
