4126 6294
185 395 293 451 εὲς)

185 512 417 565 ruebant
443 511 495 564 in
522 525 667 564 mare
697 524 965 579 magnum.
991 512 1043 565 5.
1066 511 1133 565 Et
1151 519 1378 581 quatuor
1405 508 1587 563 beStia:
1611 523 1766 577 gran-

185 602 285 656 des
311 600 671 656 ascendebant
697 601 765 656 de
789 605 944 667 mari,
971 602 1197 657 diversa:
1229 602 1369 656 inter
1393 617 1473 656 se.
1505 602 1558 656 4.
1592 600 1767 655 Prima

184 694 382 748 similis
410 693 623 755 leaenae,
653 700 708 747 et
734 693 832 747 alae
856 693 972 761 ejus
992 693 1136 748 velut
1162 693 1259 748 alin
1286 692 1495 763 aquilae.
1527 692 1769 763 Aspicie-

184 787 311 842 bam
337 827 354 853 ,
380 786 553 842 donec
578 786 776 840 evulsa;
801 794 924 841 sunt
948 787 1047 841 alte
1083 786 1239 856 ejus:
1278 795 1333 841 et
1365 786 1571 840 sublata
1596 795 1679 841 est
1699 785 1768 841 de

188 888 353 942 terra,
403 883 463 932 et
509 879 562 930 in
605 876 827 947 pedibus
866 876 1096 931 hominis
1129 876 1296 943 stetit,
1338 884 1394 931 et
1416 890 1511 931 eor
1538 875 1768 931 hominis

184 973 370 1028 datum
396 980 481 1026 est
502 972 573 1026 ei.
602 971 654 1025 5.
692 972 759 1026 Et
785 985 910 1026 ecce
937 970 1107 1025 bestia
1146 971 1249 1025 alia
1298 969 1486 1024 similis
1529 983 1689 1034 urso,
1712 976 1768 1023 et

184 1069 237 1122 in
265 1076 472 1138 partem
500 1081 656 1120 uuam
682 1065 848 1130 stetit,
870 1074 925 1119 et
954 1064 1051 1118 tria
1081 1064 1244 1117 latera
1273 1062 1325 1117 in
1350 1078 1442 1117 ore
1467 1062 1603 1132 ejus,
1628 1063 1768 1117 inter

184 1161 376 1215 dentes
406 1160 591 1228 ipsius.
622 1158 692 1213 Et
714 1158 791 1213 sic
808 1156 1052 1212 dicebant
1078 1158 1126 1213 ei
1155 1176 1169 1211 :
1200 1156 1387 1227 Surge,
1405 1156 1626 1212 comede
1651 1170 1768 1210 ear-

184 1266 281 1305 nes
308 1250 523 1303 multas.
550 1248 608 1309 ,6.
642 1249 769 1303 Post
796 1249 895 1303 hoc
918 1247 1241 1317 aSpiciebam
1262 1289 1279 1315 ,
1310 1258 1365 1303 et
1401 1262 1527 1302 ecce
1550 1247 1651 1301 alia
1674 1247 1765 1302 be-

186 1343 282 1395 stia
316 1351 587 1411 tamquam
618 1341 851 1411 pardalis
880 1359 893 1394 :
918 1349 972 1395 et
999 1341 1098 1411 ipsi
1140 1340 1238 1395 alae
1275 1349 1500 1411 quatuor
1530 1341 1764 1395 volucris

186 1448 349 1499 super
373 1447 491 1485 eam
510 1472 524 1493 ,
553 1440 607 1486 et
629 1441 857 1501 quatuor
880 1431 1051 1502 capita
1082 1431 1285 1496 bestiae,
1314 1440 1368 1485 et
1390 1441 1620 1501 potestas
1641 1433 1762 1487 data

186 1533 265 1576 est
296 1523 393 1576 illi.
437 1524 488 1576 7.
521 1523 647 1577 Post
678 1523 777 1577 hoc
817 1522 1134 1592 aspiciebam
1164 1523 1216 1576 in
1242 1522 1447 1577 visione
1476 1523 1648 1577 noctis
1669 1564 1683 1588 ,
1710 1532 1765 1577 et

185 1630 311 1670 ecce
351 1616 518 1670 bestia
560 1624 765 1685 quarta,
803 1614 1071 1681 terribilis,
1099 1624 1152 1669 et
1192 1613 1447 1684 stupenda
1471 1654 1487 1680 ,
1519 1623 1572 1668 et
1612 1613 1763 1669 fortis

185 1708 346 1762 nimis
381 1725 393 1761 :
436 1717 489 1762 et
526 1708 713 1763 dentes
736 1708 850 1776 ejus
876 1707 1032 1762 ferrei
1083 1715 1137 1760 et
1163 1708 1337 1777 magni
1362 1723 1378 1772 ;
1402 1707 1689 1761 comedens
1709 1715 1763 1762 et

183 1800 551 1853 comminuens
585 1815 600 1863 ;
632 1808 687 1853 et
725 1799 932 1868 reliqua
974 1798 1195 1866 pedibus
1230 1798 1340 1852 suis
1364 1797 1713 1852 eoneulcabat
1742 1816 1756 1850 :

188 1901 243 1946 et
270 1894 385 1961 ipsa
417 1892 624 1946 diversa
654 1890 809 1946 valde
848 1907 957 1960 pra:
981 1891 1229 1946 omnibus
1256 1890 1442 1945 bestiis
1476 1906 1596 1961 qua:
1636 1900 1760 1945 ante

185 1998 302 2035 eam
328 2001 340 2036 ε
373 1992 429 2036 et
455 1997 653 2037 cornua
673 1981 788 2052 ejus
820 1981 1024 2037 decem.
1050 1981 1103 2036 8.
1122 1981 1532 2037 Considerabam
1558 1996 1758 2037 cornua

184 2075 383 2139 ejus,et
413 2090 538 2128 ecce
567 2089 733 2128 cornu
775 2073 917 2128 aliud
952 2088 1170 2142 parvum
1214 2072 1533 2127 ascendebat
1560 2074 1611 2127 in
1640 2088 1757 2128 me-

182 2163 272 2217 dio
300 2179 509 2231 eorum,
530 2172 584 2219 et
606 2163 703 2217 tria
729 2179 925 2219 cornua
952 2164 1088 2233 ejus,
1117 2164 1185 2219 de
1208 2164 1272 2218 iis
1298 2179 1417 2233 quze
1435 2173 1610 2229 antea,
1633 2178 1754 2219 era-

184 2256 353 2310 dicata
388 2266 513 2311 sunt
540 2273 571 2311 a
598 2256 728 2311 facie
754 2256 889 2326 ejus.
936 2256 1005 2310 Et
1048 2270 1175 2311 ecce
1221 2257 1381 2321 oculi,
1421 2256 1572 2327 quasi
1617 2255 1756 2311 oculi

183 2348 413 2404 hominis
442 2352 496 2404 in
523 2364 689 2404 cornu
718 2349 820 2405 isto
838 2391 853 2415 ,
895 2358 949 2403 et
972 2363 1035 2405 os
1062 2350 1286 2419 loquens
1314 2347 1552 2419 grandia.
1594 2367 1615 2401 ι
1648 2349 1756 2403 Cur

181 2458 287 2497 non
331 2444 461 2497 dixit
508 2458 566 2498 se
593 2443 788 2498 vidisse
829 2443 1124 2498 mulieres?
1150 2444 1219 2497 At
1246 2442 1457 2512 quidem
1486 2457 1607 2496 cum
1636 2456 1752 2510 pte-

182 2552 305 2590 uam
346 2547 403 2591 et
440 2535 869 2590 maledictionem
912 2534 1149 2604 oportuit
1189 2534 1463 2597 exhibere,
1502 2532 1754 2589 mulieres

180 2628 401 2682 adduxit
422 2627 694 2697 Scriptura
723 2645 736 2680 :
768 2641 887 2681 cum
918 2635 1094 2681 autem
1120 2640 1285 2695 regna
1313 2624 1631 2694 exprimere,
1656 2624 1751 2680 be-

178 2722 307 2775 stias
330 2721 567 2790 protulit.
591 2720 908 2790 lncorporea
935 2734 1025 2774 res
1052 2728 1135 2773 est
1158 2733 1407 2789 regnum:
1432 2732 1625 2786 corpus
1652 2717 1752 2787 igi-

176 2822 263 2867 tur
284 2813 359 2866 illi
387 2811 587 2866 tribuit.
613 2812 695 2866 An
722 2826 826 2866 non
856 2810 1166 2880 oportebat?
1187 2810 1253 2864 Et
1276 2817 1440 2864 recte.
1462 2807 1593 2862 Nam
1614 2821 1750 2878 quo-

174 2907 318 2958 niam
366 2919 652 2975 regnorum
698 2904 980 2974 qualitates
1028 2903 1290 2973 praecipue
1330 2903 1380 2956 in
1417 2902 1600 2957 bestiis
1635 2902 1751 2956 istis

174 2996 473 3060 exsistunt;
500 2995 617 3050 ideo
634 2996 698 3049 iis
721 3010 855 3064 opus
874 2993 1074 3049 habuit.
1096 2994 1389 3049 Ostendere
1417 2993 1584 3047 voluit
1601 2992 1749 3048 illam

173 3087 225 3141 in
258 3086 472 3141 feritate
508 3086 811 3155 superbiam
838 3094 995 3156 atque
1020 3087 1279 3140 luxuriam
1306 3085 1405 3155 (a),
1438 3095 1492 3140 et
1520 3085 1746 3140 leaenam

175 3178 445 3247 produxit.
476 3177 658 3233 Voluit
681 3178 964 3234 ostendere
992 3177 1292 3233 tarditatem
1316 3219 1332 3245 ,
1357 3187 1411 3233 et
1436 3193 1618 3232 ursum
1648 3177 1747 3231 ad-

172 3271 343 3324 duxit.
389 3269 571 3324 Voluit
605 3269 884 3340 designare
908 3270 1244 3325 velocitatem
1274 3280 1328 3325 et
1355 3270 1743 3339 pernicitatem,

170 3371 223 3416 et
248 3360 395 3431 quod
433 3361 585 3415 bellis
617 3361 794 3415 omnia
833 3361 1056 3429 imperia
1081 3362 1406 3415 everterint:
1434 3370 1592 3430 atque
1623 3375 1745 3430 par-

170 3454 332 3508 dalim
363 3454 600 3523 protulit.
623 3455 816 3523 Aspice
848 3463 905 3507 ut
936 3454 1079 3524 prius
1108 3453 1327 3524 pulchre
1350 3453 1545 3508 viderit
1574 3468 1743 3520 mare,

170 3545 311 3615 quod
354 3554 705 3614 reprmsentat
742 3545 1049 3600 universum
1088 3545 1271 3600 orbem
1319 3556 1603 3600 terrarum.
1636 3546 1745 3601 To-

172 3637 329 3692 tidem
372 3639 514 3691 enim
572 3638 759 3707 plenus
801 3645 884 3692 est
922 3638 1252 3702 tumultibus,
1284 3646 1342 3692 et
1364 3637 1555 3693 eodem
1586 3636 1745 3692 modo

170 3730 423 3798 agitatur,
453 3729 599 3799 quasi
636 3729 866 3799 piscibus
887 3771 902 3795 ,
930 3746 1036 3784 non
1066 3729 1367 3785 hominibus
1390 3730 1623 3801 repletus
1645 3732 1740 3802 (b).

172 3817 223 3873 Id
248 3821 413 3875 etiam
434 3817 674 3875 Christus
702 3820 972 3887 declarat,
1003 3832 1319 3890 prmsentem
1359 3838 1551 3893 nempe
1584 3823 1744 3878 vitam

91 3979 98 3984 _
170 3931 317 3969 mare
346 3930 501 3981 esse,
531 3915 655 3969 dum
684 3915 813 3970 dicit
842 3936 854 3968 :
890 3933 909 3966 ε
944 3916 1127 3971 Simile
1166 3915 1359 3971 factum
1406 3925 1487 3972 est
1521 3932 1745 3987 regnum

169 4007 421 4060 melorum
449 4021 661 4075 sagena:
689 4008 863 4061 missae
891 4007 942 4059 in
976 4022 1125 4062 mare
1148 4047 1163 4073 ,
1201 4017 1256 4062 et
1277 4022 1345 4063 ex
1370 4008 1514 4062 omni
1547 4024 1746 4078 genere

169 4095 541 4165 congreganti.
574 4115 591 4146 ι
638 4096 843 4166 (Matth.
877 4098 963 4152 1'5.
994 4096 1107 4167 47.)
1158 4116 1176 4149 ι
1206 4096 1272 4151 Ει
1310 4113 1460 4163 ecce,
1488 4118 1507 4149 ι
1542 4099 1740 4167 inquit,

175 4204 193 4235 α
221 4194 457 4254 quatuor
484 4187 634 4241 venti
687 4188 800 4241 cteli
840 4188 1119 4243 irruebant
1152 4190 1207 4242 in
1240 4205 1388 4243 mare
1417 4205 1691 4261 magnum.
1717 4208 1736 4240 ι

167 4277 419 4331 Declarat
441 4278 643 4333 bestias
662 4279 778 4333 illas
796 4280 919 4334 inde
943 4281 1237 4350 prodiisse:
1261 4281 1461 4336 indicat
1479 4282 1639 4336 etiam
1661 4297 1746 4336 ce-

166 4367 439 4422 leritatem
455 4369 650 4424 divinae
665 4372 1031 4440 providentiae.
1052 4366 1261 4427 Etenim
1279 4390 1397 4436 nos,
1421 4390 1544 4428 cum
1572 4374 1637 4428 de
1654 4388 1747 4429 ve-

166 4460 387 4515 locitate
430 4477 608 4515 sermo
636 4472 741 4528 est,
782 4473 973 4519 ventos
1001 4464 1057 4519 in
1096 4466 1333 4519 medium
1372 4466 1740 4535 producimus.

165 4550 453 4605 lrruerunt
479 4552 534 4605 in
560 4568 741 4619 mare;
777 4563 832 4608 et
858 4564 1219 4617 emerserunt,
1256 4556 1450 4625 inquit,
1492 4556 1677 4610 bestiae
1710 4569 1746 4611 θ

169 4640 325 4692 mari.
372 4639 504 4693 Nam
540 4649 741 4695 naturae
772 4651 966 4695 nostra:
1004 4645 1290 4712 participes
1324 4653 1447 4699 sunt
1479 4647 1743 4715 principes

169 4731 364 4784 nostri.
406 4732 494 4787 Sic
522 4734 679 4787 etiam
714 4748 892 4801 regem
919 4733 1125 4788 leonem
1149 4750 1288 4804 saepe
1320 4745 1506 4803 vocat,
1545 4738 1743 4807 regiam

169 4821 489 4891 dignitatem
536 4833 589 4878 et
640 4824 838 4879 lcriuos
883 4840 1058 4879 mores
1107 4827 1339 4881 indicare
1380 4830 1619 4899 cupiens.
1647 4829 1745 4885 Vel

169 4912 293 4980 quia
316 4922 597 4967 ventorum
620 4914 708 4969 ille
733 4913 944 4982 quidem
973 4916 1247 4974 orientalis
1273 4926 1376 4983 est,
1408 4918 1494 4973 hic
1521 4935 1646 4975 vero
1672 4935 1743 4975 ex

231 5066 308 5141 (ᾳ)
341 5066 400 5115 In
421 5074 581 5141 Graeco
599 5083 761 5141 useless.
786 5073 1065 5141 Porrohazc
1095 5086 1186 5123 vox
1207 5109 1222 5132 ,
1247 5082 1376 5125 teste
1408 5076 1542 5125 Suida
1564 5111 1578 5135 ,
1604 5090 1745 5126 arro-

165 5133 385 5201 gantiam
421 5136 569 5206 atque
601 5133 809 5206 delicias
828 5135 1077 5206 signiﬁcat.
1099 5144 1255 5206 Quare
1280 5133 1745 5206 utrumquejnyer-

164 5197 309 5261 sione
325 5193 688 5261 junxi,_d_uetus
709 5193 990 5261 auctoritate
1022 5206 1066 5245 δ.
1098 5200 1367 5261 Hieronymi
1386 5234 1400 5256 ,
1425 5193 1507 5261 qui
1528 5201 1587 5261 in
1612 5200 1748 5251 Com-

166 5255 412 5322 mentario
451 5254 509 5301 ad
547 5256 673 5322 hunc
700 5256 865 5322 locum
903 5272 1057 5320 regno
1088 5254 1340 5322 Babylonio
1374 5254 1708 5312 crudelitatem
1729 5301 1743 5320 ,

168 5313 414 5384 luxuriam
441 5324 490 5364 et
513 5313 1046 5384 superbiatn‘attrihﬁit.
1069 5313 1373 5371 Crudelitatis
1390 5326 1638 5384 specimen
1661 5313 1746 5373 da;

165 5376 409 5447 liitcagut
441 5376 756 5447 praecedens;
794 5381 997 5447 luxurize
1034 5382 1158 5447 liber
1196 5376 1431 5445 Judithze,
1478 5388 1748 5447 prtesertim

166 5436 537 5511 cap.’12,_vers.
556 5439 621 5511 ‘21
643 5436 940 5511 ;_superbia:,
967 5451 1019 5492 ut
1041 5444 1131 5494 alia
1154 5451 1385 5507 omittam,
1410 5436 1502 5496 rei
1525 5447 1748 5511 Assyrius

164 5500 355 5563 Luciler
376 5500 535 5550 dictus
556 5500 621 5549 Is.
644 5500 725 5563 ⁷14,
740 5500 825 5554 12.

232 5559 305 5622 (b)
339 5564 552 5611 Piscibus
575 5577 632 5613 se
656 5559 862 5631 invicem
884 5566 1226 5631 devorantibus
1264 5569 1505 5631 improbos
1526 5570 1749 5620 homines

167 5632 474 5689 comparant,
502 5632 613 5690 post
635 5630 933 5690 Hahaeucmn
967 5629 1246 5690 prophetam
1267 5668 1279 5686 ,
1307 5629 1641 5690 Athenagoras
1664 5638 1749 5680 Le-

164 5687 377 5753 gatione
390 5698 478 5746 pro
502 5687 802 5753 Christianis,
823 5696 870 5736 Β.
899 5687 1115 5753 lrénaaus
1137 5689 1220 5738 lib.
1246 5693 1300 5749 5,
1326 5706 1429 5753 cap.
1456 5687 1542 5744 Eli.
1570 5700 1620 5740 et
1644 5705 1749 5741 om-

166 5746 307 5815 nium
332 5746 701 5815 elegantissime
733 5758 776 5799 s.
794 5746 999 5798 Basilius
1020 5757 1154 5815 item.
1179 5746 1453 5815 septima'in
1476 5760 1747 5804 Hexaeme-

164 5820 270 5857 ron.
295 5814 463 5860 Notum
488 5817 567 5862 est
588 5823 647 5861 ea
669 5811 733 5861 de
762 5824 819 5861 re
843 5812 1167 5872 proverbium.

1589 390 1655 445 IN
1694 390 2059 449 DANIELEM.

3335 424 3441 484 250

1875 511 2258 602 septentrione,
2289 514 2422 570 alter
2445 532 2572 573 vero
2601 522 2667 575 ab
2687 534 2891 581 austro.
2918 527 2985 585 Ut
3015 532 3059 585 si
3090 535 3207 602 quis
3229 540 3443 595 dixerit:

1874 599 2078 656 Evertit
2115 619 2263 661 mare
2290 623 2306 672 ;
2346 609 2474 665 illud
2505 612 2572 666 de
2606 614 2739 669 caule
2765 619 3049 687 agitaruut.
3076 599 3300 683 Diversae
3313 634 3444 685 inter

1872 706 1946 745 se.
1988 692 2188 761 Prima,
2231 700 2375 768 quasi
2413 700 2591 756 laena.
2622 706 3079 770 Quemadmodum
3108 717 3159 769 in
3187 720 3432 774 somnio:

1873 798 1978 881 non
2008 787 2152 841 enim
2178 788 2294 847 hzec
2322 808 2499 848 rerum
2528 808 2712 851 natura
2735 809 2867 854 erat.
2899 802 3002 859 Per
3020 806 3127 861 duo
3149 810 3298 881 signa
3322 826 3436 865 ma-

1865 873 2043 975 jestas
2077 882 2221 975 regia
2268 886 2583 941 ostenditur.
2611 889 2834 957 Quidam
2877 910 3004 949 vero
3047 873 3250 968 dicunt,
3298 906 3438 975 quod

1870 970 1992 1038 quia
2018 970 2291 1042 Assyrium
2322 979 2609 1046 superavit,
2650 981 2771 1037 ideo
2802 1000 2921 1041 cum
2959 989 3166 1049 duobus
3192 970 3437 1053 animali-

1870 1058 1967 1114 bus
2004 1062 2294 1119 confertur.
2341 1066 2406 1120 Et
2442 1072 2769 1139 aspiciebam,
2800 1077 2959 1132 donec
2998 1084 3180 1138 evulsa!
3205 1100 3320 1142 sunt
3345 1094 3441 1147 aha

1869 1151 1977 1220 ejus
1996 1193 2011 1215 ,
2036 1152 2087 1206 id
2113 1163 2225 1222 est,
2259 1156 2572 1228 imperium,
2601 1173 2649 1216 et
2677 1167 2876 1220 sublata
2914 1180 2986 1223 est
3022 1173 3087 1227 de
3107 1184 3238 1231 terra
3267 1195 3287 1234 :
3315 1193 3361 1235 ct
3386 1186 3461 1238 in:

1869 1242 2078 1309 pedibus
2102 1245 2317 1302 hominis
2344 1252 2515 1305 stetit:
2541 1263 2588 1305 et
2611 1271 2696 1308 cor
2723 1258 2937 1315 hominis
2965 1264 3140 1320 datum
3167 1280 3237 1324 est
3257 1274 3321 1328 ci.
3342 1275 3436 1331 Fe-

1867 1349 1963 1387 rox
1992 1336 2206 1393 animal.
2238 1340 2495 1413 Utrinque
2541 1346 2771 1404 habebat
2810 1354 3102 1413 celeritatis
3142 1364 3245 1417 vim
3281 1384 3295 1421 :
3344 1384 3435 1423 su-

1869 1441 2033 1495 perne
2071 1432 2285 1500 quidem
2326 1436 2394 1491 ab
2422 1438 2519 1492 alis
2542 1480 2558 1505 ,
2592 1441 2796 1499 inferne
2826 1462 2953 1502 vero
2989 1466 3018 1505 a
3051 1454 3271 1521 pedibus
3300 1476 3315 1515 :
3343 1464 3434 1515 sed

1869 1532 2087 1593 utraque
2108 1527 2367 1583 velocitas
2396 1531 2570 1587 ablata
2602 1546 2703 1599 est,
2736 1538 2834 1594 alis
2862 1543 3076 1610 quidem
3098 1551 3312 1616 evulsis,
3341 1570 3435 1610 nec

1864 1615 2091 1707 amplius
2131 1624 2539 1690 apparentibus,
2579 1628 2800 1695 pedibus
2838 1648 2963 1689 vero
2991 1636 3436 1707 degenerantibu:

1865 1705 1917 1759 in
1944 1707 2247 1777 debiliores,
2281 1714 2539 1770 humanos
2568 1720 2789 1775 scilicet.
2824 1723 2892 1776 Et
2915 1742 3002 1779 cor
3031 1705 3245 1787 [taurinis
3262 1736 3436 1793 datum

1863 1806 1935 1895 est
2054 1799 2221 1855 Tanta
2248 1803 2300 1856 in
2328 1804 2420 1858 illo
2445 1808 2659 1863 animali
2684 1811 2854 1867 fuerat
2884 1820 3151 1886 superbia.
3185 1825 3429 1895 llumihs,

1863 1890 2063 1959 inquit,
2087 1893 2229 1947 mitis
2258 1903 2313 1949 et
2346 1908 2651 1955 mansuetus
2678 1901 2848 1960 factus
2871 1918 2954 1962 est
2979 1926 3095 1966 rex.
3127 1913 3195 1968 Et
3218 1934 3328 1972 ecce
3347 1890 3425 1975 be:

1860 1982 1957 2034 stia
1982 1982 2085 2035 alia
2113 1984 2291 2040 similis
2315 2003 2434 2041 urso
2462 2005 2480 2043 :
2506 2001 2552 2045 et
2572 1992 2626 2045 in
2655 2008 2846 2063 partem
2872 2015 3023 2054 unam
3056 2006 3190 2059 stetit
3218 2020 3235 2056 :
3264 2016 3311 2058 et
3332 2010 3434 2065 tria

1862 2072 2022 2126 latera
2040 2074 2092 2127 in
2114 2091 2200 2129 ore
2219 2078 2348 2145 ejus,
2371 2080 2500 2133 inter
2523 2088 2693 2139 dentes
2713 2086 2889 2156 ipsius.
2922 2091 2991 2146 Et
3014 2096 3087 2148 sic
3105 2097 3330 2154 dicebant
3356 2114 3426 2165 ei;

1860 2164 2046 2237 Surge,
2076 2179 2277 2224 comede
2300 2188 2472 2227 carnes
2493 2177 2694 2232 multas.
2719 2180 2830 2235 Sub
2859 2183 3036 2241 Persis
3061 2187 3299 2248 homines
3320 2193 3418 2249 fue

1857 2266 1984 2311 runt
2012 2263 2148 2315 tardi
2174 2277 2237 2316 ac
2261 2278 2473 2333 segnes.
2497 2268 2607 2323 Sub
2636 2269 2805 2327 Medis
2834 2285 2887 2328 et
2910 2275 3086 2334 Persis
3115 2285 3430 2344 exstiterunt

1860 2350 1960 2403 tria
1980 2351 2146 2407 latera
2171 2371 2184 2407 :
2212 2355 2263 2409 id
2292 2368 2399 2423 est,
2434 2361 2517 2413 vel
2546 2361 2689 2427 loca,
2717 2367 2797 2419 vel
2827 2382 3018 2439 regna,
3042 2387 3159 2443 qua:
3186 2376 3237 2429 in
3267 2394 3424 2432 unum

1858 2442 1932 2496 illi
1962 2454 2363 2504 contraxerunt.
2409 2450 2655 2509 Dicebant
2689 2459 2736 2511 ei
2758 2474 2777 2512 :
2811 2460 2994 2533 Surge,
3034 2442 3236 2523 comede
3255 2488 3430 2527 carnes

1856 2535 2059 2590 multas.
2082 2537 2148 2592 Hi
2188 2542 2329 2595 enim
2366 2557 2620 2613 ceperunt
2663 2558 2718 2604 et
2762 2551 3101 2624 Babylonem,
3139 2569 3194 2613 et
3235 2565 3427 2618 multas

1854 2629 2180 2686 calamitates
2208 2635 2515 2692 intulerunt.
2542 2659 2560 2691 ι
2586 2641 2709 2697 Post
2735 2643 2835 2699 hoc
2861 2649 3199 2717 aSpiciebam;
3222 2665 3275 2709 et
3302 2672 3428 2713 ecce

1855 2718 1957 2774 alia
1975 2721 2158 2789 bestia,
2177 2727 2326 2795 quasi
2343 2730 2574 2799 pardalis
2596 2749 2607 2785 :
2635 2743 2690 2789 et
2716 2735 2813 2805 ipsi
2840 2738 2935 2793 alae
2956 2751 3182 2810 quatuor
3197 2745 3426 2802 volucris

1855 2826 2017 2908 super
2038 2832 2174 2880 eam,
2194 2831 2247 2875 et
2269 2824 2440 2893 capita
2470 2836 2697 2895 quatuor
2721 2831 2904 2887 bestia:
2927 2853 2939 2888 :
2963 2846 3017 2889 et
3044 2848 3277 2908 potestas
3303 2843 3423 2898 data

1853 2914 1935 2960 est
1955 2907 2047 2962 illi.
2082 2928 2103 2961 ι
2136 2910 2353 2981 Deinde,
2384 2916 2568 2988 inquit,
2615 2924 2839 2989 pardalis
2867 2943 2885 2979 :
2918 2928 3218 2986 Alexander
3252 2934 3426 2990 Mace-

1852 2996 2049 3098 donum
2080 3017 2193 3065 rex,
2216 3007 2307 3098 qui
2338 3015 2505 3063 totum
2533 3012 2714 3068 orbem
2734 3019 3044 3085 pervolavit.
3064 3022 3204 3079 Nihil
3227 3030 3424 3098 quippe

1851 3089 1945 3145 illo
1974 3092 2072 3148 fuit
2102 3096 2404 3163 terribilius,
2424 3118 2523 3157 nec
2546 3105 2809 3164 velocius:
2837 3122 2891 3165 at
2916 3114 3206 3172 vehemens
3226 3089 3340 3174 eral
3357 3089 3423 3176 ac

1851 3183 2015 3249 celer,
2030 3188 2183 3242 sicuti
2203 3189 2315 3244 haec
2330 3191 2515 3248 bestia.
2530 3195 2779 3267 Quatuor,
2800 3200 2983 3272 inquit,
3005 3208 3103 3261 alte
3117 3210 3329 3265 volucris
3344 3231 3423 3266 su-

1850 3293 1939 3346 per
1959 3295 2088 3333 eam.
2111 3280 2216 3335 Hoc
2231 3292 2332 3349 est,
2353 3300 2561 3340 omnem
2586 3293 2873 3358 potentiam
2892 3297 2991 3350 sibi
3013 3299 3269 3367 adjunxit.
3296 3304 3424 3359 Per-

1849 3384 1938 3424 sas
1963 3372 2103 3425 enim
2131 3374 2182 3427 in
2206 3375 2457 3430 tredecim
2492 3394 2653 3449 regna
2679 3382 2745 3437 ab
2773 3398 2831 3438 se
2858 3385 3056 3442 divisos
3082 3392 3179 3447 sibi
3198 3394 3422 3463 subjecit

1849 3461 2311 3521 universos.Vides
2334 3468 2473 3523 illius
2500 3471 2863 3527 celeritatem?
2884 3476 2949 3529 Et
2968 3493 3033 3531 ex
3053 3478 3235 3537 bestia:
3262 3461 3419 3540 natu-

1848 3570 1929 3622 ra,
1956 3565 2010 3611 et
2033 3573 2098 3611 ex
2125 3558 2242 3613 alis.
2273 3560 2591 3617 Universum
2613 3564 2795 3620 orbem
2829 3572 3108 3636 percurrit.
3139 3572 3203 3627 Et
3231 3578 3421 3646 capita,

1848 3646 2034 3717 inquit,
2049 3660 2265 3718 quatuor
2285 3652 2466 3706 bestiis.
2484 3654 2547 3707 Et
2567 3672 2776 3726 regnum
2804 3668 2849 3711 et
2876 3670 3092 3729 potestas
3117 3665 3235 3718 data
3258 3678 3329 3720 est
3354 3669 3419 3722 ei.

1848 3739 2050 3794 Dehinc
2088 3752 2262 3796 narrat
2292 3753 2494 3813 quarta:
2524 3745 2709 3802 bestiae
2733 3749 3015 3806 adventum
3043 3756 3419 3814 multiformem

1846 3839 1901 3883 et
1933 3831 2290 3901 omnigenum,
2328 3844 2380 3889 et
2410 3850 2514 3890 non
2547 3848 2720 3906 potest
2755 3840 2945 3897 all‘erre
2972 3846 3370 3904 similitudinem
3404 3871 3418 3906 :

1846 3922 1978 3977 adeo
2006 3922 2173 3977 bestia
2191 3924 2276 3978 illa
2301 3926 2515 3982 varians
2531 3938 2665 3985 erat.
2693 3932 2805 3985 Alia
2827 3934 3017 4004 quippe
3032 3940 3206 3992 omnia
3228 3941 3436 3997 devicit.

1852 4028 2034 4083 regna.
2075 4014 2297 4071 Cmteris
2339 4018 2551 4088 quidem
2592 4023 2831 4092 imperiis
2858 4041 2887 4079 a
2926 4028 3203 4085 velocitate
3250 4034 3420 4088 inerat

1845 4105 1927 4159 vis
1957 4123 1969 4158 :
1995 4104 2152 4174 hujus
2175 4122 2301 4161 vero
2325 4111 2570 4166 animalis
2596 4113 2738 4168 vires
2758 4116 2809 4170 in
2836 4116 3082 4174 dentibus
3105 4162 3118 4185 ,
3152 4123 3237 4192 qui
3261 4124 3419 4180 ferrei

1847 4206 2024 4251 erant.
2047 4196 2115 4251 Et
2137 4200 2327 4269 reliqua
2354 4204 2561 4271 pedibus
2584 4207 2690 4259 suis
2718 4210 3056 4264 conculcabat.
3083 4213 3240 4267 Multa
3267 4216 3421 4271 intel-

1845 4288 1958 4359 ligit
1986 4288 2141 4345 bella.
2181 4291 2404 4359 Quinam
2435 4304 2558 4348 sunt
2581 4296 2763 4351 decem
2791 4316 2943 4369 reges
2971 4303 2994 4355 ?
3029 4306 3169 4372 quod
3202 4323 3418 4375 parvum

1845 4381 2053 4435 cornu?
2078 4381 2191 4452 Ego
2213 4384 2298 4437 aio
2328 4386 2711 4442 Antichristum
2751 4392 2890 4446 inter
2914 4395 3116 4465 aliquot
3141 4414 3292 4468 reges
3320 4418 3419 4472 ap-

1846 4493 2053 4547 parere.
2081 4479 2147 4533 Et
2175 4481 2311 4534 oculi
2333 4524 2346 4545 ,
2376 4484 2520 4553 quasi
2547 4486 2680 4538 oculi
2700 4487 2915 4541 hominis
2934 4529 2949 4555 ,
2978 4492 3030 4543 in
3053 4509 3209 4547 cornu
3234 4497 3348 4564 isto,
3374 4508 3421 4551 et

1846 4588 1900 4624 os
1914 4573 2118 4643 loquens
2135 4572 2367 4643 grandia.
2387 4573 2521 4641 Quid
2542 4576 2683 4629 enim
2707 4577 2796 4631 illo
2818 4594 2910 4634 ore
2925 4583 3175 4649 grandius
3192 4601 3308 4641 esse
3326 4603 3420 4658 po-

1847 4671 1952 4717 test
1978 4662 2117 4732 quod
2147 4665 2408 4733 loquitur,
2442 4665 2614 4735 Supra
2642 4669 2887 4736 quidquid
2917 4673 3101 4726 dicitur
3130 4675 3263 4731 Deus
3284 4720 3297 4738 .
3334 4691 3421 4734 aut

1848 4770 2051 4817 numen,
2079 4756 2205 4809 adeo
2230 4765 2283 4808 ut
2307 4758 2359 4809 in
2388 4758 2574 4826 templo
2600 4758 2696 4812 Dei
2721 4762 2888 4815 sedeat
2910 4764 2987 4833 (2.
3018 4764 3193 4820 Thess.
3227 4768 3281 4823 2.
3318 4772 3373 4841 4)
3400 4774 3422 4824 2’

1847 4844 1901 4897 Si
1944 4857 2119 4899 autem
2173 4847 2311 4900 oculi
2358 4848 2605 4912 hominis,
2659 4866 2726 4904 ne
2765 4853 3011 4907 mireris:
3054 4858 3250 4911 etenim
3298 4861 3421 4914 talia

1850 4938 2102 5008 loquitur.
2130 4939 2300 4994 Homo
2345 4950 2426 4994 est
2467 4942 2541 5010 (2.
2569 4940 2744 4997 Thess.
2774 4946 2831 4998 2.
2858 4948 2935 5016 3),
2965 4949 3152 5018 inquit.
3187 4952 3292 5004 Cur
3323 4967 3418 5004 au-

1851 5038 1954 5081 tem
1980 5045 2143 5084 cornu
2174 5046 2426 5100 parvum,
2469 5041 2524 5086 et
2557 5050 2661 5086 non
2692 5036 2759 5089 ah
2791 5036 2941 5091 initio
2971 5056 3217 5109 magnum
3257 5057 3419 5110 appa-

1850 5121 2052 5176 ret?At
2072 5123 2292 5189 posthac
2313 5134 2545 5188 crescet,
2577 5136 2631 5180 et
2656 5130 3003 5196 quorumdam
3033 5146 3215 5200 regum
3246 5131 3421 5185 domi-

1850 5213 2077 5267 nabitur.
2123 5214 2258 5281 Quid
2291 5217 2490 5285 igitur?
2521 5217 2732 5273 Nullqu
2770 5236 2987 5291 regnum
3018 5226 3245 5295 excipiet
3282 5224 3424 5280 hunc

1850 5322 2029 5376 regem
2064 5326 2076 5359 :
2106 5309 2197 5361 sed
2226 5308 2370 5362 illum
2398 5311 2535 5364 Deus
2562 5313 3055 5380 ipsemetdissolvet
3076 5331 3138 5370 ac
3163 5317 3421 5371 destruet.

1850 5401 1903 5455 9.
1940 5419 1958 5451 4
1988 5401 2344 5469 Aspiciebam,
2368 5402 2537 5457 donec
2565 5406 2738 5458 throni
2762 5407 2915 5474 positi
2940 5419 3082 5474 sunt,
3105 5419 3152 5462 et
3178 5410 3428 5478 antiquus

1850 5491 2054 5546 dierum
2073 5492 2228 5545 sedit:
2248 5503 2301 5547 et
2321 5494 2694 5548 vestimentum
2718 5499 2834 5565 ejus
2854 5498 3133 5551 candidum
3151 5501 3286 5553 sicut
3309 5502 3423 5553 nix:

1850 5592 1904 5637 et
1932 5582 2154 5651 capillus
2192 5584 2382 5653 capitis
2413 5584 2529 5653 ejus
2570 5587 2716 5654 quasi
2762 5587 2881 5641 lana
2926 5587 3117 5640 munda
3154 5606 3167 5642 :
3205 5590 3427 5643 thronus

1851 5674 1966 5743 ejus
1993 5673 2200 5726 ﬂamma
2229 5674 2363 5743 ignis
2396 5693 2409 5728 :
2451 5684 2581 5728 rotae
2616 5675 2730 5742 ejus
2774 5678 2906 5746 ignis
2943 5676 3155 5732 ardens.
3186 5678 3272 5732 10.
3301 5679 3425 5734 Flu-

1852 5770 1970 5825 vius
2013 5767 2146 5837 ignis
2178 5766 2423 5822 manabat
2452 5766 2727 5837 egrediens
2753 5782 2781 5820 τι
2808 5784 2906 5823 con
2940 5776 3092 5838 pectu
3119 5769 3252 5840 ejus.
3284 5770 3425 5828 Mille
