4126 6294
660 418 761 475 251

659 531 824 586 millia
851 526 1221 583 ministrabant
1248 525 1296 580 ei
1321 566 1335 589 ,
1363 535 1413 578 et
1432 523 1569 577 dena
1599 522 1759 576 millia
1788 521 1985 576 denum
2014 520 2237 573 millium

662 622 982 677 assistebant
1015 631 1138 673 ante
1166 634 1311 673 eum.
1338 613 1601 672 Iudicium
1629 613 1803 673 sedit.
1838 621 1891 666 et
1918 611 2038 665 libri
2071 610 2239 678 aperti

661 722 806 768 sunt.
868 732 889 764 ι
935 709 1333 766 Contendamus
1380 707 1580 772 animo,
1621 705 1901 759 carissimi.
1940 702 2057 757 Non
2098 702 2240 756 enim

659 807 838 879 parvis
864 803 931 860 de
960 805 1117 858 rebus
1143 802 1334 871 agitur.
1367 798 1584 863 Throni,
1616 796 1819 867 inquit,
1844 796 1997 864 positi
2022 804 2169 858 sunt,
2195 800 2242 846 et

661 899 898 968 antiquus
926 896 1122 948 dierum
1156 891 1303 947 sedit.
1334 889 1466 957 Quis
1492 898 1573 943 est
1602 888 1746 942 iste?
1779 884 1946 942 Sicuti
1986 899 2106 939 cum
2145 898 2241 936 au-

662 990 806 1045 diisti
834 1002 1012 1041 ursum
1036 1027 1051 1049 ,
1084 998 1188 1037 non
1216 983 1284 1036 de
1308 997 1431 1035 urso
1465 980 1742 1049 cogitasti,
1773 988 1966 1032 etcum
1995 977 2239 1041 leaenam,

662 1099 769 1137 non
814 1079 866 1135 id
895 1078 1090 1133 animal
1127 1074 1509 1145 suspieaharis,
1540 1071 1634 1127 sed
1656 1086 1816 1142 regna
1847 1088 1862 1136 ;
1892 1079 1946 1124 et
1974 1085 2094 1124 eum
2123 1083 2240 1121 ma-

662 1191 754 1239 re,
783 1189 887 1229 non
915 1186 1061 1225 mare
1086 1210 1100 1233 ,
1127 1169 1221 1223 sed
1245 1167 1428 1222 orbem
1459 1174 1755 1228 terrarum,
1786 1165 1839 1217 in
1870 1163 1988 1217 aliis
2014 1163 2116 1216 alia
2146 1175 2242 1213 co-

661 1267 835 1335 gitans
867 1281 881 1317 ;
913 1264 983 1323 ita
1012 1271 1068 1315 et
1094 1276 1253 1315 nunc.
1282 1260 1545 1327 Antiquus
1574 1256 1780 1311 dierum
1808 1255 1931 1325 quid
1962 1264 2042 1308 est
2069 1253 2093 1305 ἵ
2119 1252 2242 1307 Seni

663 1357 873 1411 cuidam
896 1354 1084 1407 similis
1106 1361 1241 1407 erat.
1261 1350 1390 1404 Nam
1409 1349 1474 1402 ad
1498 1362 1624 1402 usus
1652 1363 1853 1409 rerum,
1877 1354 2095 1415 propter
2114 1358 2246 1413 quas

665 1453 904 1515 apparet,
935 1444 1169 1512 seipsum
1211 1440 1404 1496 format
1433 1457 1447 1496 :
1475 1448 1632 1507 atque
1658 1437 1744 1491 hic
1759 1435 1993 1491 ostendit
2029 1435 2246 1488 senibus

662 1536 854 1608 judicia
875 1550 993 1590 esse
1017 1532 1412 1588 committenda.
1441 1530 1592 1585 Sicut
1610 1529 1751 1583 enim
1780 1542 1899 1581 eum
1929 1525 2080 1580 audis
2102 1524 2248 1578 thro-

663 1645 789 1684 num
810 1669 826 1695 ,
852 1644 957 1683 non
984 1626 1286 1681 cathedram
1316 1623 1563 1690 intelligis
1595 1638 1608 1674 ε
1642 1634 1828 1675 verum
1855 1618 1973 1688 quis
2006 1616 2139 1671 adeo
2163 1615 2245 1669 vi-

665 1720 770 1776 lem
795 1734 857 1773 ac
884 1718 1152 1787 vulgarem
1182 1729 1396 1771 sensum
1418 1712 1700 1781 arriperet,
1727 1725 1847 1763 cum
1880 1718 1933 1763 et
1959 1706 2083 1762 alibi
2108 1707 2247 1760 Deus

664 1820 900 1866 armatus
944 1809 1204 1871 videatur,
1236 1814 1290 1859 et
1340 1804 1462 1858 alibi
1505 1810 1815 1858 cruentatus
1860 1800 1875 1868 (
1908 1800 2039 1867 Sap.
2069 1798 2124 1852 5.
2154 1799 2241 1851 18.

663 1902 790 1958 Isai.
810 1901 900 1957 65.
922 1900 1143 1971 3)?Hoc
1174 1900 1349 1967 itaque
1380 1896 1617 1949 indicare
1642 1894 1785 1955 vult,
1816 1901 2029 1961 tempus
2063 1888 2246 1959 judicii

662 2010 802 2050 esse.
837 1992 1196 2047 Vestimentum
1240 1991 1373 2061 ejus,
1402 1986 1545 2057 quasi
1572 1986 1681 2050 nix,
1721 1983 2012 2038 candidum.
2037 1980 2248 2048 Quare?

663 2087 924 2155 Quoniam
954 2101 1058 2139 non
1096 2082 1256 2138 modo
1295 2092 1504 2151 tempus
1527 2088 1609 2135 est
1635 2077 1817 2147 judicii
1844 2118 1860 2142 ,
1889 2075 1984 2131 sed
2018 2074 2251 2130 retribu-

663 2178 823 2233 tionis
852 2191 1060 2247 quoque
1085 2193 1099 2229 :
1127 2173 1376 2243 quoniam
1406 2180 1625 2225 cunctos
1651 2168 1748 2239 ipsi
1778 2167 1990 2222 adstare
2015 2175 2245 2235 oportet:

664 2269 910 2338 quoniam
951 2266 987 2320 Ι
992 2266 1210 2321 udicium
1244 2263 1415 2326 illius,
1460 2261 1662 2330 inquit,
1690 2260 1832 2340 quasi
1858 2258 1949 2312 tua:
1975 2258 2252 2328 egredietur

669 2361 835 2433 (Osee
861 2361 910 2414 6.
939 2361 971 2415 5
999 2360 1038 2429 ).
1071 2356 1271 2412 Deinde
1299 2354 1495 2409 Throni
1519 2353 1666 2423 positi
1694 2360 1831 2407 sunt.
1859 2351 2045 2405 Nonne
2072 2348 2250 2404 throni

664 2453 719 2509 in
766 2453 958 2524 quibus
1000 2450 1268 2513 Sedebitis,
1316 2448 1512 2518 inquit,
1542 2462 1692 2516 super
1741 2445 2005 2499 duodecim
2046 2444 2252 2497 thronos

670 2543 911 2614 (MatthJ
922 2543 975 2597 9.
992 2542 1109 2612 28)?
1125 2541 1186 2595 Et
1197 2540 1411 2611 capillus
1426 2539 1604 2604 capitis
1618 2539 1726 2608 ejus
1744 2538 1889 2607 quasi
1905 2537 2023 2590 lana
2038 2534 2247 2590 munda.

667 2635 809 2705 ignis
831 2633 961 2689 nihil
982 2632 1347 2695 consumebat,
1383 2628 1811 2699 quandoquidem
1835 2627 1972 2682 lenis
2000 2634 2134 2681 erat.
2155 2626 2250 2679 Vi-

668 2725 765 2781 des
788 2725 975 2781 faciem
1001 2732 1055 2779 et
1075 2723 1310 2778 habitum
1329 2721 1537 2777 civilem
1555 2735 1617 2775 ac
1634 2719 1983 2789 popularem?
2002 2718 2253 2772 Thronus

670 2816 921 2882 terrebat,
940 2814 1079 2885 quod
1102 2816 1222 2883 igne
1237 2812 1564 2876 abundaret;
1583 2821 1636 2865 et
1656 2826 1759 2866 non
1780 2811 1897 2880 igne
1916 2809 2250 2879 simpliciter,

672 2910 764 2966 sed
792 2910 913 2979 igne
934 2909 1173 2963 ardente.
1203 2906 1334 2961 Nam
1358 2921 1424 2959 ne
1442 2904 1804 2964 existimares,
1828 2917 1922 2971 per
1947 2901 2249 2957 similitudi-

670 3017 793 3058 nem
810 3003 998 3057 factam
1014 3015 1134 3055 esse
1153 2999 1623 3069 comparationem,
1642 2995 1842 3051 addidit
1860 2996 1994 3067 ignis
2016 2996 2156 3050 illius
2174 2993 2255 3050 ef-

670 3093 928 3154 ficaciam.
944 3108 1048 3146 non
1062 3092 1233 3147 solum
1251 3090 1425 3161 ignem
1439 3089 1639 3155 dicens,
1654 3089 1749 3145 sed
1768 3090 1940 3159 ignem
1953 3089 2225 3143 ardentem
2235 3127 2249 3142 .

670 3183 879 3239 Flavius
896 3184 1025 3253 ignis
1042 3181 1276 3236 manabat
1291 3198 1323 3234 a
1339 3191 1604 3250 conspectu
1618 3181 1745 3250 ejus.
1765 3180 1909 3234 Mille
1924 3181 2085 3234 millia
2097 3180 2252 3234 mini-

668 3275 895 3331 strabant
920 3275 966 3329 ei
986 3316 1002 3339 ,
1034 3284 1079 3329 et
1117 3273 1247 3329 dena
1285 3274 1446 3327 millia
1483 3273 1667 3325 denum
1704 3272 1922 3326 millium
1953 3271 2249 3327 assistebant

670 3377 787 3423 ante
813 3383 926 3421 eum
948 3364 1047 3439 (a).
1088 3365 1348 3421 Judicium
1374 3364 1520 3419 sedit.
1564 3363 1677 3418 Hoc
1701 3370 1785 3418 est
1806 3404 1821 3427 ,
1853 3362 1975 3418 ideo
2003 3362 2251 3428 advenit,

671 3469 730 3515 ut
750 3459 1007 3530 judicium
1031 3458 1264 3513 daretur.
1291 3456 1353 3512 Et
1378 3457 1491 3510 libri
1513 3455 1675 3525 aperti
1696 3464 1813 3509 sunt
1838 3453 1999 3522 (Dan.
2024 3455 2111 3510 15.
2135 3454 2250 3525 η).

675 3550 811 3620 Quid
843 3549 960 3604 ais?
992 3550 1139 3604 libris
1180 3549 1320 3605 Deus
1347 3548 1576 3617 indiget,
1613 3547 1712 3611 Qui
1742 3546 1912 3600 omnia
1952 3547 2085 3600 novit
2114 3556 2257 3600 ante-

670 3659 821 3713 quam
846 3642 1013 3712 ﬁant?
1039 3641 1139 3707 Qui
1162 3641 1307 3709 ﬁnxit
1326 3640 1587 3710 sigillatim
1606 3638 1763 3693 corda
1781 3655 1952 3693 eorum
1975 3639 2141 3710 (Psal.
2161 3638 2252 3694 52.

674 3733 804 3803 i5)?
832 3733 934 3790 Sed
960 3734 1108 3800 juxta
1138 3730 1577 3787 consuetudinem
1608 3731 2010 3801 magistratuum
2041 3737 2257 3787 nostro-

674 3842 792 3880 rum
820 3826 1082 3894 loquitur;
1119 3834 1174 3879 ct
1200 3825 1277 3878 sic
1300 3833 1418 3879 acta
1445 3822 1575 3878 fiunt
1602 3822 1740 3892 apud
1772 3836 1891 3878 nos.
1936 3822 2084 3878 Sicut
2110 3823 2255 3878 enim

673 3925 791 3971 acta
820 3930 925 3969 non
953 3915 1073 3969 ideo
1103 3915 1367 3984 leguntur,
1396 3923 1453 3969 ut
1479 3914 1815 3985 magistratus
1839 3915 2011 3969 solum
2033 3914 2258 3970 edocea-

616 4016 624 4029 '
677 4018 795 4071 tur,
826 4006 921 4061 sed
948 4006 1106 4060 etiam
1133 4015 1189 4060 ut
1211 4014 1462 4075 appareat
1484 4006 1683 4075 justum
1712 4021 1833 4062 esse
1851 4006 2107 4075 judicium
2139 4023 2152 4059 :
2186 4006 2258 4061 ita

678 4106 734 4153 et
761 4106 885 4151 tunc
906 4097 1103 4151 evenit.
1135 4096 1265 4150 Nam
1292 4096 1417 4152 hcet
1442 4097 1583 4153 Deus
1606 4097 1739 4153 sciat
1758 4113 1818 4152 se
1834 4098 1978 4166 juste
1997 4097 2256 4166 judicare,

677 4198 910 4245 attamen
940 4189 1105 4245 libros
1131 4190 1321 4259 aperit.
1354 4187 1517 4259 Cujus
1546 4190 1623 4246 rei
1650 4191 1858 4260 gratia?
1900 4191 2036 4257 Quid
2061 4192 2141 4246 ais
2159 4232 2175 4257 ,
2206 4199 2262 4247 et

679 4282 807 4353 quid
829 4282 920 4337 tibi
944 4282 1059 4337 vis?
1084 4282 1192 4337 Cur
1211 4297 1315 4337 non
1338 4283 1553 4352 praemia
1578 4299 1787 4354 quoque
1808 4284 1976 4339 dixit?
1996 4287 2066 4340 At
2089 4285 2259 4341 dixit:

682 4373 874 4428 τιν’οηὶ
891 4374 1038 4444 positi
1053 4382 1169 4428 sunt
1182 4389 1202 4438 ;
1215 4372 1641 4443 quandoquidem
1660 4374 1800 4430 Deus
1814 4384 1866 4430 et
1885 4375 1973 4429 illa
1990 4375 2259 4432 deﬁnivit:

680 4474 959 4536 postquam
986 4478 1112 4520 vero
1138 4480 1237 4520 nos
1258 4480 1364 4520 non
1394 4465 1684 4530 audiimus,
1708 4475 1833 4521 tunc
1853 4467 2182 4538 punitionem
2208 4477 2265 4525 et

744 4620 817 4683 (a)
847 4627 1083 4684 numerus
1102 4628 1269 4671 certus
1289 4622 1603 4684 proiincerto.
1630 4628 1786 4680 Quare
1817 4621 1923 4684 haec
1954 4622 2106 4684 verba
2130 4623 2263 4673 varie

681 4683 746 4732 ab
767 4682 990 4731 Ecclesiae
1024 4682 1306 4732 doctoribus
1335 4683 1478 4732 allata
1518 4684 1771 4741 invenies,
1797 4690 1842 4731 S.
1870 4683 2057 4732 Irenaeo
2079 4683 2163 4733 lib.
2199 4686 2263 4743 2,

681 4744 844 4817 caput}
861 4780 876 4804 ,
897 4744 1191 4817 Tertulliani;
1211 4745 1444 4817 adversus
1466 4753 1701 4817 eratiram.
1715 4758 1818 4817 cap.
1845 4746 1893 4817 §,
1919 4745 2127 4817 Auctore
2152 4747 2264 4796 libri

682 4807 743 4855 ad
782 4807 1087 4871 Novatiautnn
1123 4806 1442 4871 inter__0pera
1481 4814 1526 4855 s.
1554 4806 1820 4871 Cypriani,
1845 4807 2048 4855 Eusebio
2086 4813 2260 4871 Evaug.

684 4876 895 4932 Prtepar.
916 4866 997 4914 lib.
1023 4869 1072 4924 7,
1093 4880 1197 4928 cap.
1226 4868 1298 4926 15,
1325 4866 1473 4930 atque
1497 4866 1649 4932 etiam
1665 4875 1711 4932 Β.
1730 4867 2063 4932 ChrySOstomo
2081 4866 2267 4918 Homf6

682 4928 850 4979 contra
871 4928 1157 4987 Anomwos;
1181 4942 1273 4977 nec
1294 4928 1406 4979 non“
1422 4932 1471 4977 in
1493 4928 1880 4980 Ordinationibus
1913 4932 2260 4981 Maronitarum.

683 4992 748 5041 At
770 4992 1013 5053 Editiones
1042 4998 1087 5038 S.
1127 4991 1399 5053 Hieronymi
1436 4991 1495 5053 ad
1536 4992 1664 5040 hunc
1696 4990 1853 5053 locum
1891 4994 2075 5042 vitiosae
2110 5000 2261 5043 sunt:

686 5051 881 5119 Impleat
913 5058 1073 5119 autem
1093 5048 1370 5119 angelorum
1391 5050 1599 5119 ofﬁcium
1619 5060 1690 5119 est
1709 5066 1728 5102 :
1764 5052 1971 5102 aliorum
2007 5054 2090 5119 qui
2115 5055 2266 5119 justis

684 5112 888 5177 praemia
910 5113 1153 5177 tribuunt;
1171 5112 1377 5177 aliorum
1399 5112 1483 5175 qui
1503 5114 1935 5177 singulisprazsunt
1953 5112 2262 5167 cruciatibus.

684 5175 832 5226 Nemo
856 5188 954 5241 non
978 5175 1112 5224 videt
1147 5175 1459 5241 scribendum
1480 5175 1609 5235 esse,
1630 5175 1922 5241 civitatibus,
1947 5186 2000 5227 ut
2023 5184 2075 5225 et
2098 5187 2265 5241 postea

681 5239 899 5301 comperi
924 5236 1404 5301 legeregsr.__'rhomam
1430 5238 1479 5301 in
1502 5240 1807 5299 Exposuione
1831 5240 1880 5288 in
1906 5239 2032 5288 hunc
2051 5236 2265 5301 prophe-

684 5255 899 5301 comperi
924 5255 1097 5299 tegere
1119 5255 1162 5308 ἢ.
1177 5255 1404 5310 ,ιυρωῑιιιι
1431 5255 1479 5308 Ill
1502 5255 1812 5311 ιιξροδιιιυιιε.
1831 5255 1893 5311 In.
1906 5255 2032 5288 nunc
2051 5255 2264 5349 ΡΓΟΕΙΙΘ·

684 5307 800 5361 tam.
825 5308 969 5348 Porro
991 5298 1217 5348 notabilis
1255 5311 1489 5359 imprimis
1522 5300 1843 5361 discrepantia
1880 5309 2009 5351 inter
2033 5307 2081 5348 Β.
2106 5310 2139 5350 'r
2178 5316 2264 5351 eo-

684 5360 912 5425 doretum
937 5369 989 5425 et
1022 5368 1067 5425 SA.
1095 5361 1319 5409 Thomam
1337 5398 1357 5425 ,_
1376 5374 1466 5409 seu
1486 5360 1727 5425 potiusis.
1763 5365 2049 5425 Dionysium,
2074 5364 2122 5411 in
2146 5367 2266 5413 assi-

685 5424 875 5481 gnanda
927 5422 1162 5531 dignitate
1216 5421 1533 5483 angelorum,
1589 5424 1672 5486 qui
1727 5421 2031 5481 ministrant,
2088 5434 2140 5475 et
2182 5429 2265 5488 qui

685 5489 931 5531 assistunt.
1013 5487 1043 5531 b
1074 5492 1283 5531 utrouue
1318 5484 1542 5531 dissentit
1575 5493 1619 5531 s.
1656 5488 1915 5531 Greaorius
1951 5490 2265 5531 Panazcuius

685 5484 1043 5548 assistunt._Ab
1074 5484 1542 5548 utroque__dissentit
1575 5484 1619 5533 s;
1656 5488 1915 5548 Gregorius
1950 5494 2105 5548 Papa;
2129 5484 2267 5548 cujus

684 5546 897 5611 opinioni
936 5544 1066 5594 favet
1098 5543 1246 5611 vetjis
1276 5543 1503 5595 Clemens
1535 5543 1775 5611 Romanus
1792 5549 1837 5595 in
1864 5543 2064 5611 Epistola
2089 5543 2145 5596 ad
2172 5543 2262 5599 Co-

687 5607 891 5672 rinthios
910 5606 1395 5672 {Museum-Clemens
1428 5616 1604 5672 autem,
1627 5610 1676 5657 in
1699 5606 2130 5672 Constitutionibus
2150 5624 2267 5672 apo-

683 5666 1003 5735 stolicis,'lii_).
1035 5670 1095 5725 8,
1127 5682 1232 5731 cap.
1267 5668 1359 5735 12,
1386 5681 1414 5716 a
1446 5670 1751 5735 Theodoreto
1772 5680 1869 5720 stat
1892 5685 1903 5718 :
1929 5670 2018 5720 sed
2040 5670 2104 5721 de
2126 5666 2270 5724 variis

684 5729 809 5793 circa
831 5729 1033 5793 angelus
1063 5729 1323 5779 sententiis
1354 5732 1585 5793 praeclare
1618 5734 1815 5781 disserit
1838 5740 2045 5781 Joannes
2064 5735 2270 5785 itorinus

685 5786 745 5893 :3
766 5789 1097 5896 (ἐὲῗὲιῖοῑίοηθε
1131 5786 1368 5857 Syriacas:
1399 5799 1528 5857 Lege
1560 5796 1817 5858 Origenem
1849 5795 1908 5843 ad
1935 5807 2041 5856 cap.
2066 5797 2098 5844 5
2119 5798 2266 5859 Epist.

1369 410 1425 466 S.
1465 408 1742 465 JOANNIS
1778 405 2251 464 CilRYSOSTOMl
2288 401 2605 461 ARCIIIEP.
2646 401 3174 459 CONSTANTlNOP.

3826 405 3930 461 252

2350 518 2663 587 supplicium
2697 518 2927 571 minatus
2954 527 3056 571 est.
3088 518 3150 572 Et
3176 534 3354 573 nonne
3374 518 3530 574 nobis
3550 523 3687 574 hanc
3711 519 3932 588 primam

2349 624 2534 663 vocem
2558 609 2773 663 emisit?
2802 607 3001 663 Exinde
3023 611 3190 679 erepit,
3217 611 3404 679 inquit,
3429 613 3710 680 praedicare
3724 628 3932 683 regnum

2348 697 2587 751 calorum
2616 697 2826 769 (Matth.
2858 701 2912 753 4.
2954 701 3062 768 17).
3090 700 3233 754 Nihil
3262 716 3581 770 corporeum
3607 705 3896 771 suspiceris
3918 746 3935 771 ,

2349 788 2559 853 dilecte,
2589 804 2689 844 nec
2715 791 2987 845 existimes
3012 786 3174 846 Deu'm
3193 834 3207 857 ,
3236 793 3325 863 qui
3357 793 3647 850 immensus
3670 803 3773 863 est,
3802 799 3935 853 solio

2350 895 2469 935 esse
2494 882 2773 935 inclusum.
2817 882 2950 937 Nam
2991 884 3037 938 si
3075 883 3143 938 In
3167 902 3324 939 manu
3350 886 3459 956 ejus
3484 897 3603 941 sunt
3636 890 3763 954 ﬁnes
3789 899 3938 945 terra

2352 971 2522 1039 (Psal.
2553 973 2642 1028 94.
2661 974 2716 1044 4)
2741 991 2754 1025 :
2780 975 2825 1028 si
2854 973 3055 1028 Montes
3080 977 3254 1029 statuit
3278 985 3464 1030 statera
3484 994 3507 1032 .°
3527 978 3573 1032 si
3601 977 3788 1034 Omnes
3808 996 3935 1051 gen-

2353 1070 2425 1115 tes
2452 1065 2597 1131 quasi
2620 1065 2779 1118 saliua
2806 1066 2859 1118 in
2888 1075 3154 1137 conspectu
3191 1069 3300 1137 ejus
3342 1080 3589 1139 reputate
3624 1080 3742 1124 sunt
3763 1114 3776 1135 ,
3807 1083 3855 1125 et
3891 1074 3934 1127 si

2350 1163 2530 1208 cuncta
2568 1156 2694 1210 sicut
2735 1158 2897 1225 puluis
2934 1175 3107 1213 coram
3147 1176 3205 1214 eo
3248 1160 3268 1229 (
3290 1160 3417 1215 Isai.
3448 1162 3537 1216 41).
3569 1162 3831 1234 12.15),
3878 1174 3935 1220 ut

2352 1246 2465 1315 ipse
2492 1247 2565 1300 ait
2592 1264 2605 1299 :
2636 1249 2754 1317 quis
2782 1249 2927 1303 locus
2955 1259 3123 1305 totum
3159 1253 3316 1306 simul
3344 1252 3799 1322 comprehendere
3843 1270 3937 1322 po-

2352 1338 2514 1391 terit?
2541 1337 2646 1393 Sed
2676 1340 2842 1409 quid?
2868 1341 2977 1396 Res
3002 1358 3107 1396 non
3136 1343 3205 1397 ita
3229 1358 3287 1397 se
3314 1343 3473 1398 habet
3503 1363 3514 1397 :
3545 1345 3680 1398 solio
3710 1361 3817 1400 non
3850 1347 3928 1401 ius

2351 1430 2581 1484 cluditur
2609 1431 2767 1485 Deus.
2799 1431 2854 1487 Si
2891 1445 3067 1488 autem
3110 1434 3484 1489 vestimentum
3513 1434 3772 1499 habebat,
3802 1452 3931 1505 quo-

2351 1521 2511 1575 modo
2559 1522 2692 1591 ignis
2738 1522 2868 1578 illud
2915 1539 3021 1579 non
3069 1526 3441 1595 consumpsit?
3486 1537 3540 1581 et
3580 1541 3683 1596 qua
3731 1529 3938 1583 ratione

2348 1615 2616 1686 Autiquus
2632 1614 2837 1676 dierum
2862 1615 3055 1671 dicitur
3084 1618 3173 1672 ille
3196 1657 3212 1684 ,
3246 1620 3335 1686 qui
3374 1627 3498 1674 ante
3536 1619 3713 1674 omnia
3742 1622 3940 1675 saecula

2352 1705 2589 1759 exstitit?
2607 1721 2712 1776 quo
2730 1715 2884 1775 pacto
2899 1716 3071 1762 autem
3090 1715 3143 1762 et
3162 1709 3443 1777 antiquus?
3462 1709 3543 1763 Tu
3561 1712 3724 1777 enim,
3746 1713 3939 1782 inquit,

2350 1794 2482 1848 idem
2503 1796 2611 1866 ipse
2634 1813 2685 1850 es
2706 1796 2878 1867 (Psal.
2909 1798 3031 1853 101.
3056 1799 3170 1869 28).
3201 1798 3309 1854 Cur
3336 1801 3492 1871 igitur
3515 1805 3781 1873 antiquus,
3815 1819 3942 1859 cum

2351 1884 2560 1943 dieatur
2589 1885 2696 1940 :Et
2734 1891 2856 1942 anni
2898 1890 2970 1942 tui
3008 1906 3110 1944 non
3135 1891 3367 1959 deﬁcient
3397 1892 3625 1964 (lbid.)?
3666 1894 3767 1962 Qui
3810 1910 3944 1949 vero

2352 1977 2723 2033 vestimentum
2744 1995 2953 2051 quoque
2975 1980 3136 2036 fuerit
3159 1984 3298 2038 circa
3325 1984 3640 2040 immensum
3666 2002 3731 2042 ac
3760 1987 3947 2042 incor-

2351 2086 2571 2140 poreum
2590 2072 2613 2127 ?
2634 2072 2837 2128 Etenim
2856 2075 3217 2144 magnitudinis
3236 2079 3365 2147 ejus,
3392 2078 3579 2149 inquit,
3605 2096 3707 2133 non
3726 2091 3800 2134 est
3820 2082 3946 2150 ﬁnis

2353 2161 2525 2230 (Psal.
2556 2164 2679 2221 144.
2709 2165 2788 2235 5).
2822 2165 2891 2220 Ει
2915 2181 3097 2222 rursus
3125 2186 3138 2221 :
3170 2168 3230 2224 Si
3259 2172 3529 2224 escendero
3552 2174 3606 2225 in
3630 2173 3814 2227 celum
3840 2216 3855 2240 ,
3891 2186 3946 2228 tu

2350 2256 2457 2309 illic
2485 2274 2573 2321 es;
2597 2260 2642 2311 si
2666 2260 2966 2314 descendere
2987 2262 3043 2315 in
3065 2262 3335 2332 infernum.
3360 2264 3481 2318 ades
3500 2264 3668 2336 (Psal.
3698 2268 3825 2323 151.
3858 2266 3944 2339 8).

2353 2349 2632 2417 Quomodo
2653 2352 2812 2421 igitur
2832 2362 2978 2408 veste
3002 2354 3538 2411 circumscribebatur
3562 2358 3815 2419 humana.
3841 2375 3947 2414 nec

2354 2440 2497 2493 illam
2536 2442 2926 2497 consumebat?
2965 2444 3033 2497 At
3079 2460 3206 2499 vero
3243 2454 3298 2499 et
3336 2447 3437 2501 alia
3466 2448 3725 2516 ejusmodi
3767 2451 3947 2504 multa

2356 2530 2541 2586 videre
2566 2548 2628 2587 ac
2657 2533 2833 2604 legere
2872 2544 3077 2602 poterat
3117 2537 3394 2607 propheta.
3441 2540 3719 2607 Quomodo
3755 2554 3948 2598 autem

2355 2623 2532 2691 capilli
2562 2623 2613 2677 in
2645 2625 2765 2694 igne
2793 2641 2896 2680 non
2923 2629 3376 2684 absumebantur?
3407 2631 3629 2701 Propter
3652 2632 3751 2688 hoc
3771 2634 3948 2704 siqui-

2354 2715 2474 2771 dem
2500 2717 2758 2785 subjecit:
2785 2718 3017 2774 Tltronus
3039 2723 3149 2791 ejus
3169 2724 3301 2793 ignis
3320 2724 3521 2779 ardens.
3555 2725 3619 2779 Et
3643 2726 3758 2780 libri
3774 2738 3948 2796 apem

2354 2817 2489 2862 sunt.
2525 2807 2595 2863 Ut
2620 2809 2708 2865 illc
2735 2810 2825 2880 qui
2855 2810 3168 2876 damnatur,
3196 2830 3293 2868 suo
3317 2815 3416 2869 sibi
3436 2816 3638 2884 judicio
3681 2819 3949 2874 condem-

2357 2908 2535 2953 netur.
2566 2901 2653 2954 11.
2690 2919 2709 2952 ι
2737 2903 3068 2970 Aspiciebam
3097 2913 3221 2958 tunc
3245 2920 3274 2958 a
3295 2920 3425 2961 voce
3450 2922 3755 2961 sermonum
3782 2924 3949 2978 gran-

2355 2992 2521 3056 dium,
2550 3009 2686 3064 quos
2712 3011 2876 3050 cornu
2906 2996 3034 3050 illud
3066 2997 3396 3067 loquebatur.
3425 3001 3736 3068 Spectabam
3765 3002 3951 3057 donec

2359 3083 2633 3140 interfecta
2648 3096 2727 3141 est
2741 3087 2904 3141 bestia
2920 3088 3026 3148 illa,
3045 3092 3099 3138 et
3112 3087 3292 3154 periit,
3306 3089 3402 3144 iob
3414 3091 3947 3161 magniloquentiam.

2357 3175 2687 3246 Quamquam
2729 3178 3030 3234 Alexander
3072 3180 3234 3234 Deum
3282 3181 3541 3236 adoravit.
3589 3203 3610 3234 ι
3647 3184 3714 3237 Ει
3742 3201 3953 3255 corpus

2357 3268 2474 3336 ejus
2492 3267 2672 3322 datum
2694 3278 2775 3324 est
2796 3269 2845 3323 in
2869 3270 3287 3326 combustionem
3321 3272 3474 3342 ignis.
3507 3273 3592 3326 12.
3620 3274 3683 3328 Et
3703 3276 3953 3346 reliqua-

2358 3377 2476 3416 rum
2498 3362 2784 3417 bestiarum
2809 3364 3093 3418 translatus
3114 3374 3194 3419 est
3216 3366 3538 3435 principatus
3560 3387 3572 3422 :
3592 3378 3646 3422 et
3666 3368 3957 3438 longitudo

2359 3456 2482 3509 vitae
2502 3455 2623 3509 data
2650 3463 2731 3508 est
2749 3455 2827 3510 eis
2851 3470 3017 3525 usque
3043 3455 3109 3509 ad
3136 3465 3344 3525 tempus
3365 3467 3418 3511 et
3439 3467 3669 3527 tempus.
3700 3477 3718 3510 ι
3743 3460 3957 3528 Quam-

2360 3548 2441 3603 vis
2459 3548 2616 3603 iinem
2637 3548 2932 3614 habuerint,
2952 3558 3184 3605 attamen
3204 3550 3304 3604 hoc
3321 3552 3513 3605 factum
3530 3562 3631 3606 est.
3652 3550 3719 3605 Et
3735 3554 3959 3607 combu-

2358 3651 2437 3695 sta
2457 3651 2526 3694 est
2556 3641 2785 3705 bestia,et
2798 3657 2978 3711 corpus
2999 3643 3136 3696 illius
3156 3644 3269 3712 igne
3295 3644 3636 3717 absumptum.
3682 3644 3960 3700 Fundin

2360 3735 2584 3804 periisse
2606 3734 2862 3790 declarat.
2893 3735 2981 3790 15.
3014 3735 3326 3804 Aspiciebam
3361 3737 3413 3790 in
3448 3738 3635 3791 visione
3662 3739 3867 3803 noctis,
3911 3747 3962 3792 et

2360 3844 2475 3883 ecce
2511 3844 2625 3882 cum
2667 3827 2877 3883 nubibus
2917 3829 3029 3883 creti
3063 3829 3206 3899 quasi
3248 3827 3415 3882 Filius
3455 3830 3671 3895 hominis
3695 3830 3958 3884 veniebat.

2361 3921 2491 3987 Quis
2516 3923 2631 3975 haec
2654 3921 2901 3991 ignorat?
2928 3921 3045 3991 quis
3070 3921 3370 3991 perspicere
3396 3922 3629 3991 poterit?
3650 3938 3778 3976 num
3803 3923 3967 3979 enim

2361 4014 2552 4070 Petrus
2579 4022 2663 4069 est
2692 4014 2784 4085 qui
2812 4014 2910 4067 ista
2939 4013 3099 4077 dicit,
3139 4028 3172 4067 o
3199 4013 3422 4068 Judace?
3460 4029 3584 4068 num
3612 4012 3861 4069 Paulus?
3890 4013 3968 4068 Et

2361 4122 2493 4170 ecce,
2519 4106 2708 4176 inquit,
2737 4104 2881 4175 quasi
2915 4103 2964 4157 F
2965 4105 3083 4158 ilius
3107 4105 3322 4159 hominis
3348 4104 3588 4170 veniebat,
3616 4114 3663 4157 et
3689 4121 3860 4174 usque
3891 4107 3972 4161 ad

2363 4198 2626 4264 antiquum
2647 4197 2841 4250 dierum
2861 4197 3099 4265 pervenit.
3134 4196 3271 4251 Ecce
3294 4206 3348 4252 et
3374 4212 3469 4266 par
3492 4196 3721 4267 dignitas
3747 4198 3975 4253 utrius-

2363 4303 2486 4358 que.
2516 4287 2585 4341 Et
2607 4289 2661 4341 in
2690 4298 2957 4357 conspectu
2983 4289 3091 4357 ejus
3118 4288 3313 4342 oblatus
3336 4299 3407 4343 est
3430 4289 3525 4342 illi.
3557 4288 3625 4343 Ut
3650 4303 3775 4343 cum
3805 4290 3976 4346 vide-

2364 4382 2441 4436 ris
2468 4382 2565 4451 ipsi
2593 4396 2813 4452 regnum
2842 4381 2996 4446 tradi,
3026 4381 3178 4448 illud,
3210 4382 3364 4446 tradi,
3392 4380 3626 4437 humano
3650 4383 3824 4438 modo
3854 4400 3975 4441 non

2365 4488 2585 4529 censeas
2627 4473 3011 4543 accipiendum.
3057 4472 3188 4527 Nam
3219 4475 3262 4526 A
3290 4472 3504 4528 nubibus
3543 4474 3654 4528 cteli
3675 4515 3691 4540 ,
3728 4476 3926 4547 inquit
3956 4492 3975 4531 :

2367 4566 2538 4621 nubes
2576 4575 2751 4620 autem
2792 4580 2891 4634 pro
2930 4564 3062 4619 caelo
3103 4580 3316 4621 sumere
3350 4566 3488 4621 solet
3515 4565 3822 4636 Scriptura.
3876 4571 3977 4627 14.

2370 4674 2391 4708 α
2425 4658 2491 4711 Ει
2519 4657 2615 4727 ipsi
2644 4657 2798 4712 datus
2819 4664 2901 4712 est
2926 4656 3269 4726 principatus,
3300 4666 3354 4711 et
3381 4656 3572 4721 honor,
3601 4666 3655 4712 et
3681 4672 3933 4728 regnum
3960 4679 3979 4716 :

2367 4757 2419 4803 et
2447 4763 2634 4803 omnes
2665 4748 2841 4818 populi
2867 4789 2881 4812 ,
2909 4748 3078 4802 tribus
3103 4787 3118 4812 ,
3147 4748 3340 4817 linguae
3369 4748 3469 4817 ipsi
3501 4749 3761 4804 servient.
3800 4751 3982 4807 Pote-

2366 4848 2475 4894 stas
2505 4840 2620 4908 ejus
2648 4848 2885 4909 potestas
2912 4848 3110 4894 aaterna
3136 4881 3151 4907 ,
3197 4855 3315 4909 qua:
3350 4856 3456 4895 non
3485 4843 3846 4910 pertransibit
3865 4885 3884 4912 ,
3928 4856 3988 4901 et

2366 4947 2588 5002 regnum
2633 4933 2749 5002 ejus
2776 4948 2882 4988 non
2920 4944 3310 5003 corrumpetur.
3348 4952 3369 4987 ι
3401 4934 3537 5002 Quid
3562 4976 3578 4999 ,
3614 4951 3813 5006 quae-so
3841 4977 3862 5004 ,
3897 4940 3990 4994 his

2366 5024 2542 5079 verbis
2580 5024 2948 5079 manifestius?
2991 5023 3059 5077 Et
3097 5040 3267 5079 omnes
3306 5026 3502 5096 populi,
3534 5025 3728 5096 inquit,
3768 5029 3987 5097 tribus,

2368 5114 2557 5185 lingua:
2600 5116 2699 5183 ipsi
2741 5122 2971 5169 serrient.
3017 5115 3151 5171 Vide
3193 5125 3250 5169 ut
3296 5130 3507 5171 onmem
3547 5116 3693 5170 orbis
3742 5130 3991 5188 gentem

2367 5208 2678 5275 complexus
2703 5208 2789 5263 sit.
2821 5208 2953 5261 Vide
2978 5217 3034 5261 ut
3060 5216 3113 5263 et
3131 5206 3324 5276 judicis
3347 5207 3612 5277 acceperit
3636 5206 3895 5264 tribunal
3923 5226 3994 5266 ac

2370 5309 2704 5369 potestatem.
2733 5298 2807 5353 Ne
2832 5301 2973 5353 enim
3005 5298 3053 5352 id
3085 5312 3203 5353 esse
3234 5299 3612 5366 temporarium
3644 5299 3993 5368 existimes,

2368 5392 2442 5444 ait
2472 5409 2485 5444 :
2519 5391 2645 5457 Qua:
2683 5408 2782 5443 non
2821 5390 3142 5457 pertransibit
3179 5404 3199 5443 :
3236 5400 3283 5443 et
3309 5405 3518 5459 regnum
3548 5389 3684 5442 illius
3717 5406 3837 5445 non
3866 5409 3997 5447 cor-

2368 5493 2630 5553 rumpetur
2657 5498 2675 5535 :
2700 5482 2793 5535 sed
2821 5490 2923 5535 stat
2950 5497 3012 5535 ac
3040 5489 3239 5535 manet.
3274 5480 3425 5547 Quod
3455 5481 3499 5534 si
3532 5481 3691 5535 fidem
3729 5498 3853 5539 non
3888 5485 3997 5540 ba-

2370 5575 2464 5629 bes
2485 5620 2499 5638 ,
2530 5592 2557 5627 a
2586 5576 2745 5629 rebus
2774 5575 3115 5644 persuadere.
3146 5573 3305 5628 Vides
3340 5574 3697 5643 aequalitatem
3742 5574 3997 5634 honoris

2368 5684 2488 5723 cum
2522 5668 2716 5722 Patre?
2756 5667 2887 5721 Nam
2914 5667 3037 5736 quia
3072 5665 3240 5721 Filius
3279 5674 3397 5734 post
3426 5665 3634 5719 Patrem
3665 5671 3953 5736 apparuit
3978 5712 3998 5735 ,

2370 5771 2586 5831 propter
2613 5760 2715 5813 hoc
2743 5760 2816 5813 ait
2843 5773 2963 5814 etim
2991 5757 3200 5813 venisse
3229 5772 3350 5811 cum
3378 5757 3625 5811 nubibus.
3672 5756 3855 5825 Quod
3890 5776 4001 5817 au-

2376 5861 2483 5907 tem
2513 5850 2766 5908 existeret
2792 5858 2845 5905 et
2873 5858 3049 5919 antea,
3075 5849 3271 5904 clarum
3300 5859 3383 5904 est
3411 5862 3477 5903 ex
3519 5845 3649 5917 ipsis
3680 5849 3950 5911 nubibus
3976 5875 3992 5911 :
