4054 6320
229 330 318 389 231

228 447 410 514 πυρὸς
440 441 647 501 εἷλκεν
686 449 1157 518 ἐκπορευόμενος
1195 450 1535 519 ἔμπροσθεν
1574 448 1781 503 αὑτοῦ.

228 535 413 587 Χίλιαι
459 534 731 602 χιλιάδες
781 537 1200 606 ἐλειτούργουν
1235 536 1416 602 αὐτῷ,
1446 536 1544 589 καί
1582 537 1784 605 μύριαι

221 622 501 691 μυριάδες
531 625 1043 693 παρειστήκεισαν
1062 628 1401 695 ἔμπροσθεν
1423 625 1629 680 αὑτοῦ.
1647 628 1782 693 Κρι-

225 711 420 782 τήριον
437 712 702 777 ἐκάθισε,
721 714 816 767 καὶ
837 714 1039 776 ,βίϐλοι
1061 712 1470 782 ἀνεῴχθησαν.
1497 713 1784 766 Συντείνω-

226 822 317 874 μεν
344 804 447 874 τὴν
476 803 741 868 διάνοιαν,
770 803 1059 875 ἀγαπητοί.
1093 804 1167 857 Οὐ
1202 803 1310 875 γὰρ
1350 804 1477 873 περὶ
1512 802 1721 872 μικρῶν
1753 802 1782 854 ό

222 895 368 961 λόγος
412 894 550 947 ἐστί.
586 895 826 961 Θρόνοι,
867 894 1052 963 φησὶν,
1085 892 1397 959 ἐτέθησαν,
1445 893 1545 946 καὶ
1584 896 1617 947 ό
1665 898 1782 949 Ila-

430 982 668 1053 ἡμερῶν
709 983 984 1050 ἐκάθητο.
1038 981 1133 1046 Τίς
1170 985 1317 1036 ἔστιν
1350 979 1537 1047 οὖτοςς
1570 984 1779 1055 Ὥσπερ

219 1070 451 1133 ἀκούσας
480 1070 669 1142 ἄρκον,
702 1072 803 1124 οὐκ
836 1072 1002 1142 ἄρκον
1034 1072 1280 1141 ἐνόησας,
1311 1074 1406 1126 καὶ
1438 1072 1674 1134 λέαιναν,
1716 1073 1776 1125 οὐ

218 1158 367 1211 τοῦτο
396 1158 737 1221 ὑπώπτευες,
764 1156 899 1210 ἀλλά
929 1157 1232 1227 βασιλείαςο
1262 1161 1356 1210 καὶ
1391 1158 1683 1223 θάλασσαν,
1714 1158 1774 1211 οὐ

219 1245 507 1311 θάλασσαν,
553 1244 684 1299 ἀλλά
711 1246 809 1315 τὴν
853 1244 1199 1315 οἰκουμένην,
1233 1244 1300 1298 δι’
1330 1244 1529 1316 ἑτέρων
1577 1243 1738 1313 ἕτερα
1758 1260 1772 1273 ⁰

217 1332 351 1385 οὕτω
392 1334 487 1385 καὶ
524 1331 637 1385 νῦν.
672 1331 903 1396 Παλαιὸς
942 1332 1162 1402 ἡμερῶν
1197 1332 1247 1384 τί
1294 1333 1473 1396 tactv;
1519 1332 1767 1402 Γεγηρα-

217 1424 325 1475 κότι
353 1422 462 1474 τινὶ
494 1420 675 1490 ἐῴκει.
708 1422 850 1493 Πρὸς
874 1422 980 1493 7&9
1003 1424 1103 1485 τάς
1131 1423 1317 1491 χρείας
1355 1421 1462 1474 τῶν
1518 1422 1775 1492 πραγμά-

215 1527 333 1571 των,
367 1510 435 1561 δι’
475 1508 540 1571 ἃς
578 1510 845 1577 φαίνεται,
892 1511 1050 1561 τυποῖ
1092 1509 1304 1571 ἑαυτὸν,
1363 1508 1512 1580 [259]
1562 1509 1773 1572 δεικνυς

214 1599 287 1650 ὅτι
339 1600 453 1661 τοῖς
513 1597 772 1660 τοιούτοις
820 1596 1168 1651 πιστεύεσθαι
1220 1596 1287 1650 τὰ
1332 1598 1586 1667 κριτήρια
1641 1598 1769 1667 χρή.

216 1685 419 1757 Ὠσπερ
464 1684 575 1755 7&9
620 1686 804 1756 θρόνον
852 1685 1060 1739 ἀκούων
1110 1685 1231 1756 οὐχὶ
1282 1684 1549 1756 καθέδραν
1597 1687 1767 1749 νοεῖςο

212 1773 340 1825 ἀλλά
372 1774 489 1834 πῶς
530 1773 620 1826 τὸν
663 1773 921 1843 χυδαῖόν⁸
968 1790 1051 1836 τις
1084 1773 1467 1838 ἐπισπάσαιτο,
1504 1773 1626 1825 ἐπεὶ
1678 1774 1772 1826 καὶ

212 1860 435 1931 ἀλλαχοῦ
461 1861 801 1930 ὡπλισμένος
827 1858 1094 1929 φαίνεται,
1116 1861 1209 1913 καὶ
1237 1860 1497 1931 ἑτέρωθεν
1520 1862 1773 1932 ᾑμαγμέ-

212 1966 328 2012 νοςς
359 1949 529 2001 Τοῦτο
556 1945 651 2003 οὖν
692 1947 933 2017 βούλεται
960 1948 1148 2012 δεῖξαι,
1180 1947 1260 2000 ὅτι
1292 1947 1524 2017 κρίσεως
1554 1949 1763 2019 καιρός.

218 2039 279 2090 τὸ
333 2036 563 2106 ἔνδυμα
612 2037 828 2101 αὐτοῦ,
880 2036 1022 2089 ὡσεὶ
1077 2035 1243 2105 χιὼν,
1303 2037 1545 2090 λευκόν.
1608 2038 1767 2101 Τίνος

213 2124 387 2175 ἕνεκεν
413 2139 428 2187 ;
457 2124 583 2175 Ὀτι
630 2123 752 2191 οὑχὶ
799 2122 1031 2194 κρίσεως
1082 2122 1269 2196 καιρὸς
1302 2124 1478 2193 μόνον,
1510 2123 1645 2177 ἀλλὰ
1672 2126 1767 2177 καὶ

213 2210 609 2273 ἀνταποδόσεως
632 2226 646 2240 ⁶
694 2211 776 2262 ὅτι
822 2209 1028 2272 πάντας
1072 2209 1151 2262 δεῖ
1199 2209 1348 2280 αὐτῷ
1392 2210 1765 2281 παραστῆναι·

214 2296 283 2347 ὅτι
321 2297 391 2350 Τὸ
432 2296 612 2365 κρῖμα
650 2295 856 2360 αὑτοῦ,
900 2298 1064 2366 φησὶ,
1097 2297 1180 2362 ὼς
1213 2296 1337 2366 φῶς
1364 2297 1765 2362 ἐξελεύσεται.

215 2380 333 2437 Εἶτα
366 2388 577 2453 Θρόνοι
627 2385 941 2453 ἐτέθησαν.
977 2387 1052 2441 Οὐ
1103 2386 1301 2458 θρόνοι,
1340 2390 1398 2444 ἐν
1459 2384 1539 2452 οἷς
1577 2390 1769 2453 Καθή-

212 2479 403 2535 σεσθε,
429 2475 585 2544 φησὶ,
612 2475 710 2527 ἐπὶ
738 2474 965 2529 δώδεκα
992 2475 1274 2543 θρόνους;
1305 2475 1413 2530 Kal
1433 2476 1472 2543 ὴ
1498 2476 1630 2544 θρὶξ
1657 2478 1769 2546 τῆς

211 2561 468 2629 κεφαλῆς
495 2561 685 2615 αὐτοῦ
715 2562 859 2615 ὡσεὶ
884 2562 1049 2630 ἔριον
1070 2564 1348 2631 καθαρόν.
1378 2564 1453 2616 Τὸ
1482 2563 1595 2635 πῦρ
1614 2566 1767 2620 οὐδὲν

210 2650 507 2719 ἀνήλισκεν,
536 2649 722 2719 ἐπειδὴ
749 2650 856 2720 γὰρ
883 2651 1112 2722 ἥμερον.
1146 2649 1297 2715 Εἶδες
1317 2650 1440 2721 ὄψιν
1466 2653 1559 2707 καὶ
1581 2656 1766 2725 σχῆμα

210 2737 468 2790 πολιτικὸν
513 2739 610 2791 καὶ
661 2738 1079 2808 δημαγωγικόν;
1119 2739 1178 2791 '0
1210 2739 1395 2810 θρόνος
1437 2742 1621 2810 ἐφόϐει
1641 2783 1656 2805 ,
1688 2744 1768 2814 τῷ

210 2825 506 2896 πολύπυρος
531 2822 672 2879 εἰναι
689 2841 705 2856 '
737 2825 848 2899 πῦρ
878 2827 976 2897 οὐχ
1001 2827 1208 2893 ἁπλῶς,
1241 2828 1376 2883 ἀλλὰ
1404 2829 1624 2899 φλέγον.
1651 2833 1765 2886 Ἵνα

208 2914 304 2983 γὰρ
358 2914 434 2985 μὴ
494 2914 721 2984 νομίσῃς
768 2915 858 2967 διὰ
908 2916 1007 2987 τὴν
1055 2916 1237 2970 εἰκόνα
1298 2918 1761 2990 παραϐεϐλῆσθαι,

210 3000 539 3071 προσέθηκεν
562 3002 727 3055 αὐτοῦ
769 3004 870 3072 τὴν
911 3003 1211 3073 ἐνέργειαν,
1243 3003 1411 3058 εἰπὼν
1449 3007 1547 3075 οὐχ
1578 3007 1765 3070 ἁπλῶς

211 3088 332 3158 πῦρ,
375 3088 534 3155 ἀλλά,
584 3090 710 3157 Πῦρ
757 3089 1002 3158 φλέγεν.
1045 3092 1314 3160 Ποταμὸς
1343 3093 1532 3161 πυρὸς
1561 3089 1765 3148 εἷλκεν

209 3175 537 3246 ἔμπροσθεν
579 3178 785 3233 αὑτοῦ.
830 3180 1025 3232 Χίλιαι
1058 3178 1324 3248 χιλιάδες
1349 3181 1766 3251 ἐλειτούργουν

204 3265 371 3330 αὐτῷ,
411 3266 514 3323 καὶ
548 3268 752 3336 μύριαι
796 3267 1079 3335 μυριάδες
1119 3269 1623 3339 παρειστήκεισαν
1667 3271 1765 3341 ἔμ-

204 3360 459 3422 προσθεν
480 3358 685 3414 αὑτοῦ.
708 3358 1019 3427 Κριτήριον
1044 3358 1342 3414 ἐκάθισεν.
1374 3359 1651 3425 Τουτέστι,
1676 3361 1765 3414 διὰ

203 3442 359 3495 τοῦτο
386 3444 728 3515 παρεγένετο,
768 3446 908 3499 ὥστε
947 3446 1224 3517 κριτήριον
1255 3446 1494 3501 καθίσαι.
1526 3448 1632 3502 Kal
1666 3450 1765 3512 βί-

204 3530 335 3583 ϐλοι
369 3530 772 3601 ἀνεῴχθησαν.
800 3533 864 3586 Τί
890 3533 1095 3602 λέγεις;
1125 3534 1344 3605 βιϐλίων
1367 3538 1395 3589 ό
1419 3535 1548 3599 Θεὸς
1573 3536 1761 3601 δεῖται,

212 3616 274 3669 '0
300 3615 374 3670 τὰ
396 3615 588 3672 πάντα
606 3620 774 3686 εἰδὼς
798 3620 940 3689 πρὶν
960 3620 1248 3691 γενέσεως
1273 3620 1502 3687 αὐτῶν;
1534 3622 1589 3675 Ὀ
1617 3623 1765 3677 πλά-

200 3721 311 3770 σας
342 3704 495 3759 κατὰ
524 3706 714 3775 μόνας
751 3710 857 3774 τὰς
894 3708 1137 3777 καρδίας
1166 3708 1393 3774 αὐτῶν;
1432 3710 1590 3763 Ἀλλὰ
1622 3712 1762 3765 κατὰ

200 3792 283 3843 τὸν
330 3792 491 3863 νόμον
538 3794 646 3847 τῶν
691 3797 965 3867 ἀρχόντων
1006 3797 1207 3850 τούτων
1248 3797 1421 3867 λέγει,
1461 3799 1650 3871 ὥσπερ
1696 3801 1763 3853 τὰ

202 3881 556 3951 ὑπομνήματα
585 3884 879 3953 πράττεται
910 3888 1037 3956 παρ’
1068 3888 1220 3957 ἡμῖν.
1251 3887 1515 3959 Καθάπερ
1544 3888 1648 3962 7&9
1673 3890 1758 3941 ὲν-

200 3966 357 4020 ταῦθα
390 3969 453 4021 οὐ
480 3970 572 4023 διὰ
608 3969 766 4023 τοῦτο
792 3972 1233 4041 ἀναγινώσκεται,
1268 3973 1407 4027 ὥστε
1444 3974 1633 4044 μαθεῖν
1667 3976 1758 4028 τὸν

199 4053 417 4124 ἄρχοντα
457 4058 636 4127 μόνον,
671 4058 781 4110 ἀλλ’
802 4058 942 4112 ὥστε
970 4060 1199 4129 φανῆναι
1230 4060 1438 4114 δικαίαν
1464 4056 1627 4115 οὖσαν
1658 4063 1756 4133 τὴν

198 4142 366 4210 κρίσιν
394 4160 407 4174 ·
440 4144 584 4197 οὕτω
618 4146 711 4197 καὶ
736 4146 876 4211 τότε,
908 4149 956 4199 εἰ
990 4147 1084 4199 καὶ
1114 4144 1222 4200 οἶδε
1249 4147 1472 4213 δικαίως
1502 4149 1755 4214 δικάζων,

197 4227 299 4281 ἀλλ’
329 4231 479 4301 ὅμως
513 4232 716 4302 ἀνοίγει
744 4234 842 4298 τὰς
876 4235 1105 4305 βίϐλους.
1144 4236 1298 4299 Τίνος
1333 4237 1542 4305 ἓνεκεν;
1580 4239 1645 4290 Τί
1671 4238 1757 4290 λέ-

198 4331 322 4382 γεις,
334 4319 430 4370 καὶ
443 4320 496 4370 τί
513 4318 688 4382 θέλεις
705 4322 874 4375 εἰπεῖν
890 4338 905 4385 ;
922 4322 1078 4385 Τίνος
1091 4322 1273 4377 ἕνεκεν
1298 4324 1358 4376 οὐ
1374 4324 1519 4392 λέγει
1547 4325 1639 4378 καὶ
1659 4326 1755 4390 τὰς

197 4405 378 4471 τιμάς;
425 4401 595 4459 Εἶπεν
626 4423 641 4437 ο
675 4408 881 4475 Θρόνοι
923 4408 1234 4476 ἐτέθησαν,
1279 4411 1400 4463 ἐπεὶ
1435 4412 1528 4464 καὶ
1560 4413 1588 4463 ό
1624 4411 1755 4475 Θεὸς

196 4490 382 4555 ταύτας
415 4491 617 4565 ὥρισεν
652 4508 668 4523 ⁸
706 4494 890 4564 ἐπειδὴ
916 4495 973 4548 δὲ
1005 4496 1097 4549 καὶ
1132 4496 1231 4549 οὐκ
1264 4496 1597 4568 ἠκούσαμεν,
1632 4498 1751 4552 τότε

198 4579 286 4649 τὴν
312 4582 578 4652 τιμωρίαν
606 4584 699 4635 καὶ
730 4584 828 4652 τὴν
852 4583 1088 4639 κόλασιν.
1113 4584 1222 4639 Καὶ
1247 4585 1342 4653 οὐχ
1369 4587 1500 4655 ἡμῖν
1531 4586 1751 4656 πρώτην

198 4664 386 4736 ταύτην
410 4668 589 4738 ἀφῆκε
622 4670 834 4739 φωνήν;
879 4670 1021 4724 Ἀπὸ
1040 4672 1171 4725 τότε
1200 4670 1441 4740 ἤρξατο,
1469 4674 1623 4744 φησὶ,
1650 4692 1753 4743 κηο

193 4754 436 4819 ρύσσειν
455 4756 569 4823 τὴν
582 4757 910 4821 ,βασιλείαν
927 4760 1045 4813 τῶν
1066 4759 1354 4829 οὐρανῶν.
1370 4762 1551 4831 Μηδὲν
1569 4780 1755 4834 σωμα-

198 4845 333 4897 τικὴν
360 4847 655 4918 ὑπολάϐῃς,
671 4848 942 4917 ἀγαπητὲ,
964 4850 1097 4921 μηδὲ
1112 4851 1565 4924 ὲμπεριειλῆφθαι
1582 4853 1754 4926 θρόνῳ

199 4931 278 4983 τὸν
294 4934 509 5005 ἄπειρον
529 4936 660 4989 Θεὸν
680 4935 923 5009 νομίσῃς.
948 4939 1010 4991 Εἰ
1038 4938 1147 5010 7&9
1173 4941 1273 4994 Ἔν
1299 4939 1373 5008 τῇ
1403 4942 1551 5010 χειρὶ
1569 4943 1753 4997 αὐτοῦ

202 5020 263 5070 τὰ
299 5021 524 5089 πέρατα
560 5022 671 5091 τῆς
697 5022 810 5093 γῆς
841 5041 857 5057 ο
892 5026 941 5077 εἰ
973 5024 1052 5079 Τὰ
1084 5025 1190 5093 ὄρη
1226 5025 1450 5095 ἔστησε
1479 5028 1628 5098 ζυγῷ
1655 5047 1668 5060 °
1705 5032 1753 5083 εἰ

202 5105 387 5162 Πάντα
423 5112 493 5164 τὰ
531 5111 675 5181 ἐθνη
707 5113 789 5179 ὡς
818 5114 1026 5180 σίελος
1059 5114 1312 5169 ἐνώπιον
1341 5117 1525 5172 αὐτοῦ
1556 5118 1753 5187 ἐλογιο

198 5197 327 5263 σθη,
357 5199 451 5253 καὶ
478 5200 559 5267 ὡς
586 5202 890 5270 κονιορτὸς
926 5202 1182 5257 ἐνώπιον
1216 5204 1400 5258 αὑτοῦ
1431 5206 1505 5259 τὰ
1536 5206 1750 5269 πάντα,

196 5280 266 5345 ὡς
300 5287 454 5351 αὑτός
492 5307 625 5359 φησι
658 5307 676 5323 ο
717 5294 871 5355 ποῖος
904 5292 1068 5357 τόπος
1107 5293 1228 5346 ὅλον
1270 5293 1405 5363 όμοῠ
1444 5296 1753 5364 περιϐαλεῖν

198 5369 493 5444 δυνήσεται,
533 5380 691 5435 Ἀλλά
717 5381 805 5446 τί;
831 5383 947 5436 Οὐκ
978 5381 1094 5435 ἐστι
1126 5383 1301 5449 τοῦτο,
1336 5387 1433 5439 οὐκ
1466 5386 1753 5457 ὲναπείληο

260 5657 347 5739 is]
367 5661 588 5739 .lvganlns
604 5665 660 5713 τὸ
682 5666 893 5727 χυδαῖον,
923 5666 1053 5717 clara
1096 5672 1242 5719 erunt
1263 5669 1437 5718 omnia.
1463 5667 1636 5719 Postea
1675 5682 1752 5721 re-

198 5717 341 5769 Itﬂho
362 5717 561 5785 ἰτῖρωθι.

485 5768 759 5861 liram.
792 5768 918 5859 Gai
955 5798 1087 5858 LVI
1099 5844 1109 5857 .

1600 333 1668 389 IN
1701 332 2071 395 DANIELEM’.

3356 351 3465 406 252

1887 469 2016 505 πται
2032 454 2221 527 θρόνῳ.
2245 456 2591 527 Εἰδὲένδυμα
2612 454 2745 529 εἶχε,
2768 460 2886 525 πῶς
2912 463 3010 516 οὐκ
3037 463 3309 539 ἀνήλωσεν
3330 466 3463 519 αὐτὸ

1881 540 1941 592 τὸ
1965 541 2109 611 πῦρ;
2142 542 2260 607 πῶς
2285 541 2335 597 εἶ
2356 545 2413 598 δὲ
2439 546 2503 614 (f.
2534 546 2644 616 εἴη)
2668 548 2901 613 Παλαιὸς
2930 550 3172 621 ἡμερῶν,
3202 553 3231 603 ὁ
3261 550 3344 622 [Ῑ.
3365 552 3459 622 δςὶ

1879 629 1986 699 πρὸ
2006 632 2220 685 πάντων
2242 633 2350 685 τῶν
2369 635 2581 689 αἰώνων
2604 636 2847 707 ὑπῆρχες
2871 638 2986 701 πῶς
3007 638 3062 691 δὲ
3084 638 3176 691 καὶ
3198 640 3425 702 παλαιός
3443 655 3459 700 ;

1877 716 1962 768 Σὺ
1982 716 2111 789 γὰρ.
2129 720 2280 789 φησι,
2300 720 2449 792 [240]
2475 724 2508 775 ό
2527 722 2706 787 αὐτὸς
2722 718 2792 775 εἷ.
2814 723 2937 785 Πῶς
2959 720 3052 777 οὖν
3075 724 3302 790 παλαιός
3318 742 3332 792 ;
3351 726 3461 780 Kal

1878 802 1949 855 τὰ
1972 803 2077 871 ἐτη
2094 820 2212 860 σου
2239 805 2368 878 γὰρ,
2395 808 2547 878 φησί,
2575 810 2687 863 οὐκ
2706 809 3120 877 ἐκλείψουσιν.
3149 811 3271 874 Πῶς
3291 811 3347 864 δὲ
3366 810 3461 866 καὶ

1876 889 2079 962 ἔνδυμα
2115 894 2308 961 γένοιτ’
2348 895 2413 949 ἂν
2450 896 2580 966 περὶ
2616 895 2707 948 τὸν
2746 895 2970 965 ἄπειρον
3006 897 3099 951 καὶ
3130 897 3453 969 ἀσώματον;

1880 976 2031 1030 Οὐδὲ
2058 977 2169 1048 γὰρ
2197 978 2304 1045 τῆς
2323 982 2756 1051 μεγαλωσύνης
2780 982 2988 1045 αὐτοῦ,
3014 984 3167 1055 φησὶ,
3193 986 3323 1039 ἐστι
3349 987 3454 1039 πέ-

1867 1080 2001 1130 ρας.
2036 1067 2144 1119 Καὶ
2174 1068 2333 1121 πάλιν
2361 1086 2373 1099 ·
2419 1069 2559 1123 Ἐὰν
2583 1070 2780 1124 ἀναϐῶ
2815 1073 2901 1136 εἰς
2934 1072 3037 1123 τὸν
3064 1073 3343 1140 οὐρανὸν,
3371 1074 3454 1127 σὺ

1873 1151 1999 1204 ἐκεῖ
2016 1150 2075 1207 εἷ
2093 1170 2106 1183 ο
2132 1154 2241 1208 ἐὰν
2264 1156 2492 1211 καταϐῶ
2527 1160 2613 1225 εἰς
2642 1157 2747 1210 τὸν
2772 1157 2944 1226 ᾅδην,
2976 1158 3169 1227 πάρει.
3211 1162 3332 1225 Πῶς
3361 1158 3456 1216 οὖν

1877 1242 2072 1311 ίματίῳ
2098 1246 2497 1317 περιεγράφετο
2526 1247 2866 1319 ἀνθρωπίνῳ,
2890 1247 2982 1301 καὶ
3021 1247 3143 1301 οὔτε
3178 1249 3333 1303 τοῦτο
3369 1252 3456 1304 ἀν-

1872 1328 2119 1399 ήλισκεν;
2163 1332 2320 1386 Ἀλλά
2351 1335 2455 1404 μὴν
2484 1335 2577 1388 καὶ
2606 1335 2768 1405 ἕτερα
2803 1334 2970 1388 πολλὰ
2993 1335 3223 1405 ἠδύνατο
3262 1338 3388 1390 ἰδεῖν
3424 1341 3455 1392 ό

1875 1419 2176 1491 προφήτης.
2222 1422 2344 1485 Πῶς
2371 1423 2427 1476 δὲ
2461 1423 2642 1493 τρίχες
2680 1425 2738 1476 ἐν
2772 1424 2903 1492 πυρὶ
2935 1424 3035 1477 οὐκ
3067 1424 3447 1493 ἀνηλίσκοντος

1870 1505 1970 1558 Διά
2010 1507 2119 1578 γὰρ
2161 1508 2316 1561 τοῦτο
2362 1511 2639 1580 ἐπήγαγεν
2682 1527 2696 1540 '
2740 1512 2803 1564 '0
2846 1512 3059 1578 θρόνος
3104 1512 3290 1565 αὑτοῦ
3333 1513 3452 1579 πῦρ

1867 1593 2109 1663 φλέγεν.
2152 1598 2259 1650 Kal
2285 1597 2488 1661 ,βίϐλοι
2521 1598 2934 1667 ἀνεῴχθησαν.
2961 1600 3127 1652 Ὥστε
3156 1600 3454 1653 αὐτοκατά-

1868 1698 2053 1752 κριτον
2080 1684 2327 1750 γενέσθαι
2351 1685 2440 1737 τὸν
2465 1687 2802 1756 κρινόμενον.
2835 1686 3160 1754 Ἐθεώρουν
3180 1689 3311 1740 τότε
3333 1688 3451 1741 ἀπὸ

1866 1769 2072 1837 φωνῆς
2120 1770 2238 1823 τῶν
2284 1774 2481 1840 λόγων
2523 1771 2642 1826 τῶν
2678 1773 2976 1842 μεγάλων,
3023 1768 3111 1827 ὧν
3155 1774 3222 1826 τὸ
3273 1773 3452 1839 κέρας

1865 1856 2061 1910 ἐκεῖνο
2088 1857 2312 1912 ἐλάλει.
2353 1858 2595 1926 Θεωρῶν
2620 1859 2802 1929 ἢμην,
2829 1860 2939 1926 ἕως
2966 1860 3221 1929 ἀνῃρέθη
3248 1863 3314 1913 τὸ
3348 1865 3451 1929 θηο

1857 1944 2016 2011 ρίον,
2057 1946 2155 1998 καί
2201 1944 2488 2011 ἀπώλετο,
2530 1947 2637 2000 ἀπὸ
2669 1948 2768 2017 τῆς
2803 1948 3222 2019 μεγαληγορίας.
3256 1949 3450 2003 Καίτοι

1878 2030 2221 2103 Ἀλέξανδρος
2261 2034 2630 2106 προσεκύνησε
2674 2035 2766 2088 τὸν
2809 2035 2962 2089 Θεόν.
3003 2036 3111 2090 Kal
3160 2034 3228 2088 τὸ
3276 2036 3448 2104 σῶμα

1863 2119 2049 2173 αὐτοῦ
2089 2120 2266 2189 ἐδόθη
2300 2124 2388 2187 εἰς
2422 2123 2642 2177 καῦσιν
2680 2124 2887 2190 πυρός.
2930 2123 3038 2177 Kal
3072 2122 3190 2176 τῶν
3219 2122 3448 2176 λοιπῶν

1865 2208 2083 2273 θηρίων
2111 2208 2445 2277 μετεστάθη
2479 2210 2521 2277 ἠ
2558 2209 2753 2277 ἀρχή·
2791 2210 2887 2263 καὶ
2923 2209 3265 2279 μακρότηςδ
3299 2209 3449 2277 ζωῆς

1864 2293 2039 2361 ἐδόθη
2062 2296 2267 2361 αὐτοῖς
2292 2297 2403 2363 ἕως
2439 2297 2657 2365 καιρῶν
2687 2298 2785 2351 καί
2820 2298 3049 2365 καιροῦ.
3070 2298 3137 2351 Εἰ
3170 2297 3264 2350 καὶ
3296 2297 3450 2360 τέλος

1864 2381 2040 2451 ἔσχον,
2075 2383 2187 2435 ἀλλ’
2220 2385 2367 2452 ὅμως
2398 2385 2553 2439 τοῦτο
2594 2385 2827 2454 ἐγένετο.
2871 2386 2979 2439 Kal
3019 2387 3345 2454 κετεκαύθη
3379 2386 3447 2437 τὸ

1865 2471 2093 2538 θηρίον,
2124 2471 2315 2526 καὶτὸ
2340 2472 2511 2542 σῶμα
2543 2475 2729 2528 αὐτοῦ
2766 2475 3009 2541 ἐκαύθη.
3054 2475 3127 2528 Τὸ
3168 2472 3449 2535 παντελῶς

1862 2560 2167 2630 ἀνῃρῆσθαι
2181 2561 2346 2632 δηλοῖ.
2367 2563 2683 2631 Ἐθεώρουν
2702 2564 2772 2617 ἑν
2793 2562 3036 2632 ὁράματι
3065 2562 3172 2630 τῆς
3192 2562 3411 2627 νυκτός
3427 2578 3444 2593 '

1862 2648 1961 2702 καί
1988 2648 2117 2703 ἰδοὺ
2143 2650 2294 2719 μετὰ
2323 2651 2439 2705 τῶν
2464 2650 2736 2720 νεφελῶν
2768 2652 2875 2705 τοῦ
2909 2650 3168 2719 οὐρανοῦ
3196 2650 3276 2715 ὠς
3315 2649 3448 2715 Υἱὸς

1861 2734 2172 2804 ἀνθρώπου
2212 2737 2531 2808 ἐρχόμενος
2562 2733 2659 2809 ἦν.
2704 2739 2797 2802 Τίς
2838 2738 3008 2792 ταῦτα
3043 2739 3253 2806 ἀγνοεῖς
3301 2748 3323 2775 ο
3363 2735 3449 2799 τίς

1860 2821 2141 2892 διαϐλέψαι
2171 2824 2488 2895 δυνήσεται;
2526 2826 2602 2897 μὴ
2630 2826 2738 2895 γὰρ
2766 2825 2971 2897 Πέτρος
3003 2826 3173 2879 ταῦτα
3208 2824 3376 2893 λέγει,
3399 2816 3446 2876 ῶ

1862 2910 2110 2976 ’1ουδαῖε;
2149 2912 2223 2983 μὴ
2258 2912 2366 2986 γὰρ
2392 2913 2636 2980 Παῦλος;
2668 2911 2776 2968 Kal
2815 2914 2964 2977 ἰδοὺ,
2996 2914 3160 2984 φησί,
3194 2913 3275 2979 ὡς
3311 2912 3447 2978 Υἱὸς

1861 2997 2171 3066 ἀνθρώπου
2194 3000 2511 3069 ἐρχόμενος
2535 2996 2634 3071 ἦν,
2656 3001 2752 3057 καὶ
2774 3000 2883 3068 ἕως
2903 2999 3009 3055 τοῦ
3034 2999 3301 3054 Παλαιοῦ
3326 2998 3445 3052 τῶν

1862 3087 2095 3156 ἡμερῶν
2120 3087 2402 3158 ἔφθασεν.
2452 3090 2580 3144 Ἰδοὺ
2614 3091 2705 3143 καὶ
2741 3090 2801 3144 τὸ
2830 3090 3116 3161 ὁμότιμον.
3163 3088 3445 3142 Ἐνώπιον

1860 3175 2046 3230 αὐτοῦ
2075 3176 2457 3245 προσηνέχθη
2498 3177 2675 3244 αὐτῷ.
2704 3180 2819 3232 Ἵνα
2849 3180 2977 3233 ὅταν
3009 3178 3123 3249 ίδῃς
3162 3177 3442 3247 διδομένην

1861 3262 2010 3333 αὐτῷ
2036 3262 2134 3334 τὴν
2161 3261 2453 3333 βασιλείαν,
2488 3263 2563 3336 μὴ
2585 3263 2937 3338 ἀνθρωπίνως
2969 3266 3194 3337 νομίσῃς
3217 3259 3352 3316 εἶναι
3379 3262 3442 3315 τὸ

1859 3348 2121 3403 δεδόσθαι.
2140 3350 2271 3403 Ἀπὸ
2294 3350 2401 3419 γὰρ
2421 3349 2538 3403 τῶν
2558 3352 2827 3421 νεφελῶν
2846 3352 2952 3407 τοῦ
2972 3350 3250 3419 οὐρανοῦ,
3272 3350 3438 3420 φησί’

1859 3435 1957 3498 τὰς
1973 3435 2028 3489 δὲ
2047 3437 2271 3506 νεφέλας
2297 3438 2416 3490 ἀντὶ
2432 3436 2523 3490 τοῦ
2540 3438 2766 3509 οὐρανοῦ
2786 3438 3233 3509 παραλαμϐάνειν
3252 3437 3439 3490 εἴωθεν

1862 3523 2127 3594 ἡΓραφή.
2158 3524 2266 3578 Kal
2293 3522 2452 3590 αὐτῷ
2479 3523 2655 3590 ἐδόθη
2685 3525 2723 3593 η
2755 3524 2933 3594 ἀρχὴ,
2956 3524 3055 3577 καί
3082 3524 3120 3591 η
3150 3522 3310 3591 τιμὴ,
3340 3522 3439 3575 καί

1860 3612 1898 3678 ἡ
1924 3610 2210 3674 βασιλεία
2234 3629 2249 3643 ο
2280 3610 2379 3665 καί
2404 3611 2623 3677 πάντες
2654 3614 2708 3665 οἰ
2738 3614 2895 3676 λαοί,
2927 3612 3133 3681 φυλαὶ,
3163 3610 3437 3682 γλῶσσαι

1859 3696 2018 3761 αὐτῷ
2060 3698 2523 3753 δουλεύσουσιν.
2567 3698 2631 3752 Ἠ
2668 3698 2920 3762 ἐξουσία
2959 3698 3145 3753 αὐτοῦ
3186 3698 3438 3763 ἐξουσιά

1858 3784 2111 3851 αἰώνιος,
2151 3784 2281 3853 ἥτις
2314 3788 2386 3840 οὐ
2421 3787 2851 3854 παρελεύσεται
2887 3803 2900 3815 ·
2945 3785 3043 3839 καί
3076 3784 3115 3853 ή
3148 3785 3438 3850 ,βασιλειά

1857 3874 2043 3929 αὐτοῦ
2085 3876 2156 3928 οὺ
2202 3874 2684 3944 διαφθαρήσεται.
2725 3875 2791 3927 Τί
2837 3874 3026 3929 τούτου
3071 3874 3434 3946 σαφέστερονς

1858 3963 1975 4015 εἰπέ
2003 3979 2111 4032 μοι.
2143 3963 2247 4016 Kal
2278 3962 2498 4027 πάντες
2532 3963 2690 4025 λαοὶ,
2726 3963 2878 4033 φησὶ,
2917 3962 3125 4032 φυλαὶ,
3163 3961 3437 4033 γλῶσσαι

1855 4049 2014 4115 αὐτῷ
2051 4050 2513 4105 δουλεύσουσιν.
2541 4052 2684 4122 Ὅρα
2727 4050 2843 4113 πῶς
2882 4050 3027 4105 ἅπαν
3057 4050 3117 4103 τὸ
3156 4049 3307 4114 ἔθνος
3335 4049 3437 4120 τῆς

1855 4140 2176 4211 οἰκουμένης
2209 4140 2595 4210 περιέγραψεν.
2628 4141 2785 4212 Ὀρα
2814 4140 2908 4193 καὶ
2939 4139 2999 4193 τδ
3029 4140 3307 4211 κριτήριον
3335 4138 3435 4192 αὺ-

1853 4228 1946 4281 τὺν
1970 4227 2220 4282 λαϐόντα.
2242 4229 2359 4281 Ἵνα
2392 4228 2501 4300 γὰρ
2535 4228 2609 4300 μὴ
2634 4229 2825 4300 χρόνου
2847 4228 3073 4301 νομίσῃς
3093 4223 3232 4281 εἶναι
3253 4226 3432 4290 τοῦτο,

1856 4315 1988 4384 φησί
2014 4328 2028 4342 ·
2054 4315 2214 4380 Ἦτις
2234 4317 2307 4369 οὐ
2336 4317 2767 4383 παρελεύσεται
2792 4332 2807 4347 ο
2835 4316 2934 4369 και
2962 4316 3001 4383 η
3024 4316 3311 4381 βασιλεία
3330 4316 3436 4369 αὐ-

1855 4403 1961 4458 τοῦ
1987 4405 2059 4458 οὐ
2089 4403 2555 4473 διαφθαρήσεται
2586 4422 2602 4436 ο
2640 4404 2756 4458 ἀλλ’
2794 4405 2991 4476 ἕστηκε
3032 4404 3127 4459 καὶ
3171 4406 3340 4476 μένει.
3368 4401 3431 4454 Εἰ

1853 4490 1911 4544 δὲ
1941 4492 2209 4554 ἀπιστεῖς,
2232 4491 2340 4544 ἀπὸ
2370 4491 2708 4562 πραγμάτων
2739 4492 2949 4545 πείθου.
2973 4488 3125 4556 Εἶδες
3144 4493 3435 4564 όμοτιμίαν

1852 4577 2017 4632 αὐτοῦ
2047 4577 2182 4649 πρὸς
2211 4577 2301 4631 τὸν
2336 4578 2581 4650 Πατέρα;
2616 4578 2834 4650 Ἐπειδὴ
2862 4578 2970 4650 γὰρ
3006 4579 3230 4653 ὕστερος
3258 4580 3431 4651 ἐφάνη

1851 4664 1945 4719 τοῦ
1973 4666 2206 4736 Πατρός,
2236 4664 2326 4719 διὰ
2352 4665 2507 4719 τοῦτό
2530 4684 2682 4735 φησι,
2714 4667 2796 4720 ὅτι
2819 4663 2951 4739 ἦλθε
2981 4668 3117 4738 μετὰ
3141 4668 3249 4722 τῶν
3275 4684 3432 4736 νεφε-

1851 4753 1978 4808 λῶν.
2010 4754 2133 4807 Ὅτι
2172 4754 2229 4807 δὲ
2263 4748 2331 4824 ἦν
2366 4753 2459 4808 καὶ
2486 4753 2697 4825 πρώην,
2734 4754 2890 4825 δῆλον
2921 4756 2985 4809 ὲκ
3016 4755 3125 4810 τῶν
3151 4754 3388 4825 νεφελῶν
3411 4769 3430 4788 ο

1851 4840 2070 4893 ἐπὶτῶν
2091 4839 2328 4909 νεφελῶν
2347 4840 2456 4911 γὰρ
2476 4840 2711 4911 ἔρχεται.
2738 4842 2848 4895 Kal
2867 4841 3026 4908 αὐτῷ
3045 4842 3427 4912 προσηνέχθη

1852 4930 1890 4996 ἢ
1916 4928 2071 4997 τιμή.
2100 4930 2202 4981 ’Ἦν
2224 4924 2356 4999 εἶχε,
2381 4928 2645 4983 τουτέστι.
2670 4930 2778 4984 Καὶ
2802 4930 2959 4993 λαοὶ,
2990 4932 3197 4999 φυλαὶ,
3233 4930 3427 5000 γλῶσ-

1852 5031 1956 5070 σαι
1986 5014 2145 5081 αὺτῷ
2182 5014 2610 5071 δουλεύσουσι.
2658 5016 2767 5088 Τὴν
2805 5018 2904 5088 μὲν
2940 5020 3047 5089 γὰρ
3081 5019 3253 5091 ἀρχὴν
3283 5013 3429 5087 εἶχεν

1852 5103 1982 5167 ἄνω,
2015 5103 2133 5156 τότε
2164 5103 2220 5157 δὲ
2251 5102 2439 5155 ἔλαϐεν
2468 5104 2639 5174 αὐτὴν
2671 5103 2737 5176 ἣν
2764 5100 2927 5176 εἶχεν.
2959 5108 3166 5177 Ὠσπερ
3199 5104 3306 5176 γὰρ
3335 5106 3428 5158 ἐπὶ

1851 5191 1944 5244 τοῦ
1974 5192 2183 5261 Πατρός
2207 5194 2344 5255 νοεῖς
2371 5192 2467 5256 ea;
2491 5193 2703 5264 τρίχας,
2729 5195 2824 5248 καὶ
2846 5194 2913 5249 τὰ
2935 5194 3098 5248 λοιπά
3120 5211 3135 5225 ⁸
3165 5192 3306 5247 οὕτω
3332 5192 3428 5246 καὶ

1851 5278 2027 5332 τοῦτο.
2054 5279 2126 5333 Τὸ
2152 5279 2209 5333 δὲ
2239 5278 2450 5347 Ἐδόθη
2489 5278 2660 5352 [241],
2689 5283 2782 5336 καὶ
2811 5282 2912 5336 ὅσα
2942 5280 3162 5336 τοιαῦτα
3190 5279 3426 5346 ἀκούων,

1912 5601 1941 5641 b
1964 5600 2018 5651 1n
2036 5600 2349 5668 Theodorglp
2365 5616 2621 5668 perperam
2637 5604 2844 5668 habegur
2854 5607 3154 5668 μακαριότης.
3172 5606 3282 5656 Mox
3300 5611 3424 5661 ωλι.

1852 5665 1950 5731 Ιειῃ
1966 5676 2087 5731 ξιιιη
2113 5666 2306 5731 cagleris
2324 5665 2494 5731 [egere
2514 5667 2603 5722 ἔως
2622 5665 2788 5731 καιροῦ
2810 5665 2888 5715 καὶ
2910 5665 3094 5731 καιροῦ.

1918 5728 1941 5757 ε
1963 5726 2045 5781 Τίς
2067 5726 2312 5789 διαϐλέψαι
2334 5728 2597 5784 δυνήσεται.
2624 5726 2909 5778 Αόδειιάιιηι
2930 5726 3055 5777 foﬂe
3080 5732 3154 5791 οὗ,
3178 5732 3259 5782 vel
3280 5734 3355 5792 μέ.

3026 5820 3099 5881 15
