4054 6320
555 340 666 396 233

560 451 728 523 μηδὲν
766 447 1102 520 ἀνθρώπινον
1133 446 1508 518 ὑποπτεύσῃς.
1554 446 1687 516 μηδὲ
1718 442 1968 498 ταπεινὸν
2006 458 2070 492 πε
2083 441 2134 510 ρί

555 543 653 597 τοῦ
675 543 824 596 Υίοῦ.
845 543 1053 612 Ὥσπερ
1077 541 1186 610 γὰρ
1209 541 1554 612 γεγηρακότα
1578 539 1738 609 ὁρῶν,
1763 537 1883 606 οὐχὶ
1907 536 2134 605 γέροντα

559 634 904 699 ὑποπτεύεις,
943 633 1082 686 οὓτω
1119 635 1212 684 καὶ
1253 633 1322 685 τὰ
1360 631 1539 684 λοιπά.
1571 630 1672 699 Μὴ
1706 629 1813 699 γὰρ
1853 628 2004 696 ζήτει
2036 626 2136 696 τὴν

560 728 855 797 σαφήνειαν
883 726 941 780 ἐν
965 728 1083 788 ταῖς
1114 724 1487 795 προφητείαις,
1514 723 1640 776 ἔνθα
1672 722 1822 774 σκιαὶ
1847 720 1941 772 καὶ
1965 719 2138 786 αἰνίγ-

565 835 710 889 ματα
740 833 755 848 ⁵
797 817 984 888 ὥσπερ
1014 818 1104 869 ἐπὶ
1141 816 1242 885 τῆς
1269 815 1552 886 ἀστραπῆς
1579 814 1638 866 οὐ
1673 813 1856 884 ζητεῖς
1893 812 2136 882 διηνεκὲς

561 912 696 980 φῶς,
729 910 863 964 ἀλλὰ
883 912 1042 982 ἀρκεῖ
1064 908 1295 978 φανῆναι
1327 909 1502 978 μόνον.
1531 906 1774 975 Ἐφριξε
1803 904 1867 958 τὸ
1903 904 2136 974 πνεῦμα

555 1020 696 1071 μου,
732 1001 846 1071 ἐγὼ
878 1000 1102 1068 Δανιὴλ
1127 1001 1197 1053 ἐν
1224 999 1298 1068 τῇ
1323 999 1444 1063 ἐξει
1469 1016 1588 1069 μου
1612 1014 1625 1028 ’
1659 999 1759 1052 καὶ
1799 999 1859 1051 al
1895 997 2136 1065 ὁράσεις

560 1092 669 1160 τῆς
701 1091 968 1160 κεφαλῆς
991 1109 1109 1160 μου
1141 1091 1480 1160 ἐτάρασσόν
1505 1108 1598 1159 με.
1637 1091 1873 1154 Εἰκότως
1907 1090 2010 1142 ὑπὸ
2036 1093 2133 1160 τῆς

563 1184 736 1253 ὄψεως
760 1183 865 1236 τῶν
887 1182 1193 1254 ὁρωμένων.
1215 1183 1430 1253 Πατέρα
1450 1183 1542 1235 καὶ
1560 1183 1685 1235 Υίὸν
1707 1177 1858 1244 οὗτος
1879 1182 1970 1234 καὶ
1986 1181 2134 1252 πρῶ-

561 1295 652 1341 τος
684 1279 776 1331 καὶ
808 1277 965 1346 μόνος
994 1277 1114 1348 ὁρᾷ,
1139 1276 1214 1338 ὡς
1241 1277 1297 1328 ὲν
1323 1275 1462 1345 ὄψει.
1498 1275 1563 1327 Τί
1597 1275 1661 1328 ἂν
1696 1275 1868 1345 ἔχοιεν
1891 1275 2133 1328 Ἰουδαῖοι

562 1368 699 1439 πρὸς
741 1366 898 1421 τοῦτο
933 1369 1140 1432 εἰπεῖν;
1183 1366 1496 1436 Μελλούσης
1542 1366 1650 1438 γὰρ
1695 1366 1794 1435 τῆς
1833 1366 2134 1437 παρουσίας

562 1460 726 1514 αὑτοῦ
763 1461 947 1514 λοιπὸν
984 1459 1260 1531 ἐγγυτέρω
1297 1454 1456 1526 εἶναι,
1508 1460 1730 1523 εἰκότως
1764 1461 1857 1513 καὶ
1894 1461 1950 1512 αἱ
1983 1458 2134 1528 ὄψεις

564 1553 874 1623 θαυμασταὶ
930 1551 1226 1621 φαίνονται.
1285 1550 1396 1604 Kal
1464 1549 1814 1618 προσῆλθον
1871 1550 1960 1603 ἐνί
2017 1549 2134 1603 τῶν

563 1641 922 1707 ἑστηκότων,
962 1640 1059 1692 καὶ
1101 1641 1216 1708 τὴν
1250 1640 1553 1708 ἀκρίϐειαν
1596 1637 1843 1704 ἐζήτουν
1867 1638 2002 1705 παρ’
2025 1639 2131 1691 αὺ-

562 1735 669 1788 τοῦ
704 1733 916 1802 μαθεῖν
957 1733 1086 1801 περὶ
1137 1733 1360 1787 τούτων
1414 1733 1672 1787 πάντων.
1717 1734 1823 1787 Kal
1869 1728 1999 1786 εἶπέ
2034 1749 2134 1801 μοι

563 1827 678 1894 τὴν
725 1826 1028 1893 ἀλήθειαν,
1077 1827 1177 1880 καί
1239 1826 1363 1880 τῶν
1413 1828 1610 1896 λόγων
1659 1826 1772 1892 τὴν
1814 1826 2136 1894 σύγκρισιν

561 1918 844 1988 ἐγνώρισέ
882 1937 1001 1988 μοι.
1022 1919 1230 1990 Ἐρωτᾷ
1257 1921 1310 1972 τί
1348 1920 1477 1972 ποτέ
1513 1921 1626 1972 ἐστι
1676 1919 1742 1971 τὰ
1795 1918 2092 1988 φαινόμενα
2116 1935 2131 1948 ⁸

564 2013 657 2066 καὶ
698 2012 954 2082 μανθάνει
1004 2013 1135 2083 περὶ
1174 2011 1268 2065 τοῦ
1315 2012 1700 2082 Ἀντιχρίστου,
1734 2011 1826 2064 καὶ
1876 2011 2134 2082 μανθάνει

565 2104 840 2175 βασιλείαν
861 2104 1010 2169 τέλος
1039 2105 1137 2158 οὐκ
1164 2105 1412 2175 ἔχουσαν.
1448 2105 1658 2170 Ταῦτα,
1686 2105 1839 2175 φησὶ,
1862 2103 1936 2157 τὰ
1962 2104 2138 2171 θηρία

562 2195 636 2248 τὰ
677 2194 928 2265 μεγάλα,
965 2194 1258 2264 τέσσαρες
1299 2197 1609 2260 ,ϐασιλεῖαι
1663 2195 2132 2264 ἀναστήσονται.

564 2286 674 2340 Καὶ
698 2286 1157 2356 παραλήψονται
1178 2286 1293 2355 τὴν
1310 2288 1636 2351 βασιλείαν
1654 2287 1807 2356 ἅγιοι
1831 2288 2134 2355 Ὑψίστου,

562 2379 663 2432 καὶ
701 2379 1063 2444 καθέξουσιν
1090 2379 1282 2446 αὐτὴν
1301 2379 1412 2446 ἕως
1431 2379 1662 2446 αἰῶνος,
1680 2380 1777 2433 καὶ
1796 2379 1906 2443 έως
1923 2377 2139 2445 αἰῶνος

562 2467 808 2524 αἰώνων.
852 2470 963 2524 Kal
1001 2469 1247 2536 ἐζήτουν
1291 2471 1545 2539 ἀκριϐῶς
1590 2473 1720 2539 περὶ
1770 2473 1877 2526 τοῦ
1931 2475 2136 2541 θηρίου

564 2560 670 2615 τοῦ
703 2561 1002 2631 τετάρτου,
1037 2563 1124 2619 ὅτι
1155 2561 1232 2634 ἦν
1263 2563 1544 2633 διαφέρον
1570 2564 1726 2632 παρά
1758 2564 1880 2619 πᾶν
1908 2566 2134 2635 θηρίον,

563 2653 663 2708 καί
690 2655 945 2723 φοϐερὸν
963 2655 1265 2724 περισσῶς
1285 2674 1297 2687 ·
1333 2661 1387 2710 οί
1410 2657 1650 2723 ὀδόντες
1669 2657 1854 2712 αὑτοῦ
1881 2657 2132 2726 σιδηροῖ,

560 2750 618 2804 ol
659 2747 876 2818 ὄνυχες
925 2748 1112 2804 αὐτοῦ
1152 2750 1396 2819 χαλκοῖ·
1433 2749 1641 2806 ἐσθίον
1669 2750 1767 2804 καὶ
1813 2749 2135 2816 λεπτῦνυν,

563 2841 663 2895 καὶ
710 2842 782 2897 τὰ
827 2842 1109 2897 ἐπίλοιπα
1159 2843 1283 2908 τοῖς
1329 2844 1514 2897 ποσὶν
1560 2845 1745 2898 αὐτοῦ
1792 2846 2132 2900 συνεπάτει.

563 2932 672 2986 Kal
701 2933 830 3000 περὶ
857 2934 978 2986 τῶν
1000 2933 1260 3002 κεράτων
1288 2935 1472 2989 αὐτοῦ
1500 2934 1620 2989 τῶν
1644 2935 1806 2998 δέκα,
1831 2935 1952 2989 τῶν
1968 2937 2038 2989 ἐν
2062 2937 2136 3006 τῇ

563 3022 801 3092 κεφαλῇ
836 3024 1042 3085 αὐτοῦ,
1084 3025 1180 3077 καί
1221 3022 1327 3080 τοῦ
1376 3025 1576 3094 ἑτέρου
1626 3027 1733 3080 τοῦ
1784 3027 2132 3094 ἀναϐάντος,

563 3116 663 3169 καὶ
707 3116 1129 3183 έκτινάξαντος
1151 3117 1270 3172 τῶν
1299 3119 1597 3188 προτέρων
1624 3123 1754 3189 τρία
1778 3138 1790 3151 ·
1821 3121 1918 3176 καὶ
1952 3125 2019 3175 τὸ
2043 3123 2136 3176 κέ-

556 3224 673 3275 ρας
697 3205 913 3271 έκεῖνο,
940 3200 988 3274 ᾧ
1023 3209 1311 3278 ὀφθαλμοί
1339 3209 1518 3278 αὐτῷ,
1545 3213 1644 3264 καὶ
1679 3215 1870 3281 στόμα
1905 3217 2139 3268 λαλοῦν

559 3299 814 3369 μεγάλα,
843 3300 942 3354 καὶ
977 3301 1015 3368 ή
1046 3301 1255 3370 ὅρασις
1285 3303 1470 3356 αὑτοῦ
1494 3303 1704 3373 μείζων
1743 3304 1859 3358 τῶν
1888 3305 2134 3359 λοιπῶν.

581 3392 913 3462 Ἐθεώρουν,
943 3393 1039 3446 καὶ
1077 3393 1144 3447 τὸ
1184 3395 1360 3462 κέρας
1403 3395 1597 3450 έκεῖνο
1635 3397 1821 3450 ἐποίει
1871 3400 2140 3467 πόλεμον

559 3485 709 3553 μετὰ
731 3485 848 3539 τῶν
877 3485 1078 3556 ἁγίων,
1116 3487 1211 3540 καὶ
1242 3489 1463 3557 ἴσχυσε
1491 3489 1639 3557 πρὸς
1665 3489 1903 3555 αὐτοὺς,
1935 3489 2044 3555 ἕως
2065 3485 2137 3546 οὗ

562 3573 751 3649 ἦλθεν
783 3581 814 3632 ό
846 3578 1108 3645 Παλαιὸς
1134 3579 1252 3632 τῶν
1281 3580 1532 3649 ἡμερῶν,
1567 3580 1665 3634 καὶ
1704 3581 1770 3634 τὸ
1796 3581 1972 3650 κρῖμα
1999 3581 2140 3635 ἔδω-

563 3689 671 3743 κεν
698 3672 887 3740 ἁγίοις
929 3673 1242 3742 Ὑψίστου·
1278 3674 1375 3727 καὶ
1421 3677 1454 3728 ό
1502 3675 1704 3741 καιρὸς
1743 3674 1988 3743 ἔφθασε,
2039 3675 2139 3729 καὶ

565 3741 681 3812 τὴν
719 3741 1047 3807 ,βασιλείαν
1075 3743 1377 3814 κατέσχον
1418 3748 1471 3799 οί
1501 3744 1672 3814 ἅγιοι.
1705 3741 1814 3800 Kal
1847 3741 2015 3799 εἶπεν
2043 3746 2142 3799 οῦ-

563 3848 706 3899 τωςο
757 3835 826 3888 Τὸ
875 3833 1082 3902 θηρίον
1125 3833 1192 3886 τὸ
1235 3833 1516 3904 τέταρτον
1558 3835 1847 3898 ,Βασιλεία
1894 3833 2138 3904 τετάρτη

564 3925 734 3978 ἐσται
760 3924 830 3976 ἐν
862 3922 939 3991 τῇ
979 3923 1076 3993 γῇ,
1106 3924 1238 3991 ἣτις
1266 3925 1539 3993 ὑπερέξει
1572 3926 1773 3993 πάσας
1815 3928 1923 3993 τὰς
1957 3928 2142 3991 ,βασι-

564 4015 755 4078 λείας,
785 4013 883 4066 καὶ
912 4013 1309 4084 καταφάγεται
1335 4015 1541 4070 πᾶσαν
1560 4017 1672 4084 τὴν
1697 4017 1836 4088 γῆν,
1863 4019 1963 4072 καί
1987 4033 2142 4089 συμ-

567 4110 823 4178 πατήσει
869 4112 1084 4180 αὐτὴν,
1130 4114 1229 4167 καὶ
1274 4115 1597 4184 κατακόψει
1650 4115 1862 4182 αὐτήν.
1915 4116 2024 4169 Kal
2071 4115 2143 4170 τὰ

567 4202 715 4255 δέκα
738 4203 958 4270 κέρατα
976 4203 1161 4257 αὐτοῦ
1185 4203 1329 4257 δέκα
1345 4203 1629 4270 βασιλεῖς
1654 4205 2104 4275 ἀναστήσονται
2123 4222 2136 4238 ·

568 4294 667 4348 καὶ
709 4295 899 4349 ὀπίσω
930 4293 1127 4349 αὐτῶν
1157 4295 1564 4362 ἀναστήσεται
1601 4297 1819 4364 ἔτερος,
1855 4298 1922 4364 ὃς
1959 4301 2141 4364 ὑπερ-

568 4388 721 4442 οίσει
757 4387 965 4453 κακοῖς
1002 4385 1234 4454 πάντας
1274 4387 1415 4454 τοὺς
1447 4388 1805 4457 ἔμπροσθεν,
1846 4390 1945 4442 καὶ
1987 4389 2142 4458 τρεῖς

564 4480 845 4548 ,βασιλεῖς
875 4481 1246 4535 ταπεινώσει.
1273 4481 1382 4536 Kal
1413 4483 1634 4550 λόγους
1662 4481 1810 4549 πρὸς
1847 4481 1954 4535 τὸν
1974 4482 2142 4550 Ὕψι-

569 4587 720 4624 στον
743 4569 1022 4636 λαλήσει,
1054 4571 1151 4623 καί
1180 4570 1321 4636 τοὺς
1344 4571 1553 4639 ἁγίους
1585 4571 1866 4638 Ὑψίστου
1887 4570 2143 4624 παλαιώ-

569 4675 686 4726 σει,
721 4661 820 4716 καί
852 4662 1184 4728 ύπονοήσει
1231 4663 1338 4716 τοῦ
1384 4662 1715 4717 ἀλλοιῶσαι
1759 4661 2003 4728 καιροὺς
2045 4662 2144 4716 καὶ

568 4755 784 4822 νόμον·
811 4753 909 4807 καὶ
933 4753 1248 4819 δοθήσεται
1271 4754 1340 4807 ἐν
1364 4753 1516 4823 χειρὶ
1542 4752 1728 4807 αὑτοῦ
1749 4752 1860 4818 ἕως
1879 4750 2082 4819 καιροῦ
2101 4755 2141 4802 '.

569 4844 678 4900 Kal
701 4843 770 4898 τὸ
801 4843 1101 4913 κριτήριον
1132 4844 1373 4897 ἐκάθισε
1393 4861 1406 4875 ·
1438 4844 1539 4898 καὶ
1573 4843 1689 4912 τὴν
1720 4842 1918 4913 ἀρχὴν
1958 4841 2144 4898 αὐτοῦ

562 4935 1043 5004 μεταστήσουσι,
1092 4933 1198 4988 τοῦ
1248 4935 1537 5003 ἀφανίσαι
1567 4934 1665 4988 καί
1704 4935 2000 4989 ἀπολέσαι
2031 4933 2144 5001 ἕως

568 5025 803 5092 τέλους.
835 5025 944 5080 Kal
971 5027 1007 5094 ή
1032 5027 1338 5090 βασιλεία,
1367 5027 1464 5080 καὶ
1496 5028 1535 5095 ή
1566 5027 1838 5091 ἐξουσία,
1863 5026 1960 5081 καὶ
1984 5027 2022 5095 ή
2039 5043 2144 5096 με·

567 5119 890 5188 γαλωσύνη
933 5116 1053 5169 τῶν
1092 5116 1404 5183 βασιλέων
1445 5117 1564 5170 τῶν
1602 5117 1878 5172 ὑποκάτω
1918 5118 2144 5185 παντὸς

563 5212 674 5266 τοῦ
701 5209 960 5278 οὐρανοῦ
991 5209 1167 5276 ἐδόθη
1197 5209 1384 5278 ἁγίοις
1418 5209 1699 5277 Ὑψίστου
1719 5225 1734 5240 ·
1773 5212 1870 5264 καὶ
1905 5213 1941 5280 ἠ
1964 5211 2144 5276 βασι-

567 5305 702 5358 λεία
733 5303 940 5366 αὐτοῦ,
971 5301 1260 5368 ,βασιλεία
1293 5299 1558 5368 αὶώνιοςυ
1589 5303 1686 5356 καί
1730 5302 1918 5358 πᾶσαι
1949 5308 2007 5358 al
2040 5306 2143 5372 ἀρ-

569 5396 669 5466 χαὶ
707 5397 868 5464 αὐτῷ
910 5397 1316 5452 δουλεύσουσι
1365 5395 1460 5450 καί
1502 5398 1969 5454 ὑπακούσονται.
1995 5401 2144 5464 Ἕως

1242 331 1301 388 S.
1339 329 1620 386 JOANNIS
1657 322 2142 382 CIIRYSOSTOMI
2183 322 2500 381 ARCHIEP.
2541 324 3084 380 CONSTANTINOP.

3696 326 3807 383 2'55

2238 433 2351 493 ὧδε
2383 442 2450 494 τὸ
2476 441 2660 509 πέρας
2684 440 2790 494 τοῦ
2817 442 3022 510 λόγου.
3041 441 3187 509 Ἐγὼ
3214 439 3462 508 Δανιήλ’
3506 439 3558 494 ol
3605 439 3810 496 διαλοι-

2235 531 2434 600 γισμοί
2463 549 2581 600 μου
2617 530 2714 584 ἐπὶ
2747 530 2956 584 πλεῖον
2999 529 3460 597 συνετάρασσόν
3500 545 3598 597 με,
3631 527 3729 582 καί
3767 530 3809 595 ή

2228 623 2426 693 μορφή
2452 641 2570 693 μου
2606 623 2923 689 ἠλλοιώθη,
2951 622 3047 676 καὶ
3083 622 3151 675 τὸ
3182 623 3348 690 ῥῆμα
3388 621 3458 675 ἐν
3488 619 3564 688 τῇ
3593 619 3813 687 καρδίᾳ

2229 735 2347 785 μου
2389 715 2792 785 συνετήρησα.
2822 717 2930 768 Καὶ
2957 715 3100 778 τίνος
3125 716 3309 769 ἕνεκεν
3356 716 3456 768 οὐκ
3500 710 3670 777 εἶπες,
3712 714 3814 766 ἇν-

2235 809 2448 880 θρωπε;
2487 811 2608 863 Ὀτι
2633 809 2783 863 οὐδὲν
2815 809 2948 879 πρὸς
2977 808 3261 871 Ἰουδαίους
3285 805 3354 880 ἦν
3373 825 3386 836 '
3422 807 3557 861 ἀλλὰ
3586 808 3814 860 τούναν-

2233 901 2344 954 τίον
2372 903 2428 954 ὲν
2457 900 2555 972 μὲν
2581 905 2692 964 τοῖς
2723 902 2929 970 ῥήμασι
2957 899 3046 953 διὰ
3087 901 3185 970 τῆς
3213 899 3479 968 ἀσαφείας
3511 897 3649 951 αὐτὰ
3677 914 3812 952 συν-

2234 993 2550 1058 εκάλυπτεν,
2579 994 2635 1046 ὲν
2659 992 2715 1045 δὲ
2742 992 2820 1062 τῷ
2843 993 3095 1064 προφήτῃ
3115 991 3480 1062 συνετήρησεν
3507 992 3562 1042 ὲν
3581 992 3643 1060 τῇ
3666 1005 3812 1058 καρ-

2233 1085 2339 1156 δία.
2372 1085 2480 1138 Καὶ
2508 1085 2614 1154 γὰρ
2644 1085 2778 1156 πρὸς
2819 1084 2897 1154 τῷ
2937 1085 3076 1137 τέλει
3111 1085 3303 1154 φησίνο
3347 1083 3502 1138 ἰδοὺ
3548 1085 3603 1135 οί
3633 1082 3810 1151 λόγοι

2233 1177 2723 1247 ἐσφραγισμένοιο
2755 1177 2852 1230 καὶ
2888 1177 3176 1241 ,βούλεται
3224 1176 3445 1241 αὐτοὺς
3475 1173 3622 1246 [242]
3652 1174 3811 1227 ἀσα-

2233 1268 2366 1338 φεῒς
2392 1265 2563 1322 εἶναι.
2591 1269 2760 1323 Τοῦτο
2793 1272 2935 1322 ποιεῖ
2959 1269 3053 1322 καὶ
3074 1268 3233 1332 αὐτὸς
3260 1268 3350 1322 διὰ
3377 1267 3697 1339 παραϐολῶν
3726 1267 3818 1319 λέ-

2233 1363 2515 1434 γων.”ορα
2543 1360 2814 1432 πανταχοῦ
2860 1361 2976 1425 πῶς
3008 1361 3105 1432 τὴν
3145 1361 3420 1432 βασιλείαν
3451 1361 3686 1432 ἐπαίρει,
3718 1360 3816 1413 ἵνα

2237 1454 2400 1524 μηδὲν
2427 1453 2759 1526 ἀνθρώπινον
2784 1454 3148 1528 ὑποπτεύσῃς.
3171 1456 3236 1508 El
3261 1455 3370 1526 γὰρ
3390 1455 3484 1508 καὶ
3505 1456 3684 1508 πᾶσαν
3707 1453 3817 1522 τὴν

2232 1545 2337 1616 γῆν
2381 1547 2642 1616 κατέσχον
2689 1547 2739 1599 ol
2787 1547 3079 1618 ἄνθρωποι,
3124 1547 3240 1601 ἀλλ’
3263 1548 3363 1599 οὐκ
3412 1547 3520 1614 ἀεὶ,
3561 1546 3680 1599 οὐδὲ
3727 1549 3816 1608 είς

2233 1639 2455 1710 ἄπειρον
2500 1639 2686 1693 αίῶνα.
2719 1640 2828 1694 Καὶ
2864 1641 2937 1710 μή
2975 1658 3065 1712 μοι
3090 1640 3293 1709 λεγέτω
3336 1658 3439 1703 τις,
3470 1641 3550 1693 ὅτι
3599 1639 3821 1710 βραχὺν

2234 1730 2421 1801 χρόνον
2465 1730 2635 1798 λέγει.
2660 1730 2732 1784 Τὸ
2762 1731 2900 1802 γὰρ,
2918 1735 2999 1786 Οῠ
3035 1733 3480 1801 παρελεύσεται.
3513 1731 3566 1783 τί
3613 1734 3766 1785 ἐστιν
3795 1749 3816 1794 ;

2234 1825 2376 1879 οὐδὲ
2407 1824 2562 1878 ἔθνει
2589 1823 2764 1891 ἑτέρῳ
2788 1825 3133 1891 δοθήσεται;
3181 1823 3284 1878 Καὶ
3310 1825 3410 1894 ὅρα
3437 1822 3506 1876 τὰ
3532 1823 3672 1876 κατὰ
3703 1825 3818 1875 Aa-

2237 1923 2377 1989 ρεῖον
2409 1919 2502 1972 καὶ
2543 1919 2880 1981 Μακεδόνας.
2917 1917 3073 1980 Τίνος
3103 1917 3286 1970 ἕνεκεν
3315 1915 3522 1979 ταῦτα;
3551 1915 3652 1968 Διὰ
3679 1915 3820 1978 τοὺς

2248 2011 2549 2074 Ἰουδαίους.
2576 2010 2674 2064 Διὰ
2710 2009 2867 2064 τοῦτο
2912 2011 3002 2063 καὶ
3045 2009 3386 2079 Ἀλέξανδρος
3413 2007 3821 2079 ,προσεκύνησε

2233 2105 2324 2159 τὸν
2352 2105 2498 2169 ναὸν,
2528 2104 2602 2168 ῶς
2625 2121 2776 2173 φασι,
2805 2103 2867 2156 τὸ
2893 2103 3092 2173 βιϐλίον
3121 2103 3274 2154 τοῦτο
3303 2099 3424 2154 ἰδών
3452 2117 3464 2129 ·
3493 2102 3587 2152 καὶ
3607 2099 3820 2169 Ἔλλη-

2235 2215 2324 2261 νες
2373 2196 2686 2266 ἐθαύμασαν
2730 2195 2894 2249 αὐτοῦ
2937 2195 3036 2267 τὴν
3082 2195 3233 2264 ἰσχὺν
3278 2193 3378 2263 τῆς
3423 2195 3818 2264 προρρήσεως.

2237 2291 2372 2362 Περὶ
2393 2288 2597 2343 τούτων
2629 2288 2802 2351 οὐδεὶς
2833 2283 3004 2353 εἶπεν,
3031 2288 3144 2342 ἀλλ’
3172 2288 3204 2358 ἢ
3234 2283 3387 2351 οὗτος
3414 2287 3590 2356 μόνος.

2830 2425 3082 2478 ΚΕΦΑΛ.
3124 2425 3203 2477 H’.

2317 2538 2420 2590 Ἐν
2443 2535 2560 2590 ἕτει
2581 2538 2752 2605 τρίτῳ
2779 2536 2888 2605 τῆς
2910 2536 3232 2602 βασιλείας
3251 2533 3568 2602 Βαλτάσαρ
3599 2533 3828 2601 ὅρασις

2236 2629 2400 2700 ὤφθη
2439 2632 2587 2700 πρός
2628 2647 2725 2699 με,
2760 2628 2873 2696 ἐγὼ
2904 2628 3148 2694 Δανιὴλ,
3180 2628 3330 2697 μετὰ
3366 2627 3480 2694 τὴν
3519 2628 3831 2695 όφθεῖσάν

2232 2741 2332 2793 μοι
2358 2723 2427 2776 ἐν
2453 2722 2527 2790 τῇ
2553 2721 2729 2791 ἀρχῇ.
2759 2722 2867 2777 Kal
2893 2719 3058 2776 εἶδον
3093 2723 3162 2775 ἐν
3193 2720 3267 2789 τῇ
3295 2721 3500 2788 ὁράσει
3523 2733 3536 2747 ·
3569 2719 3667 2774 καὶ
3696 2720 3833 2787 ἐγέ-

2237 2832 2372 2870 νετο
2396 2816 2466 2869 ἐν
2487 2815 2566 2881 τῷ
2587 2815 2731 2869 ἰδεῖν
2751 2833 2847 2885 με,
2883 2816 2981 2869 καὶ
3019 2814 3181 2884 ήμην
3220 2815 3290 2868 ἐν
3317 2815 3571 2879 Σούσοις
3595 2813 3671 2881 τῇ
3695 2815 3793 2877 βά
3816 2849 3828 2854 -

2229 2923 2344 2975 ρει,
2369 2907 2408 2974 ἢ
2430 2908 2600 2961 ἐστιν
2627 2908 2696 2961 ἐν
2717 2906 2876 2976 χόφῃ
2908 2907 3108 2976 Ἐλάμ.
3132 2906 3241 2960 Kal
3265 2903 3428 2961 εἶδον
3446 2907 3515 2960 ἐν
3542 2905 3828 2975 ὁράματι,

2238 2998 2334 3051 καί
2359 2997 2518 3067 ἤμην
2544 2997 2640 3051 ἐπὶ
2659 2998 2764 3051 τοῦ
2792 2997 3009 3053 Οὑϐάλ.
3034 2998 3140 3052 Kal
3161 2994 3275 3066 ἦρα
3301 2998 3442 3064 τοὺς
3469 3000 3834 3068 ὀφθαλμούς

2234 3108 2372 3160 μου,
2402 3089 2500 3143 καὶ
2526 3087 2720 3144 εἶδον·
2765 3089 2863 3142 καὶ
2907 3089 3036 3143 ίδοὺ
3065 3089 3226 3159 κριὸς
3261 3085 3349 3155 εἷς
3388 3091 3662 3157 έστηκὼς
3701 3093 3832 3160 πρὸ

2237 3183 2344 3236 τοῦ
2380 3182 2597 3236 Οὺϐάλ·
2617 3182 2714 3236 καὶ
2743 3180 2901 3246 αὐτῷ
2935 3181 3168 3250 κέρατα,
3193 3183 3290 3236 καί
3316 3183 3387 3236 τὰ
3414 3182 3634 3252 κέρατα
3654 3186 3830 3251 ὑψη-

2237 3273 2349 3327 λά·
2408 3273 2507 3327 καὶ
2549 3273 2615 3326 τὸ
2659 3272 2730 3326 ἐν
2759 3274 3136 3341 ὑψηλότερον
3177 3273 3282 3327 τοῦ
3326 3273 3555 3341 ἐτέρου,
3601 3274 3702 3326 καὶ
3751 3277 3830 3327 τὸ

2239 3366 2614 3434 ὑψηλότερον
2673 3363 2982 3418 ἀνέϐαινεν
3039 3364 3130 3417 ἐπ’
3160 3363 3450 3434 ἐσχάτων.
3495 3365 3605 3419 Kal
3651 3361 3834 3419 εἶδον

2238 3461 2344 3513 τὸν
2384 3459 2552 3527 κριόν
2581 3456 2952 3527 κερατίζοντα
2987 3456 3137 3511 κατὰ
3182 3458 3521 3524 θάλασσαν,
3549 3457 3648 3510 καὶ
3672 3458 3832 3526 βοί-

2231 3549 2370 3619 ρᾶν,
2397 3550 2494 3603 καὶ
2525 3548 2725 3615 νότον,
2762 3549 2863 3605 καὶ
2891 3549 3030 3603 λίϐα
3049 3566 3061 3579 υ
3105 3548 3203 3602 καί
3231 3549 3427 3603 πάντα
3448 3548 3519 3602 τὰ
3540 3550 3718 3616 θηρία
3747 3553 3832 3603 οὐ

2239 3643 2566 3710 στήσονται
2597 3642 2851 3696 ἐνώπιον
2877 3643 3082 3708 αὐτοῦ,
3111 3643 3209 3695 καί
3238 3643 3350 3697 οὐκ
3379 3639 3458 3712 ἦν
3482 3646 3514 3696 ό
3547 3643 3829 3710 ἐξαιρού-

2237 3752 2418 3805 μενος
2447 3734 2516 3788 ἐκ
2544 3733 2740 3803 χειρὸς
2765 3733 2949 3787 αὐτοῦ
2970 3751 2983 3765 ·
3013 3733 3111 3787 καὶ
3136 3733 3386 3802 ἐποίησε
3415 3735 3564 3787 κατὰ
3587 3733 3830 3802 θέλημα

2240 3827 2446 3891 αὐτοῦ,
2482 3826 2579 3880 καί
2609 3827 3001 3895 ἐμεγαλύνθη.
3041 3824 3152 3878 Kal
3190 3824 3304 3894 ἐγὼ
3342 3824 3504 3892 ἥμην
3547 3825 3785 3878 συνιών
3808 3845 3823 3856 ·

2241 3920 2339 3975 καί
2382 3919 2510 3974 ὶδοὺ
2565 3918 2777 3988 τράγος
2838 3917 3020 3988 αἰγῶν
3066 3916 3282 3986 ἤρχετο
3338 3918 3456 3972 ἀπὸ
3500 3918 3670 3983 λιϐὸς
3720 3919 3824 3972 ἐπὶ

2241 4008 2561 4075 πρόσωπον
2587 4004 2789 4074 πάσης
2813 4004 2922 4074 τῆς
2938 4003 3079 4075 γῆς’
3114 4006 3211 4059 καί
3245 4007 3355 4060 οὐκ
3382 4003 3460 4076 ἦν
3483 4007 3830 4076 ἁπτόμενος

2241 4096 2351 4165 τῆς
2380 4095 2522 4168 γῆς’
2561 4096 2658 4150 καὶ
2699 4094 2779 4161 τῷ
2819 4096 3012 4167 τράγῳ
3051 4097 3260 4160 ἐκείνῳ
3300 4097 3478 4165 κέρας
3522 4099 3832 4166 θεωρητὰ·

2242 4186 2358 4242 ἀνὰ
2385 4185 2580 4256 μέσον
2628 4185 2746 4240 τῶν
2787 4186 3108 4258 ὀφθαλμῶν
3157 4188 3362 4242 αὐτοῦ.
3411 4188 3521 4242 Kal
3561 4184 3753 4258 ἦλθεν
3792 4194 3831 4244 ό

2241 4279 2459 4349 τράγος
2488 4279 2597 4346 ἕως
2623 4280 2730 4333 τοῦ
2763 4279 2930 4347 κριοῦ
2966 4279 3069 4334 τοῦ
3109 4281 3180 4332 τὰ
3207 4278 3422 4348 κέρατα
3453 4281 3726 4351 ἔχοντος,
3752 4283 3832 4336 ὃν

2243 4368 2406 4425 εἶδον
2448 4369 2676 4425 ἑστῶτα
2712 4370 2968 4426 ἐνώπιον
3015 4371 3119 4425 τοῦ
3167 4371 3365 4425 Οὺϐάλ
3388 4387 3400 4400 ·
3452 4373 3551 4425 καὶ
3601 4372 3832 4445 ἔδραμε

2244 4463 2392 4532 πρὸς
2419 4463 2604 4517 αὐτὸν
2633 4463 2704 4516 έν
2737 4462 2882 4532 ὀργῇ
2901 4476 2927 4504 ει
2958 4461 3066 4531 τῆς
3095 4464 3308 4531 ίσχύος
3331 4463 3539 4518 αὐτοῦ.
3585 4465 3694 4517 Kal
3739 4465 3831 4518 εῖ-

2244 4555 2353 4608 δον
2367 4554 2551 4607 αὐτὸν
2569 4553 2884 4624 φθάσαντα
2902 4552 3011 4618 ἕως
3031 4553 3136 4607 τοῦ
3157 4553 3346 4622 κριοῦ,
3372 4554 3468 4606 καί
3490 4554 3830 4625 ἐξηγριώθη

2243 4647 2393 4715 πρὸς
2418 4645 2621 4712 αὑτὸν,
2651 4645 2748 4699 καὶ
2768 4647 2978 4699 ἐπαισε
3000 4646 3105 4699 τὸν
3123 4647 3310 4713 κριὸν,
3335 4647 3434 4700 καὶ
3456 4647 3833 4716 συνέτριψεν

2244 4740 2546 4808 ἀμφότερα
2570 4738 2641 4792 τὰ
2681 4739 2896 4806 κέρατα
2917 4739 3129 4792 αὺτοῦ·
3157 4739 3252 4792 καὶ
3277 4741 3389 4792 οὐκ
3417 4735 3495 4809 ἦν
3528 4741 3710 4808 ἰσχὺς
3744 4742 3833 4808 τῷ

2246 4830 2388 4899 κριῷ
2417 4831 2522 4884 τοῦ
2549 4828 2769 4898 στῆναι
2784 4829 3038 4884 ἐνώπιον
3067 4831 3272 4886 αὑτοῦ.
3301 4831 3413 4884 Kal
3444 4832 3694 4900 ἔρριψεν
3716 4836 3832 4886 αὐ-

2246 4921 2352 4976 τὸν
2383 4922 2480 4975 ἐπὶ
2518 4921 2631 4989 τὴν
2673 4921 2809 4992 γῆν.
2859 4921 2959 4975 καὶ
2999 4921 3427 4990 συνεπάτησεν
3463 4925 3672 4987 αὑτὸν,
3723 4925 3832 4977 καὶ

2244 5014 2357 5066 οὐκ
2387 5008 2464 5081 ἦν
2491 5013 2524 5064 ό
2549 5010 2966 5080 ἐξαιρούμενος
2985 5009 3092 5064 τὸν
3111 5013 3280 5078 κριόν
3299 5010 3368 5063 ἐκ
3391 5012 3592 5079 χειρὸς
3611 5012 3830 5066 αὐτοῦ.

2246 5101 2356 5156 Kal
2378 5103 2411 5155 ό
2443 5099 2654 5169 τράγος
2681 5098 2799 5153 τῶν
2827 5099 3010 5169 αἰγῶν
3033 5099 3408 5168 ἐμεγαλύνοη
3433 5099 3543 5167 ἓως
3564 5101 3829 5170 σφόδρα.

2246 5192 2356 5247 Kal
2397 5192 2466 5244 ἐν
2506 5189 2585 5256 τῷ
2624 5191 2876 5260 ἰσχῦσαι
2916 5191 3120 5255 αὑτὸν,
3168 5193 3492 5261 συνετρίϐη
3534 5193 3602 5246 τὸ
3645 5193 3836 5260 κέρας

2247 5284 2432 5338 αὑτοῦ
2463 5283 2526 5337 τὸ
2552 5283 2736 5353 μέγα·
2771 5283 2869 5337 καί
2910 5284 3094 5350 ἀνέϐη
3124 5282 3390 5352 τέσσαρα
3425 5285 3645 5352 κέρατα
3674 5287 3835 5339 ὐπο-

2250 5377 2511 5432 κάτωθεν
2552 5377 2736 5431 αὐτοῦ
2783 5379 2869 5443 εὶς
2903 5376 3044 5442 τοὺς
3078 5376 3377 5444 τέσσαρας
3416 5377 3678 5448 ἀνέμους
3719 5379 3844 5432 τοῦ

2316 5646 2342 5671 ⁸
2369 5643 2436 5691 lla
2457 5644 2504 5690 in
2528 5641 2749 5691 Hebraeo.
2774 5642 2837 5689 At
2859 5655 2986 5690 nunc
3010 5644 3058 5690 in
3085 5642 3416 5692 Thendolione
3451 5656 3510 5692 ac
3531 5647 3582 5693 in
3605 5641 3848 5693 Theodo—

628 5696 660 5728 ¥
697 5694 898 5766 (Emissa
917 5706 1032 5749 sunt
1052 5714 1196 5751 voces
1215 5706 1502 5766 sequentes,
1515 5704 1593 5750 καὶ
1618 5704 1812 5766 καιρῶν,
1825 5703 1904 5752 καί
1925 5720 1977 5765 γε
2001 5705 2137 5766 ἥμιση.

2253 5712 2362 5753 relo
2387 5702 2593 5765 legimus
2611 5708 2749 5766 ὁρμῇ.
2777 5703 3087 5766 Frequenter
3107 5718 3169 5755 ex
3194 5707 3304 5755 istis
3323 5703 3517 5755 duobus
3550 5703 3842 5755 nominibus

574 5759 759 5821 καιροῦ.

2255 5780 2406 5816 unum
2427 5780 2513 5828 pro
2535 5766 2629 5817 alio
2643 5765 2862 5816 Scribth
2883 5765 3082 5816 librarii.
