4126 6294
475 191 582 251 2'55

469 309 731 378 siquidem
758 313 813 368 in
839 315 903 370 iis
931 319 1092 373 venit.
1124 321 1193 375 Et
1217 324 1291 378 illi
1320 326 1512 383 delatus
1539 338 1613 383 est
1640 330 1815 387 honor.
1864 333 2033 399 Quem

469 400 697 457 habebat
723 406 941 463 scilicet.
965 410 1035 463 Et
1057 416 1250 483 pepuli,
1274 402 1449 482 tribus,
1476 422 1660 490 lingua:
1682 423 1778 493 ipsi
1800 427 2029 480 servient.

466 489 823 564 Principatum
864 502 1059 556 etenim
1092 504 1317 560 habebat
1357 518 1509 564 antea
1533 489 1557 576 ,ν
1579 489 1711 568 tunc
1728 530 1855 570 vero
1884 518 2031 575 illum

463 582 635 652 ipsum
661 601 819 656 quem
847 592 1116 648 obtinebat
1140 599 1359 667 accepit.
1387 600 1515 655 Nam
1542 604 1677 658 sicut
1699 607 1751 659 in
1778 607 1931 663 Patre
1951 612 2034 665 in-

464 675 651 746 telligis
674 682 915 749 capillos,
943 694 995 740 et
1020 688 1217 757 reliqua
1248 707 1260 741 :
1288 691 1359 745 ita
1387 703 1440 746 et
1469 695 1605 749 istud
1635 700 2024 766 accipiendum.

458 763 588 820 Cum
608 777 786 824 autem
816 773 994 841 audis,
1026 775 1215 831 Datum
1241 790 1341 847 est,
1372 792 1427 837 et
1451 786 1552 839 alia
1582 787 1632 841 id
1662 763 1828 858 genus
1848 832 1863 856 ,
1894 793 2025 849 nihil

457 853 743 915 humanum
772 867 1075 934 suspiceris,
1106 885 1204 925 nec
1228 871 1426 929 humile
1449 876 1515 931 de
1535 878 1687 934 Filio.
1710 880 1857 937 Sicut
1878 885 2019 940 enim

454 947 636 1003 videns
661 966 783 1007 eum
811 956 900 1024 qui
937 960 1110 1014 senuit
1129 1001 1143 1022 ,
1177 979 1282 1017 non
1320 980 1503 1021 senem
1531 952 1803 1029 arbitraris
1828 994 1840 1030 :
1870 978 1940 1033 ita
1966 990 2022 1035 et

451 1046 661 1094 cetera.
686 1042 800 1098 Noli
821 1048 1015 1118 quippe
1036 1054 1460 1121 perspicuitatem
1486 1059 1539 1113 in
1560 1063 1848 1133 prophetiis
1868 1085 2014 1139 qua:-

450 1140 567 1181 rere
590 1170 607 1193 ,
637 1130 725 1185 ubi
756 1136 955 1191 umbrae
984 1150 1106 1194 sunt
1131 1157 1192 1196 ac
1219 1146 1496 1215 aenigmata
1526 1168 1539 1201 :
1571 1157 2015 1221 quemadmodum

448 1218 498 1270 in
528 1218 733 1290 fulgure
757 1241 860 1279 non
889 1230 1120 1299 exquiris
1147 1234 1321 1290 lumen
1348 1218 1675 1308 perpetuum,
1704 1247 1797 1301 sed
1822 1252 2015 1307 suiiicit

443 1308 485 1360 si
514 1312 672 1366 modo
700 1328 967 1384 appareat.
999 1323 1086 1377 15.
1122 1323 1331 1381 Horruit
1357 1331 1562 1398 spiritus
1590 1352 1727 1390 meus
1746 1380 1761 1403 ,
1790 1355 1879 1410 ego
1906 1341 2012 1395 Da-

440 1400 539 1452 niel
566 1401 619 1455 in
639 1404 811 1459 habitu
838 1426 945 1463 meo
967 1428 985 1464 :
1005 1423 1052 1467 et
1075 1414 1285 1471 visiones
1305 1420 1484 1488 capitis
1505 1426 1600 1477 mei
1624 1427 1888 1483 turbabant
1909 1450 2003 1487 me.

438 1487 625 1546 Merito
670 1496 770 1550 sub
807 1510 1022 1568 aspectu
1062 1519 1246 1560 eorum
1278 1524 1393 1577 qua:
1420 1513 1684 1571 videntur.
1718 1519 1924 1576 Patrem
1953 1535 2006 1579 ct

438 1581 628 1638 Filium
674 1587 771 1642 iste
798 1599 852 1643 et
896 1592 1094 1660 primus
1120 1606 1171 1650 et
1199 1599 1344 1653 solus
1370 1642 1383 1665 ,
1433 1613 1487 1657 ut
1530 1606 1582 1659 in
1612 1608 2000 1685 visionekvidet.

433 1674 568 1741 Quid
590 1677 659 1733 ad
690 1679 790 1736 hoc
830 1688 1184 1753 respondeant
1209 1690 1422 1747 Judaai?
1465 1694 1596 1751 Cum
1623 1701 1763 1755 enim
1795 1674 1999 1759 [lomini

431 1764 692 1824 adventus
728 1770 979 1843 deinceps
1022 1780 1237 1849 propior
1275 1782 1480 1841 futurus
1512 1801 1686 1857 esset,
1718 1796 1909 1849 merito
1944 1809 1999 1853 et

431 1859 658 1916 visiones
683 1866 953 1925 mirabiles
972 1884 1245 1941 apparent.
1276 1878 1360 1933 16.
1392 1898 1410 1930 ί
1441 1881 1505 1935 Et
1525 1888 1723 1940 accessi
1746 1889 1812 1942 ad
1835 1907 1995 1947 unum

424 1950 801 2024 assistentium,
830 1970 885 2012 et
914 1963 1187 2019 veritatem
1217 1967 1283 2023 de
1316 1971 1396 2026 bis
1422 1977 1665 2032 omnibus
1693 1985 1992 2050 quierebam

423 2039 489 2093 ab
514 2056 577 2095 eo
606 2043 829 2103 discere.
861 2049 929 2104 Et
956 2052 1090 2110 dixit
1117 2056 1246 2112 mihi
1273 2063 1543 2119 veritatem
1563 2108 1578 2133 ,
1606 2078 1659 2123 et
1684 2085 1989 2131 sermonum

420 2128 904 2202 interpretationem
932 2144 1184 2202 indicavit
1206 2150 1355 2205 mihi.
1385 2171 1404 2204 ι
1431 2155 1723 2229 interrogat
1745 2179 1988 2233 quamam

418 2223 629 2279 tandem
660 2242 840 2286 essent
877 2250 994 2304 quae
1030 2242 1359 2310 apparebant
1384 2264 1398 2301 :
1425 2258 1477 2303 et
1502 2251 1753 2309 edocetur
1779 2258 1846 2313 de
1870 2262 1984 2316 An-

416 2312 653 2370 tichristo
676 2360 691 2383 ,
742 2332 795 2375 et
824 2323 980 2380 discit
1016 2345 1234 2400 regnum
1264 2338 1405 2404 quod
1436 2356 1539 2395 non
1581 2342 1740 2401 habet
1801 2349 1985 2408 ﬁnem.

413 2403 496 2457 l7.
530 2425 547 2457 ε
582 2409 707 2476 Ha},
749 2433 769 2467 ι
804 2416 1000 2488 inquit,
1039 2442 1058 2473 ί
1091 2424 1534 2501 bestiaemagnae,
1566 2446 1791 2506 quatuor

408 2511 744 2573 consurgent.
765 2509 851 2565 18.
880 2512 945 2567 Ει
965 2518 1131 2572 sancti
1153 2520 1406 2578 Altissimi
1428 2530 1715 2598 suscipieut
1735 2550 1973 2605 regnum,

406 2599 459 2644 et
497 2592 809 2654 obtinebunt
843 2604 969 2659 illud
1005 2623 1172 2678 usque
1210 2612 1262 2667 in
1306 2618 1583 2689 smculum,
1624 2633 1677 2677 ct
1720 2642 1885 2698 usque
1922 2632 1973 2686 in

403 2686 650 2742 saeculum
686 2694 1020 2751 sreculorum.
1055 2701 1141 2755 19.
1186 2704 1249 2759 Et
1276 2686 1576 2775 quaarebam
1603 2686 1882 2787 diligenier
1910 2722 1973 2777 de

399 2775 565 2834 bestia
601 2793 783 2851 quarta
808 2828 823 2852 ,
856 2792 974 2859 quia
1006 2804 1120 2848 erat
1156 2796 1364 2854 diversa
1403 2805 1471 2858 ab
1511 2811 1653 2863 omni
1681 2812 1844 2867 bestia
1870 2857 1884 2879 ,
1918 2825 1971 2871 et

399 2871 646 2927 terribilis
692 2878 846 2933 valde
893 2899 905 2935 :
952 2884 1137 2940 dentes
1190 2890 1306 2958 ejus
1354 2892 1505 2949 ferrei
1534 2939 1548 2961 ,
1607 2916 1807 2970 ungues
1854 2906 1968 2974 ejus

389 3246 693 3293 excusserat
706 3240 945 3309 priorum
978 3249 1076 3304 tria
1106 3268 1119 3304 :
1150 3262 1201 3307 et
1229 3270 1392 3311 cornu
1417 3300 1432 3322 ,
1473 3262 1554 3314 cui
1592 3275 1744 3320 erant
1784 3270 1953 3337 oculi,

385 3330 437 3375 et
458 3338 518 3378 os
542 3327 759 3397 loquens
785 3337 1023 3404 grandia,
1050 3350 1105 3395 et
1125 3356 1371 3413 aspectus
1394 3349 1509 3418 ejus
1536 3355 1704 3423 major
1724 3362 1951 3415 caeteris.

382 3411 469 3468 21.
493 3418 822 3488 Aspiciebam
845 3467 859 3493 ,
891 3436 945 3481 et
981 3446 1145 3487 cornu
1185 3411 1313 3491 illud
1353 3411 1577 3497 iaciebat
1601 3411 1948 3508 bellumeum

378 3508 609 3576 sanctis,
641 3521 697 3567 et
739 3520 1013 3584 praevaluit
1051 3524 1305 3583 adversus
1348 3546 1459 3599 eos,
1492 3535 1579 3588 2:2.
1610 3537 1777 3596 donec
1802 3548 1948 3601 venit

374 3597 619 3667 antiquus
646 3603 875 3676 dierum,
904 3621 955 3665 et
980 3613 1233 3683 judicium
1263 3619 1405 3675 dedit
1430 3597 1626 3680 sanctis
1648 3629 1902 3689 Altissimi
1928 3653 1940 3688 :

372 3698 426 3741 et
458 3699 663 3763 tempus
691 3699 926 3770 advenit,
960 3713 1013 3758 et
1041 3723 1265 3778 regnum
1292 3713 1630 3773 obtinuerunt
1658 3725 1845 3777 sancti.
1877 3727 1943 3781 Et

370 3780 505 3837 dixit
538 3787 615 3841 sic
643 3806 657 3841 :
686 3790 775 3847 23.
806 3793 979 3849 Bestia
1019 3811 1205 3868 quarta
1236 3820 1455 3874 regnum
1485 3822 1730 3879 quartum
1756 3818 1857 3872 erit
1885 3820 1937 3875 in

370 3880 546 3942 terra,
596 3881 738 3948 quod
781 3888 1051 3953 superabit
1094 3894 1270 3947 omnia
1316 3913 1509 3967 regna.
1565 3912 1619 3956 et
1664 3906 1939 3966 devorabit

365 3979 577 4023 omnem
604 3979 823 4043 terram,
848 3986 900 4033 et
923 3983 1250 4040 conculcabit
1278 4004 1415 4058 eam,
1447 4004 1500 4048 et
1527 3999 1769 4055 concidet
1792 4018 1932 4059 eam.

362 4057 450 4114 21.
483 4061 551 4117 Ει
577 4064 761 4122 decem
788 4085 982 4127 cornua
1011 4076 1172 4146 ipsius
1198 4080 1381 4137 decem
1410 4101 1560 4157 reges
1580 4106 1929 4166 consurgent;

361 4162 413 4206 et
435 4164 554 4224 post
573 4171 666 4213 eos
686 4174 969 4234 consurget
987 4169 1143 4235 alius,
1169 4173 1255 4241 qui
1284 4180 1555 4245 superabit
1574 4186 1727 4240 malis
1747 4162 1931 4246 omnes

359 4246 595 4315 priores,
627 4260 682 4305 et
724 4261 832 4309 tres
871 4272 1024 4328 reges
1063 4262 1378 4321 humiliabit.
1422 4271 1510 4325 25.
1560 4273 1627 4327 Et
1654 4292 1929 4337 sermones

358 4348 539 4393 contra
568 4343 896 4402 Altissimum
930 4351 1172 4423 loquetur
1195 4399 1208 4420 ,
1241 4367 1295 4412 et
1322 4371 1533 4417 sanctos
1561 4367 1817 4425 Altissimi
1842 4374 1926 4428 in—

354 4425 613 4487 veterabit
634 4475 651 4501 ,
683 4447 739 4492 et
772 4441 1023 4509 cogitabit
1053 4458 1258 4504 mutare
1293 4459 1527 4522 tempora
1558 4467 1611 4512 et
1641 4459 1841 4531 legem;
1874 4472 1928 4519 et

351 4520 593 4577 tradetur
632 4526 683 4579 in
715 4546 873 4585 manu
903 4534 1018 4603 ejus
1046 4552 1211 4608 usque
1251 4542 1316 4596 ad
1354 4520 1561 4616 tempus
1598 4520 1719 4619 (a):
1735 4553 1824 4609 26.
1856 4556 1925 4611 Et

348 4609 605 4679 judicium
642 4621 809 4687 sedit;
850 4635 903 4680 et
938 4629 1286 4701 principatum
1325 4638 1441 4706 ejus
1479 4642 1825 4711 transferent,
1866 4661 1924 4705 ut

346 4702 556 4761 deleant
576 4718 629 4763 et
661 4711 967 4782 disperdant
994 4737 1159 4791 usque
1181 4725 1232 4778 in
1257 4702 1434 4784 linem.
1465 4731 1553 4785 27.
1583 4734 1649 4789 Et
1668 4702 1916 4809 regnum,

344 4805 396 4848 et
428 4808 682 4869 potestas,
708 4813 760 4859 et
786 4811 1090 4878 magnitudo
1113 4831 1292 4886 regum
1320 4822 1410 4889 qui
1432 4823 1615 4881 subter
1634 4805 1791 4885 omne

342 4888 468 4955 lum,
504 4893 624 4948 data
652 4907 774 4952 sunt
800 4904 995 4959 sanctis
1021 4907 1277 4963 Altissimi
1308 4888 1397 4968 :et
1424 4933 1641 4986 regnum
1669 4924 1801 4993 ejus,
1832 4941 1916 4979 re-

336 4992 499 5047 gnum
546 4989 970 5056 sempiternum:
1002 5006 1055 5050 et
1093 5013 1279 5055 omnes
1322 5006 1645 5077 principatus
1685 5016 1917 5073 servient

336 5068 435 5137 ipsi
465 5087 527 5127 ac
554 5075 823 5135 obedient.
861 5083 950 5138 28.
982 5086 1093 5142 Huc
1123 5106 1289 5161 usque
1319 5068 1436 5151 bnis
1468 5068 1631 5155 verbi.
1667 5104 1778 5175 Ego

334 5158 440 5215 niel
470 5178 484 5216 :
511 5168 859 5235 cogitationes
889 5190 1020 5230 mea:
1055 5182 1276 5236 multum
1310 5190 1758 5251 conturbaverunt
1785 5215 1869 5254 me
1892 5244 1906 5268 ,

330 5259 386 5303 et
424 5251 591 5309 forma
624 5274 741 5313 mea
780 5274 979 5320 mutata
1020 5279 1101 5323 est
1137 5286 1150 5323 :
1180 5282 1232 5327 et
1259 5278 1476 5334 verbum
1521 5284 1571 5336 in
1602 5288 1760 5344 corde
1791 5308 1908 5347 meo

329 5350 665 5402 conservavi.
703 5370 724 5403 ι
757 5352 823 5407 Ει
860 5371 1024 5424 quare
1055 5364 1270 5419 verbum
1314 5369 1442 5425 illud
1486 5389 1589 5428 non
1629 5378 1847 5447 dixisti,
1876 5401 1907 5438 ο

326 5435 525 5492 homo?
552 5441 683 5508 Quia
713 5445 779 5499 ad
808 5445 1022 5505 Judaaos
1054 5456 1199 5509 nullo
1230 5462 1386 5515 modo
1414 5469 1685 5533 spectabat
1710 5489 1723 5527 :
1754 5435 1846 5530 scd
1876 5435 1906 5532 e

390 5570 465 5633 (α)
499 5572 1033 5661 lneuria.exscri‘ptoris
1066 5585 1239 5661 factum
1277 5594 1467 5661 videtur
1486 5633 1499 5654 ,
1525 5606 1576 5646 ut
1600 5607 1785 5655 omissae
1810 5613 1904 5661 sint

326 5643 471 5686 voces
494 5645 785 5701 sequentes,
810 5647 857 5691 et
873 5648 1084 5706 tempora
1105 5657 1149 5699 et
1173 5651 1427 5706 dimidium
1449 5643 1689 5722 (timid-iii

1843 215 1909 272 IN
1950 220 2309 281 DANIELEM.

3609 256 3713 315 231

2149 346 2414 396 contrario
2438 344 2489 398 in
2513 347 2685 405 verbis
2705 355 2914 422 quidem
2940 374 3003 415 ea
3031 377 3125 430 per
3143 365 3513 426 obscuritatem
3535 378 3711 431 occul—

2144 431 2320 501 tabat,
2350 436 2400 490 in
2448 441 2702 510 propheta
2730 458 2905 504 autem
2936 461 3269 514 conservavit
3304 462 3355 515 in
3386 466 3563 521 corde.
3608 468 3708 524 Et-

2138 524 2279 578 enim
2306 527 2405 582 sub
2427 529 2580 586 iinem
2602 537 2709 590 ait:
2732 537 2865 594 Ecce
2884 561 3132 603 sermones
3151 552 3335 621 signati
3351 555 3602 625 (Dan.12.
3622 564 3704 631 9);

2138 624 2191 668 et
2230 620 2337 672 vult
2382 621 2502 677 illos
2545 627 2799 684 obscuros
2825 648 2962 690 esse.
3010 638 3063 693 Id
3111 620 3231 697 iacit
3274 620 3431 701 etiam
3480 651 3591 719 ipse
3630 653 3705 723 (α)

2136 706 2313 775 (Jesus
2339 714 2604 786 Christus)
2631 735 2725 789 per
2750 727 3026 792 parabolas
3056 732 3296 802 loquens.
3328 737 3457 795 Vide
3483 706 3705 811 quemn-,-

2133 798 2201 850 do
2241 801 2433 872 ubique
2462 823 2679 876 regnum
2718 816 2937 871 extollat
2974 798 3188 891 Daniel,
3221 837 3278 881 ut
3315 830 3445 885 nihil
3484 798 3700 890 humani

2131 892 2434 958 suspiceris.
2486 899 2597 954 Etsi
2635 906 2774 959 enim
2821 910 3121 967 universum
3162 918 3342 973 orbem
3374 922 3700 980 obtinuerint

2127 977 2397 1047 homines;
2421 998 2475 1041 at
2496 1006 2599 1045 non
2621 1008 2849 1065 semper,
2872 1018 3041 1071 neque
3058 1007 3109 1058 in
3135 1008 3396 1065 inﬁnitum
3418 1018 3693 1072 saeculum.

2124 1069 2232 1126 Nec
2267 1076 2394 1131 mihi
2426 1082 2702 1153 quisquam
2730 1089 2901 1156 dicat,
2940 1069 3099 1152 breve
3139 1108 3344 1171 tempus
3384 1111 3691 1165 memorari.

2121 1166 2258 1233 Quid
2297 1172 2437 1225 enim
2474 1175 2572 1229 sibi
2616 1181 2725 1234 vult
2767 1184 2895 1239 illud
2933 1204 2946 1239 :
2988 1188 3107 1243 Non
3149 1166 3498 1265 pertransibit,
3536 1219 3693 1272 neque

2118 1261 2252 1325 genti
2279 1263 2425 1316 alteri
2452 1267 2676 1322 tradetur
2699 1272 2716 1341 (
2738 1272 2875 1329 Dan.
2907 1277 2960 1330 2.
2988 1281 3057 1333 44
3079 1279 3137 1351 )?
3178 1285 3242 1338 Et
3266 1287 3384 1341 vide
3410 1261 3525 1359 qua:
3554 1261 3691 1348 inter

2118 1347 2331 1405 Darium
2376 1364 2430 1409 et
2466 1356 2777 1418 Macedonas
2815 1378 2960 1434 gesta
2991 1382 3132 1424 sunt.
3180 1374 3345 1440 Quam
3376 1380 3443 1434 ob
3471 1397 3687 1440 causam

2116 1437 2266 1493 hzcc?
2308 1442 2532 1514 Propter
2570 1450 2801 1509 Judteos.
2848 1457 2973 1513 Ideo
3016 1472 3069 1516 et
3108 1437 3409 1523 Alexander
3449 1437 3688 1531 adoravit

2112 1532 2366 1599 templum
2395 1536 2489 1605 (ὁ),
2523 1548 2580 1593 ut
2602 1542 2769 1613 aiunt,
2800 1562 2922 1604 cum
2950 1550 3090 1609 hunc
3116 1556 3345 1615 Danielis
3376 1562 3569 1619 librum
3598 1568 3684 1620 iu-

2109 1623 2371 1687 spexisset
2411 1644 2426 1679 :
2458 1639 2510 1682 et
2536 1630 2703 1687 Graeci
2735 1639 2836 1691 vim
2870 1644 3270 1709 praedictionum
3314 1653 3479 1721 ipsius
3507 1658 3680 1711 admi-

2108 1713 2205 1766 rati
2248 1726 2389 1771 sunt.
2432 1720 2598 1779 Porro
2634 1727 2700 1782 de
2743 1730 2858 1785 istis
2898 1736 3055 1791 rebus
3096 1754 3249 1795 nemo
3284 1742 3532 1815 loquutus
3561 1760 3674 1818 est,

2104 1805 2205 1859 nisi
2236 1807 2322 1864 hic
2350 1812 2517 1869 solus.

2679 1955 2907 2016 CAPUT
2945 1962 3079 2020 Vill.

2170 2077 2219 2129 1.
2254 2096 2272 2128 ι
2316 2080 2372 2134 in
2410 2098 2551 2141 anno
2590 2091 2744 2146 tertio
2768 2097 2915 2164 regni
2955 2097 3242 2159 Baltasaris
3271 2107 3402 2163 visio
3428 2117 3671 2183 apparuit

2094 2166 2222 2221 mihi
2245 2168 2313 2240 (c)
2337 2212 2350 2235 ,
2376 2187 2474 2244 ego
2503 2176 2717 2244 Daniel,
2752 2193 2871 2251 post
2899 2202 3016 2242 eam
3052 2206 3170 2261 quae
3196 2196 3327 2252 mihi
3352 2166 3667 2270 apparuerat

2091 2256 2143 2309 in
2175 2260 2447 2331 principio.
2483 2265 2537 2320 2.
2568 2267 2636 2323 Ει
2659 2271 2766 2326 vidi
2788 2275 2838 2328 in
2866 2256 3106 2334 visione:
3128 2293 3182 2338 et
3206 2284 3401 2343 factum
3422 2256 3515 2347 'cst
3539 2311 3661 2351 cum

2088 2360 2187 2416 ego
2212 2351 2475 2419 viderem,
2505 2367 2559 2413 et
2579 2375 2722 2416 eram
2753 2364 2803 2417 in
2826 2365 2975 2421 Susis
3006 2373 3145 2441 regia
3177 2374 3275 2445 (ά),
3304 2396 3421 2448 quae
3459 2383 3510 2438 in
3540 2401 3663 2455 pro-

2088 2440 2255 2494 vincia
2294 2442 2573 2503 Elamitide
2597 2452 2699 2507 sita
2722 2465 2821 2510 est.
2853 2457 2919 2513 Et
2945 2460 3048 2515 vidi
3072 2440 3140 2519 in
3168 2468 3370 2527 visione
3389 2514 3402 2537 ,
3431 2487 3485 2529 et
3510 2493 3657 2535 eram

2081 2540 2244 2597 super
2287 2533 2438 2589 Ubal.
2480 2538 2532 2593 5.
2576 2542 2644 2597 Ει
2681 2544 2847 2601 levavi
2890 2553 3071 2609 oculos
3106 2573 3274 2628 meos,
3322 2573 3376 2618 et
3426 2569 3526 2622 vidi
3560 2589 3572 2624 :
3601 2584 3655 2627 et

2080 2634 2207 2677 ecce
2244 2626 2383 2681 aries
2414 2645 2547 2686 unus
2590 2642 2737 2690 stans
2781 2651 2904 2695 ante
2936 2642 3109 2700 Ubal:
3145 2658 3199 2704 et
3228 2653 3327 2721 ipsi
3351 2668 3501 2713 erant
3526 2676 3650 2716 cor-

2078 2727 2202 2779 nua,
2239 2726 2292 2769 et
2320 2733 2519 2778 cornua
2546 2728 2755 2782 excelsa
2787 2749 2799 2784 :
2830 2741 2884 2786 et
2912 2750 3073 2792 unum
3095 2744 3357 2799 excelsius
3386 2748 3571 2817 altero,
3596 2766 3651 2810 et

2076 2806 2334 2861 excelsius
2367 2815 2684 2872 ascendebat
2704 2820 2754 2874 in
2785 2828 3060 2881 extremis.
3090 2832 3142 2884 4.
3174 2833 3240 2887 Et
3277 2838 3381 2892 vidi
3425 2844 3645 2901 arietem

2074 2910 2239 2951 cornu
2281 2911 2548 2968 petentem
2591 2920 2777 2966 contra
2823 2930 2989 2986 mare,
3013 2928 3068 2974 et
3103 2926 3422 2996 aquilonem,
3454 2943 3508 2987 et
3550 2950 3644 2990 au-

2069 2997 2238 3044 strum
2274 3002 2329 3047 et
2365 2996 2586 3054 africum
2620 3020 2634 3053 :
2664 3013 2717 3059 et
2741 3020 2928 3065 omnes
2954 3011 3136 3069 bestiae
3163 3033 3269 3073 non
3295 3022 3510 3079 stabunt
3549 3044 3640 3083 co-

2068 3096 2180 3136 ram
2221 3099 2287 3140 eo
2322 3105 2333 3139 :
2366 3098 2419 3143 et
2446 3106 2551 3147 non
2579 3106 2694 3151 erat
2731 3102 2818 3169 qui
2859 3117 3068 3161 erueret
3094 3110 3159 3165 de
3187 3128 3345 3168 manu
3384 3118 3499 3185 ejus
3540 3140 3555 3176 :
3585 3136 3640 3180 et

2065 3172 2187 3225 fecit
2207 3179 2494 3235 secundum
2522 3187 2841 3245 voluntatem
2873 3212 3043 3266 suam,
3067 3209 3121 3254 et
3144 3206 3507 3274 magniﬁcatus
3531 3226 3631 3269 est.

2062 3264 2115 3317 5.
2148 3266 2213 3320 Et
2238 3284 2336 3338 ego
2371 3288 2516 3329 eram
2548 3277 2840 3352 intelligens
2872 3299 2962 3344 :et
2996 3306 3119 3348 ecce
3146 3295 3324 3353 hircus
3355 3316 3630 3372 caprarum

2060 3358 2304 3414 veniebat
2332 3362 2398 3417 ab
2422 3365 2588 3422 africa
2614 3385 2774 3440 super
2802 3378 2988 3435 faciem
3030 3386 3188 3441 totius
3219 3398 3413 3447 terrae:
3441 3407 3493 3450 et
3522 3414 3627 3455 non

2057 3450 2307 3518 tangebat
2348 3464 2543 3513 terram
2591 3478 2603 3513 :
2646 3473 2699 3517 et
2738 3465 2885 3523 hirco
2928 3472 3004 3526 illi
3043 3491 3207 3533 cornu
3251 3486 3535 3551 spectabile
3573 3493 3628 3547 in

2053 3539 2228 3594 medio
2274 3546 2547 3603 oculorum
2594 3552 2726 3622 ejus.
2759 3556 2811 3611 6.
2851 3560 2916 3613 Et
2958 3564 3102 3621 venit
3127 3539 3307 3626 hircus
3354 3591 3520 3647 usque
3558 3582 3623 3635 ad

2050 3628 2273 3686 arietem
2297 3634 2447 3691 illum
2479 3640 2760 3700 habentem
2784 3662 3002 3719 cornua,
3035 3672 3195 3725 quem
3218 3662 3450 3720 videram
3473 3681 3590 3725 stan

2051 3724 2156 3771 tem
2197 3735 2377 3778 coram
2407 3726 2536 3783 Ubal
2566 3750 2576 3783 :
2601 3743 2654 3787 et
2679 3740 2909 3795 cucurrit
2933 3744 2999 3797 ad
3026 3724 3145 3801 eum
3174 3750 3226 3804 in
3252 3753 3328 3808 ira
3359 3755 3620 3816 fortitudi-

2045 3808 2129 3862 nis
2155 3825 2282 3866 suae.
2314 3815 2362 3868 7.
2388 3816 2455 3871 Et
2483 3822 2588 3876 vidi
2614 3840 2733 3880 eum
2754 3834 3058 3897 pervenisse
3080 3855 3245 3910 usque
3270 3846 3336 3900 ad
3365 3849 3614 3911 arietem:

2043 3908 2097 3954 et
2121 3902 2370 3963 eil‘eratus
2392 3920 2473 3965 est
2493 3914 2544 3966 in
2574 3930 2717 3982 eum,
2748 3927 3109 3999 percussitque
3137 3933 3376 4003 arietem,
3408 3949 3461 3994 et
3481 3958 3613 3998 con-

2043 3992 2187 4048 trivit
2212 4005 2430 4069 utraque
2455 4018 2651 4061 cornua
2684 4011 2834 4077 ejus:
2870 4026 2923 4070 et
2948 4034 3053 4074 non
3086 4032 3201 4078 erat
3238 4028 3401 4083 robur
3434 4035 3610 4105 arieti,

2040 4092 2096 4137 ut
2132 4094 2297 4143 staret
2329 4106 2508 4148 coram
2540 4113 2622 4151 eo.
2658 4100 2725 4154 Et
2761 4105 2980 4174 projecit
3018 4111 3189 4180 ipsum
3219 4116 3271 4171 in
3300 4127 3492 4177 terram
3516 4167 3530 4191 ,
3556 4102 3611 4183 et

2036 4178 2367 4236 conculcavit
2394 4184 2599 4253 ipsum,
2628 4199 2681 4245 et
2711 4208 2813 4248 non
2844 4208 2957 4252 erat
2993 4203 3079 4272 qui
3110 4205 3357 4265 liberaret
3386 4215 3606 4274 arietem

2033 4267 2101 4323 de
2142 4286 2300 4328 manu
2335 4276 2470 4346 ejus.
2508 4280 2560 4334 8.
2589 4283 2658 4338 Et
2695 4284 2877 4343 hircus
2920 4267 3196 4363 cap—rarum
3242 4306 3605 4374 magnificatus

2032 4372 2114 4417 est
2139 4364 2330 4419 mirum
2353 4368 2406 4422 in
2433 4372 2669 4428 modum.
2699 4378 2902 4435 Etcum
2924 4384 3267 4446 invalesceret
3295 4394 3410 4464 ipse
3429 4439 3445 4463 ,
3473 4414 3602 4455 con-

2090 4474 2881 4573 in?”Pnilghr‘ist'qkhiidicitur,
2919 4496 3021 4573 ipse
3058 4499 3174 4573 facit
3214 4506 3367 4573 (ποιεῖ
3401 4512 3589 4573 αὐτός),

2730 4538 2739 4539 ,
2752 4538 2761 4539 κ
2774 4538 2783 4540 ,
2798 4538 2817 4541 ν-
2828 4538 2836 4541 .
2920 4538 2933 4544 -
2970 4538 3018 4548 νν
3078 4538 3173 4552 ut,"
3246 4538 3363 4556 ιιυιιι
3434 4538 3537 4560 υἶυ”

2027 4548 2117 4605 per
2141 4538 2370 4638 e‘llipsm}1
2391 4550 2743 4638 emphat‘icam,
2782 4538 2881 4617 qua
2913 4538 3177 4622 u’leba'ntur
3197 4538 3317 4617 dlim
3342 4538 3591 4638 Py‘lhagd:

2027 4611 2126 4638 NP].
2185 4614 2322 4638 Dcnn
2375 4614 2540 4638 nonum
2605 4623 2793 4638 υ-Α-ιι-υ-
2820 4634 2829 4638 -
2875 4623 2922 4638 ι’
2966 4624 2976 4638 ‘
3035 4625 3052 4638 ν

2025 4600 2211 4684 τωξίρξ
2234 4600 2322 4651 suo
2341 4600 2541 4684 dqctore
2569 4600 3135 4684 dicentes?

2088 4661 2156 4720 (b)
2181 4664 2493 4759 S‘up‘ll'a'djﬂl
2523 4685 2534 4719 :
2570 4661 3285 4759 Ate'gcaécie'r'izlib'r'aiiibeum
3324 4696 3587 4759 (προσεκύ-

2797 4727 2830 4729 -_
2876 4727 3095 4738 ..ηνσ-νιυ
3138 4727 3285 4742 υυκσιι
3358 4727 3384 4743 ιι
3418 4727 3586 4747 υυειιυ-

2021 4727 2246 4812 mare,
2269 4730 2408 4789 Θεὸν)
2425 4769 2449 4801 ,_
2470 4740 2711 4812 qugmode
2731 4741 2809 4812 hic
2834 4759 3033 4812 quoque
3067 4753 3165 4812 legi
3201 4727 3586 4809 debelrevnnllus

2395 4784 2401 4789 .
2428 4784 2433 4789 ν
2488 4784 2500 4795 ,
2626 4784 2704 4787 ν-υ
2732 4784 2809 4791 --υ
2835 4784 3033 4808 ιιυιυιιυυ
3068 4784 3165 4812 ηυδε
3201 4784 3387 4804 ucuctc
3419 4784 3581 4809 IIUIIIIS

2022 4784 2195 4834 dubito
2220 4802 2230 4834 :
2256 4803 2346 4839 nec
2369 4793 2500 4843 enim
2533 4798 2731 4851 Macedo
2766 4810 3003 4869 templum
3030 4815 3265 4878 adoravit.
3291 4820 3377 4865 sed
3406 4821 3581 4878 Deum,

2022 4857 2106 4878 αριι
2137 4862 2313 4878 llnmnn
2346 4860 2651 4878 I..¢--....__-__,,,
2696 4870 2705 4878 .
2950 4873 2963 4878 -
2997 4876 3003 4878 Α
3078 4876 3088 4878 _

2019 4857 2314 4942 :iiti‘ome‘n
2346 4860 2803 4942 tetragrammatgi‘n,
2833 4857 3041 4942 quodin
3068 4857 3265 4942 “lamina.
3284 4859 3583 4942 insculptum

2138 4924 2149 4942 ι
2174 4925 2232 4942 ον
2279 4928 2360 4942 vnn
2390 4931 2416 4942 η
2445 4928 2575 4942 ι-ΑΑ-
2621 4932 2658 4942 -‘

2018 4908 2233 4992 pomifer:
2257 4908 3041 4992 iqunggéstabﬁilibinﬁhair;
3286 4908 3582 4992 {iiiis-“2%:

2016 4972 2243 5055 gthud.
2274 4975 2356 5025 lib.
2387 4972 2589 5045 lltcap.
2619 4972 3038 5055 uitiisbIhé'BbEi
3063 4972 3582 5054 lcit.

2071 5026 2084 5029 ‘
2448 5026 2459 5037 '
2489 5026 2589 5045 "‘r'
2619 5026 2807 5051 “'""""V)
2834 5026 2891 5041 συ
2928 5026 3037 5055 μυοι
3069 5026 3212 5047 ΙΙΙυιιι
3246 5026 3447 5052 ιιιιδυυιι

2013 5026 2063 5076 S.
2092 5031 2437 5095 Hieronymus.

2080 5093 2150 5131 (οἳ
2185 5093 2316 5131 Ῐίίριη
2346 5101 2572 5131 lncnnhue
2597 5105 2643 5131 in
2669 5105 2762 5131 am.
2787 5108 2893 5131 In...
2921 5114 3092 5131 .I-_:_-_-
3118 5129 3135 5131 η
3153 5116 3211 5131 με.
3251 5123 3261 5131 .
3289 5117 3302 5131 1
3438 5121 3447 5131 .

2074 5093 2150 5199 (Sc)
2184 5093 2317 5144 Idem
2339 5101 2574 5162 Josephus
2597 5105 2645 5152 in
2668 5105 2763 5157 fine
2787 5108 2896 5158 libri
2918 5114 3092 5162 decimi
3117 5116 3269 5165 refert
3289 5117 3379 5167 hoc
3405 5121 3558 5170 visum
3573 5162 3586 5179 ,

2128 5156 2347 5199 COnfuse-
2373 5174 2427 5199 an
2478 5165 2542 5199 nti
2570 5165 2691 5199 cnlm
2749 5184 2910 5199 ..α-...τη
2936 5184 3152 5199 mum“...
3202 5187 3293 5199 ιη...
3325 5189 3453 5199 μη--
3483 5196 3529 5199 μ

2015 5156 2103 5223 sed
2128 5156 2322 5230 confuse
2336 5196 2357 5230 ,I
2373 5174 2427 5207 ac
2441 5156 2465 5218 ,’
2478 5165 2543 5230 uti
2570 5165 2722 5225 solet,
2746 5156 2911 5230 parum
2933 5184 3171 5225 accurate.
3202 5187 3293 5225 Non
3320 5189 3458 5228 extra
3482 5162 3588 5229 rem

2018 5215 2111 5299 erit
2132 5219 2320 5299 Josrephi
2346 5215 2499 5299 locum
2526 5215 2911 5299 legere'qiudqwue
2935 5238 3056 5296 apud
3082 5246 3122 5285 S.
3153 5238 3534 5299 Chrysostomum
3559 5245 3589 5291 5

2016 5276 2322 5363 (uuqchdm.
2346 5276 2653 5363 I)Iadver§us
2676 5276 2890 5363 Judteids,
2916 5276 3053 5345 utrex
3080 5276 3352 5358 collatidue,
3378 5306 3582 5363 mendis,

2014 5337 2149 5413 (ιυρρΧ
2168 5338 2286 5413 factu
2314 5337 2558 5403 pertacile,
2584 5337 2891 5413 repurgetur:

2077 5398 2152 5457 (d)
2189 5399 2241 5447 In
2264 5398 2437 5461 meo,
2465 5420 2499 5454 ιν
2523 5398 2663 5465 regem}
2688 5398 2868 5473 tﬁuﬁtﬁpu.
2899 5416 2997 5464 Vox
3019 5452 3033 5470 ,
3058 5425 3162 5473 m1
3180 5463 3192 5483 ,
3220 5422 3349 5470 unde
3374 5438 3471 5486 βάρς
3495 5428 3583 5477 de-

2716 5467 2813 5473 ...
3024 5467 3064 5470 .7
3119 5467 3161 5473 ._
3229 5467 3556 5486 _,_,-,_,,-..,

2012 5467 2216 5523 (lllCllUl‘,
2261 5472 2495 5541 significat
2538 5477 2738 5538 plurima
2784 5484 2828 5529 in
2868 5487 3132 5548 Scripturis.
3174 5467 3253 5538 ilic
3290 5501 3487 5548 autem,
3533 5507 3583 5546 ut

2014 5531 2268 5596 existimo,
2308 5536 2488 5625 region:
2527 5531 2753 5625 denotat.l
2779 5531 2984 5604 Josephd
3021 5561 3074 5594 ac
3113 5552 3413 5625 ’lrlieodoreto
3438 5565 3583 5625 atque

2014 5600 2157 5625 nitrum
2184 5598 2344 5625 Nnctrn
2366 5596 2395 5625 ’ἶ
2420 5608 2441 5625 τι
2482 5612 2643 5625 ναι-η...
2680 5610 2735 5625 in,
2762 5618 2853 5625 .-.μη
2914 5616 2941 5625 ..
2967 5614 3103 5625 λιμῶ.-
3132 5623 3141 5625 _
3200 5622 3205 5625 .

2014 5592 2158 5636 etiam
2184 5598 2345 5641 Nostro
2365 5596 2647 5665 5_a_d_versu_s
2669 5604 2872 5665 Judtk‘os,
2892 5592 3167 5665 Metropolis
3189 5622 3446 5663 Persarum
3466 5592 3581 5664 dici—

2015 5658 2091 5697 tur
2114 5652 2217 5700 haec
2242 5659 2371 5703 urbs.
2398 5656 2587 5706 Videsis
2616 5661 2632 5707 l
2656 5664 2809 5713 Esdrtc
2832 5652 2877 5723 6',
2905 5667 2949 5725 2,
2978 5652 3168 5732 et
