4126 6294
445 355 551 409 255

446 470 629 525 tritum
659 472 741 522 est
759 478 923 521 cornu
953 460 1090 516 illius
1120 474 1365 529 magnum
1397 466 1483 512 :et
1512 455 1863 510 ascenderunt
1888 469 2019 523 qua-

453 570 574 614 tuor
601 569 800 613 cornua
841 554 1025 610 subter
1054 550 1206 617 illud,
1239 551 1289 603 in
1318 557 1540 618 quatuor
1579 556 1765 601 ventos
1804 544 1937 598 cadi.
1969 542 2025 598 9.

452 651 517 707 Et
561 664 629 705 ex
660 661 766 702 uno
801 658 984 702 eorum
1006 655 1277 714 egressum
1304 648 1390 693 est
1426 652 1593 692 cornu
1636 650 1797 690 unum
1820 633 1957 688 forte
1986 633 2027 700 ⁸,

454 752 508 798 et
538 741 733 796 factum
756 746 840 794 est
861 734 1061 807 grande
1097 732 1275 794 nimis,
1302 730 1366 785 ad
1388 737 1623 783 austrum
1644 769 1658 793 ,
1686 736 1738 782 et
1763 725 1831 781 ad
1852 724 2031 781 orien-

456 844 588 901 tem,
633 839 690 888 et
731 829 800 885 ad
848 827 1196 883 occidentem.
1250 823 1336 878 l0.
1388 822 1454 876 Et
1508 818 1899 890 magniﬁcatum
1949 824 2034 870 est

462 938 631 994 usque
652 922 718 978 ad
748 922 995 976 virtutem
1039 916 1153 972 caeli
1181 934 1193 969 :
1218 924 1272 970 et
1294 912 1489 983 dejecit
1526 912 1577 965 in
1610 922 1802 965 terram
1828 907 1897 963 de
1924 908 2035 961 vir-

466 1025 580 1073 tute
622 1014 760 1079 caeli,
803 1022 859 1069 et
901 1012 967 1067 de
1015 1008 1205 1075 stellis,
1237 1017 1290 1062 et
1331 1003 1662 1061 conculcavit
1696 1016 1807 1057 eas.
1838 1002 1927 1055 11.
1968 1000 2037 1054 Ει

460 1122 630 1179 usque
656 1106 723 1162 ad
751 1103 1040 1176 principem
1068 1099 1276 1154 virtutis
1310 1095 1699 1168 magniﬁcatum
1729 1099 1812 1148 est
1834 1091 1907 1163 (a)
1938 1107 1951 1144 :
1982 1098 2039 1145 et

461 1215 561 1269 per
585 1199 757 1269 ipsum
786 1193 1103 1251 sacriﬁcium
1149 1188 1414 1245 turbatum
1457 1196 1578 1241 est:
1616 1193 1670 1240 et
1712 1184 1906 1238 factum
1931 1190 2034 1247 est,

463 1301 518 1346 et
547 1301 802 1360 prospere
839 1283 1095 1339 successit
1119 1281 1187 1337 ei.
1220 1280 1306 1334 12.
1337 1280 1402 1333 Et
1434 1276 1789 1332 sanctuarium
1823 1272 2035 1328 desola-

464 1382 606 1436 bitur
635 1397 648 1433 :
673 1389 725 1434 et
751 1378 933 1432 datum
972 1386 1053 1429 est
1095 1388 1254 1442 super
1296 1369 1609 1425 sacriﬁcium
1655 1373 1959 1437 peccaturo,
1986 1370 2043 1417 et

468 1471 701 1543 projecta
747 1476 831 1525 est
867 1468 1011 1522 humi
1045 1466 1267 1535 justitia.
1299 1464 1365 1518 Et
1403 1461 1560 1525 fecit,
1601 1469 1656 1515 et
1699 1472 1953 1530 prospere
1990 1454 2041 1510 ei

467 1564 583 1618 fuit.
616 1562 704 1617 15.
728 1560 797 1615 Et
821 1559 994 1613 audivi
1020 1572 1181 1611 unmn
1211 1565 1448 1608 sanctum
1472 1553 1773 1625 loquentem
1798 1567 1811 1601 :
1836 1557 1889 1603 et
1908 1547 2043 1603 dixit

469 1668 605 1708 unus
648 1659 863 1706 sanctus
904 1647 1175 1704 Phelmoni
1224 1645 1461 1715 loquenti
1515 1661 1528 1696 :
1578 1642 1866 1712 Usquequo
1909 1639 2043 1694 visio

467 1746 649 1811 stabit,
686 1751 741 1798 et
766 1739 1082 1797 sacriﬁcium
1124 1738 1378 1801 ablatum,
1420 1744 1474 1789 et
1518 1742 1793 1804 peccatum
1834 1730 2044 1786 desola-

470 1837 627 1891 tionis
655 1835 856 1898 datum,
904 1841 958 1887 et
994 1840 1257 1896 sanetum,
1297 1837 1353 1883 et
1404 1827 1572 1882 virtus
1616 1822 2044 1880 conculcabitur?

470 1930 559 1982 14.
594 1926 661 1981 Ει
698 1926 836 1980 dixit
869 1924 917 1979 ei
950 1945 961 1979 :
994 1922 1173 1991 Usque
1216 1920 1282 1974 ad
1327 1933 1601 1988 vesperam
1644 1926 1699 1972 et
1736 1930 1895 1970 mane
1930 1914 2047 1969 dies

471 2020 552 2074 bis
594 2018 739 2072 mille
781 2031 842 2070 ac
889 2013 1147 2078 trecenti,
1191 2022 1245 2068 et
1287 2010 1628 2066 mundabitur
1668 2007 2045 2063 sanctuarium.

474 2110 560 2164 15.
588 2109 654 2164 Et
677 2107 871 2162 factum
903 2113 984 2160 est
1007 2104 1132 2159 dum
1167 2102 1403 2157 viderem
1429 2116 1528 2171 ego
1553 2100 1734 2154 Daniel
1764 2098 2044 2163 visionem,

473 2212 526 2256 et
552 2214 849 2272 quaererem
892 2195 1313 2267 intelligentiam.
1347 2194 1416 2248 Et
1464 2208 1589 2248 ecce
1629 2192 1777 2246 stetit
1823 2190 1876 2245 in
1917 2205 2049 2244 con-

476 2300 658 2362 spectu
692 2304 833 2345 meo.
866 2289 933 2344 Et
970 2289 1103 2342 visio
1126 2287 1224 2341 viri
1255 2286 1394 2340 inter
1422 2283 1577 2339 Ubal.
1608 2282 1693 2338 16.
1725 2282 1793 2337 Et
1820 2281 2048 2348 vocavit,

475 2396 530 2441 et
553 2384 685 2439 dixit
712 2402 725 2437 :
752 2382 1005 2447 Gabriel,
1039 2384 1119 2434 fac
1147 2380 1303 2434 istum
1332 2376 1627 2447 intelligere
1649 2376 1927 2429 visionem.
1958 2374 2047 2428 17.

476 2477 544 2531 Et
572 2476 733 2539 venit,
758 2484 811 2529 et
834 2474 980 2529 stetit
1005 2473 1152 2541 juxta
1188 2471 1469 2524 stationem
1499 2482 1693 2523 meam.
1725 2466 1939 2521 Etcum
1964 2464 2055 2519 ille

478 2569 700 2631 veniret,
746 2565 963 2621 territus
1002 2578 1151 2629 sum,
1180 2571 1235 2617 et
1270 2560 1405 2615 cado
1444 2559 1497 2614 in
1539 2558 1726 2614 faciem
1765 2571 1961 2612 meam.
1989 2555 2055 2611 Et

478 2660 610 2715 dixit
650 2658 715 2712 ad
740 2673 827 2713 me
857 2674 873 2715 :
902 2656 1159 2726 Intelligo,
1193 2653 1269 2708 ﬁli
1298 2651 1561 2718 hominis;
1610 2650 1785 2705 adhuc
1814 2650 1957 2704 enim
2001 2649 2056 2703 in

478 2750 735 2821 temporis
777 2750 936 2803 ﬁnem
978 2748 1132 2801 visio.
1176 2745 1265 2800 18.
1307 2744 1544 2813 Cumque
1591 2741 1896 2810 loqueretur
1943 2739 2058 2808 ipse

478 2856 707 2905 mecum,
735 2838 870 2895 cado
899 2842 948 2893 in
982 2837 1168 2892 faciem
1209 2851 1378 2891 meam
1407 2850 1564 2904 super
1591 2841 1787 2888 terram
1816 2850 1830 2886 :
1861 2840 1915 2887 et
1940 2831 2061 2885 teli-

481 2936 558 3005 git
586 2948 692 2996 me,
721 2941 775 2986 et
799 2930 983 2985 statuit
1007 2944 1094 2983 me
1114 2943 1273 2996 super
1300 2926 1462 2995 pedes
1486 2938 1654 2979 meos.
1680 2923 1765 2979 19.
1797 2923 1865 2977 Ει
1889 2922 2056 2977 dixit:

481 3028 620 3082 Ecce
660 3040 760 3095 ego
789 3023 965 3078 indico
1008 3022 1101 3075 tibi
1140 3037 1256 3089 qu:e
1291 3020 1465 3074 futura
1504 3028 1630 3072 sunt
1667 3018 1721 3072 in
1760 3016 2061 3072 novissimis

482 3121 576 3174 ira:
606 3136 619 3171 ε
652 3117 827 3171 adhuc
852 3116 993 3170 enim
1022 3114 1077 3168 in
1109 3112 1363 3182 temporis
1394 3111 1577 3165 ﬁnem.
1604 3109 1694 3165 20.
1725 3109 1878 3164 Aries
1902 3123 2060 3179 quem

485 3212 685 3278 vidisti,
714 3208 803 3279 qui
845 3207 1073 3262 habebat
1103 3220 1301 3261 cornua
1322 3246 1335 3270 ,
1366 3219 1460 3259 rex
1491 3204 1764 3259 Medorum
1794 3211 1876 3257 est
1904 3212 2064 3271 atque

486 3304 789 3359 Persarum.
818 3299 914 3354 21.
947 3298 1011 3353 Ει
1040 3299 1217 3353 hircus
1240 3311 1518 3366 caprarum
1539 3337 1554 3363 ,
1598 3311 1692 3350 rex
1732 3295 2059 3351 Grmcorum.

487 3395 553 3449 Et
580 3409 743 3449 cornu
778 3403 1048 3461 magnum,
1075 3388 1212 3458 quod
1248 3397 1361 3442 crat
1397 3389 1534 3441 inter
1570 3387 1753 3441 oculos
1783 3386 1920 3455 ejus,
1952 3385 2066 3454 ipse

493 3494 575 3541 est
599 3502 692 3539 rex
717 3485 937 3554 primus.
976 3482 1065 3536 22.
1103 3481 1325 3551 thuod
1353 3481 1637 3535 contritum
1668 3487 1779 3544 est,
1810 3488 1865 3533 et
1892 3493 2072 3533 surre-

490 3584 685 3631 xerunt
727 3585 954 3645 quatuor
988 3589 1185 3628 cornua
1212 3572 1395 3626 subter
1433 3572 1634 3640 ipsum;
1665 3579 1892 3639 quatuor
1917 3582 2070 3639 reges

492 3677 816 3738 consurgent
841 3666 909 3721 de
934 3675 1091 3737 gente
1117 3665 1253 3735 ejus,
1278 3672 1333 3719 et
1358 3680 1463 3717 non
1488 3664 1539 3716 in
1570 3661 1878 3717 fortitudine
1903 3661 2067 3717 illius.

494 3762 586 3817 25.
620 3760 689 3815 Et
710 3761 760 3814 in
790 3759 1045 3814 extremis
1072 3758 1219 3827 regni
1246 3757 1511 3825 ipsorum,
1540 3753 1817 3825 completis
1840 3753 2072 3824 peccatis

492 3867 699 3915 eorum,
727 3857 1013 3919 consurget
1035 3863 1128 3903 rex
1169 3846 1447 3917 immidens
1474 3844 1631 3913 facie,
1669 3854 1725 3901 et
1770 3844 2073 3915 intelligens

497 3942 844 4010 problemata.
873 3938 966 3993 21.
1000 3938 1065 3992 Et
1092 3938 1308 3991 robusta
1348 3936 1601 3992 fortitudo
1635 3936 1751 4007 ejus
1770 3977 1784 4001 ,
1808 3945 1864 3991 et
1889 3950 1994 3990 non
2017 3936 2071 3989 in

495 4032 696 4085 viribus
739 4030 892 4084 suis:
928 4036 982 4083 et
1019 4028 1331 4082 mirabiliter
1375 4035 1674 4096 pervertet,
1714 4034 1769 4081 et
1814 4024 1992 4091 faciet,
2020 4033 2075 4080 et

496 4131 800 4191 corrumpet
825 4122 1009 4185 fortes,
1042 4128 1096 4174 et
1117 4120 1364 4189 populum
1390 4126 1652 4173 sanctum.
1680 4118 1774 4173 25.
1807 4117 1873 4171 Ει
1887 4117 2071 4189 jugum

498 4225 699 4272 catena:
719 4214 835 4283 ejus
854 4213 1128 4283 dirigetur.
1155 4212 1318 4267 Dolus
1344 4212 1394 4264 in
1422 4226 1580 4266 manu
1602 4210 1738 4281 ejus,
1762 4220 1816 4266 et
1837 4210 1889 4265 in
1911 4209 2076 4266 corde

497 4321 594 4361 suo
620 4304 1054 4376 magniﬁcabitur,
1080 4313 1135 4359 et
1158 4303 1281 4358 dolo
1302 4302 1541 4358 destruet
1564 4303 1780 4369 multos,
1805 4311 1859 4358 et
1877 4303 1929 4357 in
1958 4318 2078 4373 pcr-

500 4400 701 4455 ditione
730 4397 1018 4452 multorum
1040 4396 1221 4464 stabit,
1244 4406 1300 4452 et
1325 4397 1475 4466 quasi
1507 4410 1607 4452 ova
1628 4397 1680 4451 in
1712 4411 1869 4450 manu
1891 4406 2076 4451 conte-

498 4500 581 4546 ret
606 4504 718 4546 eos.
758 4490 848 4546 26.
881 4490 948 4544 Et
971 4490 1107 4544 visio
1129 4489 1417 4559 veSpertini
1455 4503 1519 4543 ac
1557 4488 1800 4542 matutini
1824 4488 2077 4557 temporis

500 4581 791 4651 supiadicti
838 4594 963 4634 vera
1004 4589 1108 4636 est.
1141 4579 1210 4634 Et
1253 4590 1308 4634 tu
1343 4578 1495 4649 signa
1535 4578 1794 4633 visionem
1818 4618 1834 4643 ,
1876 4579 1998 4647 quia
2024 4578 2076 4632 iu

500 4677 614 4731 dies
645 4675 841 4729 multos
868 4673 989 4728 erit.
1033 4692 1052 4726 ι
1083 4672 1150 4727 Et
1177 4673 1324 4737 dixit,
1350 4672 1537 4742 inquit,
1574 4670 1666 4725 Illi
1699 4672 1937 4725 visionem
1963 4686 2075 4723 ma-

498 4769 702 4838 nifesta,
752 4764 974 4821 Gabriel.
1010 4765 1204 4834 Aspice
1242 4764 1388 4833 jussa
1433 4763 1743 4832 angelorum
1774 4772 1827 4816 et
1852 4761 2079 4816 archan-

496 4864 760 4933 gelorum.
785 4859 1024 4927 Majorne
1061 4867 1143 4913 est
1174 4867 1409 4925 potestas
1434 4856 1575 4911 alia?
1603 4855 1669 4909 Et
1699 4856 1849 4920 venit,
1880 4854 2073 4924 inquit,

496 4966 543 5009 et
571 4954 771 5008 territus
796 4967 927 5005 sum.
954 4949 1020 5003 Et
1045 4952 1173 5002 stetit
1188 4949 1343 5016 juxta
1369 4948 1630 5001 stationem
1659 4962 1842 5000 meum.
1870 4944 1938 4999 Et
1964 4961 2078 4999 cum

495 5048 584 5102 ille
604 5046 812 5108 veniret,
859 5043 1058 5095 territus
1089 5056 1221 5094 sum.
1252 5039 1477 5094 Ubinam
1519 5039 1679 5109 igitur
1703 5047 1827 5095 sunt
1861 5038 1949 5107 qui
1978 5052 2077 5090 an-

499 5139 647 5208 gelos
684 5133 978 5189 maledictis
1020 5131 1449 5202 prosequuntur?
1488 5129 1603 5184 Non
1650 5146 1677 5183 a
1706 5131 1883 5199 scipso
1919 5130 2077 5200 quid-

499 5244 658 5298 quam
702 5228 827 5283 fecit
866 5225 1024 5280 Deus.
1062 5222 1223 5278 Vides
1250 5230 1303 5275 et
1340 5222 1456 5276 illos
1504 5222 1555 5275 in
1602 5222 1817 5277 ordines
1860 5222 2075 5289 multos,

499 5317 735 5387 formas,
766 5332 831 5373 ac
868 5315 1254 5386 descriptiones
1295 5326 1417 5368 esse
1460 5312 1784 5383 dispositos?
1824 5314 1880 5369 ln
1908 5314 2077 5385 prima

566 5484 582 5513 ι
614 5480 811 5529 Veritas
840 5480 1076 5529 llebraica
1111 5477 1376 5539 postulare
1394 5473 1592 5523 videtur
1628 5479 1682 5521 ut
1722 5473 1944 5539 legatur,
1981 5485 2075 5539 non

504 5544 807 5652 jorte,}pro,
833 5554 980 5592 unum
1007 5536 1132 5604 forte
1159 5539 1272 5599 (Cr.
1303 5537 1580 5599 ἀνίσχυρον,
1607 5549 1723 5596 pro,
1759 5538 1804 5583 ἓν
1831 5536 2071 5597 ἰσχυρὸν).

572 5605 642 5652 {al
712 5618 780 5651 aee
801 5605 1011 5652 (Graece.
1035 5604 1114 5651 καὶ
1142 5602 1229 5652 ἕως
1252 5601 1476 5652 ἄργοντος
1498 5605 1580 5652 τῆς
1602 5597 1839 5652 δυνάμεως
1856 5597 2071 5652 sepem)

572 5597 1016 5665 (a)'Hiec'(Graece,'
1035 5604 1114 5651 καὶ
1142 5597 1229 5665 se);
1252 5597 1839 5665 ἄρχογτὸξτῆὲ-δυνᾲμεῳε
1856 5597 2076 5665 ᾐδρύνθη)

506 5658 603 5715 non
629 5658 892 5713 'haben'tur
926 5666 974 5713 in
1000 5658 1007 5661 ⁷
1030 5661 1257 5713 Editione
1288 5658 1497 5723 vulgata
1545 5658 1929 5723 Theodotionis;
1966 5672 2078 5723 qua:

506 5727 639 5783 hinc,
675 5732 727 5773 et
752 5740 812 5786 ex
838 5725 1170 5785 Theodoreto,
1192 5721 1348 5786 magis
1373 5720 1538 5773 autem
1570 5735 1630 5771 ex
1656 5720 1882 5781 Hebraeo,
1904 5722 2079 5770 viden-

510 5796 590 5837 tur
624 5785 914 5848 adjicienda.

1211 343 1267 399 S.
1308 343 1583 399 JOANNIS
1620 337 2088 398 CHRYSOSTOMI
2127 337 2439 394 ARCHIEP.
2481 336 3008 393 CONSTANTINOP.

3609 336 3716 393 256

2137 452 2363 516 visione,
2404 453 2619 516 Accessi,
2664 450 2851 521 inquit,
2893 462 2938 503 et
2980 452 3282 521 interrogavi
3315 450 3477 519 (Dan.
3511 452 3564 505 7.
3600 453 3715 520 16).

2139 543 2233 596 llic
2260 558 2362 596 non
2399 544 2547 597 item.
2579 541 2649 595 Et
2675 543 2844 596 audivi
2870 558 3024 595 unum
3049 552 3276 597 sanctum
3311 540 3611 613 loquentem.
3649 542 3715 597 Et

2135 634 2269 689 alius
2292 634 2633 704 interrogavit
2666 651 2678 686 :
2709 649 2803 688 seu
2835 634 3111 704 ignorans,
3140 641 3200 687 ut
3241 634 3425 689 Daniel
3461 633 3716 691 disceret.

2139 723 2205 778 Et
2230 725 2504 794 respondit,
2548 726 2735 794 inquit.
2772 724 2839 777 Et
2863 726 2917 779 in
2945 725 3225 780 novissimis
3264 725 3425 795 regni,
3456 725 3723 795 completis

2138 819 2352 886 peccatis
2372 834 2563 882 eorum,
2594 827 2863 888 consurget
2899 834 2990 872 rea:
3018 819 3284 889 impudens
3304 818 3454 889 facie.
3486 818 3619 874 Vide
3657 828 3720 875 ut

2140 907 2339 964 Iudaeis
2366 908 2645 975 ostendat,
2690 910 2833 977 ipsos
2859 924 2980 963 esse
3018 916 3264 965 auctores
3309 910 3533 966 istarum
3571 911 3715 966 cala—

2140 1000 2402 1053 mitatum.
2432 998 2557 1054 Ideo
2579 1009 2759 1054 autem
2790 1014 2895 1054 non
2934 999 3182 1068 patefecit
3206 1015 3483 1059 sermones
3502 1041 3520 1070 ,
3547 1017 3615 1058 ne
3642 1002 3719 1058 illi

2141 1092 2209 1147 de
2238 1091 2492 1146 industria
2524 1094 2575 1146 in
2613 1093 2807 1147 malitia
2835 1108 2928 1147 sua
2967 1108 3030 1148 ac
3061 1093 3266 1164 ignavia
3301 1103 3605 1164 perstarent
3632 1113 3647 1151 :
3673 1096 3722 1152 si

2141 1186 2305 1248 enim,
2332 1202 2452 1240 cum
2482 1186 2609 1240 nihil
2635 1186 2825 1241 horum
2853 1187 3050 1242 dictum
3079 1188 3255 1254 fuerit,
3288 1199 3463 1243 tamen
3491 1189 3566 1243 illi
3592 1204 3721 1259 per-

2144 1286 2452 1331 manserunt
2476 1295 2487 1330 :
2509 1277 2674 1331 multo
2699 1280 2863 1349 magis
2887 1279 2930 1332 si
2960 1278 3369 1335 camanifestata
3391 1279 3641 1343 fuissent;
3666 1288 3724 1334 et

2144 1377 2201 1421 ut
2227 1368 2489 1437 intelligas
2528 1368 2783 1438 Spiritum
2828 1370 3021 1439 ubique
3065 1370 3169 1424 vim
3210 1360 3430 1439 habere,
3458 1382 3513 1426 et
3556 1373 3721 1425 Deum

2144 1460 2320 1513 omnia
2349 1460 2662 1530 praevidere,
2705 1471 2760 1516 et
2798 1476 2917 1515 cum
2957 1461 3118 1516 sciret
3144 1461 3358 1517 Iudaeos
3386 1474 3730 1535 peccaturos,

2147 1561 2323 1607 tamen
2372 1568 2466 1609 eos
2507 1553 2559 1609 in
2600 1555 2821 1625 patriam
2870 1556 3160 1612 reduxisse.
3213 1556 3280 1612 Et
3319 1558 3459 1625 vide,
3512 1559 3632 1628 quia
3678 1557 3729 1613 si

2147 1645 2370 1701 dixisset
2395 1661 2562 1702 annos
2582 1689 2595 1713 ,
2628 1648 2894 1703 modicum
2927 1657 3134 1719 tempus
3164 1652 3331 1704 visum
3362 1651 3539 1705 luisset
3562 1694 3575 1713 ,
3606 1652 3725 1705 ideo

2147 1740 2199 1793 in
2232 1738 2438 1794 dierum
2465 1756 2742 1795 numerum
2783 1742 3021 1808 resolvit,
3055 1752 3112 1797 ut
3132 1739 3464 1799 multitudine
3504 1754 3722 1811 terreat,

2149 1848 2255 1887 non
2287 1834 2400 1887 dies
2425 1843 2645 1895 tantum,
2675 1834 2767 1889 sed
2791 1845 2843 1889 et
2864 1845 3047 1891 noctes
3074 1838 3421 1892 numerando.
3448 1839 3513 1893 Et
3537 1840 3728 1893 immo-

2150 1931 2300 1977 ratur
2331 1925 2541 1992 tragicae
2570 1924 2893 1990 calamitati,
2922 1941 3039 1995 quae
3072 1941 3167 1996 per
3190 1928 3510 1983 Antiochum
3553 1931 3727 1984 conti-

2151 2015 2258 2083 git;
2304 2025 2364 2068 ut
2407 2016 2489 2070 vel
2530 2016 2607 2069 sic
2647 2026 2904 2071 terrorem
2949 2018 3186 2073 incutiat.
3220 2018 3286 2074 Ut
3322 2038 3421 2074 non
3466 2022 3518 2075 in
3543 2023 3735 2075 viribus

2151 2106 2274 2159 suis.
2306 2105 2358 2160 Id
2388 2114 2488 2171 est,
2519 2116 2727 2176 poterat
2763 2108 2900 2164 Deus
2921 2109 3067 2163 illum
3106 2109 3398 2180 reprimere
3428 2130 3441 2165 :
3471 2111 3563 2166 sed
3606 2128 3729 2183 pcr-

2154 2197 2297 2250 misit
2327 2197 2396 2250 ob
2424 2208 2639 2266 peccata
2659 2240 2673 2264 ,
2704 2207 2757 2253 et
2782 2215 2887 2253 non
2928 2215 3111 2255 eorum
3137 2202 3225 2271 qui
3266 2202 3577 2271 simpliciter
3604 2219 3727 2272 pec-

2154 2300 2385 2354 cassent,
2420 2291 2513 2345 sed
2551 2302 2828 2362 postquam
2870 2294 3135 2363 completa
3156 2303 3280 2349 sunt
3304 2306 3537 2364 peccata.
3569 2295 3731 2367 Igitur

2157 2383 2472 2437 delictorum
2511 2384 2685 2453 aliqua
2716 2401 2962 2441 mensura
3009 2387 3130 2442 est?
3169 2385 3412 2441 Nondum
3448 2389 3611 2455 enim,
3654 2390 3735 2442 in-

2156 2474 2287 2543 quit,
2321 2474 2567 2545 completa
2596 2486 2736 2529 erant
2774 2486 2979 2545 peccata
3019 2476 3429 2533 Amorrhatorum
3466 2478 3614 2551 (Gen.
3644 2479 3732 2533 15.

2160 2567 2269 2638 16).
2298 2568 2366 2622 Et
2393 2567 2631 2636 adverte,
2663 2569 2896 2623 nondum
2937 2570 3116 2639 itaque
3149 2570 3481 2637 incendium,
3505 2572 3597 2626 sed
3627 2587 3736 2626 cae-

2159 2660 2304 2715 dium
2326 2660 2647 2716 occisiones.
2668 2660 2797 2715 Nam
2820 2676 2941 2716 cum
2968 2661 3180 2731 quidam
3209 2662 3371 2717 futuri
3394 2672 3571 2718 essent
3591 2663 3733 2727 boni,

2160 2761 2215 2807 et
2242 2753 2477 2821 patrihus
2525 2754 2953 2822 prmstantiores,
2985 2753 3242 2823 supplicia
3287 2768 3496 2824 quoque
3536 2757 3741 2808 minora

2163 2843 2331 2898 fuere.
2374 2844 2499 2899 Hmc
2536 2853 2712 2898 autem
2750 2845 3029 2909 dicuntur,
3073 2860 3138 2899 ne
3177 2846 3432 2911 victoriis,
3468 2861 3599 2915 quas
3641 2846 3741 2900 sub

2163 2934 2487 2990 Zorobabele
2526 2936 2844 3005 reportaturi
2899 2946 3068 2998 erant,
3122 2936 3270 3002 elati,
3312 2951 3503 3007 segnes
3530 2937 3736 2991 ﬁerent.

2167 3027 2231 3080 Et
2259 3027 2379 3081 vide
2427 3038 2484 3080 ut
2522 3026 2795 3096 splendida
2842 3027 3086 3098 quredam
3132 3043 3236 3080 non
3284 3036 3445 3095 ponat
3472 3027 3587 3091 hic,
3621 3034 3743 3095 post

2168 3120 2255 3174 illa
2277 3134 2396 3188 qua:
2422 3119 2486 3173 ad
2515 3119 2836 3173 Antiochum
2863 3120 3149 3187 pertinent,
3180 3118 3272 3174 sed
3298 3119 3571 3174 dumtaxat
3600 3119 3745 3172 soln—

2169 3211 2365 3265 tionem
2416 3226 2444 3264 a
2503 3212 2932 3277 calamitatibus,
2978 3222 3032 3267 et
3086 3223 3292 3282 tempus
3329 3212 3469 3282 quod
3518 3213 3746 3269 obtinuit

2169 3302 2325 3356 dicat.
2370 3302 2505 3370 Quid
2551 3303 2744 3372 igitur?
2787 3303 3013 3372 hujusne
3060 3304 3316 3372 temporis
3354 3320 3459 3359 non
3502 3305 3746 3375 praedixit

2169 3396 2560 3461 captivitatem?
2586 3396 2726 3451 Sane
2748 3396 3010 3465 prmdixit,
3035 3397 3129 3451 sed
3154 3397 3302 3453 valde
3326 3398 3569 3453 obscure.
3600 3397 3749 3452 Ideo-

2170 3503 2272 3555 que
2298 3486 2537 3541 Christus
2578 3489 2650 3541 ait
2690 3506 2703 3540 :
2741 3489 2866 3542 Cum
2891 3489 3115 3543 videritis
3153 3490 3571 3543 abominationem
3598 3491 3748 3544 deso-

2173 3576 2396 3643 lationis,
2434 3580 2518 3645 qui
2559 3578 2677 3648 legit
2717 3580 2963 3648 intelligat
2992 3577 3200 3651 (Matth.
3236 3580 3325 3633 24.
3360 3578 3473 3651 15).
3501 3580 3748 3645 Venicnt,

2174 3670 2373 3739 inquit,
2406 3672 2555 3741 quasi
2601 3672 2715 3740 ipse
2756 3688 2862 3727 non
2905 3673 3223 3727 vaticinatus
3267 3672 3474 3728 fuisset.
3520 3673 3583 3727 Et
3612 3690 3748 3727 non-

2177 3763 2303 3817 nulli
2330 3762 2544 3833 quidem
2570 3762 2790 3829 dicunt,
2819 3763 3009 3819 merito
3036 3765 3134 3818 ista
3160 3780 3265 3818 non
3294 3779 3414 3819 esse
3445 3764 3695 3834 prmdicta
3732 3778 3753 3817 τ’

2174 3854 2423 3923 quoniam
2465 3856 2580 3909 haec
2616 3855 2893 3924 captivitas
2936 3864 3145 3923 tempus
3182 3870 3243 3909 ac
3270 3855 3426 3909 ﬁnem
3468 3865 3754 3924 acceptura

2178 3961 2281 4000 non
2323 3954 2458 4001 erat.
2491 3945 2634 3999 Dabo
2660 3947 2793 4001 enim
2813 3988 2827 4011 ,
2861 3946 3030 4015 inquit
3050 3987 3063 4007 ,
3095 3956 3140 3999 et
3171 3947 3422 4015 improbos
3455 3962 3545 4013 pro
3577 3946 3753 4013 sepul-

2177 4049 2290 4092 tura
2315 4040 2443 4109 ejus,
2470 4047 2514 4093 et
2539 4038 2716 4092 divites
2734 4055 2827 4107 pro
2849 4049 3007 4092 morte
3028 4039 3157 4107 eius.
3180 4038 3245 4091 Et
3270 4050 3322 4091 tu
3347 4045 3489 4109 signa
3512 4039 3754 4091 visionem

2178 4133 2307 4184 hanc
2329 4173 2342 4197 ,
2383 4130 2501 4198 quia
2543 4131 2595 4183 in
2637 4130 2744 4185 dies
2772 4131 2954 4183 multos
2982 4130 3073 4184 erit
3103 4129 3258 4201 (Isai.
3288 4131 3374 4187 55.
3405 4130 3480 4201 9).
3510 4129 3619 4183 Hoc
3644 4139 3750 4195 est,

2176 4220 2415 4287 Custodi,
2445 4236 2721 4283 conserva,
2754 4237 2820 4276 ne
2843 4220 3190 4276 diuturnitate
3223 4221 3475 4291 temporis
3508 4234 3751 4273 corrum-

2180 4323 2352 4383 patur.
2380 4314 2512 4369 Vide
2539 4314 2703 4369 Deum
2732 4314 2929 4382 ubique
2960 4312 3063 4366 illis
3093 4327 3331 4382 parcere.
3358 4310 3758 4366 Descenderunt

2181 4408 2231 4460 in
2262 4406 2567 4477 Egyptum,
2600 4405 2823 4475 improbi
2852 4413 3167 4471 evaserunt;
3197 4420 3302 4458 non
3331 4404 3622 4469 abscessit,
3652 4402 3755 4458 du-

2179 4498 2256 4553 xit
2280 4513 2373 4552 eos
2408 4500 2459 4552 in
2505 4498 2797 4552 desertum.
2832 4497 3247 4552 Permanserunt
3288 4497 3339 4550 in
3380 4497 3616 4561 malitia;
3651 4512 3761 4550 non

2182 4590 2404 4653 abstitit,
2439 4589 2728 4644 introduxit
2763 4604 2857 4644 eos
2889 4591 2940 4643 in
2973 4598 3168 4644 terram
3202 4588 3588 4658 promissionis.
3616 4587 3759 4641 Rur-

2182 4697 2271 4736 sus
2297 4682 2413 4737 illos
2437 4682 2642 4737 reduxit
2677 4682 2775 4736 sub
2816 4682 3111 4746 Antiocho;
3144 4681 3317 4736 adhuc
3353 4682 3511 4736 iidem
3544 4696 3760 4736 manse-

2182 4783 2322 4828 runt.
2360 4773 2624 4843 Tempore
2663 4774 2856 4828 Christi
2907 4773 3080 4829 adhuc
3128 4773 3286 4828 iidem
3320 4781 3416 4827 :et
3468 4786 3638 4843 neque
3683 4772 3762 4826 sie

2182 4866 2459 4933 abscessit,
2491 4866 2584 4922 sed
2614 4881 2827 4936 semper
2855 4882 3037 4921 eorum
3078 4881 3257 4922 curam
3288 4867 3443 4937 gerit.
3477 4865 3544 4920 Et
3569 4882 3759 4936 quem-

2182 4960 2465 5014 admodum
2501 4960 2780 5026 naturalia,
2806 4976 3030 5030 qumque
3075 4976 3104 5014 a
3146 4969 3331 5013 natura
3363 4959 3516 5014 nobis
3556 4959 3761 5025 insunt,

2184 5071 2467 5125 numquam
2512 5054 2905 5119 abscesserint,
2955 5052 3208 5123 quidquid
3253 5053 3507 5107 eveniat:
3540 5051 3608 5105 ita
3662 5066 3761 5105 nec

2186 5147 2356 5211 Deus;
2386 5145 2491 5199 imo
2536 5144 2648 5198 ﬁeri
2692 5143 2906 5213 quidem
2937 5152 3113 5213 potest
3157 5152 3213 5197 ut
3258 5143 3342 5197 illa
3384 5142 3630 5197 deﬁciant
3663 5159 3676 5194 :
3711 5152 3763 5196 at

2187 5236 2276 5289 hei
2307 5233 2688 5305 providentiam
2720 5248 2782 5289 ac
2809 5248 2991 5289 curam
3020 5234 3275 5289 recedere
3296 5233 3627 5303 impossibile
3654 5218 3758 5288 est.

2186 5328 2325 5381 Nam
2350 5328 2414 5395 si,
2444 5326 2630 5396 inquit,
2661 5337 2708 5380 et
2731 5326 2891 5381 oblita
2916 5328 3067 5398 fuerit
3107 5328 3287 5381 mulier
3320 5327 3542 5381 misereri
3566 5326 3763 5394 fetuum

2183 5422 2311 5474 uteri
2336 5421 2434 5485 sui,
2456 5421 2545 5474 sed
2569 5437 2656 5491 ego
2686 5436 2787 5473 non
2816 5418 3080 5473 obliviscar
3100 5420 3175 5472 tui
3203 5417 3354 5489 (lsai.
3382 5418 3470 5473 49.
3506 5418 3621 5488 15).
3647 5418 3760 5471 Sic-

2186 5524 2243 5567 ut
2269 5514 2409 5568 enim
2442 5521 2609 5567 mater
2646 5527 2750 5566 non
2804 5512 3021 5581 respicit
3047 5510 3114 5565 ad
3163 5510 3453 5565 liberorum
3483 5509 3757 5573 virtutem,

2184 5606 2277 5660 sed
2306 5616 2505 5659 natura:
2536 5605 2703 5674 legem
2732 5603 2916 5673 implet
2945 5621 2957 5657 :
2992 5603 3084 5669 ita,
3114 5610 3168 5657 et
3194 5602 3359 5656 multo
3385 5601 3573 5672 magis,
3616 5599 3761 5655 Deus

2184 5715 2394 5767 semper
2442 5714 2622 5753 curam
2652 5698 2806 5767 gerit,
2840 5712 2939 5753 nec
2986 5712 3234 5767 umquam
3278 5696 3521 5760 destitit;
3548 5711 3760 5764 semper

2186 5790 2426 5843 eannlcm
2459 5803 2761 5843 mensuram
2792 5788 3027 5845 exhibet.
3060 5788 3148 5842 27.
3180 5789 3244 5842 Et
3271 5804 3361 5859 ego
3386 5786 3573 5841 Daniel
3607 5786 3758 5840 decu-
