4054 6320
301 374 397 435 235

300 497 563 570 οἰρανοῦ.
593 497 701 553 Kal
730 496 799 550 ἐκ
826 496 933 551 τοῦ
961 495 1097 562 ἐνὸς
1122 494 1320 550 αὐτῶν
1340 492 1565 563 ’ἐξῆλθε
1587 493 1763 562 κέρας
1788 494 1857 548 ἐν

301 583 562 654 ἰσχυρὸν,
586 582 685 635 καὶ
713 580 1083 649 ἐμεγωύνθη
1119 576 1421 645 περισσῶς
1453 576 1601 645 πρὸς
1629 575 1736 630 τὸν
1760 577 1861 631 νό-

301 686 412 730 τον,
448 666 549 720 καὶ
592 665 739 733 πρός
777 662 1102 730 ἀνατολὴν,
1130 662 1229 715 καὶ
1264 658 1415 733 [245]
1444 660 1591 729 πρὸς
1619 660 1735 725 τὴν
1763 660 1865 714 δύ-

299 766 392 803 σιν
408 762 454 801 ι.
487 748 595 803 Καὶ
624 748 997 817 ἐμεγαλύνθη
1025 744 1134 811 ἕως
1159 744 1269 812 τῆς
1296 742 1601 813 δυνάμεως
1631 743 1739 797 τοῦ
1764 745 1865 797 οὐ-

292 831 472 900 ρανοῦ
486 845 503 862 ⁸
532 830 631 884 καὶ
652 832 873 909 ἔπεσεν
890 829 987 882 ἐπὶ
1012 827 1126 895 τὴν
1153 826 1268 897 γῆν
1286 827 1405 882 ἀπὸ
1430 826 1540 896 τῆς
1560 826 1865 896 δυνάμεως

299 917 394 971 τοῦ
412 916 693 985 οὐρανοῦ,
727 915 824 969 καὶ
853 915 970 968 ἀπὸ
1000 913 1118 967 τῶν
1153 911 1440 981 ἀστέρων,
1463 914 1560 967 καί
1596 911 1864 967 συνεπά-

298 1017 480 1067 τησεν
511 1001 754 1066 αὐτούς.
784 997 896 1051 Kal
941 997 1050 1063 ἕως
1078 997 1369 1065 ἄρχοντος
1408 997 1519 1064 τῆς
1561 994 1866 1066 δυνάμεως

298 1084 588 1151 ἠδρύνθη·
644 1082 742 1137 καὶ
794 1080 868 1134 δι’
892 1080 1079 1135 αὑτὸν
1133 1081 1316 1136 θυσία
1368 1078 1664 1149 ἐταράχθη
1692 1119 1707 1142 .
1763 1079 1861 1133 καὶ

294 1168 574 1236 ἐγενήθη,
621 1168 721 1221 καί
778 1164 1162 1234 κατευωδώθη
1209 1162 1388 1229 αὐτῷ.
1429 1165 1537 1218 Kal
1583 1164 1648 1218 τὸ
1696 1163 1867 1233 ἅγιον

295 1248 762 1319 ἐρημωθήσεται·
812 1248 912 1303 καὶ
952 1248 1129 1316 ἐδόθη
1159 1248 1258 1302 ἐπὶ
1285 1248 1399 1316 τὴν
1436 1249 1656 1304 θυσίαν
1687 1249 1868 1317 ἀμαρ-

295 1335 401 1399 τία,
422 1334 523 1387 καί
549 1334 757 1403 ἐρρίφη
782 1333 963 1403 χαμαὶ
987 1334 1025 1403 ἠ
1051 1331 1427 1400 δικαιοσύνη.
1460 1333 1570 1387 Καὶ
1592 1334 1863 1399 ἐποίησε,

294 1417 387 1469 καὶ
418 1416 710 1484 εὐωδώθη.
735 1416 844 1472 Kal
874 1416 1113 1484 ἥκουσα
1140 1416 1276 1483 ἐνὸς
1308 1416 1477 1485 ἀγίου
1506 1416 1862 1480 λαλοῦντος,

292 1501 389 1553 καὶ
420 1500 590 1555 εἷπεν
618 1495 709 1566 εἷς
736 1500 902 1572 ἅγιος
941 1499 1022 1566 τῷ
1065 1501 1357 1569 φελμουνί
1376 1501 1401 1541 δ
1434 1501 1513 1567 τῷ
1544 1501 1831 1555 λαλοῦντι
1851 1518 1863 1529 ’

289 1580 449 1646 Ἕως
462 1579 606 1634 πότε
621 1582 877 1653 ήδρασις
914 1584 1228 1653 στήσεται,
1272 1584 1367 1638 καί
1397 1586 1437 1653 η
1467 1588 1649 1641 θυσία
1693 1587 1731 1655 ἡ
1766 1587 1867 1654 ἀρ-

292 1666 483 1730 θεῖσα,
514 1666 613 1720 καί
640 1668 680 1735 ἠ
712 1668 965 1737 ἁμαρτία
1001 1668 1109 1735 τῆς
1136 1668 1484 1740 ἐρημώσεως
1525 1672 1563 1739 ἡ
1602 1670 1863 1735 δοθεῖσα,

292 1749 393 1802 καὶ
442 1748 511 1802 τὸ
559 1749 747 1819 ἅγιον,
783 1751 881 1805 καὶ
918 1751 957 1819 ἡ
1000 1752 1252 1821 δύναμις
1295 1754 1864 1824 συμπατηθήσεται;

297 1832 407 1887 Kal
453 1830 623 1888 εἶπεν
643 1829 831 1897 αὐτῷ’
848 1835 999 1902 Ἕως
1029 1836 1290 1905 ἑσπέρας
1337 1836 1437 1890 καὶ
1475 1838 1624 1906 πρωῒ
1660 1838 1867 1907 ἡμέραι

291 1917 586 1988 δισχίλιαι
612 1917 711 1972 καὶ
738 1921 1087 1987 τριακόσιαι,
1127 1921 1225 1974 καὶ
1264 1922 1761 1989 καθαρισθήσεται
1799 1924 1863 1977 τὸ

290 2003 483 2071 ἅγιον.
512 2002 624 2056 Καὶ
662 2003 897 2072 ἐγένετο
938 2004 1007 2058 έν
1034 2005 1115 2071 τῷ
1143 2006 1289 2060 ίδεῖν
1322 2024 1419 2077 με,
1462 2006 1577 2077 ἐγὼ
1620 2007 1861 2075 Δανιὴλ,

294 2086 407 2154 τὴν
434 2086 669 2154 ὅρασιν,
700 2085 884 2153 ζητῶν
928 2088 1001 2149 (ί.
1036 2091 1128 2142 καὶ
1160 2090 1405 2162 ἐζήτουν)
1453 2092 1726 2145 σύνεσιν.
1756 2092 1865 2147 Kal

292 2170 425 2224 ίδσὺ
452 2171 603 2237 έστη
632 2170 888 2225 ἐνώπιόν
906 2190 1045 2241 μου.
1068 2173 1179 2226 Kal
1199 2173 1407 2241 ὅρασις
1431 2173 1490 2236 (ί.
1518 2191 1637 2243 μου,
1662 2173 1737 2238 ὡς
1756 2175 1862 2246 ὄρ.)

290 2252 512 2320 ἀνδρὸς
534 2254 652 2307 ἀνὰ
687 2253 881 2323 μέσον
915 2255 1021 2309 τοῦ
1055 2256 1273 2311 Οὺόάλ.
1314 2257 1420 2311 Kal
1447 2257 1723 2323 ἐκάλεσε,
1766 2261 1865 2314 xal

291 2333 461 2388 εἶπεν
481 2352 495 2364 ·
529 2336 816 2403 Γαϐριὴλ,
847 2338 1172 2393 συνέτισον
1213 2339 1443 2393 ἐκεῖνον
1480 2340 1594 2408 τὴν
1634 2340 1865 2409 ὅρασιν.

295 2420 403 2472 Καὶ
429 2414 598 2489 ἦλθε,
631 2418 730 2472 καὶ
752 2418 899 2488 ἔστη
935 2422 1193 2491 ἐχόμενα
1216 2423 1323 2476 τόν
1359 2423 1434 2493 (ί.
1470 2424 1724 2495 ἐχόμενος
1747 2426 1868 2496 τῆς)

291 2502 560 2569 στάσεώς
594 2521 732 2572 μου.
765 2505 873 2558 Kal
919 2505 989 2559 ἐν
1024 2507 1105 2572 τῷ
1142 2507 1341 2561 ἐλθεῖν
1380 2509 1588 2575 αὐτόν,
1621 2510 1870 2580 ἐθαμϐή-

294 2596 424 2655 θην,
464 2587 564 2641 καί
614 2589 807 2642 πίπτω
864 2590 961 2644 ἐπὶ
1015 2594 1339 2659 πρόσωπόν
1383 2611 1521 2661 μου.
1574 2597 1683 2649 Kal
1739 2592 1868 2650 εἶπε

296 2672 439 2737 πρός
461 2686 569 2739 με·
617 2675 823 2742 Σύνες,
859 2673 953 2728 υίέ
986 2674 1298 2743 ἀνθρώπου
1323 2694 1337 2707 ⁶
1373 2676 1460 2731 ἐτι
1489 2678 1597 2747 γὰρ
1629 2681 1715 2745 εἰς
1748 2696 1870 2733 και-

292 2756 401 2821 ροῦ
435 2758 623 2824 πέρας
647 2757 686 2824 ή
708 2756 937 2825 ὅρασις.
961 2758 1069 2813 Kal
1100 2760 1169 2812 έν
1199 2760 1278 2825 τῷ
1306 2761 1518 2815 λαλεῖν
1544 2763 1729 2816 αὑτὸν
1742 2766 1867 2833 μετ’

292 2839 460 2905 ἐμοῦ,
492 2840 687 2893 πίπτω
716 2841 815 2893 ἐπὶ
840 2843 1167 2909 πρόσωπόν
1189 2859 1308 2910 μου
1328 2843 1429 2896 ἐπὶ
1452 2844 1565 2912 τὴν
1598 2845 1715 2914 γῆν
1733 2862 1747 2877 ·
1770 2847 1870 2901 καὶ

298 2922 497 2991 ἣψατό
522 2942 663 2992 μου,
703 2925 801 2978 καὶ
825 2925 1052 2994 ἐστησέ
1079 2944 1158 2996 με
1192 2927 1289 2980 ἐπὶ
1328 2927 1470 2993 τοὺς
1511 2929 1701 2995 πόδας
1732 2948 1866 2996 μου.

298 3008 403 3061 Kal
433 3004 603 3062 εἶπεν
626 3026 638 3040 ·
664 3006 819 3063 Ἰδοὺ
840 3008 955 3077 ἐγὼ
971 3007 1224 3080 γνωρίζω
1256 3024 1356 3064 σοι
1387 3011 1460 3065 τὰ
1491 3012 1752 3081 ἐσόμενα
1776 3013 1869 3066 ἐπ’

295 3086 565 3156 ἐσχάτων
591 3089 702 3159 τῆς
725 3090 906 3161 ὀργῆς
927 3108 941 3123 ο
972 3092 1060 3146 ἐτι
1088 3092 1197 3162 γὰρ
1226 3096 1313 3160 εἰς
1344 3095 1554 3163 καιροῦ
1584 3095 1789 3164 πέρας.
1807 3098 1871 3151 '0

300 3176 460 3241 κριὸς
486 3174 557 3228 δν
580 3171 759 3242 εἶδες,
794 3178 826 3230 ό
851 3176 1007 3244 έχων
1038 3178 1109 3231 τὰ
1143 3177 1380 3246 κέρατα,
1412 3179 1710 3247 ,ϐασιλεὺς
1746 3180 1873 3248 Μή-

300 3257 419 3310 δων
453 3258 552 3311 καὶ
583 3258 848 3326 Περσῶν.
880 3259 987 3312 Kal
1020 3263 1053 3314 ό
1079 3259 1293 3330 τράγος
1323 3260 1441 3314 τῶν
1462 3260 1668 3332 αἰγῶν,
1692 3263 1873 3327 ,ϐασι-

304 3342 449 3407 λεὺς
486 3343 813 3409 Ἑλλήνων.
839 3343 947 3397 Kal
981 3346 1045 3397 τὸ
1079 3345 1259 3411 κέρας
1293 3344 1360 3397 τὸ
1384 3345 1557 3415 μέγα,
1598 3345 1630 3399 δ
1656 3343 1733 3417 ἦν
1756 3347 1873 3402 ἀνὰ

303 3424 494 3493 μέσον
525 3424 644 3479 τῶν
678 3426 1000 3497 ὀφθαλμῶν
1035 3426 1243 3491 αὑτοῦ,
1283 3428 1463 3494 αὐτός
1494 3428 1663 3481 ἐστιν
1693 3432 1726 3482 ό
1755 3429 1871 3493 ,ϐα-

312 3508 519 3575 σιλεὺς
549 3510 580 3562 ό
614 3509 855 3578 πρῶτος.
884 3510 996 3564 Kal
1024 3510 1112 3565 ότι
1139 3512 1480 3580 συνετρίϐη,
1519 3512 1617 3566 καὶ
1648 3508 1893 3582 ἀνέστη

312 3592 579 3660 τέσσαρα
630 3596 841 3663 κέρατα
875 3596 1259 3649 ὑποκάτωθεν
1306 3595 1492 3649 αὑτοῦ
1516 3633 1533 3661 ,
1581 3595 1873 3665 τέσσαρες

300 3676 582 3742 ,ϐασιλεῖς
622 3678 1067 3744 ἀναστήσονται
1113 3677 1232 3733 ἀπὸ
1265 3680 1371 3733 τοῦ
1402 3680 1618 3745 ἔθνους
1661 3682 1867 3748 αὐτοῦ,

302 3761 404 3814 καὶ
430 3764 537 3817 οὐκ
562 3763 631 3815 ἐν
659 3761 735 3831 τῇ
763 3765 932 3831 ἰσχύϊ
950 3764 1155 3818 αὐτοῦ.
1196 3766 1305 3817 Kal
1334 3765 1427 3817 ἐπ’
1448 3764 1722 3834 ἐσχάτων
1762 3765 1871 3833 τῆς

290 3847 618 3913 ,ϐασιλείας
668 3847 886 3912 αὐτῶν,
929 3848 1360 3917 πληρουμένων
1402 3847 1522 3901 τῶν
1576 3848 1873 3918 ἁμαρτιῶν

297 3930 513 3996 αὐτῶν,
542 3930 947 3995 ἀναστήσεται
964 3931 1265 3998 βασιλεὺς
1284 3931 1534 3998 ἀναιδὴς
1554 3930 1870 4000 προσώπῳ,

297 4014 392 4066 καὶ
442 4014 673 4068 συνιὼν
704 4014 1107 4082 προϐλήματα.
1156 4015 1267 4068 Kal
1312 4016 1563 4083 κραταιὰ
1608 4017 1647 4084 ἡ
1694 4016 1872 4083 ἰσχὺς

292 4096 505 4161 αὑτοῦ,
534 4097 632 4150 καί
666 4100 777 4151 οὐκ
810 4099 878 4151 ὲν
905 4097 977 4166 τῇ
1009 4100 1181 4166 ὶσχύτ
1198 4100 1411 4153 αὑτοῦ·
1434 4100 1531 4153 καὶ
1562 4103 1873 4169 θαυμαστὰ

295 4183 617 4252 διαφθερεῖ,
652 4183 749 4235 καὶ
793 4181 1047 4248 ποιήσει,
1084 4184 1181 4237 καὶ
1228 4184 1527 4253 διαφθερεῖ
1563 4186 1868 4252 ἰσχυροὺς,

297 4268 395 4319 καί
426 4266 584 4321 λαὸν
625 4266 814 4335 ἅγιον.
846 4267 955 4321 Kal
996 4269 1029 4321 ό
1076 4264 1247 4336 ζυγὸς
1291 4268 1398 4322 τοῦ
1437 4268 1644 4321 κλοιοῦ
1686 4268 1872 4322 αὑτοῦ

295 4350 669 4405 κατευθυνεῖ.
702 4353 886 4417 Δόλος
912 4352 981 4405 ἐν
1009 4350 1085 4420 τῇ
1106 4351 1253 4420 χειρὶ
1284 4352 1488 4417 αὑτοῦ,
1519 4353 1615 4407 xal
1641 4353 1709 4407 ὲν
1734 4370 1874 4422 καρ-

296 4435 398 4502 δίᾳ
443 4435 633 4489 αὑτοῦ
677 4432 1213 4503 μεγαλυνθήσεται,
1250 4436 1345 4488 καί
1392 4434 1551 4503 δόλῳ
1580 4435 1875 4504 διαφθερεῖ

297 4519 594 4582 πολλοὺς.
619 4518 717 4570 καὶ
750 4518 846 4569 ἐπὶ
873 4518 1136 4585 ἀπωλείᾳ
1163 4518 1406 4571 πολλῶν
1434 4518 1741 4586 στήσεται,
1776 4521 1874 4574 καὶ

292 4601 377 4667 ὥς
406 4601 492 4654 (ba
532 4601 603 4653 ὲν
645 4600 795 4669 χειρὶ
820 4600 1136 4669 συντρίψει
1164 4601 1405 4666 αὐτούς.
1436 4599 1546 4654 Kal
1590 4602 1628 4668 ἡ
1668 4601 1875 4670 ὅρασις

299 4685 411 4751 τῆς
440 4683 727 4753 ἑσπέρας,
758 4684 855 4737 καί
886 4684 995 4753 τῆς
1021 4685 1240 4751 πρωΐας
1259 4683 1368 4751 τῆς
1386 4686 1696 4752 ρηθείσης,
1724 4686 1875 4751 ἀλη-

296 4768 413 4837 θής
443 4768 637 4821 ἐστιν.
669 4766 779 4821 Kal
811 4767 893 4821 σὺ
920 4768 1247 4837 σφράγισαι
1280 4767 1395 4836 τὴν
1417 4768 1648 4844 ὅρασιν,
1676 4767 1766 4821 ὅτι
1790 4769 1878 4834 εὶς

298 4852 527 4921 ἡμέρας
565 4851 804 4918 πολλὰς
851 4852 1039 4906 ἐσται.
1078 4852 1188 4906 Kal
1220 4847 1366 4917 εἷπε,
1398 4851 1550 4922 φησὶ,
1569 4850 1877 4919 Γνώρισον

297 4936 511 4999 ἐκείνῳ
544 4934 659 5003 τὴν
685 4934 915 5002 ὅρασιν,
949 4936 1381 5006 Γαϐριήλ.⁶’ορα
1411 4935 1758 5004 ἐπιτάγματα
1780 4934 1877 5001 ἀγ-

300 5018 480 5082 γέλων
510 5019 605 5071 καὶ
635 5018 1008 5089 ἀρχαγγέλων.
1034 5019 1248 5083 Μεέζων
1276 5020 1403 5080 ἴσως
1428 5018 1654 5087 δύναμις
1681 5018 1874 5088 ἑτέρας

302 5102 413 5154 Kal
451 5097 621 5169 ἦλθε,
662 5103 816 5173 φησι,
851 5102 950 5155 καὶ
994 5102 1349 5171 ἐθαμϐήθην.
1399 5104 1507 5156 Kal
1556 5104 1703 5168 ἔστη
1745 5103 1879 5170 ἐχό-

296 5202 455 5253 μενα
494 5185 606 5254 τῆς
638 5184 913 5252 στάσεώς
936 5204 1075 5255 μοιυ.
1104 5188 1211 5240 Kal
1246 5188 1315 5240 ἐν
1344 5186 1421 5251 τῷ
1448 5185 1645 5239 ἐλθεῖν
1674 5186 1877 5247 αὐτόν,

300 5268 668 5338 ἐθαμϐήθην.
701 5269 807 5322 Τοῦ
833 5268 892 5338 (ἰ.
920 5270 1044 5340 ποῦ)
1066 5271 1245 5323 τοίνυν
1274 5271 1321 5323 ol
1350 5270 1475 5333 τοὺς
1496 5268 1763 5337 ἀγγέλους
1786 5286 1883 5323 κα-

365 5484 396 5513 ⁸
420 5482 551 5544 Hac,
570 5482 653 5530 καὶ
677 5480 794 5544 πρὸς
829 5481 915 5544 τὴν
936 5479 1083 5544 δύσιν,
1119 5491 1216 5527 non
1241 5476 1388 5544 ἢεί)Ξί
1429 5475 1885 5544 B._llhrys_osu_)mus

302 5542 516 5592 Homilia
535 5536 631 5603 iam
656 5536 818 5591 cil'ata.
836 5536 899 5590 At
917 5536 1193 5602 paulo'post
1209 5553 1317 5588 cum
1335 5536 1647 5587 Theodorelo
1670 5536 1883 5598 Ιεεςίικαι

299 5606 367 5653 δι’
393 5602 687 5666 αύτὸνθυσίοι
711 5602 943 5666 ἐταράχθη
956 5603 1320 5666 παραπτώματι.

372 5666 400 5705 b
423 5665 557 5714 Idem
582 5678 723 5714 error
745 5659 996 5711 in'nb'slris
1017 5659 1176 5720 dodd.,
1196 5659 1261 5710 'ac
1296 5662 1443 5710 etiam
1466 5663 1516 5708 in
1553 5659 1882 5708 Theodoreto.

302 5726 585 5786 Sel-ipson:
606 5726 741 5774 enim
761 5724 1042 5786 Theodotio
1063 5722 1279 5786 φελμωκί.
1303 5725 1486 5773 Auctor
1496 5720 1699 5772 Consul.
1726 5725 1882 5782 aposl.

303 5787 401 5839 ﬂ).
421 5785 468 5843 7.
489 5803 536 5839 c.
560 5788 639 5841 56.
658 5788 741 5849 φῖ)
753 5785 897 5850 μονεὶ.

1683 362 1748 420 IN
1782 364 2146 423 DANIELEM.

3432 374 3534 431 256

1970 483 2085 548 κῶς
2134 482 2414 553 λέγοντες;
2462 486 2577 539 Οὐκ
2621 486 2712 554 ἀφ’
2747 486 2939 540 ἑαυτοῦ
2988 505 3038 539 τι
3085 487 3357 558 ἐποίησεν.
3377 488 3535 559 Ὁρᾷς

1969 568 2062 624 καὶ
2094 570 2290 635 αὐτοὺς
2315 572 2393 634 εἰς
2422 570 2603 635 τάξεις
2640 571 2840 635 πολλὰς
2866 573 2960 626 καὶ
2982 571 3336 635 διατυπώσεις
3375 585 3527 625 τετα-

1968 655 2230 725 γμένους;
2276 657 2362 709 Ἐν
2422 658 2489 727 τῇ
2548 654 2761 729 πρώτῃ,
2800 655 3180 725 Προσῆλθεο,
3239 656 3393 726 φησὶ,
3437 657 3535 709 καὶ

1967 737 2247 808 ἠρώτησα
2277 737 2445 810 [24η.
2465 738 2726 793 Ἐνταῦθα
2757 740 2959 793 οὐκέτι.
2990 740 3097 794 Kal
3128 738 3368 807 ἥκουσα
3397 740 3535 806 ἐνὸς

1969 823 2141 893 ἁγίου
2212 822 2564 889 λαλοῦντος.
2643 822 2753 876 Kal
2804 822 2987 894 ἔτερος
3042 823 3321 893 ἠρώτησεν
3349 864 3364 891 ,
3416 824 3534 894 ἦτοι

1970 907 2204 975 ἀγνοῶν,
2255 907 2340 960 ἵνα
2386 901 2539 970 οὗτος
2595 905 2758 979 μάθῃ.
2787 906 2898 961 Kal
2954 906 3331 975 ἀπεκρίνατο,
3379 908 3529 977 φησί.

1970 988 2082 1044 Kal
2127 991 2219 1044 ἐπ’
2254 990 2525 1060 ἐσχάτων
2571 989 2684 1058 τῆς
2723 991 3062 1057 βασιλείας,
3110 990 3534 1060 πληρουμένων

1969 1074 2088 1129 τῶν
2136 1075 2431 1145 ἁμαρτιῶν
2477 1074 2674 1129 αὐτῶν
2698 1114 2711 1138 ,
2764 1073 3169 1138 ἀναστήσεται
3236 1074 3535 1141 ,ϐασιλεὺς

1970 1158 2223 1226 ἀναιδὴς
2266 1157 2728 1229 προσώπῳ.”ορα
2760 1158 2877 1221 πῶς
2908 1158 3173 1211 δείκνυσιν
3222 1160 3420 1225 αὐτοῖς,
3452 1162 3534 1213 ὅτι

1970 1242 2123 1296 αὐτοὶ
2170 1243 2349 1295 αἴτιοι.
2382 1244 2482 1296 Διά
2514 1242 2669 1295 τοῦτο
2701 1242 2761 1293 οὐ
2810 1244 3031 1311 φανεροῖ
3055 1241 3180 1304 τοὺς
3208 1241 3413 1309 λόγους,
3447 1244 3533 1295 ἵνα

1973 1327 2049 1398 μὴ
2073 1326 2557 1397 ὲθελοκακήσαντες
2582 1325 2841 1396 μένωσιν·
2866 1327 2913 1377 εἰ
2936 1323 3063 1395 γὰρ,
3091 1324 3313 1395 μηδενός
3331 1325 3534 1379 τούτων

1971 1410 2294 1481 εἰρημένων,
2342 1409 2549 1480 ἔμενον,
2596 1408 2774 1479 πολλῴ
2816 1408 3031 1479 μᾶλλον,
3077 1409 3489 1480 φανερωθέντων
3516 1427 3530 1441 °

1970 1496 2062 1549 καὶ
2094 1495 2181 1549 ἵνα
2216 1494 2390 1566 μάθῃς
2417 1494 2498 1547 ὅτι
2532 1493 2803 1563 πανταχοῦ
2834 1493 2894 1546 τὸ
2939 1492 3160 1564 Πνεῦμα
3207 1494 3358 1565 ἰσχὺν
3401 1494 3532 1564 ἔχει,

1970 1582 2063 1633 καὶ
2085 1581 2165 1634 ὅτι
2192 1580 2369 1633 πάντα
2388 1579 2630 1649 πρόοιδεν
2656 1580 2685 1631 6
2709 1577 2859 1642 Θεὸς,
2890 1580 2981 1631 καὶ
3000 1580 3079 1631 ὅτι
3102 1578 3253 1642 εἰδὼς
3286 1581 3534 1649 ἁμαρτή-

1974 1679 2163 1726 σοντας
2207 1664 2467 1733 ἀνήγαγε.
2493 1663 2603 1715 Kal
2652 1662 2773 1733 ὅρα,
2818 1662 3004 1731 ἐπειδὴ
3052 1657 3201 1714 εἶπεν
3236 1663 3533 1727 ἐνιαυτοὺς,

1971 1748 2147 1818 ὀλίγος
2171 1748 2361 1820 χρόνος
2384 1747 2653 1816 ἐφαίνετο,
2684 1747 2761 1809 εἰς
2787 1746 3007 1816 ἡμερῶν
3040 1745 3256 1798 ἀναλύει
3283 1746 3532 1816 ἀριθμὸν,

1970 1834 2059 1887 ἵνα
2089 1831 2167 1903 τῷ
2191 1830 2383 1902 πλήθει
2415 1830 2645 1902 φοὸήσῃ,
2674 1830 2769 1900 οὑχ
2795 1831 3029 1901 ἡμέρας,
3060 1830 3193 1883 ἀλλὰ
3218 1832 3310 1883 καὶ
3338 1830 3538 1894 νύκτας

1972 1914 2241 1988 ἀριθμῶν.
2271 1914 2381 1970 Καὶ
2412 1914 2733 1988 ἐνδιατρίϐει
2755 1917 2821 1985 τῇ
2848 1914 3121 1986 τραγῳδίᾳ
3148 1918 3211 1984 τῇ
3242 1915 3381 1969 κατά
3416 1917 3536 1969 ’Λν-

1970 2000 2167 2071 τίοχον,
2200 1999 2286 2052 ἶνα
2314 1998 2418 2053 κᾶν
2442 1998 2584 2052 οὕτω
2613 1998 2846 2071 φοϐήσῃ.
2892 2000 3002 2053 Kal
3031 2000 3142 2052 οὐκ
3172 2000 3241 2052 ἐν
3266 1999 3339 2067 τῇ
3370 2000 3541 2069 ίσχύτ

1972 2086 2179 2141 αὐτοῦ.
2219 2084 2526 2149 Τουτέοτιν,
2565 2085 2645 2137 ὅτι
2680 2083 2908 2153 ἠδύνατο
2947 2084 2977 2135 ὁ
3020 2083 3150 2147 Θεὸς
3177 2084 3415 2137 κωλῦσαι
3444 2086 3540 2137 αὐ-

1971 2170 2083 2234 τὸν,
2120 2168 2234 2222 ἀλλ’
2258 2167 2525 2239 ἐπέτρεψε
2547 2167 2636 2220 διὰ
2670 2168 2769 2230 τὰς
2794 2167 3087 2239 ἁμαρτίας,
3116 2169 3210 2221 καὶ
3236 2168 3332 2239 οὐχ
3355 2168 3536 2232 ἁπλῶς

1971 2252 2344 2325 ἁμαρτόντων,
2379 2253 2489 2306 ἀλλ’
2522 2252 2683 2323 ήνίκα
2731 2247 3294 2324 ἐπληρώθησαν.Ἀρα
3343 2252 3538 2324 μέτρον

1970 2340 2024 2394 τί
2072 2343 2251 2406 ὲστινς
2305 2338 2477 2392 Οὔπω
2524 2336 2633 2407 γὰρ
2677 2336 2753 2390 ἂν
2788 2336 3234 2405 ἐπεπλήρωντο,
3282 2338 3435 2408 φησὶ,
3477 2340 3539 2392 al

1972 2424 2246 2493 ἁμαρτίαι
2290 2421 2408 2476 τῶν
2452 2420 2820 2490 Ἀμορραίων.
2862 2423 2970 2475 Kal
3009 2423 3129 2491 ὅρα,
3157 2420 3309 2475 οὔπω
3354 2421 3540 2477 λοιπὸν

1971 2507 2315 2578 ἐμπρησμὸς,
2364 2504 2499 2559 ἀλλά
2544 2504 2764 2573 σφαγῶν
2802 2505 3127 2575 ἀναιρέσεις.
3163 2506 3379 2577 Ἐπειδὴ
3430 2507 3538 2576 γὰρ

1971 2591 2193 2662 ἔμελλόν
2241 2607 2384 2653 τινες
2433 2585 2569 2642 εἶναι
2595 2590 2645 2640 οἱ
2676 2588 2850 2651 καλοὶ,
2891 2587 2985 2641 καὶ
3017 2590 3401 2660 προῖστάμενοι
3430 2589 3537 2641 τῶν

1972 2676 2245 2745 πατέρων,
2270 2675 2363 2729 καὶ
2390 2672 2458 2727 τὰ
2482 2674 2580 2743 τῆς
2599 2672 2864 2744 τιμωρίας
2892 2672 3096 2726 ἐλάττω
3116 2673 3328 2742 γέγονε.
3355 2673 3539 2726 Ταῦτα

1969 2759 2024 2812 δὲ
2056 2759 2295 2828 λέγεται,
2323 2759 2409 2811 ἴνα
2453 2758 2527 2829 μὴ
2576 2760 2695 2819 ταῖς
2738 2757 2914 2819 νίκαις
2953 2760 3071 2820 ταῖς
3098 2757 3191 2809 ἐπὶ
3224 2756 3539 2827 Ζορωὸάϐελ

1971 2842 2315 2914 ἐπαρθέντες.
2346 2842 2478 2914 ῥᾴθυ
2486 2858 2574 2912 μοι
2595 2841 2865 2909 γίνωνται.
2891 2842 3000 2893 Kal
3020 2841 3121 2911 ὅρα
3143 2839 3258 2902 πῶς
3277 2840 3337 2892 οὐ
3360 2838 3539 2910 τίθησι

1970 2926 2199 2998 λαμπρά
2227 2944 2345 2980 τινα
2376 2925 2605 2980 ἐνταῦθα
2642 2926 2779 2995 μετά
2808 2925 2876 2978 τὰ
2904 2923 3046 2977 κατά
3086 2924 3372 2994 Ἀντίοχον,
3405 2924 3540 2978 ἀλλά

1974 3012 2135 3082 μόνον
2173 3009 2324 3064 λύσιν
2355 3010 2465 3064 τῶν
2507 3010 2693 3064 δεινῶν
2742 3009 2909 3078 λέγει,
2946 3009 3039 3062 καὶ
3068 3008 3159 3061 τὸν
3200 3011 3541 3079 κατασχόντα

1974 3097 2182 3168 καιρόν.
2209 3098 2273 3149 Τί
2298 3092 2420 3161 οὗν;
2447 3095 2645 3167 ταύτην
2675 3096 2736 3148 οὐ
2761 3098 2987 3165 προεῖπε
3014 3094 3109 3166 τὴν
3131 3095 3538 3166 αἰχμαλωσίανς

1973 3182 2100 3246 Nal.
2130 3181 2331 3252 σφόδρα
2353 3181 2788 3251 αἰνιγματωδῶς·
2817 3181 2895 3234 διὸ
2922 3182 3014 3233 καὶ
3044 3184 3072 3234 6
3104 3180 3334 3252 Χριστὸς
3354 3176 3504 3235 εἶπεν
3524 3198 3539 3213 ·

1975 3266 2161 3319 Ὅταν
2206 3264 2369 3331 ἴδητε
2424 3264 2490 3317 τὸ
2541 3263 2857 3334 βδέλυγμα
2909 3264 3019 3332 τῆς
3077 3264 3454 3334 ἐρημώσεως,
3508 3268 3542 3319 ό

1974 3347 2399 3417 ἀναγινώσκων
2445 3347 2671 3400 νοείτω.
2710 3347 3065 3412 Ἐλεύσονται,
3118 3349 3270 3419 φησὶ,
3323 3348 3419 3417 οὐχ
3466 3349 3543 3410 ὡς

1974 3432 2346 3505 προειπόντος.
2398 3430 2506 3483 Καί
2550 3447 2694 3494 τινες
2748 3431 2845 3499 μὲν
2894 3430 3161 3498 λέγουσιν,
3194 3433 3275 3485 ὅτι
3321 3432 3544 3495 εἰκότως

1972 3516 2146 3569 ταῦτα
2175 3515 2235 3569 οὐ
2276 3513 2587 3586 προερρήθη
2608 3531 2622 3545 ο
2672 3514 2732 3567 οὐ
2764 3515 2872 3584 γὰρ
2905 3510 3016 3584 εἶχε
3051 3516 3239 3587 χρόνον
3269 3518 3302 3586 ἡ
3338 3518 3541 3588 αἰχμα-

1974 3599 2146 3655 λωσία
2173 3600 2311 3670 αῦτη
2339 3600 2543 3653 λαϐεῖν.
2571 3598 2745 3652 Δώσω
2778 3600 2907 3669 γὰρ,
2935 3600 3087 3670 φησὶ.
3120 3600 3218 3652 καὶ
3258 3600 3399 3664 τοὺς
3440 3615 3544 3670 ποτ

1976 3686 2195 3755 νηροὺς
2224 3666 2355 3739 ἀντὶ
2391 3685 2500 3752 τῆς
2544 3682 2737 3752 ταφῆς
2778 3666 3007 3747 αὑτοῦ(
3033 3684 3131 3737 καὶ
3174 3684 3314 3749 τοὺς
3356 3666 3543 3737 πλουΣ

1976 3771 2153 3836 σίους
2180 3770 2312 3824 ἀντὶ
2344 3768 2450 3821 τοῦ
2470 3766 2727 3822 θανάτου
2753 3765 2956 3821 αὑτοῦ.
2982 3766 3090 3821 Kal
3116 3766 3197 3820 σὺ
3218 3766 3545 3836 σφράγισαι

1976 3852 2092 3919 τὴν
2120 3852 2332 3921 ὅρασιν
2359 3852 2600 3918 ταύτην,
2626 3850 2714 3904 ὅτι
2734 3853 2822 3917 είς
2846 3849 3070 3919 ἡμέρας
3093 3851 3327 3917 πολλὰς
3353 3851 3543 3905 ἔσται.

1977 3936 2253 3996 Τουτέστι,
2300 3933 2551 4003 φύλαξον,
2594 3934 2941 4004 διατήρησον,
2973 3934 3058 3987 ἵνα
3104 3934 3178 4005 μὴ
3228 3934 3303 4004 τῷ
3350 3935 3545 4006 μακρῷ

1978 4019 2153 4091 χρόνῳ
2180 4017 2619 4089 διαφθαρῇ.’¹ορα
2654 4019 2925 4088 πανταχοῦ
2957 4018 3047 4071 τὸν
3069 4018 3202 4071 Θεὸν
3234 4020 3545 4089 φειδόμενον

1978 4103 2176 4156 αὐτῶν.
2205 4102 2484 4172 Κατῆλθον
2515 4104 2595 4165 εἰς
2620 4102 2910 4170 Αἴγυπτον,
2942 4102 3185 4171 ἐγένοντο
3206 4103 3395 4172 φαῦλοι
3412 4120 3425 4135 '
3446 4106 3546 4157 οὐκ

1979 4189 2208 4258 ἀπέστη,
2231 4187 2435 4257 ἢγαγεν
2457 4188 2537 4249 εἰς
2553 4185 2650 4258 τὴν
2677 4185 2899 4258 ἔρημον.
2916 4188 3235 4256 Ἐπέμειναν
3253 4190 3318 4257 τῇ
3346 4188 3513 4258 κακία⁵
3528 4205 3543 4218 °

1982 4273 2079 4325 οὐκ
2103 4270 2334 4340 ἀπέστη,
2365 4271 2654 4341 εἰσήγαγεν
2683 4270 2876 4333 αὐτοὺς
2900 4272 2979 4333 εἰς
3002 4272 3100 4341 τὴν
3125 4271 3229 4341 γῆν
3253 4273 3351 4342 τῆς
3375 4272 3547 4339 ὲπαγ-

1983 4355 2185 4424 γελίας.
2205 4354 2469 4422 Ἀνήγαγε
2500 4351 2659 4406 πάλιν
2691 4352 2885 4417 αὐτοὺς
2915 4352 3006 4405 ἐπὶ
3050 4354 3318 4424 ’Λντιόχου
3341 4372 3353 4384 ·
3385 4355 3546 4408 πάλιν

1982 4441 2030 4492 οἱ
2058 4437 2209 4491 αὐτοὶ
2234 4436 2442 4507 ἔμενον.
2461 4436 2583 4488 Ἐπὶ
2606 4434 2698 4488 τοῦ
2720 4437 2952 4507 Χριστοῦ
2979 4435 3137 4490 πάλιν
3161 4438 3211 4489 οἱ
3247 4437 3395 4490 αὐτοί
3417 4455 3428 4467 ·
3453 4437 3548 4490 καὶ

1983 4521 2101 4574 οὐδὲ
2146 4520 2316 4583 οὕτως
2354 4519 2584 4588 ἀπέστη,
2620 4518 2732 4571 ἀλλ’
2764 4520 2851 4571 ἀεὶ
2896 4520 3131 4590 κήδεται.
3165 4522 3269 4573 Kal
3300 4522 3549 4591 καθάπερ

1982 4606 2050 4659 τὰ
2092 4604 2293 4673 φυσικὰ
2338 4602 2437 4656 οὐκ
2488 4600 2553 4654 ἂν
2598 4602 2886 4671 ἀποσταίη,
2915 4601 2981 4654 τὰ
3023 4602 3232 4671 φύσεως
3281 4605 3551 4674 προσόντα

1982 4686 2135 4755 ήμίν,
2163 4684 2298 4753 ὅπερ
2324 4681 2389 4734 ἂν
2417 4680 2668 4750 γένηται·
2712 4678 2883 4743 οὕτως
2909 4681 3027 4734 οὐδὲ
3064 4682 3223 4745 Θεός·
3261 4684 3458 4752 μᾶλλον
3491 4682 3548 4735 δὲ

1984 4768 2164 4819 ἐκεῖνα
2200 4764 2420 4819 δυνατὸν
2470 4763 2789 4834 ἀποστῆναι,
2821 4765 2979 4817 αὑτὸν
3023 4765 3079 4818 δὲ
3126 4767 3372 4836 οὐδαμῶς
3414 4783 3547 4837 προ-

1986 4849 2225 4911 νοοῦντα,
2275 4848 2367 4901 καὶ
2406 4848 2716 4917 κηδόμενον.
2763 4851 2831 4902 El
2879 4849 2987 4919 γὰρ
3042 4853 3138 4903 καὶ
3190 4852 3549 4914 ἐπιλάθοιτο,

1988 4937 2139 5004 φησὶ,
2187 4932 2339 5002 γυνὴ
2384 4932 2489 4985 τοῦ
2518 4931 2767 4999 ἐλεῆσαι
2805 4932 2877 4985 τὰ
2917 4933 3133 5003 ἔκγονα
3174 4934 3282 4999 τῆς
3322 4934 3552 4997 κοιλίας

1985 5017 2190 5085 αὐτῆς,
2205 5017 2340 5071 ἀλλ’
2362 5015 2475 5083 ἐγὼ
2496 5017 2605 5069 οὐκ
2626 5016 2987 5084 ἐπιλήσομαί
3006 5032 3140 5069 σου.
3166 5016 3425 5085 Καθάπερ
3445 5016 3551 5086 γὰρ

1987 5102 2169 5171 ἐκείνη
2211 5101 2271 5154 οὐ
2327 5101 2462 5169 πρὸς
2508 5100 2605 5170 τὴν
2650 5101 2849 5170 ἀρετὴν
2878 5102 2978 5171 ὁρᾷ
3020 5101 3128 5152 τῶν
3161 5101 3387 5159 παίδων,
3417 5098 3554 5153 ἀλλὰ

1988 5187 2200 5254 φύσεως
2230 5186 2391 5255 νόμον
2416 5184 2519 5254 πλη
2530 5186 2636 5254 ροῖο
2659 5184 2821 5247 οὕτω,
2843 5186 2934 5238 καὶ
2958 5184 3106 5255 [Ἡῦ]
3133 5182 3305 5251 πολλῷ
3335 5184 3552 5253 μᾶλλον,

1988 5273 2016 5323 ὁ
2045 5270 2174 5331 Θεὸς
2206 5269 2292 5321 ἀεὶ
2321 5267 2561 5338 κήδεται,
2590 5268 2842 5321 οὐδέποτε
2873 5268 3181 5337 ἀφίσταται,
3212 5268 3297 5319 ἀεὶ
3327 5267 3386 5319 τὸ
3424 5268 3556 5321 αὐτὸ

1993 5356 2185 5426 μέτρον
2227 5352 2603 5405 ἐπιδείκνυται.
2640 5352 2750 5405 Kal
2796 5351 2909 5420 ἐγὼ
2956 5350 3177 5415 Δανιὴλ
3209 5351 3553 5419 ἐκοιμήθην,

1991 5442 2087 5495 καὶ
2145 5440 2558 5509 ἐμαλακίσθην
2612 5437 2872 5508 ἠμέρας’
2932 5438 3032 5490 καὶ
3098 5437 3393 5502 ἀνέστην,
3458 5437 3555 5490 καί

2031 5658 2077 5723 ,ε
2092 5652 2354 5723 ’ξτὶὺιίῃιὶιξε
2376 5651 2650 5723 ςετὶρεεείιη
2669 5651 2962 5723 προσῆλρρν,
2985 5656 3037 5723 υιῑ
3055 5662 3219 5723 s_upra,
3263 5651 3455 5723 Dan.__7,
3480 5648 3554 5720 16.

1991 5715 2071 5764 Sic
2092 5714 2175 5762 lib.
2202 5716 2262 5761 20
2293 5715 2352 5766 de
2379 5711 2571 5768 Civiline
2592 5711 2822 5774 Dei,'cap.
2853 5713 2929 5772 25,
2951 5711 3175 5773 habetur,
3212 5711 3405 5764 accessit
3428 5725 3445 5762 :
3486 5714 3558 5759 vi-

1994 5782 2117 5828 tiose
2141 5778 2316 5827 forsan.
