4054 6320
491 372 598 426 €257

490 489 732 542 ἐποίουν
750 486 822 540 τά
836 486 977 556 ἕΡῬα
992 487 1409 557 τοῦ-βασιλέως
1428 508 1441 521 '
1472 494 1567 546 καὶ
1598 492 1924 561 ἐθαύμαζον
1947 491 2061 558 τὴν

490 583 703 650 ὅρασιν
721 596 734 611 ·
775 580 874 634 καὶ
911 583 1021 634 οὐκ
1044 578 1125 651 ἦν
1148 585 1181 635 ὀ
1209 584 1453 638 συνιών.
1494 586 1661 637 Πόθεν
1686 583 2056 653 ἐμαλακίσθη;

502 674 641 727 Ὑπὸ
672 675 767 745 τῆς
801 672 1036 743 ἀθυμίας
1062 672 1193 737 ἴσως
1220 674 1328 727 τῶν
1359 676 1628 745 ἐσομένων
1673 676 1877 741 δεινῶν,
1911 675 2060 742 λογι-

493 767 725 837 σάμενος
768 767 903 836 πρὸς
935 766 1145 831 ἐαυτὸν,
1179 767 1259 820 ὅτι
1288 768 1496 821 οὐδέπω
1524 769 1590 821 τὰ
1624 769 1866 839 παρόντα
1909 768 2060 830 τέλος

491 858 622 929 ἔχει.
658 858 767 912 Καὶ
792 859 1046 919 τοσαῦτα,
1077 860 1230 927 φησὶ,
1263 860 1423 912 πάλιν
1453 860 1698 912 δεινά.Ἣ
1731 858 1887 911 πάλιν
1910 857 2062 909 οὐπω

491 949 795 1020 κατήλλαξα
829 951 1007 1013 αὐτοῖς
1032 952 1119 1003 τὸν
1144 952 1293 1015 Θεὸν,
1324 953 1417 1004 καὶ
1441 952 1592 1005 αὐτοὶ
1621 950 2011 1021 ἐκπολεμοῦσιν
2032 961 2058 989 ι

491 1042 670 1095 αὐτόν.
697 1042 805 1096 Καὶ
838 1042 1121 1108 ἀνέστην,
1155 1043 1250 1095 καὶ
1284 1044 1530 1096 ἐποίουν
1551 1043 1623 1095 τὰ
1651 1043 1792 1109 ἔργα
1817 1041 1922 1093 τοῦ
1947 1042 2061 1103 ,ϐα-

490 1136 725 1200 σιλέως.
762 1134 1070 1197 Τουτέστιν,
1105 1135 1426 1205 ὑπηρέτουν.
1464 1134 1568 1187 Καὶ
1599 1131 1921 1200 ἐθαύμαζον
1948 1131 2061 1197 τὴν

489 1228 732 1295 ὅρασιν
765 1227 863 1281 καὶ
889 1224 1098 1296 οὺκζήν
1123 1231 1155 1280 ό
1180 1225 1425 1283 συνιών.
1457 1226 1706 1279 Μάλιστα
1728 1225 1882 1278 τοῦτο
1904 1223 2058 1294 φέρει

488 1319 610 1373 τινὰ
656 1318 864 1387 ὀδύνην,
893 1319 1018 1371 ὅταν
1056 1319 1188 1388 μηδὲ
1219 1318 1519 1385 ἐξενεγκεῖν
1564 1317 1658 1388 ἐξῇ
1711 1318 1789 1380 εἷς
1834 1333 1952 1369 τινα
1989 1315 2058 1367 τὰ

489 1410 706 1480 λυπηρά
727 1428 739 1440 ’
770 1410 803 1481 ἢ
834 1410 914 1461 ὅτι
948 1410 1171 1479 πονηροὶ
1196 1404 1355 1478 ἦσαν.
1386 1408 1493 1462 Καὶ
1519 1407 1784 1469 ἐποίουν,
1812 1407 1966 1476 φησὶ,
1987 1404 2059 1457 τὰ

489 1501 633 1569 ἔργα
682 1500 784 1554 τοῦ
837 1500 1160 1565 βασιλέως.
1197 1500 1501 1564 Τουτέστιν,
1530 1498 1680 1551 οὐδὲν
1710 1499 2054 1569 παρελίμπα-

491 1610 602 1656 νον,
638 1592 753 1645 ἁλλ’
784 1592 998 1644 ἐποίουν
1027 1591 1093 1644 τά
1124 1591 1277 1661 ἔργα.

1086 1697 1336 1755 ΚΕΦΑΛ.
1378 1701 1455 1755 Θ’.

572 1810 673 1863 Ἐν
697 1808 773 1874 τῷ
798 1809 1001 1877 πρώτῳ
1024 1807 1141 1861 ἔτει
1162 1809 1428 1877 Δαρείου,
1460 1810 1565 1864 τοῦ
1593 1808 1729 1863 υἱοῦ
1759 1807 2055 1873 Ἀσσουή-

480 1918 615 1967 ρου,
648 1900 762 1953 ἀπὸ
790 1899 896 1953 τοῦ
920 1899 1259 1969 σπέρματος
1293 1899 1532 1968 Μήδων,
1569 1896 1635 1964 ὃς
1662 1898 2056 1952 ἐϐασίλευσεν

486 1992 585 2045 ἐπὶ
619 1991 731 2059 τὴν
746 1992 1073 2055 βασιλείαν
1092 1992 1421 2055 Χαλδαίων,
1457 1992 1525 2044 ἐν
1548 1990 1667 2043 ἔτει
1698 1990 1787 2042 ἐνὶ
1811 1987 1921 2057 τῆς
1941 1989 2056 2052 βα-

487 2083 719 2148 σιλείας
755 2082 959 2147 αὐτοῦ,
994 2082 1107 2153 ἐγὼ
1141 2082 1365 2150 Δανιὴλ
1408 2081 1651 2149 συνῆκα
1691 2083 1759 2134 ὲν
1802 2081 1930 2146 ταῖς
1958 2081 2056 2144 βί-

487 2176 651 2239 ϐλοις
700 2173 807 2227 τὸν
850 2174 1095 2242 ἀριθμὸν
1138 2174 1256 2227 τῶν
1292 2173 1472 2237 ἐτῶν,
1515 2174 1645 2241 περὶ
1690 2168 1762 2227 οὗ
1805 2171 2055 2241 ἐγενήθη

484 2264 665 2332 λόγος
697 2264 915 2331 Κυρίου
962 2268 1108 2332 πρὸς
1147 2263 1419 2331 Ἰερεμίαν
1452 2264 1559 2314 τὸν
1588 2260 1920 2329 προφήτην,
1972 2262 2057 2325 εὶς

484 2354 924 2423 συμπλήρωσιν
948 2357 1294 2424 ἐρημώσεως
1338 2353 1447 2421 τῆς
1483 2352 1866 2422 Ἰερουσαλὴμ
1896 2351 2057 2405 ἑϐδο-

479 2447 750 2515 μήκοντα
776 2447 899 2514 ἐτη.
929 2447 1037 2501 Καὶ
1066 2446 1255 2499 ἔδωκα
1300 2446 1365 2499 τὸ
1412 2460 1481 2511 πμ
1494 2446 1734 2499 όσωπόν
1756 2462 1874 2513 μου
1908 2443 2056 2511 πρὸς

484 2539 704 2604 Κύριον
742 2537 849 2590 τὸν
887 2538 1051 2603 Θεὸν,
1088 2536 1193 2591 τοῦ
1233 2536 1554 2605 ἐκζητῆσαι
1579 2536 1928 2605 προσευχὴν
1956 2536 2052 2588 καὶ

482 2629 696 2697 δέησιν
733 2631 801 2683 ὲν
830 2632 1131 2697 νηστείαις
1161 2630 1256 2683 καὶ
1282 2630 1485 2693 σάκκῳ
1517 2630 1611 2681 καὶ
1638 2627 1860 2692 σποδῷ.
1887 2620 2053 2691 υῦτος

480 2722 511 2774 ὁ
542 2722 722 2791 Μῆδος
754 2725 992 2792 Δαρεῖος.
1030 2722 1249 2793 Πρῶτον
1283 2722 1337 2774 δὲ
1366 2722 1481 2784 ἔτος
1508 2722 1628 2791 οὐχὶ
1654 2722 1749 2791 τῆς
1780 2720 2053 2789 βασιλείας

482 2813 645 2867 αὐτοῦ
692 2832 855 2884 φησι·
906 2815 965 2865 οὐ
1000 2813 1107 2884 γὰρ
1141 2810 1312 2879 εἶπεν,
1341 2815 1397 2865 ἐν
1434 2812 1509 2883 τῷ
1553 2811 1750 2882 πρώτῳ
1774 2813 1873 2881 τῆς
1903 2812 2053 2881 βασι-

481 2903 628 2968 λείας
666 2904 851 2968 αὐτοῦ,
886 2903 1139 2968 ἀλλ’,Ἐν
1170 2902 1250 2968 τῷ
1290 2903 1493 2971 πρώτῳ
1532 2902 1649 2955 ἔτει
1682 2903 1943 2971 Δαρείου,
1983 2903 2053 2955 ἐν

478 2996 570 3048 ἐνὶ
605 2994 724 3049 ἔτει
760 2994 869 3063 τῆς
886 2994 1206 3060 ,βασιλείας
1233 2995 1438 3059 αὑτοῦ,
1470 2995 1607 3047 ὥστε
1644 2994 1868 3049 δυνατὸν
1894 2994 2051 3063 λέγι-

482 3086 606 3144 σθαι
640 3089 732 3141 καὶ
758 3086 972 3158 πρῶτον
996 3086 1132 3150 ἔτος,
1165 3086 1533 3156 βασιλεύοντος
1570 3087 1666 3156 μὲν
1711 3087 1895 3151 αὐτοῦ,
1930 3089 2050 3141 τότε

476 3178 533 3230 δὲ
558 3177 836 3241 ἀνελόντος
864 3177 991 3239 ἴσως
1010 3178 1133 3240 τοὺς
1160 3178 1287 3247 περὶ
1317 3178 1619 3249 Βαλτάσαρ.
1640 3181 1780 3247 Ἐγὼ
1820 3180 2047 3247 Δανιὴλ

476 3270 719 3336 συνῆκα
762 3269 832 3322 ἐν
873 3268 1000 3334 ταῖς
1025 3268 1263 3333 βίϐλοις
1294 3270 1400 3321 τὸν
1430 3270 1677 3338 ἀριθμὸν
1722 3269 1839 3323 τῶν
1876 3270 2043 3324 ἐτῶν.

476 3362 757 3424 Τουτέστι,
797 3361 893 3432 τὴν
926 3362 1158 3431 σφαγήν.
1205 3361 1313 3414 Καὶ
1350 3361 1915 3433 ἀνελογισάμην.”ορα
1950 3364 2046 3414 αὐ-

474 3453 567 3506 τὸν
594 3455 700 3524 πρὸ
728 3455 828 3524 τῆς
863 3453 1199 3525 προθεσμίας
1232 3454 1291 3506 οὐ
1323 3454 1601 3524 τολμῶντα
1635 3454 1945 3523 προσελθεῖν
1971 3454 2049 3524 τῷ

474 3546 737 3618 Δεσπότῃ.
758 3545 894 3598 Ἀλλ’
927 3548 975 3599 οἱ
1020 3547 1116 3617 μὲν
1158 3549 1304 3617 τρεῖς
1342 3547 1527 3610 παῖδες
1557 3547 1800 3600 ποιοῦσιν
1830 3548 1959 3599 αὐτὸ
1990 3549 2047 3600 ἐν

474 3638 540 3706 τῆ
569 3637 780 3707 καμίνῳ
799 3656 812 3668 ·
848 3632 998 3701 οὗτος
1028 3638 1082 3691 δέ
1109 3640 1165 3691 ἐν
1198 3638 1276 3708 τῷ
1312 3638 1496 3709 λάκκῳ
1526 3638 1675 3691 οὐδὲν
1709 3640 1949 3709 ἐποίησε.
1982 3639 2047 3691 Τί

474 3724 596 3793 οῦν;
646 3728 679 3799 ἢ
728 3730 923 3781 ἐκεῖνοι
966 3730 1237 3800 κακῶς,ἣ
1285 3725 1468 3793 οὐτος;
1505 3730 2047 3797 οὐδέτεροι.Ἐκεῖνοι

479 3820 577 3887 μὲν
607 3821 715 3890 γὰρ
743 3820 839 3891 τὴν
870 3822 1270 3891 φιλοστοργίαν,
1303 3817 1457 3885 οὗτος
1502 3822 1559 3874 δὲ
1585 3822 1681 3892 τὴν
1717 3822 1928 3875 σύνεσιν
1955 3823 2047 3876 τοῦ

477 3910 670 3981 καιροῦ
726 3914 1166 3983 παραγενομένου
1225 3914 1453 3968 ἐδείκνυ.
1498 3909 1624 3983 ’Ἆρ’
1664 3910 1756 3967 οῦν
1816 3914 2049 3977 συνετῶς

475 4001 809 4069 ἀνεγίνωσκε
861 4004 929 4055 τά
981 4005 1327 4073 προφητικά;
1371 4000 1537 4077 υἷμγαι
1574 4004 1618 4056 δ’
1654 4006 1812 4059 αὐτὸν
1849 4007 1947 4059 οὐκ
1985 4009 2049 4060 ἐκ

475 4094 573 4164 τῆς
622 4092 873 4157 ἁλώσεως
921 4095 1199 4164 ἀριθμεῖν,
1252 4096 1364 4149 ἀλλ’
1408 4098 1472 4149 ἐκ
1520 4097 1618 4166 τῆς
1670 4098 2048 4167 αἰχμαλωσίας

477 4187 606 4248 tam;
648 4184 740 4237 τοῦ
794 4185 1025 4256 Ἰσραήλ.
1083 4187 1388 4257 Ἐρήμωσιν
1429 4187 1536 4259 γὰρ
1586 4189 1809 4252 εἰκότως
1855 4190 1919 4243 ἄν
1965 4207 2050 4254 τις

475 4279 616 4331 εῐποι
654 4278 1005 4349 Ἰερουσαλὴμ
1040 4278 1134 4330 καὶ
1169 4278 1293 4342 τούς
1326 4280 1615 4349 πολέμους.
1651 4281 1791 4351 Ὅρα
1832 4283 1924 4333 καὶ
1956 4281 2047 4335 τὸν

473 4369 703 4440 ἀριθμὸν
755 4369 1097 4422 σαϐϐατικὸν.
1150 4371 1359 4441 Ὥσπερ
1408 4370 1516 4442 γάρ
1564 4372 1681 4424 τότε
1724 4372 2047 4442 τετρακόσια

472 4461 761 4530 τριάκοντα
810 4462 900 4513 καί
945 4462 1190 4516 διακόσια
1234 4463 1523 4516 δεκαπέντε
1570 4462 1838 4531 ἐποίησεν,
1875 4463 2047 4527 οὓτως

471 4548 622 4621 οἶμαι
652 4552 743 4604 καὶ
775 4552 868 4603 νῦν
902 4553 1103 4605 ἐλάττω
1135 4548 1289 4605 εἶναι.
1332 4553 1483 4624 [246]
1512 4554 1647 4621 Περὶ
1672 4549 1743 4607 οὗ
1771 4553 2042 4620 ἐγενήθη,

472 4642 638 4711 φησὶ,
691 4642 871 4710 λόγος
918 4641 1067 4709 πρὸς
1121 4643 1402 4710 Ἰερεμίαν
1449 4645 1553 4697 τὸν
1595 4642 1926 4711 προφήτην,
1963 4645 2050 4708 είς

468 4732 908 4802 συμπλήρωσιν
959 4733 1305 4800 ἐρημώσεως
1362 4734 1746 4802 Ἰερουσαλὴμ
1800 4732 2046 4801 ἐϐδομή-

469 4843 650 4879 κοντα
678 4825 800 4890 ἐτη.
824 4826 929 4879 Καὶ
961 4824 1149 4878 ἔδωκα
1174 4826 1237 4878 τὸ
1269 4827 1591 4893 πρόσωπόν
1613 4844 1728 4894 μου
1757 4825 1902 4891 πρὸς
1929 4826 2044 4878 Κύ-

459 4936 597 4988 ριον
612 4918 714 4972 τὸν
729 4917 895 4981 Θεὸν,
914 4918 1017 4970 τοῦ
1035 4915 1347 4984 ἐκζητῆσαι
1363 4918 1712 4985 προσευχὴν
1723 4918 1818 4969 καὶ
1837 4916 2047 4982 δέησιν

466 5012 535 5065 ἐν
554 5011 859 5078 νηστείαις
875 5010 972 5063 καὶ
994 5009 1199 5075 σάκκῳ
1219 5009 1313 5061 καὶ
1335 5010 1558 5074 σποδῷ.
1581 5010 1720 5078 Ὅρα
1738 5007 2039 5077 εὐλάϐειαν.

468 5104 574 5157 Καὶ
603 5103 814 5167 ἔδωκα,
841 5101 993 5172 φησὶ,
1026 5100 1090 5153 τὸ
1113 5101 1435 5167 πρόσωπόν
1453 5117 1589 5167 μου.
1615 5099 1889 5162 Τουτέστι,
1911 5117 2042 5151 κατ-

465 5195 814 5268 ῃσχυμμένος
838 5194 871 5263 ἦ
880 5210 984 5263 μην
1007 5192 1111 5263 πρὸ
1132 5191 1343 5252 τούτου,
1364 5190 1466 5259 πρὸ
1499 5191 1596 5259 τῆς
1628 5190 2006 5253 ταπεινώσεως
2025 5205 2039 5219 ⁸

464 5287 559 5339 νῦν
588 5286 644 5338 δὲ
670 5286 920 5348 Ἐδωκα,
948 5284 1065 5336 ἀντὶ
1092 5283 1184 5335 τοῦ
1214 5282 1502 5351 ἐτόλμησα.
1531 5282 1591 5333 Εἰ
1616 5280 1672 5333 δὲ
1703 5281 2043 5351 ὀφειλόμενον

464 5378 691 5448 ἀπῄτει,
724 5379 823 5432 οὐκ
863 5378 928 5432 ἂν
961 5376 1141 5445 ἔλεγε,
1179 5374 1403 5427 Ἕδωκα
1438 5372 1503 5426 τὸ
1542 5374 1863 5442 πρόσωπόν
1898 5394 2039 5444 μου,

526 5640 550 5666 ⁸
577 5637 698 5685 Vide
724 5638 939 5695 Suidam,
956 5637 1090 5698 iapud
1115 5648 1267 5698 quem
1283 5632 1333 5682 in
1356 5631 1507 5682 verbo
1528 5633 1881 5698 ἐμπολεμῶσαι,
1916 5635 2037 5686 nihil

459 5706 648 5746 mutare
672 5698 911 5745 debuerat
931 5696 1188 5758 HISleph.
1238 5696 1501 5757 Eleganter
1520 5703 1701 5758 autem.
1727 5697 1808 5755 qui
1833 5696 2037 5747 Constit.

459 5767 616 5819 θροεῖ.
641 5760 860 5817 collegit,
887 5760 940 5806 ἐκ
961 5756 1260 5821 παρατάξεως
1298 5756 1576 5821 ἁμαρτάνειν
1600 5760 1647 5805 in
1672 5756 1758 5805 hac
1798 5759 2037 5819 signiﬁca-

459 5825 595 5872 tione
624 5824 839 5879 usurpat,
864 5821 946 5868 lib.
982 5821 1028 5881 2,
1053 5833 1154 5881 cap.
1180 5821 1254 5868 23.

1195 373 1251 428 S.
1290 372 1572 464 {QANNIS
1609 372 2094 430 CHRYSOSTOMI
2143 374 2460 436 ARCHIEP.
2499 380 3038 437 CONSTANTINOP.

3626 378 3734 435 238

2170 494 2243 557 ὡς
2262 496 2352 547 ἐπὶ
2375 497 2982 567 παρακεκινδυνευμένῳ
3004 496 3301 567 πράγματι.
3325 495 3388 549 Εί
3406 496 3546 565 ὑπὲρ
3565 495 3741 550 ἄλλων

2167 590 2401 662 τοσαύτῃ
2439 593 2631 662 χρῆται
2675 591 2898 662 σπουδῇ,
2942 593 2988 643 εἰ
3017 590 3306 654 τοσαύταις
3336 591 3620 645 ἀπολαύων
3646 594 3743 647 καὶ

2169 687 2317 756 παρὰ
2340 688 2431 740 τοῦ
2458 688 2591 742 Θεοῦ
2618 691 2709 743 καὶ
2737 690 2886 760 παρά
2909 687 3003 742 τοῦ
3032 688 3293 759 βασιλέως
3316 689 3544 752 εὐνοίαις
3569 690 3620 752 ι),
3641 691 3744 743 οὐκ

2167 780 2277 851 ἔχει
2298 782 2417 834 τινὰ
2440 783 2687 853 αἴσθησιν
2712 785 2818 837 τῶν
2848 786 3204 855 πραγμάτων,
3233 784 3348 837 ἀλλ’
3378 783 3453 847 ὼς
3483 784 3640 848 αὐτὸς
3667 784 3749 839 ὣν

2167 881 2223 932 ἐν
2260 881 2369 941 τοῖς
2402 880 2611 945 δεινοῖς,
2654 882 2831 935 αὐτῶν
2863 882 2972 935 τῶν
3014 882 3183 934 ὄντων
3215 864 3414 951 μᾶλλον
3442 882 3693 935 ἐδάκνετο
3725 900 3745 907 “

2169 974 2284 1036 πῶς
2322 975 2386 1029 ἄν
2428 994 2512 1040 τις
2553 977 2713 1029 αὐτὸν
2756 979 2875 1031 κατ’
2908 978 3065 1041 ἀξίαν
3099 976 3458 1047 θαυμάσειεν;
3506 979 3643 1049 Ὅρα
3684 978 3747 1031 δὲ

2167 1071 2261 1123 καὶ
2306 1073 2441 1142 μετὰ
2472 1074 2569 1137 τὰς
2603 1074 2810 1143 θλίψεις
2841 1076 3049 1139 ἐκείνας
3078 1077 3138 1129 οὐ
3174 1074 3477 1147 θαρροῦντα
3510 1077 3746 1146 προσελ-

2167 1169 2305 1234 θεῖν,
2351 1169 2454 1232 ἓως
2493 1166 2599 1223 εἶδε
2638 1171 2726 1224 τὸν
2769 1172 2965 1241 χρόνον
2996 1171 3368 1242 πληρωθέντα.
3418 1172 3525 1226 Ποῦ
3565 1172 3750 1228 τοίνυν

2165 1264 2459 1334 κεισόμεθα
2498 1265 2681 1319 λοιπὸν
2722 1268 2880 1335 ἡμεῖς
2911 1268 2959 1320 οἱ
2991 1267 3195 1333 ἄθλιοι;
3240 1268 3304 1320 Τί
3336 1267 3535 1335 λέγεις,
3567 1264 3611 1323 ὦ
3642 1274 3750 1324 Δα-

2165 1359 2311 1429 νιήλ;
2344 1361 2401 1411 ἐν
2434 1360 2655 1427 ἀγαθοῖς
2684 1358 2732 1414 εἷ
2762 1363 2847 1425 σὺ,
2882 1366 3047 1433 τιμῆς
3081 1364 3369 1427 ἀπολαύεις
3405 1367 3553 1436 παρὰ
3582 1367 3744 1432 Θεοῦ,

2165 1454 2315 1524 παρὰ
2351 1455 2648 1526 ἀνθρώπων
2684 1475 2697 1486 ο
2740 1459 2792 1510 τί
2832 1476 2911 1511 σοι
2955 1460 3135 1530 μέλλει
3167 1461 3225 1530 (ί.
3268 1461 3438 1532 μέλει)
3470 1464 3597 1534 περὶ
3632 1466 3747 1518 τῶν

2164 1549 2366 1615 ἄλλων;
2402 1551 2557 1605 υύτω
2586 1554 2677 1606 καὶ
2706 1556 2942 1626 Μωῦσῆς
2968 1557 3160 1609 ἐποίει.
3198 1559 3308 1611 Καὶ
3342 1559 3394 1611 τί
3436 1577 3601 1629 φησι;
3647 1563 3750 1617 Ἐν

2163 1650 2471 1715 νηστείαις
2521 1652 2620 1704 καὶ
2667 1652 2873 1720 σάκκῳ
2924 1655 3019 1707 καὶ
3052 1656 3257 1720 σποδῷ
3306 1657 3374 1710 τά
3420 1659 3747 1731 ὀφειλόμενα

2166 1743 2431 1797 ἀπαιτῶν.
2477 1746 2541 1797 Τί
2574 1746 2704 1817 γὰρ,
2744 1748 2792 1800 εἰ
2829 1748 3119 1816 ὠφείλετο;
3156 1752 3379 1823 Μήποτε
3424 1756 3516 1808 καί⁹
3549 1758 3747 1811 τούτου

2164 1840 2415 1903 ἀναξίους
2456 1842 2682 1904 ἑαυτοὺς
2731 1844 3007 1913 ἐποίησαν.
3060 1844 3137 1900 Οὐ
3188 1849 3295 1917 γάρ
3337 1851 3483 1903 ἐστιν
3527 1853 3745 1928 ἀνάγκη

2166 1936 2314 2005 παρά
2337 1936 2454 2005 Θεῷ
2474 1954 2487 1965 ·
2514 1937 2782 2009 ἀνώτερος
2804 1939 2981 2009 νόμων
3001 1942 3134 1995 ἐστί.
3164 1944 3271 1998 Τοῦ
3294 1944 3556 2014 ζητῆσαι,
3582 1954 3743 2023 φησὶ,

2164 2032 2516 2101 προσευχὴν
2544 2034 2643 2087 καὶ
2680 2034 2907 2103 δέησιν.
2948 2037 3167 2108 Πρῶτον
3196 2040 3352 2093 τοῦτο
3376 2044 3639 2114 ἐπιζητεῖ.
3674 2049 3745 2101 Εἰ

2164 2130 2446 2200 ἐπιτρέπει
2489 2148 2598 2200 μοι,
2630 2133 2781 2202 φησὶ,
2822 2132 3077 2199 εὔξασθαι
3112 2136 3250 2208 ὑπὲρ
3289 2140 3466 2194 αὐτῶν
3500 2157 3514 2170 ⁶
3550 2145 3743 2216 ἐπειδὴ

2164 2228 2390 2298 ἤκουσεν
2423 2229 2683 2300 Ἱερεμίου
2711 2229 2866 2282 τοῦτο
2897 2232 3199 2298 ἀκούοντος,
3230 2236 3310 2288 ὅτι
3357 2237 3453 2306 Μὴ
3487 2246 3744 2309 προσεύ-

2162 2340 2274 2390 χου
2314 2324 2462 2391 ὑπὲρ
2503 2326 2607 2378 τοῦ
2649 2326 2800 2379 λαοῦ
2842 2327 3075 2393 τούτου,
3118 2330 3214 2382 καὶ
3252 2332 3337 2401 μὴ
3376 2334 3548 2398 ἀξίου
3588 2339 3745 2408 ὑπὲρ

2162 2418 2376 2473 αὐτῶν.
2418 2421 2593 2490 Ἔχων
2629 2421 2702 2492 (f.
2752 2424 2876 2479 add.
2908 2424 3040 2496 τὴν)
3080 2426 3187 2479 ἀπὸ
3217 2428 3312 2498 τῆς
3342 2432 3740 2505 αἰχμαλωσίας,

2162 2512 2258 2583 τὴν
2309 2515 2416 2568 ἀπὸ
2472 2517 2578 2570 τῶν
2640 2520 2843 2590 χρόνων
2916 2523 3257 2592 συμμαχίαν,
3324 2525 3421 2596 τὴν
3475 2529 3583 2582 ἀπὸ
3640 2533 3743 2603 τῆς

2161 2612 2369 2675 οἰκείας
2394 2614 2609 2683 ἀρετῆς,
2640 2618 2730 2669 καὶ
2755 2617 2846 2670 τοῦ
2874 2620 3041 2690 μυρία
3064 2621 3272 2688 παθεῖν,
3293 2624 3499 2679 οὐδέπω
3524 2628 3741 2702 θαρρεῖ,

2161 2707 2296 2761 ἀλλά
2310 2711 2512 2781 τέφραν
2530 2713 3014 2786 ὐποστρωσάμενος
3026 2719 3119 2771 καὶ
3133 2721 3353 2785 σάκκον,
3368 2722 3537 2787 οὕτως
3550 2726 3740 2785 ἐδεῖτο.

2162 2806 2225 2858 Τί
2255 2808 2548 2879 ποιήσομεν
2571 2811 2729 2879 ἡμεῖς
2755 2812 2805 2863 οἰ
2831 2812 3155 2883 ἀνάλγητοι;
3182 2816 3380 2872 Τοῦτον
3403 2822 3548 2891 ἡμᾶς
3570 2826 3745 2897 ἐχρῆν

2164 2902 2463 2971 μιμεῖσθαι.
2499 2904 2614 2956 Ἵνα
2655 2905 2763 2977 γὰρ
2805 2908 2878 2977 μή
2913 2926 2997 2972 τις
3028 2909 3182 2984 λέγῃ,
3219 2914 3301 2966 ὅτι
3340 2915 3425 2969 διά
3463 2920 3652 2973 πενίαν
3690 2924 3744 2975 οἰ

2159 2997 2330 3051 λοιποὶ
2371 3003 2641 3071 προφῆται
2680 3003 2853 3056 ταῦτα
2888 3005 3101 3060 ἐποίουν
3132 3022 3150 3040 ο
3187 3010 3214 3061 ὁ
3253 3011 3485 3080 μάλιστα
3522 3016 3745 3072 πάντων

2161 3096 2295 3165 πρὸς
2341 3095 2663 3167 ἀξιωμάτων
2705 3100 2933 3168 μέγεθος
2977 3103 3259 3174 ἀναχθεὶς,
3306 3102 3458 3174 οὗτος
3507 3114 3747 3184 μάλιστα

2159 3192 2375 3246 πάντων
2397 3192 2759 3248 ταπεινοῦται.
2788 3197 2896 3249 Καὶ
2921 3197 3028 3251 ἀπὸ
3058 3199 3149 3253 τοῦ
3178 3202 3486 3274 σπέρματος
3516 3210 3615 3279 τῆς
3646 3212 3748 3281 βα-

2160 3288 2358 3353 σιλείας
2381 3288 2468 3361 ἦν,
2492 3293 2582 3344 καὶ
2610 3292 2873 3345 τοσούτων
2899 3295 3220 3354 ἀπέλαυσεν.
3243 3301 3395 3355 Οὐτω
3418 3304 3497 3357 δεῖ
3524 3308 3747 3365 πενθεῖν

2155 3384 2224 3437 τὰ
2242 3387 2412 3439 οἰκεῖα
2430 3386 2597 3449 δεινὰ,
2615 3388 2754 3441 οὕτω
2769 3390 2875 3441 τῶν
2899 3390 3071 3459 μελῶν
3094 3394 3361 3460 φείδεσθαι
3379 3400 3487 3453 τῶν
3501 3404 3742 3460 οἰκείων.

2156 3484 2325 3538 Τοῦτο
2349 3486 2657 3556 συμπάθεια
2680 3488 2785 3539 τῶν
2808 3491 3119 3559 προφητῶν.
3141 3493 3281 3565 Ὅρα
3301 3498 3472 3571 ταύτῃ
3506 3503 3746 3571 μάλιστα

2157 3581 2596 3653 θαυμασιώτερον
2638 3582 2783 3636 ὄντα.
2815 3585 3052 3655 Μωῦσῆς
3084 3587 3268 3657 ἔλεγεν
3301 3606 3314 3621 ·
3343 3595 3410 3646 El
3438 3596 3554 3664 μὲν
3579 3599 3746 3668 ἀρῆς

2156 3677 2379 3742 αὐτοῖς,
2413 3677 2540 3730 ἐπεὶ
2572 3678 2720 3746 κάμὲ
2748 3679 3074 3749 ἐξάλειψωθ
3091 3684 3158 3737 ἐκ
3182 3684 3293 3753 τῆς
3310 3689 3549 3751 βίϐλου.
3574 3689 3743 3758 Οὗτος

2156 3775 2215 3826 ὲν
2244 3773 2519 3844 νηστείαις
2547 3769 2615 3844 ἦν
2643 3774 2735 3827 καὶ
2761 3776 2988 3847 δάκρυσι
3017 3779 3296 3849 διηνεκῶς.
3330 3786 3537 3851 Παῦλος
3562 3790 3745 3861 διηνε-

2157 3864 2266 3927 κῶς
2300 3866 2358 3917 ἐν
2399 3864 2648 3936 δάκρυσι,
2699 3866 2790 3919 καὶ
2834 3869 3056 3940 γεέννης
3102 3873 3270 3943 αὐτῆς
3312 3881 3734 3953 κατετόλμησεν,

2156 3962 2344 4026 Οὐδεὶς
2366 3962 2544 4016 αὐτῶν
2571 3962 2681 4033 ἔχει
2704 3963 2808 4015 τῶν
2835 3966 3046 4019 οἰκείων
3071 3968 3286 4036 ἀγαθῶν
3314 3974 3564 4044 αἴσθησιν
3585 3996 3597 4008 ·
3623 3981 3739 4033 ἀλλ’

2155 4059 2341 4130 ὥσπερ
2372 4062 2427 4112 ὲν
2461 4059 2690 4130 σώματι,
2719 4059 2811 4113 τοῦ
2850 4062 3127 4133 ὀφθαλμοῦ
3169 4068 3330 4122 καλοῦ
3359 4074 3738 4144 τυγχάνοντος,

2155 4160 2254 4213 οὐκ
2288 4158 2353 4213 ἂν
2389 4158 2542 4211 λάϐοι
2576 4157 2669 4210 τοῦ
2703 4159 2931 4223 κάλλους
2967 4162 3235 4233 αἴσθησιν,
3280 4172 3596 4240 σεσηπότων
3631 4178 3740 4230 τῶν

2159 4256 2332 4310 ποδῶν
2371 4258 2464 4311 καὶ
2500 4256 2909 4328 διεφθαρμένων
2938 4276 2951 4289 ⁸
2987 4260 3129 4315 οὕτω
3168 4266 3261 4318 καὶ
3296 4268 3415 4322 τότε
3458 4268 3546 4342 ἦν.
3583 4276 3739 4339 Τίνος

2154 4357 2337 4410 ’ένεκεν
2380 4360 2411 4427 ἡ
2456 4358 2678 4423 σποδός;
2730 4360 3158 4433 Ἀνεμίμνησκεν
3198 4368 3359 4421 αὐτὸν
3397 4371 3497 4442 τῆς
3530 4376 3738 4443 οἰκείας

2156 4452 2386 4522 φύσεως.
2414 4454 2567 4518 Τίνος
2597 4456 2780 4508 ἐνεκεν
2809 4458 2837 4508 ὁ
2864 4459 3096 4526 σάκκος;
3126 4464 3202 4533 Τῇ
3232 4466 3527 4540 τραχύτητι
3554 4491 3737 4529 una.

2154 4552 2250 4603 νοῖ.
2284 4550 2439 4613 Τίνος
2464 4551 2647 4604 ἕνεκεν
2682 4553 2715 4621 ἡ
2748 4555 2999 4623 νηστείας
3024 4560 3134 4611 Καὶ
3162 4561 3299 4632 αὐτη
3324 4565 3432 4618 τῶν
3467 4570 3525 4621 ἐν
3558 4590 3735 4645 παρα-

2153 4648 2313 4718 δείσῳ
2334 4649 2757 4719 ἀνεμίμνησκεν.
2792 4650 2961 4705 Τοῦτο
2982 4655 3163 4719 αὐτοῖς
3187 4658 3305 4722 ἔθος
3326 4660 3479 4734 [247]
3506 4667 3642 4733 ἐστὶ,
3668 4670 3736 4725 τὰ

2156 4746 2509 4817 βασανίζοντα
2534 4747 2768 4802 διώκειν.
2798 4751 2927 4803 Οὐδὲ
2953 4752 3052 4821 τῆς
3080 4755 3180 4823 γῆς
3210 4756 3358 4821 ἄξιός
3384 4762 3519 4829 ειμι,
3547 4768 3733 4835 φησὶν⁹

2152 4843 2271 4895 οὐδέ
2299 4842 2405 4896 τῶν
2436 4842 2683 4913 ἱματίων,
2716 4845 2834 4898 οὐδὲ
2868 4846 2977 4900 τῶν
3006 4849 3145 4903 κατά
3177 4851 3334 4919 φύσιν
3367 4861 3730 4929 πραγμάτων,

2152 4940 2286 4994 ἀλλὰ
2318 4939 2697 5011 χαλεπωτέρας
2728 4942 3023 5013 τιμωρίας,
3058 4947 3086 4997 ό
3114 4946 3179 4999 τὰ
3222 4948 3469 5019 Περσικά
3508 4958 3731 5027 περιόε-

2153 5037 2417 5107 ὅλημένος
2453 5038 2765 5107 ὑφάσματα,
2811 5041 2839 5092 ὁ
2884 5041 3075 5112 τιάραν
3112 5044 3249 5114 ἔχων
3288 5049 3582 5123 Περσικήν,
3624 5058 3732 5110 Καὶ

2152 5136 2202 5189 τί
2235 5154 2395 5205 φησι;
2429 5136 2652 5206 Ἰδωμεν
2681 5137 2777 5208 τὴν
2810 5138 3207 5212 ἐξομολόγησιν.
3244 5148 3353 5201 Καὶ
3379 5154 3730 5220 προσηυξά-

2144 5252 2268 5303 μην
2296 5233 2445 5301 πρὸς
2484 5235 2701 5301 Κύριον
2732 5234 2835 5288 τὸν
2866 5236 3014 5291 Θεόν
3046 5256 3187 5307 μου.
3219 5242 3359 5313 Ὅρα
3399 5246 3462 5299 τὸ
3508 5250 3730 5321 φίλτρον

2148 5334 2207 5385 τὸ
2235 5333 2362 5403 περὶ
2389 5332 2479 5384 τὸν
2504 5332 2799 5403 Δεσπότην.
2846 5334 2958 5385 Τὸν
2984 5338 3133 5389 Θεόν
3158 5356 3296 5405 μου,
3338 5344 3471 5412 φησί
3495 5362 3507 5372 ·
3538 5346 3597 5399 ὃν
3627 5350 3727 5402 οὐκ

2149 5432 2345 5501 ἐτόλμα
2374 5431 2653 5495 ἱκετεύειν,
2679 5431 2859 5484 τοῦτον
2886 5432 3015 5486 Θεὸν
3040 5434 3201 5488 αὐτοῦ
3232 5438 3400 5493 καλεῖ.
3434 5442 3555 5496 Ἔτι
3581 5446 3727 5513 ἐμοῦ

2206 5691 2234 5728 δ
2259 5690 2393 5771 ῑιεεεθ
2408 5690 3357 5771 ἐρεείνε-ο-·.;-εὲξ359ιεν,ιξξὲειττξι
3381 5698 3653 5771 mw“,
3670 5710 3723 5771 et

2144 5753 2382 5862 τοσρόὃτων
2402 5752 2678 5801 ἀπέλαυσεν.
2716 5752 3126 5821 Ρτιεὶνῆιὸοειιιιι.
3157 5752 3409 5807 Αιιιιιιτιαν.
3439 5763 3499 5810 ad
3524 5752 3716 5815 Daniel.

2143 5830 2189 5877 p.
2284 5850 2296 5862 .
2938 5840 2947 5851 ~
