4126 6294
306 273 414 327 9ὖῖ

302 384 412 447 bui,
439 390 486 436 et
513 381 745 451 agrotaui
787 382 892 436 dies
923 382 1111 452 aliqttot
1133 397 1153 438 :
1178 392 1228 436 et
1261 384 1456 436 surrexi
1477 423 1492 446 ,
1534 389 1578 436 et
1618 381 1860 452 faciebam

302 487 458 540 Opera
495 471 629 542 regis
655 488 674 525 :
695 482 741 525 et
777 472 1067 526 admirabar
1114 473 1350 526 visionem
1374 487 1394 527 :
1422 480 1467 524 et
1509 488 1609 525 non
1643 481 1749 525 erat
1789 473 1876 541 qui
1909 536 1915 540 _

303 559 625 631 intelligeret.
671 560 822 617 Unde
850 562 1160 632 :rgrotavit?
1183 561 1448 616 Fortassis
1474 577 1539 616 ex
1568 560 1778 616 tristitia
1805 562 1876 617 ob

303 652 508 708 futuras
539 653 891 721 calamitates,
924 669 1103 709 secum
1134 663 1417 724 reputans,
1453 653 1686 707 nondum
1715 653 1871 708 linem

303 743 499 799 habere
542 760 629 800 res
672 754 981 815 praesentes.
1010 746 1077 800 Et
1118 755 1222 812 tot,
1253 745 1454 814 inquit,
1482 744 1654 798 adhuc
1683 759 1871 813 super-

299 845 429 887 sunt
453 833 610 888 mala.
638 834 730 890 Vel
759 837 971 901 iterum,
1003 835 1244 890 Nondum
1269 834 1464 890 Judaeis
1489 835 1654 890 Deum
1680 851 1873 890 recon-

299 925 498 990 ciliavi,
527 935 581 980 et
609 926 709 996 ipsi
737 943 858 982 eum
891 927 957 982 ad
985 927 1181 982 bellum
1213 935 1518 997 provocant,
1543 943 1605 982 ac
1630 927 1729 982 sibi
1750 928 1872 982 red-

298 1013 435 1069 dunt
461 1015 750 1070 inimicum.
781 1016 846 1070 Et
869 1018 1067 1072 surrexi
1078 1059 1094 1084 ,
1118 1027 1164 1070 et
1195 1019 1437 1088 faciebam
1457 1035 1609 1086 opera
1631 1019 1781 1088 regis.
1813 1018 1868 1073 Id

298 1114 405 1171 est,
438 1107 822 1162 Ministrabam.
854 1109 918 1162 Et
943 1109 1232 1163 admirabar
1258 1110 1495 1164 visionem
1513 1127 1532 1175 ;
1556 1120 1602 1164 et
1639 1126 1739 1164 non
1761 1120 1868 1164 erat

297 1199 387 1266 qui
429 1198 744 1270 intelligeret.
787 1199 1012 1255 Maxime
1056 1200 1108 1254 id
1149 1201 1301 1256 all'ert
1341 1201 1600 1267 dolorem,
1639 1216 1761 1256 cum
1801 1217 1868 1257 ne

298 1287 506 1356 quidem
531 1289 656 1344 licet
699 1304 786 1345 res
831 1292 1006 1346 tristes
1045 1290 1232 1345 efferre
1264 1292 1314 1346 in
1339 1293 1570 1362 aliquem
1601 1311 1614 1345 :
1647 1308 1713 1346 an
1743 1293 1864 1362 quia

299 1378 523 1447 improbi
563 1391 739 1434 erant.
774 1380 840 1433 Et
883 1381 1146 1449 faciebam,
1175 1381 1364 1451 inquit,
1396 1399 1546 1452 opera
1575 1383 1723 1452 regis.
1753 1383 1865 1436 Hoc

296 1479 398 1536 est,
422 1468 562 1523 Nihil
595 1472 1087 1540 prmtermittebam,
1117 1472 1208 1526 sed
1237 1471 1492 1541 fungebar
1516 1472 1691 1527 officio
1719 1489 1859 1528 meo.

899 1604 1125 1660 CAPUT
1163 1603 1254 1660 IX.

366 1744 417 1796 1.
447 1761 466 1794 ι
498 1743 551 1796 In
596 1743 765 1811 primo
797 1758 936 1796 anno
972 1742 1133 1809 Darii,
1166 1743 1259 1797 lilii
1299 1743 1536 1810 Assueri,
1568 1743 1634 1798 de
1659 1745 1861 1801 semine

295 1833 560 1888 Medorum
590 1831 686 1906 (a),
717 1834 804 1904 qui
844 1834 1085 1904 regnavit
1128 1849 1297 1910 super.
1329 1850 1545 1905 regnum
1585 1834 1861 1890 Chaldaic-

297 1942 412 1979 rum
433 1968 448 1992 ,
475 1926 529 1978 2.
563 1927 614 1979 in
643 1941 781 1980 anno
805 1943 910 1980 uno
934 1927 1080 1995 regni
1106 1926 1221 1995 ejus
1245 1968 1260 1992 ,
1288 1941 1386 1995 ego
1412 1927 1595 1980 Daniel
1621 1926 1858 1982 intellexi

295 2017 346 2067 in
369 2015 516 2070 libris
542 2031 820 2070 numerum
841 2032 1097 2070 annorum
1123 2057 1138 2080 ,
1165 2017 1232 2071 de
1256 2033 1362 2087 quo
1387 2016 1552 2073 factus
1579 2027 1659 2072 est
1684 2033 1860 2073 sermo

297 2107 498 2161 Domini
519 2107 582 2161 ad
599 2107 876 2162 Jeremiam
892 2108 1219 2177 prephetam,
1241 2109 1290 2162 in
1307 2109 1747 2178 complementum
1762 2111 1857 2165 de-

295 2199 561 2252 solationis
582 2199 923 2271 Jerosolymze
951 2202 1273 2271 septuaginta
1294 2203 1416 2255 anni
1444 2202 1586 2273 (Jer.
1608 2203 1697 2257 25.
1720 2206 1776 2258 11
1813 2204 1852 2272 ).

292 2290 343 2344 3.
379 2291 442 2344 Et
465 2291 586 2345 dedi
617 2291 800 2346 faciem
837 2307 1006 2347 meam
1046 2293 1110 2346 ad
1146 2293 1424 2348 Dominum
1456 2295 1640 2359 Deum,
1670 2305 1724 2349 ut
1752 2312 1854 2350 ex-

289 2386 552 2450 quirerem
582 2384 874 2439 orationem
914 2393 970 2439 et
1011 2385 1437 2454 deprecationem
1478 2387 1528 2440 in
1563 2387 1777 2456 jejuniis
1803 2397 1856 2444 et

287 2487 444 2528 sacco
487 2484 541 2528 et
581 2475 779 2529 cinere.
811 2491 829 2524 ι
878 2473 979 2528 lste
1023 2485 1104 2529 est
1149 2475 1335 2530 Darius
1370 2475 1570 2530 Medus.
1622 2477 1853 2531 Primum

288 2576 462 2621 autem
495 2583 690 2621 annum
722 2583 825 2621 non
864 2568 1009 2637 regni
1053 2567 1216 2637 ipsius
1253 2569 1325 2621 ait
1355 2585 1366 2620 :
1397 2584 1499 2622 non
1531 2569 1670 2622 enim
1701 2569 1850 2635 dixit,

290 2658 345 2712 In
373 2659 540 2727 primo
566 2660 710 2728 regni
742 2658 873 2728 ejus,
905 2658 1017 2721 sed,
1046 2657 1074 2709 1'
1081 2676 1111 2710 η
1138 2659 1297 2728 primo
1319 2676 1449 2711 anno
1479 2657 1641 2726 Darii,
1671 2661 1720 2712 in
1754 2677 1852 2714 uno

286 2768 418 2804 anno
433 2752 572 2822 regni
592 2753 699 2821 ejus
722 2766 741 2804 :
759 2752 824 2804 ita
851 2760 908 2804 ut
931 2759 982 2804 et
1007 2751 1106 2804 dici
1136 2752 1299 2820 possit
1321 2752 1517 2818 primus
1539 2768 1727 2818 annus,
1750 2767 1854 2821 quo

285 2842 496 2910 quidem
520 2841 608 2896 ille
634 2840 905 2910 regnabat,
939 2851 1059 2894 tunc
1085 2857 1210 2895 vero
1238 2841 1373 2894 forte
1399 2842 1701 2895 occiderant
1728 2842 1852 2896 Bal-

286 2943 528 2987 tasarem.
563 2931 672 3002 Ego
708 2931 891 2985 Daniel
917 2932 1136 2985 intellexi
1162 2932 1374 2986 inlibris
1400 2950 1662 2987 numerum
1686 2951 1851 2987 anno-

284 3041 412 3077 rum.
441 3023 494 3076 ld
522 3034 601 3078 est
622 3065 637 3088 ,
670 3023 952 3078 Baltasaris
981 3023 1201 3078 ca-dem.
1246 3024 1311 3077 Et
1348 3025 1605 3094 reputavi.
1636 3024 1766 3079 Vide
1796 3033 1851 3080 ut

283 3123 404 3169 ante
437 3115 757 3185 praalinitum
785 3123 991 3184 tempus
1015 3131 1120 3168 non
1148 3113 1338 3168 audeat
1369 3115 1621 3170 accedere
1649 3117 1712 3171 ad
1741 3117 1851 3170 Do-

284 3207 502 3261 minum.
532 3207 600 3260 At
624 3217 729 3261 tres
751 3207 961 3275 quidem
989 3206 1134 3275 pueri
1156 3206 1205 3260 id
1222 3217 1380 3276 agunt
1404 3208 1454 3259 in
1479 3207 1724 3272 fornace;
1752 3210 1851 3263 iste

281 3313 410 3353 vero
431 3299 482 3352 in
511 3299 626 3352 lacu
659 3313 761 3351 non
789 3296 930 3351 fecit.
972 3297 1109 3365 Quid
1133 3298 1324 3367 igitur?
1355 3298 1434 3352 vel
1466 3298 1537 3350 illi
1566 3298 1702 3352 male
1721 3339 1735 3363 ,
1763 3299 1849 3353 vel

282 3391 403 3447 hic?
425 3391 628 3447 Neutri.
653 3389 735 3444 llli
755 3389 1010 3459 siquidem
1033 3405 1265 3444 amorem
1286 3407 1404 3459 erga
1431 3391 1649 3460 patriam
1670 3400 1850 3445 osten-

280 3485 490 3549 debant,
525 3483 613 3537 hic
649 3497 777 3537 vero
815 3483 1212 3551 intelligentiam
1246 3483 1495 3550 temporis
1523 3481 1660 3550 quod
1689 3481 1849 3536 adve-

280 3585 448 3630 nerat.
499 3575 689 3630 Nonne
715 3590 840 3644 ergo
865 3574 1219 3643 iutelligeuter
1245 3573 1445 3643 legebat
1474 3574 1846 3643 prophetarum

278 3668 524 3722 oracula?
553 3667 809 3721 Existimo
830 3675 1005 3720 autem
1031 3666 1177 3719 illum
1201 3681 1302 3719 non
1326 3665 1391 3718 ab
1419 3667 1547 3720 urbe
1571 3676 1722 3736 capta
1752 3684 1849 3720 uu-

276 3774 502 3822 lnerare,
526 3757 623 3812 sed
655 3757 789 3811 forte
815 3771 842 3809 a
871 3756 1172 3824 captivitate
1200 3755 1402 3808 lsraelis
1430 3755 1520 3825 (b).
1549 3757 1676 3810 iure
1700 3759 1844 3812 enim

276 3850 653 3904 desolationem
683 3850 801 3918 quis
828 3849 1090 3901 vocaverit
1129 3847 1471 3917 Jerosolymm
1500 3847 1656 3902 etiam
1687 3850 1840 3903 bella.

276 3941 405 3996 Vide
447 3952 501 3995 et
540 3955 818 3994 numerum
847 3939 1190 3992 sabbaticum.
1220 3937 1347 3990 Nam
1391 3939 1525 3992 sicut
1563 3940 1844 4010 aliquando

274 4033 686 4102 quadringentos
707 4040 758 4085 et
780 4031 988 4100 triginta
1017 4044 1184 4082 annos
1215 4029 1403 4098 (Exod.
1432 4031 1514 4084 12.
1546 4031 1635 4100 40)
1667 4034 1716 4085 in
1741 4032 1843 4086 du-

273 4137 452 4181 centos
472 4137 528 4181 et
549 4123 850 4194 quindecim
877 4122 1116 4188 mutavit,
1145 4123 1214 4175 ita
1261 4131 1382 4190 pulo
1409 4132 1461 4176 et
1504 4139 1641 4176 nunc
1675 4139 1842 4179 annos

274 4219 548 4288 pauciores
568 4231 707 4270 esse.
733 4233 750 4264 ι
776 4215 847 4268 De
869 4228 972 4283 quo
999 4213 1165 4266 factus
1181 4221 1276 4276 est,
1294 4231 1310 4263 ι
1334 4212 1518 4281 inquit,
1545 4229 1749 4268 «sermo
1774 4213 1841 4268 ad

331 4415 402 4477 (a)
436 4415 550 4477 Quis
571 4408 1091 4477 assentiatur_Josepho
1107 4406 1608 4477 Scaligeroiasserenti
1628 4422 1838 4477 progna-

272 4470 369 4526 tum
386 4470 529 4525 Medo
552 4484 741 4535 genere
774 4471 962 4535 pledum
987 4483 1101 4535 esse
1121 4483 1214 4517 non
1239 4470 1486 4535 potuisse?
1519 4470 1838 4535 Mardophmus

269 4539 412 4600 igitur
436 4531 664 4600 noqérat
692 4531 905 4600 dutlzeus,
931 4531 1042 4600 quia
1070 4531 1360 4600 desemine
1376 4531 1644 4600 Judteorum
1661 4531 1834 4600 ?__l?.sth.

269 4591 315 4656 6V,
340 4601 415 4649 15.
436 4597 554 4657 Quid
580 4594 706 4657 quod
744 4594 908 4657 Darius
929 4591 1022 4639 iSte
1053 4591 1421 4657 d_icitur_Medus
1459 4599 1568 4640 Dan.
1594 4594 1640 4651 5,
1665 4594 1742 4652 31,
1784 4602 1838 4644 et

273 4653 346 4718 ll,
375 4663 434 4711 1?
455 4653 620 4710 'Certe
652 4668 749 4718 non
779 4655 930 4714 majus
971 4653 1151 4718 pondus
1173 4653 1355 4718 habent
1383 4659 1576 4718 exterae
1605 4657 1834 4718 Scaligerl

269 4714 698 4785 probationes,»qui
722 4717 834 4785 dum
857 4715 1145 4785 sententiam
1165 4727 1300 4785 suam
1321 4714 1384 4760 de
1401 4716 1679 4784 bubonnido
1695 4714 1836 4768 nobis

268 4776 650 4847 persuadeatﬁd
666 4778 840 4847 quibus
861 4776 1014 4847 modis
1031 4780 1330 4847 assequatur,
1349 4776 1593 4847 minimpm
1619 4786 1770 4847 curat.

329 4846 396 4907 (b)
432 4837 992 4907 captivitatemlsraelis
1029 4837 1339 4907 interpretor,
1358 4849 1477 4907 _n_on_
1507 4837 1834 4887 lsraelitarum

265 4897 652 4970 deportati'onem
675 4916 701 4949 a
719 4899 1046 4970 _Sali_nanasare
1071 4897 1258 4969 factam,
1284 4898 1372 4945 sed
1393 4898 1663 4970 {numerum
1682 4907 1834 4948 trans-

268 4960 495 5019 lationem
532 4966 623 5014 sub
655 4960 1108 5011 Nabuchodonosoro
1151 4961 1365 5020 primam.
1408 4965 1552 5007 Recte
1583 4960 1730 5019 igitur
1750 4974 1831 5008 sc-

264 5034 512 5092 ptuaginta
533 5026 782 5092 servitutis
803 5036 950 5070 annos
971 5021 1114 5092 ordiri
1141 5021 1329 5068 videtur
1351 5020 1411 5092 ab
1429 5020 1559 5092 initio
1576 5021 1829 5092 bellorum,

264 5082 318 5140 et
350 5082 560 5153 avprima
582 5087 872 5153 captivitate,
891 5095 984 5153 seu
1008 5084 1067 5153 al)
1090 5087 1404 5153 annonqnafto
1425 5082 1643 5153 Joacimi.
1671 5083 1831 5153 Atque

264 5156 326 5202 ita
350 5140 558 5202 cehsetll.
579 5140 660 5209 qui
699 5149 824 5195 inter
861 5141 1176 5209 chronologos
1219 5140 1441 5209 familiam
1473 5142 1667 5209 ducunt.
1703 5140 1830 5209 Quod

261 5216 425 5263 subdit
458 5213 523 5261 de
562 5205 700 5259 anuis
735 5210 784 5255 in
830 5207 1078 5266 pauciores
1116 5205 1580 5266 contractis,r_magis
1623 5206 1830 5253 oratorie

262 5277 445 5324 aestimo
462 5274 658 5328 dictum,
683 5263 998 5331 quam'vere;
1023 5279 1172 5331 quare
1203 5263 1604 5331 verisimiliusiest
1633 5266 1758 5331 quod
1781 5269 1830 5315 in

260 5341 289 5385 5
311 5338 542 5386 adversus
563 5325 766 5387 Iudaeos,
782 5334 833 5376 et
852 5326 971 5374 infra
985 5325 1400 5388 scribit,quodque
1425 5325 1536 5373 alibi
1555 5325 1828 5386 scripserat,

261 5407 452 5459 tempus
486 5395 636 5444 fuisse
659 5389 948 5459 completum
973 5400 985 5434 :
1029 5401 1136 5457 quae
1161 5395 1238 5435 est
1261 5389 1403 5435 etiam
1428 5389 1588 5459 opinio
1609 5389 1829 5459 Origenis

261 5448 392 5507 tlorti.
433 5459 465 5505 4
505 5459 553 5505 in
589 5448 886 5501 erchielem
912 5462 923 5494 :
949 5448 1172 5509 quamvis
1209 5461 1302 5495 una
1335 5460 1448 5495 vera
1484 5451 1723 5496 sententia
1747 5451 1826 5506 sit,

261 5522 384 5582 quod
418 5515 726 5582 septuaginta
765 5510 876 5559 anni
909 5507 1023 5557 tunc
1061 5507 1622 5582 ad_linetn_vergebant.
1663 5516 1826 5557 Locum

261 5568 402 5630 Exodi
427 5568 504 5636 712',
529 5568 620 5633 4οΪ
637 5574 798 5628 aliter,
822 5583 879 5618 ac
900 5582 1009 5617 mea
1034 5568 1228 5630 quidem
1250 5568 1492 5636 sententia
1533 5569 1675 5636 longe
1698 5583 1825 5618 corn-

261 5629 444 5692 modius
467 5629 707 5699 accepere
740 5645 852 5692 Lxx,
877 5643 933 5680 ac
956 5629 1063 5691 post
1092 5641 1177 5679 eos
1209 5629 1456 5691 tosephus,
1477 5632 1722 5690 Eusebius,
1748 5641 1824 5680 ευ-

266 5719 423 5765 rents,
446 5701 760 5766 Augustinus.

1695 267 1758 320 IN
1799 266 2164 324 DANIELEM.

3437 277 3546 338 238

1983 380 2265 436 Jeremiam
2291 381 2626 451 prophetam,
2659 383 2710 436 in
2737 385 3182 455 complementum
3214 389 3559 448 desolationis

1979 470 2322 543 Jerosolyma:
2348 473 2681 544 septuaginta
2708 476 2854 530 anni.
2905 476 2971 530 Et
3004 477 3124 532 dedi
3157 477 3344 535 faciem
3379 498 3555 539 meam

1978 562 2044 615 ad
2075 563 2349 617 Dominum
2381 563 2546 618 Deum
2567 604 2584 629 ,
2613 573 2669 618 ut
2691 565 3027 634 exquirerem
3053 571 3348 624 orationem
3377 582 3432 626 et
3455 573 3554 628 de-

1979 655 2333 721 precationem
2373 654 2425 707 in
2459 654 2672 723 jejuniis
2711 663 2766 710 et
2806 671 2962 710 sacco
3000 666 3051 711 et
3091 658 3287 715 cinere.
3319 679 3338 713 ι
3382 663 3556 718 Cerne

1977 744 2283 814 religionem
2323 745 2612 813 prophetae.
2658 743 2728 798 Et
2766 745 2902 812 dedi,
2937 748 3122 817 inquit,
3154 750 3335 819 faciem
3367 769 3550 808 meam.

1976 833 2087 886 Hoc
2130 843 2230 898 est,
2278 834 2488 888 Rubore
2531 835 2759 889 suffusus
2797 852 2942 890 eram
2986 846 3139 893 antea
3164 881 3181 904 ,
3209 856 3401 910 nempe
3429 853 3553 898 ante

1975 923 2425 988 humiliationem;
2460 940 2599 979 nunc
2627 941 2754 979 vero
2780 925 2930 990 Dedi,
2960 927 3009 981 id
3057 937 3159 992 est,
3195 931 3371 985 Ausus
3407 947 3547 986 sum.

1926 1018 1931 1023 '
1973 1013 2120 1079 Quod
2153 1016 2196 1069 si
2235 1032 2348 1070 rem
2381 1015 2612 1071 debitam
2655 1017 2990 1086 postulasset,
3018 1036 3147 1074 sane
3174 1037 3278 1076 non
3305 1025 3544 1092 dixisset,

1971 1101 2106 1158 Dedi
2131 1105 2309 1174 facient
2336 1122 2518 1170 meam,
2541 1108 2691 1176 quasi
2713 1107 2764 1160 in
2795 1107 2930 1162 facto
2955 1111 3248 1178 periculose
3277 1125 3543 1184 suscepto.

1970 1193 2025 1248 Si
2052 1211 2146 1264 pro
2172 1197 2288 1250 aliis
2312 1204 2454 1251 tanto
2480 1199 2641 1252 utitur
2667 1198 2864 1264 studio,
2893 1199 2938 1253 si
2963 1208 3105 1254 tanta
3135 1216 3254 1256 cum
3279 1202 3547 1261 frueretur

1973 1294 2075 1340 tam
2107 1287 2244 1356 apud
2275 1288 2463 1353 Deum,
2492 1305 2649 1359 quam
2691 1291 2829 1359 apud
2871 1306 3047 1362 regem
3075 1334 3092 1359 ,
3136 1293 3500 1352 benevolentia
3524 1340 3541 1364 ,

1971 1377 2154 1431 harum
2179 1387 2350 1433 tamen
2379 1395 2555 1434 rerum
2583 1381 2783 1435 nullum
2813 1396 3025 1435 sensum
3056 1383 3214 1438 habet
3234 1426 3249 1451 ,
3273 1387 3364 1440 sed
3391 1390 3542 1458 quasi

1969 1467 2083 1536 ipse
2106 1470 2156 1522 in
2187 1469 2339 1524 malis
2361 1480 2663 1524 versaretur
2685 1512 2701 1538 ,
2730 1472 2895 1542 magis
2933 1473 3204 1528 mordetur
3229 1490 3291 1531 ac
3321 1479 3543 1535 moleste

1967 1557 2087 1624 fert,
2121 1575 2278 1628 quam
2320 1558 2354 1613 ii
2399 1561 2489 1630 qui
2534 1560 2602 1614 ab
2641 1576 2702 1615 ea
2746 1562 3047 1619 calamitate
3073 1574 3226 1619 erant
3255 1570 3538 1637 oppressi:

1966 1651 2230 1719 quomodo
2273 1650 2390 1720 quis
2429 1666 2549 1705 eum
2590 1651 2748 1721 digne
2789 1653 3044 1708 miretur?
3082 1654 3215 1711 Vide
3239 1668 3451 1723 autem,
3485 1670 3542 1715 ut

1965 1740 2122 1793 etiam
2160 1750 2280 1809 post
2319 1741 2435 1794 illas
2475 1740 2811 1808 amictiones,
2843 1759 2947 1797 non
2978 1759 3137 1799 ausus
3164 1747 3233 1800 sit
3259 1747 3533 1816 accedere,

1965 1831 2138 1885 donec
2159 1830 2287 1884 vidit
2310 1839 2516 1902 tempus
2535 1847 2652 1886 esse
2682 1833 3022 1902 completum.
3054 1835 3152 1890 Ubi
3177 1851 3302 1906 ergo
3332 1838 3540 1893 deside-

1966 1909 2136 1976 bimus
2166 1922 2438 1992 deinceps,
2483 1938 2580 1976 nos
2617 1924 2834 1977 miseri?
2876 1925 3012 1991 Quid
3042 1926 3136 1990 ais,
3171 1941 3204 1980 ο
3230 1927 3454 1984 Daniel?
3485 1931 3538 1985 in

1963 2016 2231 2084 prosperis
2263 2024 2315 2068 tu
2342 2031 2428 2078 es;
2462 2014 2719 2069 honorem
2748 2015 2910 2070 habes
2945 2032 2974 2070 a
3018 2017 3160 2083 Deo,
3189 2027 3243 2073 et
3272 2020 3336 2073 ab
3365 2019 3537 2076 homi-

1963 2108 2152 2170 nibus;
2185 2106 2308 2175 quid
2339 2108 2428 2162 tibi
2455 2123 2597 2162 cura:
2627 2108 2794 2162 estde
2823 2109 3066 2164 czeteris?
3110 2110 3198 2165 Sic
3235 2122 3290 2166 et
3329 2113 3536 2184 Moyses

1961 2201 2170 2271 agebat.
2197 2201 2264 2254 Et
2287 2201 2411 2270 quid
2441 2201 2548 2255 ait?
2576 2199 2642 2254 In
2661 2202 2872 2272 jejuniis
2903 2213 2948 2256 et
2985 2221 3130 2258 sacco
3153 2215 3200 2258 et
3222 2206 3407 2270 cinere,
3436 2209 3534 2263 de-

1960 2291 2066 2345 bita
2101 2293 2338 2361 exigens.
2366 2291 2501 2360 Quid
2542 2292 2706 2357 enim,
2738 2292 2781 2345 si
2811 2291 3139 2348 debebatur?
3164 2295 3240 2350 Ne
3270 2296 3406 2351 forte
3434 2297 3529 2352 Ju-

1959 2382 2059 2436 daei
2098 2397 2155 2437 se
2191 2383 2292 2437 hoc
2328 2399 2539 2454 quoque
2579 2384 2822 2454 indignos
2865 2384 3131 2440 fecissent.
3178 2388 3330 2458 Apud
3364 2390 3531 2448 Deum

1959 2474 2154 2544 quippe
2194 2489 2296 2528 non
2345 2484 2425 2528 est
2464 2478 2785 2540 necessitas;
2816 2476 3060 2543 superior
3087 2477 3288 2547 legibus
3317 2487 3415 2533 est.
3465 2479 3531 2534 Ut

1959 2583 2247 2636 φατι-θωπί,
2277 2566 2464 2635 inquit,
2491 2568 2768 2620 orationem
2793 2576 2840 2620 et
2868 2567 3288 2637 deprecationem.
3333 2569 3388 2624 ld
3420 2573 3529 2639 pri-

1958 2677 2100 2714 mum
2125 2660 2313 2729 poscit.
2340 2659 2397 2714 Si
2418 2660 2688 2729 permittat
2709 2659 2858 2725 mihi,
2885 2660 3071 2728 inquit,
3096 2675 3191 2728 pro
3214 2661 3317 2714 illis
3338 2677 3525 2727 orare;

1958 2751 2202 2820 quoniam
2232 2750 2470 2803 audierat
2496 2749 2779 2804 Jeremiam
2808 2749 2906 2802 ista
2936 2749 3097 2804 verba
3126 2765 3155 2804 a
3187 2750 3408 2805 Domino
3438 2767 3526 2808 re-

1958 2842 2142 2895 tulisse
2169 2859 2183 2894 :
2216 2841 2294 2894 Ne
2320 2859 2428 2895 ores
2454 2858 2545 2913 pro
2577 2842 2762 2911 populo
2788 2842 2904 2906 isto,
2938 2852 2983 2895 et
3009 2858 3069 2895 ne
3093 2843 3310 2913 postules
3340 2861 3431 2913 pro
3453 2846 3525 2898 eis

1958 2932 2104 3005 (Jer.
2129 2935 2181 2987 7.
2209 2933 2335 3002 16).
2383 2933 2715 2988 Auxiliantur
2762 2933 2861 3003 ipsi
2908 2935 3183 3003 captivitas
3207 2977 3220 3000 ,
3251 2946 3486 3008 tempora
3508 2981 3524 3005 ,

1957 3025 2165 3094 propria
2196 3027 2377 3086 virtus,
2402 3033 2455 3078 et
2483 3024 2623 3094 quod
2645 3026 2917 3080 innumera
2949 3041 3044 3094 pro
3076 3026 3185 3080 Deo
3206 3041 3391 3096 passus
3417 3029 3521 3092 sit;

1955 3127 2009 3172 et
2053 3126 2226 3170 tamen
2262 3115 2492 3169 nondum
2519 3115 2758 3182 conlidit,
2789 3116 2882 3169 sed
2923 3117 3156 3171 cinerem
3184 3118 3525 3173 substernens

1955 3222 2008 3263 et
2037 3224 2268 3273 saccum,
2301 3208 2370 3260 ita
2401 3206 2728 3276 precnbatur.
2758 3206 2895 3271 Quid
2924 3206 3174 3261 faciemus
3203 3222 3300 3261 nos
3325 3207 3413 3278 qui
3446 3208 3526 3261 in-

1953 3301 2183 3355 dolentia
2213 3313 2396 3352 sumus
2421 3297 2665 3366 prmditi?
2693 3297 2843 3350 Hunc
2871 3297 3103 3366 oportuit
3131 3296 3282 3350 nobis
3307 3298 3520 3350 imitan-

1953 3395 2075 3447 dum
2102 3405 2410 3462 proponere.
2428 3389 2560 3444 Nam
2581 3405 2648 3442 ne
2669 3388 2785 3458 quis
2808 3387 2967 3454 dicat,
2988 3389 3218 3457 reliquos
3237 3389 3521 3458 prophetas

1953 3497 2165 3556 propter
2188 3492 2547 3554 paupertatem
2570 3483 2665 3535 ista
2691 3481 2875 3534 fecisse
2901 3498 2911 3532 :
2931 3480 3016 3548 qui
3042 3481 3267 3533 maxime
3288 3481 3519 3534 omnium

1951 3585 2162 3631 evectus
2176 3575 2339 3630 fuerat
2354 3574 2417 3626 ad
2433 3573 2739 3641 dignitatum
2753 3569 3172 3640 amplitudinem,
3191 3570 3279 3624 ille
3299 3569 3527 3626 maxime

1951 3669 2184 3721 omnium
2206 3681 2263 3721 se
2283 3665 2549 3734 deprimit.
2579 3662 2646 3716 Et
2666 3662 2732 3716 de
2753 3662 2952 3716 semine
2984 3660 3150 3729 regni,
3172 3676 3236 3714 ac
3263 3664 3331 3719 de
3354 3664 3518 3729 stirpe

1950 3761 2092 3830 regia
2132 3768 2264 3823 erat,
2306 3767 2359 3812 et
2403 3765 2478 3809 tot
2526 3765 2771 3823 tantaque
2812 3753 2980 3807 fuerat
3026 3762 3399 3823 consequutus.
3445 3755 3515 3808 lta

1949 3858 2158 3920 oportet
2177 3850 2355 3918 lugere
2375 3863 2467 3900 sua
2489 3846 2646 3911 mala,
2667 3845 2742 3899 sic
2763 3845 2986 3913 propriis
3004 3844 3253 3898 membris
3273 3860 3510 3914 parcere.

1949 3945 2073 3999 llaec
2092 3950 2173 3998 est
2194 3939 2580 3995 commiseratio
2607 3936 3001 4006 prophetarum.
3035 3935 3161 3989 Vide
3190 3947 3429 3990 nostrum
3451 3952 3516 3992 ea

1949 4045 2097 4104 parte
2144 4031 2410 4102 praecipue
2451 4043 2569 4083 esse
2608 4026 2988 4081 admirabilem.
3031 4025 3238 4097 Moyses
3264 4027 3464 4085 dicebat
3499 4046 3510 4079 :

1948 4126 2207 4199 Siquidem
2244 4124 2464 4176 remittas
2507 4122 2574 4174 eis
2605 4120 2721 4173 :sin
2765 4120 2960 4180 minus,
3005 4123 3152 4172 etiam
3190 4136 3266 4172 me
3300 4114 3410 4170 dele
3451 4120 3514 4172 de

1945 4219 2070 4273 libro
2099 4215 2290 4288 (Exod.
2320 4214 2407 4267 52.
2440 4213 2550 4284 52).
2583 4212 2676 4266 llic
2706 4213 2756 4264 in
2782 4211 2995 4280 jejuniis
3023 4221 3075 4264 et
3099 4211 3342 4281 Iacrymis
3369 4227 3510 4265 con—

1947 4313 2090 4366 tinue
2114 4310 2355 4376 degebat.
2400 4307 2590 4360 Paulus
2627 4304 2838 4358 assidue
2880 4304 2928 4356 in
2974 4305 3299 4373 lacrymis,et
3326 4314 3508 4359 contra

1942 4402 2234 4472 gehennam
2261 4399 2427 4468 ipsam
2453 4412 2613 4451 ausus
2640 4404 2737 4450 est.
2781 4394 3017 4463 Ipsorum
3047 4395 3218 4448 nullus
3242 4411 3398 4449 sensu
3429 4397 3510 4448 af-

1942 4492 2114 4547 ﬁcitur
2137 4489 2469 4559 propriorum
2503 4488 2793 4547 bonorum;
2825 4483 2916 4537 sed
2940 4493 2997 4537 ut
3026 4485 3073 4536 in
3102 4499 3340 4553 corpore,
3377 4499 3505 4538 oeu-

1940 4585 2021 4638 lus
2040 4584 2162 4637 licet
2183 4581 2402 4651 pulcher
2421 4578 2506 4640 sit,
2535 4591 2639 4630 non
2663 4585 2836 4629 tamen
2863 4575 3109 4643 percipiet
3131 4590 3238 4629 sua:
3260 4575 3509 4630 bonitatis

1939 4691 2000 4730 ac
2031 4670 2433 4744 pulchritudinis
2471 4681 2708 4732 sensum,
2745 4665 2790 4719 si
2828 4664 2986 4734 pedes
3013 4665 3286 4734 putrefacti
3316 4667 3421 4719 sint
3443 4680 3506 4720 ac

1938 4763 2207 4832 corrupti;
2238 4763 2304 4814 ita
2323 4769 2376 4814 et
2397 4769 2522 4813 tunc
2543 4765 2674 4810 erat.
2707 4757 2812 4809 Cur
2833 4755 2999 4809 cinis?
3025 4755 3355 4809 Admonebat
3381 4771 3502 4807 eum

1937 4857 2163 4926 propriae
2180 4863 2398 4906 naturae.
2421 4850 2526 4905 Cur
2545 4848 2762 4903 saccus?
2789 4847 3084 4915 Asperitate
3106 4847 3371 4914 deprimit.
3399 4846 3507 4900 Cur

1935 4948 2232 5018 jejunium?
2262 4946 2328 4998 Et
2353 4944 2523 5013 ipsum
2553 4957 2613 4995 ea
2641 4957 2757 5010 qua:
2779 4940 2829 4992 in
2855 4939 3096 5006 paradiso
3119 4947 3261 5007 gesta
3284 4943 3427 4991 sunt,
3451 4935 3502 4989 in

1935 5039 2242 5094 memoriam
2286 5035 2584 5089 revocabat.
2627 5032 2723 5086 llic
2756 5031 2882 5084 viris
2921 5030 3117 5084 sanctis
3157 5041 3270 5082 mos
3311 5035 3510 5092 cst,,ea

1934 5146 2051 5201 qum
2091 5127 2326 5197 afﬂigunt
2365 5123 2680 5179 consectari.
2729 5121 2911 5190 Neque
2950 5128 3087 5175 terra
3131 5118 3322 5191 dignus
3360 5128 3492 5179 sum,

1934 5223 2120 5292 inquit,
2150 5235 2319 5286 neque
2361 5218 2607 5278 vestibus,
2638 5230 2813 5285 neque
2855 5211 3013 5266 rebus
3054 5223 3171 5278 quae
3210 5203 3497 5260 secundum

1935 5324 2175 5370 naturam
2218 5322 2361 5373 sunt,
2400 5310 2492 5363 sed
2535 5307 2761 5376 graviori
2804 5303 3094 5372 supplicio,
3143 5299 3230 5367 qui
3271 5297 3499 5351 Persicis

1932 5407 2155 5460 amictus
2179 5419 2294 5455 sum
2327 5401 2581 5464 vestibus,
2613 5400 2701 5467 qui
2731 5399 2913 5453 tiaram
2940 5403 3090 5463 gesto
3111 5389 3398 5444 Persicam.
3432 5387 3498 5440 Et

1931 5498 2056 5567 quid
2081 5496 2188 5549 ait?
2211 5494 2493 5547 Videamus
2520 5489 2928 5545 confessionem.
2961 5484 3012 5536 4.
3049 5482 3111 5534 Et
3136 5479 3272 5533 oravi
3299 5477 3364 5529 ad
3395 5476 3498 5528 Do-

1930 5591 2120 5643 minum
2161 5587 2323 5639 Deum
2365 5600 2544 5636 meum.
2586 5580 2756 5635 Cerne
2783 5590 3018 5631 amorem
3047 5587 3168 5640 erga
3199 5568 3495 5623 Dominum.

1937 5684 2094 5734 Deum
2115 5694 2296 5741 meum,
2323 5675 2509 5744 inquit.
2541 5671 2636 5726 Cui
2656 5685 2758 5724 non
2780 5665 3002 5723 audebat
3023 5662 3338 5735 supplicare,
3361 5658 3497 5710 hunc
