4126 6294
512 346 619 403 239

514 467 683 521 Deum
732 479 887 519 suum
926 472 1098 519 vocat.
1154 463 1243 518 20.
1283 483 1302 516 ι
1334 464 1520 518 Adhuc
1562 477 1648 517 me
1697 463 1981 533 loquente,
2028 476 2093 516 ac

512 566 701 613 orante
724 598 739 621 ,
770 565 825 612 et
861 555 1149 611 conlitente
1180 564 1393 625 peccata
1429 570 1566 622 mea,
1594 564 1649 609 et
1678 563 1890 624 peccata
1917 554 2096 623 populi

512 652 618 705 mei
660 650 903 715 lsraelis,
945 658 998 704 et
1042 658 1413 719 prosternente
1457 647 1874 703 misericordiam
1922 662 2095 701 meam

512 758 693 799 coram
738 742 961 796 Domino
1003 742 1113 797 Deo
1141 757 1295 808 meo,
1340 741 1405 795 ad
1445 749 1677 794 montem
1718 750 1957 794 sanctum
2002 739 2095 793 Dei

514 834 620 887 mei
648 850 662 887 :
693 833 791 887 21.
815 844 872 887 et
898 832 1071 888 adhuc
1097 848 1182 888 me
1209 833 1457 902 loquente
1498 831 1551 886 in
1593 831 1835 886 oratione
1852 872 1867 895 ,
1894 840 1948 886 et
1972 846 2097 888 ecce

518 927 600 979 vir
630 923 862 991 Gabriel,
896 941 1052 995 quem
1078 925 1312 980 videram
1344 928 1395 978 in
1422 924 1622 978 visione
1646 939 1674 976 a
1705 924 1983 995 principio,
2006 939 2097 979 vo-

515 1015 630 1070 lans
654 1034 666 1069 :
686 1027 740 1071 et
769 1017 936 1087 tetigit
957 1031 1043 1072 me
1064 1016 1276 1072 circiter
1304 1015 1487 1071 horam
1515 1017 1757 1071 sacrilicii
1782 1016 2091 1086 vespertini.

513 1108 604 1161 22.
635 1107 703 1162 Et
723 1107 1018 1179 intelligere
1041 1108 1162 1163 fecit
1193 1123 1298 1173 me,
1331 1117 1383 1162 et
1409 1109 1658 1178 loquutus
1681 1116 1763 1162 est
1788 1123 2016 1173 mecum,
2042 1116 2096 1162 et

514 1198 650 1253 dixit
681 1216 693 1252 :
726 1199 942 1267 Daniel,
965 1215 1108 1257 nunc
1126 1215 1371 1271 egressus
1393 1214 1532 1265 sum,
1552 1206 1614 1254 ut
1636 1196 1975 1255 conciliarem
2001 1200 2095 1255 tibi

515 1290 939 1361 intelligentiam.
970 1291 1059 1347 25.
1089 1292 1144 1347 in
1178 1291 1435 1361 principio
1460 1290 1850 1362 deprecationis
1880 1300 1982 1346 tua:
2002 1306 2097 1347 ex-

514 1380 611 1436 ivit
632 1397 811 1436 sermo
843 1399 857 1436 :
886 1392 939 1439 et
968 1398 1067 1455 ego
1093 1386 1233 1449 veni,
1260 1393 1318 1438 ut
1342 1384 1710 1439 annuntiarem
1733 1384 1847 1452 tibi,
1867 1384 1990 1455 quia
2014 1384 2097 1439 vir

515 1470 900 1528 desideriorum
942 1482 996 1529 tu
1039 1490 1098 1529 es
1136 1475 1235 1545 (’a).
1268 1474 1335 1529 Et
1362 1475 1730 1531 animadverte
1755 1476 1805 1530 in
1833 1476 2015 1541 verbo,
2042 1484 2096 1531 et

516 1568 749 1639 intellige
777 1570 827 1624 in
856 1570 1082 1625 visione.
1117 1590 1135 1622 ›
1168 1571 1346 1641 Itaque
1366 1586 1484 1626 eum
1517 1570 1695 1626 dicent
1715 1571 1868 1625 nobis
1892 1569 2092 1625 Judaei:

516 1661 621 1713 Cur
650 1660 701 1713 in
731 1660 881 1725 Isaia,
902 1677 1021 1717 cum
1040 1661 1195 1717 Ozias
1222 1662 1288 1716 de
1317 1662 1457 1718 bello
1484 1663 1780 1729 timeret,et
1796 1663 1861 1717 de
1878 1662 2095 1732 expedi-

520 1752 662 1807 tione
690 1751 915 1813 duorum
947 1770 1127 1824 regum
1156 1756 1258 1825 (ὁ),
1287 1754 1545 1825 prOpheta
1573 1771 1819 1827 egressus
1845 1756 1991 1811 dedit
2017 1757 2094 1812 eis

516 1858 543 1898 ε
563 1859 723 1913 guunt
757 1844 909 1916 (Isai.
937 1847 1014 1917 7),
1048 1847 1187 1917 quod
1213 1857 1334 1916 post
1358 1848 1666 1904 innumeros
1685 1863 1853 1905 annos
1882 1851 2095 1905 evenit?

515 1938 757 1995 dicemus
784 1949 839 1996 et
864 1956 961 1995 nos
988 1942 1054 1997 ad
1080 1943 1239 1998 illos:
1270 1942 1379 1999 Cur
1410 1959 1533 1999 cum
1571 1945 1751 2000 Daniel
1789 1956 2096 2016 precaretur

438 2100 445 2109 Ι
516 2046 614 2099 pro
641 2032 833 2096 reditu,
865 2041 921 2089 et
964 2032 1033 2089 de
1077 2035 1142 2090 iis
1182 2034 1344 2091 rebus
1390 2036 1589 2107 aliquid
1625 2038 1810 2093 audire
1851 2050 2092 2109 cuperet,

514 2140 759 2194 egressus
787 2127 1026 2197 angelus,
1049 2126 1118 2183 de
1147 2128 1229 2183 his
1254 2128 1466 2198 quidem
1489 2130 1620 2183 nihil
1647 2132 1983 2196 renuntiavit,
2007 2146 2095 2187 res

515 2226 688 2270 autem
720 2217 879 2287 longo
911 2227 1029 2287 post
1056 2227 1295 2289 tempore
1319 2218 1520 2274 futuras
1551 2220 1800 2275 edocuit?
1826 2222 1932 2278 Sed
1959 2225 2096 2278 sicut

515 2305 603 2360 hie
640 2323 704 2361 ex
743 2308 1029 2363 abundanti
1057 2311 1404 2378 quaestionem
1432 2312 1626 2373 solvit;
1656 2312 1728 2366 ita
1754 2321 1809 2368 et
1834 2312 1962 2368 illic.
2001 2312 2093 2367 Fi-

516 2397 640 2453 dem
668 2400 809 2453 enim
842 2402 1127 2454 maximam
1152 2401 1279 2456 facit
1318 2402 1465 2460 urbis
1494 2404 1786 2474 erigendae,
1812 2405 1953 2475 quod
1990 2407 2093 2461 ite-

516 2504 634 2542 rum
661 2491 915 2559 capienda
946 2491 1159 2545 dicitur.
1194 2493 1331 2561 Quid
1359 2492 1524 2564 ergo?
1550 2510 1616 2548 an
1646 2496 1786 2565 quod
1814 2496 1941 2551 velit
1967 2511 2093 2566 pro-

518 2583 731 2652 phetam
773 2586 1125 2652 contristare,
1167 2586 1219 2641 id
1268 2587 1414 2656 agit?
1456 2587 1691 2656 Minime,
1719 2588 1815 2643 sed
1843 2588 2094 2645 Hebraeos

516 2676 661 2745 cupit
689 2676 980 2731 timidiores
1005 2676 1236 2733 efﬁcere.
1266 2678 1333 2734 Et
1352 2694 1456 2733 non
1480 2680 1665 2743 semel,
1691 2695 1862 2750 neque
1878 2681 1979 2747 bis,
1998 2682 2092 2737 sed

516 2781 659 2834 sazpe
686 2766 895 2835 repetit.
933 2766 1373 2838 Quandoquidem
1401 2769 1542 2823 enim
1571 2768 1743 2824 futura
1772 2772 2092 2840 pr05peritas

515 2858 788 2913 sufticiens
810 2869 925 2914 erat
952 2859 1019 2914 ad
1045 2874 1232 2915 eorum
1258 2870 1494 2916 mentem
1521 2860 1803 2916 inﬂandam
1823 2904 1839 2929 ,
1867 2878 1971 2917 non
2000 2879 2090 2918 so-

515 2950 625 3005 lum
667 2951 954 3006 instaurata
992 2952 1240 3018 civitate,
1276 2951 1369 3007 sed
1418 2962 1473 3006 et
1517 2953 1762 3008 manibus
1802 2954 2093 3009 barbaricis

516 3040 792 3107 aediﬁcata,
825 3041 1114 3096 barbaricis
1153 3042 1258 3097 illis
1300 3057 1420 3112 quae
1461 3058 1578 3097 eam
1618 3054 1938 3098 everterant.
1982 3043 2094 3100 Hoc

515 3135 657 3188 enim
687 3136 846 3189 etiam
879 3136 1039 3189 Isaias
1060 3135 1223 3200 dicit,
1253 3135 1539 3191 ostendens
1565 3138 1999 3207 omnipotentiam
2031 3153 2095 3194 ac

515 3227 725 3282 divitias
755 3226 879 3292 Dei,
924 3227 1192 3296 quomodo
1230 3237 1417 3297 potens
1454 3228 1524 3282 sit
1561 3229 1735 3282 omnia
1764 3237 1818 3282 et
1843 3230 2014 3283 facere
2040 3238 2093 3283 et

515 3330 724 3374 mutare
752 3316 904 3390 (lsai.
931 3318 1023 3373 49.
1059 3317 1166 3389 17).
1199 3318 1459 3386 Quoniam
1498 3319 1655 3389 igitur
1692 3319 1922 3373 futurum
1955 3329 2089 3387 erat,

517 3422 573 3466 ut
596 3411 795 3466 Judaeis
822 3411 988 3481 patria
1012 3409 1149 3465 bona
1175 3409 1546 3475 redderentur,
1580 3420 1738 3481 utque
1762 3420 2094 3479 reportarent

516 3506 747 3561 illustres
786 3504 1170 3574 continuasque
1208 3504 1493 3569 victorias,
1539 3518 1672 3573 quas
1719 3511 1773 3557 ct
1822 3500 2093 3572 pr0pheta:

514 3613 704 3668 magna
750 3611 879 3651 voce
926 3594 1216 3665 pradicant
1246 3611 1262 3652 :
1287 3605 1345 3651 ut
1384 3594 1630 3649 Ezechiel
1677 3594 1910 3664 quidem,
1951 3593 2093 3662 quod

515 3699 719 3759 septem
741 3688 895 3743 annis
916 3688 1352 3743 comburerentur
1371 3703 1518 3741 arma
1540 3704 1723 3743 eorum
1746 3689 1833 3756 qui
1850 3687 2093 3757 capiendi

516 3793 670 3838 erant
717 3782 944 3853 (Ezech.
979 3781 1064 3837 39.
1097 3780 1209 3853 9);
1241 3780 1329 3835 alii
1372 3790 1548 3835 autem
1596 3781 1865 3849 prophetzn
1906 3779 2091 3834 eadem

516 3876 730 3931 assidue
756 3875 1003 3929 dicebant
1032 3890 1044 3923 :
1074 3889 1141 3927 ne
1172 3873 1254 3926 his
1273 3914 1287 3934 ,
1320 3872 1534 3942 inquam
1555 3914 1568 3936 ,
1605 3872 1763 3926 rebus
1791 3871 1912 3926 elati
1939 3871 2090 3925 dete-

517 3969 687 4021 riores
717 3966 980 4034 prioribus
1020 3964 1206 4018 tierent
1230 4005 1247 4030 ,
1284 3972 1427 4018 metu
1457 3962 1830 4032 praedictionis,
1860 3971 1912 4016 et
1950 3961 2090 4031 quod

518 4061 704 4117 eadem
734 4058 958 4113 subinde
982 4058 1303 4120 dicerentur,
1334 4070 1429 4111 eos
1454 4056 1597 4109 velut
1624 4056 1688 4109 ad
1723 4056 2091 4109 necessitatem

518 4152 876 4210 inevitabilem
903 4151 1127 4222 redigit,
1156 4160 1213 4204 ut
1238 4165 1305 4204 ne
1329 4150 1569 4204 volentes
1594 4148 1804 4219 quidem
1836 4149 2090 4217 perirent.

519 4246 589 4301 Et
608 4254 824 4316 propter
844 4242 945 4297 hoc
964 4252 1018 4297 et
1042 4252 1250 4311 tempus
1271 4241 1527 4295 incertum
1556 4240 1811 4303 faciebat;
1844 4240 2089 4308 quoniam

518 4354 637 4409 quae
660 4336 856 4391 utilitas
874 4343 988 4389 erat
1008 4334 1105 4389 ista
1126 4332 1461 4387 annuntiari?
1492 4332 1555 4386 Et
1584 4332 1703 4386 vide
1730 4330 1940 4401 quando
1967 4346 2092 4400 pro-

518 4430 823 4500 phetentur.
848 4425 959 4481 Sub
983 4427 1152 4496 ipsum
1178 4426 1426 4490 reditum,
1450 4425 1607 4479 rebus
1632 4425 1841 4479 illorum
1869 4424 2093 4493 vigenti-

519 4520 620 4576 bus
666 4534 730 4575 ac
769 4518 1099 4573 ﬂorentibus.
1147 4516 1602 4586 Quemadmodum
1634 4524 1688 4570 et
1718 4514 1944 4584 Moyses,
1973 4529 2095 4567 cum

520 4629 615 4669 eos
640 4611 1035 4667 iutroducturus
1053 4619 1195 4666 esset
1221 4610 1274 4664 in
1298 4619 1492 4663 terram
1518 4606 1903 4677 promissionis,
1930 4622 2095 4676 prope

521 4709 692 4776 ipsam
736 4704 995 4759 bonorum
1036 4704 1425 4772 perceptionem
1471 4699 1751 4771 prophetat
1793 4700 1919 4769 ipsis
1959 4700 2094 4752 mala

519 4817 639 4872 quae
664 4814 809 4853 nunc
832 4798 1116 4862 suStineut,
1142 4796 1326 4852 dicens
1358 4812 1372 4848 :
1403 4794 1665 4849 Contestor
1685 4794 1820 4848 vobis
1849 4793 2025 4847 caelum
2050 4803 2096 4847 et

521 4906 707 4948 terram
733 4890 907 4962 (Deut.
928 4890 979 4945 4.
1003 4886 1126 4958 26);
1160 4887 1481 4950 ἰιιάοιεηιίιιξ,
1505 4902 1661 4957 quam
1688 4886 1911 4942 felicitas
1937 4886 2093 4955 parit,

584 5052 658 5115 (a)
694 5051 777 5102 Vir
802 5047 1171 5103 desideriorum,
1189 5044 1283 5115 hoc
1295 5050 1394 5115 est,
1420 5042 1492 5092 vir
1515 5042 1836 5115 desideratus,
1862 5039 1944 5115 vel
1967 5038 2095 5115 desi-

521 5104 719 5171 dei'a'ns,
743 5119 799 5161 ut
830 5114 1081 5174 exponth
1103 5108 1258 5174 sancti
1294 5114 1473 5174 Patres.
1521 5105 1755 5174 [siderum
1797 5104 1928 5174 fugit
1954 5104 2096 5174 ratio,

519 5164 631 5228 eam
653 5164 1008 5238 originum'lib.
1033 5172 1082 5229 7,
1108 5182 1152 5218 ο.
1176 5168 1409 5238 8,.εοτίῠὶι
1432 5168 1496 5216 de
1529 5165 1783 5238 pauie1e_:
1822 5164 2099 5238 Desiderio-

520 5226 629 5288 rum
651 5226 724 5289 vir
734 5226 1011 5300 ‘appellatns
1033 5226 1119 5290 est,
1133 5230 1289 5300 _quia_
1305 5240 1477 5292 panem
1506 5226 1748 5300 desiderii
1765 5238 1878 5300 non
1900 5226 2100 5300 mandit-

520 5288 669 5359 cavit,
687 5307 733 5350 et
757 5288 917 5349 uinum
939 5288 1335 5359 concupiscentia
1370 5302 1464 5359 non
1661 5295 1729 5359 iga
1756 5296 1925 5359 tamen
1950 5289 2101 5336 verba

521 5349 700 5425 hostes
715 5368 884 5425 nactus
903 5372 1011 5425 sum
1034 5349 1159 5425 ίηίδ·
1182 5354 1452 5425 ᾼυειμειὲηο
1473 5358 1623 5425 sem"
1655 5352 1724 5425 δῖδι
1738 5349 1803 5425 d-e
1821 5357 2096 5425 Ten-'pore’:

523 5410 712 5483 MM
739 5420 1045 5492 inusitatam
1068 5419 1140 5467 vir
1175 5410 2103 5492 έεξῑάεείριῑιξξειβψιέςειέξ,εξεῂσίιίξ

523 5478 709 5549 ρᾳηεηί
720 5478 950 5549 desiderii
965 5493 1059 5549 non
1081 5478 1303 5549 comedit,
1328 5484 1373 5527 et
1398 5483 1562 5549 petunt
1581 5478 1978 5549 concupiscentiae
2009 5485 2104 5522 non

526 5534 797 5604 tibiam
814 5543 969 5606 magis
990 5541 1233 5606 Christum
1244 5534 1587 5606 ςωαηέριιιαδ
1612 5534 1933 5606 “Merebat-

588 5596 659 5671 (ὑ)
694 5596 800 5671 imo
818 5596 975 5658 Adiuz
1001 5604 1137 5671 [s.__7,
1163 5604 1209 5653 1.
1235 5596 1409 5671 Contra
1440 5596 1679 5671 Origenes
1716 5599 1871 5671 initio“
1892 5596 2104 5671 nominas

526 5657 700 5734 prima:
716 5672 763 5717 in
788 5657 980 5734 librum
994 5657 1227 5734 Judicum_
1246 5664 1471 5733 Aebutia)
1496 5657 1643 5734 (male
1658 5662 1805 5734 “enim
1841 5657 2105 5734 ibiiegere

528 5723 704 5787 ΣητΙιαι,
728 5743 873 5792 quam
902 5729 1074 5792 Achab)
1095 5729 1253 5792 posuit
1275 5740 1361 5792 pro
1381 5726 1507 5778 Oaia.
1532 5723 1767 5792 ut_etia_m
1794 5723 2105 5791 .mauil'estum

531 5802 607 5846 est
634 5783 702 5844 ex.
722 5783 940 5854 eiusdem
966 5783 1231 5838 Adamantii
1255 5783 1407 5847 initio,
1433 5795 1564 5835 Hom.
1597 5785 1614 5834 l
1641 5787 1687 5832 in
1715 5783 1900 5833 Isaiam.

1217 345 1274 399 S.
1313 343 1590 401 JOANNlS
1620 338 2092 400 CHRYSOSTOMI
2130 339 2444 399 ARCHIEP.
2484 343 3015 404 CONSTANTINOP.

3675 353 3783 409 2th

2203 462 2528 530 aequilibrem
2558 480 2760 534 ponens
2791 467 3116 535 punitionem
3142 484 3297 538 quam
3335 465 3595 537 minatur;
3627 472 3695 525 ita
3727 486 3781 528 et

2194 552 2302 607 iste
2327 556 2560 609 continet
2589 557 2733 626 ipsos
2763 559 2813 611 in
2845 569 3010 612 metu.
3039 560 3164 615 Ideo
3204 570 3258 616 et
3294 561 3579 616 Zacharias
3619 565 3781 631 pluri~

2204 662 2347 700 mum
2383 648 2434 701 in
2478 648 2593 702 istis
2630 650 2789 706 rebus
2825 662 3082 713 moratur,
3113 653 3406 725 eademque
3445 658 3778 713 manifestius

2201 735 2348 790 dicit.
2370 737 2509 791 Nihil
2531 740 2725 809 quippe
2746 741 2973 796 humana
2996 754 3179 798 natura
3208 746 3380 801 minus
3398 757 3577 816 aptum
3602 759 3683 803 est
3702 750 3771 803 ad

2203 830 2606 898 prosperitatem
2645 848 2706 888 ac
2747 833 3124 890 laxamentum.
3171 838 3346 892 Adhuc
3388 857 3466 893 me
3509 842 3773 908 loquente,

2205 919 2393 989 inquit,
2416 923 2468 974 in
2490 924 2731 990 oratione,
2756 927 2887 979 venit
2913 928 3120 998 angelus
3143 928 3363 996 Gabriel,
3384 930 3456 984 illi
3485 932 3773 999 familiaris,
3798 962 3799 965 η

2200 1012 2374 1065 volans
2394 1027 2414 1066 :
2441 1023 2489 1067 et
2517 1016 2673 1068 tenuit
2696 1032 2775 1071 me
2800 1018 2999 1071 circiter
3022 1020 3198 1072 horam
3224 1022 3460 1089 sacriﬁcii
3487 1028 3773 1094 vespertini.

2202 1100 2298 1157 Vel
2325 1118 2392 1158 ne
2419 1119 2480 1159 ex
2502 1105 2701 1161 visione
2726 1108 3119 1177 obstupelleret,
3141 1111 3222 1165 vel
3245 1121 3301 1166 ut
3322 1113 3635 1183 intelligeret
3657 1131 3775 1185 qua

2202 1194 2529 1252 dicerentur.
2577 1199 2644 1253 Et
2672 1201 2792 1270 quia
2824 1218 2927 1256 non
2959 1203 3151 1258 licebat
3175 1220 3235 1260 ea
3260 1207 3402 1262 clare
3431 1219 3649 1278 propter
3685 1225 3774 1265 re-

2201 1285 2372 1354 liquos
2399 1290 2655 1357 proferre,
2690 1291 2811 1359 jure
2854 1295 3019 1361 tangit
3056 1311 3197 1349 eum.
3249 1315 3266 1347 ι
3295 1296 3360 1351 Et
3387 1299 3564 1352 docuit
3594 1314 3713 1365 me,
3748 1318 3770 1351 ι

2201 1377 2389 1445 inquit,
2440 1394 2544 1434 tac
2592 1380 2836 1451 loquutus
2878 1394 2960 1439 est
3001 1390 3246 1449 mecum,
3293 1397 3350 1441 et
3377 1388 3510 1442 dixit
3542 1407 3556 1442 :
3590 1389 3774 1451 Daniel

2202 1482 2343 1521 nunc
2367 1470 2527 1538 exivi,
2557 1481 2613 1524 ut
2632 1473 2966 1528 conciliarem
2991 1476 3083 1530 tibi
3105 1477 3523 1548 intelligentiam.
3554 1480 3606 1534 ln
3633 1482 3774 1550 prin-

2201 1560 2340 1629 cipio
2366 1561 2759 1631 deprecationis
2784 1575 2886 1622 tua:
2908 1570 3069 1624 exivit
3098 1586 3273 1624 sermo
3298 1590 3311 1625 :
3344 1582 3398 1626 et
3423 1589 3522 1643 ego
3551 1576 3688 1639 veni,
3720 1586 3774 1631 ut

2203 1656 2558 1710 renuntiarent
2584 1657 2696 1723 tibi,
2717 1660 2835 1728 quia
2858 1661 2939 1713 vir
2956 1660 3336 1717 desideriorum
3362 1676 3413 1718 tu
3440 1680 3514 1719 es.
3535 1665 3775 1721 Etanim-

2200 1744 2416 1801 adverte
2441 1746 2493 1801 in
2526 1748 2707 1815 verbo,
2735 1759 2789 1804 et
2826 1751 3059 1823 intellige
3104 1755 3157 1809 in
3203 1755 3425 1810 visione.
3466 1776 3485 1809 ι
3520 1759 3769 1823 Attende.

2201 1835 2389 1906 inquit,
2417 1853 2478 1893 ea
2506 1855 2627 1909 quas
2652 1841 2916 1896 dicuntur.
2967 1844 3098 1899 Cum
3136 1847 3275 1900 enim
3320 1846 3510 1917 aliquis
3545 1848 3614 1904 de
3654 1851 3774 1907 aliis

2200 1931 2414 1999 quidem
2443 1942 2614 2002 rogat,
2642 1934 2744 1987 alia
2770 1950 2897 1989 vero
2924 1936 3089 2001 audit,
3114 1938 3276 1995 multa
3310 1946 3434 1994 tunc
3463 1940 3662 2011 indiget
3686 1952 3760 1996 at-

2202 2023 2453 2077 tentione.
2481 2022 2571 2079 25.
2600 2022 2667 2077 Et
2689 2025 2887 2094 redibit,
2915 2038 2960 2082 et
2980 2028 3312 2097 aediﬁcabitur
3331 2032 3497 2100 platea
3520 2043 3567 2085 et
3595 2049 3773 2086 muro-

2199 2131 2311 2168 rum
2360 2117 2590 2170 ambitus.
2642 2118 2864 2184 Quidam
2921 2133 3044 2176 esse
3096 2119 3278 2175 dicunt
3323 2137 3528 2177 murum
3555 2166 3569 2189 ,
3611 2142 3769 2194 quem

2199 2208 2426 2279 Agrippa
2450 2210 2680 2265 condidit
2713 2210 2809 2283 (a).
2845 2231 2864 2264 ι
2890 2212 2959 2267 Ει
2979 2215 3368 2270 evacuabuntur
3393 2226 3647 2286 tempora.
3676 2220 3766 2272 ‘26.

2201 2302 2267 2355 Et
2292 2313 2410 2371 post
2452 2302 2810 2361 hebdomadas
2850 2307 3122 2377 sexaginta
3160 2307 3291 2363 duas
3330 2309 3767 2363 exterminabitur

2200 2395 2408 2458 unctio;
2437 2403 2491 2449 et
2513 2395 2772 2464 judicium
2812 2412 2916 2451 non
2957 2407 3040 2453 cst
3083 2399 3136 2453 in
3175 2415 3283 2454 eo:
3317 2408 3371 2456 et
3408 2401 3668 2456 civitatem
3717 2414 3769 2457 et

2198 2489 2554 2544 sanctuarium
2581 2490 2855 2545 labefaciet
2880 2504 3000 2544 eum
3028 2492 3196 2557 duce;
3228 2503 3281 2547 et
3305 2494 3611 2549 excidentur
3635 2495 3769 2550 sicut

2198 2577 2250 2633 in
2272 2578 2487 2645 diluvio,
2522 2591 2575 2635 et
2603 2596 2768 2652 usque
2793 2582 2859 2636 ad
2888 2581 3045 2637 linem
3074 2583 3199 2637 belli
3226 2586 3428 2638 concisi
3454 2585 3768 2641 calamitati-

2196 2672 2316 2727 bus.
2347 2673 2435 2726 27.
2478 2674 2542 2728 Et
2579 2675 2912 2729 confirmabit
2953 2684 3326 2730 testamentum
3358 2678 3537 2733 multis
3566 2678 3768 2732 hebdo-

2198 2780 2311 2820 mas
2358 2781 2479 2820 una.
2510 2784 2529 2819 ι
2579 2766 2709 2822 Vide
2754 2776 2811 2822 ut
2849 2768 3155 2823 terribiliter
3189 2770 3329 2823 mala
3357 2781 3587 2826 enarret.
3624 2791 3643 2823 ι
3676 2771 3769 2826 Vel

2196 2857 2471 2913 dimidium
2512 2858 2889 2928 hebdomadis,
2920 2874 3132 2915 cessare
3170 2862 3325 2916 faciet
3367 2863 3651 2933 thymiama
3672 2905 3687 2925 ,
3714 2874 3769 2919 ct

2196 2952 2531 3018 sacrilicinm,
2551 2961 2604 3006 et
2628 2951 2890 3019 libamen;
2919 2961 2972 3006 et
2991 2967 3150 3022 super
3176 2953 3426 3022 templum
3448 2955 3769 3011 abominatio

2196 3042 2570 3108 desolationis,
2603 3052 2657 3099 et
2686 3058 2851 3114 usque
2878 3043 2944 3097 ad
2974 3045 3485 3100 consummationem
3515 3048 3768 3114 temporis

2197 3136 2649 3191 consummabitur
2677 3136 2729 3190 in
2757 3136 3157 3192 desolationem.
3188 3154 3209 3188 ι
3257 3134 3385 3191 Vide
3427 3146 3483 3189 ut
3521 3138 3571 3189 in
3614 3138 3770 3192 rebus

2198 3227 2432 3282 tristibus
2452 3228 2683 3281 sermoni
2706 3228 2863 3282 linem
2891 3227 3219 3297 imposuerit,
3243 3237 3295 3281 et
3321 3243 3381 3282 ea
3411 3228 3621 3298 quidem
3652 3246 3770 3299 qua:

2195 3318 2334 3373 bona
2355 3325 2507 3371 erant
2533 3317 2759 3373 obscure
2786 3318 3005 3384 dixerit;
3036 3316 3138 3373 hoc
3159 3318 3297 3372 enim
3330 3318 3429 3372 sibi
3458 3319 3569 3373 vult
3593 3320 3721 3373 illud
3752 3337 3766 3373 :

2197 3409 2519 3479 Conﬁrmabit
2539 3412 2709 3465 multis
2734 3421 3078 3465 testamentum
3115 3410 3385 3465 ltebdomas
3423 3428 3560 3476 una;
3604 3413 3768 3466 tristia

2194 3517 2344 3566 vero,
2375 3502 2677 3573 frequenter
2705 3511 2759 3557 et
2794 3496 2956 3573 Sit-pc.
2986 3500 3054 3556 Et
3077 3501 3381 3557 abominatio
3406 3504 3727 3558 desolationis
3752 3521 3771 3558 :
3798 3527 3803 3533 ·

2197 3596 2249 3650 id
2279 3605 2380 3661 est,
2410 3612 2528 3665 quae
2565 3596 2632 3649 ab
2667 3594 2902 3649 Adriano
2940 3594 3077 3649 facta
3115 3605 3197 3649 est
3236 3593 3330 3666 (b).
3372 3594 3499 3649 Haec
3537 3596 3770 3664 apertius

2198 3688 2482 3744 Zacharias
2504 3730 2519 3753 ,
2547 3689 2634 3758 qui
2662 3688 2819 3743 etiam
2846 3704 2934 3743 res
2958 3687 3265 3743 commodas
3294 3688 3530 3757 prtedicit
3558 3697 3771 3757 propter

2197 3798 2290 3837 eos
2319 3784 2407 3852 qui
2431 3790 2812 3836 remanserant.
2843 3780 3104 3836 Fortassis
3132 3782 3256 3834 etin
3288 3779 3520 3851 [Egypto
3548 3779 3765 3833 totidem

2197 3890 2366 3929 annos
2391 3872 2516 3928 fecit
2542 3872 2645 3945 (c);
2687 3881 2740 3926 et
2776 3888 2878 3925 non
2910 3872 3206 3927 labefactati
3228 3880 3349 3926 sunt
3380 3888 3393 3925 :
3424 3886 3561 3924 nunc
3586 3879 3763 3924 autem

2197 3982 2305 4022 non
2339 3965 2563 4036 amplius
2603 3975 2878 4035 exspectas
2912 3963 3031 4019 ista.
3070 3962 3203 4018 Vide
3227 3973 3281 4018 et
3308 3961 3429 4016 alia.
3468 3960 3682 4016 Judaeus
3710 3961 3766 4016 in

2258 4168 2331 4229 (a)
2365 4166 2500 4229 Adito
2520 4165 2589 4214 sis
2610 4164 2670 4229 ad
2690 4162 2952 4229 Josephum
2974 4160 3138 4229 Antiq.
3163 4159 3339 4229 Judaic:
3366 4158 3449 4229 lib.
3478 4157 3556 4229 19ἶ
3578 4170 3683 4219 cap.
3715 4159 3766 4217 7,

2199 4237 2251 4279 et
2265 4219 2357 4278 lib.
2380 4228 2412 4276 2
2446 4228 2511 4277 de
2548 4226 2679 4275 Bello
2714 4219 2920 4291 Judaieo,
2946 4237 3050 4291 c_a_p.
3070 4219 3156 4291 Β),
3177 4234 3287 4284 qua:
3307 4221 3403 4291 duo
3416 4219 3524 4291 loca
3546 4221 3673 4291 inter
3710 4234 3769 4269 se

2196 4292 2421 4341 conferre
2444 4292 2650 4351 pretium
2662 4299 2825 4349 operte
2841 4288 2949 4334 erit.
2964 4281 3221 4351 veriorem
3242 4283 3593 4351 expositionem
3609 4281 3772 4351 disces

2198 4367 2263 4402 ex
2286 4354 2409 4414 aliis,
2434 4345 2581 4414 atque
2604 4345 2725 4414 adeo
2740 4363 2813 4414 ex
2843 4355 3012 4414 uestro
3035 4348 3179 4395 tertio
3200 4354 3365 4395 contra
3396 4345 3601 4393 Judteos.
3639 4350 3771 4405 Lege

2195 4410 2453 4467 Ot'iaenem
2470 4410 2529 4462 ad
2550 4412 2707 4461 Matth.
2734 4411 2809 4458 2i.
2836 4410 2912 4458 15.

2317 4466 2333 4541 )
2366 4486 2419 4541 Et
2441 4479 2731 4541 hiciquoque
2753 4485 2861 4541 cum
2886 4468 3330 4541 caeterisvidcndus
3345 4474 3393 4514 Β.
3411 4466 3773 4541 Chrysostomus

2197 4528 2339 4589 allata
2374 4528 2593 4599 homilia;
2620 4528 2974 4599 notandumque
2998 4531 3147 4579 multo
3170 4540 3283 4599 ante
3311 4528 3771 4599 tempat'aiitadriaui

2198 4605 2403 4663 coepisse
2429 4591 2658 4651 vastitatis
2678 4591 3094 4663 abominationem.
3124 4594 3213 4641 Sed
3234 4592 3298 4663 de
3322 4592 3402 4663 his
3419 4591 3642 4663 omiiiltus
3665 4593 3773 4663 tusc.

2198 4652 2510 4725 interpretes,
2534 4663 2842 4725 maximeque
2859 4660 3248 4725 s._t_iieronymus.
3276 4652 3295 4712 (
3321 4659 3435 4725 uota
3457 4652 3668 4725 idipsuin

2204 4712 2736 4784 cere-Chrysbstomwn
2762 4712 2995 4784 'Homilta
3017 4720 3082 4784 b1
3099 4712 3275 4784 contra
3309 4714 3550 4784 ducimus,
3600 4713 3657 4784 Τί
3702 4712 3767 4784 li:

2207 4775 2535 4861 βδέλυγμαῖδέ
2576 4785 2866 4861 seire?st
2892 4783 2981 4853 τάξ
3006 4780 3269 4861 ἀνξριάνῖαν
3398 4775 3774 4861 gaesa-237?:

2204 4834 2339 4911 ξιὸῂν
2356 4834 2717 4911 ἆαθελὼνένδδν
2743 4846 2789 4893 ἐν
2807 4847 2876 4905 τῷ
2894 4844 3021 4911 vagi"
3044 4834 3252 4903 et'paulo
3271 4842 3377 4901 post
3399 4834 3486 4894 ait,
3506 4834 3778 4884 Adrianum

2204 4906 2354 4968 fuisse
2371 4920 2478 4956 eum
2497 4905 2579 4971 qui
2600 4912 2806 4956 statuam
2827 4903 3024 4964 erexit).

2264 4976 2333 5037 (ε)
2368 4975 2423 5023 In
2456 4959 2755 5037 GP'mQLTezé
2776 4976 2948 5037 πάνιῖά
2985 4959 3159 5037 λέτνξτον
3180 4974 3341 5037 τοσῗῗτῗ
3360 4959 3772 5037 ἮΨἮΕΈῬ

2199 5014 2757 5099 ni8]1e£§u§m"dméi_t’is
2779 5014 2871 5075 est:
2895 5014 3044 5082 ouod'
3060 5023 3100 5070 si
3136 5036 3232 5099 pexa
3250 5014 3768 5099 promposiini:

2200 5076 2797 5161 SéEiiiiég“—néc"€éiims,
2840 5076 2932 5134 nec
2966 5076 3144 5161 sensus
3163 5076 3414 5161 constabit.

2202 5141 2443 5222 Elida}:
2463 5141 2573 5205 esse
2593 5168 2649 5202 ac
2662 5141 3194 5222 mea,'quemaldmo(‘lum
3217 5141 3459 5222 interdum

2202 5200 2869 5274 Eﬁéﬁfisi'énr'ysbstoinhs
2902 5206 3110 5257 voluerit
3141 5200 3772 5274 prmsentemcaiamitatem

2516 5261 2674 5327 Elian
2688 5261 2780 5323 nou
2803 5278 3123 5335 accepturam,
3142 5261 3278 5335 sicut
3292 5265 3480 5335 accepit
3498 5261 3773 5335 .‘Egvptiaca

2239 5384 2964 5469 :e‘i'sEq‘iiiEui-S,‘respexeritque.
2989 5390 3269 5469 adﬁlocuinm
3456 5384 3529 5469 1:91,
3554 5384 3774 5469 ξς

2234 5450 2554 5518 ίὶἑιῐῐοῖὶὶιέιίί
2583 5450 2792 5527 βιίὸνιυη
2819 5450 3003 5527 Ws.
3028 5466 3124 5527 qua
3151 5450 3520 5527 ,Wrurujr
3543 5450 3771 5527 eam

2204 5531 2300 5595 fuit
2317 5518 2771 5595 σααάνίῖιςιεῑξιυνυηι
2806 5526 2852 5569 ει
2890 5518 3391 5595 ινίρψιέιέιειξρίιτεῑξέ
3423 5521 3506 5595 Ἣέἒ
3527 5518 3777 5595 ἐΰξῗέξῖῗὲ

2206 5575 2456 5641 Ediluini.
2480 5575 2893 5644 hebdomadarum
2926 5575 3179 5644 numerum
3201 5575 3403 5644 accedit.
3431 5575 3499 5640 ita
3527 5580 3777 5644 exponen-

2490 5627 2914 5698 iJéiﬁﬁ'iiBIfhiite
2933 5627 3097 5689 forsan
3118 5636 3341 5703 divinavi.
3358 5634 3441 5703 Qui
3465 5627 3777 5703 munera-ha:

2211 5690 2645 5768 audam;
2662 5690 2916 5769 impertiat.
2940 5706 3103 5752 Posset
3123 5698 3269 5747 etiam
3301 5694 3462 5754 scribi,
3479 5694 3711 5755 fecerunt,
3734 5690 3780 5739 id

2215 5789 2308 5837 est,
2327 5780 2613 5825 numam-unt.
