4054 6320
284 375 394 431 239

1724 367 1790 424 IN
1829 365 2198 425 DANIELEM.

3443 377 3548 433 950

285 493 1281 566 λαῖοῦντοςβαίπροσευχομένσυ.
1303 496 1399 549 καὶ
1417 493 1877 565 ἐξαγορεύοντος
1977 492 2132 559 ἀγιιν
2172 495 2250 557 εἰς
2292 494 2391 565 τὴν
2426 495 2528 565 γῆν
2568 496 2665 567 τῆς
2706 496 3054 565 ἐπαγγελίας,
3087 499 3218 568 παρ’
3242 497 3411 568 αὐτὴν
3440 498 3551 552 τῶν

285 604 394 670 τὰς
420 603 712 671 ἁμαρτίας
731 621 873 672 μου,
894 604 991 658 καὶ
1015 604 1123 669 τὰς
1143 604 1431 673 ἁμαρτίας
1456 602 1563 657 τοῦ
1582 600 1737 656 λαοῦ
1753 616 1873 669 μου

287 706 548 780 Ἰσραὴλ,
576 712 674 765 καί
697 713 1016 780 ρίπτοντος
1042 712 1151 767 τὸν
1176 710 1353 767 ἔλεόν
1381 728 1501 781 μου
1529 709 1733 764 ἔναντι
1761 710 1874 761 Κυ-

284 822 413 891 ρίου
450 819 559 875 τοῦ
590 820 742 875 Θεοῦ
772 838 912 890 μου,
934 792 1033 875 ἐπὶ
1070 820 1177 875 τοῦ
1210 820 1387 889 ὄρους
1418 819 1522 873 τοῦ
1552 818 1723 890 ἁγίου
1763 816 1871 871 τοῦ

288 924 432 978 θεοῦ
449 943 569 994 μου
587 942 600 955 ο
615 925 711 979 καὶ
728 924 815 979 ἐτι
839 924 983 995 ἐμοῦ
1004 926 1338 989 λαλοῦντος
1356 925 1426 978 ἐν
1442 923 1515 993 τῇ
1535 921 1870 993 προσευχῇ,

284 1032 379 1085 καὶ
412 1030 541 1085 ίδοὺ
574 1030 730 1099 ἀνὴρ
756 1032 1039 1100 Γαϐριὴλ.
1068 1030 1141 1085 ὃν
1176 1027 1339 1086 εἶδον
1369 1030 1436 1083 ὲν
1466 1028 1539 1098 τῇ
1570 1029 1772 1099 δράσει
1801 1028 1870 1081 ἐν

284 1137 359 1205 τῇ
386 1136 569 1207 ἀρχῇ,
599 1137 933 1207 πετώμενος
960 1153 975 1169 ·
1011 1136 1110 1191 καί
1140 1136 1337 1204 ἣψατό
1367 1152 1489 1204 μου
1528 1136 1671 1189 ὡσεὶ
1709 1134 1869 1204 ὤραν

281 1244 499 1308 θυσίας
527 1241 862 1309 ἐσπερινῆς.
894 1240 1004 1295 Kal
1032 1240 1317 1295 συνετισέ
1344 1257 1439 1309 με,
1470 1240 1571 1293 καί
1601 1240 1869 1309 ἐλάλησα

275 1348 402 1418 μετ’
434 1348 601 1417 ἐμοῦ,
628 1348 725 1401 καί
751 1343 921 1401 εἶπεν
943 1363 959 1377 ο
992 1346 1235 1415 Δανιὴλ,
1264 1346 1382 1401 νῦν
1404 1346 1688 1417 ἐξῆλθον,
1711 1364 1867 1418 συμ-

278 1455 513 1507 ϐιϐάσαι
557 1470 631 1509 σε
674 1456 947 1509 σύνεσιν.
990 1457 1088 1509 Ἕν
1119 1454 1276 1525 ἀρχῇ
1308 1456 1418 1525 τῆς
1448 1455 1712 1528 δεήσεώς
1750 1476 1865 1513 σου

276 1558 536 1627 ἐξῆλθεν
566 1563 598 1614 ό
624 1562 807 1629 λόγος
838 1578 850 1591 ·
890 1560 989 1615 καὶ
1019 1560 1133 1631 ἐγὼ
1160 1557 1351 1631 ἦλθον
1386 1562 1489 1617 τοῦ
1518 1564 1867 1634 ἀναγγεῖλαί

275 1681 395 1724 σοι,
438 1663 530 1716 ὅτι
575 1663 733 1733 ἀνὴρ
781 1665 1106 1735 ἐπιθυμιῶν
1158 1660 1220 1720 εἴ
1252 1667 1354 1721 σύ.
1392 1666 1505 1721 Kal
1548 1667 1865 1737 ἐννοήθητι

276 1772 347 1824 ἐν
372 1770 451 1836 τῷ
468 1771 714 1841 ῥήματι,
745 1771 845 1825 καὶ
874 1774 1061 1840 σύνες
1086 1773 1157 1826 ἐν
1182 1773 1257 1842 τῇ
1285 1776 1561 1842 ὀπτασίᾳ.
1583 1776 1743 1829 Ὥστε
1771 1789 1864 1830 και

273 1878 401 1929 ὅταν
430 1876 664 1945 λέγωσιν
686 1879 819 1949 ήμῖν
846 1880 896 1931 οί
924 1877 1165 1933 Ἰουδαῖοι
1192 1896 1207 1911 ·
1231 1878 1327 1933 Διὰ
1354 1880 1406 1933 τί
1434 1882 1492 1933 ὲν
1519 1879 1598 1951 τῷ
1642 1880 1860 1953 Ἡσαΐᾳ,

275 1980 367 2033 τοῦ
395 1980 576 2043 Ὀζίου
604 1982 733 2053 περὶ
758 1979 851 2034 τοῦ
881 1981 1119 2053 πολέμου
1145 1982 1392 2049 δεδιότος,
1424 1983 1521 2037 καὶ
1545 1984 1645 2055 τῆς
1670 1985 1860 2055 ἐφόδου

273 2085 381 2137 τῶν
401 2085 496 2138 δύο
520 2085 805 2155 βασιλέων,
830 2087 859 2139 ό
889 2089 1171 2159 προφήτης
1200 2086 1429 2154 ἐξελθὼν
1460 2088 1655 2142 ἔδωκεν
1679 2090 1861 2154 αὐτοῖς

274 2194 520 2259 σημεῖον,
572 2191 709 2261 μετὰ
756 2191 925 2262 μυρία
969 2191 1062 2263 ἐτη
1111 2192 1435 2262 συμϐαῖνον;
1486 2193 1719 2264 ἐροῦμεν
1766 2194 1862 2247 καὶ

273 2297 426 2347 αὐτοὶ
464 2295 600 2363 πρὸς
633 2295 830 2359 αὐτούς
871 2312 888 2329 ο
923 2295 1079 2360 Τίνος
1112 2297 1297 2350 ἕνεκεν
1341 2297 1433 2351 τοῦ
1470 2298 1667 2368 Δανιὴλ
1696 2297 1860 2363 ἀξιώ-

272 2416 465 2462 σαντος
482 2401 624 2471 ὑπὲρ
644 2400 743 2470 τῆς
762 2401 970 2467 ἀνόδου,
1002 2402 1095 2454 καὶ⁵
1126 2402 1521 2473 ἐπιθυμοῦντος
1550 2401 1778 2457 ἀκοῦσαί
1806 2421 1860 2457 τι

270 2506 400 2575 περὶ
433 2504 659 2569 τούτων,
689 2504 919 2569 ἐξελθὼν
947 2506 1175 2574 ἄγγελος
1204 2508 1331 2577 περὶ
1358 2508 1455 2578 μὲν
1482 2508 1684 2561 τούτων
1710 2509 1860 2563 οὐδὲν

269 2612 593 2681 ἀπήγγειλε,
619 2611 919 2682 πράγματα
956 2613 1013 2665 δὲ
1036 2616 1263 2685 μακροῖς
1282 2612 1503 2684 ὕστερον
1522 2616 1732 2688 χρόνοις
1751 2616 1859 2669 ὲδί-
1882 2666 1885 2669 ,

267 2717 607 2785 διξεν;Ἀλλ’
624 2716 813 2788 ὥσπερ
823 2717 1053 2772 ἐνταῦθα
1064 2720 1126 2773 ὲκ
1140 2720 1451 2791 περιουσίας
1464 2722 1523 2773 τὸ
1534 2720 1860 2792 ζητούμενον

269 2823 405 2877 Mer
440 2822 582 2876 οὔτω
610 2824 788 2877 κάκεῖ.
822 2824 1009 2887 Πίστις
1037 2824 1146 2896 γὰρ
1176 2825 1404 2895 μεγίστη
1440 2825 1534 2879 τοῦ
1578 2826 1676 2895 τὴν
1708 2826 1860 2881 πόλιν

268 2929 701 3001 ἀναστήσεσθαι,
760 2929 823 2982 τὸ
861 2931 957 2982 καὶ
996 2930 1157 2983 πάλιν
1201 2930 1367 3001 αὐτὴν
1416 2930 1738 2986 ἁλώσεσθαι.
1793 2931 1858 2984 Τί

268 3034 397 3101 οὖν;
426 3036 661 3105 λυπῆσαι
689 3034 780 3088 τὸν
815 3037 1097 3106 προφήτην
1127 3035 1465 3107 βουλόμενος,
1502 3036 1657 3090 τοῦτο
1688 3041 1855 3106 ποιεί;

269 3142 558 3212 Οὐδαμῶς,
580 3142 696 3195 ἀλλ’
716 3142 913 3207 αὐτοὺς
941 3142 1345 3214 φοϐερωτέρους
1368 3144 1719 3216 ἐργάσασθαι.
1749 3145 1858 3199 Καὶ

270 3250 373 3318 οὐχ
404 3245 570 3312 ἅπαξ,
614 3247 735 3301 οὐδὲ
765 3247 879 3313 δὶς,
922 3247 1058 3301 ἀλλά
1088 3247 1368 3311 πολλάκις.
1412 3248 1628 3319 Ἐπειδὴ
1674 3250 1784 3321 γὰρ
1821 3251 1856 3321 ή

280 3351 548 3422 μέλλουσα
580 3351 795 3406 ἔσεσθαι
824 3353 1100 3422 εὐπραγία
1136 3354 1294 3423 ἱκανὴ
1322 3354 1561 3423 φυσῆσαι
1588 3355 1686 3425 τὴν
1717 3354 1858 3408 ὲκεί-

276 3472 393 3509 νων
441 3456 692 3521 διάνοιαν,
737 3456 798 3510 οὐ
843 3457 1001 3527 μόνον
1041 3455 1442 3526 ἀνορθουμένης
1489 3457 1586 3527 τῆς
1626 3456 1852 3524 πόλεως,

275 3558 421 3612 ἀλλά
451 3559 545 3611 καὶ
577 3559 726 3630 χερσὶ
758 3559 1118 3633 βαρϐαρικαῖς
1146 3562 1624 3632 οίκοδομουμένης,
1659 3562 1857 3633 βαρϐα-

275 3666 462 3736 ρικαῖς
500 3664 730 3731 ἐκείναις
767 3669 887 3728 ταῖς
922 3666 1272 3730 καθελούσαις
1306 3667 1495 3737 αὐτήν.
1541 3667 1712 3720 Τοῦτο
1747 3668 1854 3738 γὰρ

270 3772 372 3824 καὶ
392 3773 421 3824 ό
454 3771 677 3835 Ἡσαΐας
707 3771 861 3843 φησὶ,
882 3771 1091 3835 δεικνὺς
1122 3771 1184 3824 τὸ
1215 3772 1618 3842 παντοδύναμον
1644 3775 1736 3825 καὶ
1767 3772 1855 3825 εὐ-

270 3892 441 3947 πορον
470 3875 566 3929 τοῦ
605 3876 764 3942 Θεοῦ,
804 3876 918 3939 πῶς
952 3876 1131 3939 ἱκανὸς
1160 3876 1338 3930 πάντα
1369 3878 1461 3929 καὶ
1500 3878 1722 3947 ποιῆσαι
1761 3879 1855 3931 καὶ

274 3982 618 4050 μεταϐαλεῖν.
672 3981 827 4034 Ἐπεὶ
869 3977 962 4034 οὖν
1017 3980 1237 4051 ἔμελλεν
1298 3982 1480 4045 αὐτοῖς
1529 3984 1599 4034 τὰ
1650 3983 1853 4053 πάτρια

269 4086 722 4157 ἀποδοθήσεσθαι,
769 4086 863 4138 καὶ
891 4089 1034 4140 νῖκαι
1064 4086 1311 4157 λαμπραὶ
1350 4088 1443 4140 καὶ
1479 4090 1742 4157 συνεχεῖς,
1785 4088 1853 4151 ἃς

271 4194 362 4245 καὶ
390 4193 440 4244 οί
473 4191 753 4261 προφῆται
780 4190 1109 4243 ἀναϐοῶσιν·
1136 4186 1245 4245 οἷον
1276 4194 1304 4245 ό
1332 4193 1431 4262 μὲν
1464 4193 1742 4262 Ἰεζεκιὴλ,
1771 4195 1854 4246 ὃτι

276 4297 410 4367 μετὰ
441 4307 462 4328 ⁸
491 4297 588 4368 ἐτη
618 4294 688 4348 τὰ
717 4295 859 4349 ὅπλα
885 4296 1064 4348 αὐτῶν
1092 4297 1562 4367 κατακαυθήσεται
1590 4298 1699 4350 τῶν
1733 4297 1855 4367 μελ.

273 4402 469 4455 λόντων
508 4400 836 4455 ἁλώσεσθαιο
874 4402 924 4454 οἱ
950 4401 1007 4454 δὲ
1035 4400 1182 4454 ἄλλοι
1209 4401 1277 4454 τὰ
1306 4402 1444 4455 αὐτὰ
1475 4400 1712 4470 συνεχῶς
1748 4401 1855 4453 έλε-

274 4523 365 4573 γον
385 4523 399 4535 ·
431 4508 523 4558 ἵνα
557 4506 631 4574 μὴ
660 4503 866 4567 τούτοις
894 4504 1245 4575 ἐπαρθέντες,
1272 4505 1487 4575 χείρους
1516 4506 1627 4558 τῶν
1659 4505 1853 4575 προτέ-

278 4628 380 4681 ρων
406 4610 698 4679 γένωνται,
721 4609 799 4679 τῷ
822 4610 969 4681 φόϐῳ
991 4610 1089 4679 τῆς
1119 4611 1494 4683 προρρήσεως,
1518 4611 1610 4663 καὶ
1636 4610 1696 4663 τὸ
1724 4610 1852 4663 πολ-

274 4715 425 4778 λάκις
456 4716 627 4786 (forte
659 4714 737 4784 τῷ
766 4714 940 4785 πολλ.)
980 4715 1049 4767 τὰ
1074 4715 1213 4767 αὐτά
1244 4717 1439 4777 εἰπεῖν,
1472 4714 1722 4785 καθάπερ
1757 4716 1856 4767 αὐ-

275 4822 396 4883 τοὺς
426 4824 507 4885 εἰς
550 4821 795 4887 ἀνάγκην
826 4820 1065 4888 ἄφυκτον
1104 4819 1371 4875 καθιστῶν
1408 4819 1502 4873 τοῦ
1537 4822 1670 4891 μηδὲ
1727 4822 1853 4890 βου-

278 4922 531 4993 λομένους
570 4922 955 4993 διαφθαρῆναι.
985 4922 1135 4995 [248]
1176 4925 1285 4977 Καὶ
1331 4923 1418 4976 διὰ
1449 4924 1607 4977 τοῦτο
1644 4927 1856 4979 καὶτὸν

281 5028 462 5097 χρόνον
480 5027 678 5097 ἄδηλον
709 5027 879 5079 ἐποίει
897 5044 914 5058 ο
945 5028 1069 5081 ἐπεὶ
1092 5029 1175 5090 τίς
1205 5028 1361 5097 χρεία
1378 5028 1548 5082 ταῦτα
1580 5030 1855 5098 ἀπαγγελ-

281 5130 467 5201 θῆναι;
515 5135 629 5188 Καὶ
673 5134 775 5207 ὅρα
809 5133 939 5187 πότε
962 5134 1379 5205 προφητεύεται.
1406 5136 1543 5206 Παρ’
1569 5137 1736 5207 αὐτὴν
1760 5138 1854 5208 τὴν

282 5240 477 5307 ἄνοδον,
516 5241 877 5311 ἀκμαζόντων
908 5243 1091 5304 αὐτοῖς
1122 5244 1216 5295 καὶ
1248 5241 1551 5296 ἀνθούντων
1572 5245 1681 5297 τῶν
1713 5262 1855 5315 πρα·

283 5348 517 5417 τμὰτων.
544 5350 757 5406 Ὥσπεο
792 5351 887 5404 καὶ
926 5353 954 5405 ὁ
990 5351 1230 5422 Μωῡσῆς
1265 5352 1471 5423 μέλλων
1506 5352 1702 5418 αὐτοὺς
1739 5356 1854 5407 είσ-

345 5726 456 5797 δίη
501 5729 724 5797 margine
773 5730 954 5797 eodicis
998 5733 1147 5797 nostri
1183 5736 1413 5797 scriptum
1458 5741 1561 5796 est,
1608 5737 1726 5794 ἴσως
1767 5739 1850 5786 έπ-

278 5791 345 5840 τά.
379 5793 494 5850 Quae
517 5796 595 5841 est
615 5793 898 5842 emendatio
920 5794 1203 5844 certissima.

1974 598 2193 666 ἀγαθῶν
2231 599 2328 669 τὴν
2364 601 2664 671 μετάληψιν
2714 602 3043 673 προφητεύει
3085 604 3269 667 αὐτοῖς
3304 605 3548 677 παρόντα

1971 703 2038 756 τὰ
2066 703 2232 767 δεινὰ,
2266 703 2466 773 λέγων·
2500 708 2963 776 Διαμαρτύρομαι
2988 708 3131 777 ὑμῖν
3156 709 3262 762 τόν
3290 710 3549 776 οὐρανόν

1971 807 2071 860 καί
2122 806 2235 877 τὴν
2286 808 2442 880 γῆν·
2489 810 2811 883 ἀντίρροπον
2862 815 2928 883 τῇ
2963 811 3051 865 διὰ
3096 812 3193 883 τὴν
3242 813 3546 884 εὐπραγίαν

1970 914 2209 986 ἀπαθείᾳ
2237 916 2336 988 τήν
2375 917 2483 970 ἀπὸ
2508 919 2609 988 τῆς
2636 918 2864 989 ἀπειλῆς
2887 919 3154 991 τιμωρίαν
3183 920 3350 984 τιθείς
3368 939 3381 951 ·
3402 920 3545 974 οὕτω

1970 1023 2062 1074 καὶ
2107 1016 2259 1087 οὗτος
2287 1024 2515 1096 ,κατέχει
2561 1025 2756 1089 αὐτοὺς
2800 1026 2859 1079 ὲν
2893 1028 3061 1099 φόϐῳ.
3107 1030 3207 1083 Διὰ
3251 1028 3410 1083 τοῦτο
3448 1031 3542 1083 καὶ

1969 1130 2241 1202 Ζαχαρίας
2286 1132 2347 1185 τὸ
2380 1132 2539 1187 πλέον
2580 1136 2639 1188 ὲν
2670 1133 2879 1198 τούτοις
2920 1135 3202 1207 διατρίϐει,
3243 1137 3337 1191 καλ⁸
3369 1138 3540 1206 σαφέ-

1970 1250 2157 1306 στερον
2183 1235 2251 1289 τὰ
2278 1237 2417 1291 αὐτά
2457 1236 2625 1307 λέγει.
2656 1240 2818 1293 Οὐδὲν
2843 1240 2952 1311 γὰρ
3001 1239 3170 1303 οὕτως
3214 1242 3289 1305 ὡς
3327 1242 3539 1314 ἀνθρω-

1967 1326 2094 1412 πίνη
2155 1340 2316 1411 φύσις
2360 1343 2495 1415 πρὸς
2539 1344 2842 1415 εὐπραγίαν
2888 1346 2979 1399 καὶ
3022 1347 3202 1400 ἄνεσιν
3248 1346 3536 1418 ἄχρηστον.

1970 1444 2091 1499 Ἕτι
2126 1448 2271 1517 ἐμοῦ
2302 1450 2659 1517 λαλοῦντος,
2690 1453 2845 1522 φησὶ,
2871 1453 2943 1505 ἐν
2969 1452 3043 1521 τῇ
3072 1453 3406 1521 προσευχῇ,
3438 1450 3541 1525 ἦλ-

1964 1553 2068 1605 θεν
2092 1555 2125 1606 ό
2150 1552 2402 1623 ἄγγελος
2425 1557 2714 1625 Γαϐριὴλ,
2739 1560 2767 1611 ό
2812 1558 3045 1629 συνήθης
3084 1558 3253 1629 αὐτῷ,
3287 1558 3539 1629 πετώμε-

1962 1672 2097 1723 νος·
2139 1661 2232 1712 καί
2286 1660 2541 1731 κατέσχε
2581 1680 2652 1730 με
2690 1663 2831 1716 ὡσεὶ
2861 1662 3019 1731 ὤραν
3053 1666 3268 1731 θυσίας
3304 1666 3536 1734 ἑσπερι-

1960 1760 2093 1829 νῆς.
2114 1763 2178 1817 Ἥ
2207 1764 2345 1818 ὥστε
2380 1768 2453 1837 μὴ
2477 1766 2777 1839 ἔκπληκτον
2806 1770 3054 1838 γενέσθαι
3081 1771 3188 1824 ἀπὸ
3216 1775 3311 1841 τῆς
3338 1772 3534 1841 ὅψεως,

1961 1867 1993 1938 ἢ
2016 1866 2154 1921 ὥστε
2184 1872 2372 1941 νοῆσαι
2400 1871 2469 1925 τὰ
2495 1872 2781 1944 λεγόμενα.
2816 1874 3028 1947 Ἐπειδὴ
3054 1876 3160 1947 γὰρ
3184 1876 3283 1930 οὐκ
3308 1872 3373 1946 ἦν
3398 1876 3536 1931 αὐτὰ

1968 1973 2153 2043 σαφῶς
2174 1979 2345 2030 είπείν
2377 1979 2463 2032 διὰ
2490 1982 2614 2043 τοὺς
2642 1983 2878 2046 λοιποὺς,
2898 1983 3120 2047 εἰκότως
3147 1985 3390 2037 ἅπτεται.
3419 1987 3525 2038 Kal

1962 2077 2243 2132 συνέτισέ
2265 2098 2359 2149 με,
2381 2084 2534 2151 φησὶ,
2568 2085 2665 2137 καὶ
2695 2085 2961 2154 ἐλάλησε
2984 2086 3109 2155 μετ’
3138 2086 3304 2155 ἐμοῦ,
3327 2089 3422 2141 καὶ
3453 2088 3527 2141 εἷ-

1961 2194 2109 2235 πεν·
2141 2183 2393 2253 Δανιὴλ,
2424 2185 2541 2239 νῦν
2567 2186 2829 2257 ἐξῆλθον
2878 2190 3242 2259 συμϐιϐάσαι
3271 2206 3344 2244 σε
3384 2192 3532 2243 σύν·-

1956 2304 2112 2344 εσιν.
2150 2292 2244 2343 Ἐν
2276 2291 2435 2361 ἀρχῇ
2466 2291 2574 2361 τῆς
2604 2292 2869 2361 δεήσεώς
2919 2311 3036 2350 σου
3070 2294 3330 2364 ἐξῆλθεν
3364 2298 3397 2349 ὁ
3442 2296 3535 2349 λό-

1958 2412 2090 2466 γος·
2122 2398 2219 2451 καὶ
2250 2399 2365 2468 ἐγὼ
2391 2396 2582 2471 ἦλθον
2603 2403 2711 2456 τοῦ
2743 2402 3091 2472 ἀναγγεῖλαί
3116 2420 3237 2469 σοι,
3263 2403 3351 2456 ὅτι
3379 2402 3535 2471 ἀνὴρ

1956 2503 2279 2573 ἐπιθυμιῶν
2321 2501 2378 2559 εἴ
2421 2507 2525 2563 σύ.
2570 2506 2680 2560 Καὶ
2718 2507 3034 2576 ἐννοήθητι
3072 2507 3142 2561 ἐν
3173 2506 3252 2573 τῷ
3280 2507 3530 2577 ῥήματι,

1955 2609 2055 2662 καί
2086 2611 2272 2676 σύνες
2302 2611 2374 2664 ἐν
2396 2609 2471 2680 τῇ
2506 2612 2784 2678 ὀπτασίᾳ.
2820 2611 3049 2681 Νόησον,
3080 2612 3234 2682 φησὶ,
3272 2611 3340 2665 τὰ
3378 2611 3531 2678 λεγόο

1958 2730 2114 2785 μενα.
2141 2715 2306 2768 Ὅταν
2355 2718 2464 2785 γάρ
2500 2733 2583 2778 τις
2617 2716 2755 2786 ὑπὲρ
2786 2715 2987 2786 ἐτέρων
3024 2715 3123 2785 μὲν
3155 2716 3329 2782 ἀξιοῖ,
3369 2715 3534 2786 ἕτερα

1955 2818 2011 2871 δὲ
2048 2820 2250 2891 ἀκούῃ,
2289 2820 2489 2889 πολλῆς
2529 2820 2696 2872 δεῖται
2727 2820 2825 2892 τῆς
2878 2820 3204 2890 προσευχῆς.
3249 2818 3359 2871 Kal
3403 2820 3531 2871 ἐπι-

1955 2923 2157 2993 τρέψει
2184 2926 2232 2991 b,
2274 2926 2369 2979 καί
2393 2925 2922 2996 οἰκοδομηθήσεται
2958 2925 3211 2979 πλατεῖα
3245 2926 3343 2979 καί
3370 2926 3531 2993 περί-

1954 3047 2170 3098 τειχος.
2208 3032 2362 3095 Τινὲς
2405 3033 2465 3085 τὸ
2495 3036 2703 3103 τεῖχος,
2751 3034 2889 3103 ὅπερ
2936 3033 3243 3103 Ἀγρίππας
3277 3030 3528 3099 ἐποίησε,

1955 3136 2137 3204 φασίν.
2187 3137 2299 3189 Kal
2345 3138 2857 3206 ἐκκενωθήσονται
2892 3141 2947 3191 οὶ
2985 3138 3195 3206 καιροί.
3238 3137 3346 3191 Kal
3380 3136 3529 3206 μετὰ

1954 3243 2061 3308 τὰς
2106 3242 2436 3312 ἑϐδομάδας
2470 3244 2577 3309 τὰς
2612 3245 2907 3312 ἐξήκοντα
2939 3244 3048 3299 δύο
3098 3238 3528 3310 ἑξολοθρευθή-

1953 3365 2119 3401 σεται
2157 3350 2401 3418 χρίσμα,
2438 3350 2535 3402 καὶ
2564 3351 2740 3419 κρίμα
2771 3353 2881 3404 οὐκ
2917 3351 3089 3403 ἐστιν
3124 3352 3193 3403 ἐν
3221 3350 3400 3416 αὐτῷ,
3430 3352 3526 3404 καὶ

1952 3453 2066 3520 τὴν
2096 3454 2278 3507 πόλιν
2314 3454 2412 3507 καὶ
2444 3454 2511 3507 τὸ
2544 3455 2715 3523 ἅγιον
2745 3455 3052 3525 διαφθερεῖ
3082 3458 3204 3511 σὺν
3239 3456 3319 3522 τῷ
3350 3457 3531 3526 ήτου-

1944 3555 2136 3623 μένῳ·
2174 3556 2270 3609 καὶ
2301 3558 2743 3623 ἐκκοπήσονται
2777 3560 2854 3623 ὡς
2886 3559 2956 3610 ἐν
2985 3558 3404 3627 κατακλυσμῷ,
3434 3560 3529 3613 καί

1950 3662 2060 3728 ἕως
2090 3662 2305 3729 τέλους
2341 3664 2606 3734 πολέμου
2629 3664 3117 3734 συντετμημένου
3144 3666 3505 3735 ἀφανισμοῖς

1949 3766 2061 3820 Kal
2106 3766 2442 3841 δυναμώσει
2481 3770 2774 3838 διαθήκην
2821 3770 3073 3836 πολλοῖς
3112 3770 3365 3839 ἑϐδομὰς
3396 3774 3524 3840 μία.

1952 3878 2094 3949 Ὅρα
2126 3877 2240 3940 πῶς
2276 3877 2587 3945 πληκτικῶς
2619 3876 2685 3927 τὰ
2725 3876 2870 3927 κακά
2901 3874 3093 3945 (suppl.
3122 3876 3431 3945 διηγεῖται).
3464 3879 3528 3931 Ἦ

1951 3983 2050 4035 καὶ
2091 3981 2277 4049 ἣμισυ
2314 3979 2422 4048 τῆς
2448 3979 2791 4048 ἑϐδομάδος,
2835 3982 3208 4033 καταπαύσει
3239 3982 3523 4051 θυμίαμα,

1950 4085 2049 4140 καί
2069 4086 2272 4148 θυσία,
2290 4086 2387 4139 καὶ
2413 4084 2649 4152 σπονδή
2667 4102 2680 4115 ’
2704 4085 2804 4140 καὶ
2830 4084 2927 4139 ἐπὶ
2952 4085 3017 4139 τὸ
3040 4087 3526 4157 ἱερὸνβδέλυγμα

1950 4192 2061 4260 τῆς
2082 4190 2449 4259 ἐρημώσεως,
2482 4190 2579 4244 καί
2616 4190 2727 4257 ἕως
2752 4192 3107 4256 συντελείας
3139 4191 3347 4260 καιροῦ
3378 4210 3528 4247 συν-

1949 4298 2381 4363 τελεσθήσεται
2418 4297 2517 4350 ἐπὶ
2575 4298 2690 4364 τὴν
2739 4296 3061 4367 ἐρήμωσιν.
3102 4298 3247 4369 Ὅρα
3306 4300 3423 4359 πῶς
3467 4301 3525 4353 ἐν

1948 4407 2059 4467 τοῖς
2079 4404 2339 4475 λυπηροῖς
2356 4404 2447 4458 τὸν
2467 4404 2619 4473 λόγον
2643 4404 2971 4468 κατέπαυσε,
2995 4406 3173 4458 καὶτὰ
3198 4405 3293 4474 μὲν
3315 4407 3525 4477 χρηστά

1951 4510 2173 4579 ἀσαφῶς
2196 4505 2348 4563 εἶπεν
2364 4527 2377 4542 ·
2412 4508 2569 4562 τοῦτο
2599 4510 2706 4579 γάρ
2736 4512 2850 4562 ἐστι
2870 4528 2882 4539 ·
2908 4510 3249 4580 Δυναμώσει
3274 4512 3525 4578 πολλοῖς

1953 4615 2245 4684 διαθήκην
2275 4615 2525 4684 ἑϐδομὰς
2567 4617 2675 4684 μία
2695 4632 2706 4643 ·
2738 4615 2808 4667 τὰ
2848 4615 2905 4667 δὲ
2936 4615 3179 4686 λυπηρὰ,
3233 4617 3469 4687 συνεχῶς
3496 4628 3519 4654 ο

1955 4723 2047 4775 καὶ
2083 4720 2365 4784 πολλάκις.
2395 4719 2507 4773 Kal
2542 4720 2607 4774 τὸ
2646 4720 2960 4789 βδέλυγμα
2998 4720 3106 4788 τῆς
3152 4722 3522 4790 ἐρημώσεως.

1952 4830 2215 4895 τουτέστι,
2242 4831 2303 4882 τὸ
2339 4830 2635 4900 Ἀδριανοῦ.
2681 4830 2863 4883 Ταῦτα
2911 4831 3239 4901 σαφέστερον
3274 4832 3302 4883 ό
3344 4834 3517 4901 Ζαχα-

1954 4937 2073 5006 ρίας
2104 4936 2283 5005 λέγει·
2320 4936 2467 5004 λέγει
2496 4935 2553 4989 δὲ
2585 4937 2788 4999 ἐκεῖνος
2818 4937 2910 4989 καὶ
2940 4936 3008 4989 τὰ
3034 4938 3247 5008 χρηστά
3282 4936 3369 4989 διὰ
3398 4938 3525 4999 τοὺς

1951 5043 2429 5114 ὲναπομείναντας.
2473 5042 2627 5112 Τάχα
2666 5042 2758 5095 καὶ
2791 5042 2927 5113 μετὰ
2974 5043 3246 5112 Αἴγυπτον
3292 5042 3528 5095 τοσαῦτα

1950 5146 2043 5218 ἐτη
2074 5147 2317 5217 ἐποίησε,
2345 5150 2440 5201 καὶ
2465 5148 2525 5200 οὐ
2566 5147 2931 5217 διεφθάρησαν
2950 5165 2963 5177 ·
2997 5146 3148 5219 [249]
3183 5146 3275 5199 νῦν
3304 5146 3361 5199 δὲ
3401 5146 3528 5198 οὐκ-

1950 5255 2031 5306 έτι
2079 5257 2382 5326 προσδοκᾷς
2418 5255 2606 5309 ταῦτα.
2639 5257 2779 5327 Ὅρα
2818 5258 2909 5310 καὶ
2948 5256 3017 5309 τὰ
3066 5256 3220 5309 ἄλλα.
3252 5255 3364 5307 Οὐκ
3406 5256 3528 5309 ἐπι-

1950 5362 2121 5416 ϐαίνει
2177 5362 2447 5426 Ἰουδαίοις
2495 5362 2569 5434 (ι.
2607 5362 2917 5430 Ἰουδαῖος),
2966 5362 3213 5432 καθάπερ
3258 5362 3351 5415 καὶ
3392 5362 3528 5434 πρό-

2010 5614 2038 5653 b
2066 5614 2182 5678 leg.
2226 5621 2484 5678 προσοχῆς,
2509 5620 2562 5664 et
2598 5616 2883 5678 ἐπιστρέψει.
2930 5610 3117 5663 Similia
3161 5621 3319 5663 errata
3355 5616 3529 5675 passim

1948 5676 2210 5725 emendant
2231 5676 2404 5725 critici.

2012 5740 2035 5767 ε
2064 5738 2345 5809 lfgendum
2369 5740 2590 5802 suspicor
2633 5740 2855 5798 συνετῶς,
2892 5741 2947 5787 ul
2970 5737 3264 5801 respondeat
3289 5740 3518 5802 superior

1948 5800 2159 5862 ἀσαφῶς.
