4054 6320
415 421 422 429 .
453 351 556 407 ιιι

456 482 616 539 τερον
646 462 745 535 τῆς
772 462 997 525 πόλεως.
1031 458 1125 524 Τίς
1157 459 1214 513 δὲ
1240 459 1376 524 ὅλως
1404 460 1532 531 περὶ
1559 457 1815 511 ἐπανόδου
1850 450 2033 519 εἷπεν;

459 554 670 617 Οὐδείς.
1516 599 1523 607 .

1082 634 1327 688 ΚΕΦΑΛ.
1368 636 1425 688 I'.

544 729 642 781 Ἐν
672 727 789 782 ἔτει
828 724 1002 792 τρίτῳ
1043 723 1149 777 τοῦ
1197 720 1504 787 ,βασιλέως
1549 718 1797 789 Περσῶν
1844 717 2042 787 Κύρου

463 819 645 887 λόγος
682 814 1076 881 ἀπεκαλύφθη
1114 810 1195 875 τῷ
1223 809 1467 878 Δανιὴλ,
1499 805 1570 865 οὗ
1615 808 1680 862 τὸ
1719 808 1905 876 ὄνομα
1942 806 2045 859 ἐπ-

464 903 693 970 εκλήθη
751 899 1089 967 Βαλτάσαρ.
1140 898 1252 952 Kal
1283 896 1571 964 ἀληθινός
1614 899 1647 950 ὀ
1697 896 1913 963 λόγος·
1947 892 2045 946 zeal

469 991 723 1060 δύναμις
749 985 980 1057 μεγάλη
1014 986 1109 1038 zeal
1160 986 1413 1048 σύνεσις
1454 983 1627 1051 ἐδόθη
1669 981 1828 1046 αὐτῷ
1872 980 1943 1033 ἐν
1971 978 2049 1047 τῇ

468 1076 744 1142 ὀπτασίᾳ.
783 1075 877 1127 Ἐν
921 1073 1049 1138 ταῖς
1090 1071 1335 1141 ’ἡμέραις
1379 1071 1636 1135 ἐκείναις
1674 1068 1787 1139 ἐγὼ
1825 1066 2051 1134 Δανιὴλ

468 1162 631 1233 ἤμην
661 1158 895 1215 πενθῶν
924 1158 1078 1226 τρεῖς
1106 1157 1451 1225 ἑϐδομάδας.
1497 1159 1701 1225 Ἀρτον
1730 1152 2051 1223 ἐπιθυμιῶν

471 1254 581 1305 οὺκ
613 1250 858 1319 ἔφαγον,
888 1250 984 1300 zeal
1022 1246 1163 1316 κρέα
1190 1246 1285 1299 zeal
1319 1246 1483 1312 οἶνος
1511 1248 1622 1299 οὐκ
1652 1242 1938 1310 εἰσῆλθον
1964 1244 2052 1308 είς

473 1339 538 1393 τὸ
571 1339 764 1406 στόμα
796 1354 936 1406 μου,
977 1337 1071 1389 καὶ
1114 1334 1369 1404 ἄλειμμα
1412 1336 1522 1387 οὐκ
1565 1330 1914 1402 ὴλειψάμην
1943 1329 2053 1396 ἕως

475 1426 651 1495 τριῶν
682 1424 1021 1494 ἑϐδομάδων
1046 1422 1298 1492 ἡμερῶν.
1335 1421 1494 1485 Τίνος
1524 1420 1708 1474 ἕνεκεν
1739 1418 1899 1472 πάλιν
1929 1434 2055 1470 πεν-

478 1514 586 1578 θεῖ;
616 1514 676 1565 Εἰ
704 1512 810 1583 γὰρ
834 1511 894 1563 τὸ
919 1509 1132 1580 πρῶτον
1153 1510 1269 1570 ἕτος
1290 1507 1475 1578 Κύρου
1497 1507 1685 1577 ἀνέϐη,
1708 1505 1851 1569 τίνος
1873 1504 2057 1558 ἕνεκεν

480 1600 695 1664 πενθεῖ;
725 1600 819 1652 zeal
851 1597 1026 1661 πάσας
1056 1596 1287 1668 ἡμέρας,
1317 1596 1464 1659 εἰκὸς
1511 1596 1680 1665 μίαν;
1714 1592 1875 1647 πάλιν
1906 1591 2057 1645 οὐδὲν

481 1689 700 1755 ἀκούει,
731 1688 873 1757 ὑπὲρ
919 1680 991 1740 ὧν
1027 1685 1263 1757 εὔχεται.
1306 1684 1459 1755 Ἐμοὶ⁵
1505 1685 1680 1745 δοκεῖ,
1724 1684 1804 1735 ὅτι
1842 1679 2058 1750 εὔχεται

484 1781 625 1835 ὥστε
656 1778 881 1847 λυθῆναι
910 1776 976 1829 τὰ
1004 1776 1150 1829 δεινὰ
1177 1775 1368 1829 ταῦτα.
1409 1773 1545 1825 Ἀλλ’
1584 1772 1735 1825 οὐδὲν
1769 1770 2006 1823 τοιοῦτον
2032 1768 2060 1821 0'

485 1868 647 1931 θεός·
690 1866 785 1919 zeal
815 1864 961 1933 λέγει
1013 1863 1342 1933 σαφέστερον
1387 1861 1536 1915 αὐτό.
1570 1860 1787 1914 Μᾶλλον
1819 1858 1875 1911 δὲ
1920 1856 2060 1909 ὥστε

414 1938 419 1944 ί
488 1956 696 2016 πάντας
741 1950 979 2005 ἀνελθεῖν
1007 1948 1245 2020 εὕχεται,
1292 1948 1356 2002 El
1389 1948 1483 2000 zeal
1518 1946 1730 2017 μεγάλα
1770 1947 1839 1999 τὰ
1884 1944 2061 2009 δεινὰ,

491 2039 585 2093 zeal
616 2035 863 2089 ἐϐούλετο
896 2034 1188 2088 ἀποϐαλεῖν
1230 2034 1329 2106 τὴν
1369 2032 1625 2103 πατρίδα.
1657 2029 1841 2093 Οὕτως
1880 2030 1935 2082 δὲ
1970 2046 2066 2082 σαο

492 2125 750 2195 φέστερον
776 2122 907 2175 αὐτὸ
930 2122 1097 2191 λέγει,
1126 2122 1219 2174 zeal
1243 2119 1648 2193 ἀκριϐέστερον.
1676 2119 1821 2189 Ὅρα
1846 2116 1910 2187 δὴ
1939 2134 2069 2169 πανο

492 2212 657 2283 ταχοῦ
703 2212 792 2265 τὸν
844 2209 1040 2281 Δανιὴλ
1086 2210 1184 2279 οὐχ
1236 2206 1421 2271 ἁπλῶς
1472 2206 1898 2275 ὲπιτυγχάνοντα
1957 2203 2065 2256 τῶν

492 2302 686 2370 ὄψεων,
732 2298 865 2352 ἀλλὰ
915 2299 1051 2368 μετὰ
1082 2294 1361 2366 νηστειῶν.
1389 2295 1518 2347 Ὅτε
1552 2294 1657 2346 ἔδει
1695 2292 1757 2344 τὸ
1794 2292 1927 2361 δναρ
1961 2308 2066 2362 μα-

496 2390 632 2451 θεῖν,
664 2386 885 2457 νηστεία
915 2385 1285 2455 προηγήσατο.
1313 2384 1441 2436 Ὅτε
1470 2379 1711 2451 Γαϐριὴλ
1742 2380 1937 2449 ἐφάνη,
1979 2396 2070 2448 νη-

499 2476 649 2527 στεία
684 2474 844 2527 πάλιν
871 2474 961 2525 καὶ¹
997 2472 1186 2533 σποδὸς
1216 2469 1309 2522 zeal
1344 2469 1564 2530 σάκκος.
1588 2469 1715 2519 Ὅτε
1749 2461 1902 2529 οὗτος
1941 2466 2068 2534 φαί-

496 2578 666 2627 νεται,
712 2562 802 2614 zeal
842 2559 1061 2630 νηστεία
1104 2558 1198 2611 zeal
1233 2558 1390 2627 εὐχή.
1433 2555 1571 2607 Ἀλλ’
1608 2555 1710 2625 ὅρα
1749 2556 1842 2607 καὶ
1885 2552 2073 2606 τοῦτον

499 2649 929 2718 ἀπολογούμενον
955 2645 1101 2716 αὑτῴ
1132 2644 1334 2715 σχεδόν.
1366 2642 1473 2698 Καὶ
1506 2643 1573 2695 έν
1610 2642 1797 2711 ἡμέρᾳ
1828 2640 2074 2709 εἰκοστῇ

501 2740 598 2791 zeal
644 2737 890 2804 τετάρτῃ
925 2735 1029 2789 τοῦ
1073 2734 1266 2802 μηνὸς
1318 2732 1422 2786 τοῦ
1460 2730 1714 2798 πρώτου,
1760 2728 1873 2798 ἐγὼ
1913 2729 2076 2798 ἤμην

500 2828 784 2895 ἐχόμενος
826 2823 930 2877 τοῦ
965 2821 1229 2890 ποταμοῦ
1268 2821 1372 2873 τοῦ
1412 2818 1700 2889 μεγάλου,
1729 2815 1907 2882 οὗτός
1945 2820 2077 2872 ἐστι

510 2916 721 2983 Τίγρις.
756 2913 861 2967 Kal
894 2909 1006 2982 ἦρα
1039 2911 1180 2976 τοὺς
1213 2910 1557 2978 ὀφθαλμούς
1590 2925 1730 2977 μου,
1763 2908 1859 2960 zeal
1883 2902 2076 2961 εἶδον

507 3002 605 3056 zeal
630 3001 761 3055 ὶδοὺ
787 2999 941 3067 ἀνὴρ
986 2996 1374 3067 ἐνδεδυμένος
1401 2996 1624 3064 βαδίμ,
1666 2994 1763 3049 zeal
1797 2998 1835 3065 ὴ
1879 2994 2076 3064 ὀσφὺς

507 3089 695 3145 αὐτοῦ
727 3084 1153 3155 περιεζωσμένη
1194 3085 1424 3153 χρυσίῳ
1446 3081 1632 3152 Ὀφὰζ,
1675 3083 1772 3136 zeal
1803 3082 1869 3136 τὸ
1910 3080 2081 3151 σῶμα

509 3178 697 3232 αὑτοῦ
720 3174 861 3229 ὡσεὶ
887 3172 1154 3241 Θαρσεῖς,
1178 3170 1275 3224 zeal
1300 3172 1363 3223 τό
1387 3172 1709 3239 πρόσωπον
1731 3169 1915 3225 αὑτοῦ
1939 3169 2082 3223 ὡσεὶ

511 3266 718 3335 ὅρασις
773 3260 1107 3330 ἀστραπῆς,
1143 3259 1240 3313 zeal
1293 3261 1345 3312 ol
1376 3259 1667 3328 ὀφθαλμοὶ
1719 3258 1905 3312 αὺτοῦ
1938 3258 2082 3312 ὡσεὶ

513 3351 823 3420 λαμπάδες
854 3348 1061 3417 πυρὸς,
1094 3347 1191 3400 zeal
1218 3349 1271 3400 οί
1294 3347 1617 3415 βραχίονες
1667 3344 1852 3399 αὑτοῦ
1885 3346 1979 3398 zeal
2012 3344 2085 3398 τὰ

514 3439 707 3507 σκέλη
730 3441 805 3505 ὡς
831 3438 1033 3506 ὅρασις
1062 3435 1291 3504 χαλκοῦ
1319 3435 1688 3497 στίλϐοντος,
1722 3432 1817 3488 zeal
1846 3433 1884 3499 η
1914 3433 2082 3501 φωνὴ

520 3528 634 3581 τῶν
664 3529 860 3597 λόγων
884 3524 1069 3579 αὐτοῦ
1099 3525 1179 3589 ὠς
1209 3521 1377 3592 φωνὴ
1408 3522 1616 3592 ὄχλου.
1646 3520 1755 3574 Καὶ
1783 3515 1947 3573 εἶδον
1972 3520 2086 3590 ἐγὼ

517 3615 741 3683 Δανιὴλ
776 3615 963 3684 μόνος
1010 3612 1125 3679 τὴν
1173 3612 1491 3673 ὀπτασίαν,
1538 3610 1634 3663 καὶ
1669 3612 1721 3663 οὶ
1775 3607 1982 3676 ἄνδρες
2033 3610 2087 3661 οί

513 3707 638 3777 μετ’
668 3703 811 3773 ἐμοῦ
852 3704 961 3756 οὐκ
1007 3697 1170 3753 εἶδον
1216 3698 1331 3766 τὴν
1381 3697 1697 3761 ὀπτασίαν,
1741 3695 1877 3750 ἀλλ’
1916 3694 2091 3764 ἢέχ-

518 3807 736 3856 στασις
764 3788 995 3859 μεγάλη
1022 3788 1319 3840 ἐπέπεσεν
1347 3785 1438 3838 ἐπ’
1464 3784 1704 3851 αὐτοὺς,
1742 3785 1837 3837 zeal
1865 3782 2093 3853 ἔφυγον

523 3884 591 3934 ἐν
629 3880 808 3949 φόϐῳ.
850 3878 953 3932 Καὶ
985 3876 1099 3946 ἐγὼ
1141 3876 1513 3943 ἀπελείφθην
1547 3874 1756 3943 μόνος,
1798 3872 1896 3926 zeal
1930 3868 2093 3926 εἶδον

526 3969 640 4035 τὴν
687 3964 983 4019 ὀπτασίαν
1040 3962 1158 4030 τὴν
1197 3960 1470 4032 μεγάλην
1518 3962 1772 4028 ταύτην,
1827 3959 1925 4014 zeal
1980 3961 2093 4029 οὐχ

527 4053 854 4120 ὑπελείφθη
893 4051 959 4103 ἐν
992 4050 1125 4118 ἐμοὶ
1159 4049 1367 4118 ἰσχὺς,
1401 4049 1496 4101 zeal
1537 4048 1575 4114 ἡ
1608 4048 1757 4111 δόξα
1802 4065 1919 4116 μου
1961 4065 2097 4117 μετ-

526 4138 795 4206 ἐστράφη
821 4140 902 4203 είς
927 4135 1271 4205 διαφθορὰν,
1296 4134 1392 4187 zeal
1413 4137 1521 4188 οὐκ
1538 4134 1840 4203 ἐκράτησα
1861 4136 2091 4203 ἰσχύος.

530 4226 639 4283 Καὶ
679 4224 915 4292 ἤκουσα
955 4240 1068 4291 την
1107 4222 1315 4291 φωνὴν
1355 4220 1472 4274 τῶν
1504 4224 1701 4291 λόγων
1746 4222 1960 4275 αὐτοῦ’
2000 4221 2099 4274 zeal

530 4314 600 4368 ἐν
623 4312 699 4377 τῷ
720 4311 977 4366 ἀκοῦσαί
995 4328 1069 4379 με
1088 4309 1247 4377 ἥμην
1270 4307 1780 4378 κατανενυγμένος
1804 4310 1900 4362 ἐπὶ
1924 4310 2102 4375 πρόσ-

532 4402 697 4455 ωπόν
732 4418 871 4468 μου,
917 4399 1111 4452 καὶτὸ
1159 4398 1481 4466 πρόσωπόν
1507 4414 1626 4465 μου
1676 4397 1773 4449 ἐπὶ
1808 4397 1920 4463 τὴν
1962 4395 2098 4464 γῆν.

535 4490 641 4545 Καὶ
677 4488 804 4543 ίδοὺ
839 4487 964 4557 χείρ
1010 4488 1311 4555 ἁπτομένη
1342 4504 1481 4555 μου,
1525 4486 1621 4539 zeal
1666 4483 1861 4554 ἢγειρέ
1896 4501 1973 4552 με
2005 4485 2101 4537 ἐπὶ

533 4580 607 4633 τὰ
635 4577 854 4647 γόνατά
877 4594 1014 4645 μου,
1046 4576 1141 4629 zeal
1170 4576 1267 4628 ἐπὶ
1294 4575 1363 4629 τὰ
1390 4576 1529 4644 ῑχνη
1555 4573 1672 4627 τῶν
1699 4572 1941 4627 ποδῶνιι
1964 4588 2103 4640 μου.

536 4667 647 4721 Kal
668 4662 795 4719 εἷπε
821 4667 968 4731 πριῗς
986 4681 1061 4732 με
1078 4681 1089 4693 ·
1113 4664 1354 4733 Δανιὴλ,
1382 4663 1536 4731 ἀνὴρ
1559 4660 1901 4730 ἐπιθυμιῶν,
1923 4660 2108 4723 σύνες

536 4760 606 4811 ἐν
642 4754 763 4821 τοῖς
800 4754 1021 4822 λόγοις,
1048 4748 1135 4818 οἷς
1168 4752 1280 4820 ἐγὼ
1309 4750 1477 4806 λαλῶ
1503 4752 1650 4819 πρὸς
1676 4754 1769 4815 σὲ,
1798 4751 1893 4803 zeal
1932 4746 2109 4813 στῆθι

537 4846 608 4899 ἐν
636 4842 708 4911 τῇ
739 4841 950 4895 στάσει
983 4856 1117 4901 σου,
1151 4840 1237 4893 ὅτι
1278 4840 1393 4893 νῦν
1425 4839 1777 4906 ἀπεστάλην
1814 4836 1927 4906 ἐγὼ
1964 4836 2111 4902 πρὸς

540 4933 637 4988 σέ.
664 4931 771 4985 Kal
801 4929 869 4981 ἐν
904 4927 983 4993 τῷ
1010 4927 1279 4994 λαλῆσαι
1308 4930 1495 4981 αὐτον
1515 4929 1665 4996 πρὸς
1686 4927 1764 4995 μὲ
1794 4926 1899 4979 τόν
1927 4925 2114 4991 λόγον

541 5021 777 5081 τοῦτον,
818 5017 1085 5083 ἀνέστην
1116 5018 1421 5083 ἔντρομος.
1460 5016 1568 5069 Kal
1610 5011 1739 5068 εἶπε
1778 5011 1927 5085 [250]
1966 5011 2112 5078 πρός

538 5130 643 5182 με’
676 5109 772 5178 Μὴ
814 5106 1022 5178 φοϐοῦ,
1056 5105 1299 5172 Δανιὴλ,
1330 5104 1415 5157 ὅτι
1454 5105 1571 5157 ἀπὸ
1602 5103 1712 5171 τῆς
1749 5102 1972 5171 ἡμέρας
2006 5100 2115 5168 τῆς

545 5198 799 5267 πρώτης,
840 5192 915 5266 ἧς
939 5196 1164 5260 ἔδωκας
1199 5192 1312 5261 τὴν
1340 5192 1592 5259 καρδίαν
1626 5208 1741 5245 σου
1768 5190 1875 5244 τοῦ
1914 5188 2118 5243 συνεῖ-

546 5302 644 5339 ναι
682 5285 781 5338 zeal
814 5281 1154 5351 κακωθῆναι
1190 5282 1393 5334 ἔναντι
1423 5279 1641 5345 Κυρίου
1676 5276 1780 5331 τοῦ
1806 5277 1953 5331 Θεοῦ
1978 5290 2116 5341 σου,

547 5374 946 5440 ὴκούσθησαν
974 5374 1026 5425 οἱ
1050 5370 1216 5439 λόγοι
1250 5382 1388 5433 σου,
1416 5367 1513 5420 zeal
1547 5365 1660 5435 ἐγὼ
1686 5361 1874 5436 ἦλθον
1898 5365 1968 5419 ἐν
1997 5363 2121 5431 τοῖς

548 5463 751 5528 λόγοις
786 5476 922 5513 σου.
959 5457 1119 5529 Ὁρᾷς
1152 5458 1288 5528 ὅπερ
1317 5455 1471 5525 ἔφην,
1504 5454 1597 5507 zeal
1621 5452 1805 5507 τοῦτον
1830 5450 2123 5520 ἀπολογού-

558 5564 713 5617 μενον
756 5547 903 5617 αὐτῷ
935 5546 1148 5616 σχεδόν;
1188 5544 1320 5603 Ἀπὸ
1367 5542 1601 5612 πρώτης
1643 5542 1888 5613 ἡμέρας,
1936 5540 2120 5612 φησὶν,

617 5782 646 5813 ³
668 5783 1004 5833 Ἰιιευάοτυιυε
1023 5786 1211 5847 χειρῶν.

1125 341 1184 398 S.
1221 339 1509 398 JOANNIS
1541 335 2037 395 CHRYSOSTOMI
2073 333 2394 391 ARCHIEP.
2432 332 2977 392 CONSTANTINOP.

3604 332 3712 390 2&2

2139 453 2511 523 ἀπεστάλην.
2536 454 2690 517 Τίνος
2710 448 2803 508 οὖν
2836 454 3021 507 ἕνεκεν
3049 449 3377 522 ὲϐράδυνας;
3413 446 3521 501 Kal
3553 451 3587 503 ὀ
3614 448 3715 518 ἀρ-

2136 559 2259 611 χων
2281 543 2604 609 βασιλείας
2636 542 2883 611 Περσῶν
2904 540 3170 606 εἱστήκει
3202 539 3271 603 ἐξ
3297 536 3574 603 ἐναντίας
3592 554 3717 606 μου

2138 634 2333 688 εἴκοσι
2390 635 2489 688 zeal
2537 636 2683 705 μίαν
2730 633 2979 704 ἡμέραν.
3030 634 3307 693 Ἤκουσας
3350 630 3432 683 ὅτι
3463 629 3721 695 Ἔθηκεν

2140 723 2269 791 ὅρια
2325 723 2513 777 ἐθνῶν
2550 724 2698 778 κατὰ
2737 724 2986 793 ἀριθμὸν
3022 721 3295 793 ἀγγέλων
3348 718 3565 781 αὑτοῦ;
3607 716 3722 769 Kal

2140 812 2366 864 ἕκαστον
2393 812 2540 875 ἔθνος
2570 812 2682 882 ἔχει
2709 812 2798 866 τὸν
2830 810 3129 881 ἐφεστῶτα,
3162 810 3255 862 zeal
3286 807 3530 879 βούλεται
3556 804 3721 865 αὐτὸς

2145 892 2281 950 εἶναι
2313 898 2693 969 δυνατώτερος.
2729 901 2836 952 Kal
2863 899 3116 960 σύνεσις
3149 895 3326 961 ἐδόθη
3352 891 3510 957 αὐτῷ
3544 891 3615 943 έν
3640 886 3724 957 τῇ

2147 986 2423 1051 ὀπτασίᾳ.
2453 988 2527 1039 Οὐ
2560 967 2669 1056 γὰρ
2694 986 2853 1057 ἤρκει
2886 986 2953 1039 τὰ
2987 986 3208 1056 ῥήματα
3236 978 3443 1044 διδάξαι
3471 978 3539 1031 τὰ
3567 976 3727 1045 λεγό-
3784 967 3792 975 ’

2151 1090 2306 1143 μενα.
2347 1073 2507 1145 Ὁρᾷς
2550 1074 2750 1145 ἑτέρως
2791 1072 3209 1143 παιδευομένους
3241 1070 3368 1131 τοὺς
3404 1066 3724 1138 προφήταςς

2148 1165 2258 1216 Kal
2292 1163 2542 1233 δύναμις
2573 1163 2807 1232 μεγάλη
2854 1163 2953 1233 τῆς
3001 1160 3196 1230 ὅψεως.
3228 1161 3435 1220 Ὄντως
3466 1157 3576 1227 γὰρ
3625 1172 3732 1227 με-

2150 1253 2311 1325 γάλη,
2343 1252 2402 1305 τὸ
2437 1254 2563 1316 τοὺς
2600 1252 2966 1323 ἠσθενηκότας
3004 1250 3213 1303 ἐκείνου
3240 1248 3335 1301 τοῦ
3367 1244 3602 1301 τοσαῦτα
3626 1260 3733 1297 πε-

2154 1340 2496 1412 ριγενομένου
2534 1338 2911 1410 περιγενέσθαι
2945 1338 3238 1407 Ἀντιόχου.
3279 1334 3390 1390 Kal
3437 1332 3733 1401 ἀληθινὸς

2153 1431 2186 1483 ό
2227 1429 2425 1497 λόγος.
2465 1427 2681 1497 Ἐπειδή
2726 1444 2868 1490 τινες
2932 1425 3154 1497 ἔμελλον
3208 1424 3476 1477 ἀπιστεῖν.
3531 1415 3614 1475 Οὗ
3659 1416 3734 1472 τὸ

2155 1514 2343 1584 ὄνομα
2381 1514 2718 1583 Βαλτάσαρ,
2757 1514 3179 1584 Ἀναμιμνήσκει
3225 1528 3285 1564 σε
3323 1510 3431 1563 τῶν
3471 1506 3735 1579 πρώτων,

2157 1602 2242 1656 ἵνα
2287 1601 2595 1669 ἀξιόπιστος
2633 1605 2795 1673 φανῇ.
2831 1602 2961 1654 Ἰδοὺ
3001 1600 3176 1653 καὶτὸ
3206 1599 3389 1668 πάσχα
3423 1596 3631 1649 ἔλυσεν.
3666 1592 3736 1646 El

2155 1690 2264 1761 γὰρ
2295 1693 2353 1744 ὲν
2381 1690 2459 1760 τῷ
2488 1688 2688 1760 πρώτῳ
2732 1688 2864 1760 μηνὶ
2904 1688 2965 1741 τὸ
3000 1690 3183 1759 πάσχα
3213 1687 3442 1755 γίνεται,
3482 1678 3637 1745 οὗτος
3672 1682 3739 1734 δὲ

2163 1779 2321 1849 μέχρι
2365 1778 2463 1848 τῆς
2505 1778 2769 1849 τετάρτης
2796 1777 3008 1840 εἰκάδος
3048 1775 3141 1829 τοῦ
3180 1775 3347 1847 μηνὸς
3382 1774 3734 1845 ἐνήστευσεν.

2172 1864 2460 1937 Ἐμπίπτει
2497 1865 2553 1919 δὲ
2587 1868 2665 1930 είς
2695 1865 2791 1936 τὴν
2831 1863 3445 1935 τεσσαρεσκαιδεκάτην,
3477 1861 3585 1914 ἀπὸ
3630 1862 3736 1930 τῆς

2159 1952 2745 2024 τεσσαρεσκαιδεκάτης
2769 1952 2859 2005 ἐπὶ
2886 1951 2983 2023 τὴν
3014 1951 3235 2022 πρώτην
3265 1949 3473 2009 εἰκάδα,
3501 1948 3595 2000 zeal
3622 1947 3741 1999 ἐτέ-

2165 2058 2263 2112 ρας
2299 2040 2392 2094 δύο
2418 2041 2645 2111 ἡμέρας.
2676 2040 2818 2112 Ὅρα
2859 2040 2928 2094 τὰ
2954 2039 3161 2109 νόμιμα
3200 2038 3297 2108 ἤδη
3333 2035 3734 2106 καταλυόμενα.

2164 2129 2278 2180 Οὐκ
2304 2128 2553 2199 ὲνέτρεψέ
2583 2145 2640 2180 σε
2669 2128 2697 2179 ὁ
2721 2126 2900 2194 φόϐος,
2925 2120 2969 2180 ὦ
2995 2125 3221 2195 Δανιὴλ;
3251 2123 3560 2194 Οὑχὶ,φησί.
3588 2123 3739 2194 Ὅρα

2166 2214 2268 2267 ποῦ
2302 2216 2399 2285 τὴν
2426 2214 2689 2268 ὀπτασίαν
2720 2214 2937 2284 βλέπει·
2972 2214 3065 2267 ἐπὶ
3096 2214 3194 2284 τῆς
3226 2214 3451 2284 ἐρήμου,
3483 2210 3740 2281 καθάπερ

2167 2303 2263 2355 καὶ
2290 2303 2545 2373 Μωῦσῆς.
2576 2303 2641 2354 Al
2670 2303 2778 2374 γὰρ
2836 2302 3017 2365 πόλεις
3075 2299 3316 2371 θορύϐων
3360 2298 3614 2369 γέμουσι,
3643 2297 3745 2351 καὶ

2166 2390 2427 2461 ταραχῆς.
2459 2388 2613 2442 Οὕτω
2645 2389 2740 2443 zeal
2782 2392 2811 2442 δ
2847 2389 3079 2458 Χριστὸς
3106 2389 3199 2440 ἐπὶ
3238 2386 3331 2439 τοῦ
3361 2387 3520 2459 ὅρους
3575 2401 3747 2455 μετα⁶

2173 2477 2489 2549 μορφοῦται.
2543 2477 2652 2529 Kal
2708 2476 2835 2530 ἰδοὺ
2901 2474 3141 2544 Μιχαὴλ
3201 2468 3288 2541 εἷς
3347 2473 3465 2527 τῶν
3521 2473 3748 2542 ἀρχόν-

2169 2581 2287 2618 των
2327 2563 2567 2632 πρώτων
2606 2560 2747 2633 ἦλθε
2778 2561 3080 2631 βοηθῆσαί
3105 2580 3225 2631 μοι,
3254 2561 3350 2615 zeal
3376 2561 3561 2615 αὐτὸν
3608 2577 3751 2613 κατ-

2170 2652 2381 2706 έλιπον
2412 2650 2537 2704 ἐκεῖ
2577 2651 2725 2719 μετὰ
2768 2650 2872 2704 τοῦ
2917 2649 3209 2717 ἄρχοντος
3246 2647 3555 2713 ,ϐασιλέως
3598 2651 3751 2716 Περ⁶

2173 2738 2320 2793 σῶν.
2365 2742 2473 2793 Kal
2514 2739 2705 2808 ἦλθον
2736 2740 3049 2792 συνετίσαι
3092 2754 3164 2791 σε
3197 2737 3314 2790 ὅσα
3337 2738 3756 2801 ἀπαντήσεται

2173 2826 2254 2893 τῷ
2294 2827 2419 2893 λαῷ
2440 2844 2555 2882 σου
2580 2829 2674 2880 ἐπ’
2705 2827 2977 2897 ἐσχάτων
3002 2827 3121 2880 τῶν
3147 2825 3402 2894 ἡμερῶν,
3438 2825 3527 2878 ὅτι
3549 2825 3680 2878 ίδοὺ
3710 2824 3752 2891 ἠ

2177 2917 2385 2985 ὅρασις
2406 2920 2491 2983 είς
2515 2917 2755 2986 ἡμέρας.
2790 2918 2895 2971 Kal
2926 2916 2995 2969 ἐν
3016 2914 3095 2981 τῷ
3113 2915 3381 2983 λαλῆσαι
3413 2914 3601 2968 αὐτόν
3624 2916 3758 2983 μετ’

2176 3006 2320 3075 ἐμοῦ
2374 3004 2602 3071 πάντας
2648 3005 2789 3071 τοὺς
2842 3005 3061 3075 λόγους
3109 3003 3391 3068 τούτους,
3436 3002 3631 3055 ἔδωκα
3691 3001 3761 3054 τὸ

2178 3093 2498 3161 πρόσωπόν
2519 3109 2636 3161 μου
2675 3092 2771 3146 ἐπὶ
2800 3091 2915 3158 τὴν
2944 3090 3086 3161 γῆν,
3124 3090 3222 3143 zeal
3250 3092 3605 3159 κατενύγην.
3645 3089 3762 3143 Kal

2182 3183 2309 3235 ἰδοὺ
2324 3182 2403 3246 ὡς
2418 3182 2675 3250 ὁμοίωμα
2693 3180 2825 3234 υίοῦ
2840 3178 3150 3247 ἀνθρώπου
3163 3178 3359 3247 ἥψατο
3375 3176 3495 3231 τῶν
3508 3177 3766 3247 χειλέων

2175 3288 2314 3340 μου.
2351 3270 2458 3323 Kal
2488 3268 2702 3337 ἢνοιξα
2728 3269 2792 3322 τὸ
2812 3269 3006 3337 στόμα
3033 3286 3173 3338 μου,
3206 3267 3305 3320 zeal
3329 3267 3627 3333 ἐλάλησα,
3659 3266 3767 3319 zeal

2181 3354 2353 3412 εἷπον
2366 3358 2515 3426 πρὸς
2539 3356 2645 3410 τόν
2661 3356 2889 3411 ἑστῶτα
2908 3357 3188 3410 ἐναντίον
3197 3369 3338 3425 μου’
3370 3355 3567 3422 Κύριε,
3591 3355 3663 3408 ἐν
3686 3352 3768 3422 τῆ

2183 3444 2387 3512 ὀράσει
2427 3459 2543 3498 σου
2574 3442 2843 3512 ἐστράφη
2884 3444 2955 3498 τὰ
2997 3444 3168 3509 ἐντός
3193 3462 3311 3512 μου
3359 3443 3429 3496 ἐν
3460 3440 3611 3511 ἐμοὶ,
3661 3442 3767 3496 zeal

2186 3532 2315 3586 ίδοὺ
2355 3533 2465 3585 οὐκ
2494 3531 2612 3600 έχω
2644 3532 2847 3600 ἰσχύν.
2883 3531 2993 3584 Kal
3023 3531 3147 3598 πῶς
3180 3531 3509 3596 δυνήσεται
3547 3532 3581 3584 ό
3618 3530 3768 3595 παῖς

2187 3637 2322 3684 σου,
2357 3620 2551 3686 Κύριε,
2586 3617 2856 3684 λαλῆσαι
2891 3619 3041 3687 μετὰ
3072 3619 3176 3673 τοῦ
3213 3620 3433 3685 Κυρίου
3480 3637 3599 3687 μου
3628 3618 3770 3671 τού-

2188 3725 2329 3773 του;
2352 3707 2462 3761 Καὶ
2492 3705 2625 3775 ἐγὼ,
2666 3706 2785 3761 ἀπὸ
2810 3706 2918 3760 τοῦ
2954 3706 3069 3759 νῦν
3105 3709 3177 3760 οὐ
3211 3705 3500 3775 στήσεται
3535 3706 3606 3757 ἐν
3632 3704 3770 3773 ἐμοὶ

2190 3794 2387 3864 ἰσχὺς,
2406 3794 2503 3847 zeal
2522 3792 2677 3860 πνοὴ
2702 3795 2812 3862 οὐχ
2832 3794 3161 3862 ὑπελείφθη
3183 3794 3253 3845 ἐν
3277 3793 3424 3862 ἐμοί.
3453 3792 3560 3845 Kal
3581 3808 3775 3860 προσ-

2190 3882 2376 3947 έθετο,
2419 3882 2517 3940 zeal
2551 3880 2756 3948 ἣψατό
2783 3898 2902 3949 μου
2941 3881 3021 3946 ὼς
3054 3881 3263 3949 ὅρασις
3293 3880 3629 3947 ἀνθρώπου,
3667 3881 3771 3934 zeal

2190 3969 2483 4040 ἐνίσχυσέ
2508 3986 2603 4039 με,
2633 3970 2727 4022 zeal
2755 3966 2883 4022 εἷπέ
2900 3986 3000 4038 μοι
3029 3985 3043 3998 ·
3072 3972 3167 4040 Μὴ
3199 3967 3407 4038 φοϐοῦ,
3446 3968 3599 4038 ἀνὴρ
3635 3970 3765 4023 ἐπι-

2195 4058 2438 4127 θυμιῶν,
2467 4057 2669 4126 είρήνη
2711 4073 2829 4121 σοι,
2860 4056 3157 4124 ἀνδρίζου,
3199 4055 3296 4108 zeal
3326 4056 3522 4125 ἴσχυε.
3558 4057 3671 4110 Kal
3701 4057 3776 4109 ἐν

2195 4148 2276 4213 τῷ
2328 4146 2595 4215 λαλῆσαι
2642 4145 2828 4200 αὑτὸν
2848 4145 2975 4216 μετ’
3029 4146 3176 4214 ἐμοῦ
3205 4187 3219 4211 ,
3266 4146 3569 4215 ἐνίσχυσα
3598 4187 3612 4209 ,
3668 4145 3776 4199 zeal

2198 4234 2397 4290 εἶπον·
2424 4234 2673 4301 Λαλήτω
2702 4238 2735 4288 ὀ
2776 4236 2990 4303 Κύριός
3013 4252 3154 4302 μου,
3188 4234 3277 4287 ὅτι
3297 4233 3639 4303 ἐνίσχυσάς
3670 4252 3773 4304 με.

2200 4325 2311 4379 Kal
2340 4324 2527 4389 εἶπεν,
2547 4324 2613 4376 El
2636 4319 2801 4388 οἶδας
2841 4322 2896 4375 τί
2938 4317 3130 4391 ἦλθον
3166 4321 3317 4389 πρὸς
3348 4322 3461 4386 σέ;
3500 4324 3609 4376 Kal
3658 4324 3780 4377 νῦν

2201 4413 2541 4482 ἐπιστρέψω
2580 4412 2686 4466 τοῦ
2732 4410 3067 4481 πολεμῆσαι
3127 4412 3273 4480 μετὰ
3324 4412 3429 4467 τοῦ
3480 4412 3782 4481 ἄρχοντος

2203 4502 2467 4571 Περσῶν.
2493 4501 2599 4556 Kal
2633 4501 2745 4569 ἐγὼ
2770 4500 3230 4569 ἐξεπορευόμην,
3252 4500 3351 4554 zeal
3374 4504 3405 4554 ὀ
3428 4502 3629 4571 ἅρχων
3660 4501 3781 4556 τῶν

2218 4591 2520 4658 Ἑλλήνων
2543 4589 2777 4659 ἤρχετο.
2812 4589 2961 4662 [251]
3004 4591 3156 4644 Ἀλλ’
3188 4590 3226 4659 ἢ
3261 4591 3570 4661 ἀναγγελῶ
3593 4609 3695 4647 σοι
3716 4593 3783 4648 τὸ

2206 4681 2564 4751 τεταγμένον
2600 4680 2670 4734 ἐν
2722 4678 2918 4749 γραφῇ
2946 4680 3258 4747 ἀληθείας·
3300 4682 3395 4735 zeal
3446 4684 3558 4735 οὐκ
3611 4683 3786 4736 ἐστιν

2208 4765 2295 4835 εἷς
2331 4769 2728 4837 ἀντεχόμενος
2750 4768 2877 4835 μετ’
2916 4767 3061 4836 ἐμοῦ
3110 4768 3239 4836 περὶ
3268 4768 3494 4822 τούτων
3515 4809 3529 4830 ,
3578 4770 3720 4824 ἀλλ’
3744 4770 3784 4839 ἦ

2213 4855 2454 4922 Μιχαὴλ
2469 4857 2501 4907 0'
2520 4854 2719 4921 ἄρχων
2738 4854 2923 4922 ὑμῶν.
2939 4853 3045 4907 Kal
3063 4853 3190 4907 ίδοὺ
3210 4855 3365 4922 ἀνὴρ
3386 4856 3788 4925 ἐνδεδυμένος

2212 4941 2463 5007 στολήν.
2482 4943 2639 5003 Ἴσως
2661 4942 2953 5013 ἱερατικὴν.
2982 4942 3042 4996 Ἠ
3056 4940 3193 5009 ὄψις
3206 4944 3391 4997 αὑτοῦ
3405 4944 3486 5009 ὡς
3500 4945 3788 5015 ἀστραπὴ

2212 5026 2292 5099 ἦν
2321 5028 2510 5096 πυρὸς
2535 5028 2655 5081 ἀπὸ
2697 5027 3018 5097 ὀφθαλμῶν
3048 5030 3255 5087 αὐτοῦ.
3293 5030 3417 5094 Πῶς
3441 5034 3499 5083 ὲν
3528 5032 3789 5104 ἀστραπῇ

2216 5116 2441 5178 ἐκείνοις
2464 5115 2646 5184 ἔφαινε
2669 5132 2682 5180 ;
2704 5115 2845 5178 τίνος
2865 5116 3049 5168 ’ἐνεκεν
3069 5116 3210 5169 οὕτω
3237 5118 3483 5186 φαίνεται
3507 5121 3535 5172 ὁ
3562 5120 3795 5189 ἄγγελος

2217 5204 2367 5271 οὗτος
2389 5225 2405 5275 ;
2442 5203 2529 5277 ἄρ’
2553 5207 2639 5260 ἵνα
2665 5206 2908 5280 ἐκπλήξῃ
2937 5207 3027 5260 τὸν
3051 5209 3221 5279 δῆμον
3244 5226 3260 5275 ;
3286 5210 3378 5262 zeal
3402 5210 3453 5263 τί
3475 5211 3535 5263 τδ
3558 5213 3754 5284 κέρδος
3784 5234 3799 5281 ς

2220 5302 2337 5354 Ἵνα
2382 5300 2547 5372 πείσῃ
2600 5298 2794 5370 μηκέτι
2838 5299 3052 5353 πενθεῖν
3111 5301 3172 5352 τὸ
3233 5302 3313 5370 (f.
3358 5301 3478 5372 τῷ)
3529 5304 3802 5369 πολλάκις

2220 5394 2390 5447 ταῦτα
2434 5392 2717 5462 λέγεσθαν
2775 5392 3066 5464 μαρτυρῶν
3116 5396 3380 5466 μαρτυρεῖ
3409 5394 3640 5466 δυνάμει
3694 5398 3804 5450 τῶν

2223 5486 2527 5556 ἐσομένωνο
2579 5485 2613 5555 ἢ
2670 5484 2757 5537 ἵνα
2788 5483 3126 5555 πιστώσηται
3171 5485 3353 5540 αὐτόν.
3400 5484 3515 5539 Kal
3546 5489 3587 5555 ἡ
3629 5488 3804 5557 φωνὴ

2219 5578 2473 5650 μεγάλη.
2504 5578 2663 5629 Ὥστε
2699 5575 2794 5630 zeal
2820 5576 2991 5646 τούτῳ
3029 5576 3505 5647 καταπλήξασθαι.
3556 5580 3801 5646 Ἐξίστα-

2226 5688 2336 5736 ται,
2368 5671 2462 5723 zeal
2510 5668 2670 5723 πάλιν
2708 5666 3021 5739 ὁμιλοῦντος
3054 5668 3350 5737 ἐξίσταται,
3389 5672 3803 5742 συγχωροῦντος

2231 5766 2381 5830 ἴσως,
2415 5761 2514 5817 οὐκ
2541 5761 2954 5827 ἀδυνατοῦντος·
2986 5762 3108 5816 ἐπεὶ
3152 5762 3414 5833 πρότερον
3447 5759 3637 5818 εἶπεν
3684 5764 3800 5819 Ἄγ-
