4126 6294
178 283 280 340 241

185 401 380 455 urbem
402 411 511 452 non
529 394 801 464 remigi-at,
825 401 881 450 ut
899 403 1054 450 antea
1076 393 1174 466 (a).
1203 393 1333 464 Quis
1354 400 1529 448 autem
1551 393 1769 447 omnino

191 492 255 547 de
286 490 461 546 reditu
490 488 740 560 loquutus
767 488 887 544 est?
913 487 1104 544 Nemo.

851 622 1004 679 CAP.
1044 621 1112 678 X.

267 759 294 813 1
361 774 380 809 ι
415 756 470 811 ln
495 770 635 813 anno
663 755 819 811 tertio
839 755 961 826 Cyri
980 755 1118 826 regis
1143 753 1423 810 Persarum
1452 751 1525 826 (ὁ)
1555 752 1772 809 verbum

199 850 494 906 revelatum
521 859 600 903 est
629 847 850 914 Danicli,
877 847 965 918 qui
991 847 1292 902 nominatus
1311 855 1392 901 est
1418 846 1677 900 Baltasar.
1709 845 1777 901 Et

199 958 387 998 verum
412 951 526 996 erat
550 940 768 996 verbum
793 957 808 1007 ;
841 949 896 995 et
917 940 1153 1011 potentia
1177 954 1366 1008 magna
1391 948 1447 994 et
1474 938 1779 1009 intelligen-

199 1040 269 1092 tia
298 1037 417 1092 data
442 1044 524 1091 est
545 1036 594 1090 ei
623 1036 676 1089 in
699 1035 922 1090 visione.
949 1034 1002 1088 2.
1033 1034 1089 1088 ln
1113 1032 1298 1088 diebus
1325 1032 1430 1086 illis
1457 1047 1556 1100 ego
1585 1031 1770 1086 Daniel

200 1131 251 1182 in
276 1131 417 1183 luctu
447 1142 591 1182 eram
622 1136 727 1181 tres
755 1125 1132 1180 hebdomadas.
1157 1125 1210 1178 5.
1250 1124 1448 1178 Panem
1481 1122 1776 1177 desiderio-

199 1238 321 1277 rum
347 1236 452 1276 non
483 1219 719 1284 comedi,
747 1230 802 1274 et
833 1233 1023 1273 carnes
1049 1232 1112 1272 ac
1133 1217 1310 1270 vinum
1332 1230 1437 1270 non
1462 1215 1780 1270 introierunt

202 1317 256 1370 in
299 1332 361 1369 os
386 1329 562 1368 meum
593 1353 608 1378 ,
640 1323 694 1367 et
722 1319 990 1382 unguento
1028 1325 1135 1364 non
1164 1317 1354 1364 unctus
1379 1323 1495 1362 sum
1528 1322 1692 1376 usque
1713 1305 1779 1359 ad

201 1417 314 1462 tres
342 1403 705 1460 hebdomadas
735 1402 939 1457 dierum
979 1419 998 1452 ι
1034 1400 1131 1470 (c).
1160 1399 1335 1466 Quare
1370 1397 1564 1452 iterum
1592 1395 1782 1465 luget?

201 1498 336 1553 Nam
375 1497 421 1552 si
452 1497 652 1566 primus
681 1511 852 1550 annus
885 1495 1007 1566 Cyri
1049 1493 1372 1557 advenerat,
1401 1505 1498 1545 cur
1525 1490 1668 1559 luget
1687 1489 1710 1542 ?
1729 1495 1784 1542 et

205 1606 394 1646 omnes
416 1591 530 1645 dies
552 1631 567 1656 ,
599 1603 716 1644 cum
755 1604 915 1642 unttm
950 1586 1223 1640 dumtaxat
1254 1585 1434 1653 lugere
1473 1579 1784 1636 debuisset?

206 1684 414 1738 Rursus
443 1679 574 1734 nihil
601 1677 747 1733 audit
767 1677 832 1731 de
856 1677 920 1731 iis
945 1677 1124 1741 rebus,
1160 1690 1256 1744 pro
1285 1673 1476 1743 quibus
1496 1679 1635 1726 orat.
1654 1669 1784 1724 Mihi

207 1774 419 1828 videtur
457 1770 598 1842 quod
630 1785 726 1839 pro
763 1769 1026 1822 solutione
1059 1766 1415 1822 calamitatum
1443 1761 1786 1833 praesentium

211 1873 477 1936 precatur.
507 1864 574 1917 At
594 1863 732 1917 Deus
753 1861 882 1914 nihil
913 1861 1038 1926 tale,
1071 1858 1166 1914 sed
1191 1858 1418 1926 idipsum
1447 1854 1587 1925 quod
1604 1867 1784 1922 supra,

211 1967 372 2025 atque
395 1956 629 2026 apertius
653 1956 798 2010 dicit.
825 1955 933 2007 lmo
957 1961 1011 2005 ut
1032 1943 1220 2005 omnes
1245 1948 1499 2010 redeant,
1528 1953 1647 2000 orat
1679 1945 1788 1998 Da-

213 2049 339 2102 niel.
394 2049 541 2101 Licet
579 2047 719 2102 enim
747 2059 936 2114 magna
965 2049 1147 2098 essent
1189 2041 1325 2094 mala
1350 2081 1364 2102 ,
1395 2039 1584 2108 quibus
1617 2034 1788 2091 Judaei

215 2141 640 2211 premebantur,
699 2153 807 2192 non
862 2146 1038 2191 tamen
1107 2134 1231 2188 ideo
1289 2130 1499 2185 volebat
1560 2129 1787 2200 patriam

217 2239 477 2288 amittere.
519 2233 623 2287 Iste
665 2240 842 2286 autem
884 2228 1103 2298 angelus
1143 2225 1338 2280 clarius
1375 2240 1436 2280 ac
1467 2223 1702 2278 exactius
1737 2220 1788 2275 id

218 2325 362 2380 dicit.
390 2323 524 2379 Vide
547 2332 723 2377 autem
755 2321 946 2390 ubique
969 2318 1239 2372 Danielem
1267 2331 1370 2370 non
1398 2315 1706 2384 simpliciter
1727 2327 1790 2366 ac

219 2419 332 2472 sine
358 2417 541 2470 labore
561 2415 800 2470 obtinere
823 2413 1073 2475 visiones,
1104 2409 1196 2464 sed
1214 2424 1333 2464 cum
1348 2407 1584 2477 jejuniis.
1610 2406 1792 2473 Quan-

219 2509 287 2562 do
327 2507 562 2576 Oportztit
606 2505 874 2560 somnium
919 2503 1165 2575 discere,
1204 2500 1463 2569 jejunium
1496 2498 1786 2567 praecessit.

219 2599 347 2655 Cum
369 2599 581 2654 Gabriel
609 2596 874 2667 apparuit,
894 2594 1154 2664 jejunium
1191 2592 1381 2646 iterum
1407 2632 1424 2657 ,
1461 2600 1516 2644 et
1543 2590 1674 2644 cinis
1693 2631 1707 2653 ,
1739 2596 1793 2643 et

219 2707 405 2748 saccus
437 2711 449 2744 :
474 2706 595 2745 cum
627 2691 725 2744 iste
753 2688 1076 2758 conSpicitur
1101 2727 1115 2750 ,
1155 2695 1208 2740 et
1227 2685 1490 2754 jejunium
1516 2694 1570 2738 et
1596 2683 1788 2736 oratio.

219 2785 322 2840 Sed
347 2785 468 2839 vide
491 2784 737 2853 angelum
776 2798 835 2836 se
878 2779 1259 2850 propemodum
1287 2791 1539 2833 excusare
1567 2777 1790 2830 Danieli.

220 2879 274 2931 4.
303 2896 321 2928 ι
358 2878 422 2931 Et
444 2877 493 2930 in
525 2876 609 2928 die
639 2873 886 2944 vigesima
911 2882 1097 2942 quarta
1125 2872 1322 2926 mensis
1346 2871 1500 2939 primi
1527 2888 1622 2941 ego
1646 2886 1789 2924 eram

216 2969 364 3036 juxta
399 2966 613 3021 fluvium
646 2979 890 3032 magnum
913 3006 927 3028 ,
962 2963 1048 3018 hic
1076 2974 1159 3016 est
1189 2962 1379 3030 Tigris.
1420 2963 1474 3016 5.
1518 2963 1583 3015 Et
1626 2962 1792 3016 levavi

220 3061 404 3115 oculos
431 3073 580 3113 meos
599 3100 613 3123 ,
640 3066 693 3112 et
715 3055 820 3111 vidi
848 3074 860 3110 :
894 3065 948 3110 et
988 3070 1114 3111 ecce
1141 3055 1222 3108 vir
1243 3053 1456 3108 indutus
1481 3053 1663 3107 Badim
1693 3096 1706 3116 ,
1741 3063 1796 3108 et

219 3152 432 3206 lumbus
452 3151 567 3221 ejus
589 3150 900 3220 praecinctus
919 3163 1049 3203 auro
1071 3148 1267 3217 Ophaz,
1290 3147 1344 3203 6.
1373 3155 1426 3202 et
1441 3161 1634 3217 corpus
1656 3147 1790 3215 ejus,

219 3245 374 3314 quasi
400 3243 640 3309 Tharsis,
667 3253 721 3296 et
748 3242 910 3296 facies
930 3242 1046 3310 ejus
1067 3282 1081 3305 ,
1105 3250 1164 3294 ut
1185 3248 1432 3308 aspectus
1456 3238 1675 3309 fulguris
1695 3279 1710 3305 ,
1741 3246 1795 3292 et

217 3336 362 3389 oeuli
405 3335 552 3403 ejus,
582 3336 727 3389 velut
762 3335 1032 3404 lampades
1060 3333 1194 3403 ignis
1214 3374 1229 3399 ,
1261 3341 1316 3386 et
1332 3332 1555 3386 brachia
1586 3333 1703 3400 ejus
1730 3348 1794 3387 ac

217 3442 404 3492 crura,
428 3427 559 3480 sicut
584 3427 717 3480 visio
742 3427 863 3480 aeris
889 3426 1215 3481 coruscantis
1238 3468 1252 3492 ,
1275 3435 1326 3480 et
1347 3440 1454 3478 .vox
1488 3441 1792 3479 sermonum

218 3520 360 3589 ejus,
394 3520 541 3588 quasi
562 3536 660 3573 vox
689 3519 876 3574 turbaa.
908 3519 958 3572 7.
986 3521 1050 3573 Et
1077 3519 1180 3573 vidi
1207 3534 1306 3589 ego
1337 3521 1518 3574 Daniel
1539 3521 1686 3574 solus
1717 3521 1794 3573 vi-

219 3614 426 3667 sionem
449 3653 464 3678 ,
499 3621 553 3666 et
589 3613 686 3666 viri
713 3614 801 3683 qui
833 3621 986 3667 erant
1021 3628 1228 3667 mecum
1268 3613 1524 3668 visionem
1567 3630 1670 3667 non
1715 3616 1796 3668 vi-

221 3703 434 3768 derunt,
467 3703 563 3758 sed
586 3714 756 3757 terror
779 3707 953 3773 gravis
979 3704 1129 3757 irruit
1151 3720 1311 3773 super
1333 3719 1445 3770 eos,
1474 3714 1528 3759 et
1549 3705 1795 3775 fugerunt

222 3796 271 3850 in
302 3797 514 3851 timore.
537 3797 588 3851 8.
624 3797 690 3850 Et
719 3812 816 3866 ego
837 3798 1052 3851 relictus
1075 3811 1192 3851 sum
1215 3799 1381 3864 solus,
1405 3809 1459 3852 et
1484 3797 1591 3852 vidi
1622 3798 1790 3853 visio—

220 3905 342 3944 nem
374 3904 618 3959 magnam
645 3891 797 3954 hanc,
826 3898 880 3943 et
909 3905 1012 3944 non
1040 3891 1294 3945 remansit
1323 3891 1373 3944 in
1405 3907 1490 3944 me
1517 3890 1791 3959 fortitudo,

221 3989 276 4034 et
302 3980 472 4050 gloria
520 3996 635 4035 mea
662 3995 914 4035 conversa
946 3990 1028 4036 est
1057 3982 1108 4034 in
1147 3982 1538 4050 corruptionem
1565 4023 1578 4044 ,
1608 3992 1661 4037 et
1685 3999 1792 4038 non

222 4073 417 4126 retinui
444 4072 627 4126 robur.
653 4072 706 4127 9.
733 4072 798 4125 Et
817 4071 992 4126 audivi
1017 4087 1198 4126 vocem
1225 4087 1529 4126 sermonum
1560 4073 1708 4141 ejus:
1741 4083 1795 4128 et

223 4178 339 4216 cum
366 4179 468 4234 ego
508 4165 744 4218 audirem
777 4206 792 4230 ,
830 4181 974 4219 erant
1017 4174 1364 4234 compunctus
1403 4180 1562 4234 super
1604 4165 1792 4220 faciem

223 4272 392 4310 meam
418 4298 434 4322 ,
465 4268 521 4312 et
551 4256 715 4311 facies
743 4273 854 4312 mea
883 4273 1042 4326 super
1070 4265 1284 4309 terram.
1317 4257 1402 4310 10.
1435 4258 1496 4309 Ει
1522 4272 1645 4310 ecce
1676 4273 1792 4311 ma-

224 4364 322 4402 nus
345 4348 513 4417 tetigit
547 4364 654 4414 me,
683 4364 745 4402 ac
771 4350 943 4402 erexit
966 4365 1050 4403 me
1075 4363 1233 4416 super
1260 4363 1430 4417 genua
1453 4363 1593 4412 mea,
1619 4358 1672 4402 et
1697 4364 1792 4402 su-

222 4454 316 4508 per
361 4440 579 4509 vestigia
625 4440 819 4509 pedum
867 4455 1102 4494 meorum
1137 4440 1286 4492 ¹.11.
1322 4439 1386 4493 Et
1411 4439 1543 4493 dixit
1567 4439 1632 4493 ad
1663 4455 1746 4494 me
1776 4456 1790 4493 :

221 4531 445 4597 Daniel,
492 4531 572 4584 vir
599 4531 984 4585 desideriorum
1015 4571 1030 4594 ,
1079 4530 1310 4599 intellige
1357 4530 1409 4583 in
1457 4532 1794 4586 sermonibus

217 4639 354 4694 quos
389 4640 488 4695 ego
519 4625 706 4695 loquor
744 4623 810 4677 ad
844 4633 922 4682 te,
955 4634 1009 4677 et
1043 4631 1121 4676 sta
1159 4623 1211 4675 in
1258 4625 1484 4677 statione
1517 4631 1601 4676 tua
1624 4665 1638 4687 ,
1668 4624 1794 4694 quia

279 4805 295 4834 ⁸
339 4802 673 4851 Theodoretus
694 4800 832 4862 legit,
851 4811 1073 4848 manuum
1097 4811 1328 4858 mearum,
1344 4812 1448 4861 pro,
1469 4797 1647 4862 pedum
1664 4813 1793 4850 meo-

214 4878 343 4913 rum.

276 4928 354 4988 (α)
386 4925 754 4988 Interdixerant
775 4924 954 4985 quippe
995 4925 1180 4970 Romani
1211 4922 1402 4988 .Iudteis,
1451 4935 1514 4970 ne
1552 4922 1791 4988 Jerosoly-

211 4982 346 5036 mam
383 4982 992 5048 ingrederentur."l‘e:étes
1021 4993 1134 5048 sunt
1173 4986 1411 5038 Justinus,
1451 4982 1788 5045 Tertulliamfs,

213 5047 470 5120 Eusebius,
493 5048 709 5108 Hilarius,
735 5049 992 5108 Gregorius
1025 5047 1356 5106 Nazianzenus,
1397 5053 1606 5094 Severus
1643 5052 1792 5109 atque

211 5118 224 5157 1
235 5118 262 5158 ti
271 5123 548 5169 eronymtts.

279 5172 354 5232 (υ)
407 5185 483 5220 :oc
504 5173 652 5233 igitur
676 5179 895 5232 tempore
917 5169 967 5218 in
984 5176 1201 5219 extrema
1225 5169 1790 5233 senectute_erat__t)aniel.

209 5239 259 5282 Et
289 5229 451 5295 tamen
475 5229 922 5295 SfChrysostbmus,
952 5235 1096 5280 tertio
1118 5233 1180 5280 de
1213 5229 1679 5295 ineomtireheusibili
1709 5233 1792 5279 Dei

210 5304 401 5349 natura,
418 5293 793 5356 juvenem_lacit.
820 5294 1029 5354 (Nempe
1059 5302 1104 5341 T.
1133 5295 1177 5356 17.
1207 5299 1259 5342 At
1294 5293 1652 5356 (‘hrysostomus
1675 5306 1790 5353 par-

209 5370 338 5412 ram,
363 5354 559 5419 etr'swpe
583 5354 765 5419 nullam
788 5362 1054 5419 temporum
1074 5355 1304 5419 rationem
1326 5354 1504 5419 habet.)

271 5419 343 5478 (ε)
375 5415 711 5468 Theodoretus
732 5417 827 5474 hic,
845 5415 891 5464 δέ
911 5415 1108 5463 Basilius
1122 5415 1317 5464 Homilia
1342 5417 1488 5476 prima
1501 5415 1563 5462 de
1587 5415 1787 5478 Jejunio,

208 5488 261 5529 et
282 5477 453 5530 Noster
476 5481 693 5528 secunda
714 5488 877 5526 contra
901 5479 1108 5530 Judaaos.
1131 5478 1233 5526 cibo
1267 5478 1459 5537 penitus
1484 5484 1535 5523 et
1553 5483 1666 5537 potu
1685 5477 1790 5524 abs-

206 5544 430 5591 tinentem
481 5555 570 5602 per
617 5549 719 5589 tres
767 5539 1094 5602 hebdomadas
1129 5535 1361 5602 mansisse
1402 5535 1657 5602 Danielem
1685 5540 1785 5598 opi-

209 5615 384 5653 nantur
411 5619 421 5652 :
452 5599 505 5652 ut
528 5603 592 5652 de
618 5609 746 5649 Mose
768 5600 947 5659 legitur
972 5601 1115 5648 Exodi
1138 5600 1216 5656 54,
1242 5602 1320 5647 28.
1350 5599 1477 5656 Quod
1500 5612 1607 5646 cum
1629 5599 1791 5647 divino

211 5668 462 5715 rontextui
488 5664 739 5713 adversari
764 5662 998 5722 videatur,
1027 5662 1075 5709 i'n
1105 5663 1398 5712 sententiam
1432 5669 1476 5710 s.
1515 5661 1788 5724 Hieronymi

211 5727 408 5779 discedo
433 5729 614 5777 libens.
679 5750 696 5766 ο

1570 275 1638 332 IN
1675 275 2021 334 DANIELEM

3352 275 3460 332 212

1883 407 2024 448 nunc
2052 405 2153 460 ego
2176 390 2372 448 missus
2399 407 2516 446 sum
2543 390 2610 446 ad
2639 399 2712 447 te.
2740 390 2984 461 Cumque
3017 391 3326 464 loqueretur
3349 393 3466 462 ipse

1877 483 1944 538 ad
1973 499 2059 539 me
2077 497 2384 539 sermonem
2413 482 2597 547 istum,
2625 484 2833 539 surrexi
2859 493 3111 538 tremens.
3169 483 3256 540 12.
3285 482 3356 538 Ει
3381 484 3465 537 di-

1882 575 1960 628 xit
1986 574 2052 628 ad
2075 589 2159 628 me
2184 592 2198 630 :
2227 574 2306 630 Ne
2335 575 2538 640 timeas,
2584 573 2787 638 Daniel,
2813 577 2936 644 quia
2963 591 2992 630 a
3014 574 3101 629 die
3124 575 3291 644 prima
3313 614 3329 640 ,
3359 590 3462 644 qua

1881 666 2074 721 dedisti
2103 681 2202 721 cor
2223 675 2370 720 tuum
2396 665 2463 719 ad
2495 664 2920 734 intelligendum,
2952 674 3004 721 et
3032 665 3098 720 ad
3127 665 3466 735 affligendum

1887 769 1939 814 te
1961 773 2140 813 coram
2179 759 2400 814 Domino
2433 759 2542 812 Deo
2573 767 2698 822 tuo,
2730 757 2908 812 audita
2929 767 3053 812 sunt
3080 757 3238 812 verba
3271 768 3378 821 tua,
3412 766 3468 811 et

1885 867 1986 923 ego
2005 852 2125 908 veni
2151 852 2202 906 in
2222 852 2401 907 verbis
2435 851 2558 906 tuis.
2590 869 2611 902 ι
2643 849 2807 906 Vides
2835 850 2974 919 quod
3003 850 3150 916 dixi,
3184 852 3324 904 hunc
3347 861 3463 903 tan-

1885 953 1994 1000 tum
2018 960 2122 999 non
2163 960 2222 1000 se
2258 959 2514 999 excusare
2545 942 2744 997 Danieli
2773 943 2797 996 ?
2829 943 2870 996 A
2901 943 3064 1013 prima
3091 942 3173 995 die
3195 983 3210 1008 ,
3257 942 3424 1011 inquit
3451 981 3468 1005 ,

1885 1038 2065 1090 missus
2090 1053 2221 1089 sum.
2249 1037 2425 1102 Quare
2453 1050 2582 1105 ergo
2607 1043 2846 1089 moratus
2872 1035 2973 1088 es?
3004 1035 3088 1088 15.
3118 1031 3188 1086 Et
3228 1035 3461 1102 princeps

1886 1130 2027 1199 regni
2054 1127 2326 1182 Persarum
2367 1129 2501 1182 stetit
2548 1144 2610 1182 ea:
2647 1127 2858 1180 adverso
2887 1127 2985 1180 mei
3028 1142 3185 1179 unum
3220 1136 3266 1178 et
3291 1127 3468 1195 viginti

1889 1221 2014 1274 dies.
2035 1219 2240 1274 Audisti
2273 1219 2425 1286 illud,
2459 1217 2638 1274 Posuit
2683 1219 2920 1273 terminos
2946 1219 3168 1289 gentium
3194 1218 3468 1271 secundum

1888 1328 2150 1365 numerum
2168 1314 2463 1382 angelorum
2479 1327 2684 1366 suorum
2706 1311 2881 1384 (Deut.
2905 1309 2995 1365 52.
3019 1308 3113 1381 8)?
3134 1309 3200 1364 Et
3226 1325 3469 1379 unaquae-

1889 1418 1993 1474 que
2019 1419 2147 1474 gens
2170 1403 2476 1472 praefeetum
2504 1402 2665 1457 habet
2699 1403 2945 1472 angelum
2969 1443 2983 1468 ,
3022 1402 3109 1472 qui
3142 1400 3253 1454 vult
3281 1409 3471 1470 poten-

1890 1500 1993 1552 tior
2018 1514 2140 1554 esse
2167 1499 2403 1567 reliquis.
2427 1497 2493 1551 Et
2513 1497 2840 1568 intelligentia
2871 1497 2991 1550 data
3015 1505 3087 1549 est
3113 1497 3158 1548 ei
3180 1497 3233 1548 in
3259 1495 3469 1549 visione.

1889 1589 2004 1644 Non
2052 1591 2192 1645 enim
2246 1589 2545 1644 sufliciebat
2589 1589 2838 1644 docuisse
2879 1604 2942 1642 ea
2982 1603 3100 1658 qua:
3137 1586 3463 1642 dicebantur.

1891 1682 2077 1738 Cernis
2105 1685 2258 1738 aliter
2285 1683 2482 1737 institui
2529 1681 2856 1752 prophetas?
2887 1680 2957 1734 Et
2989 1682 3149 1735 virtus
3180 1696 3367 1750 magna
3389 1679 3470 1732 vi-

1894 1777 2080 1832 sionis.
2106 1777 2244 1832 Vere
2270 1777 2410 1830 enim
2434 1791 2638 1845 magna:
2668 1775 2949 1846 potestatis
2976 1773 3091 1840 fuit,
3120 1773 3260 1844 quod
3288 1773 3464 1827 homi-

1894 1885 1990 1924 nes
2015 1870 2210 1924 inlirmi
2242 1869 2465 1923 vicerint
2496 1868 2644 1922 illum
2688 1865 3011 1921 Antiochum
3033 1907 3048 1931 ,
3081 1865 3168 1934 qui
3194 1873 3270 1918 tot
3293 1873 3470 1918 tanta-

1894 1976 2000 2031 que
2039 1968 2402 2029 superaverat.
2447 1959 2513 2014 Et
2553 1975 2722 2013 rerum
2765 1957 2989 2010 verbum.
3033 1954 3472 2024 Quandoquidem

1898 2052 2136 2107 nonnulli
2167 2051 2419 2105 credituri
2459 2065 2564 2104 non
2594 2059 2770 2104 erant.
2811 2047 2971 2119 Cujus
2998 2064 3178 2102 nomen
3212 2045 3471 2101 Baltasar.

1896 2147 2292 2200 Commemorat
2319 2144 2410 2198 tibi
2452 2145 2662 2213 priora,
2710 2153 2768 2197 ut
2810 2142 2915 2196 fide
2958 2142 3152 2211 dignus
3193 2140 3474 2196 habeatur.

1901 2241 1978 2294 En
2025 2250 2078 2295 et
2133 2240 2334 2294 Pascha
2377 2239 2542 2293 solvit
2586 2237 2684 2308 (a).
2742 2235 2876 2290 Nam
2932 2235 3136 2290 Pascha
3195 2234 3247 2289 in
3301 2232 3473 2303 primo

1897 2331 2198 2385 celebratur
2224 2344 2406 2384 mense
2432 2346 2448 2394 ;
2475 2330 2574 2384 i5tc
2604 2343 2732 2382 vero
2753 2343 2922 2396 usque
2951 2326 3016 2379 ad
3043 2336 3286 2395 quartam
3318 2333 3374 2379 et
3398 2325 3477 2378 vi-

1896 2425 2148 2479 cesimam
2190 2424 2388 2476 mensis
2408 2420 2688 2490 jejunavit.
2722 2419 3106 2474 lnciditautem
3136 2418 3187 2471 in
3212 2417 3475 2472 decimam

1897 2524 2136 2584 quartam
2163 2514 2422 2583 jejunium
2453 2512 2592 2565 illius
2611 2551 2626 2574 ,
2655 2519 2710 2565 et
2735 2525 2764 2562 a
2791 2507 2998 2563 decima
3021 2519 3209 2578 quarta
3237 2505 3300 2559 ad
3329 2507 3476 2560 vice-

1898 2610 2086 2662 simam
2112 2608 2354 2676 primam,
2383 2615 2436 2659 et
2457 2604 2589 2659 duos
2619 2603 2752 2656 alios
2780 2601 2897 2656 dies
2922 2601 3094 2655 durat.
3128 2600 3258 2654 Vide
3284 2597 3474 2668 legalia

1895 2702 2000 2769 jam
2021 2709 2145 2754 tunc
2171 2699 2330 2753 fuisse
2358 2698 2630 2767 abrogata.
2661 2695 2848 2750 Nonne
2875 2711 2982 2764 prie
3003 2693 3285 2747 formidine
3309 2693 3360 2744 in
3392 2691 3476 2744 fu-

1897 2809 2016 2862 gam
2038 2806 2327 2848 conversus
2352 2807 2429 2854 es,
2458 2805 2490 2844 ο
2521 2788 2736 2843 Daniel?
2765 2787 2998 2849 Minime,
3028 2786 3212 2854 inquit.
3245 2783 3480 2837 Adverte

1900 2900 2006 2952 quo
2034 2883 2136 2936 loci
2163 2883 2333 2934 visum
2363 2880 2540 2936 videat
2578 2898 2591 2934 :
2625 2879 2677 2932 in
2708 2878 2924 2933 deserto
2951 2918 2964 2942 ,
2994 2877 3133 2930 sicut
3165 2883 3218 2928 ct
3247 2873 3476 2942 Moyses.

1904 2975 2073 3030 Urbes
2092 2988 2319 3043 namque
2342 2971 2656 3026 tumultibus
2682 2979 2736 3024 et
2757 2968 3152 3037 perturbatione
3177 2965 3342 3035 plenae
3356 2972 3480 3018 sunt

1902 3064 2023 3138 (ὁ).
2055 3066 2144 3121 Sic
2169 3064 2328 3118 etiam
2357 3059 2601 3116 Christus
2632 3062 2685 3115 in
2717 3068 2897 3115 monte
2927 3057 3356 3127 transfiguratur.
3390 3056 3477 3109 15.

1907 3179 1925 3212 ι
1965 3160 2032 3214 Ει
2065 3173 2194 3214 ecce
2231 3156 2454 3211 Michael
2492 3171 2630 3210 unus
2657 3154 2724 3210 de
2765 3153 3096 3224 principibus
3125 3151 3311 3221 primis
3337 3148 3480 3202 venit

1901 3253 1966 3307 ad
2004 3250 2364 3306 auxiliandum
2404 3247 2532 3303 mihi
2565 3255 2660 3302 :et
2697 3262 2785 3301 me
2831 3247 3162 3315 reliquerunt
3197 3243 3267 3297 ibi
3309 3241 3321 3272 '
3353 3255 3473 3294 eum

1901 3345 2140 3414 principe
2166 3343 2305 3412 regis
2325 3342 2629 3396 Persarum.
2669 3339 2756 3394 M.
2793 3338 2860 3391 Et
2892 3338 3012 3390 veni
3049 3347 3106 3390 ut
3149 3335 3397 3388 docerem
3425 3342 3480 3388 tc

1901 3451 2248 3506 quaecumque
2287 3443 2540 3488 eventura
2584 3439 2708 3485 sunt
2738 3429 2933 3498 populo
2969 3437 3058 3481 tuo
3089 3428 3139 3480 in
3179 3426 3481 3480 novissimis

1901 3531 2088 3586 diebus
2108 3572 2124 3598 ,
2150 3530 2270 3598 quia
2295 3543 2421 3582 ecce
2450 3526 2582 3580 visio
2615 3525 2666 3578 in
2698 3524 2834 3577 dies.
2862 3522 2949 3576 i5.
2986 3521 3192 3575 Etcum
3222 3519 3470 3588 loquere-

1902 3634 1986 3676 tur
2009 3622 2120 3691 ipse
2143 3635 2350 3674 mecum
2377 3618 2555 3673 omnia
2583 3614 2742 3668 verba
2772 3612 2904 3676 haec,
2939 3609 3060 3665 dedi
3089 3609 3274 3664 faciem
3304 3623 3476 3663 meam

1900 3728 2059 3782 super
2086 3721 2303 3771 terram,
2335 3719 2390 3764 et
2413 3714 2764 3776 compunctus
2790 3719 2930 3757 sum.
2963 3702 3050 3756 16.
3085 3701 3152 3755 Et
3178 3715 3304 3755 ecce
3327 3700 3479 3768 quasi

1900 3802 2192 3860 similitudo
2220 3801 2311 3855 ftlii
2335 3799 2565 3852 hominis
2594 3796 2763 3865 tetigit
2795 3794 2929 3848 labia
2962 3809 3099 3846 mea.
3135 3793 3197 3846 Et
3217 3791 3479 3858 apernios

1899 3896 2159 3953 meum,et
2171 3887 2425 3955 loquutus
2438 3889 2640 3946 sum,et
2653 3879 2760 3936 dixi
2777 3879 2842 3934 ad
2858 3894 2982 3932 eum
3000 3877 3088 3947 qui
3105 3878 3475 3934 stabatcoram

1899 3997 1984 4035 me
2004 3998 2015 4032 :
2038 3978 2280 4041 Domine,
2317 3976 2374 4030 in
2401 3974 2614 4030 visione
2649 3981 2736 4025 tua
2764 3985 3023 4024 conversa
3057 3978 3184 4022 sunt
3215 3969 3468 4024 interiora

1897 4090 2017 4128 mea
2043 4073 2097 4125 in
2127 4085 2231 4132 me,
2267 4077 2322 4124 et
2354 4082 2480 4122 ecce
2508 4081 2617 4119 non
2655 4064 2827 4118 habeo
2859 4061 3252 4116 fortitudinem.
3288 4061 3374 4115 17.
3402 4060 3472 4119 Et

1900 4167 2166 4240 quomodo
2195 4165 2387 4236 poterit
2410 4176 2596 4219 servus
2618 4169 2758 4225 tuus,
2785 4159 3026 4221 Domine,
3055 4157 3195 4225 loqui
3219 4170 3340 4209 cum
3369 4153 3477 4207 Do-

1900 4263 2044 4315 mino
2062 4275 2180 4314 meo
2210 4257 2348 4312 isto?
2373 4257 2437 4309 Et
2465 4271 2529 4308 ex
2555 4267 2695 4306 nunc
2713 4267 2816 4305 non
2838 4249 2997 4304 stabit
3019 4248 3068 4301 in
3093 4263 3176 4300 me
3202 4243 3480 4308 fortitudo,

1900 4362 1955 4408 et
1977 4353 2173 4406 halitus
2201 4366 2306 4404 non
2332 4358 2415 4403 est
2441 4347 2658 4402 relictus
2697 4345 2750 4398 in
2791 4359 2894 4397 me.
2923 4343 3012 4396 18.
3057 4340 3124 4394 Et
3162 4339 3398 4406 addidit,
3427 4346 3482 4392 ct

1901 4446 2070 4517 tetigit
2096 4460 2181 4498 me
2209 4442 2360 4513 quasi
2388 4439 2525 4495 visio
2560 4437 2791 4492 hominis
2824 4477 2840 4502 ,
2877 4444 2932 4490 et
2959 4431 3325 4488 corroboravit
3367 4446 3476 4486 me.

1907 4543 1987 4597 l9.
2023 4540 2239 4596 Etdixit
2267 4538 2428 4592 mihi:
2454 4535 2530 4591 Ne
2563 4535 2770 4596 timeas,
2803 4533 2884 4586 vir
2911 4530 3295 4585 desideriorum
3324 4570 3339 4596 ,
3370 4544 3477 4598 pax

1903 4635 1993 4689 tibi
2024 4675 2040 4699 ,
2080 4633 2302 4687 viriliter
2329 4645 2448 4700 age,
2487 4643 2550 4683 ac
2578 4635 2693 4682 esto
2725 4625 2894 4678 fortis.
2927 4623 2994 4676 Et
3020 4638 3138 4676 cum
3171 4623 3480 4692 loqueretur

1901 4727 2015 4795 ipse
2044 4739 2251 4779 mecum
2276 4763 2292 4788 ,
2323 4719 2702 4776 corroboratus
2734 4733 2850 4770 sum
2885 4757 2898 4779 ,
2931 4723 2984 4769 et
3009 4705 3115 4768 dixi
3151 4732 3163 4766 :
3205 4713 3478 4782 Loquatur

1822 4865 1828 4872 .
1903 4817 2158 4870 Dominus
2185 4829 2336 4868 meus
2363 4854 2378 4879 ,
2413 4812 2535 4882 quia
2573 4808 2929 4864 corroborasti
2956 4823 3061 4861 me.
3089 4805 3181 4860 20.
3213 4805 3428 4859 Etdixit
3459 4822 3472 4857 :

1901 4910 1982 4962 An
2011 4908 2146 4962 nosti
2174 4922 2268 4961 cur
2288 4905 2408 4959 veni
2437 4903 2504 4957 ad
2532 4902 2620 4958 te?
2643 4901 2709 4955 Et
2739 4915 2878 4954 nunc
2898 4910 3159 4964 revertar,
3191 4906 3243 4950 ut
3265 4896 3475 4964 prselier

1899 5016 2020 5054 cum
2050 4999 2285 5068 principe
2313 4998 2615 5052 Persarum.
2645 4996 2817 5065 Atque
2841 4993 3189 5065 egrediebar;
3226 4990 3468 5058 princeps

1900 5109 2030 5148 vero
2051 5093 2356 5146 Graecorum
2376 5089 2636 5144 veniebat.
2651 5088 2712 5141 21
2728 5128 2740 5140 .
2762 5086 3132 5140 Verumtamen
3149 5079 3476 5136 annuntiaho

1963 5229 1978 5258 ί
2014 5226 2070 5275 In
2091 5227 2293 5274 Hebraeo
2315 5234 2366 5274 et
2389 5225 2434 5273 in
2457 5223 2663 5286 Vulgata
2687 5221 2886 5286 legitur,
2910 5225 2956 5270 et
2977 5231 3065 5281 ego
3086 5215 3299 5286 remansi
3319 5213 3401 5286 itii.
3435 5277 3443 5285 _

1962 5289 2032 5347 (α)
2067 5290 2212 5350 Hujus
2234 5277 2886 5350 argumentiAiiiterprEtatio:
2918 5277 3125 5350 petenda
3153 5286 3228 5350 est
3252 5291 3312 5350 ex
3342 5277 3476 5324 libris

1899 5342 2352 5405 adve'rsus'Juda‘os,
2380 5349 2427 5395 in
2451 5348 2627 5408 quibus
2650 5342 2737 5394 iSta
2760 5346 2928 5408 omnia
2941 5342 3091 5390 fus‘ius
3110 5347 3389 5408 tractantur.

1961 5412 2031 5470 (b)
2069 5411 2260 5458 Urbium
2298 5399 2529 5457 tu'mult'ns
2566 5422 2622 5456 ac
2664 5406 2960 5470 incommoda
3005 5401 3349 5470 pereleganter
3383 5399 3474 5470 de-

1897 5460 2074 5534 scripta
2102 5480 2153 5519 et
2173 5474 2274 5519 suis
2297 5471 2538 5518 wloribus
2559 5469 2750 5530 depicta
2776 5469 2926 5534 habes
2949 5460 3072 5534 aliud
3095 5460 3474 5534 sunthemedul-

1898 5524 2009 5582 latn'
2031 5535 2310 5593 Gregorium
2342 5524 2690 5593 Nazianzenum
2717 5530 2939 5593 Oratione
2979 5526 3068 5593 __28,
3105 5524 3476 5593 Christianorum

1898 5588 2270 5644 DemosthEttctn
2297 5593 2513 5641 Basilittm
2545 5590 2741 5639 Homilia
2780 5590 2843 5638 de
2871 5588 3039 5636 Gordio
3064 5592 3299 5645 martyre;
3326 5596 3475 5645 aliqua

1899 5643 2060 5713 etiam,
2101 5658 2141 5704 si
2165 5658 2358 5718 promta
2405 5655 2554 5704 sacris
2591 5652 2833 5701 miscenda
2873 5656 3002 5709 sunt,
3029 5646 3153 5709 apud
3190 5643 3475 5694 lluvettaletn

1897 5729 1990 5769 aut.
2016 5722 2063 5766 5.
