4126 6294
592 362 698 415 Ήό

592 481 687 535 tibi
710 478 852 550 quod
874 479 1222 534 constitutum
1243 478 1391 533 estin
1414 477 1672 546 scriptura
1698 476 1969 530 veritatis:
1994 485 2050 529 et
2066 485 2172 526 non

589 581 674 626 est
701 588 859 637 unus,
890 573 981 641 qui
1008 587 1037 624 a
1069 586 1155 627 me
1182 579 1287 625 stet
1309 570 1377 625 de
1402 570 1484 624 his
1508 611 1523 634 ,
1552 570 1650 623 nisi
1679 568 1901 624 Michael
1929 568 2173 638 princeps

590 673 787 718 vester.
814 662 881 717 Et
907 680 1034 718 ecce
1064 664 1147 717 vir
1174 662 1386 717 indutus
1411 662 1624 716 stolam.
1656 681 1675 714 ι
1712 661 1975 716 Fortassis
1996 676 2175 715 sacer-

593 755 845 811 dotalem.
871 772 891 807 ο
925 756 1185 824 Aspectus
1202 754 1319 823 ejus
1338 754 1488 824 quasi
1511 754 1682 824 fulgur
1697 765 1811 808 erat
1833 755 1999 823 ignea:
2025 753 2174 807 llam-

592 862 692 901 ma:
708 849 775 901 ab
786 847 956 903 oculis
967 847 1099 915 ejus.
1124 865 1143 899 ι
1163 846 1440 915 Quomodo
1458 846 1506 900 in
1526 847 1729 917 fulgure
1744 848 1848 901 illis
1863 847 2173 917 apparebat?

592 956 691 995 cur
705 943 782 996 sic
806 951 1026 1011 apparet
1049 943 1149 995 iste
1169 941 1430 1011 angelus?
1456 956 1522 994 an
1547 949 1604 994 ut
1622 940 1869 1010 populum
1894 941 2174 1012 percellat?

593 1041 648 1085 et
673 1032 939 1102 quodnam
969 1031 1091 1086 inde
1130 1031 1549 1087 emolumentum
1578 1032 1601 1085 ?
1632 1032 1838 1103 Nempe
1868 1043 1925 1087 ut
1950 1048 2173 1104 persua-

594 1126 718 1182 deat
748 1140 853 1181 non
873 1126 1112 1194 “amplius
1141 1126 1323 1195 lugere
1355 1167 1371 1193 ,
1400 1126 1541 1195 quod
1573 1127 1761 1181 eadem
1801 1142 2174 1196 scepenumero

589 1218 732 1272 dicta
794 1217 992 1272 fuerint
1024 1236 1037 1271 :
1069 1228 1124 1272 et
1179 1218 1539 1271 testimonium
1582 1217 1821 1287 perbibet
1873 1216 2172 1271 futurorum

591 1313 809 1367 virtuti:
837 1327 904 1367 an
927 1323 982 1367 ut
1008 1313 1082 1367 illi
1106 1313 1262 1366 fidem
1285 1312 1458 1366 faciat.
1479 1312 1548 1365 Et
1568 1329 1665 1367 sua:
1685 1329 1888 1383 magna.
1917 1312 1988 1368 Ut
2014 1313 2171 1367 etiam

590 1420 651 1458 ea
676 1419 735 1459 re
762 1405 1133 1474 perterruerit.
1166 1404 1351 1459 Daniel
1381 1405 1705 1473 obstupescit
1730 1446 1744 1471 ,
1773 1415 1827 1460 et
1856 1405 2045 1459 iterum
2074 1419 2172 1457 an-

588 1496 711 1565 gelo
761 1495 1095 1566 colloquente
1123 1496 1457 1567 obstupescit
1486 1538 1500 1559 ,
1535 1496 1692 1567 idque
1737 1496 2040 1566 indulgente
2083 1496 2173 1550 illo

593 1588 771 1641 forsan
800 1628 814 1647 .
840 1595 892 1641 et
921 1602 1024 1641 non
1071 1589 1416 1657 impotentem
1452 1588 1679 1644 faciente
1718 1604 1813 1643 seu
1855 1588 2174 1658 impediente

590 1680 673 1748 (α)
706 1679 1167 1751 :quandoquidem
1204 1682 1351 1750 prius
1389 1680 1637 1735 dixerat:
1677 1680 1896 1734 Viriliter
1933 1697 2044 1752 age.
2103 1681 2174 1735 Et

595 1771 763 1825 stt-tit.
801 1771 960 1826 Vides
989 1772 1114 1842 quid
1159 1773 1229 1827 sit
1264 1784 1508 1843 aspectus
1545 1773 1758 1844 angeli?
1786 1774 1861 1829 Ne
1896 1775 2172 1830 existimes

592 1882 667 1918 a-s
687 1880 806 1921 esse
838 1866 888 1923 id
914 1867 1055 1936 quod
1086 1867 1292 1922 videtur
1319 1908 1333 1933 ,
1365 1883 1463 1922 nec
1488 1884 1695 1923 aurum.
1730 1868 1863 1936 Quis
1891 1869 2033 1923 enim
2064 1883 2170 1922 non

591 1957 754 2012 ferret
782 1974 964 2012 earum
993 1959 1334 2013 materiarum
1368 1970 1638 2030 aspectum
1665 1960 1689 2013 ?
1713 1960 1843 2014 Cum
1872 1960 2063 2031 ubique
2089 1960 2168 2013 lu-

593 2067 712 2105 men
752 2052 977 2120 positum
1006 2052 1093 2106 sit.
1128 2053 1387 2120 Quoniam
1418 2055 1579 2123 igitur
1610 2054 1804 2108 missus
1842 2070 1958 2107 sum
1990 2095 2004 2115 ,
2037 2068 2173 2121 pra:-

591 2142 834 2204 signilico
864 2142 963 2197 hoe
994 2144 1166 2197 solum
1200 2185 1216 2211 ,
1249 2145 1415 2214 inquit
1442 2187 1456 2211 ,
1490 2160 1552 2199 ne
1587 2158 1899 2213 corrumpas
1924 2145 2167 2213 gratiam.

592 2236 782 2288 Audita
802 2245 919 2289 sunt
943 2237 1088 2290 verba
1120 2246 1207 2290 tua
1232 2280 1245 2302 ,
1271 2247 1315 2290 et
1342 2254 1431 2307 ego
1470 2237 1580 2289 veni
1618 2238 1671 2290 in
1701 2238 1858 2291 verbis
1884 2239 2001 2290 tuis.
2033 2238 2169 2305 Quid

593 2327 734 2379 enim
783 2327 1042 2397 rogabat,
1087 2336 1142 2383 et
1171 2328 1297 2396 quid
1336 2329 1697 2397 precabatur?
1740 2330 1807 2384 Et
1840 2330 2051 2400 quidem
2083 2333 2170 2387 illa

594 2417 692 2482 ipsi
722 2433 825 2471 non
847 2418 1000 2485 dicis,
1024 2433 1123 2473 nec
1151 2418 1435 2488 quidquam
1466 2418 1747 2488 ejusmodi.
1782 2420 1940 2475 Forte
1960 2422 2172 2476 volebat

591 2508 798 2562 discere
822 2519 1005 2564 exacte
1038 2518 1264 2579 tempus,
1295 2519 1350 2565 et
1376 2510 1501 2579 quid
1534 2520 1714 2581 postea
1745 2513 1973 2568 futurum
2004 2524 2164 2569 esset.

596 2602 661 2655 Et
683 2604 911 2672 princeps
942 2646 955 2666 ,
984 2604 1155 2675 inquit
1186 2646 1200 2668 ,
1232 2607 1373 2674 regni
1406 2604 1676 2659 Persarum
1709 2608 1843 2660 stetit
1877 2624 1939 2661 ex
1962 2608 2170 2662 adverso

597 2696 727 2748 inci.
776 2696 930 2751 Anne
974 2695 1249 2751 hominum
1283 2697 1576 2767 principem
1618 2698 1786 2751 dicit?
1809 2700 2041 2753 Minime.
2074 2701 2169 2753 Et-

593 2789 737 2842 enim
770 2800 822 2843 et
852 2790 974 2844 alibi
1003 2789 1077 2844 ait
1102 2804 1115 2843 :
1142 2789 1390 2860 Princeps
1418 2789 1709 2845 Graecorum
1729 2794 1901 2846 exivit.
1936 2793 2059 2846 Mihi
2088 2794 2169 2846 vi—

594 2879 751 2933 detur
788 2881 888 2935 iste
917 2881 1005 2951 qui
1036 2882 1271 2950 loquitur
1296 2898 1400 2935 non
1431 2897 1551 2937 esse
1578 2883 1645 2937 de
1675 2884 2002 2953 principibus
2029 2927 2043 2949 ,
2078 2901 2171 2939 ne-

590 2987 695 3040 que
722 2988 788 3025 ex
819 2973 881 3026 iis
906 2975 992 3041 qui
1025 2973 1259 3042 praefecti
1289 2984 1414 3028 sunt
1442 2975 1585 3041 genti
1624 2975 1781 3029 alicui
1814 3016 1827 3039 ,
1857 2976 1951 3031 sed
1982 2993 2046 3032 ex
2077 2992 2170 3030 su-

593 3063 775 3131 pernis
805 3062 1105 3117 virtutibus.
1139 3064 1338 3120 Deinde
1358 3066 1478 3135 quia
1501 3067 1672 3136 angeli
1691 3066 1776 3121 alii
1799 3084 1903 3122 non
1926 3068 2172 3123 valebant

592 3154 667 3207 illi
702 3155 977 3221 resistere,
1012 3155 1135 3211 huic
1157 3157 1370 3212 dicitur.
1399 3160 1644 3214 Ahsoluti
1668 3171 1792 3215 sunt
1816 3203 1830 3227 ,
1867 3161 2037 3231 inquit
2064 3202 2077 3226 ,
2108 3178 2171 3218 ac

594 3246 798 3300 liberati
820 3246 987 3301 Judaei
1011 3265 1024 3313 ;
1054 3249 1178 3318 quid
1208 3250 1380 3305 adhuc
1405 3252 1598 3320 qumris
1621 3254 1643 3306 ?
1682 3253 1918 3307 «Etecce
1934 3250 2176 3315 Michael,

594 3354 729 3391 unus
776 3339 1070 3409 principum
1125 3342 1415 3410 primorum
1447 3385 1461 3407 ,
1514 3345 1657 3399 venit
1699 3343 1765 3398 ad
1810 3346 2169 3399 auxiliandum

592 3430 720 3483 mihi
746 3447 761 3496 ;
785 3440 942 3486 etme
966 3432 1296 3502 reliquerunt
1318 3434 1385 3487 ibi
1408 3450 1529 3489 cum
1557 3434 1793 3505 principe
1812 3436 1952 3507 regis
1979 3436 2169 3491 Persa-

594 3537 732 3574 rum.
762 3521 827 3576 Et
856 3524 976 3576 veni
1017 3522 1209 3579 docere
1241 3536 1290 3580 te
1317 3542 1663 3597 quzeeutnque
1706 3529 1953 3582 evenient
1977 3529 2172 3598 populo

594 3625 685 3667 tuo
725 3615 777 3668 in
805 3616 1112 3671 novissimis
1137 3616 1327 3671 diebus
1356 3659 1371 3684 ,
1422 3618 1548 3687 quia
1573 3634 1698 3673 ecce
1728 3620 1861 3674 visio
1888 3620 1937 3672 in
1969 3620 2105 3674 dies.
2148 3640 2166 3672 ι

590 3707 768 3772 Quare
796 3716 921 3761 ante
951 3708 1132 3777 viginti
1162 3708 1279 3762 dies
1328 3725 1433 3762 non
1464 3710 1609 3763 venit
1636 3710 1860 3765 Michael
1890 3711 1914 3763 ?
1944 3710 2013 3766 Ut
2040 3713 2169 3766 mihi

594 3800 822 3867 videtur,
838 3802 1126 3856 ostendere
1150 3802 1262 3856 vult
1283 3802 1576 3871 prOphetzc,
1603 3803 1747 3857 illum
1772 3820 1858 3859 res
1882 3804 2173 3874 prohibitus

591 3903 647 3946 et
676 3893 884 3961 iniquas
907 3903 1070 3962 atque
1099 3903 1311 3947 coactas
1343 3896 1614 3961 postulare
1645 3936 1658 3957 ,
1693 3910 1756 3949 ac
1786 3896 2169 3964 propemodum

593 3985 799 4053 angelis
827 3986 930 4037 vim
965 3985 1155 4039 facere.
1196 3986 1422 4053 Propter
1469 3986 1569 4040 hoc
1608 4003 1778 4056 neque
1806 3987 2030 4042 Michael
2061 3996 2172 4041 sta-

598 4078 691 4131 tim
718 4077 785 4132 ab
818 4077 965 4130 initio
991 4078 1298 4141 auxiliatur,
1333 4079 1426 4133 sed
1458 4089 1637 4148 postea
1660 4120 1674 4144 ,
1709 4090 1765 4133 ut
1797 4079 2065 4134 discerent
2096 4080 2174 4133 itt-

593 4169 785 4238 dignos
811 4168 983 4222 reditu
1023 4184 1141 4223 esse
1170 4185 1263 4223 eos
1292 4169 1380 4238 qui
1403 4179 1587 4239 postea
1625 4171 1674 4224 in
1717 4172 1938 4240 patriam
1971 4172 2173 4227 reversi

595 4270 739 4315 sunt.
764 4259 961 4330 lnjuria
993 4261 1299 4316 afficiuntur
1315 4263 1509 4331 angeli.
1544 4261 1611 4315 Et
1633 4279 1709 4315 me
1726 4264 2031 4334 reliquerunt
2054 4264 2122 4317 ibi
2154 4305 2169 4328 ,

593 4364 655 4408 ut
673 4354 758 4408 vel
792 4354 1189 4423 persuaderem,
1220 4355 1302 4409 vel
1341 4355 1635 4409 inhiberent
1662 4356 1678 4424 (
1710 4356 2002 4425 principem
2032 4355 2173 4425 regis

595 4447 881 4502 Persarum
915 4451 951 4517 ).
982 4449 1043 4502 Et
1074 4448 1191 4516 quis
1217 4449 1435 4518 angelus
1456 4449 1736 4516 ejusmodi,
1761 4450 1848 4519 qui
1876 4465 1997 4503 cum
2027 4449 2174 4502 audit

597 4542 764 4595 Deum
786 4544 1023 4610 praebere
1052 4544 1297 4612 gratiam,
1327 4543 1579 4596 resistat?
1606 4543 1737 4596 Rem
1769 4583 1783 4605 ,
1810 4551 1868 4596 ut
1893 4543 2125 4596 arbitror
2157 4583 2172 4606 ,

596 4633 668 4685 ita
716 4633 966 4701 exprimit
1014 4650 1076 4689 ac
1118 4634 1165 4688 si
1211 4644 1354 4689 esset
1401 4649 1655 4703 corporea
1684 4652 1697 4688 :
1724 4632 2173 4703 quemadmodum

596 4740 720 4780 cum
762 4725 877 4783 ait:
909 4725 1035 4792 Quis
1073 4727 1355 4797 egredietur
1399 4737 1445 4781 et
1484 4727 1696 4796 decipiet
1730 4727 1853 4780 mihi
1879 4726 2174 4780 Achaabum

597 4817 618 4884 <
644 4817 702 4872 2.
732 4814 913 4873 Paral.
943 4818 1029 4871 18.
1056 4819 1122 4873 19
1151 4817 1168 4888 )
1191 4818 1214 4869 ?
1234 4828 1287 4872 et
1314 4818 1504 4873 iterum
1533 4834 1549 4872 :
1579 4818 1782 4873 Dimitte
1802 4835 1901 4883 me,
1929 4828 1976 4872 et
2005 4819 2177 4873 delebo

596 4927 683 4964 eos
715 4908 929 4981 (Exod.
962 4909 1049 4965 '52.
1083 4910 1213 4981 10).
1246 4910 1360 4967 Νοη
1404 4913 1712 4979 prohibetur
1742 4913 1878 4967 Deus
1905 4954 1920 4979 ,
1944 4928 2044 4967 nec
2067 4916 2177 4969 vim

601 5005 798 5073 patitur
816 5044 831 5067 ,
858 5000 1105 5057 detentus
1133 5018 1161 5055 a
1195 5003 1471 5071 propheta.
1506 5004 1580 5057 lta
1601 5019 1730 5058 sane
1750 5013 1805 5058 et
1830 5003 1935 5058 hic.
1970 5004 2175 5059 Rursus

598 5110 725 5150 vero
760 5094 885 5148 alibi
919 5095 995 5147 ait
1027 5111 1040 5146 :
1070 5092 1278 5146 Dimitte
1304 5110 1383 5147 me
1413 5135 1427 5158 ,
1472 5096 1590 5164 quia
1627 5095 1850 5147 ascendit
1893 5096 2177 5149 diluculum

596 5187 748 5255 (lien.
776 5187 863 5241 52.
896 5186 1011 5258 9.6).
1045 5186 1107 5240 Et
1130 5185 1305 5239 adhuc
1330 5186 1395 5239 de
1417 5188 1606 5252 angelo
1636 5199 1688 5239 et
1716 5187 1863 5240 asina
1898 5204 1911 5239 :
1948 5186 2065 5239 Nisi
2090 5190 2175 5257 fa-

596 5283 720 5333 ciem
768 5290 906 5334 tuam
933 5278 1374 5351 apprehendissem
1406 5278 1479 5351 (b)
1512 5321 1528 5346 ,
1559 5278 1746 5348 inquit.
1778 5278 1832 5333 ιιι
1864 5280 2040 5349 itaque
2072 5295 2176 5333 non

663 5451 735 5513 (α)
770 5450 824 5499 In
848 5458 1027 5507 Graeco,
1053 5465 1312 5513 summa,
1336 5456 1438 5513 ἵει-κ,Δ
1473 5460 1536 5499 oio:
1567 5456 1838 5507 ἀδυνατοῦντος.
1864 5450 2072 5513 utpotui
2104 5449 2180 5513 in-

599 5510 898 5583 mittemus
919 5526 1023 5583 3"!"
1038 5527 1052 5571 ;
1070 5510 1141 5561 illi
1156 5510 1379 5583 Ῑιέίιείῐθΐν
1397 5510 1519 5583 ciant
1543 5523 1623 5583 me
1647 5519 1738 5559 est.
1765 5521 1884 5583 sane
1909 5510 1989 5581 illa
2006 5512 2177 5583 ferba,

597 5571 801 5625 viriliter
826 5588 931 5636 age,
949 5573 1210 5636 abrangelo
1235 5576 1535 5634 pronuntiata
1562 5571 1701 5636 fuere
1724 5582 1832 5634 p051.
1856 5572 2063 5636 Danielis
2085 5580 2182 5619 stu-

606 5648 778 5694 pores;
801 5633 1028 5745 sedqtoli
1058 5633 1282 5695 inclmare,
1312 5636 1439 5683 idem
1466 5633 1874 5696 significat.'l.ege
1897 5635 1944 5682 in
1970 5635 2183 5683 Iidittouc

606 5703 761 5743 Graeca
788 5704 898 5745 Dan.
925 5728 929 5735 -
958 5737 970 5745 .
997 5701 1044 5745 t3.

600 5703 761 5743 Gneca
788 5704 898 5746 Dan.
925 5701 970 5754 4,
997 5701 1044 5746 t3.

668 5755 741 5817 (b)
774 5765 869 5805 Non
893 5760 1086 5806 memini
1110 5772 1189 5806 me
1212 5757 1387 5816 legere
1412 5759 1499 5807 ista
1523 5758 1569 5805 in
1594 5758 1741 5805 sacris
1762 5757 2028 5817 scripturis.
2045 5763 2183 5805 Forte

602 5818 809 5869 alienun
832 5820 889 5867 ad
913 5826 1043 5868 Nutu.
1069 5820 1148 5875 2:2,
1171 5821 1249 5875 25.
1273 5821 1351 5879 27,
1377 5821 1453 5881 5f,
1489 5822 1569 5870 3‘2.
1595 5819 1776 5868 Verum
1809 5821 1920 5881 quia
1963 5819 2077 5881 quid
2115 5819 2181 5867 si-

1314 358 1369 413 S.
1410 355 1687 413 JO.\NNIS
1723 348 2192 411 CHRYSOSTOMI
2232 347 2547 404 ARUIIIEP.
2588 352 3119 410 (IONSTARTINOP.

3756 370 3862 426 ειι

2285 466 2542 537 ostendit,
2571 470 2740 539 ipsum
2769 475 2881 529 Deo
2905 475 3186 543 obsistere,
3203 481 3297 534 sed
3324 481 3427 537 hoc
3457 499 3621 538 unum
3655 497 3860 547 tantum

2278 559 2468 628 injuria
2498 563 2717 633 angelos
2743 565 2904 622 affici.
2947 567 3175 624 Tantum
3206 573 3369 628 valuit
3396 575 3600 633 Daniel.
3633 578 3861 637 Descen-

2277 651 2331 703 di
2358 661 2410 704 nt
2440 652 2668 708 docerem
2709 665 2756 710 te
2778 674 3102 729 quotcumque
3126 666 3315 732 populo
3342 675 3428 720 tuo
3457 680 3573 723 sunt
3597 683 3857 731 eventura.

2279 741 2411 795 Vide
2446 744 2749 812 quomodo,
2791 763 2849 801 re
2876 753 3173 806 necessaria
3205 754 3422 810 dimissa
3453 798 3468 822 ,
3501 761 3776 831 prophetae
3798 780 3859 819 se

2277 848 2514 891 excuset.
2541 838 2736 894 lterum
2760 841 2944 899 Daniel
2966 859 3342 905 consternatur
3374 869 3389 907 :
3419 853 3608 910 iterum
3633 860 3857 928 angelus

2277 926 2425 982 illum
2458 930 2632 1000 erigit,
2663 940 2715 988 et
2742 934 2854 989 ait:
2886 937 3000 1008 Ego
3024 942 3321 1009 proﬁciscor
3412 954 3469 999 ut
3514 926 3855 1017 prelier'cum

2278 1019 2505 1089 principe
2526 1021 2820 1079 Persarum.
2847 1028 3010 1099 Atque
3035 1046 3127 1102 ego
3155 1036 3460 1105 egrediebar,
3489 1041 3722 1110 princeps
3741 1060 3857 1098 vero

2279 1110 2567 1206 Grecorum
2596 1117 2837 1173 veniebat.
2868 1121 3030 1177 Forte
3054 1140 3175 1181 cum
3204 1144 3309 1182 uno
3332 1129 3725 1188 adversantium
3756 1138 3859 1206 ipsi

2278 1200 2346 1296 de
2369 1204 2530 1296 rebus
2556 1205 2768 1274 futuris,
2793 1211 2991 1282 quique
3018 1226 3204 1271 contra
3233 1218 3547 1277 Macedonas
3573 1200 3855 1296 pugnaret.

2278 1293 2356 1346 Ac
2381 1294 2617 1350 nondum
2644 1301 3011 1367 persuadetur.
3030 1305 3307 1377 Bellumne
3326 1322 3409 1366 est
3435 1293 3586 1369 interi
3602 1293 3821 1386 angelos
3837 1361 3852 1385 ,

2277 1393 2332 1439 et
2361 1401 2533 1457 pugna
2560 1389 2628 1444 de
2653 1390 2957 1452 hominibus
2987 1397 3011 1451 ?
3044 1400 3206 1455 Sane.
3237 1401 3517 1460 Maximam
3546 1410 3744 1479 quippe
3766 1428 3862 1467 eo-

2277 1494 2394 1532 rum
2444 1496 2624 1536 curam
2657 1495 2868 1554 gerunt.
2900 1489 3142 1546 Nondum
3170 1508 3459 1563 persuasus
3487 1510 3588 1555 est.
3621 1503 3783 1568 Quasi
3813 1505 3857 1558 si

2276 1576 2394 1641 quis
2420 1573 2623 1631 diceret
2651 1594 2667 1630 :
2695 1578 2869 1649 Cogor
2896 1598 3016 1637 cum
3047 1585 3148 1640 hoc
3174 1591 3523 1647 contendere.

2873 1717 3097 1777 CAPUT
3160 1723 3249 1780 ΧΙ.

2350 1845 2398 1898 1.
2442 1844 2508 1898 Et
2533 1852 2722 1918 factum
2752 1860 2823 1904 est
2848 1852 2901 1906 in
2925 1870 3057 1908 anno
3087 1858 3250 1924 primo
3277 1860 3412 1932 Cyri,
3446 1880 3537 1933 ego
3556 1869 3671 1921 steti
3696 1868 3748 1922 in
3771 1887 3855 1924 ro-

2275 1938 2366 1991 bur
2393 1950 2439 1993 et
2462 1943 2826 2012 fortitudinem.
2858 1946 2912 2000 2.
2940 1947 3009 2001 Et
3038 1967 3170 2003 nunc
3205 1957 3518 2010 annuntiabo
3548 1960 3637 2014 tibi
3669 1964 3857 2017 verita-

2275 2042 2393 2086 tem.
2425 2034 2492 2089 Et
2524 2046 2679 2103 tunc,
2713 2054 2812 2108 ego
2856 2056 2970 2096 sum
2998 2045 3084 2112 qui
3120 2050 3345 2102 servavi.
3374 2050 3507 2105 Nam
3550 2070 3615 2108 ne
3659 2055 3853 2126 aliquis

2273 2126 2415 2181 dicat
2443 2145 2454 2179 :
2482 2128 2590 2183 Cur
2621 2131 2777 2200 igitur
2799 2135 3053 2202 prazliaris
3075 2138 3095 2191 ?
3120 2139 3242 2208 quid
3269 2144 3465 2210 ergo,si
3488 2160 3593 2199 non
3617 2147 3807 2204 viceris
3828 2149 3854 2203 ?

2275 2235 2627 2291 nequaquam,
2653 2225 2843 2295 inquit.
2865 2228 2930 2281 Et
2948 2238 3073 2284 tunc
3092 2246 3191 2301 ego
3214 2233 3313 2286 illis
3334 2237 3691 2303 patrocinatus
3706 2254 3847 2295 sum.

2274 2310 2475 2366 Etenim
2506 2332 2605 2369 non
2627 2326 2718 2384 est,
2747 2320 2948 2388 inquit,
2978 2339 3108 2377 unus
3134 2325 3220 2390 qui
3244 2343 3274 2376 a
3309 2343 3384 2379 me
3410 2337 3502 2381 stet
3525 2329 3586 2382 de
3616 2330 3728 2396 his,
3753 2333 3850 2386 nisi

2278 2405 2502 2462 Michael
2529 2410 2761 2482 princeps
2782 2413 3007 2483 ipsorum
3043 2415 3200 2484 (Dan.
3227 2418 3313 2473 10.
3343 2418 3454 2489 91).
3486 2421 3609 2475 11ωο
3634 2423 3763 2478 dicit
3794 2434 3852 2480 ut

2276 2497 2478 2554 Danieli
2511 2504 2856 2569 persuadeat,
2885 2520 2944 2559 se
2985 2522 3088 2559 non
3130 2524 3251 2563 esse
3297 2511 3393 2578 ipsi
3437 2512 3640 2567 hostem
3668 2516 3852 2570 acini-

2279 2593 2509 2656 micnm,
2554 2604 2750 2649 ctenm
2792 2612 2879 2651 res
2908 2599 3096 2653 vetitas
3147 2613 3348 2669 petere.
3393 2603 3499 2658 Nec
3528 2605 3647 2660 ideo
3687 2607 3847 2675 dicit,

2274 2686 2413 2753 quod
2446 2687 2776 2756 adjutoribus
2803 2691 3053 2760 indigeat.
3085 2694 3362 2760 Quomodo
3390 2697 3531 2750 enim
3555 2697 3577 2750 ?
3602 2698 3849 2753 Ostendi-

2276 2787 2359 2830 tur
2381 2781 2540 2833 istum
2585 2782 2834 2850 angelum
2875 2797 2981 2837 non
3008 2798 3127 2839 esse
3173 2785 3241 2840 de
3270 2786 3617 2856 principibus.
3662 2789 3849 2844 Postea

2274 2874 2451 2926 omnia
2478 2874 2641 2928 refert
2667 2885 2937 2944 accurate,
2969 2884 3023 2932 et
3041 2878 3115 2931 ait
3141 2880 3279 2933 unde
3301 2879 3500 2936 clades.
3534 2881 3733 2936 Deinde
3760 2899 3844 2936 sa-

2274 2965 2435 3020 lutem
2476 2967 2657 3037 populi
2687 2967 2889 3038 ipsius,
2938 2977 2992 3025 et
3030 2972 3394 3041 acceptionem
3426 2974 3477 3027 in
3509 2975 3852 3045 sequentibus

2274 3069 2472 3114 narrat.

2866 3199 3093 3258 CAPUT
3146 3199 3262 3256 XII.

2346 3337 2402 3390 7.
2448 3354 2468 3388 ι
2504 3336 2636 3391 Cum
2663 3338 2924 3407 completa
2958 3338 3116 3393 fuerit
3143 3338 3405 3407 aiSpersio
3449 3355 3635 3394 manus
3678 3342 3851 3413 populi

2275 3432 2620 3499 sanctificati,
2649 3441 2972 3502 cognoscent
3011 3441 3249 3487 sanctum
3288 3474 3303 3499 ,
3332 3441 3387 3487 et
3410 3436 3856 3489 consummaban-

2278 3535 2363 3578 tur
2392 3524 2506 3580 haec
2536 3525 2730 3579 omnia.
2766 3525 2820 3580 8.
2854 3526 2916 3580 Et
2942 3540 3041 3594 ego
3066 3524 3277 3589 audivi,
3299 3535 3355 3580 et
3380 3539 3483 3579 non
3512 3526 3775 3585 intellexi.
3802 3537 3854 3579 et

2276 3615 2431 3668 dixi:
2468 3615 2725 3682 Domine,
2775 3615 2902 3686 quid
2947 3625 3189 3670 extrema
3238 3614 3465 3669 horum?
3495 3616 3550 3671 9.
3596 3615 3851 3669 Etdixit:

2283 3708 2443 3773 Vade,
2478 3707 2691 3773 Daniel,
2722 3708 2841 3777 quia
2871 3716 2924 3761 et
2943 3706 3107 3761 clausi
3138 3716 3263 3760 sunt
3290 3722 3568 3761 sermones
3598 3722 3761 3775 usque
3786 3707 3853 3759 ad

2279 3809 2487 3869 tempus
2538 3799 2674 3853 finis.
2727 3800 2810 3853 10.
2852 3798 3036 3866 Quoad
3082 3798 3346 3867 eligantur
3382 3809 3437 3852 et
3465 3798 3776 3852 dealbentur
3799 3807 3854 3851 ct

2280 3895 2399 3961 igne
2440 3893 2730 3960 probentur
2776 3894 2921 3944 multi
2969 3910 2981 3943 ε
3028 3893 3206 3960 inique
3250 3884 3425 3946 autem
3448 3902 3606 3962 agent
3651 3890 3848 3959 iniqui,

2278 4002 2449 4055 neque
2472 3987 2764 4053 intelligent
2791 3986 3138 4055 onmesimpti
3164 4004 3175 4039 :
3202 3995 3256 4040 at
3280 3985 3629 4055 intelligentes
3653 3985 3850 4039 intelli—

2277 4086 2422 4146 gent.
2451 4078 2535 4130 11.
2571 4078 2635 4131 Et
2663 4093 2692 4131 a
2721 4086 2960 4144 tempore
2986 4093 3092 4147 quo
3128 4087 3385 4132 mutatum
3424 4075 3585 4131 fuerit
3607 4077 3733 4146 juge
3763 4092 3851 4131 sa-

2279 4171 2556 4235 crificium,
2580 4181 2631 4224 et
2651 4171 2768 4224 data
2789 4170 2947 4224 fuerit
2967 4171 3290 4225 abominatio
3310 4170 3674 4234 desolationis,
3697 4179 3859 4224 erunt

2279 4262 2394 4317 dies
2422 4263 2567 4317 mille
2598 4262 2807 4316 ducenti
2838 4263 3141 4332 nonaginta.
3175 4262 3264 4316 12.
3304 4261 3498 4317 Beatus
3540 4261 3631 4331 qui
3665 4277 3859 4331 exspe-

2279 4364 2389 4409 ctat
2413 4366 2465 4409 et
2492 4356 2731 4424 pervenit
2752 4354 2816 4408 ad
2839 4354 2950 4409 dies
2988 4355 3132 4408 mille
3163 4362 3427 4409 trecentos
3466 4354 3677 4423 triginta
3699 4355 3859 4423 quin-

2280 4464 2403 4517 que.
2432 4448 2515 4500 15.
2550 4446 2613 4499 Ει
2644 4457 2698 4499 ιιι
2725 4446 2858 4499 vade
2878 4488 2892 4510 ,
2918 4461 2980 4501 ac
3009 4447 3283 4515 requiesce
3307 4464 3320 4499 :
3348 4446 3523 4501 adhuc
3570 4446 3710 4499 cuitu
3742 4448 3858 4500 dies

2281 4540 2333 4594 in
2356 4539 2763 4608 completionent
2785 4539 3257 4593 consummationis
3290 4557 3302 4592 :
3331 4548 3385 4593 et
3407 4539 3705 4609 requiesces
3728 4550 3861 4592 tem-

2282 4646 2380 4699 pus
2424 4640 2566 4683 tuum
2616 4630 2667 4683 in
2713 4630 3225 4684 consummationem
3256 4630 3464 4686 dierum
3491 4650 3508 4682 ι
3550 4630 3646 4701 (a).
3692 4631 3757 4684 Et
3780 4640 3855 4694 tu,

2282 4722 2484 4790 inquit,
2518 4721 2665 4775 sede.
2696 4719 2826 4774 Nam
2855 4729 2974 4789 post
2998 4720 3218 4774 multum
3266 4730 3475 4791 tempus
3519 4722 3635 4777 ιιωο
3681 4731 3856 4777 erunt.

2284 4819 2448 4888 lgitur
2494 4834 2596 4871 non
2625 4817 2692 4871 de
2736 4817 2911 4871 reditu
2953 4817 3308 4882 lamentatur,
3333 4817 3428 4872 sed
3469 4826 3591 4887 post
3630 4818 3857 4872 reditum

2282 4928 2380 4985 pro
2412 4913 2474 4967 iis
2503 4913 2590 4983 qui
2619 4911 2905 4966 redierant.
3652 4899 3663 4913 '

2566 5048 2789 5105 CAPUT
2834 5047 2973 5103 XIII.
3026 5047 3130 5118 (In
3178 5047 3332 5117 Vulg.
3385 5046 3573 5118 XIV.)

2359 5193 2406 5246 l.
2450 5210 2467 5241 ι
2499 5190 2566 5243 Ει
2594 5206 2683 5243 rex
2713 5190 2970 5259 Astyages
2998 5188 3269 5257 appositus
3298 5197 3380 5240 est
3400 5186 3463 5239 ad
3499 5196 3675 5254 patres
3696 5201 3823 5241 suos
3850 5203 3871 5241 :

2287 5296 2341 5338 et
2370 5283 2577 5353 acet-pit
2600 5281 2769 5351 Cyrus
2799 5281 2957 5334 l‘ersa
2990 5295 3205 5347 regnum
3250 5282 3364 5344 ejus
3393 5276 3489 5344 (b).
3540 5278 3591 5329 2.
3648 5277 3713 5331 Et
3738 5288 3857 5332 erat

2288 5441 2401 5492 mile
2436 5442 2642 5490 habetur
2677 5439 2778 5486 .tobi
2813 5437 2890 5491 42.
2915 5436 2963 5490 8,
2990 5435 3213 5482 existimo
3244 5440 3289 5482 S.
3329 5432 3713 5495 Chrysostomwn
3756 5446 3869 5481 eum

2290 5507 2445 5555 locum
2471 5506 2517 5551 in
2541 5510 2707 5551 mente
2731 5501 2974 5550 habuisse.
3000 5498 3072 5545 sic
3101 5496 3228 5543 enim
3255 5493 3492 5542 interdum
3520 5493 3870 5543 hallucinantur

2290 5566 2512 5617 Ecclesiae
2545 5566 2770 5613 doctores
2798 5559 3099 5610 sanctissimi.
3127 5565 3291 5606 Posset
3314 5557 3459 5605 etiam
3485 5556 3577 5604 dici
3603 5556 3872 5617 exscripto-

2290 5642 2395 5679 rem
2418 5630 2514 5674 duo
2538 5626 2639 5673 loca
2660 5624 2932 5673 confudisse
2950 5623 2997 5669 in
3024 5632 3189 5668 unum.

2356 5690 2427 5749 (n)
2462 5685 2754 5749 tionsulendi
2775 5692 2819 5731 Β.
2847 5684 3158 5749 Hieronymus
3181 5694 3236 5728 ac
3257 5679 3605 5749 Theodoretus.

2356 5691 2404 5749 (n
2462 5691 2749 5735 tionsulendi
2775 5692 2819 5731 Β.
2847 5691 3158 5743 Hieronymus
3181 5694 3236 5728 ac
3257 5691 3605 5749 Tneoooretus.
3771 5740 3781 5750 '

2354 5691 2427 5811 (bi
2462 5750 2510 5797 ld
2538 5750 2693 5809 primo
2715 5747 2940 5797 observo,
2968 5752 3010 5790 s‘.
3033 5743 3421 5811 Chrysostotnum
3451 5739 3871 5811 ¹ϐιηθεοξ,Οοῴοειξι

2295 5802 2569 5873 sequutum,
2605 5814 2693 5858 ista
2737 5820 2844 5855 cum
2882 5802 3209 5868 superioribus
3236 5802 3543 5866 conjunxissc
3574 5818 3587 5851 :
3623 5802 3870 5851 librarium
