4054 6320
182 440 385 511 δρίζου.
412 434 523 515 Kal
555 433 706 501 ἔστη.
749 426 903 493 Εἶδες
933 430 987 484 τί
1031 430 1178 484 ἐστιν
1203 429 1323 500 ὄψις
1358 427 1623 498 ἀγγέλου;
1655 428 1746 499 Μὴ

180 530 397 600 νομίσῃς
436 526 636 597 χαλκὸν
661 519 798 578 εἶναι
823 524 882 577 τὸ
902 524 1198 596 ὁρώμενον,
1234 522 1369 594 μηδὲ
1394 520 1633 593 χρυσίον.
1652 522 1748 584 Τίς

181 620 279 691 γάρ
301 619 403 672 οὐκ
431 619 499 671 ἂν
520 616 733 685 ἐνέγκοι
764 613 970 667 τούτων
999 614 1099 685 τὴν
1131 613 1255 682 ὄψιν
1278 630 1293 678 ;
1318 610 1603 680 Πανταχοῦ
1640 612 1749 682 γὰρ

180 709 233 763 τὸ
266 708 381 776 φῶς
405 707 604 760 κεῖται.
639 704 795 757 Ἐπεὶ
828 702 1008 756 τοίνυν
1035 701 1366 770 ἀπεστάλην,
1393 698 1752 771 προσημαίνω

180 798 326 852 τοῦτο
354 796 535 867 μόνον,
561 793 715 865 φησὶ,
748 792 823 865 μὴ
847 792 1166 865 διαφθείρῃς
1199 793 1297 863 τὴν
1336 790 1519 862 χάριν.
1557 791 1752 845 Ἠκού-

182 895 414 958 σθησαν
433 890 488 941 οἱ
502 889 673 957 λόγοι
693 902 831 951 σου,
850 884 947 939 καὶ
968 882 1082 954 έτὼ
1107 880 1381 954 ἧλθονέν
1400 881 1525 948 τοῖς
1547 882 1752 951 λόγοις

181 998 305 1035 σου.
334 980 401 1032 Τί
429 978 539 1049 γάρ
568 976 886 1049 παρεκάλει,
921 976 1015 1029 καὶ
1045 975 1098 1028 τί
1132 974 1331 1039 ὲδείτος
1366 974 1476 1026 Kal
1505 974 1611 1044 μὴν
1629 973 1751 1044 οὐχὶ

180 1074 341 1126 ταῦτα
362 1070 512 1139 αὑτῷ
542 1068 741 1136 λέγεις,
775 1068 896 1121 οὐδὲ
925 1066 1165 1121 τοιοῦτον
1201 1066 1373 1119 οὐδέν.
1411 1066 1564 1133 Τάχα
1590 1064 1744 1117 €606-

182 1163 290 1217 λετο
319 1164 513 1234 μαθεῖν
539 1159 780 1231 ἀκριϐῶς
807 1158 899 1232 τὸν
923 1159 1133 1231 χρόνον,
1158 1159 1254 1211 καὶ
1286 1157 1349 1210 τὸ
1384 1158 1522 1227 μετά
1551 1156 1747 1211 ταῦτα.

180 1259 275 1312 Kal
292 1260 326 1310 ὁ
348 1256 550 1323 ἅρχων
563 1253 675 1321 τῆς
693 1253 1037 1318 βασιλείας,
1056 1252 1209 1321 φησὶ,
1227 1248 1475 1317 Περσῶν
1488 1249 1752 1315 εἱστήκει

183 1349 240 1414 ἐξ
263 1347 546 1412 ἐναντίας
564 1363 703 1414 μου.
726 1342 872 1415 τΑρα
902 1344 977 1415 μὴ
1002 1345 1094 1397 τὸν
1119 1342 1226 1397 τῶν
1246 1342 1342 1396 ἀνθ
1353 1340 1548 1413 ρώπων
1575 1342 1753 1411 λέγων

184 1442 410 1513 ἄρχοντα
429 1440 744 1510 ;Οὑδαμῶς.
767 1438 876 1491 Kal
897 1437 1006 1507 γάρ
1027 1437 1261 1507 ἀλλαχοῦ
1279 1436 1445 1504 λέγει⁹
1477 1437 1539 1488 '0
1553 1435 1754 1505 ἄρχων

184 1535 285 1589 τῶν
319 1532 630 1599 Ἑλλήνων
657 1529 932 1599 ἐξῆλθεν.
967 1530 1119 1599 Ἐμοὶ
1145 1530 1293 1582 δοκεῖ
1313 1523 1464 1592 οὗτος
1486 1529 1586 1582 οὐκ
1614 1525 1753 1581 εἶναι

184 1623 275 1675 τῶν
298 1622 600 1692 ἀρχόντων,
630 1619 750 1673 οὐδὲ
783 1619 891 1673 τῶν
931 1619 1377 1689 ἐπιτεταγμένων
1409 1618 1581 1682 ἔθνος,
1615 1618 1751 1673 ἀλλά

184 1714 275 1767 τῶν
312 1714 429 1767 ἀνω
448 1712 751 1782 δυνάμεων.
784 1707 918 1764 Εἶτα
938 1710 1157 1764 ἐπειδάν
1179 1712 1280 1764 οὐκ
1307 1710 1488 1781 ἴσχυον
1512 1713 1561 1764 οἱ
1584 1712 1751 1780 ἀγγε-

184 1811 252 1865 λοι
281 1812 433 1864 ἄλλοι
486 1811 802 1880 ἀντιστῆναι
833 1808 1014 1878 αὐτῷ,
1049 1807 1222 1877 τούτῳ
1253 1806 1490 1875 λέγεται.
1531 1807 1752 1862 Ἀπελύ-

186 1906 365 1977 θησαν,
393 1904 558 1977 φησί·
584 1905 637 1958 τί
668 1904 831 1958 πάλιν
862 1902 1074 1974 ζητεῖς
1108 1901 1218 1955 Kal
1256 1902 1384 1956 ἰδοὺ
1410 1902 1653 1972 Μιχαὴλ
1668 1898 1756 1969 εἷς

185 2003 290 2056 τῶν
308 2003 624 2071 ἀρχόντων
664 1998 780 2054 τῶν
804 1998 1054 2068 πρώτων
1086 1996 1238 2070 ἦλθε
1266 1997 1578 2067 ,βοηθῆσαί
1602 2016 1705 2068 μοι
1739 2016 1752 2029 ο

189 2102 269 2153 καὶ
293 2100 484 2153 αὐτὸν
499 2095 823 2150 κατέλιπον
852 2094 981 2148 ἐκεῖ
1000 2095 1152 2163 μετὰ
1180 2097 1289 2149 τοῦ
1322 2095 1613 2163 ἄρχοντος
1637 2094 1754 2158 βα-

190 2198 392 2262 σιλέως
443 2193 712 2262 Περσῶν.
762 2193 871 2248 Kal
920 2188 1113 2263 ἦλθον
1149 2192 1468 2245 συνετίσαι
1518 2207 1592 2244 σε
1639 2190 1757 2243 ὅσα

191 2294 585 2363 ἀπαντήσεται
605 2290 685 2356 τῷ
715 2288 844 2354 λαῷ
880 2305 996 2343 σου
1040 2288 1133 2341 ἐπ’
1165 2286 1443 2356 ἐσχάτων
1461 2285 1581 2340 τῶν
1608 2287 1755 2357 ήμε-

187 2390 311 2459 ρῶν,
344 2390 435 2443 ὅτι
481 2386 612 2441 ἰδοὺ
644 2387 685 2455 ή
736 2386 945 2454 ὅρασις
972 2387 1059 2451 εὶς
1088 2384 1335 2454 ἡμέρας.
1388 2384 1543 2446 Τίνος
1571 2384 1757 2439 ἕνεκεν

192 2487 281 2559 πρὸ
306 2487 415 2541 τῶν
449 2484 623 2538 εἴκοσι
653 2481 875 2554 ἡμερῶν
910 2483 1010 2535 οὐκ
1039 2476 1201 2553 ἦλθεν
1232 2480 1261 2533 6
1293 2480 1545 2551 Μιχαήλ;
1596 2480 1757 2553 Ἐμοὶ

190 2584 337 2649 δοκεῖ,
368 2581 540 2646 δεῖξαι
574 2580 822 2651 βούλεται
852 2577 930 2649 τῷ
960 2579 1237 2649 προφήτῃ,
1274 2577 1355 2630 ὅτι
1401 2577 1758 2649 κεκωλυμένα

190 2683 479 2752 πράγματα
510 2680 651 2734 αἰτεῖ
680 2677 773 2731 καὶ
794 2676 1084 2747 παράνομα
1116 2676 1210 2728 καὶ
1235 2676 1755 2746 κατηναγκασμένα,

193 2778 457 2848 μονονουχὶ
486 2777 584 2830 καὶ
611 2776 724 2837 τοῖς
767 2772 1021 2841 ἀγγέλοις
1076 2771 1198 2841 βίαν
1250 2770 1441 2826 ποιῶν.
1468 2771 1569 2825 Διά
1599 2771 1759 2826 τοῦτο

189 2874 297 2927 οὐδὲ
327 2872 549 2943 Μιχαὴλ
586 2870 792 2932 εὐθέως
825 2871 881 2921 ὲν
911 2869 1053 2939 ἀρχῇ
1093 2865 1298 2937 βοηθεῖ,
1347 2866 1462 2921 ἀλλ’
1503 2866 1753 2941 ὕστερον,

192 2969 269 3024 ἶνα
307 2968 549 3040 μάθωσιν
586 2968 670 3021 ὅτι
704 2965 804 3018 οὐκ
849 2959 991 3034 ἦσαν
1025 2962 1165 3028 ἄξιοι
1215 2961 1457 3018 ἀνελθεῖν
1510 2963 1560 3016 οί
1619 2963 1757 3034 μετά

187 3067 370 3122 ταῦτα.
409 3063 745 3119 Ἀδικοῦνται
775 3063 824 3115 οἱ
860 3061 1103 3131 ἄγγελοι.
1144 3061 1255 3116 Kal
1290 3060 1483 3114 αὑτὸν
1511 3058 1758 3130 ἀφῆκαν

186 3162 323 3229 ἐκεῖ,
351 3162 492 3216 ὥστε
533 3162 568 3234 ἢ
616 3161 825 3224 πεῖσαι,
865 3157 900 3229 ἢ
952 3156 1215 3211 κωλῦσαι.
1257 3158 1368 3210 Καὶ
1402 3156 1487 3220 τίς
1526 3155 1757 3226 ἄγγελος

188 3259 448 3322 τοιοῦτος,
492 3257 567 3321 ὡς
612 3254 852 3319 ἀκούσας
883 3252 978 3307 τοῦ
1030 3252 1166 3308 Θεοῦ
1212 3254 1392 3319 δόντος
1437 3254 1535 3326 τὴν
1563 3254 1756 3325 χάριν,

187 3354 532 3422 ἀντιστῆναις
576 3352 984 3423 Σωματοποιεί,
1020 3351 1097 3414 ώς
1143 3346 1318 3421 οἶμαι,
1375 3350 1435 3404 τὺ
1486 3352 1718 3423 πρᾶγμα
1742 3390 1757 3415 ,

189 3450 381 3521 ὥσπερ
408 3450 524 3502 ἐκεῖ
548 3448 614 3523 [ι’.
653 3447 800 3520 επεὶ]
848 3446 1034 3515 ἐλεγε’
1071 3448 1166 3513 Τίς
1205 3446 1585 3512 ἐξελεύσεται
1606 3488 1623 3513 ,
1659 3448 1761 3502 καὶ

195 3550 501 3615 ἀπατήσει
520 3564 618 3617 μοι
645 3546 748 3600 τὸν
799 3543 1049 3614 Ἀχαά6;
1073 3543 1183 3596 Kal
1213 3544 1375 3599 πάλιν
1401 3559 1415 3574 ·
1453 3545 1636 3614 ’Δφες
1658 3561 1759 3614 με,

187 3645 288 3699 καὶ
327 3644 623 3713 ἐξαλείψω
663 3643 906 3710 αὐτούς.
962 3642 1037 3696 Οὐ
1088 3641 1361 3696 κωλύεται
1388 3643 1417 3696 6
1445 3640 1608 3706 Θεὸς,
1640 3642 1759 3695 οὐδὲ

188 3743 435 3814 ἀνάγκην
483 3740 714 3812 πάσχει,
753 3739 1116 3810 κατεχόμενος
1160 3738 1265 3791 ὑπὸ
1310 3735 1405 3791 τοῦ
1452 3739 1755 3810 προφήτου.

189 3843 343 3896 οὕτω
391 3840 456 3913 δὴ
508 3840 603 3894 καὶ
636 3836 891 3893 ἐνταῦθα.
940 3838 1050 3891 Kal
1097 3836 1258 3891 πάλιν
1298 3835 1533 3908 ἀλλαχοῦ
1578 3853 1710 3908 φησι
1742 3854 1756 3866 ’

192 3939 368 4010 ’Δφες
382 3955 483 4009 με,
521 3938 611 3991 ὅτι
634 3937 819 4005 ἀνέϐη
843 3939 877 3990 ό
901 3935 1129 4005 ὄρθρος.
1157 3930 1317 4006 [252]
1337 3933 1449 3987 Kal
1479 3932 1640 3986 πάλιν
1668 3934 1760 3985 ἐπὶ

186 4038 273 4092 τοῦ
309 4036 544 4107 ἀγγέλου
590 4036 685 4089 καὶ
718 4033 815 4107 τῆς
853 4032 977 4087 ὃνου
992 4049 1005 4062 ·
1053 4033 1125 4086 El
1158 4029 1246 4100 μὴ
1283 4031 1609 4099 πρόσωπόν
1640 4045 1759 4084 σου

187 4136 421 4198 War,
443 4131 629 4203 φησίν.
658 4131 771 4184 Οὐκ
799 4130 906 4201 ἀρα
942 4127 1103 4182 τοῦτο
1143 4126 1413 4181 δείκνυσιν
1439 4127 1599 4181 αὑτὸν
1633 4126 1760 4180 ἀνθ-

192 4233 472 4304 ιστάμενον
514 4230 597 4301 τῷ
641 4227 783 4299 Θεῷ,
822 4227 937 4281 ἀλλ’
963 4226 1021 4279 ἓν
1058 4226 1254 4297 μόνον,
1302 4225 1383 4278 ὅτι
1425 4224 1755 4280 ἀδικοῦνται.

188 4329 431 4385 Τοσαῦτα
461 4328 681 4399 ἰσχυσεν
706 4326 741 4379 6
762 4324 977 4396 Δανιήλ.
1005 4322 1319 4393 Κατῆλθον
1336 4323 1652 4378 συνετίσαι
1687 4335 1762 4375 σε

188 4426 297 4483 ὅσα
321 4425 738 4491 ἀπαντήσεται
752 4420 831 4488 τῷ
855 4420 981 4487 λαῷ
1012 4436 1149 4476 σου.
1167 4422 1307 4491 Ὅρα
1335 4420 1452 4484 πῶς
1468 4420 1763 4488 ἀναγκαῖον

192 4526 418 4595 πρᾶγμα
468 4498 632 4591 ἀφεὶς
653 4560 668 4586 ,
720 4518 1067 4586 ἀπολογεῖται
1122 4517 1203 4588 τῷ
1254 4518 1529 4590 προφήτῃ.
1593 4517 1761 4570 Πάλιν

188 4620 494 4686 ἐξίσταται⁶
534 4618 696 4673 πάλιν
728 4617 890 4671 αὐτὸν
929 4616 1198 4687 ἀνίστησι,
1255 4617 1350 4670 καί
1407 4630 1572 4688 φησι·
1623 4616 1763 4687 Ἐγὼ

191 4721 507 4789 πορεύομαι
556 4716 664 4771 τοῦ
733 4712 1072 4785 πολεμῆσαι
1109 4713 1259 4785 μετὰ
1312 4713 1421 4769 τοῦ
1471 4713 1764 4785 ἄρχοντος

192 4816 451 4884 Περσῶν.
478 4814 591 4869 Kal
612 4813 728 4882 ἐγὼ
750 4811 1211 4882 ἐξεπορευόμην,
1252 4811 1351 4865 καὶ
1384 4813 1417 4864 ὀ
1433 4810 1631 4881 ἅρχων
1646 4810 1765 4864 τῶν

202 4912 511 4981 Ἑλλήνων
541 4910 782 4979 ἤρχετο.
825 4910 987 4972 Ἴσως
1020 4910 1137 4973 ἐνὸς
1186 4910 1294 4961 τῶν
1338 4907 1765 4979 ἐναντιουμένων

189 5011 278 5063 ἐπὶ
330 5012 448 5073 τοῖς
493 5010 776 5080 ἐσομένοις
804 5046 819 5071 ,
880 5005 1022 5059 ὥστε
1076 5007 1188 5069 τοῖς
1221 5003 1364 5058 κατά
1425 5003 1766 5058 Μακεδονίαν

191 5107 516 5178 πολεμῆσαι.
540 5106 650 5159 Kal
680 5102 836 5158 οὔπω
854 5102 1123 5156 πείθεται.
1162 5102 1402 5172 Πόλεμος
1429 5102 1487 5154 ὲν
1514 5100 1767 5169 ἀγγέλοις

186 5204 319 5269 ἐστὶ,
360 5202 507 5273 μάχη
540 5202 669 5274 περὶ
705 5198 1045 5272 ἀνθρώπωνς
1095 5200 1222 5253 Ναί.
1254 5199 1403 5254 Πάνυ
1443 5197 1551 5269 γὰρ
1588 5197 1768 5252 αὐτῶν

187 5303 464 5373 κήδονται.
512 5299 681 5355 Οὔπω
747 5296 996 5370 ἐπείσθη.
1053 5297 1263 5366 Ὠσπερ
1316 5295 1383 5350 ἂν
1438 5296 1581 5350 εἰποι
1647 5313 1766 5361 τις·

191 5396 741 5473 Ἀναγκάςομαιτῷδε
775 5394 1171 5466 φιλονεικῆσαι.

754 5519 1004 5574 ΚΕΦΑΛ.
1030 5521 1135 5574 IA'.

260 5659 371 5713 Kal
384 5660 621 5733 ἐγένετο
643 5658 715 5713 ἐν
735 5656 857 5710 ἐτει
879 5654 1082 5723 πρώτῳ
1100 5654 1318 5723 Κύρου,
1333 5651 1447 5723 ἐγὼ
1466 5652 1654 5721 ἔστην
1682 5655 1770 5720 είς

195 5754 403 5824 κράτος
420 5757 518 5814 xal
532 5755 747 5824 ἰσχύν.
760 5752 869 5808 Kal
886 5751 1001 5806 νῦν
1020 5750 1327 5846 ἀνάγ-γελῶ
1342 5766 1439 5807 σοι
1457 5750 1764 5820 ἀλήθειαν.

1552 318 1621 373 IN
1658 316 2026 374 DANIELEM.

3319 322 3424 380 ΞΗ

1850 429 1961 481 Kal
2000 427 2141 494 τότε,
2192 428 2347 498 φησὶ,
2380 428 2559 492 σώσας
2590 427 2701 497 ἐγώ
2727 428 2862 500 εἰμι.
2903 431 3021 485 Ἵνα
3048 431 3157 505 γὰρ
3181 432 3256 507 μὴ
3288 434 3423 512 λέγῃ

1844 541 1960 589 τιςο
1988 526 2056 578 Τί
2099 523 2192 580 οὖν
2228 527 2502 598 πολεμεῖς;
2535 528 2588 581 τί
2617 523 2731 593 οὖν,
2769 529 2835 582 ἂν
2866 530 2940 602 μὴ
2973 533 3230 605 νικήσῃςς
3268 537 3422 608 Οὐχὶ,

1847 627 2001 698 φησί.
2029 629 2140 682 Kal
2167 630 2288 683 τότε
2327 628 2437 697 ἐγὼ
2462 628 2642 683 αὐτῶν
2664 631 2956 702 προέστην.
3008 633 3118 687 Kal
3150 636 3261 688 οὐκ
3292 635 3425 689 ἔστι

1848 731 1978 800 γὰρ,
2014 731 2168 801 φησὶ,
2200 725 2287 798 εἷς
2305 732 2704 801 ἀντεχόμενός
2726 750 2829 801 μοι
2851 734 2984 802 περὶ
3021 737 3268 805 τούτων,
3286 738 3423 792 ἀλλ’

1846 830 1887 899 ἢ
1920 832 2165 901 Μιχαὴλ
2195 835 2228 887 ὀ
2261 833 2461 902 ἄρχων
2490 831 2708 886 αὐτῶν.
2761 832 2945 887 Ταῦτα
2976 834 3122 904 λέγει
3149 836 3235 890 ἴνα
3261 839 3427 913 πείσῃ

1848 934 2011 987 αὐτὸν
2031 977 2047 1002 ,
2088 935 2170 988 ὅτι
2201 934 2263 987 οὐ
2294 934 2552 1005 πολέμιός
2604 934 2753 988 ἐστιν
2782 936 2931 1007 αὐτῷ
2956 939 3049 990 καὶ
3085 938 3294 1009 ἐχθρὸς,
3330 943 3425 992 καὶ

1847 1037 1931 1091 ὅτι
1965 1040 2268 1110 πράγματα
2321 1040 2464 1093 αἰτεῖ
2510 1037 2885 1108 κεκωλυμένα.
2935 1040 3047 1109 Οὐχ
3092 1040 3174 1092 ὅτι
3215 1040 3427 1110 βοηθῶν

1846 1141 2035 1195 δεῖται.
2074 1140 2197 1203 Πῶς
2229 1140 2378 1213 γάρ;
2417 1140 2702 1195 Δείκνυται
2743 1141 2825 1193 ὅτι
2877 1135 3029 1204 οὗτος
3073 1142 3173 1195 οὐκ
3207 1137 3276 1212 ἦν
3316 1144 3426 1196 τῶν

1845 1242 2140 1314 ἀρχόντων.
2161 1237 2294 1295 Εἶτα
2315 1242 2460 1310 λέγει
2485 1244 2663 1297 πάντα
2681 1242 2820 1313 μετὰ
2835 1243 3139 1315 ἀκριϐείας,
3164 1246 3255 1299 καὶ
3277 1245 3426 1315 λέγει

1847 1342 2011 1395 πόθεν
2035 1342 2091 1394 αἱ
2118 1336 2302 1413 ἧτται.
2353 1338 2486 1395 Εἶτα
2530 1342 2677 1411 λέγει
2706 1342 2805 1413 τὴν
2839 1343 3115 1414 σωτηρίαν
3160 1344 3255 1397 τοῦ
3291 1346 3429 1401 λαοῦ

1847 1442 2013 1495 αὑτοῦ
2042 1444 2100 1495 ὲν
2135 1445 2247 1506 τοῖς
2279 1442 2403 1514 ἑξῆς
2444 1444 2539 1497 καὶ
2562 1444 2621 1496 τὸ
2646 1444 2886 1513 δόκιμον.

2455 1611 2708 1665 ΚΕΦΛΛ.
2762 1612 2861 1667 IB'.

1934 1735 2034 1788 Ἐν
2071 1734 2149 1800 τῷ
2183 1735 2664 1805 συντελεσθῆναι
2703 1736 3185 1808 διασκορπισμὸν
3228 1742 3432 1810 χειρὸς

1848 1835 2000 1889 λαοῦ
2026 1834 2412 1904 ήγιασμένου,
2445 1835 2779 1907 γνώσονται
2800 1837 2990 1908 ἅγιον,
3020 1840 3116 1893 καὶ
3140 1847 3430 1896 συντελε-

1850 1936 2143 2003 σθήσετιιι
2168 1935 2355 1989 ταῦτα
2388 1934 2604 1989 πάντα.
2631 1935 2741 1989 Kal
2771 1936 2886 2005 ἐγὼ
2916 1936 3174 2005 ἤκουσα,
3208 1941 3305 1992 καὶ
3354 1943 3429 1995 οὐ

1850 2034 2116 2105 συνῆκα,
2146 2035 2244 2088 καὶ
2271 2030 2467 2089 εἷπον·
2499 2036 2697 2103 Κύριε,
2727 2031 2783 2089 τί
2817 2037 2888 2090 τὰ
2907 2037 3137 2106 ἔσχατα
3166 2040 3429 2103 τούτωνξ

1851 2140 1960 2190 Καὶ
1977 2132 2108 2190 εἶπε
2135 2152 2149 2167 ο
2174 2136 2378 2204 Δεῦρο,
2419 2134 2668 2203 Δανιὴλ,
2699 2135 2788 2188 ὅτι
2826 2136 2922 2189 καὶ
2956 2136 3431 2208 ἐμπεφραγμένοι

1850 2240 1905 2291 ol
1940 2239 2109 2307 λόγοι
2157 2237 2268 2304 ἕως
2314 2235 2521 2305 καιροῦ
2563 2236 2836 2305 πέρατος.
2880 2236 3036 2304 ’Ἕως
3074 2238 3429 2309 ἐκλεγῶσιν,

1852 2338 1945 2391 καί
1982 2337 2486 2405 ἐκλευκανθῶσιν,
2533 2337 2633 2391 καὶ
2679 2338 2993 2406 πιφωθῶσι
3040 2342 3282 2405 πολλοὶ,
3332 2343 3432 2396 καὶ

1852 2440 2243 2509 ἀνομήσωσιν
2267 2440 2496 2510 ἄνομοι,
2552 2438 2653 2493 καὶ
2700 2441 2773 2494 οὑ
2836 2440 3157 2507 συνήσωσι
3208 2442 3432 2511 πάντες

1851 2544 2108 2611 ἀσεϐεῖς,
2157 2544 2257 2598 καὶ
2305 2546 2360 2598 οί
2409 2544 2707 2613 νοήμονες
2740 2542 3120 2611 συνήσωσιν.
3169 2546 3278 2600 Kal
3311 2548 3429 2602 ἀπὸ

1852 2647 2062 2716 καιροῦ
2083 2645 2517 2715 παραλλάξεως
2534 2646 2642 2701 τοῦ
2663 2645 3119 2717 ἐνδελεχισμοῦ,
3136 2649 3235 2701 καὶ
3253 2648 3431 2719 δοθῆ-

1853 2765 1954 2802 ναι
1997 2747 2317 2818 ,βδέλυγμα
2356 2749 2728 2817 ἐρημώσεως,
2759 2748 2968 2818 ἡμέραι
3003 2750 3191 2818 χίλιαι
3225 2751 3429 2804 διακό-

1855 2862 1984 2903 σιαι
2040 2847 2467 2917 ἐννενήκοντα.
2520 2850 2825 2919 Μακάριος
2880 2854 2913 2906 ό
2967 2852 3286 2922 ὑπομένων
3330 2855 3432 2908 καὶ

1853 2949 2093 3019 φθάσας
2148 2951 2236 3016 εὶς
2300 2950 2525 3020 ἡμέρας
2606 2954 2806 3021 χιλίας
2865 2955 3210 3022 τριακοσίας
3276 2972 3431 3023 τρια-

1852 3053 2243 3107 κονταπέντε.
2293 3051 2405 3105 Kal
2448 3051 2531 3104 σὺ
2575 3052 2774 3121 δεῦρο,
2811 3054 2908 3108 καὶ
2939 3055 3255 3110 ἀναπαύου
3280 3073 3294 3087 ·
3343 3056 3433 3111 ἔτι

1852 3150 1966 3223 γὰρ
2011 3152 2223 3222 ήμέραι
2268 3155 2356 3219 εὶς
2407 3154 2843 3225 ἀναπλήρωσιν
2888 3157 3247 3222 συντελείας
3268 3171 3282 3186 ’
3331 3158 3433 3217 και

1853 3255 2232 3319 ἀναπαύσεις
2264 3256 2372 3308 τὸν
2400 3258 2609 3324 καιρόν
2636 3273 2752 3312 σου
2780 3260 2868 3325 εὶς
2896 3258 3257 3314 συντέλειαν
3287 3259 3434 3328 ήμε-

1846 3356 1994 3427 ρῶν.
2026 3359 2134 3412 Kal
2160 3360 2247 3424 σὺ,
2278 3359 2431 3428 φησὶ,
2458 3360 2709 3413 κάθισον·
2748 3362 2887 3431 μετά
2911 3362 3019 3434 γὰρ
3050 3363 3240 3434 χρόνον
3263 3363 3437 3416 πολὺν

1854 3466 2029 3519 ταῦτά
2060 3467 2227 3520 ἐστιν.
2272 3468 2415 3538 ’Λρα
2440 3467 2503 3520 οὐ
2543 3468 2671 3538 περὶ
2709 3469 2810 3539 τῆς
2841 3470 3030 3523 ἀνόδου
3060 3469 3270 3543 θρηνεῖ,
3297 3471 3436 3526 ἀλλὰ

1857 3569 1999 3641 μετά
2032 3567 2093 3622 τὸ
2124 3566 2367 3642 ἀνελθεῖν
2395 3568 2523 3640 περὶ
2548 3568 2659 3622 τῶν
2694 3570 3044 3627 ἀνελθόντων.

2358 3685 2512 3760 [255]
2541 3688 2792 3742 ΚΕΦΑΛ.
2822 3689 2921 3743 ll".

1927 3807 2035 3862 Kal
2087 3810 2121 3861 ό
2170 3806 2473 3873 βασιλεὺς
2514 3807 2850 3878 Ἀστυάγης
2902 3808 3233 3879 προσετέθη
3284 3811 3436 3880 πρὸς

1857 3911 1999 3976 τοὺς
2038 3909 2297 3977 πατέρας
2346 3909 2532 3964 αὐτοῦ
2555 3926 2573 3939 ο
2611 3910 2711 3963 καὶ
2776 3910 3115 3979 παρέλαϐεν
3153 3912 3349 3981 Κῦρος
3401 3917 3438 3969 ὁ

1856 4012 2095 4082 Πέρσης
2145 4012 2260 4081 τὴν
2300 4012 2630 4076 βασιλείαν
2677 4013 2886 4070 αὑτοῦ.
2920 4015 3029 4069 Kal
3088 4010 3168 4085 ἦν
3210 4014 3439 4085 Δανιὴλ

1857 4118 2196 4189 συμϐιώτης
2262 4118 2369 4173 τοῦ
2411 4119 2715 4188 ,ϐασιλέως
2740 4161 2756 4185 ,
2820 4121 2921 4175 καί
2974 4120 3223 4189 ἔνδοξος
3285 4125 3440 4194 ὑπὲρ

1859 4220 2091 4286 πάντας
2109 4221 2249 4288 τοὺς
2276 4216 2511 4291 φίλους
2531 4222 2745 4277 αὐτοῦ.
2770 4221 2851 4276 Ta
2874 4223 3015 4276 κατά
3039 4224 3130 4277 τὸν
3164 4224 3273 4297 Βὴλ
3303 4227 3439 4297 ἡμῖν

1859 4321 2166 4395 ἀνέγραψεν
2191 4323 2221 4375 6
2244 4323 2464 4394 Δανιήλ.
2503 4325 2628 4394 Οὐχ
2659 4323 2825 4392 δρᾷς,
2873 4326 3028 4397 φησὶ,
3060 4326 3223 4380 πόσα
3247 4325 3436 4381 ἐσθίει

1860 4423 1960 4479 καὶ
1992 4426 2191 4488 πίνεις
2238 4424 2439 4491 Βαὸαὶ,
2464 4424 2650 4496 ἡλίκον
2680 4427 2982 4497 τεκμήριον
3010 4426 3152 4490 θεοῦ,
3183 4428 3277 4481 καὶ⁴
3302 4427 3444 4498 γνώρ

1864 4545 2055 4600 ρισμα,
2073 4529 2135 4582 τὸ
2162 4527 2333 4581 πολλά
2349 4528 2549 4582 ἐσθίειν
2568 4531 2662 4582 καὶ
2684 4529 2879 4584 πίνειν.
2900 4529 2957 4583 Ὀ
2972 4529 3169 4602 Δανιὴλ
3199 4532 3297 4584 οὐκ
3316 4527 3437 4585 εἷπε

1861 4630 2018 4684 τοῦτο
2044 4642 2070 4670 α
2098 4646 2112 4661 ο
2197 4630 2368 4683 Τοῦτο
2395 4630 2487 4683 οῦν
2525 4630 2676 4690 Θεὸς,
2705 4630 2827 4685 εἰπέ
2858 4648 2944 4703 μοι
2968 4647 2988 4697 ;
3077 4631 3305 4704 ἀσθενὴς
3329 4631 3443 4706 γὰρ

1860 4725 1930 4803 ἦν
1963 4733 2203 4796 ἐκεῖνος’
2256 4731 2372 4786 ἀλλ’
2402 4734 2467 4785 ἐκ
2499 4731 2815 4803 περιουσίας
2844 4731 3114 4804 ἐνίκησεν.
3157 4733 3300 4803 Ἐγώ
3354 4750 3439 4789 σοι

1863 4832 1954 4888 τὸν
1985 4833 2117 4888 Θεὸν
2160 4832 2302 4906 [τὸν]
2331 4833 2595 4888 κτίσαντα
2626 4835 2718 4889 τὸν
2755 4833 2984 4906 οὐρανὸν
3022 4835 3165 4904 λέγω
3216 4836 3310 4890 καὶ⁵
3338 4837 3445 4905 τὴν

2197 4628 2368 4683 Τοῦτο
2395 4625 2487 4683 οῦν
2525 4630 2676 4690 Θεὸς,
2705 4630 2827 4685 εἰπέ
2858 4648 2944 4703 μοι
2968 4647 2988 4697 ;

1864 4937 2003 5006 γῆν⁸
2036 4940 2101 4991 σὺ
2130 4936 2186 4990 δέ
2230 4954 2318 5006 μοι
2357 4937 2598 5006 γαστέρα
2654 4936 2988 5007 μαινομένην
3038 4935 3307 5008 παράγεις
3360 4937 3441 4998 είς

1870 5039 2032 5110 μέσον
2056 5056 2071 5106 ;
2095 5038 2266 5092 Τοῦτο
2300 5038 2533 5111 μάλιστα
2547 5038 2648 5090 οὐκ
2668 5037 2734 5091 ἂν
2754 5037 2839 5107 εἴη
2871 5036 3038 5090 Θεοῦ·
3071 5035 3204 5099 Θεὸς
3234 5035 3343 5106 γὰρ
3377 5013 3445 5089 οῦ

1870 5140 2207 5218 πεινάσει,οὑ
2225 5140 2499 5194 κοπιάσει.
2515 5138 2653 5192 Ἀλλ’
2669 5140 2729 5192 οὐ
2755 5138 3000 5209 βούλεται
3014 5137 3121 5191 ἀπὸ
3140 5135 3439 5206 λογισμῶν,

1868 5245 2002 5299 ἀλλὰ
2032 5244 2140 5299 ἀπὸ
2190 5243 2529 5315 πραγμάτων
2560 5244 2736 5314 νικᾷν.
2784 5241 2894 5295 Kal
2933 5238 3202 5311 τιμωρίαν
3242 5237 3441 5309 ὥρισεν

1869 5344 2029 5408 αὐτὸς
2054 5344 2083 5396 6
2111 5341 2379 5412 βασιλεύς.
2407 5342 2563 5406 Τίνος
2590 5342 2774 5396 ἕνεκεν
2799 5342 2922 5412 οὐχὶ⁵
2946 5337 3228 5410 παρόντων
3249 5336 3441 5400 ἐσθίει,

1869 5446 1982 5500 ἀλλ’
2012 5447 2069 5499 ἐν
2085 5444 2238 5499 νυκτί
2255 5461 2269 5510 ;
2287 5445 2410 5509 Πῶς
2427 5445 2623 5498 ἐκεῖνοι
2640 5443 2798 5496 τοῦτο
2810 5443 2867 5496 οὐ
2890 5438 3145 5504 συνεῖδον,
3166 5439 3248 5492 ὅτι
3269 5435 3439 5509 had.

1938 5762 1962 5789 ⁸
1988 5757 2158 5809 Τοῦτο.
2188 5755 2293 5809 Vox
2310 5754 2517 5813 inutilis,
2538 5751 2701 5803 forsan
2721 5746 2949 5800 delenda.
