4126 6294
596 252 705 308 243
1285 257 1342 314 S.
1377 257 1660 315 JOANNIS
1697 260 2189 323 CHRYSOS‘I‘OII
2220 266 2540 327 ARCIIIEP.
2575 266 3123 326 CONSTANTINOP.
3743 268 3851 326 946

596 365 689 454 λον
709 365 1226 454 διὰξῆςᾼβοηθείας·
1258 370 1602 441 ὲλέγχεσϐαι;
1625 374 1792 427 Ὅταν
1815 374 1947 438 Θεὸς
1964 379 2172 431 atumo-
2273 383 2575 454 ἐνεχθῆναι,
2613 382 2729 436 ἀλλ’
2759 382 2865 435 ἀπὸ
2916 381 3014 452 τῆς
3048 377 3345 445 ’[ουδαίαςς
3398 375 3571 431 Τοῦτο
3607 376 3759 448 φίλον
3785 376 3853 453 ἦν

602 452 700 538 pi},
716 449 890 538 μηδὲν
914 450 1221 523 Θαυμάσῃς.
1249 456 1356 508 Καὶ
1379 456 1727 511 ἀπέκτεινεν
1746 460 1987 525 αὐτοὺς,
2013 461 2166 531 φησί.
2271 449 2659 538 τῷίῖπροφήτῃ,
2689 466 2776 520 ἵνα
2803 466 2877 536 μὴ
2902 449 3138 517 τὰαύτὰ
3165 463 3367 534 ποιήσῃ
3394 460 3575 524 πάλιν,
3601 449 3853 535 καθάπερ

598 537 665 589 Τί
684 532 777 590 οὖν
794 536 952 590 πάλιν
975 539 1066 591 ἐπὶ
1081 540 1173 592 τοῦ
1195 540 1484 611 δράκοντος
1504 560 1518 609 ;
1542 542 1726 614 θηρίον
1742 562 1824 610 τις
1841 548 2167 617 προσκυνεῖ;
2274 532 2367 604 erui.
2395 532 2487 604 τοῦ
2504 532 2815 621 iebat-26pm—
2837 532 2929 603 ἵνα
2977 549 3050 618 μὴ
3102 532 3703 617 νομίσας-ἡλισγῆσθαι
3753 532 3855 618 ﬁll!

598 624 709 676 Kal
728 623 914 676 τοῦτον
940 626 1165 679 ἀνεῖλεν.
1206 627 1370 698 Ὁρᾷς
1387 630 1502 691 πῶς
1517 630 1752 700 ἀνόητοι,
1782 632 1897 695 πῶς
1922 634 2171 704 ἄνανδροι
2273 635 2567 703 τράπεζαν,
2599 634 2687 687 τὸν
2717 633 2877 703 λιμὸν
2904 631 3169 701 ἐπιτείνῃ.
3205 629 3375 682 Πόθεν
3416 628 3554 698 ἔγνω
3586 628 3677 682 τὸν
3722 630 3777 681 Ἀ
3789 648 3855 700 μ-

599 707 648 760 οι
692 705 927 775 βασιλεῖς
973 707 1083 761 τῶν
1122 710 1385 781 Περσῶν;
1430 712 1741 768 Ἐκὸίδωσι
1781 717 1887 768 τὸν
1922 716 2167 785 Δανιήλ.
2274 718 2519 787 6ακούμ;
2565 717 2695 769 Ἀπὸ
2739 717 2838 786 τῆς
2867 714 3185 783 συγγενείαις
3211 714 3310 783 τῆς
3336 713 3475 766 κατὰ
3506 712 3605 784 τὴν
3642 716 3848 784 φωνήν·

598 787 755 874 livor;
786 789 990 874 braca,
1022 791 1159 860 μετὰ
1185 792 1282 863 τὴν
1307 794 1463 864 νίκην
1491 796 1590 866 τὴν
1609 796 1749 849 οὕτω
1780 797 2065 867 λαμπράνς
2111 801 2172 853 '0
2279 800 2542 871 Ἐμελλεν
2578 800 2739 863 αὐτὸς
2768 799 2943 871 κήρυξ
2994 814 3028 865 γ
3037 796 3237 850 ίνεσθαι
3273 799 3384 859 τοῖς
3420 796 3561 874 κατά
3586 796 3685 867 τὴν
3720 797 3851 850 Ἰου-

714 870 1065 959 Ἀμβξικρὺμν
1094 878 1247 944 φησί,
1284 876 1535 959 ἀριστρν
1570 877 1788 949 ἤνεγκε
1818 879 1897 945 τῷ
1929 882 2171 948 Δανιήλι
2277 869 2434 944 δαέαν
2502 889 2778 959 θαύματος
2826 869 3115 958 μεγίστου.
3167 884 3291 948 Πῶς
3338 885 3439 937 οὐκ
3484 870 3721 955 ὲφοὸήθη
3781 885 3855 942 τὰ

603 953 743 1023 Ὅρα
761 951 821 1005 τὸ
842 954 1049 1025 Θαῦμα.
1077 958 1167 1029 Μὴ
1192 959 1299 1031 γὰρ
1329 962 1427 1014 οὐκ
1450 957 1515 1032 ἦν
1541 963 1763 1016 δυνατὸν
1781 964 1929 1034 αὐτῷ
1954 965 2176 1019 ἄλλοθεν
2283 978 2445 1048 θηρία
2489 979 2517 1031 ὁ
2541 951 2635 1032 ἀνί)
2647 951 2855 1047 ρωποςξ
2908 951 3075 1036 Οὗτος
3129 972 3226 1044 μὲν
3274 971 3461 1042 ἤσθιεν
3487 1014 3502 1038 ,
3528 951 3537 952 7
3559 951 3741 1025 ἐκεῖνα
3790 972 3851 1027 δὲ

671 1123 688 1146 ι
717 1126 754 1146 n
906 1127 916 1136 .
1432 1134 1441 1143 _
1499 1134 1536 1146 ﬁ
1573 1134 1605 1146 υ
2281 1068 2585 1135 ὲνήστευον.
2606 1065 2809 1129 Ἔστω,
2828 1061 2921 1115 τοῦ
2947 1060 3197 1131 σώματος
3217 1060 3470 1130 ἀπείχετο
3492 1058 3586 1111 τοῦ
3604 1059 3811 1113 δικαίου
3831 1075 3847 1089 ·

716 1126 954 1193 Quamvis
978 1140 1155 1177 sensus
1179 1142 1291 1179 esse
1312 1134 1608 1193 possit.Beli
1630 1135 1911 1184 sacerdotes
1936 1136 2175 1185 revictum

651 1186 660 1196 '
716 1146 945 1196 quamvis
978 1146 1155 1177 sensus
1179 1146 1291 1179 esse
1312 1146 1485 1193 pOSSll.
1504 1146 1608 1182 neu
1630 1146 1911 1184 sacerdotes
1936 1146 2175 1185 ret/Ictum

603 1186 662 1232 in
685 1200 775 1254 per
801 1190 1042 1254 auxtlium
1082 1195 1213 1252 quod
1240 1194 1347 1254 Deo
1382 1208 1473 1243 suo
1515 1196 1757 1254 ferebant,
1796 1198 1911 1246 dum
1946 1198 2065 1247 cibis
2102 1199 2179 1247 illi

2279 1152 2421 1218 τίνος
2455 1154 2638 1208 ἕνεκεν
2677 1153 2769 1204 καὶ
2801 1151 2901 1219 τῆς
2937 1150 3171 1222 τροφῆς;
3203 1149 3412 1220 Ὥσπερ
3445 1147 3620 1219 κημός
3649 1165 3729 1212 τις
3760 1146 3852 1201 καὶ

603 1240 837 1323 appositis
863 1240 1203 1314 vescebau'tur,
1216 1240 1337 1304 sine
1350 1240 1497 1307 dubio
1516 1240 2180 1322 iihiéﬁEérr'igEndhiﬁyo'iil

1401 1240 1497 1307 ibio
1516 1240 2180 1322 ὶξιὶιῖἑιῖᾞόι-ιῆὲῖυᾶίῇῌγδῆζ
2280 1242 2495 1314 χαλινὸς
2545 1242 2796 1311 κατεῖχεν
2829 1240 3030 1293 ἐκεῖνα.

603 1324 653 1359 τε
659 1326 750 1366 ιας.
2372 1345 2381 1355 .

2024 2606 2402 2674 MONITUM

679 2862 830 2939 [254)
870 2862 1021 2919 lianc
1048 2859 1470 2935 pulcherrimam
1495 2857 1775 2915 homiliam
1798 2856 2009 2928 primus
2039 2872 2069 2912 e
2091 2856 2332 2911 tenebris
2372 2857 2516 2911 eruit
2543 2857 2625 2911 vir
2656 2856 3004 2915 doctissimus
3041 2860 3234 2916 Ericus
3264 2861 3566 2925 Benzelius,
3596 2869 3651 2916 et
3676 2859 3849 2930 Upsa-

606 3004 678 3058 lae
707 3000 1000 3075 publicavit
1029 3016 1173 3056 anno
1217 2999 1373 3065 1708,
1413 2999 1480 3054 ad
1504 2998 1667 3054 ﬁdem
1696 2997 1797 3052 Ms.
1832 2998 2113 3069 cujusdam
2140 2996 2441 3068 Anglicani,
2473 2998 2659 3053 multis
2684 2999 2742 3053 in
2762 3000 2894 3056 locis
2921 3001 3111 3056 vitiati.
3140 3000 3246 3057 Sed
3276 3002 3619 3058 commodum
3658 3001 3852 3057 accidit

609 3149 673 3196 ut
711 3140 853 3195 hanc
874 3138 1121 3194 eamdem
1148 3136 1433 3191 homiliam
1461 3150 1528 3191 ex
1576 3132 1677 3189 Ms.
1709 3131 2075 3188 Ottoboniano
2107 3130 2292 3187 Romae
2320 3131 2795 3202 descripserimus,
2852 3133 3008 3203 cujus
3049 3132 3146 3188 Ms.
3200 3149 3303 3204 ope
3333 3134 3511 3189 hiulca
3566 3135 3845 3201 sat-simus,

609 3280 908 3349 vitiataque
940 3276 1371 3333 emendavimus.

680 3416 953 3471 Habenda:
983 3412 1239 3477 homilite,
1266 3427 1363 3467 seu
1388 3410 1571 3482 potius
1600 3406 2009 3478 disceptationis
2038 3404 2187 3477 (nam
2234 3412 2345 3461 tota
2379 3405 2436 3460 in
2462 3420 2662 3477 genere
2709 3407 2991 3480 πολεμικῷ
3021 3407 3288 3479 versatur)
3321 3410 3534 3465 occasio
3569 3410 3673 3465 fuit
3701 3410 3850 3466 Ano-

608 3569 877 3609 mteorum
930 3553 1178 3625 quaedam
1228 3552 1482 3625 objectio.
1529 3551 1666 3607 Cum
1718 3549 1868 3605 enim
1900 3548 2323 3621 Chrysostomus
2351 3548 2408 3603 in
2454 3547 2620 3619 priori
2666 3549 2807 3605 hanc
2843 3552 3185 3621 praecedente
3223 3553 3521 3623 concione,
3562 3555 3667 3610 hoc
3710 3555 3852 3611 dicto

606 3696 921 3766 evangelico
971 3696 1028 3751 in
1066 3695 1305 3751 medium
1333 3695 1588 3760 adducto,
1627 3692 1791 3747 Pater
1832 3708 1976 3746 meus
2022 3708 2183 3762 usque
2217 3693 2369 3746 modo
2419 3701 2689 3761 operatur,
2746 3700 2794 3746 et
2848 3709 2941 3763 ego
2978 3710 3182 3761 operor,
3227 3696 3553 3751 ostendisset
3583 3695 3699 3751 Filii
3730 3713 3853 3753 cum

572 3832 767 3888 .Patre
799 3834 1184 3903 aequalitatem,
1217 3832 1357 3903 quod
1389 3833 1576 3897 etiam,
1615 3830 1809 3901 inquit,
1859 3830 2097 3885 declarat
2126 3831 2455 3902 evangelista
2496 3831 2583 3886 his
2608 3832 2789 3888 verbis
2820 3851 2834 3887 :
2879 3833 3169 3903 Propterea
3209 3839 3379 3907 magis
3415 3837 3855 3907 persequebantur

610 3994 749 4043 eum,
800 3995 902 4032 non
929 3979 1099 4033 solum
1136 3980 1262 4049 quia
1310 3977 1537 4031 solvebat
1578 3977 1874 4042 sabbatum,
1905 3981 1994 4030 sed
2026 3984 2073 4030 et
2102 3975 2322 4030 Patrem
2373 3993 2529 4031 suum
2575 3978 2778 4031 dicebat
2832 3977 3021 4043 Deum,
3068 3979 3326 4050 aequalem
3354 3982 3424 4050 :se
3456 3980 3654 4049 faciens
3716 3980 3854 4047 Deo;

612 4117 687 4171 ita
726 4131 1030 4171 sermonem
1071 4117 1284 4172 clausit.
1322 4116 1578 4172 Haeretici
1612 4125 1792 4170 autem
1840 4115 2090 4170 Anomcei
2135 4116 2263 4170 huic
2305 4124 2624 4188 argumento
2658 4130 2723 4170 ex
2754 4114 2963 4171 Joanne
3012 4116 3340 4187 evangelista
3389 4117 3638 4172 desumto
3688 4118 3855 4172 alium

610 4267 916 4324 opposuere
933 4251 1158 4307 Joannis
1197 4252 1397 4317 locum,
1431 4265 1629 4321 nempe
1658 4250 1788 4305 illud
1815 4248 2040 4305 Joannis
2074 4248 2128 4312 5,
2174 4247 2239 4303 19
2267 4266 2280 4302 :
2309 4248 2456 4303 Nihil
2491 4258 2655 4319 potest
2694 4250 2867 4321 facere
2903 4250 3092 4319 Filius,
3144 4252 3243 4305 nisi
3286 4253 3472 4306 viderit
3520 4253 3737 4309 Patrem
3769 4258 3859 4326 fa-

611 4397 853 4450 cientem.
882 4394 1127 4465 Cumque
1182 4393 1305 4449 talis
1343 4401 1489 4449 esset
1533 4392 1789 4463 obiectio,
1821 4407 1941 4461 qua:
1991 4399 2176 4461 posset
2211 4390 2487 4446 auditores
2515 4391 2735 4446 turbare
2788 4400 2948 4461 atque
2997 4392 3314 4461 percellere,
3352 4407 3489 4462 opus
3531 4400 3649 4447 erat
3694 4395 3858 4451 hasce

612 4537 1001 4594 Anomoeorum
1025 4536 1262 4609 argutias
1294 4535 1577 4592 confutare
1612 4553 1624 4589 :
1656 4533 2008 4605 quamobrem
2046 4532 2337 4587 Flavianus
2382 4533 2673 4605 episc0pus
2714 4550 2886 4606 pauca
2911 4534 3187 4606 praefatus,
3241 4550 3367 4591 cum
3406 4536 3571 4592 sciret
3598 4539 3856 4609 populum

614 4674 871 4731 audiendi
898 4690 962 4729 ea
989 4674 1057 4729 de
1083 4691 1141 4729 re
1162 4673 1531 4745 Chrysostomi
1561 4672 1841 4743 cupidum,
1883 4678 2071 4740 utpote
2105 4671 2195 4741 qui
2237 4680 2421 4742 posset
2460 4673 2772 4743 huiusmodi
2823 4674 2930 4730 tela
2962 4685 3183 4730 strenue
3220 4675 3513 4746 depellere,
3547 4676 3655 4733 cito
3692 4677 3859 4734 ﬁnem

612 4814 829 4872 dicendi
857 4814 1003 4881 fecit,
1036 4824 1092 4871 et
1113 4816 1499 4887 Chrysostomo
1529 4815 1814 4871 haereticos
1834 4813 2149 4869 confutandi
2176 4828 2360 4868 curam
2382 4814 2726 4872 demandavit
2759 4835 2772 4871 :
2813 4827 3040 4874 noverat
3063 4816 3210 4873 enim
3233 4826 3439 4888 quanto
3467 4832 3651 4873 amore
3680 4818 3859 4888 ipsum

613 4962 769 5033 plebs
797 4964 1138 5021 Antiochena
1168 4977 1618 5037 prosequeretur;
1641 4968 2025 5039 neminemque
2062 4984 2224 5039 posse
2248 4978 2356 5024 tam
2405 4969 2617 5027 fortiter
2656 4971 2921 5047 lucifugas
2944 4972 3063 5029 illos
3090 4972 3398 5046 proﬂigare,
3430 4987 3591 5044 quam
3618 4971 3854 5027 Joannes

2104 5245 2358 5263 —_
