4126 6294
295 281 397 337 245

300 392 483 448 Daniel
512 387 734 445 conviva
764 384 904 454 regis
925 426 938 448 ,
964 392 1017 438 et
1044 382 1307 453 gloriosus
1332 391 1491 447 super
1518 394 1705 435 omnes
1733 378 1869 432 ami-

299 497 389 538 cos
414 485 550 550 ejus.
589 497 609 531 ι
645 479 775 545 Quae
802 478 867 531 ad
900 477 1083 531 Belum
1127 482 1369 545 spectant
1397 470 1679 543 descripsit
1722 469 1877 526 nobis

304 578 503 633 Daniel.
537 576 589 631 5.
623 573 807 627 Nonne
831 573 988 636 vides,
1023 569 1229 639 inquit,
1257 576 1447 637 quanta
1475 565 1699 618 comedat
1722 575 1766 617 et
1798 563 1876 617 bi-

303 669 422 723 bat?
447 669 622 736 Papae,
646 664 799 735 quale
820 669 1187 732 argumentum
1206 674 1269 715 ac
1289 658 1540 713 indicium
1562 657 1871 722 divinitatis,

305 762 466 816 multa
497 757 656 813 edere
687 771 749 809 ac
790 754 1010 809 bibere!
1049 752 1230 806 Daniel
1262 766 1365 805 non
1400 748 1534 803 dixit
1565 766 1577 801 :
1611 748 1877 814 lloccine,

305 866 483 923 qureso
502 893 517 917 ,
546 858 627 904 est
658 847 832 902 Deus?
858 844 1157 899 imbecillus
1183 843 1325 898 enim
1358 850 1474 895 erat
1516 855 1616 895 rex
1646 857 1659 892 :
1692 837 1786 892 sed
1814 854 1880 894 ex

306 941 590 998 abundanti
616 940 762 993 vicit.
795 938 904 1007 Ego
935 935 1026 990 tibi
1074 936 1235 989 Deum
1263 931 1403 998 dico,
1432 932 1522 1002 qui
1547 930 1745 986 ereavit
1774 946 1883 984 cae-

309 1035 415 1089 lum
443 1041 497 1088 et
517 1041 747 1093 terram;
781 1039 836 1082 tu
863 1042 993 1082 vero
1022 1024 1150 1080 mihi
1184 1033 1423 1079 ventrem
1454 1022 1665 1077 avidum
1694 1021 1885 1091 produ-

312 1128 387 1183 cis
425 1127 479 1180 in
528 1121 796 1179 medium?
827 1120 937 1174 Hoc
986 1118 1215 1172 maxime
1244 1116 1336 1171 Dei
1364 1130 1484 1170 esse
1532 1130 1635 1168 non
1664 1120 1881 1183 potest:

313 1220 450 1274 Deus
492 1215 750 1287 siquidem
796 1229 902 1267 non
930 1210 1149 1276 esuriet,
1181 1226 1287 1264 non
1330 1208 1654 1279 fatigabitur.
1687 1207 1884 1262 Verum

317 1309 606 1364 rationibus
635 1304 957 1361 contendere
999 1318 1102 1356 non
1128 1301 1280 1367 vult,
1309 1300 1402 1355 sed
1427 1300 1586 1354 rebus
1614 1300 1797 1353 vincit.
1823 1298 1889 1353 Et

321 1401 628 1471 supplicium
675 1399 787 1466 ipse
831 1411 927 1451 rex
974 1393 1235 1449 deﬁnivit.
1277 1391 1393 1458 Qua
1437 1391 1503 1445 de
1531 1406 1690 1445 causa
1731 1388 1889 1445 Belus

318 1548 433 1584 vero
453 1547 515 1582 ex
540 1531 745 1594 Vulgata
766 1530 1047 1594 apposuisse
1070 1533 1231 1576 notam
1246 1526 1423 1594 _eapitis
1440 1538 1467 1594 Ξ
1496 1524 1543 1594 id
1578 1523 1725 1573 etiam
1746 1528 1893 1594 patet

319 1611 380 1645 ex
407 1610 466 1645 eo
484 1596 610 1657 quod
635 1586 774 1655 capiti
881 1592 1128 1657 pmefixum
1147 1596 1222 1638 est
1245 1591 1293 1636 in
1306 1586 1419 1636 ineo
1435 1586 1627 1657 Codice,
1643 1599 1705 1646 ιβ’.
1725 1593 1789 1656 tt”,

321 1667 412 1717 est,
448 1647 525 1705 12'.
564 1657 640 1704 14.
684 1647 950 1703 Secundum
989 1652 1117 1714 quod
1153 1658 1365 1699 notatum
1388 1647 1559 1717 velim,
1585 1649 1631 1717 in
1658 1661 1716 1694 ea
1739 1647 1894 1717 videri

319 1710 430 1768 esse
451 1718 693 1767 sententia
718 1724 932 1763 nostrum
954 1710 1199 1769 Joannem,
1223 1719 1278 1760 ut
1323 1711 1569 1761 existimet
1592 1710 1718 1756 hunc
1740 1710 1894 1757 versi-

320 1782 476 1830 culum
500 1779 750 1843 pertinere
784 1778 1108 1843 adhistoriam
1147 1773 1265 1833 Beli,
1298 1779 1366 1843 et
1392 1774 1459 1843 ‘ad
1496 1772 1614 1843 Cyri.
1640 1779 1892 1843 tempora;

320 1856 413 1891 non
434 1831 595 1890 aufem
620 1840 677 1887 ad
701 1840 942 1887 historiam
982 1845 1224 1894 Susanna,
1253 1831 1311 1883 et
1347 1834 1406 1881 ad
1438 1831 1645 1881 Danielis
1662 1831 1895 1894 juventu-

321 1910 420 1952 tem
444 1918 456 1951 :
478 1903 613 1975 futui
636 1915 777 1963 supra
800 1908 948 1975 'l‘om._
967 1900 1015 1958 2,
1043 1906 1094 1947 et
1116 1897 1314 1946 Humilia
1338 1897 1558 1975 primaqin
1582 1895 1813 1975 Psalmgm
1836 1895 1898 1943 50

324 1972 450 2031 Tum.
478 1966 525 2022 5,
549 1956 598 2012 in
622 1956 856 2031 contraria
875 1963 989 2031 abit,
1003 1956 1072 2031 ac
1092 1973 1263 2031 parum
1285 1956 1612 2029 verisimiliter
1630 1956 1795 2027 scribit
1814 1963 1899 2027 Da:

328 2018 633 2075 nielem'tunc
653 2024 881 2084 temporis
901 2018 1236 2071 duodecimum
1258 2020 1411 2067 aetatis
1426 2032 1603 2066 annum
1621 2018 1899 2084 egisse,qui

324 2095 402 2137 est.
424 2089 570 2137 etiam
592 2084 964 2145 Pseudo—lgnatii
985 2096 1136 2131 error.
1164 2091 1257 2131 Nec
1278 2093 1569 2145 quemquam
1592 2092 1793 2128 movere
1813 2084 1901 2127 de-

327 2151 409 2199 bet
432 2150 536 2199 haec
556 2143 838 2205 diversitas,
857 2148 906 2193 in
928 2159 985 2194 re
1009 2145 1256 2207 praecipue
1274 2143 1402 2191 adeo
1419 2145 1649 2190 obscura.

1730 265 1797 322 IN
1836 263 2204 322 DANIELEM.

3454 264 3562 322 Ξισ

1982 378 2157 448 palam
2180 385 2233 431 et
2253 383 2377 431 ante
2400 374 2583 429 oculos
2606 375 2843 430 omnium
2868 391 2973 431 non
2991 376 3240 444 comedit,
3267 377 3360 433 sed
3380 379 3563 434 noctu?

1983 469 2260 535 Quomodo
2284 467 2588 522 sacerdotes
2632 484 2737 522 nou
2773 467 3162 537 perspiciebant
3207 483 3265 525 se
3292 485 3389 539 per
3416 484 3562 526 suam

1985 562 2243 617 fallaciam
2270 562 2567 616 convictum
2592 560 2692 613 iri?
2715 559 2939 625 Quando
2962 561 3101 616 Deus
3117 562 3408 632 diSpensat,
3432 562 3563 617 nihil

1985 655 2216 709 mireris.
2246 653 2335 708 21.
2364 651 2432 705 Et
2457 652 2637 705 occidit
2658 651 2794 715 illos,
2827 652 3016 721 inquit.
3043 652 3179 720 Quid
3208 655 3367 722 igitur
3394 654 3566 708 adhuc

1986 746 2053 801 de
2081 744 2349 799 dracone?
2396 743 2627 798 belluam
2675 742 2867 811 aliquis
2916 743 3139 797 adorat?
3178 744 3331 800 Illum
3380 745 3567 799 Daniel

1989 839 2273 895 interfecit.
2304 836 2467 892 Vides
2493 851 2651 906 quam
2694 834 2972 890 dementes
2992 876 3007 899 ,
3055 853 3212 906 quam
3242 839 3417 909 ignavi
3460 840 3567 892 sint

1988 945 2141 999 reges
2159 931 2436 985 Persarum
2450 932 2473 981 ’ἒ
2488 930 2577 986 29.
2608 927 2835 980 Tradidit
2857 926 3133 981 Danielem.
3153 930 3319 995 Quam
3339 931 3407 985 ob
3430 947 3565 996 rem,

1989 1032 2112 1094 post
2135 1022 2410 1077 victoriam
2433 1022 2565 1077 adeo
2588 1021 2883 1077 illustrem?
2906 1021 2992 1075 35.
3025 1022 3357 1075 Ambacumus
3377 1032 3565 1088 autent,

1992 1115 2196 1185 inquit,
2230 1115 2499 1184 prandium
2526 1115 2695 1167 attulit
2733 1112 2954 1165 Danieli.
3007 1111 3177 1165 Cerne
3226 1115 3564 1167 miraculum.

1990 1207 2179 1263 Nonne
2205 1210 2345 1261 enim
2378 1215 2582 1275 poterat
2610 1205 2685 1260 illi
2714 1204 2927 1259 aliunde
2970 1200 3144 1257 afferri
3174 1205 3321 1258 cibus
3341 1245 3355 1268 ,
3396 1222 3553 1274 quam

1994 1319 2024 1358 a
2054 1302 2282 1358 Iudaea?
2327 1301 2440 1355 Hoc
2482 1308 2691 1369 gratum
2740 1308 2855 1352 erat
2908 1296 3221 1367 prophetat,
3268 1313 3335 1351 ne
3384 1298 3570 1352 eadem

1996 1397 2187 1451 iterum
2210 1402 2393 1465 ageret
2417 1437 2431 1461 ,
2456 1410 2573 1463 qua:
2600 1394 2699 1447 sub
2725 1391 2970 1447 eunucho
2990 1390 3210 1455 fecerat,
3236 1405 3371 1443 neve
3392 1391 3573 1443 existi-

1998 1504 2150 1543 mans
2200 1501 2440 1541 mensam
2492 1485 2746 1554 pollutam
2798 1498 2957 1548 esse,
3010 1483 3202 1535 famem
3252 1481 3572 1535 intenderet.

1998 1579 2151 1635 Unde
2178 1577 2395 1647 agnovit
2422 1574 2835 1631 Ambacumum?
2865 1574 2940 1627 Ex
2986 1572 3245 1626 affinitate
3276 1572 3467 1641 lingua:
3513 1586 3575 1624 ac

2001 1670 2171 1724 vocis.
2200 1668 2431 1722 Futurus
2456 1674 2573 1721 erat
2604 1667 2692 1720 ille
2716 1664 2947 1719 maxime
2973 1662 3211 1717 miraculi
3238 1678 3413 1732 prmeo
3438 1662 3575 1730 apud

2000 1778 2094 1819 eos
2136 1762 2227 1832 qui
2273 1763 2323 1815 iu
2352 1760 2537 1815 Judaea
2586 1758 2917 1813 habitabant.
2951 1756 3050 1824 Qui
3080 1756 3248 1825 potuit
3286 1754 3445 1808 homo
3474 1770 3576 1807 uon

2002 1857 2191 1911 timere
2218 1853 2398 1909 feras?
2425 1851 2521 1906 llic
2549 1850 2763 1919 quidem
2791 1850 3123 1911 comedebat,
3158 1848 3261 1901 illae
3288 1862 3412 1902 vero
3435 1847 3577 1915 jeju-

2004 1947 2220 2001 nabaut.
2252 1946 2418 2009 Esto,
2449 1958 2673 2012 corpore
2702 1942 2803 1995 viri
2827 1940 2955 2009 justi
2999 1940 3387 1995 abstinuerint:
3416 1952 3581 2007 quare

2004 2038 2164 2093 etiam
2211 2034 2550 2090 abstinebant
2597 2033 2758 2087 cibo?
2809 2031 2983 2086 Veluti
3034 2046 3218 2085 eamus
3269 2029 3483 2099 quidam
3513 2042 3577 2081 ac

2006 2128 2212 2183 frenum
2242 2128 2358 2182 illas
2394 2125 2719 2180 continebat.

341 2270 3537 2329 Μ

1392 2638 1492 2699 ΑΙ)
1542 2635 1958 2698 HOMILIAM
2008 2632 2508 2707 SEQUENTEM.

247 2960 257 2977 .
335 2898 443 2965 ille,
470 2899 627 2969 cujus
670 2896 1071 2959 strenuitatem,
1115 2905 1347 2947 acumen
1374 2888 1597 2960 ingenii,
1644 2895 1807 2957 atque
1830 2883 2176 2954 διαλεκτικὴν
2204 2881 2413 2952 experti
2451 2896 2594 2952 sape
2632 2880 2865 2933 fuerant.
2896 2876 3052 2933 Unde
3088 2874 3304 2930 mireris
3334 2869 3572 2927 Flaviani

335 3039 671 3105 modestiam,
706 3038 983 3108 pietatem,
1035 3032 1199 3087 animi
1232 3030 1637 3102 ingenuitatem,
1686 3026 1777 3096 qui
1817 3040 1876 3079 se
1904 3040 1934 3078 a
1975 3024 2288 3095 presbytero
2330 3038 2429 3076 suo
2461 3021 2563 3077 sibi
2593 3022 2812 3076 subdito
2855 3020 2929 3073 ita
2958 3018 3191 3073 libenter
3228 3016 3489 3070 fateretur
3519 3024 3575 3069 et

334 3178 575 3232 doctrina
602 3184 658 3229 et
686 3171 993 3243 eloquentia
1023 3166 1287 3239 superari.
1324 3163 1739 3234 Chrysostomus
1769 3173 1922 3224 vero,
1956 3167 2016 3212 ut
2040 3165 2157 3212 erat
2183 3156 2514 3219 moderatus,
2547 3162 2603 3208 et
2629 3169 2658 3207 a
2690 3151 2906 3223 propria
2950 3149 3109 3204 laude
3134 3149 3367 3214 alienus,
3417 3146 3576 3201 initio

336 3316 685 3371 vehementer
706 3310 951 3384 queritur
994 3307 1097 3362 sibi
1122 3305 1361 3361 delatum
1408 3317 1607 3356 munus
1641 3315 1761 3354 esse
1796 3314 1827 3353 a
1857 3298 2080 3353 doctbre
2120 3311 2240 3360 suo,
2268 3294 2361 3364 qui
2388 3310 2517 3348 vere
2548 3294 2670 3348 fons
2696 3291 2957 3347 doctrinm
2997 3298 3161 3352 esset,
3194 3297 3250 3342 et
3277 3288 3419 3341 hanc
3446 3303 3579 3357 pro-

341 3454 576 3509 vinciam
608 3456 770 3524 probe
798 3454 1073 3524 suscipere
1103 3462 1305 3524 posset.
1338 3448 1544 3505 Deinde
1572 3460 1701 3501 vero
1730 3452 2108 3515 argumentum
2136 3437 2570 3495 adversariorum
2600 3446 2709 3491 tam
2745 3444 2988 3501 strenue,
3021 3442 3131 3487 tam
3156 3432 3301 3487 clare
3334 3429 3577 3501 depellit,

340 3604 404 3650 ut
441 3594 651 3650 nescias
683 3603 854 3649 utram
886 3594 1055 3665 magis
1089 3592 1323 3656 mireris,
1353 3587 1717 3657 eloquentiam
1742 3600 1808 3638 an
1833 3581 2129 3638 dialecticae
2161 3580 2295 3636 vim.

405 3736 625 3790 Certum
650 3735 812 3807 igitur
857 3744 940 3790 est
970 3736 1112 3788 hanc
1158 3731 1475 3787 concionem
1506 3725 1810 3786 Antiochiae
1850 3723 1906 3777 in
1934 3737 2126 3793 magna
2154 3719 2405 3783 ecclesia,
2448 3728 2509 3773 ut
2535 3717 2640 3772 fert
2672 3717 2882 3784 titulus,
2919 3722 3296 3792 praesenteque
3323 3710 3582 3765 Flaviano

334 3876 570 3932 habitam
598 3874 787 3935 fuisse,
820 3890 941 3929 cum
965 3874 1074 3943 jam
1100 3872 1515 3942 Chrysostomus
1547 3868 1603 3921 in
1629 3879 1820 3935 magna
1845 3870 1991 3917 esset
2020 3861 2162 3930 apud
2196 3859 2566 3914 Antiochenos
2592 3856 3009 3911 existimatione.
3034 3853 3174 3907 Hinc
3202 3859 3286 3906 est
3317 3849 3461 3921 quod
3490 3848 3579 3903 illa

335 4017 436 4071 alia
466 4015 690 4070 homilia
722 4012 1116 4085 Chrysostomi,
1147 4026 1267 4079 quae
1306 4008 1469 4077 hujus
1498 4003 1764 4058 habendae
1795 3998 2010 4054 occasio
2035 3996 2157 4062 fuit,
2198 3994 2463 4065 cujusque
2492 4000 2650 4046 notas
2678 3990 2881 4058 aliquot
2926 3988 2981 4041 in
3031 3988 3133 4042 hac
3160 3987 3583 4058 Chrysostomus

336 4160 577 4225 exhibet,
606 4167 667 4213 ut
693 4174 796 4214 nos
824 4174 986 4232 supra
1011 4157 1267 4218 diximus,
1307 4152 1417 4222 jam
1444 4164 1555 4204 non
1584 4154 1894 4217 compareat
1920 4145 2062 4199 inter
2104 4142 2221 4195 illas
2247 4138 2497 4194 homilias
2530 4152 2663 4207 quas
2706 4145 2892 4190 contra
2938 4134 3231 4188 Anomoeos
3273 4132 3401 4186 Anti
3416 4130 3580 4188 )clii:e

336 4300 705 4373 pronuntiavit
756 4297 1171 4369 Chrysostomus
1228 4293 1415 4347 decem
1480 4301 1757 4342 numero:
1802 4297 2042 4353 quasque
2084 4278 2351 4334 edidimus
2408 4276 2586 4345 primo
2642 4272 2846 4338 Tomo,
2910 4271 3108 4325 additis
3174 4269 3461 4324 undecima
3527 4278 3582 4322 et

340 4447 679 4511 duodecima,
710 4460 831 4515 quae
859 4434 1349 4507 Constantinopoli,
1380 4433 1508 4489 item
1540 4437 1727 4485 contra
1751 4426 2063 4489 Anommos,
2106 4421 2305 4475 habitae
2347 4426 2493 4507 sunt.
2536 4416 2644 4469 lllae
2678 4415 2821 4469 enim
2854 4413 3041 4467 decem
3078 4409 3315 4465 homilia:
3341 4425 3407 4463 eo
3437 4423 3582 4462 anno

345 4598 504 4653 dicta:
536 4599 667 4649 sunt
694 4604 803 4661 quo
826 4588 944 4657 ipse
973 4582 1257 4656 presbyter
1288 4577 1463 4632 factus
1488 4582 1590 4637 est,
1616 4580 1671 4625 et
1700 4568 2009 4625 concionari
2036 4563 2220 4632 empit,
2254 4574 2448 4628 nempe
2483 4572 2626 4613 anno
2649 4554 2774 4618 586,
2815 4562 2869 4607 et
2896 4568 3039 4607 anno
3070 4550 3317 4621 sequenti
3357 4549 3480 4604 587.
3516 4547 3585 4599 At

342 4726 461 4781 hac
483 4726 729 4792 homilia,
755 4734 814 4781 ut
842 4732 897 4778 et
926 4737 990 4777 ea
1036 4734 1157 4791 quae
1200 4717 1372 4787 ipsam
1402 4708 1763 4783 praecedebat,
1794 4712 1918 4775 post
1946 4702 2063 4756 illas
2105 4698 2289 4754 habita
2337 4696 2459 4759 fuit,
2494 4707 2619 4748 cum
2647 4707 2713 4746 ex
2763 4686 2986 4744 assiduo
3012 4680 3375 4740 concionandi
3411 4676 3588 4732 oliicio

344 4879 595 4936 magnum
637 4863 742 4921 sibi
769 4860 1067 4917 Antiochia:
1093 4872 1294 4915 nomen
1332 4853 1633 4925 peperisset
1652 4850 2092 4920 Chrysostomus.
2124 4842 2194 4895 De
2220 4853 2364 4894 anno
2394 4845 2577 4891 autem
2596 4832 2733 4887 nihil
2766 4844 2988 4903 prorsus
3012 4828 3297 4883 habemus.

410 5002 920 5078 interpretationem
948 5004 1192 5056 nostram
1210 4993 1458 5050 Latinam
1481 4991 1547 5047 ad
1572 4990 1734 5047 fidem
1765 4980 2115 5044 Ottoboniani
2143 4976 2467 5050 exemplaris
2498 4973 2784 5030 edidimus.
