4126 6294
555 263 663 321 217

1258 260 1314 319 S.
1350 261 1628 321 JOANNIS
1664 259 2133 323 C'HliYSOSTOMi
2171 267 2490 329 ARCHIEP.
2528 272 3064 339 CONSTANTINOP.

593 466 1039 503 —_____..__—.
1058 495 1331 502 _——————__-
1362 495 1425 501 —
1439 470 3820 536 _-v.7«—_,rﬁdw-lim___
2136 499 2199 505 ____
2220 500 2233 506 _
2286 500 2291 506 ,

2380 502 2519 509 ν-τ...,....
2546 505 2669 512 _-.._..
2705 504 3185 519 -—_—‘--___....—.‘——-
3386 516 3455 525 -.-.

3310 516 3379 524 -υη
3465 519 3657 530 ..ως-.-η
3718 526 3767 534 ν.-

1532 635 1909 709 SANCTI
1974 637 2368 713 PATRIS
2408 642 2551 714 ΝΟ
2567 644 2823 716 STBI

934 833 1028 971 J
1042 825 1183 976 Ο
1206 826 1593 970 ANN
1608 827 1788 973 IS
1883 825 3398 1006 CHRYSOSTOMI,

549 1103 609 1145 IN
658 1104 876 1148 MAGNA
922 1101 1240 1155 ECCLESIA,
1286 1096 1419 1141 CUM
1461 1092 1661 1137 PAUCA
1705 1088 2045 1132 PREFATUS
2089 1089 2277 1131 ESSET
2320 1090 2674 1145 EPISCOPUS,
2720 1092 2785 1136 ΙΝ
2829 1094 3017 1138 ILLUD
3062 1098 3425 1149 EVANGEL".
3474 1106 3679 1149 FILIUS
3726 1110 3803 1152 ιξι

830 1203 903 1246 sa
946 1202 1083 1246 IPSO
1126 1199 1304 1244 NIHIL
1345 1195 1555 1251 FACIT,
1599 1191 1723 1235 NISI
1765 1189 1935 1243 QUOD
1979 1190 2243 1233 VIDERIT
2286 1190 2541 1235 PATREM
2584 1192 2950 1239 mereamur
2998 1178 3211 1260 (Joan.
3259 1183 3319 1243 5.
3372 1187 3495 1268 19).

1965 1383 2367 1417 MM—

611 1538 663 1594 Ι.
708 1535 755 1593 0
790 1536 1133 1592 violentiam!
1180 1549 1212 1589 ο
1243 1532 1613 1606 tyrannidem!
1660 1530 1858 1585 Doctor
1902 1536 2116 1591 noster,

536 1632 625 1700 qui
652 1646 699 1684 at
725 1639 779 1685 te
805 1644 902 1683 nos
944 1626 1191 1697 praefatus
1211 1636 1313 1689 est,
1344 1625 1551 1694 plenam
1578 1639 1698 1678 cum
1730 1621 1948 1675 haberet
1970 1619 2118 1688 phia-

535 1723 676 1785 lam,
706 1722 927 1777 summis
975 1729 1176 1775 tantum
1223 1719 1386 1773 labris
1431 1718 1677 1786 poculum
1728 1713 2113 1783 degustandum

536 1815 689 1869 nobis
715 1814 1010 1884 propinavit
1034 1830 1047 1865 :
1079 1812 1128 1866 id
1151 1822 1327 1866 antem
1356 1811 1477 1865 fecit
1505 1825 1607 1863 non
1638 1809 1706 1864 ob
1733 1808 1989 1861 doctrina:
2017 1821 2114 1875 pe-

536 1908 775 1961 nuriam:
806 1922 926 1960 nam
954 1905 1112 1959 fontis
1135 1905 1298 1958 instar
1318 1904 1577 1957 scaturire
1600 1902 1770 1965 solet;
1802 1900 1894 1955 sed
1922 1916 2110 1968 quein-

532 1999 817 2055 admodum
844 1999 987 2062 dixi,
1021 2008 1077 2053 ut
1097 2007 1286 2053 vestrm
1310 1996 1544 2050 caritatis
1574 1993 1905 2067 tyrannidem
1937 1992 2109 2061 palam

532 2090 763 2155 faceret,
788 2106 944 2158 quam
967 2104 1090 2160 erga
1118 2089 1427 2143 tenuitatem
1459 2098 1697 2141 nostram
1743 2084 1997 2138 exhibere
2019 2097 2109 2136 so-

531 2184 684 2239 letis:
713 2199 773 2238 ea
799 2183 865 2237 de
882 2197 1041 2237 causa
1070 2182 1177 2235 cito
1208 2180 1370 2234 tacuit
1389 2192 1798 2245 sermonemque
1823 2174 2105 2238 conclusit,

530 2285 581 2328 ut
607 2284 785 2329 vestro
808 2274 1073 2328 desiderio
1093 2271 1511 2341 gratificaretur;
1539 2279 1594 2323 et
1619 2268 1712 2322 toti
1738 2265 1992 2322 solvendo
2016 2266 2112 2319 de-

530 2368 639 2421 bito
681 2382 779 2422 nos
814 2366 1073 2420 obnoxios
1097 2363 1391 2419 constituit.
1422 2362 1553 2428 Quia
1583 2360 1742 2430 igitur
1770 2368 1825 2412 et
1863 2358 1907 2412 is
1954 2356 2108 2411 nobis

528 2459 736 2513 dicendi
765 2458 881 2512 loco
909 2456 1069 2512 cessit
1092 2498 1107 2523 ,
1131 2464 1185 2510 et
1226 2468 1322 2508 vos
1349 2461 1533 2507 nostro
1560 2452 1627 2505 ab
1656 2466 1747 2505 ore
1769 2449 2001 2520 pendere
2028 2449 2109 2501 vi-

525 2552 646 2614 deo,
678 2564 896 2604 necesse
936 2546 1145 2601 tandem
1184 2554 1266 2600 est
1302 2554 1359 2599 ut
1399 2543 1464 2597 ad
1503 2541 1794 2597 certamina
1824 2553 1920 2593 nos
1946 2554 2107 2594 exua-

526 2655 643 2694 mus
683 2658 695 2695 :
727 2656 821 2694 vos
844 2650 1020 2694 autem
1053 2638 1181 2693 mihi
1213 2652 1367 2707 opem
1412 2635 1565 2698 ferte,
1593 2642 1649 2688 et
1686 2647 1902 2687 manum
1932 2630 2103 2701 porri-

523 2730 631 2799 gite
651 2772 665 2797 ,
710 2730 957 2801 precibus
988 2738 1225 2783 nostram
1251 2727 1543 2782 excitantes
1564 2724 1815 2792 linguam,
1845 2732 1899 2775 et
1926 2730 2101 2775 atten-

523 2826 669 2877 tione
689 2824 849 2877 animi
879 2822 1083 2876 facilem
1116 2828 1362 2891 parantes
1386 2817 1641 2875 doctrina:
1664 2816 1823 2868 viam.
1853 2812 2103 2882 Quando-

519 2913 733 2983 quidem
753 2913 1009 2983 propheta
1029 2928 1132 2966 non
1148 2909 1516 2965 admirabilem
1535 2907 1695 2963 modo
1710 2906 2096 2970 consiliarium,

519 3005 615 3060 sed
644 3006 803 3060 etiam
830 3004 1143 3075 prudentem
1174 3003 1469 3059 auditorem
1494 3000 1725 3071 postulat
1752 2997 1912 3068 (Isai.
1939 2998 1992 3052 5.
2017 2995 2095 3067 5).

518 3097 633 3151 Non
662 3096 803 3152 enim
852 3097 967 3150 leve
1019 3095 1170 3150 nobis
1202 3105 1474 3149 certamen
1508 3092 1665 3147 hodie
1710 3101 1946 3162 paratum
1976 3098 2093 3155 est,

517 3189 611 3244 sed
645 3189 785 3258 quod
820 3188 998 3241 multis
1019 3196 1171 3256 egeat
1196 3186 1471 3257 precibus,
1500 3185 1663 3240 multa
1691 3185 1991 3239 auditorum
2019 3184 2098 3236 vi-

514 3280 769 3353 gilantia,
805 3279 968 3333 multa
1011 3278 1377 3335 concionantis
1424 3277 1724 3348 diligentia,
1773 3284 1829 3329 ut
1865 3291 1982 3346 quae
2008 3274 2095 3329 di-

512 3372 681 3427 cenda
708 3381 832 3427 sunt
852 3381 902 3426 et
920 3380 1165 3426 accurate
1188 3370 1540 3441 proferantur,
1565 3380 1617 3424 et
1640 3378 1752 3423 tuto
1779 3369 1829 3421 in
1856 3367 2095 3421 caritatis

513 3471 707 3517 vestra:
722 3463 915 3516 animis
942 3462 1264 3516 inserantur.
1297 3460 1465 3529 Cupio
1491 3474 1721 3529 namque
1750 3473 1844 3512 vos
1868 3472 1972 3512 non
2002 3474 2093 3510 an-

511 3555 627 3609 dire
668 3564 871 3609 tantum
892 3596 908 3621 ,
953 3553 1046 3609 sed
1071 3554 1231 3609 etiam
1259 3552 1493 3617 institui;
1526 3567 1630 3606 non
1656 3550 1861 3606 discere
1898 3549 2055 3605 modo
2075 3591 2089 3615 ,

510 3644 605 3700 sed
630 3649 788 3700 etiam
816 3645 1046 3711 docere;
1076 3660 1180 3698 non
1212 3644 1453 3713 accipere
1477 3642 1645 3697 solum
1667 3683 1682 3709 ,
1713 3641 1805 3696 sed
1847 3642 2005 3695 etiam
2039 3641 2089 3694 in

509 3739 643 3793 alios
671 3740 1050 3795 transmittere.
1070 3738 1159 3793 Sic
1180 3738 1323 3793 enim
1347 3747 1401 3791 et
1420 3735 1750 3805 splendidius
1772 3734 1921 3789 nobis
1939 3735 2088 3789 thea-

513 3841 651 3884 trum
673 3870 686 3893 ,
718 3840 773 3885 et
814 3831 984 3899 major
1027 3840 1197 3886 coetus
1234 3829 1365 3895 erit,
1398 3828 1610 3899 quando
1636 3843 1729 3881 vos
1759 3842 1854 3897 per
1882 3842 1942 3880 ea
1972 3842 2090 3896 qme

512 3923 785 3976 audieritis
810 3964 824 3986 ,
867 3923 1000 3976 alios
1040 3924 1199 3976 etiam
1242 3921 1494 3975 inducere
1538 3920 1797 3988 poteritis.
1830 3918 1885 3973 In
1915 3920 2089 3987 priore

513 4014 691 4080 itaque
725 4013 983 4068 concione
1003 4012 1105 4066 hoc
1133 4013 1276 4066 dicto
1315 4010 1621 4081 evangelico
1648 4011 1700 4065 in
1736 4011 1965 4065 medium
1988 4010 2085 4063 ad-

508 4105 669 4159 ducto
689 4146 703 4170 ,
738 4103 893 4158 Pater
915 4122 1053 4159 meus
1076 4121 1230 4175 usque
1258 4105 1405 4158 modo
1430 4114 1685 4174 operatur,
1715 4114 1760 4159 et
1786 4120 1875 4173 ego
1905 4119 2087 4172 aperor

513 4192 695 4264 (Joan.
730 4194 782 4249 ὅ.
815 4194 905 4266 17)
930 4235 943 4259 ,
975 4210 1096 4248 cum
1145 4193 1268 4247 hinc
1297 4194 1647 4248 ostendissem
1679 4192 1793 4259 ejus
1832 4207 1952 4246 cum
1983 4192 2087 4248 Ge-

508 4287 683 4341 nitore
730 4287 1085 4355 avqualitatem
1106 4326 1122 4352 ,
1151 4286 1289 4356 quod
1317 4294 1369 4340 et
1398 4300 1556 4355 supra
1598 4285 1833 4341 declarat
1857 4300 2087 4355 evange-

509 4380 630 4436 lista
660 4380 743 4434 his
772 4380 978 4445 verbis,
1012 4379 1289 4449 Propterea
1309 4380 1468 4450 magis
1495 4379 1914 4449 persequebantur
1935 4396 2046 4433 eum
2067 4418 2083 4443 ,

507 4489 607 4526 non
632 4473 796 4525 solum
816 4472 933 4542 quia
961 4474 1175 4525 solvebat
1194 4473 1454 4525 sabbatum
1475 4512 1490 4534 ,
1519 4470 1605 4524 sed
1633 4471 1913 4531 etJ’atrem
1940 4485 2087 4523 suum

506 4564 707 4618 dicebat
754 4562 940 4631 Deum,
970 4566 1212 4633 aequalem
1235 4581 1288 4618 se
1308 4564 1498 4633 faciens
1533 4562 1642 4616 Deo
1673 4561 1855 4633 (Joan.
1887 4562 1939 4616 5.
1969 4561 2082 4628 18),

506 4659 577 4713 ita
622 4672 926 4712 sermonem
969 4657 1154 4711 clausi.
1209 4656 1375 4711 Hodie
1401 4667 1581 4711 autem
1611 4669 1747 4725 opus
1776 4665 1944 4709 estea
1985 4653 2087 4707 sol-

505 4766 629 4806 vere
648 4791 663 4815 .
696 4765 815 4820 qua:
836 4748 1090 4802 adversus
1124 4748 1238 4802 lucc
1265 4749 1522 4818 objiciunt
1548 4746 1804 4801 lueretici.
1833 4745 2085 4813 Quamvis

503 4844 646 4897 enim
679 4842 816 4896 inter
842 4843 1043 4894 amicos
1069 4849 1368 4901 certemus.
1407 4848 1550 4895 tanta
1583 4847 1757 4894 tamen
1786 4836 2084 4893 adhibenda

502 4935 773 5005 diligentia
806 4940 923 4997 est,
953 4941 1010 4986 ut
1038 4931 1268 5001 undique
1290 4948 1317 4984 a
1348 4931 1535 4986 fraude
1564 4940 1670 4985 tuta
1710 4940 1761 4986 et
1795 4932 1984 4985 invicta
2015 4931 2085 4984 sit

501 5028 676 5081 oratio
695 5066 710 5091 ,
741 5024 950 5081 etiamsi
992 5024 1044 5079 in
1070 5022 1262 5078 mediis
1291 5024 1532 5079 hostibus
1553 5034 1814 5079 versetur.
1844 5023 1910 5078 Ut
1938 5023 2081 5078 enim

501 5130 625 5175 ante
651 5118 916 5185 dicebam,
948 5132 1051 5172 non
1082 5116 1267 5171 audire
1289 5125 1489 5170 tantum
1512 5131 1607 5171 vos
1630 5116 1771 5182 volo,
1804 5117 1898 5172 sed
1921 5118 2079 5172 etiam

500 5212 632 5264 alios
662 5211 957 5266 instituere.
989 5207 1114 5264 Ideo
1156 5207 1385 5263 sollicite
1425 5207 1602 5262 studui
1650 5224 1748 5264 vos
1777 5209 1941 5265 armis
1968 5211 2081 5280 spi-

506 5303 788 5357 ritualibus
817 5300 1271 5365 circummunire,
1314 5307 1371 5353 ut
1396 5300 1597 5353 nullum
1640 5300 1936 5356 membrum
1982 5318 2081 5359 nu—

499 5395 630 5448 dum
665 5403 938 5466 appareat,
973 5392 1059 5448 vel
1091 5392 1236 5447 letali
1266 5391 1486 5446 vulnere
1510 5392 1858 5448 confodiatur.
1888 5394 2082 5448 Armo-

504 5501 620 5539 rum
647 5487 845 5556 quippe
877 5486 993 5540 loco
1021 5485 1174 5539 nobis
1203 5492 1285 5538 est
1314 5497 1513 5546 sermo,
1542 5484 1629 5552 qui
1655 5494 1865 5540 nostros
1886 5486 2078 5551 munit,

500 5587 555 5632 et
579 5579 760 5634 hostes
790 5579 931 5644 ferit;
959 5577 1110 5644 ferit,
1142 5577 1357 5647 inquam
1379 5616 1395 5641 ,
1426 5591 1531 5631 non
1559 5586 1616 5631 ut
1640 5577 1875 5647 dejieiat,
1904 5577 1999 5633 sed
2025 5586 2083 5632 ut

500 5671 745 5740 jacentcs
776 5672 962 5740 erigat.
995 5669 1306 5741 Hnjusmodi
1345 5671 1486 5725 enim
1527 5685 1715 5740 pugnae
1753 5686 1923 5741 genus
1960 5680 2077 5740 est,

504 5761 648 5831 quod
676 5762 728 5818 in
752 5761 977 5817 salutem
1003 5772 1187 5817 contra
1218 5763 1560 5835 pugnantium
1598 5773 1855 5834 tropamm
1885 5764 2075 5833 erigat.

2230 1523 2299 1581 Ut
2331 1526 2491 1595 igitur
2516 1527 2618 1583 hoc
2648 1528 2768 1597 fiat,
2793 1540 2999 1589 attento
3024 1534 3208 1593 adeste
3227 1539 3406 1595 animo
3425 1583 3440 1608 ,
3464 1545 3608 1600 omni
3640 1546 3804 1617 ejects

2223 1617 2464 1671 saeculari
2490 1633 2617 1672 cura
2639 1622 2874 1677 animum
2898 1626 3143 1695 excitate,
3169 1641 3325 1686 acute
3344 1645 3653 1690 cernentem
3683 1655 3805 1694 ocu-

2222 1706 2329 1760 lum
2355 1708 2589 1776 prmbete
2616 1712 2767 1768 mihi.
2798 1714 2953 1772 Dives
2976 1734 3042 1772 ne
3068 1721 3309 1775 socordia
3332 1723 3540 1780 diffluat
3563 1745 3576 1781 :
3601 1744 3805 1797 pauper

2220 1814 2288 1852 ne
2315 1801 2564 1869 egestatis
2607 1804 2754 1859 curis
2796 1808 3271 1876 opprimatur;sed
3316 1815 3478 1869 missa
3507 1820 3652 1873 omni
3680 1822 3806 1876 vita:

2218 1891 2609 1981 iteratqualitate,
2659 1897 2881 1968 quisque
2923 1916 2982 1955 se
3028 1912 3267 1969 paratum
3313 1906 3612 1965 auditorem
3657 1927 3802 1981 prae-

2218 1980 2340 2037 beat
2374 2000 2387 2036 :
2420 2001 2591 2055 neque
2629 1988 2772 2042 enim
2815 1991 2960 2060 parvi
2989 1994 3140 2061 pretii
3182 2005 3335 2061 sunt,
3365 2014 3484 2067 qme
3512 1980 3802 2059 nuncitra-

2215 2084 2446 2130 ctantur.
2496 2077 2621 2133 ideo
2666 2080 2783 2135 haec
2831 2080 3133 2152 frequenter
3175 2101 3368 2142 moneo
3400 2103 3415 2143 :
3446 2092 3569 2145 novi
3596 2095 3798 2165 quippe

2214 2180 2370 2234 quam
2396 2169 2656 2237 profundo
2678 2172 2729 2224 in
2755 2172 2939 2243 pelago
2959 2175 3284 2246 navigemus.
3316 2179 3390 2235 Ne
3416 2183 3646 2239 turberis
3668 2201 3798 2254 pro-

2214 2258 2432 2315 fundum
2481 2263 2973 2337 audiens:Spiritu
3021 2285 3250 2342 namque
3292 2273 3461 2342 duce,
3506 2293 3612 2333 non
3663 2292 3792 2339 sum,

2209 2365 2362 2421 aqua:
2389 2354 2603 2425 caligini
2629 2357 2897 2425 obnoxiae,
2927 2361 3024 2416 sed
3050 2362 3306 2419 facillima
3330 2368 3434 2422 erit
3456 2370 3560 2434 via,
3590 2372 3633 2427 si
3657 2389 3779 2429 eam

2210 2446 2600 2512 tantummodo,
2638 2464 2798 2518 quam
2835 2451 3021 2521 jubeo,
3057 2456 3309 2511 teneatis.
3342 2457 3419 2514 Ne
3464 2463 3776 2532 turbemini,

2207 2550 2384 2605 neque
2405 2540 2749 2595 moveamini.
2769 2541 2901 2607 Quae
2922 2545 3067 2599 enim
3089 2547 3249 2604 hodie
3269 2551 3559 2621 agitantur,
3578 2557 3782 2611 audito-

2208 2638 2321 2679 rem
2349 2628 2500 2684 initio
2522 2632 2758 2698 turbant,
2783 2633 2945 2704 inque
2965 2636 3359 2695 dubitationem
3380 2644 3703 2713 conjiciunt:
3732 2651 3779 2704 si

2205 2731 2334 2770 vero
2362 2717 2523 2773 ﬁnem
2548 2732 2847 2792 exspectet,
2874 2727 2963 2780 ubi
2994 2741 3413 2787 consentaneum
3452 2736 3779 2794 solutionem

2204 2806 2422 2875 videbit,
2450 2812 2685 2881 jucunda
2714 2815 2923 2870 fruetur
2959 2822 3365 2890 tranquillitate,
3392 2834 3447 2880 et
3477 2827 3530 2881 in
3558 2841 3780 2898 portum

2202 2901 2364 2955 nullis
2380 2903 2636 2973 agitatum
2654 2905 2909 2962 fluctibus
2924 2910 3166 2966 animum
3184 2918 3454 2985 appellere
3471 2922 3687 2988 poterit.
3706 2921 3781 2978 Ut
3868 2978 3869 2981 η

2203 3008 2330 3063 ergo
2354 2994 2469 3051 haec
2499 2996 2570 3049 ita
2597 3012 2655 3052 se
2687 2998 2938 3066 habeant,
2976 3018 3045 3056 ne
3080 3006 3397 3075 turbemini,
3434 3026 3503 3064 ne
3531 3027 3778 3068 commo—

2200 3087 2457 3154 veamini,
2499 3090 2594 3143 sed
2626 3105 2747 3145 cum
2789 3092 2936 3146 omni
2986 3094 3242 3163 patientia
3283 3107 3338 3152 et
3369 3105 3779 3170 perseverantia

2200 3178 2340 3233 viam
2363 3181 2669 3249 sequimini,
2708 3198 2872 3253 quam
2904 3185 3050 3238 verbi
3080 3186 3323 3243 doctrina
3346 3194 3605 3249 ostendit.

2270 3272 2618 3328 Anomazorum
2633 3276 2860 3348 objectio,
2882 3293 2995 3346 quw
3012 3282 3183 3349 fucum
3206 3284 3371 3351 facere
3390 3290 3604 3350 poterat,
3628 3286 3786 3353 refel-

2199 3367 2337 3419 litur.
2354 3398 2426 3408 —
2452 3369 2580 3435 Qua:
2608 3380 2730 3424 sunt
2749 3386 2875 3442 ergo
2899 3388 3016 3442 qua:
3042 3373 3194 3427 nobis
3215 3374 3399 3430 abillis
3423 3376 3781 3447 objiciuntur?

2200 3458 2350 3513 Nihil
2380 3470 2563 3529 potest,
2605 3462 2866 3531 inquiunt,
2907 3467 3073 3535 facere
3114 3464 3299 3530 Filius,
3332 3466 3432 3521 nisi
3458 3468 3636 3523 uiderit
3671 3470 3782 3524 Pa-

2197 3562 2322 3606 trem
2370 3554 2635 3623 facientem
2683 3554 2859 3626 (Joan.
2892 3557 2945 3612 5.
2991 3558 3103 3626 l9).
3149 3559 3307 3627 Atqui
3354 3558 3467 3615 haec
3507 3560 3780 3632 Scriptura

2195 3646 2344 3701 dixit.
2371 3647 2633 3714 Quorsum
2662 3664 2788 3718 ergo
2809 3648 2923 3703 hrec
2948 3650 3098 3705 nobis
3119 3650 3407 3720 objiciunt?
3426 3652 3541 3707 Non
3565 3668 3631 3710 eo
3654 3670 3781 3709 sen-

2194 3754 2277 3803 sn,
2308 3753 2413 3808 quo
2436 3753 2468 3793 a
2494 3738 2765 3808 Scriptura
2786 3739 2926 3795 dicta
2944 3751 3088 3804 sunt,
3116 3740 3431 3797 afferuntur.
3452 3743 3593 3811 Quid
3627 3745 3772 3803 hinc.

2193 3830 2363 3895 aiunt,
2386 3830 2710 3886 concludere
2736 3831 2956 3885 volunt?
2986 3832 3146 3889 Vides
3170 3834 3437 3903 quomodo
3471 3836 3634 3890 Filius
3658 3837 3772 3900 Dei,

2194 3921 2454 3990 inquiunt.
2488 3922 2629 3976 illam
2653 3924 2971 3994 zequslitatis
2999 3926 3356 3995 suspicionem
3386 3929 3620 3983 auferat?
3638 3930 3771 3997 Quia

2192 4017 2332 4071 enim
2359 4015 2529 4071 Judaei
2553 4016 2606 4072 id
2634 4018 3055 4087 suspicabantur,
3088 4037 3277 4088 nempe
3304 4038 3424 4077 eum
3453 4023 3561 4079 Deo
3586 4004 3771 4093 requa-

2194 4109 2294 4162 lem
2326 4124 2384 4164 se
2411 4110 2606 4174 facere,
2630 4110 2749 4165 ideo
2788 4112 2960 4166 intulit
2991 4113 3071 4167 his
3096 4114 3293 4180 verbis,
3324 4114 3443 4169 Non
3470 4124 3629 4181 potest
3668 4115 3769 4169 Fi-

2192 4200 2290 4255 lius
2319 4219 2349 4253 a
2368 4203 2532 4270 seipse
2554 4206 2720 4274 facere
2742 4204 2913 4274 quiqu
2932 4222 3038 4260 am.

2260 4292 2315 4345 2.
2356 4291 2489 4347 Num
2519 4293 2716 4349 frustra
2759 4294 3020 4362 dicebam,
3072 4297 3185 4353 hree
3228 4299 3387 4359 verba
3418 4314 3516 4356 vos
3556 4300 3773 4356 turbare

2193 4399 2368 4452 posse,
2397 4394 2556 4455 atque
2585 4386 2736 4440 initio
2762 4387 3060 4443 auditorem
3091 4390 3415 4460 percellere?
3446 4391 3642 4447 Verum
3671 4410 3735 4449 ex
3753 4424 3772 4436 -

2190 4482 2444 4544 spectate,
2472 4484 2525 4530 et
2548 4476 2792 4532 videbitis
2812 4493 2904 4533 eos
2935 4480 3158 4548 propriis
3184 4479 3456 4537 confectos
3477 4484 3616 4539 telis.
3635 4485 3772 4541 Cum

2192 4567 2374 4635 primis
2399 4568 2539 4622 enim
2568 4568 2953 4626 observandum
2979 4570 3052 4638 id,
3074 4572 3216 4642 quod
3236 4572 3454 4641 dicitur,
3479 4590 3583 4630 non
3606 4576 3776 4632 fuisse

2189 4659 2487 4715 Jndmorum
2533 4662 3091 4734 Suspicionem:qnod
3136 4666 3295 4719 etiam
3341 4668 3395 4721 in
3448 4668 3771 4737 praecedenti

2189 4753 2543 4824 disputatione
2558 4771 2677 4810 cum
2695 4757 2839 4811 omni
2868 4759 3238 4829 perSpicuitate
3263 4759 3629 4827 ostendimus;
3648 4776 3776 4831 qua:

2192 4862 2257 4900 ne
2280 4847 2467 4900 iterum
2485 4846 2771 4914 agitentur,
2790 4863 2855 4902 eo
2873 4849 3192 4905 remittimus
3217 4850 3534 4917 auditorem,
3558 4861 3611 4906 et
3627 4853 3775 4922 quod

2190 4955 2329 4994 nunc
2355 4940 2603 5008 ohjieitur
2618 4929 2828 4996 solvere
2841 4941 3119 4996 conabimu
3129 4956 3172 5002 r,
3189 4944 3577 5014 ostendereque
3595 4946 3774 5016 ipsum

2190 5047 2293 5084 non
2324 5038 2381 5084 ut
2405 5040 2665 5085 everteret
2693 5046 2876 5086 eorum
2906 5032 3261 5101 suspicionem
3292 5033 3407 5089 haec
3430 5034 3647 5099 dixisse,
3673 5036 3774 5090 sed

2187 5134 2243 5178 ut
2267 5138 2385 5177 eam
2410 5122 2808 5177 accuratissime
2835 5122 3073 5177 firmaret
3103 5138 3166 5177 ac
3196 5126 3475 5189 stabiliret,
3509 5126 3776 5195 nobisque

2187 5222 2555 5283 argumentum
2587 5213 2849 5282 praeberet
2868 5229 2979 5268 sua:
3003 5229 3124 5269 cum
3152 5214 3308 5269 Patre
3338 5216 3775 5287 propinquitatis,

2190 5303 2445 5359 naturalis
2471 5303 2888 5374 conjunctionis,
2931 5312 3092 5375 atque
3132 5307 3456 5361 concordiae.
3505 5308 3576 5361 Ita
3623 5309 3773 5363 enim

2191 5397 2311 5451 huic
2330 5397 2474 5451 dicto
2493 5396 2722 5460 conﬁdo,
2748 5406 2807 5450 ut
2834 5397 2925 5451 illo
2951 5400 3182 5453 maxime
3210 5399 3382 5454 dicam
3408 5398 3773 5458 demonstrari

2188 5489 2303 5557 ejus
2328 5504 2448 5542 cum
2482 5487 2637 5543 Patre
2672 5488 3122 5555 conjunctionem,
3154 5501 3210 5545 et
3233 5492 3546 5549 substantiae
3586 5493 3776 5548 unita-

2191 5587 2315 5633 tem.
2348 5578 2531 5647 Neque
2558 5576 2940 5648 perturbemini
2963 5595 3029 5635 ex
3053 5581 3343 5636 ratiociniis
3369 5582 3773 5641 haereticorum.

2186 5671 2369 5742 Neque
2392 5673 2536 5725 enim
2555 5670 2713 5740 gladii
2744 5671 2795 5724 in
2824 5673 2989 5729 muris
3014 5673 3226 5743 depicti,
3257 5691 3430 5746 neque
3456 5676 3637 5741 hastae,
3672 5692 3777 5731 ne-

2187 5778 2292 5835 que
2318 5761 2516 5831 spicula
2538 5761 2717 5817 hostes
2738 5763 2950 5819 turbare
2979 5773 3216 5836 possent,
3243 5774 3451 5823 torvum
3478 5778 3532 5825 et
3556 5770 3770 5825 terribi-
