4126 6294
289 423 391 479 219

283 536 388 594 lein
414 525 680 606 aspectum
700 537 1058 609 prteferentes.
1092 539 1350 608 Quidquid
1375 540 1512 594 enim
1535 537 1832 607 hujusmodi

287 634 392 689 est,
419 629 604 682 umbra
625 628 867 697 quaedam
884 641 936 686 et
958 631 1131 699 imago
1150 635 1252 693 est,
1290 644 1394 684 non
1415 645 1591 684 rerum
1621 629 1832 684 veritas.

281 717 426 770 Talia
445 732 570 772 sunt
593 718 956 775 litcreticornm
983 719 1250 774 ratiocmia
1275 741 1285 773 :
1307 737 1424 790 quze
1445 732 1499 775 ut
1525 721 1832 784 refutamus,

281 809 436 863 dictis
461 825 490 863 e
518 811 738 879 vestigio
782 812 1095 878 haareamus,
1143 813 1351 867 assidue
1389 814 1475 867 illa
1516 823 1787 867 versantes
1818 835 1831 868 :

279 900 597 970 interimque
623 903 689 957 ab
717 902 818 956 illis
844 918 1160 972 quaeramus,
1188 905 1451 972 quomodo
1491 906 1654 958 velint
1696 905 1833 960 hunc

280 992 453 1047 locum
482 993 834 1061 interpretari.
867 993 1044 1062 Neque
1085 996 1223 1048 enim
1271 996 1380 1048 sola
1431 995 1588 1050 lectio
1617 996 1828 1050 sufﬁcit.

279 1082 409 1135 Nam
435 1083 477 1138 si
508 1083 660 1137 lectio
689 1083 970 1148 sufﬁceret,
1005 1100 1100 1138 cur
1126 1085 1393 1155 Philippus
1422 1086 1664 1139 eunucho
1690 1086 1834 1141 dice-

279 1173 387 1233 bat.
415 1172 550 1226 Num
568 1176 800 1243 intelligis
823 1191 930 1242 qua:
954 1177 1073 1245 legis
1099 1177 1231 1242 (Act.
1262 1177 1313 1230 8.
1345 1177 1466 1244 50)?
1497 1171 1642 1231 Unde
1670 1177 1831 1246 liquet

278 1280 398 1318 eum
428 1267 524 1318 etsi
554 1265 770 1334 legeret,
803 1267 926 1320 nihil
955 1283 1015 1320 ex
1057 1268 1264 1338 scriptis
1310 1269 1656 1322 intellexisse:
1687 1269 1832 1323 ideo-

279 1372 379 1425 que
404 1357 640 1413 dicebat:
669 1358 745 1411 De
770 1376 884 1425 quo,
913 1376 1098 1428 quaeso,
1133 1361 1346 1429 loquitur
1375 1364 1637 1429 prapheta,
1657 1361 1719 1414 de
1751 1377 1829 1414 se-

277 1448 407 1515 ipso,
435 1463 496 1498 an
523 1448 583 1498 de
604 1450 704 1501 alio
728 1447 883 1516 (Ibid.
909 1465 952 1500 υ.
979 1449 1172 1516 34)?Si
1203 1450 1354 1503 lectio
1375 1450 1682 1513 sufﬁciebat,
1701 1465 1829 1517 quo-

277 1539 434 1592 tnodo
454 1538 619 1592 Judaei
648 1539 770 1592 dum
798 1540 958 1594 Vetus
983 1541 1374 1595 Testamentum
1407 1544 1602 1610 legunt,
1633 1557 1692 1595 ea
1709 1558 1826 1611 qua:

275 1628 342 1682 de
371 1629 558 1682 Christi
590 1631 868 1695 natalibus,
892 1631 956 1685 de
983 1633 1165 1700 signis,
1194 1633 1258 1686 de
1286 1634 1568 1696 miraculis,
1599 1634 1664 1687 de
1684 1635 1820 1700 loco,

273 1720 340 1774 de
366 1730 622 1789 tempore,
644 1721 709 1775 de
729 1737 902 1788 cruce,
927 1713 1296 1793 de'sepultura,
1325 1724 1390 1777 de
1417 1725 1820 1789 resurrectione,

273 1811 340 1864 de
367 1813 744 1881 assumptione,
790 1813 856 1867 de
903 1815 1137 1868 sessione
1175 1830 1204 1868 a
1232 1815 1480 1880 dexteris,
1509 1817 1575 1870 de
1598 1816 1822 1886 Spiritus

271 1903 433 1955 sancti
461 1903 734 1969 descensu,
756 1904 820 1958 de
849 1905 1204 1974 apostolorum
1235 1912 1380 1960 exitu
1409 1923 1502 1976 per
1525 1909 1820 1964 universam

273 1999 486 2055 terram,
509 1992 576 2046 de
599 1994 854 2060 ejectione
872 2011 1167 2065 synagogas,
1197 1996 1262 2050 dc
1284 1997 1530 2052 Ecclesiae
1554 1999 1820 2054 nobilitate

269 2080 534 2148 dicuntur,
561 2084 788 2137 nondum
817 2085 968 2140 hodie
996 2086 1359 2141 crediderunt?
1388 2087 1502 2142 Non
1527 2104 1650 2158 ergo
1675 2089 1820 2144 sufﬁ-

269 2174 340 2226 cit
367 2174 542 2237 lectio,
576 2177 670 2228 nisi
697 2176 832 2230 adsit
859 2187 911 2231 et
933 2179 1179 2246 cognitio.
1212 2180 1660 2246 Quemadmodum
1677 2183 1815 2236 enim

271 2265 313 2318 si
340 2266 454 2333 quis
480 2265 600 2320 edat
642 2268 874 2336 quidem,
907 2269 996 2322 sed
1028 2270 1202 2324 cibum
1241 2286 1346 2324 non
1385 2281 1594 2341 coquat,
1639 2273 1682 2326 is
1709 2289 1815 2328 non

269 2357 434 2410 vivet:
467 2357 542 2411 sic
568 2359 610 2410 si
640 2358 761 2425 quis
781 2359 936 2430 legat,
955 2357 1084 2410 nihil
1101 2373 1222 2413 vero
1252 2361 1506 2416 dictorum
1537 2364 1809 2433 intelligat,

269 2445 312 2500 is
337 2447 407 2499 rei
448 2448 718 2501 veritatem
746 2465 849 2502 non
884 2452 1150 2520 percipiet.
1182 2452 1257 2506 Ne
1297 2454 1423 2506 mihi
1466 2469 1593 2522 ergo
1639 2456 1809 2512 locum

267 2540 616 2608 evangelicum
649 2543 923 2610 proponite
951 2552 1172 2608 tantum,
1201 2545 1291 2599 sed
1319 2545 1462 2599 illum
1499 2546 1810 2618 interprete-

265 2633 408 2685 mini.
442 2632 549 2686 Hoc
572 2642 743 2686 atttem
769 2635 833 2688 ab
863 2636 987 2704 ipsis
1018 2637 1246 2705 postulo,
1276 2649 1330 2692 ut
1357 2653 1474 2693 cum
1507 2655 1691 2708 pravas
1721 2656 1811 2696 eo-

263 2737 376 2775 rum
397 2725 773 2792 explicationes
802 2728 1158 2793 coafutavero,
1191 2739 1298 2782 tum
1338 2731 1574 2784 veritatis
1618 2732 1805 2787 funda-

261 2823 490 2868 mentum
534 2816 742 2884 jaciam.
791 2818 877 2872 Sic
920 2820 1076 2872 etiam
1124 2819 1400 2875 architecti
1447 2823 1660 2887 faciunt,
1701 2840 1804 2879 non

261 2906 405 2972 prius
444 2906 787 2961 :ediﬁciorum
835 2907 1174 2965 fundamenta
1216 2912 1441 2979 jaciunt,
1489 2929 1644 2982 quam
1687 2930 1804 2969 sor-

257 2995 352 3049 des
377 2997 645 3063 ejecerint,
675 3008 729 3052 ut
760 3008 870 3054 tuto
899 3000 1179 3056 azdiﬁeent.
1227 3002 1334 3057 llos
1371 3011 1425 3057 et
1464 3019 1560 3058 nos
1598 3021 1804 3076 quoque

256 3088 539 3142 imitemur.

326 3181 600 3252 Responsio
622 3183 956 3256 Chrysostomi
984 3189 1050 3240 ad
1074 3190 1412 3244 haereticorum
1436 3202 1796 3261 argumentum.

251 3300 324 3312 --
343 3274 435 3329 Dic
461 3290 606 3344 ergo,
633 3277 832 3331 nihilne
860 3287 1030 3346 potest
1060 3279 1228 3333 Filius
1256 3296 1285 3334 a
1310 3282 1485 3350 seipse
1511 3282 1701 3347 facere,
1724 3283 1802 3336 ni-

248 3363 397 3418 hilne
425 3366 666 3432 prorsus?
704 3366 881 3436 Neque
907 3369 1059 3446 enim.
1088 3369 1238 3436 dixit,
1287 3386 1344 3425 se
1389 3372 1598 3440 quidem
1640 3388 1793 3442 posse

249 3454 497 3508 homines
523 3453 715 3519 facere,
743 3457 834 3508 sed
862 3459 1071 3524 angelos
1101 3475 1203 3512 nou
1238 3475 1418 3528 posse;
1450 3477 1618 3531 neque
1644 3478 1799 3531 ange-

245 3544 336 3598 los
362 3559 538 3613 posse,
567 3546 657 3599 sed
681 3546 1012 3617 archangelos
1039 3566 1139 3604 non
1172 3567 1353 3619 posse;
1379 3569 1556 3607 verum
1583 3557 1797 3608 omnino

244 3635 406 3691 nihil.
436 3637 847 3692 lmbecillitatem
895 3656 1016 3709 ergo
1061 3642 1162 3697 hoc
1197 3643 1392 3698 dicttnn
1452 3643 1796 3700 testiﬁcatur?

242 3731 287 3784 si
315 3730 530 3800 quidem
563 3731 846 3784 secundum
877 3734 1174 3801 opinionem
1207 3744 1346 3789 tuam
1388 3750 1490 3790 non
1523 3746 1712 3806 potest,
1746 3739 1794 3792 vi

240 3832 296 3876 et
323 3822 640 3876 necessitate
669 3823 953 3888 cohibitus;
987 3827 1029 3880 si
1076 3843 1264 3896 nempe
1289 3844 1318 3881 a
1355 3829 1529 3898 seipse
1560 3830 1688 3884 nihil
1714 3832 1793 3884 fa-

240 3912 336 3973 cit,
366 3912 466 3966 nisi
493 3925 610 3980 qua:
639 3913 830 3968 viderit
857 3915 1064 3970 Patrem
1093 3917 1390 3973 facientem.
1419 3921 1495 3974 En
1519 3921 1615 3975 hac
1646 3932 1792 3991 post-

238 4003 453 4057 modum
494 4015 701 4074 reperta
744 4005 1004 4072 doctrina,
1046 4023 1164 4076 quze
1208 4017 1381 4063 tamen
1410 4013 1587 4064 omnia
1618 4014 1791 4066 aliena

240 4102 364 4147 sunt
392 4093 457 4148 ab
483 4095 788 4149 intemerata
815 4097 919 4161 illa,
952 4097 1253 4166 immortali,
1286 4100 1635 4167 inenarrabili,
1661 4103 1794 4156 inef-

239 4184 403 4250 fabili,
449 4193 502 4240 et
540 4186 1056 4255 incomprehensibili
1100 4190 1408 4244 substantia.
1452 4194 1514 4246 Et
1558 4194 1679 4262 quid
1726 4195 1790 4250 de

236 4275 447 4330 Christo
475 4277 691 4346 loquor?
719 4278 897 4345 Neque
939 4280 1076 4332 enim
1105 4281 1170 4334 de
1215 4283 1415 4350 meipso
1445 4283 1640 4349 inﬁmo,
1676 4284 1785 4349 vili,

236 4377 453 4421 terreno
480 4367 591 4422 haec
610 4369 730 4422 licet
757 4369 922 4432 effari,
952 4387 1054 4424 non
1083 4386 1235 4440 posse
1264 4388 1346 4426 me
1366 4389 1394 4426 a
1421 4376 1621 4443 meipso
1641 4377 1791 4444 quid-

229 4472 392 4526 quam
433 4458 632 4513 facere:
661 4473 758 4512 nec
785 4459 850 4514 de
881 4469 932 4513 te
975 4460 1073 4514 hoc
1105 4461 1208 4514 dici
1247 4471 1438 4531 potest,
1472 4479 1567 4518 nec
1595 4465 1660 4518 de
1687 4467 1788 4520 alio

231 4549 477 4617 quopiam
510 4549 800 4604 hominum.
842 4550 970 4604 Nam
1000 4552 1042 4604 si
1085 4551 1183 4605 hoc
1228 4568 1408 4606 verum
1449 4564 1548 4616 est,
1597 4555 1786 4610 frustra

229 4640 470 4707 gehenna
500 4649 552 4695 et
579 4642 888 4710 supplicium
907 4651 958 4696 et
984 4658 1166 4711 poena;
1189 4644 1380 4698 frustra
1401 4660 1631 4711 corona},
1655 4664 1790 4716 prte-

230 4733 356 4795 mia,
389 4731 546 4785 bona.
578 4733 756 4803 Neque
791 4736 930 4788 enim
981 4736 1066 4789 illa
1109 4736 1503 4800 sustinebimus,
1532 4738 1576 4791 si
1606 4753 1788 4808 pecce-

227 4837 380 4885 mus;
412 4838 581 4892 neque
608 4824 688 4878 his
717 4826 969 4890 fruemur,
994 4827 1037 4880 si
1064 4839 1207 4883 recte
1224 4829 1504 4897 egerimus,
1528 4831 1782 4897 siquidem

225 4927 254 4964 a
276 4914 430 4967 nobis
446 4916 572 4982 ipsis
597 4916 725 4969 nihil
749 4917 985 4972 facimus.
1014 4919 1230 4972 Praemia
1254 4921 1394 4973 enim
1418 4937 1520 4978 non
1541 4922 1784 4990 operibus

223 5007 462 5073 proprie,
495 5006 587 5060 sed
605 5008 855 5061 voluntati
877 5011 1102 5078 reposita
1134 5022 1274 5066 sunt.
1311 5011 1549 5080 Exempli
1580 5029 1733 5067 causa
1767 5033 1779 5067 :

222 5110 350 5148 cum
376 5096 491 5162 quis
515 5112 542 5150 a
571 5098 743 5166 seipse
771 5099 963 5152 bonum
985 5112 1249 5169 operatur.
1281 5112 1401 5156 tunc
1426 5113 1709 5157 coronatur
1724 5119 1784 5158 ac

221 5184 559 5250 celebratur;
601 5203 702 5240 non
742 5203 859 5241 cum
891 5192 1056 5258 egerit
1085 5192 1410 5260 simpliciter,
1453 5193 1544 5246 sed
1574 5194 1781 5262 quando

219 5290 346 5326 cum
376 5275 641 5330 voluntate
665 5287 718 5331 et
748 5281 1039 5350 proposito.
1073 5283 1241 5350 Atque
1273 5292 1328 5335 ut
1375 5282 1486 5335 haec
1512 5299 1631 5337 vera
1664 5299 1781 5338 esse

215 5365 475 5418 discetis:
500 5365 632 5420 Sunt
660 5372 890 5435 eunuchi,
919 5372 1104 5441 inquit,
1135 5375 1216 5440 qui
1237 5375 1440 5426 castrati
1462 5385 1577 5426 sunt
1602 5375 1661 5427 ab
1690 5376 1780 5427 Ito-

218 5458 470 5520 minilms;
495 5465 543 5510 et
567 5468 681 5511 sunt
706 5463 933 5524 eunuchi,
964 5464 1048 5531 qui
1075 5465 1259 5532 seipsos
1289 5474 1624 5516 castraveruut
1659 5481 1780 5534 pro-

213 5559 331 5616 pter
357 5565 565 5619 regnum
601 5549 833 5602 calorum
872 5551 1080 5619 (Matth.
1122 5553 1204 5606 i9.
1253 5553 1359 5617 ΓΞ).
1394 5554 1672 5606 Eunuchos
1696 5554 1779 5607 hic

213 5649 373 5692 vocat
398 5656 503 5694 non
533 5655 626 5694 eos
651 5640 736 5710 qui
765 5642 862 5694 sibi
894 5643 1126 5696 membra
1171 5644 1522 5705 absciderunt,
1553 5645 1641 5697 sed
1691 5646 1777 5713 qui

209 5730 594 5798 cogitationem
619 5746 832 5799 pravam
859 5746 919 5784 ac
948 5733 1162 5787 libidine
1193 5735 1396 5803 plenam
1419 5744 1775 5796 resecuerunt,

211 5837 324 5874 non
349 5824 525 5892 gladio
551 5821 749 5888 ferreo,
776 5819 868 5876 scd
895 5822 1165 5878 ratiocinio
1184 5834 1232 5878 ct
1260 5821 1611 5893 pliil0$0pliia,
1635 5832 1684 5876 ct
1711 5825 1774 5878 ad

1227 426 1291 480 IN
1331 424 1548 492 ILLUD,
1590 425 1808 480 FILIUS
1847 424 1936 479 EX
1975 426 2055 481 SE
2098 427 2284 482 NllilL
2323 429 2541 488 FACIT.

3405 444 3507 496 250

1947 538 2071 592 illud
2100 539 2190 596 Dei
2220 543 2413 598 auxilio
2441 547 2518 598 usi
2547 555 2687 600 sunt.
2721 546 2860 603 Ecce
2890 549 2995 604 duo
3021 553 3384 610 cunuchorqu
3411 573 3504 626 ge-

1942 646 2088 698 nera,
2120 649 2341 702 quorum
2385 637 2474 690 alii
2515 637 2582 692 ab
2627 638 2927 696 hominibus
2972 647 3168 701 exsccti
3221 659 3362 713 sunt,
3414 651 3504 704 alii

1941 721 2130 789 pietate
2183 727 2404 792 permoti
2452 742 2667 796 pravam
2715 731 3091 799 cogitationem
3145 748 3498 806 amputarunt.

1942 812 2310 870 Verumtamen
2343 819 2443 872 etsi
2483 819 2692 875 diverso
2721 822 2878 876 modo
2911 828 3126 880 castrati
3174 839 3316 894 sunt,
3347 832 3504 884 ambo

1938 912 2112 958 tamen
2139 907 2380 963 similiter
2405 925 2433 962 a
2462 912 2740 966 mulierum
2780 916 3060 969 concubitu
3102 917 3387 974 abstinent.
3420 921 3504 976 Si-

1937 997 2132 1052 militer
2175 1000 2305 1066 dixi,
2356 1017 2460 1056 non
2507 1005 2794 1059 secundum
2826 1009 3150 1076 prapositum
3193 1013 3498 1076 voluntatis.

1935 1088 2025 1141 sed
2047 1091 2332 1145 secundum
2361 1095 2433 1147 rei
2453 1105 2713 1150 naturam.
2731 1096 2912 1166 Neque
2933 1101 3071 1153 enim
3091 1103 3360 1158 eunuchus
3379 1121 3496 1160 cum

1934 1181 2156 1236 muliere
2201 1199 2312 1236 rem
2359 1185 2551 1240 habere
2595 1189 2780 1256 possit,
2831 1205 3000 1258 neque
3048 1194 3358 1262 monachus,
3407 1200 3496 1266 qui

1933 1273 2163 1342 seipsum
2189 1278 2455 1331 castravit.
2477 1278 2582 1332 Res
2601 1281 2809 1348 quidem
2834 1297 2935 1335 una
2953 1283 3242 1354 eademque
3266 1294 3366 1354 est,
3391 1305 3494 1343 non

1932 1363 2054 1418 item
2087 1366 2222 1421 ﬁnis.
2274 1368 2395 1422 Ideo
2439 1384 2560 1424 cum
2599 1371 2664 1425 de
2709 1373 2812 1426 illis
2839 1373 3079 1439 dixisset,
3112 1376 3248 1444 quod
3279 1381 3495 1433 castrati

1931 1457 2036 1508 sint
2073 1459 2138 1511 ab
2170 1459 2488 1525 hominibus,
2538 1464 2739 1518 nullum
2785 1466 2853 1520 ob
2884 1466 2934 1520 id
2966 1467 3093 1534 ipsis
3122 1469 3327 1523 addidit
3354 1487 3492 1539 prae-

1930 1545 2123 1599 mium:
2158 1559 2357 1604 naturae
2386 1552 2599 1621 quippe,
2647 1569 2750 1607 non
2791 1557 3181 1612 exercitationis
3225 1559 3353 1614 illud
3382 1572 3494 1615 erat

1928 1649 2078 1704 Opus.
2111 1637 2216 1692 Hos
2241 1650 2416 1693 autem
2442 1641 2494 1695 in
2524 1642 2755 1696 medium
2777 1644 3029 1699 adductos
3057 1662 3220 1716 regno
3241 1649 3489 1703 cazlorum

1927 1731 2214 1794 coronavit,
2240 1731 2442 1799 dicens,
2472 1732 2682 1803 PrOpter
2707 1752 2913 1805 regnum
2934 1738 3187 1791 cwlorum.
3217 1741 3375 1808 Atqui
3400 1757 3493 1795 nc-

1923 1833 2027 1888 que
2054 1820 2160 1884 hic,
2185 1838 2354 1892 neque
2382 1823 2468 1878 ille
2494 1837 2611 1878 cum
2635 1827 2854 1881 muliere
2881 1843 2990 1881 rem
3015 1828 3205 1882 habet:
3235 1829 3327 1883 sed
3349 1832 3484 1884 alter

1925 1912 2258 1979 necessitate,
2282 1914 2419 1968 alter
2438 1931 2564 1970 vero
2586 1919 2854 1986 proposito
2876 1930 3018 1975 recte
3037 1921 3160 1990 agit,
3186 1931 3240 1976 et
3261 1941 3286 1974 a
3313 1926 3489 1994 seipso

1923 2001 2045 2055 illud
2069 2013 2298 2072 przestat.
2320 2005 2658 2073 Hominesne,
2683 2009 2766 2063 dic
2786 2009 2935 2075 mihi,
2954 2025 2984 2063 a
3005 2013 3193 2080 seipsis
3214 2011 3313 2066 hoc
3333 2030 3489 2084 agere

1921 2102 2161 2159 possunt,
2202 2102 2257 2148 et
2300 2095 2680 2166 philosophari,
2713 2108 2766 2154 et
2795 2100 2958 2169 loqui,
3003 2112 3354 2170 sexcentaque
3379 2093 3481 2159 al;a

1919 2185 2208 2252 perlicere:
2235 2187 2541 2255 angelorum
2573 2205 2697 2245 vero
2724 2191 2974 2246 Dominus
3005 2209 3100 2246 nec
3140 2209 3356 2262 parvum
3386 2212 3486 2250 nec

1918 2291 2165 2345 magnum
2196 2279 2318 2346 quid
2341 2294 2368 2332 a
2395 2280 2568 2348 seipso
2595 2296 2751 2350 agere
2778 2284 3006 2350 poterit?
3029 2284 3092 2337 Et
3119 2285 3236 2354 quis
3268 2287 3380 2340 hzec
3403 2288 3481 2342 fe-

1916 2369 2035 2422 rat?
2063 2368 2174 2422 Non
2205 2371 2352 2423 audis
2386 2371 2602 2425 Paulum
2635 2373 2894 2427 dicentem
2921 2390 2934 2426 :
2970 2392 2988 2424 ι
3021 2372 3076 2428 in
3108 2392 3294 2446 magna
3323 2378 3482 2432 domo

1915 2475 2021 2514 non
2049 2463 2218 2515 solum
2250 2472 2372 2516 sunt
2401 2478 2523 2517 vasa
2545 2479 2701 2517 aurea
2731 2474 2783 2518 et
2811 2475 3078 2534 argentea,
3114 2468 3205 2521 sed
3232 2468 3389 2522 etiam
3414 2471 3478 2523 li-

1913 2567 2043 2620 gnea
2073 2560 2125 2606 et
2147 2553 2343 2617 ﬁctilia,
2367 2553 2604 2624 qumdam
2639 2556 2686 2608 in
2719 2556 2993 2622 honorem,
3018 2559 3256 2626 quasdam
3301 2571 3474 2616 autem

1912 2644 1962 2697 in
1993 2646 2380 2700 contumeliam.
2409 2646 2462 2699 Si
2491 2648 2606 2716 quis
2627 2663 2750 2716 ergo
2771 2649 3130 2705 emundaverit
3159 2666 3216 2705 se
3235 2652 3300 2706 ab
3327 2654 3472 2722 ipsis,

1910 2736 2010 2788 erit
2035 2751 2125 2790 vas
2147 2739 2196 2789 in
2224 2736 2497 2804 honorem,
2529 2739 2906 2794 sanctiﬁcatum
2927 2740 3147 2798 Domino
3183 2762 3201 2796 ι
3231 2745 3307 2814 (2.
3340 2743 3472 2800 Tim.

1908 2828 2222 2899 2.20.21).

1979 2920 2030 2974 '5.
2075 2918 2230 2974 Vides
2256 2919 2350 2974 hos
2375 2921 2530 2975 etiam
2576 2937 2633 2976 se
2658 2938 2721 2977 ex
2765 2923 2950 2993 seipsis
2977 2924 3296 2981 emendare?
3336 2928 3470 2982 lllud

1906 3009 2046 3062 enim
2093 3010 2390 3078 signiﬁcant
2437 3011 2580 3066 haec:
2606 3012 2666 3067 Si
2695 3013 2803 3082 quis
2850 3012 3068 3082 seipsum
3110 3017 3466 3072 emundaverit.

1904 3099 2040 3167 Quid
2066 3114 2192 3168 ergo
2219 3099 2346 3153 illud
2377 3111 2456 3154 est
2479 3102 2617 3170 quod
2643 3103 2869 3157 dicitur?
2891 3103 2944 3158 Si
2976 3121 3093 3160 cum
3123 3106 3468 3162 familiaribus

1904 3199 2108 3245 tantum
2136 3200 2189 3245 et
2229 3192 2408 3246 amicis
2436 3207 2611 3248 sermo
2641 3205 2801 3260 esset,
2842 3200 2948 3264 jam
2993 3197 3304 3254 solutionem
3332 3210 3468 3253 attu-

1903 3281 2078 3334 lissem
2102 3299 2114 3333 :
2138 3281 2256 3350 quia
2282 3297 2407 3335 vero
2427 3298 2548 3336 cum
2581 3285 2805 3339 inimicis
2845 3296 2898 3340 et
2937 3287 3175 3344 hostibus
3202 3305 3286 3344 res
3318 3291 3467 3346 nobis

1900 3380 2000 3436 est,
2033 3386 2213 3426 eorum
2245 3388 2453 3442 quoque
2495 3385 2798 3444 argumenta
2841 3377 3159 3432 confutanda
3197 3390 3338 3447 sunt,
3367 3383 3463 3434 ad-

1901 3461 2053 3514 ducta
2087 3462 2262 3516 denuo
2291 3463 2340 3515 in
2365 3462 2593 3517 tnedium
2624 3465 2876 3531 clausula,
2904 3477 2958 3520 ut
2995 3484 3109 3522 eam
3153 3471 3229 3523 sic
3258 3474 3463 3540 perspi-

1899 3567 2050 3606 cuam
2075 3553 2374 3608 reddamus.
2407 3555 2558 3620 Quod
2581 3556 2719 3609 enim
2748 3557 3009 3626 possimus
3047 3576 3110 3614 ex
3152 3561 3302 3614 nobis
3333 3563 3464 3630 ipsis

1899 3641 2069 3696 facere
2092 3652 2144 3696 et
2182 3643 2376 3710 dicere,
2404 3646 2532 3698 satis
2559 3656 3026 3700 commonstratum
3054 3659 3152 3702 est.
3182 3649 3292 3705 Nisi
3322 3654 3461 3706 enim

1899 3733 2024 3787 illud
2055 3743 2212 3797 esset,
2238 3751 2565 3804 nequaquam
2595 3751 2689 3804 pro
2719 3735 2867 3790 bonis
2903 3738 3149 3806 operibus
3174 3754 3460 3795 coronare-

1897 3840 2032 3877 mur.
2075 3823 2480 3892 lnterrogandus
2521 3827 2707 3879 iterum
2739 3837 2818 3880 est
2847 3826 3317 3895 haereticuszQuid
3359 3840 3460 3895 est,

1897 3914 2012 3968 Nisi
2041 3917 2161 3984 quid
2186 3917 2359 3970 viderit
2387 3916 2590 3970 Patrem
2631 3919 2910 3986 facientem,
2944 3919 3069 3972 nihil
3110 3936 3141 3971 a
3184 3921 3346 3989 seipso
3378 3924 3458 3990 fa-

1896 4022 2003 4058 cere
2027 4008 2224 4074 potest?
2247 4007 2327 4060 Ab
2369 4007 2467 4060 hoc
2491 4008 2630 4060 enim
2671 4007 2833 4073 dicto,
2860 4008 3091 4076 inquam,
3117 4024 3223 4062 non
3248 4010 3312 4062 ab
3343 4011 3458 4078 ejus

1896 4099 2358 4166 interpretatione;
2391 4099 2495 4151 imo
2526 4101 2699 4167 potius
2729 4114 2899 4168 neque
2921 4115 2949 4152 a
2976 4099 3137 4162 dicto,
3162 4099 3255 4153 sed
3282 4116 3308 4151 a
3335 4117 3456 4169 pra-

1893 4206 1953 4242 va
2000 4191 2368 4244 hzereticorum
2412 4192 2862 4260 interpretatione,
2911 4192 3104 4261 duplex
3153 4196 3455 4248 necessario

1892 4283 2165 4337 statuenda
2195 4284 2392 4337 creatio
2421 4285 2544 4339 erit.
2574 4285 2848 4351 Quomodo
2878 4293 2931 4339 et
2951 4300 3051 4354 qua
3077 4286 3315 4340 ratione?
3340 4286 3456 4340 Nisi

1890 4375 2009 4442 quid
2029 4375 2224 4436 viderit,
2256 4376 2442 4444 inquit,
2472 4375 2676 4428 Patrem
2701 4375 2982 4443 facientem,
3011 4377 3136 4429 nihil
3161 4381 3328 4446 facere
3359 4396 3452 4447 po-

1892 4475 1999 4518 test.
2031 4465 2169 4533 Ergo
2196 4480 2412 4518 necesse
2436 4479 2648 4533 prorsus
2675 4467 2796 4529 erit,
2818 4479 2938 4519 esse
2961 4479 3120 4533 opera
3143 4465 3311 4520 Patris
3332 4481 3427 4535 per
3442 4500 3454 4506 -

1891 4555 2054 4618 fecta;
2079 4562 2130 4608 et
2151 4569 2266 4608 esse
2288 4555 2384 4607 alia
2409 4554 2546 4618 Filii,
2573 4570 2688 4622 qua:
2712 4555 2821 4623 ipse
2842 4555 2904 4607 ad
2927 4564 3138 4621 paterna
3165 4557 3453 4624 respiciens

1892 4646 2164 4700 creaverit.
2196 4645 2304 4699 Nisi
2349 4645 2636 4714 quidpiam,
2684 4645 2869 4714 inquit,
2913 4645 3188 4698 facientem
3240 4647 3446 4710 viderit,

1890 4752 1994 4789 non
2025 4735 2165 4790 facit.
2191 4735 2257 4791 Ut
2273 4751 2398 4804 ergo
2419 4735 2612 4800 videat,
2640 4749 2855 4789 necesse
2870 4744 2952 4789 est
2977 4751 3134 4805 Opera
3153 4751 3291 4790 esse.
3315 4737 3449 4802 Quid

1888 4830 2050 4898 ergo?
2075 4844 2251 4898 quzeso
2271 4839 2350 4882 te:
2378 4844 2536 4880 unum
2561 4826 2794 4882 videmus
2816 4829 3003 4889 solem,
3030 4845 3152 4882 num
3172 4829 3303 4882 duos
3320 4829 3448 4881 mihi

1888 4929 2180 4972 monstrare
2221 4929 2390 4987 potes,
2433 4927 2487 4970 ut
2525 4933 2683 4970 unum
2711 4933 2739 4970 a
2775 4918 2928 4972 Patre
2973 4919 3184 4983 factum,
3216 4920 3373 4972 alium
3418 4935 3445 4971 a

1887 5009 2020 5062 Filio
2057 5007 2325 5076 suspicer?
2355 5023 2477 5060 num
2505 5008 2636 5060 duas
2679 5007 2849 5072 lunas,
2888 5007 2970 5061 vel
3016 5017 3202 5071 terras,
3231 5009 3313 5062 vel
3342 5009 3446 5061 duo

1886 5101 2087 5154 maria?
2113 5111 2166 5154 et
2196 5101 2271 5154 sic
2299 5100 2364 5154 de
2391 5100 2597 5153 caeteris
2635 5100 2917 5154 omnibus?
2946 5101 3136 5154 Verum
3167 5100 3266 5152 hoc
3295 5115 3446 5152 num-

1885 5208 2037 5263 quam
2083 5191 2278 5246 dixeris
2300 5209 2312 5245 :
2334 5205 2470 5244 unus
2508 5192 2701 5260 quippe
2731 5192 2810 5245 sol
2853 5201 2954 5246 est.
2985 5191 3258 5258 Quomodo
3289 5190 3445 5257 igitur

1885 5284 2009 5336 nihil
2040 5282 2179 5347 facit,
2208 5282 2305 5335 nisi
2325 5282 2513 5335 viderit
2534 5282 2740 5334 Patrem
2769 5281 3043 5336 facientem
3057 5284 3078 5334 ’ἶ
3100 5281 3274 5335 Solem
3295 5280 3444 5347 cujus

1884 5388 2014 5442 opus
2040 5387 2157 5426 esse
2184 5373 2294 5425 vis?
2321 5388 2386 5425 an
2418 5373 2620 5426 Patris?
2650 5372 2748 5426 Ubi
2779 5388 2904 5440 ergo
2939 5374 3056 5426 Filii
3084 5371 3197 5424 sol?
3241 5371 3318 5423 An
3353 5371 3440 5424 Fi-

1884 5463 1972 5515 lii?
1999 5462 2096 5516 Ubi
2127 5476 2250 5529 ergo
2276 5463 2351 5514 sol
2379 5461 2568 5525 Patris,
2591 5476 2744 5529 quem
2777 5462 2957 5514 videns
2978 5461 3162 5522 Filius,
3194 5460 3352 5512 alium
3374 5461 3443 5511 si-

1883 5553 2058 5607 milem
2087 5551 2299 5604 fecerit?
2320 5550 2592 5617 Quomodo
2617 5552 2774 5603 stabit
2794 5550 2939 5611 illud,
2968 5549 3150 5601 Omnia
3175 5567 3261 5617 per
3278 5551 3439 5618 ipsum

1885 5649 2016 5715 facta
2046 5651 2178 5705 sunt,
2208 5653 2251 5694 et
2271 5643 2375 5695 sine
2394 5643 2503 5708 ipso
2533 5645 2719 5709 factum
2746 5651 2813 5692 est
2841 5641 2966 5691 nihil
2995 5639 3167 5707 (Joan.
3196 5641 3243 5692 1.
3274 5641 3364 5707 5)?
3384 5639 3440 5692 Si

1884 5734 2020 5786 enim
2050 5734 2222 5784 omnia
2253 5747 2343 5796 per
2392 5731 2582 5798 ipsum,
2614 5729 2749 5794 quod
2780 5739 2984 5795 tempus
3010 5726 3236 5781 adscribi
3269 5735 3443 5796 potest

1886 5825 2003 5878 huic
2061 5820 2352 5874 divisioni?
2405 5818 2584 5872 Vidcu‘
2631 5817 2948 5872 ratiocinia?
3008 5818 3272 5884 quomodo
3350 5828 3446 5865 vos
