4126 6294
653 406 748 459 251
1367 403 1425 459 S.
1456 403 1733 461 JOANNIS
1766 404 2241 462 CHRYSOSTOMI
2268 404 2583 463 ARCHIEP.
2622 403 3158 485 CONSTANTINOP,
3789 410 3889 464 252

652 523 797 593 ipsus
830 517 1145 590 implicatis,
1187 532 1250 574 ac
1291 519 1625 577 mendacium
1669 521 1905 591 seipsum
1948 521 2216 591 coarguit?

720 612 874 668 Aliud
901 622 1248 683 argumentum
1284 622 1459 666 contra
1503 612 1788 667 Anomaeos.
1838 611 1951 678 Quo
1988 613 2043 667 in
2086 621 2222 667 statu

649 706 781 761 orbis
802 706 952 777 fuerit
978 713 1095 759 ante
1123 704 1307 758 Christi
1337 704 1748 758 incarnationem.
1777 735 1849 744 —
1872 705 2011 760 Ecce
2037 719 2220 762 eorum

647 797 806 852 allata
848 796 1301 866 interpretatione,
1346 795 1611 875 quompdo
1638 796 2219 867 demonstravi,ipsam

649 904 678 941 a
707 888 881 959 seipsa
910 886 1114 958 impeti.
1142 886 1245 943 Sed
1272 897 1325 943 et
1352 888 1477 941 illud
1499 887 1669 943 libens
1696 887 1869 942 adhuc
1893 902 2217 959 quaererem:

645 981 777 1050 Quis
823 996 1037 1037 carnem
1085 991 1318 1036 nostram
1367 981 1671 1050 assumpsit,
1718 990 1773 1036 et
1818 982 1872 1037 in
1911 983 2220 1053 virginalem

645 1075 854 1129 vulvam
879 1074 1409 1131 descendit?Paterne
1420 1090 1486 1128 an
1507 1074 1708 1129 Filius?
1724 1074 1810 1130 die
1836 1074 1986 1129 mihi.
2009 1074 2219 1142 Nonne,

647 1176 707 1221 ut
734 1168 977 1222 omnibus
997 1169 1167 1236 palam
1194 1176 1293 1232 est,
1335 1168 1636 1237 unigenitus
1663 1168 1755 1222 Dei
1782 1167 1982 1223 Filius?
2010 1167 2217 1223 Etenim

647 1259 840 1314 Paulus
866 1260 942 1314 sic
966 1251 1082 1314 ait:
1116 1278 1136 1311 ι
1173 1259 1286 1315 lloc
1316 1263 1508 1314 sentite
1555 1257 1606 1313 in
1650 1258 1829 1324 vobis,
1873 1256 2015 1328 quod
2061 1266 2116 1311 et
2167 1257 2217 1310 in

645 1351 858 1405 Christo
902 1349 1051 1415 Jesu,
1081 1351 1171 1421 qui
1198 1365 1319 1405 cum
1354 1350 1407 1405 in
1436 1349 1599 1404 forma
1629 1350 1721 1405 Dei
1751 1359 1911 1414 esset,
1945 1364 2050 1404 non
2080 1349 2219 1418 rapi-

647 1457 770 1497 nam
795 1443 1079 1497 arbitratus
1097 1450 1318 1497 estesse
1340 1456 1400 1497 se
1430 1442 1685 1512 mqualem
1717 1442 1858 1506 Deo;
1904 1440 1997 1496 sed
2019 1451 2215 1495 semet-

648 1533 817 1602 ipsum
844 1533 1131 1588 exinanivit
1154 1531 1373 1587 formam
1402 1534 1540 1590 servi
1564 1534 1827 1604 accipiens
1856 1552 1874 1585 ›
1909 1532 2135 1604 (Philip.
2158 1532 2213 1587 2.

646 1624 822 1695 5-7).
854 1624 940 1691 Et,
978 1643 997 1677 ‹
1026 1624 1322 1682 MisitDeus
1342 1625 1532 1681 Filium
1562 1640 1713 1680 suum
1742 1626 2089 1696 unigenitum,
2138 1624 2217 1681 fa-

645 1724 787 1770 ctum
835 1731 902 1771 ex
944 1716 1182 1782 muliere,
1226 1716 1419 1771 factum
1465 1716 1565 1793 sub
1616 1717 1731 1786 lege
1763 1735 1782 1768 ι
1835 1716 1990 1788 (Gal.
2038 1715 2209 1785 4.4).

645 1807 931 1877 Omnisque
952 1808 1241 1878 Scriptura,
1271 1817 1381 1863 tum
1405 1817 1559 1864 vetus
1587 1818 1695 1863 tum
1722 1824 1879 1875 nova,
1912 1807 2215 1879 hujusmodi

646 1900 963 1955 testimoniis
985 1900 1139 1970 plena
1172 1909 1274 1966 est,
1303 1900 1524 1971 ipsaque
1550 1915 1711 1970 opera
1738 1902 1988 1966 clamant,
2021 1901 2214 1972 Unige—

645 1991 815 2045 nilum
853 1992 1182 2047 incarnatum
1223 2006 1363 2059 esse,
1417 2007 1523 2046 non
1550 1992 1779 2048 Patrem.
1833 1991 2021 2049 Utrum
2057 1993 2215 2064 igitur

642 2082 829 2148 Filius,
860 2087 976 2140 viso
1001 2084 1154 2141 Patre
1170 2085 1441 2141 incarnato
1461 2085 1762 2141 incarnatus
1786 2095 1840 2142 et
1865 2086 1979 2157 ipse
1998 2086 2206 2157 est?(a)

646 2172 667 2247 [
694 2175 875 2246 Neque
899 2178 1038 2231 enim
1070 2177 1372 2232 incarnatus
1397 2178 1622 2252 fuisset],
1662 2179 1763 2234 nisi
1792 2179 2009 2235 vidisset
2039 2180 2211 2251 ipsum

640 2267 968 2322 incarnatum
1001 2285 1013 2320 :
1040 2268 1298 2337 siquidem
1319 2267 1438 2323 Non
1465 2278 1671 2339 potesta
1690 2272 1853 2341 seipse
1878 2272 2043 2341 facere
2066 2271 2213 2339 quid-

640 2373 813 2424 quam,
844 2358 942 2412 nisi
963 2358 1139 2412 viderit
1177 2357 1385 2413 Patrem
1411 2361 1694 2431 facientem.
1740 2362 2084 2428 Quandonam
2110 2361 2211 2418 hoc

642 2447 852 2504 Patrem
889 2448 1169 2505 facientem
1213 2451 1422 2520 viderit,
1478 2452 1659 2509 dicere
1708 2470 1815 2508 non
1862 2455 2052 2524 possis.
2099 2454 2210 2512 Nec

640 2553 767 2594 vero
812 2550 964 2610 putes
1004 2557 1223 2612 parvum
1276 2542 1329 2597 id
1382 2558 1519 2613 esse,
1559 2544 1700 2615 quod
1727 2545 1923 2601 factum
1951 2554 2049 2602 est.
2075 2546 2209 2603 Nam

633 2642 794 2702 caput
816 2634 997 2691 salutis
1024 2646 1218 2692 nostra:
1250 2636 1539 2693 incarnatio
1568 2637 1832 2710 Unigeniti
1861 2649 1962 2707 est,
1992 2649 2047 2697 et
2093 2640 2207 2711 ejus

635 2724 702 2779 ad
732 2740 830 2780 nos
852 2741 1016 2797 usque
1041 2727 1309 2786 demissio.
1353 2734 1648 2802 Antequam
1677 2733 1817 2788 enim
1843 2733 2003 2790 homo
2032 2734 2203 2801 ﬁeret,

635 2818 834 2873 malitia
857 2820 1187 2891 tyrannidem
1211 2822 1509 2891 exercebat,
1547 2833 1602 2880 et
1645 2825 2052 2895 profundissima
2099 2842 2204 2883 nox

634 2911 810 2965 omnia
836 2912 1144 2981 occupabat,
1167 2921 1327 2985 atque
1355 2914 1549 2985 ubique
1590 2931 1697 2971 arte
1722 2926 1775 2972 et
1814 2919 2007 2989 templa
2039 2918 2207 2975 idolo-

634 3017 775 3069 rum,
804 3003 976 3067 nidur,
1009 3002 1183 3059 fumus
1210 3014 1265 3060 et
1310 3014 1572 3061 torrentes
1593 3008 1881 3078 sanguinis,
1914 3025 2018 3065 non
2047 3011 2205 3067 modo

633 3093 809 3146 ovium
833 3092 1116 3164 boumque,
1147 3094 1242 3151 sed
1276 3096 1432 3151 etiam
1455 3096 1750 3153 hominum.
1772 3100 1902 3155 Nam
1926 3101 2205 3172 Sacri/ica-

632 3193 810 3237 uerunt
838 3184 969 3254 ﬁlios
990 3201 1106 3239 suos
1149 3195 1197 3240 et
1240 3186 1376 3255 ﬁlias
1416 3204 1533 3243 suas
1560 3189 1819 3246 daemoniis
1861 3193 1879 3262 (
1904 3192 2047 3249 Psal.
2078 3196 2200 3251 105.

630 3274 743 3346 57)
776 3292 789 3330 :
820 3286 872 3331 et
894 3276 1012 3332 haec
1035 3278 1274 3348 populus,
1316 3280 1405 3350 qui
1448 3283 1731 3352 prophetas
1770 3284 1997 3341 habebat
2045 3297 2204 3357 atque

632 3366 823 3438 legem,
854 3368 944 3439 qui
974 3368 1065 3423 Dei
1094 3369 1208 3423 visu
1248 3369 1539 3439 fruebatur,
1584 3375 1673 3444 qui
1725 3374 1777 3429 in
1818 3384 1896 3431 tot
1935 3379 2201 3435 miraculis

630 3461 915 3517 innutritus
961 3470 1093 3517 erat.
1148 3462 1299 3530 Quod
1338 3465 1383 3518 si
1418 3464 1478 3519 hi
1505 3465 1633 3521 tales
1659 3477 1829 3535 erant,
1870 3471 2039 3540 cogita
2072 3487 2203 3540 quo—

631 3555 788 3610 modo
817 3556 1035 3627 reliquae
1076 3557 1221 3612 orbis
1250 3566 1423 3627 partes
1450 3557 1652 3615 aﬂ'ectm
1676 3560 1892 3629 fuerint,
1940 3577 1969 3617 a
1997 3562 2200 3618 daemo-

631 3647 787 3702 nibus
810 3649 1104 3718 exagitatm,
1155 3648 1255 3703 sub
1284 3651 1529 3719 nequitiae
1560 3652 1887 3721 tyrannidem
1939 3654 2198 3722 redacta},

630 3739 792 3798 animi
819 3740 1017 3795 morbis
1037 3742 1283 3796 omnibus
1301 3742 1570 3812 subjectae,
1598 3745 1732 3815 ligna
1762 3746 2015 3816 colentes,
2064 3749 2199 3820 lapi-

631 3829 724 3884 des
752 3830 1053 3896 adorantes,
1079 3843 1303 3901 montes,
1330 3835 1514 3903 colles,
1546 3837 1730 3904 saltus,
1761 3841 1997 3906 arbores,
2031 3843 2196 3911 lacus,

630 3922 822 3987 fontes,
852 3924 1060 3980 fluvios.
1106 3926 1304 3996 Ecquid
1333 3938 1522 3983 caetera
1548 3937 2068 3991 commemoremus?
2114 3937 2197 3992 Ex

633 4011 938 4069 Judaeorum
964 4018 1104 4071 enim
1131 4018 1281 4073 malis
1306 4031 1497 4089 quanta
1515 4032 1694 4077 essent
1724 4024 1945 4080 aliorum
1967 4026 2199 4084 facinora

630 4104 812 4160 videre
840 4116 941 4162 est.
980 4127 999 4160 ι
1036 4109 1167 4179 Equi
1211 4111 1444 4167 furentes
1488 4115 1541 4168 in
1584 4115 1806 4172 feminas
1829 4127 1999 4186 erant,
2032 4136 2197 4177 unus-

628 4195 849 4266 quisque
865 4198 928 4252 ad
953 4215 1170 4256 uxorem
1195 4204 1415 4272 proximi
1437 4205 1518 4259 sui
1542 4204 1809 4263 hinniebat
1830 4227 1848 4261 ι
1867 4208 2007 4282 (Jer.
2029 4211 2080 4267 5.
2102 4212 2195 4284 8).

638 4287 940 4359 «Cognovit
963 4292 1057 4347 bos
1089 4308 1448 4363 possessorem
1477 4313 1650 4365 suum,
1678 4308 1732 4354 et
1756 4302 1934 4357 asinus
1962 4316 2198 4374 praesepe

629 4378 829 4436 domini
860 4383 962 4451 sui,
988 4383 1150 4441 Israel
1171 4396 1345 4442 autem
1374 4404 1460 4445 me
1484 4406 1587 4445 non
1613 4395 1857 4463 cognovit
1887 4414 1906 4447 ι
1935 4394 2094 4468 (Isai.
2140 4398 2194 4453 1.

630 4474 708 4545 5).
724 4493 748 4525 ι
773 4474 945 4531 Canes
969 4479 1120 4545 muti,
1143 4480 1231 4551 qui
1254 4495 1355 4536 non
1370 4490 1652 4552 potuerunt
1672 4484 1865 4540 latrare
1886 4504 1904 4537 ι
1929 4486 2078 4556 (Isai.
2102 4488 2193 4544 5G.

632 4566 701 4622 iii
728 4567 767 4637 ).
795 4587 814 4620 ι
850 4568 1037 4625 Facies
1066 4574 1359 4630 meretricis
1400 4575 1540 4630 facta
1561 4585 1643 4631 est
1668 4576 1782 4643 tibi,
1831 4578 1970 4647 apud
2013 4595 2196 4637 omnes

630 4657 963 4728 impudenter
980 4662 1173 4732 agebas
1200 4682 1220 4717 ι
1253 4664 1396 4737 (Jer.
1427 4666 1480 4721 5.
1505 4667 1593 4737 5).
1632 4685 1651 4720 ι
1673 4667 1785 4722 Νοη
1803 4677 1885 4723 est
1902 4670 2196 4742 intelligens

624 4757 716 4803 aut
763 4751 1036 4820 requirens
1080 4754 1288 4811 Deum:
1329 4772 1512 4813 omnes
1559 4758 1972 4829 declinaverunt,
2038 4766 2195 4820 slmul

628 4841 840 4897 inutiles
867 4843 986 4899 facti
1016 4855 1139 4902 sunt
1169 4866 1188 4899 ι
1220 4848 1240 4921 (
1264 4849 1409 4906 Psal.
1442 4853 1527 4907 15.
1558 4852 1613 4909 2.
1637 4855 1724 4924 5).
1761 4854 1987 4911 Rursum
2010 4858 2145 4913 alius
2176 4877 2193 4917 :

631 4952 651 4985 ι
686 4933 906 4989 Frustra
937 4940 1261 5006 argentarius
1289 4952 1561 5011 argentum
1582 4944 1781 5000 confiat
1808 4964 1823 5002 :
1863 4949 2076 5005 malitiae
2099 4966 2195 5006 eo-

624 5043 744 5083 rum
802 5044 904 5085 non
952 5039 1076 5085 sunt
1125 5045 1450 5105 consumpta:
1481 5054 1504 5088 ι
1542 5037 1687 5110 (Jer.
1733 5040 1788 5097 6.
1820 5041 1947 5114 29).
1999 5042 2194 5101 lterum

623 5121 804 5177 alius:
839 5143 855 5173 ι
892 5122 1218 5190 Exsecratio,
1268 5135 1324 5182 et
1364 5128 1716 5199 mendacium,
1773 5142 1829 5189 et
1870 5134 2089 5203 furtum,
2140 5146 2195 5194 et

621 5212 832 5277 audes,
857 5222 913 5269 et
945 5212 1258 5270 adulterium
1288 5216 1451 5273 eil'usa
1496 5230 1620 5275 sunt
1663 5237 1825 5292 super
1866 5234 2057 5282 terram
2081 5269 2097 5293 ,
2140 5236 2195 5284 et

621 5304 931 5371 sanguinem
959 5304 1010 5359 in
1041 5306 1296 5376 sanguine
1332 5309 1555 5365 miscent
1583 5330 1603 5363 ι
1652 5313 1820 5383 (Osee
1855 5317 2021 5389 4.2).
2056 5319 2196 5375 Rur-

622 5409 740 5449 sum
797 5395 977 5451 alius:
1012 5397 1109 5453 «Si
1144 5400 1631 5474 mutabitEthiops
1682 5408 1870 5476 pellem
1921 5426 2091 5479 suam,
2139 5420 2195 5469 et

626 5486 821 5554 pardus
860 5490 1096 5547 maculas
1123 5506 1267 5560 suas,
1290 5503 1345 5549 et
1365 5496 1588 5565 populus
1613 5497 1701 5554 hic
1730 5503 1922 5570 poterit
1939 5504 2193 5572 judicium

622 5579 813 5649 facere,
831 5596 951 5638 cum
962 5584 1205 5641 didicerit
1220 5588 1352 5643 mala
1373 5609 1393 5642 ο
1416 5588 1550 5662 (Jer.
1568 5591 1652 5648 i5.
1670 5592 1784 5665 25).
1803 5596 1950 5652 Alius
1967 5598 2152 5653 iterum
2174 5614 2189 5652 :

683 5754 1274 5845 Sugituinclﬁusaex
1296 5770 1573 5834 conjectura
1590 5771 1900 5835 adjiciuntur;
1920 5777 1994 5829 his
2014 5782 2193 5845 quippe

620 5813 830 5877 rimuptis
854 5834 943 5869 nou
967 5830 1060 5872 stat
1081 5813 1271 5877 sensus.

2332 536 2353 570 ε
2392 518 2481 574 Vae
2507 518 2656 588 mihi,
2678 534 2712 575 ο
2740 520 2937 588 anima,
2974 520 3095 591 quia
3122 520 3274 591 periit
3302 520 3416 591 pius
3443 520 3510 575 de
3541 529 3700 588 terra,
3722 533 3778 578 et
3804 529 3890 596 qui

2326 621 2471 668 recte
2497 611 2654 668 faciat
2668 612 2720 668 in
2739 612 3038 669 hominibus
3058 628 3161 667 non
3182 624 3264 668 est
3281 632 3294 667 :
3313 630 3495 669 omnes
3516 616 3566 669 in
3582 619 3889 685 sanguinem

2321 702 2559 774 judicant
2588 724 2606 757 ι
2642 705 2661 776 (
2678 704 2836 759 Mich.
2868 706 2921 759 7.
2949 705 3041 775 2).
3071 707 3212 761 Deus
3238 707 3423 761 iterum
3452 726 3465 761 :
3495 726 3515 762 ι
3549 708 3683 763 0dio
3709 709 3890 772 habui,

2329 797 2498 868 repuli
2525 797 2837 854 festivitates
2882 808 3106 865 vestras,
3147 807 3203 855 et
3250 815 3354 855 non
3397 799 3658 855 odorabor
3690 800 3892 856 hostias

2326 889 2379 945 in
2406 890 2752 947 conventibus
2779 892 2969 947 vestris
2997 910 3016 944 ι
3046 892 3237 962 (Amos
3266 893 3319 948 5.
3347 890 3409 947 2i
3437 891 3477 961 ).
3507 892 3647 947 Elias
3674 901 3849 948 autem
3875 910 3888 946 :

2330 1000 2350 1032 ι
2384 982 2582 1036 Altaria
2611 992 2695 1038 tua
2713 984 3101 1049 subverterunt,
3130 992 3184 1038 et
3218 984 3500 1055 prophetas
3541 994 3657 1040 tuos
3674 986 3889 1041 occide-

2323 1082 2475 1133 runt;
2508 1081 2561 1125 et
2579 1088 2678 1157 ego
2715 1074 2931 1129 relictus
2951 1090 3067 1129 sum
3092 1075 3257 1139 solus,
3302 1083 3357 1129 et
3394 1085 3639 1145 quaerunt
3662 1077 3890 1130 animam

2324 1176 2494 1215 meam
2532 1182 2550 1215 ι
2587 1164 2675 1232 (5.
2708 1165 2833 1236 Reg.
2864 1166 2951 1222 19.
2988 1165 3111 1239 10).
3162 1167 3392 1222 Rursum
3422 1168 3597 1223 Deus:
3624 1185 3648 1219 ί
3684 1166 3891 1238 Reliqui

2322 1251 2535 1306 domum
2559 1269 2752 1322 meam,
2793 1256 2967 1311 dimisi
2998 1256 3345 1313 hereditatem
3374 1273 3567 1325 meam,
3594 1257 3717 1314 dedi
3758 1258 3891 1315 dile-

2322 1350 2459 1394 ctam
2481 1344 2710 1399 animam
2725 1362 2893 1401 meam
2914 1347 2965 1401 in
2989 1363 3176 1404 manus
3200 1350 3530 1405 inimicorum
3555 1350 3671 1419 ejus
3695 1368 3715 1403 ι
3745 1349 3886 1421 (Jer.

2322 1431 2410 1484 i2.
2443 1432 2533 1501 7).
2589 1434 2752 1490 David
2794 1437 3031 1492 iterum:
3083 1438 3536 1496 «immolaverunt
3580 1441 3718 1497 filios
3762 1458 3887 1497 suos

2320 1530 2376 1576 et
2402 1522 2537 1579 tilias
2577 1539 2699 1580 suas
2723 1526 3018 1596 daemoniis,
3043 1538 3097 1583 et
3134 1530 3433 1587 effuderunt
3455 1533 3761 1603 sanguinem
3802 1536 3886 1588 in-

2321 1623 2627 1683 nocentem,
2676 1620 2983 1689 sanguinem
3022 1622 3245 1678 filiorum
3288 1638 3503 1680 suorum
3533 1635 3587 1681 et
3606 1624 3826 1681 ﬁliarum
3859 1645 3881 1679 ο

2320 1704 2497 1775 (Paul.
2523 1708 2643 1763 106.
2672 1710 2902 1781 57.58).
3117 1704 3128 1716 '

2392 1797 2445 1851 4.
2475 1797 2719 1853 Vidistin‘
2755 1801 2969 1857 malitia:
2999 1805 3370 1874 tyrannidem?
3397 1803 3571 1861 Canes
3598 1805 3807 1863 fuerunt
3833 1819 3887 1864 et

2318 1891 2460 1959 equi,
2490 1899 2546 1945 et
2562 1893 2725 1947 asinis
2756 1894 3093 1963 stupidiores,
3129 1896 3400 1967 bobusque
3445 1899 3882 1967 insensibiliores,

2317 1977 2372 2033 in
2403 1979 2671 2051 ipsamque
2697 1994 2936 2038 naturam
2976 1985 3317 2042 insanierunt.
3341 1987 3445 2044 Sed
3493 1999 3613 2060 post
3639 1991 3883 2046 incarna-

2319 2071 2517 2127 tionem
2542 2073 2736 2131 Christi
2762 2077 2885 2147 quid
2912 2078 2987 2133 ait
3008 2079 3274 2149 Scriptura
3295 2081 3318 2134 ?
3342 2080 3500 2136 Pater
3518 2093 3704 2150 noster,
3728 2084 3813 2153 qui
3831 2100 3884 2138 es

2316 2162 2369 2217 in
2389 2166 2523 2219 caelis
2563 2166 2789 2237 (Matth.
2821 2171 2874 2225 6.
2904 2170 2997 2243 9).
3047 2171 3282 2227 Antehac
3318 2160 3535 2228 dicebat.
3555 2174 3822 2246 Scriptura
3864 2194 3878 2229 :

2326 2256 2465 2310 Vade
2481 2258 2549 2311 ad
2568 2261 2849 2329 formicam,
2876 2263 3016 2333 piger
3039 2262 3057 2334 (
3081 2262 3234 2317 Prov.
3272 2265 3322 2319 6.
3352 2264 3420 2336 6)
3440 2282 3455 2327 ;
3482 2275 3600 2337 post
3619 2267 3732 2321 hazc
3754 2282 3881 2322 vero

2304 2349 2473 2402 etiam
2504 2349 2790 2421 adoptione
2828 2352 3026 2423 dignati
3075 2368 3275 2417 sumus,
3321 2365 3374 2410 et
3417 2357 3545 2410 casio
3594 2357 3878 2427 adscripti,

2313 2453 2434 2495 cum
2454 2443 2656 2512 angelis
2674 2444 2866 2499 choros
2893 2446 3116 2516 agimus,
3144 2457 3197 2501 et
3226 2449 3456 2518 ipsorum
3495 2457 3678 2503 cantus
3717 2450 3880 2519 parti-

2313 2532 2458 2603 cipes
2483 2549 2683 2601 sumus,
2706 2550 2769 2592 ac
2795 2552 2916 2593 cum
2948 2538 3272 2608 lncorporeis
3295 2541 3635 2609 potestatibus
3661 2556 3880 2596 concer-

2296 2634 2507 2682 ~tamus.
2535 2628 2734 2684 Sublati
2763 2640 2885 2685 sunt
2916 2632 3102 2699 colles,
3132 2632 3305 2687 diruta
3332 2641 3455 2688 sunt
3483 2635 3694 2704 templa.
3722 2634 3879 2703 Lapis

2312 2731 2432 2774 esse
2456 2718 2589 2789 lapis
2610 2721 2751 2776 visus
2776 2731 2874 2789 est,
2904 2732 2959 2778 et
2987 2724 3185 2793 lignum
3212 2740 3334 2780 esse
3362 2726 3555 2795 lignum
3580 2726 3881 2797 deprehen-

2310 2825 2427 2865 sum
2470 2820 2582 2879 est,
2634 2813 2958 2885 arboresque
2993 2817 3243 2884 arbores;
3294 2818 3464 2873 fontes
3510 2819 3636 2874 item
3682 2819 3874 2875 fontes.

2310 2902 2443 2969 Quia
2471 2906 2612 2959 enim
2659 2906 2752 2961 Sol
2796 2908 3014 2977 justitize
3056 2910 3228 2965 illuxit
3272 2911 3439 2982 (Mal.
3468 2912 3524 2967 4.
3558 2913 3647 2985 2),
3698 2929 3875 2969 rerum

2308 2996 2539 3051 ostendit
2564 3008 2825 3067 naturam,
2849 3017 3004 3071 quam
3024 3006 3169 3072 prius
3193 3004 3573 3061 obtenebrabat
3594 3022 3698 3062 nox
3722 3022 3875 3063 erro-

2308 3088 2404 3155 ris,
2452 3097 2507 3143 et
2530 3090 2840 3159 ignorantiae
2867 3094 3121 3162 profunda
3172 3098 3375 3169 caligo,
3421 3114 3539 3168 qua:
3579 3114 3761 3156 eorum
3785 3103 3874 3171 qui

2296 3177 2513 3250 decepti
2542 3192 2695 3237 erant
2746 3183 2927 3239 oculos
2955 3184 3262 3242 offuscabat.
3295 3187 3401 3243 Sed
3433 3198 3710 3260 postquam
3734 3191 3873 3246 den-

2308 3284 2421 3326 sam
2450 3273 2648 3329 erroris
2674 3275 2865 3331 nubem
2912 3276 3052 3333 Solis
3074 3278 3291 3348 justitiae
3339 3281 3518 3335 radius
3569 3281 3871 3352 dissipavit,

2308 3365 2500 3434 ubique
2525 3365 2613 3420 lux
2636 3379 2719 3421 est
2741 3378 2795 3423 et
2816 3368 2949 3435 dies,
2990 3370 3096 3435 imo
3116 3372 3394 3441 splendida
3431 3374 3740 3445 stabilisque
3785 3375 3871 3430 lux

2308 3456 2618 3512 meridiana.
2665 3457 2843 3514 Persa:
2879 3461 3058 3528 etiam,
3089 3463 3178 3532 qui
3212 3474 3407 3520 matres
3452 3479 3578 3520 suas
3606 3468 3658 3521 in
3680 3482 3873 3521 uxores

2304 3549 2601 3619 ducebant,
2656 3553 3005 3624 virginitatem
3050 3570 3190 3611 nunc
3232 3570 3498 3612 exercent.
3545 3559 3727 3630 thui
3751 3570 3871 3614 ante

2305 3641 2443 3697 illius
2464 3659 2589 3700 suos
2616 3648 2768 3715 quasi
2786 3662 2888 3703 non
2916 3659 3260 3719 agnoscentes
3284 3653 3603 3714 mactabant.
3637 3654 3868 3708 omnium

2305 3737 2711 3793 mansuetissimi
2743 3748 2797 3793 et
2840 3741 3106 3797 mitissimi
3147 3753 3287 3797 sunt.
3320 3744 3449 3814 Lupi
3477 3746 3651 3799 ovium
3704 3746 3870 3799 instar

2305 3828 2564 3881 mansueti
2613 3839 2923 3896 evaserunt;
2968 3832 3075 3887 imo
3124 3833 3281 3888 etiam
3331 3834 3364 3887 ii
3414 3834 3504 3905 qui
3551 3834 3687 3904 lupis
3739 3836 3867 3906 ipsis

2304 3917 2642 3974 humaniores
2671 3932 2840 3977 erant.
2871 3923 3048 3994 Lupus
3073 3926 3213 3980 enim
3252 3935 3490 3982 naturam
3513 3943 3614 3983 non
3638 3929 3863 3999 ignorat,

2302 4009 2395 4063 sed
2417 4012 2652 4080 agnoscit
2680 4012 2843 4067 fetum
2880 4036 2893 4070 :
2926 4014 3167 4071 homines
3186 4028 3356 4071 autem
3394 4021 3553 4073 etiam
3591 4021 3695 4076 illis
3722 4020 3865 4077 fero-

2303 4102 2476 4158 ciores
2500 4113 2669 4159 erant.
2697 4105 2799 4161 Sed
2840 4116 2960 4176 post
2997 4110 3405 4165 incarnationem
3431 4111 3695 4183 Unigeniti
3726 4116 3872 4186 ejus—

2302 4207 2405 4264 que
2434 4193 2899 4265 dispensationem,
2926 4198 3092 4268 ejecta
3131 4199 3356 4268 fcritate,
3399 4203 3462 4257 ad
3493 4205 3725 4273 priorem
3777 4224 3871 4262 re-

2302 4285 2441 4339 versi
2469 4294 2593 4341 sunt
2614 4288 2945 4344 nobilitatem
2971 4307 2985 4357 ;
3015 4290 3120 4347 imo
3165 4292 3233 4346 ad
3277 4294 3569 4365 angelicam
3617 4297 3873 4354 virtutem

2302 4377 2469 4430 evecti
2491 4388 2631 4432 sunt.
2658 4378 2725 4432 Et
2748 4380 2972 4436 antehac
2994 4382 3148 4437 urbes
3175 4383 3384 4452 quidem
3415 4395 3569 4441 erant
3595 4388 3880 4458 impietate

2302 4467 2474 4537 plenae
2524 4487 2537 4522 :
2585 4468 2741 4525 hodie
2780 4481 2955 4527 autem
2983 4474 3139 4528 etiam
3177 4476 3404 4530 solitudo
3431 4478 3831 4548 philosophatur
3858 4526 3877 4549 ,

2302 4570 2508 4613 necnon
2534 4562 2736 4629 tuguria
2765 4562 3145 4619 monachorum
3171 4565 3222 4619 in
3249 4568 3515 4623 montibus
3542 4577 3596 4624 et
3620 4571 3879 4641 saltibus,

2301 4649 2613 4705 imitantium
2661 4652 2824 4721 ipsam
2862 4655 3169 4725 angelorum
3202 4658 3382 4725 vitam,
3412 4669 3691 4731 postquam
3728 4678 3887 4733 prte—

2299 4751 2498 4795 sentem
2524 4754 2798 4799 exuerunt.
2825 4746 2891 4799 At
2932 4746 3056 4815 quid
3083 4763 3215 4817 opus
3257 4760 3339 4805 est
3391 4753 3667 4807 verborum
3698 4769 3888 4824 appa-

2300 4842 2438 4898 ratu,
2465 4850 2586 4889 cum
2618 4851 2703 4890 res
2733 4837 2861 4907 ipsa:
2896 4837 3197 4907 loquantur,
3225 4851 3279 4895 et
3307 4842 3418 4897 sole
3446 4844 3638 4898 clarius
3678 4857 3886 4902 osten-

2298 4924 2426 4980 dant
2453 4928 2729 4994 benelicia,
2753 4944 2869 4999 qua:
2896 4940 3015 5000 post
3048 4931 3412 4988 admirandum
3458 4935 3600 4989 illum
3653 4946 3705 4991 et
3756 4941 3899 5007 spi-

2298 5017 2541 5072 ritualem
2585 5020 2800 5089 virginis
2848 5032 3097 5092 partum,
3150 5039 3212 5079 ac
3258 5035 3378 5094 post
3420 5026 3894 5097 dispensationem

2300 5106 2837 5183 iucarnationemque,
2861 5121 3026 5169 totum
3045 5115 3225 5170 orbem
3247 5118 3602 5187 occuparunt?
3619 5122 3897 5180 Attamen

2301 5208 2498 5254 tantum
2530 5208 2739 5273 tamque
2766 5206 3075 5273 prmclarum
3104 5222 3237 5276 opus
3258 5225 3286 5261 a
3314 5209 3486 5279 seipse
3537 5209 3676 5269 fecit.
3724 5221 3900 5282 quod

2297 5298 2351 5344 et
2372 5290 2565 5345 clamat
2592 5292 2783 5349 Paulus
2810 5294 2991 5351 dicens
3018 5315 3033 5350 :
3064 5297 3162 5364 Qui
3185 5315 3296 5352 cum
3318 5301 3368 5352 in
3389 5305 3551 5370 forma
3588 5298 3685 5354 Dei
3716 5320 3903 5377 esset,

2298 5397 2399 5436 non
2436 5385 2666 5453 rapinam
2700 5385 2970 5443 arbitratus
3002 5399 3077 5443 est
3121 5406 3227 5444 esse
3256 5408 3309 5444 se
3346 5394 3584 5461 (squalent
3624 5392 3754 5458 Deo,
3790 5406 3907 5455 sed

2298 5473 2618 5541 semetipsum
2638 5476 2925 5560 exinaniuit‘,
2952 5479 3170 5549 formam
3198 5483 3327 5535 servi
3351 5484 3597 5553 accipiens
3626 5484 3643 5553 (
3666 5483 3906 5560 Philip,

2296 5562 2351 5616 2.
2380 5562 2433 5617 6.
2464 5563 2496 5617 7
2512 5562 2553 5633 ).
2576 5564 2763 5634 Audis,
2790 5554 3055 5636 hmretice,
3081 5570 3218 5641 quod
3236 5573 3464 5641 seipsum
3481 5554 3862 5637 exinaniverit
3881 5587 3916 5641 τ

2298 5657 2377 5712 Ac
2401 5659 2765 5715 rursus-alibi:
2813 5680 2833 5715 ‹
2868 5663 3015 5720 Sicut
3042 5672 3096 5719 et
3143 5664 3384 5720 Christus
3413 5666 3623 5722 'dilexit
3664 5683 3801 5738 nos,
3842 5692 3915 5737 ει

2300 5747 2512 5803 tradidit
2538 5751 2879 5822 semetipsum
2912 5769 3010 5823 pro
3036 5752 3188 5809 nobis
3212 5754 3532 5811 oblationem
3561 5766 3614 5812 et
3639 5757 3910 5826 hostiam

2302 5837 2411 5895 Deo
2435 5839 2487 5895 in
2511 5840 2725 5898 odorem
2754 5843 3026 5900 suavitatis
3061 5863 3080 5898 ι
3116 5843 3336 5918 (Ephes.
3367 5846 3421 5902 5.
3447 5847 3539 5920 2).
3569 5849 3669 5915 Qui
3703 5855 3906 5920 etiam
