4054 6320
484 339 589 399 253

488 458 594 524 ’⁸ος
620 456 689 511 ἐν
708 455 909 527 μορφῇ
940 457 1086 513 Θεοῦ
1136 457 1439 526 ὑπάρχων,
1492 458 1604 527 οὐχ
1650 458 1961 526 ἁρπαγμὸν
1990 454 2138 525 ἡγή-

1270 339 1326 396 S.
1365 340 1648 396 JOANNIS
1684 335 2171 397 CHRYSOSTOMI
2210 335 2521 393 ARCHIEP.
2560 337 3100 395 CONSTANTINOP.

3787 339 3880 394 254

2237 455 2408 523 λέγω,
2442 455 2527 524 μὴ
2586 455 2937 524 ἀντιστῆναι
2989 456 3068 520 τῷ
3103 455 3361 523 πονηρῷ,
3413 455 3551 511 ἀλλ’
3602 454 3773 520 ὅστις
3815 471 3883 509 σε

482 560 635 599 σατο
665 543 732 597 τὸ
756 541 907 598 εἶναι
934 545 1037 599 ἴσα
1060 543 1201 610 Θεῷ,
1217 544 1353 598 ἀλλ’
1374 545 1591 600 ἑαυτὸν
1607 536 1885 609 ἐκένωσε,
1902 543 2149 631 μορφὴν.
2229 541 2475 608 ραπίσει
2504 544 2599 597 ἐπὶ
2639 543 2753 611 τὴν
2778 544 2980 608 δεξιὰν
3016 543 3286 611 σιαγόνα,
3314 542 3580 611 στρέψον
3603 541 3762 608 αὺτῷ
3793 546 3881 598 καί

483 630 708 686 δούλου
732 633 950 687 λαϐὼν.
996 632 1256 696 Ἀκούεις,
1276 634 1536 704 αἰρετικέ,
1566 636 1646 687 ὅτι
1661 635 1850 688 ἐαυτὸν
1872 632 2103 687 ἐκένωσε

484 720 597 773 Καὶ
624 720 785 773 πάλιν
810 720 1042 792 ἀλλαχοῦ
1070 736 1086 753 ⁸
1115 721 1316 787 Καθὼς
1345 721 1443 775 καὶ
1487 724 1520 775 ό
1548 722 1799 790 Χριστὸς
1829 720 2143 790 ἠγάπησεν

486 807 660 877 ἡμᾶς.
684 808 781 861 καί
815 808 1154 876 παρέδωκεν
1183 809 1398 863 ἑαυτὸν
1427 809 1579 878 ὑπὲρ
1602 808 1770 878 ἡμῶν
1796 807 2145 876 προσφορὰν

486 895 584 949 καὶ
628 897 846 950 θυσίαν
880 894 959 961 τῷ
1016 894 1136 962 Θεῷ
1170 898 1259 962 εἰς
1315 897 1515 966 ὀσμὴν
1556 897 1824 962 εὐωδίας.
1897 898 1992 959 Ὃς
2050 893 2143 948 καὶ

484 981 802 1054 ἐσταυρώθη
833 984 925 1052 ἀφ’
957 984 1173 1046 ἐαυτοῦ,
1202 984 1297 1037 καὶ
1327 984 1538 1055 ἐσφάγη
1569 985 1659 1053 ἀφ’
1691 984 1903 1037 ἐαυτοῦ⁸
1934 982 2013 1035 διὸ
2050 982 2144 1034 καὶ

483 1070 643 1134 αὐτὸς
682 1070 866 1138 ἔλεγεν
890 1088 902 1101 ·
944 1072 1257 1136 Ἐξουσίαν
1291 1072 1408 1141 ἔχω
1433 1072 1616 1127 θεῖναι
1640 1073 1752 1141 τὴν
1774 1072 1983 1141 ψυχήν
2000 1089 2141 1141 μου,

483 1157 581 1210 καί
613 1158 902 1222 ἐξουσίαν
936 1157 1051 1227 ἔχω
1071 1158 1254 1213 πάλιν
1279 1159 1485 1214 λαϐεῖν
1508 1158 1717 1226 αὐτήν.
1759 1159 1967 1225 Οὐδείς
1992 1159 2145 1226 alpes

481 1245 677 1313 αὐτὴν
704 1245 806 1299 ἀπ’
833 1244 977 1314 ἐμοῦ
1000 1265 1013 1276 δ
1053 1246 1166 1316 ἐγὼ
1191 1247 1385 1316 τίθημι
1428 1247 1620 1314 αὐτὴν
1656 1248 1756 1315 ἀφ’
1795 1247 2030 1301 ἑαυτοῦ.
2078 1245 2143 1297 Τί

482 1335 658 1403 λέγεις
696 1335 948 1401 ἐνταῦθα,
983 1330 1028 1390 ὧ
1064 1338 1327 1408 αἰρετικέ,
1365 1341 1393 1392 6
1426 1339 1688 1408 παράγων
1718 1338 1816 1408 τὴν
1856 1337 2014 1408 ῥῆσιν
2044 1336 2143 1407 τὴν

483 1422 843 1494 εὐαγγελικὴν
864 1423 960 1494 τὴν
984 1424 1263 1492 λέγουσαν,
1305 1425 1494 1479 Οὐδὲν
1524 1426 1770 1479 δύναται
1790 1426 1889 1493 ἀφ’
1928 1424 2142 1478 ἑαυτοῦ

484 1514 517 1563 d
542 1512 705 1577 Υίός;
769 1512 896 1564 Ἰδοὺ
950 1513 1109 1576 αὐτός
1153 1531 1343 1585 φησιν·
1398 1515 1543 1584 Ἐγὼ
1567 1514 1759 1582 αὐτὴν
1803 1515 1997 1582 τίθημι
2040 1513 2141 1582 ἀφ’

483 1597 727 1666 ἑαυτοῦ,
756 1600 853 1653 καί
881 1600 1160 1669 λαμϐάνω
1188 1601 1380 1670 αὐτὴν
1416 1601 1514 1672 ἀφ’
1548 1602 1781 1657 ἑαυτοῦ.
1826 1603 1900 1655 Οὑ
1950 1600 2141 1671 μικρὸν

485 1686 541 1738 δέ
574 1687 633 1739 τὸ
671 1689 975 1760 εἰρημένον,
1005 1689 1138 1742 ἀλλὰ
1171 1690 1263 1742 καὶ
1294 1690 1497 1762 σφόδρα
1539 1692 1698 1761 μέγα.
1742 1692 1850 1743 Καὶ⁵
1894 1690 2021 1761 περὶ
2048 1688 2140 1741 τοῦ

484 1774 695 1844 Πατρὸς
739 1777 970 1847 εἴρηται,
1020 1779 1100 1830 ὅτι
1140 1777 1365 1832 θανάτου
1416 1780 1507 1831 κοιί¹
1542 1779 1686 1850 ζωῆς
1719 1776 1961 1844 ἐξουσίαν
2013 1778 2139 1847 ἔχει.

485 1861 655 1931 Ὁρᾷς
672 1859 787 1924 πῶς
802 1862 932 1916 είσω
947 1862 1051 1915 τῶν
1075 1863 1303 1917 δικτύων
1324 1864 1543 1935 ἐξέϐης;
1565 1866 1629 1917 Τί
1651 1865 1758 1936 γὰρ
1784 1865 1917 1934 πρὸς
1941 1864 2144 1932 ταύτην

483 1949 627 2018 ἐρεῖς
665 1949 762 2019 τὴν
797 1949 983 2019 ῥῆσιν;
1029 1949 1171 2020 Ἐγὼ
1206 1951 1400 2020 τίθημι
1432 1952 1626 2020 αὐτὴν
1650 1954 1749 2021 ἀφ’
1774 1951 2008 2017 ἑαυτοῦ,
2044 1950 2141 2004 καὶ

481 2034 761 2105 λαμϐάνω
797 2036 989 2105 αὐτὴν
1022 2038 1124 2106 ἀφ’
1153 2037 1390 2094 ἑαυτοῦ.
1431 2039 1555 2102 Πῶς
1579 2034 1670 2093 οὖν
1694 2040 1858 2110 ἔφης,
1888 2040 1968 2092 ὅτι
1994 2038 2143 2091 οὐδὲν

482 2126 627 2176 ποιεῖ
650 2125 742 2193 ἀφ’
776 2125 1001 2191 ἐαυτοῦ;
1052 2126 1209 2191 Ἀλλ’,
1232 2129 1368 2199 ὅπερ
1392 2129 1545 2198 ἔφην,
1577 2132 1622 2182 εἰ
1658 2129 1754 2200 μὲν
1781 2129 1914 2198 πρὸς
1944 2129 2143 2198 αἱρετι-

483 2216 611 2277 κοὺς
650 2216 781 2285 ἡμῖν
823 2217 851 2269 6
888 2214 1061 2284 λόγος,
1110 2216 1267 2285 ἀφεὶς
1320 2216 1386 2270 ἂν
1434 2216 1628 2281 αὐτοὺς
1664 2220 1742 2280 εἰς
1778 2217 2008 2287 ἀπορίαν
2053 2216 2144 2269 καὶ

480 2302 782 2372 δεσμώσας,
834 2302 1003 2366 οὕτως
1042 2303 1366 2375 ἀπεπήδησα
1403 2316 1452 2369 ³,
1511 2304 1784 2376 ἀρκοῦσαν
1824 2304 2001 2357 λαϐὼν
2045 2304 2143 2375 τὴν

482 2389 637 2457 νίκην
677 2389 773 2443 καὶ
822 2389 1072 2461 λαμπρὸν
1113 2390 1173 2442 τὸ
1206 2391 1484 2460 τρόπαιον,
1532 2394 1623 2444 καὶ
1663 2391 1923 2462 μεγίστην
1967 2409 2145 2461 παρα-

485 2475 743 2546 σχόμενος
769 2476 867 2546 τῆς
906 2477 1087 2539 ἀνοίας
1126 2477 1306 2531 αὐτῶν
1349 2478 1637 2544 ἀπόδειξιν.
1696 2479 1908 2549 Ἐπειδὴ
1953 2478 2010 2531 δέ
2044 2479 2144 2533 οὐκ

481 2563 829 2636 ἐπιστομίσαι
866 2563 1122 2635 βούλομαι
1160 2566 1286 2628 τοὺς
1327 2566 1603 2630 ἐναντίους
1653 2566 1828 2636 μόνον,
1869 2565 2006 2618 ἀλλά
2049 2566 2142 2619 καὶ

481 2650 768 2705 παιδεῦσαι
799 2652 923 2713 τοὺς
952 2650 1068 2720 μεθ’
1098 2652 1253 2722 ἡμῶν
1275 2651 1455 2715 ὄντας,
1505 2653 1595 2705 καὶ
1640 2653 1858 2722 σοφίσαι
1896 2653 1964 2706 τὰ
2007 2653 2140 2723 μέλη

479 2738 551 2792 τὰ
582 2738 846 2809 ἡμέτερα,
898 2739 996 2792 οὐκ
1040 2739 1270 2793 ἐνταῦθα
1313 2740 1598 2794 καταλύσω
1640 2741 1730 2794 τὸν
1784 2741 1959 2810 λόγον,
2009 2742 2141 2795 ἀλλά

482 2825 792 2895 περαιτέρω
834 2826 1080 2895 χωρῆσαι
1135 2826 1483 2898 πειράσομαι,
1527 2828 1711 2899 ἕτερον
1750 2829 1908 2899 πάλιν
1964 2829 2142 2893 δείξας

482 2911 639 2979 ἔργον
672 2912 730 2963 τὸ
754 2912 972 2980 ἐλέγχον
998 2913 1174 2965 αὐτῶν
1199 2913 1296 2985 τὴν
1334 2915 1683 2985 ἀναίσχυντον
1720 2916 2043 2985 ἀντιλογίαν.
2078 2917 2141 2968 Τί

479 2998 588 3069 γάρ
619 3015 813 3069 φησιν;
855 2997 909 3051 '0
935 3000 1135 3069 Πατὴρ
1161 3004 1231 3056 οὺ
1260 3004 1443 3071 κρίνει
1459 3004 1695 3069 οὐδένα,
1728 3006 1886 3060 ἀλλὰ
1914 3004 2140 3072 πάντας

481 3090 515 3141 ό
560 3089 711 3154 Υἱός.

553 3181 611 3229 ε’.
639 3174 856 3248 Ἐρωτῶ
872 3171 963 3231 οῦν
983 3176 1071 3229 τὸν
1098 3179 1389 3249 αἱρετικὸν,
1421 3182 1468 3233 εἰ
1495 3181 1681 3236 οὐδένα
1700 3182 1873 3254 κρίνει
1893 3181 2137 3255 ὁΠατὴρ,

480 3261 508 3308 6
535 3259 590 3313 δέ
627 3258 750 3323 Υἰὸς
780 3261 973 3331 κρίνει,
1024 3262 1137 3324 πῶς
1171 3263 1383 3333 κρίνεις
1439 3265 1499 3317 Εἰ
1553 3266 1659 3336 γὰρ
1717 3266 1884 3336 μηδὲν
1921 3267 2140 3322 δύναται

483 3349 652 3399 ποιεῖν
691 3348 782 3416 ἀφ’
829 3349 1066 3427 ἐαυτοῦ,
1093 3348 1243 3422 [262]
1278 3349 1371 3403 ἐὰν
1405 3352 1478 3421 μή
1524 3370 1574 3405 τι
1605 3352 1775 3423 βλέπῃ
1801 3354 1890 3405 τὸν
1926 3354 2143 3426 Πατέρα

481 3432 753 3491 ποιοῦντα.
789 3435 816 3487 ὁ
836 3436 892 3489 δὲ
924 3435 1112 3508 Πατὴρ
1141 3437 1201 3488 οὐ
1221 3437 1413 3508 κρίνει,
1447 3438 1606 3501 αὐτὸς
1629 3439 1684 3491 δὲ
1715 3440 1920 3502 πάντας
1949 3441 2139 3508 κρίνει,

480 3523 598 3585 πῶς
625 3522 654 3575 ὃ
682 3523 755 3594 μὴ
782 3517 888 3577 εἶδε
918 3523 1136 3578 δύναται
1165 3526 1416 3596 ποιῆσαι;
1467 3526 1576 3579 Καὶ
1602 3526 1735 3596 μηδέ
1762 3526 1920 3579 τοῦτο
1960 3527 2143 3589 ἁπλῶς

480 3611 865 3683 παραδράμῃς·
910 3612 1030 3665 οὑδέ
1075 3612 1182 3683 γὰρ
1224 3613 1380 3666 τοῦτο
1430 3613 1641 3683 μικρὸν,
1696 3614 1829 3668 ἀλλά
1885 3616 2143 3686 μεγίστης

479 3700 778 3770 δυνάμεως.
826 3699 1106 3769 Ἐννόησον
1143 3699 1251 3770 γὰρ
1288 3700 1472 3770 ήλίκον
1501 3701 1637 3763 ἐστὶ,
1668 3704 1791 3765 τοὺς
1818 3702 1925 3755 ἀπὸ
1975 3702 2143 3773 Ἀδὰμ

485 3788 644 3859 μέχρι
673 3787 773 3858 τῆς
801 3787 1107 3851 συντελείας
1140 3788 1460 3859 γενομένους
1509 3789 1793 3860 Ἕλληνας,
1833 3790 2139 3855 Ἰουδαίους,

481 3875 815 3945 αἰρετικοὺς,
854 3877 978 3938 τοὺς
1009 3875 1069 3926 ἐν
1103 3878 1169 3945 τῇ
1215 3874 1473 3947 ὀρθοδόξῳ
1516 3879 1690 3930 πίστει
1727 3878 2139 3948 διαμαρτόντας,

483 3965 691 4026 πάντας
733 3963 961 4031 ἀγαγεῖν
995 3965 1052 4016 ἐν
1098 3966 1160 4034 τῇ
1213 3964 1394 4035 ἡμέρα
1424 3965 1626 4039 ἐκείνῃ,
1676 3967 1768 4018 καὶ
1814 3968 2030 4020 πάντων
2075 3968 2143 4021 τά

482 4050 769 4121 ἀπόρρητα
791 4052 868 4113 εἰς
892 4051 1053 4120 μέσον
1076 4050 1359 4119 ἐξαγαγεῖν
1379 4051 1446 4104 τὰ
1468 4054 1786 4123 πράγματα,
1811 4055 1878 4107 τά
1901 4056 2139 4126 ῥήματα,

479 4138 609 4201 τοὺς
634 4135 833 4199 δόλους,
858 4138 956 4200 τὰς
982 4136 1289 4201 ἐπιϐουλὰς,
1334 4138 1402 4192 τὰ
1446 4141 1733 4211 ἀπόρρητα
1761 4142 1858 4210 τῆς
1886 4142 2140 4205 διανοίας,

480 4226 542 4280 οὖ
575 4224 885 4297 μαρτυριῶν
934 4224 1265 4296 φερομένων,
1316 4227 1414 4279 οὐκ
1455 4227 1708 4298 ἐλέγχων,
1759 4231 1858 4283 οὐκ
1897 4232 2139 4295 εἰκόνων,

479 4314 579 4368 οὐκ
606 4312 951 4377 ἀποδείξεων,
980 4314 1081 4366 οὐκ
1105 4312 1279 4367 ἀλλων
1312 4314 1419 4367 τῶν
1453 4316 1709 4370 τοιούτων
1739 4318 1971 4385 οὐδενὸς,
2008 4320 2161 4385 ἀλλά,

479 4404 545 4473 τῇ
578 4399 750 4474 οἰκείᾳ
770 4400 994 4472 δυνάμει
1036 4401 1169 4472 πρὸς
1208 4401 1298 4455 τὸν
1333 4402 1550 4473 ἔλεγχον
1588 4404 1958 4476 κεχρημένων.
2003 4408 2139 4461 Ἀλλ’

480 4492 628 4559 ὅμως
655 4488 906 4543 τοσοῦτον
933 4490 1026 4543 καὶ
1057 4489 1372 4559 τηλικοῦτον
1406 4491 1738 4563 κατόρθωμα
1780 4494 1941 4559 αὐτὸς
1973 4499 2136 4561 ποιεῖ,

479 4578 542 4632 οὐ
568 4576 831 4647 πρότερον
869 4578 959 4631 τὸν
999 4579 1215 4648 Πατέρα
1253 4577 1393 4642 ἰδὼν,
1434 4580 1527 4632 καὶ
1556 4579 1697 4633 οὕτω
1733 4581 2133 4651 μιμησάμενος·

483 4669 513 4719 6
583 4664 772 4734 Πατὴρ
814 4663 922 4736 γὰρ
976 4665 1037 4718 οὐ
1086 4665 1260 4733 κρίνει
1304 4667 1512 4722 οὐδένα.
1550 4668 1692 4738 Ὅρα
1739 4668 1795 4721 δὲ
1852 4670 2011 4723 αὐτὸν
2046 4672 2137 4726 καὶ

480 4750 713 4822 ἀλλαχοῦ
748 4751 923 4806 πάντα
960 4752 1075 4823 μετ’
1121 4753 1364 4819 ἐξουσίας
1412 4756 1792 4828 ἐργαζόμενον,
1828 4756 1883 4811 ἐν
1925 4776 1983 4812 τε
2026 4763 2137 4825 τοῖς

480 4840 719 4911 θαύμασι
753 4840 844 4892 καὶ
873 4841 993 4901 ταῖς
1026 4842 1381 4911 νομοθεσίαις,
1422 4845 1515 4897 καὶ
1555 4848 1665 4909 τοῖς
1710 4842 1888 4909 ἀλλοις
1915 4846 2131 4904 ἅπασιν.

490 4927 707 4998 Ἐπειδὴ
734 4926 842 4998 γὰρ
868 4925 1095 4995 ἀνῆλθεν
1125 4930 1202 4992 εἰς
1227 4930 1286 4985 τὸ
1316 4931 1459 5001 ὅρος,
1495 4935 1586 4985 καὶ
1610 4933 1708 5003 τὴν
1732 4934 1919 5006 καινὴν
1949 4936 2136 5006 ἔμελλε

476 5017 673 5071 διδόναι
711 5014 993 5086 διαθήκην,
1028 5015 1189 5084 φησίν
1214 5033 1228 5048 ο
1285 5018 1600 5071 Ἠκούσατε
1635 5019 1723 5073 ὅτι
1770 5020 1975 5090 ἐρρέθη
2014 5024 2137 5090 τοῖς

477 5103 768 5174 ἀρχαίοις,
813 5104 895 5157 Οὐ
920 5103 1237 5172 φονεύσεις
1255 5121 1269 5134 ·
1316 5104 1381 5169 ὃς
1409 5104 1459 5157 δ’
1482 5106 1559 5160 ἂν
1585 5110 1875 5179 φονεύσῃ,
1925 5110 2137 5179 ἔνοχος

477 5196 648 5247 ἐσται
672 5189 746 5261 τῇ
772 5192 963 5259 κρίσει
985 5205 999 5219 ·
1036 5189 1105 5257 ὃς
1134 5189 1187 5244 δ’
1209 5190 1285 5245 ἂν
1315 5193 1477 5260 εἴπῃ,
1502 5194 1682 5260 Μωρὲ,
1710 5196 1924 5264 ἔνοχος
1967 5198 2137 5253 ἔσται

475 5282 545 5335 ἐν
581 5278 654 5349 τῇ
690 5278 904 5349 γεέννῃ
933 5276 1037 5332 τοῦ
1065 5280 1253 5347 πηούς
1296 5278 1344 5331 δ.
1385 5281 1529 5350 Ἐγὼ
1560 5280 1628 5333 δὲ
1662 5283 1817 5353 λέγω
1844 5287 2002 5355 ὑμῖν,
2047 5288 2136 5342 ὅτι

476 5368 595 5433 πᾶς
623 5370 655 5420 ὀ
708 5365 1074 5438 ὀργιζόμενος
1104 5364 1184 5431 τῷ
1216 5366 1455 5437 ἀδελφῷ
1499 5370 1684 5425 αὐτοῦ
1727 5372 1878 5442 εἰκῆ,
1923 5375 2136 5445 ἔνοχος

474 5456 645 5509 ἔσται
678 5453 753 5522 τῇ
782 5454 992 5523 κρίσει.
1038 5454 1362 5510 Ἠκούσατε
1399 5456 1485 5511 ὅτι
1513 5458 1740 5527 ἐρρέθη,
1800 5462 2137 5533 Ὀφθαλμὸν

475 5542 609 5598 ἀντί
639 5541 968 5611 ὀφθαλμοῦ,
1011 5542 1107 5599 καί
1146 5544 1361 5599 ὀδόντα
1400 5545 1532 5600 ἀντὶ
1571 5547 1833 5616 ὀδόντος.
1892 5552 2038 5624 Ἐγὼ
2069 5554 2137 5607 δὲ

477 5643 842 5759 πιὲἠξξοκέοειο
867 5648 1031 5699 Ollob.
1058 5649 1114 5699 ln
1139 5650 1404 5713 Anglicano
1430 5652 1518 5711 sic,
1564 5654 1694 5717 ἀφεὶς
1752 5657 1977 5714 αὐτοὺς...
2021 5662 2133 5711 ἀνα-

654 5740 744 5761 ,σγα-

539 5765 568 5809 ιν
596 5765 789 5819 “desis
822 5775 981 5821 nolam
1007 5770 1379 5838 imrprelalioni
1404 5774 1583 5829 Latina:
1599 5775 1872 5839 subiectam.

2238 629 2352 697 τὴν
2382 630 2598 698 ἄλλην.
2623 631 2687 684 Τί
2723 631 2911 698 τοῦτο;
2941 633 2969 685 6
2986 631 3149 703 μηδὲν
3176 632 3267 699 ἀφ’
3308 629 3495 683 ἐαυτοῦ
3522 630 3688 684 ποιῶν
3714 632 3801 683 καὶ
3822 632 3885 686 τά

2239 717 2331 771 τοῦ
2364 718 2574 790 Πατρὸς
2602 719 2925 792 διορθοῦται,
2968 721 3061 773 καὶ
3094 719 3191 785 τὴν
3226 718 3544 788 νομοθεσίαν
3572 718 3662 771 ἐπὶ
3680 718 3742 770 τὸ
3775 718 3889 788 βέλ-

2212 823 2351 858 ντιον
2370 808 2522 874 άγει;
2554 808 2720 861 Ὅταν
2743 809 2799 861 δέ
2830 808 2987 872 εἰπω,
3017 806 3339 878 διορθοῦται,
3377 806 3541 877 μηδὲν
3581 806 3888 876 βλάσφημον

2242 894 2603 967 ὑποπτεύσῃς,
2639 896 2714 959 ὡς
2742 896 2829 949 τοῦ
2858 894 3070 967 Πατρός
3104 895 3434 966 ἀτονωτέρου
3479 895 3646 958 ὄντος.
3693 894 3758 947 Εἰ
3786 894 3888 965 γὰρ

2241 983 2391 1052 καὶὴ
2423 984 2708 1053 νομοθεσία
2740 984 2997 1047 ἐλάττων,
3023 983 3137 1037 ἀλλ’
3166 983 3224 1037 οὐ
3260 982 3409 1053 παρά
3438 982 3527 1035 τὸν
3566 982 3719 1043 Θεὸν,
3761 982 3890 1035 ἀλλά

2242 1070 2391 1141 παρά
2414 1073 2537 1134 τοὺς
2565 1071 2885 1140 δεξαμένους
2925 1072 3015 1125 τὸν
3055 1072 3234 1141 νόμον.
3275 1070 3434 1124 Ἀλλά
3478 1071 3571 1125 καὶ
3612 1073 3644 1142 ἡ
3682 1070 3893 1124 Παλαιὰ

2240 1157 2333 1210 τοῦ
2381 1158 2732 1226 Μονογενοῦς.
2780 1160 2872 1212 καὶ
2919 1160 2951 1229 ἡ
3007 1158 3177 1228 Καινὴ
3215 1157 3305 1211 τοῦ
3344 1158 3573 1229 Πατρός.
3618 1157 3742 1221 Πῶς
3780 1152 3889 1222 οὖν,

2242 1245 2362 1299 εἰπέ
2395 1263 2502 1315 μοι,
2540 1247 2688 1301 οὐδὲν
2705 1247 2797 1316 ἀφ’
2828 1245 3018 1299 ἐαυτοῦ
3045 1249 3207 1309 ποιεῖ,
3231 1249 3296 1317 τῇ
3321 1246 3531 1314 Παλαιᾷ
3566 1244 3890 1317 προστιθεὶς,

2241 1332 2270 1383 ὁ
2303 1332 2568 1403 τοσαύτην
2593 1332 3028 1403 ἐπιδεικνύμενος
3056 1331 3328 1398 ἐξουσίαν;
3350 1328 3498 1404 Ἀρά
3525 1349 3574 1385 τι
3613 1332 3805 1399 γένοιτ’
3831 1331 3896 1385 ἂν

2242 1420 2530 1490 αἰρετικῶν
2553 1420 2935 1491 ἀσθενέστερον
2956 1440 2970 1484 ;
3002 1422 3235 1474 Ἰουδαῖοι
3254 1421 3352 1491 μὲν
3371 1422 3478 1491 γάρ
3494 1420 3895 1490 ἐξεπλήττοντο,

2242 1508 2322 1560 ὅτι
2350 1506 2521 1560 ταῦτα
2552 1507 2821 1560 ἐδίδασκεν
2863 1508 3054 1571 αὐτοὺς
3105 1509 3200 1573 Ὡς
3244 1507 3533 1571 ἐξουσίαν
3576 1506 3749 1575 ἔχων,
3800 1506 3897 1559 καὶ

2243 1596 2356 1662 οὐχ
2402 1596 2483 1659 ὡς
2525 1597 2579 1649 οἰ
2630 1596 2982 1664 γραμματεῖς
3024 1596 3120 1649 καί
3160 1598 3212 1649 οἱ
3255 1594 3597 1662 Φαρισαῖον
3657 1594 3899 1648 Ἰουδαῖοι

2242 1682 2485 1746 ἐξουσίαν
2511 1683 2656 1754 αὐτῷ
2691 1684 3082 1755 μαρτυροῦσιΨ
3122 1679 3266 1737 οὗτοι
3302 1683 3358 1735 δὲ
3387 1683 3536 1736 οὐδὲν
3577 1683 3671 1751 ἀφ’
3706 1682 3900 1735 ἑαυτοῦ

2240 1771 2495 1827 δύνασθαι
2537 1773 2888 1844 μαρτυροῦσι.
2942 1775 3048 1826 Καὶ
3105 1774 3203 1826 οὐκ
3265 1770 3443 1835 εἶπαν,
3518 1772 3595 1835 ὡς
3656 1770 3903 1837 ἐξουσίαν

2237 1852 2379 1929 ἒχων
2424 1872 2470 1924 ε,
2505 1860 2640 1925 ἀλλ’,
2709 1861 2801 1926 Ὠς
2841 1861 3128 1924 ἐξουσίαν
3161 1861 3334 1930 ἔχων.
3395 1862 3467 1913 Οὐ
3520 1860 3629 1931 γάρ
3677 1860 3903 1931 ὕστερον

2242 1948 2387 2019 αὐτῷ
2420 1951 2451 2019 ἡ
2475 1948 2690 2014 ἐξουσία
2709 1950 3080 2020 προσεγένετο,
3105 1950 3217 2002 ἀλλ’
3240 1950 3666 2020 ἀπηρτισμένηὴ
3688 1948 3904 2014 ἐξουσία

2243 2026 2471 2108 ἐγενήθη
2500 2037 2707 2101 οὐδενὸς
2736 2037 3121 2109 προσδεομένη.
3166 2037 3256 2090 Διὸ
3298 2039 3392 2090 καὶ
3415 2036 3565 2105 ἔλεγε
3594 2037 3725 2106 περὶ
3751 2035 3905 2105 βασι-ο

2243 2125 2391 2188 λείας
2419 2126 2793 2197 ἐρωτώμενοςο
2840 2126 2979 2194 Ἐγὼ
3007 2129 3093 2191 είς
3120 2127 3294 2180 τοῦτο
3316 2125 3689 2195 γεγέννημαι.
3732 2126 3903 2179 Πάλιν

2245 2211 2585 2283 προσηνέχθη
2628 2211 2776 2281 αὐτῷ
2806 2213 3189 2284 παραλυτικὸς,
3230 2212 3323 2265 καί
3370 2228 3548 2282 φησιν,
3600 2212 3791 2282 ἐπειδὴ
3836 2214 3905 2266 τὰ

2245 2302 2614 2372 ἁμαρτήματα
2660 2299 2821 2354 αὑτοῦ
2858 2302 3007 2353 ίασεν
3030 2316 3043 2328 ·
3083 2301 3207 2355 Ἵνα
3243 2300 3311 2353 δὲ
3347 2298 3557 2367 εἰδῆτε,
3598 2300 3688 2353 ὅτι
3724 2302 3902 2364 ἐξου-

2243 2390 2387 2443 σίαν
2401 2390 2522 2455 ἔχει
2555 2392 2587 2443 ὀ
2625 2388 2755 2454 Υἱὸς
2775 2388 2878 2442 τοῦ
2914 2388 3223 2456 ἀνθρώπου
3248 2388 3483 2457 ἀφιέναι
3501 2388 3789 2456 ἁμαρτίας
3804 2389 3902 2442 ἐπὶ

2243 2476 2353 2546 τῆς
2376 2476 2508 2547 γῆς,
2534 2478 2681 2545 λέγει
2721 2477 2898 2547 αὐτῷ·
2932 2473 3111 2546 Ἆρον
3145 2477 3260 2545 τὴν
3292 2478 3527 2544 κλίνην,
3572 2478 3669 2531 καὶ
3708 2478 3901 2547 ὕπαγε

2242 2567 2329 2631 είς
2376 2566 2483 2619 τὸν
2511 2562 2680 2620 οἶκόν
2716 2581 2854 2620 σου.
2912 2568 2974 2619 Oi
3006 2566 3151 2636 ὖχλοι
3190 2566 3373 2633 ἐλεγον
3410 2568 3491 2619 ὅτι
3536 2565 3612 2628 ὡς
3652 2565 3902 2630 ἐξουσίαν

2242 2652 2380 2722 ἔχων
2428 2653 2604 2706 πάντα
2650 2657 2827 2706 ποιεῖ·
2870 2653 3029 2716 αὐτὸς
3078 2653 3157 2716 δὲ,
3204 2655 3287 2706 ὅτι
3345 2654 3666 2718 Ἐξουσίαν
3703 2654 3832 2722 ἕχει
3868 2659 3902 2709 ό

2242 2741 2373 2807 Υἱὸς
2404 2741 2510 2794 τοῦ
2535 2741 2842 2810 ἀνθρώπου
2873 2741 3109 2811 ἀφιέναι
3146 2743 3431 2811 ἁμαρτίας
3470 2742 3569 2795 ἐπὶ
3604 2742 3714 2810 τῆς
3756 2743 3897 2812 τῆς·

2242 2836 2356 2899 καὶ,
2418 2834 2741 2899 Ἐξουσίαν
2779 2834 2896 2904 ἔχω
2932 2834 3119 2889 θεῖναι
3168 2833 3283 2901 τὴν
3321 2832 3471 2905 [265]
3514 2832 3729 2901 ψυχήν
3760 2851 3897 2903 μου,

2242 2924 2339 2978 καί
2357 2922 2771 2992 ὲξουσίανὲχω
2791 2922 2997 2977 λαϐεῖν
3017 2921 3229 2990 αὑτήν.
3260 2922 3554 2992 Νομοθετεί
3580 2922 3722 2991 μετά
3751 2922 3899 2987 ἐξου-

2244 3013 2383 3077 σίας,
2408 3013 2779 3083 ἁμαρτήματα
2802 3011 2916 3064 λύει
2940 3010 3075 3081 μετά
3106 3010 3371 3076 ἐξουσίας,
3394 3010 3623 3065 θανάτου
3647 3011 3743 3065 καὶ
3760 3012 3899 3082 ζωῆς

2242 3102 2487 3167 ἐξουσίαν
2533 3102 2665 3172 ἔχει,
2712 3104 2804 3154 καὶ
2849 3099 2965 3163 πῶς
3009 3100 3209 3168 λέγεις,
3238 3102 3319 3153 ὅτι
3369 3100 3461 3167 ἀφ’
3523 3099 3719 3153 ἐαυτοῦ
3762 3100 3898 3152 ποιεῖ

2240 3188 2420 3252 οὐδέν;
2461 3183 2608 3258 τΑρά
2645 3205 2695 3239 τι
2722 3187 2929 3255 γένοιτο
2961 3187 3061 3256 τῆς
3096 3187 3249 3256 νίκης
3288 3186 3487 3256 ταύτης
3534 3186 3896 3257 σαφέστερονι

2312 3284 2386 3341 ς’.
2428 3276 2565 3329 Ἀλλ’
2592 3279 2642 3329 εἰ
2677 3275 2927 3346 βούλεσθε
2961 3275 3165 3337 λοιπὸν,
3205 3274 3313 3327 τῶν
3338 3274 3627 3345 αἰρετικῶν
3659 3276 3899 3328 ἀπαλλαο

2241 3364 2446 3433 γέντες,
2471 3364 2566 3433 τὴν
2589 3364 2738 3417 λύσιν
2766 3364 3057 3433 ἐπάγωμεν
3081 3363 3108 3402 d
3142 3364 3252 3424 τοῖς
3283 3362 3610 3431 εἰρημένοις,
3644 3363 3898 3433 πρότερον

2240 3454 2415 3506 ἐκεῖνο
2448 3454 2587 3522 ὑμᾶς
2614 3451 2938 3516 διδάξαντες,
2970 3453 3049 3505 ὅτι
3088 3452 3165 3514 τὸ,
3208 3452 3287 3511 Οὐ
3324 3450 3593 3515 δύναται,
3630 3450 3723 3502 ἐπὶ
3772 3449 3897 3503 Θεοῦ

2240 3539 2550 3610 λεγόμενον,
2585 3540 2684 3593 οὐκ
2726 3540 3030 3603 ἀσθενείας,
3079 3540 3212 3592 ἀλλά
3261 3538 3543 3608 δυνάμεώς
3577 3540 3732 3593 ἐστιν
3770 3540 3900 3593 ἀπύ-

2240 3628 2421 3693 δειξις.
2441 3629 2503 3681 Εἰ
2532 3628 2586 3680 δὲ
2621 3629 2806 3682 καινὸν
2833 3629 2892 3681 τὸ
2921 3628 3226 3699 εἰρημένον,
3251 3627 3529 3698 ἀλλ’ὅμως
3556 3627 3902 3700 παρεξόμεθα

2240 3716 2338 3787 τὴν
2376 3715 2646 3781 ἀπόδειξιν
2663 3718 2827 3788 σαφῆ.
2869 3717 2993 3770 Ἐάν
3017 3717 3174 3780 εἴπω,
3218 3716 3299 3769 ὅτι
3339 3717 3397 3769 ού
3442 3716 3668 3770 δυνατὸν
3721 3719 3902 3785 ἀμαρα-

2240 3805 2402 3875 τῆσαι
2432 3805 2522 3858 τὸν
2567 3804 2721 3864 Θεὸν.
2763 3804 2862 3857 οὐκ
2903 3804 3184 3866 ἀσθενείας
3215 3804 3377 3857 αὐτοῦ
3414 3804 3729 3876 κατηγορῶ,
3768 3804 3905 3858 ἀλλὰ

2246 3894 2506 3962 μεγίστην
2557 3890 2705 3961 αὐτῷ
2755 3892 3012 3963 μαρτυρῶ
3052 3890 3296 3959 δύναμιν.
3352 3890 3476 3943 Ἐὰν
3516 3891 3677 3953 εἴπω,
3723 3892 3804 3943 ὅτι
3837 3889 3904 3942 οὐ

2240 3980 2462 4034 δυνατὸν
2518 3980 2817 4049 ψεύσασθαι
2852 3981 2941 4033 τὸν
2971 3980 3120 4041 Θεὸν,
3155 3980 3248 4033 καὶ
3288 3977 3446 4031 πάλιν
3490 3979 3551 4032 τὸ
3594 3979 3725 4032 αὐτὸ
3768 3980 3911 4031 ἀπο-

2239 4068 2503 4140 δείκνυμι.
2534 4067 2795 4139 Καθάπερ
2832 4069 2978 4122 καὶὸ
3009 4067 3215 4131 Παῦλος
3263 4067 3446 4135 ἔλεγεν
3469 4084 3483 4098 ·
3550 4070 3619 4121 Εἰ
3678 4066 3911 4137 ὑπομέ-

2238 4174 2441 4224 νομεν,
2497 4157 2594 4209 καί
2677 4158 3242 4226 συμϐασιλεύσομεν
3275 4173 3289 4187 ο
3369 4159 3421 4209 εἰ
3503 4156 3908 4224 ἀπιστοῦμεν,

2236 4243 2466 4310 ἐκεῖνος
2514 4244 2727 4309 πιστὸς
2789 4245 2955 4313 μένει
2978 4262 2990 4274 ’
3055 4245 3435 4313 ἀρνήσασθαι
3496 4244 3609 4313 γὰρ
3682 4244 3917 4297 ἑαυτὸν

2240 4334 2311 4385 οὐ
2343 4331 2605 4386 δύναται.
2645 4333 2807 4404 Ὁρᾷς
2835 4331 2915 4395 τὸ,
2954 4333 3034 4385 Οὐ
3057 4332 3323 4393 δύναται,
3364 4332 3647 4402 δυνάμεως
3676 4336 3917 4403 σημεῖον

2239 4418 2298 4471 δν
2322 4436 2335 4485 ;
2368 4418 2470 4472 Καὶ
2488 4420 2539 4473 τί
2562 4420 2705 4487 λέγω
2726 4424 2849 4490 περὶ
2877 4419 3045 4484 Θεοῦ;
3082 4421 3204 4474 Ἐπὶ
3249 4420 3357 4492 γὰρ
3382 4421 3491 4473 τῶν
3522 4421 3665 4473 ὑλῶν
3691 4420 3918 4474 τούτων

2237 4506 2346 4559 τῶν
2381 4506 2666 4577 αἰσθητῶν·
2697 4506 2956 4578 γυμνάζω
3006 4508 3097 4561 τὸν
3147 4507 3321 4577 λόγον.
3381 4508 3505 4561 Ἐὰν
3544 4508 3705 4575 εἴπω,
3754 4509 3841 4561 ὅτι
3882 4510 3919 4561 ὁ

2237 4593 2447 4664 ἀδάμας
2473 4595 2532 4647 οὐ
2562 4593 2778 4647 δύναται
2821 4595 3239 4666 διασπασθῆναι,
3275 4592 3386 4667 ἆρα
3421 4595 3709 4649 ἀσθένειαν
3745 4596 3921 4663 αὐτῷ

2237 4682 2322 4735 διὰ
2345 4682 2461 4747 τοῦ,
2509 4683 2570 4734 οὐ
2612 4682 2850 4748 δύναται,
2904 4683 2938 4753 ἦ
2983 4682 3211 4754 δύναμιν
3239 4683 3387 4754 αὐτῷ
3441 4684 3704 4755 μαρτυρῶ
3749 4685 3923 4755 μεγί-

2239 4794 2404 4848 στην;
2432 4777 2597 4830 Ὅταν
2619 4772 2711 4831 οῦν
2740 4778 2998 4850 ἀκούσῃς,
3026 4779 3108 4832 ὅτι
3137 4780 3199 4832 οὐ
3233 4777 3452 4833 δύναται
3494 4782 3522 4832 6
3554 4780 3687 4844 Θεὸς
3713 4782 3925 4851 ἀμαρο

2234 4868 2367 4929 τεῖν,
2390 4865 2507 4917 ούδέ
2535 4864 2754 4919 δύναται
2787 4865 3107 4934 ψεύσασθαι,
3150 4867 3269 4920 οὺδέ
3304 4867 3528 4921 δύναται
3555 4868 3923 4940 ἀρνήσασθαι

2236 4955 2443 5016 ἐαυτὸν,
2509 4954 2581 5025 μὴ
2648 4952 2926 5007 ἀσθένειαν
2962 4954 3187 5026 νομίσῃς
3242 4957 3307 5008 ἐκ
3364 4954 3457 5008 τοῦ
3510 4956 3584 5027 μὴ
3635 4956 3929 5010 δύνασθαι.

2235 5039 2502 5108 λέγεσθαι,
2548 5039 2683 5093 ἀλλά
2732 5042 2992 5112 μεγίστην
3034 5042 3236 5112 σφόδρα
3280 5041 3529 5111 δύναμιν,
3572 5043 3653 5096 δτι
3702 5043 3927 5097 ἀνεπί-

2234 5130 2418 5193 δεκτος
2455 5128 2617 5183 αὑτοῦ
2641 5129 2846 5199 ἡούσία
2868 5130 3131 5200 πονηρίας
3156 5131 3355 5201 πάσης,
3397 5130 3619 5195 ἄϐατος,
3654 5132 3927 5203 καθαρὰ,

2234 5218 2499 5286 ἀνωτέρα.
2536 5218 2686 5271 Ἐπεὶ
2712 5214 2804 5271 οὖν
2828 5216 2984 5270 τοῦτο
3017 5218 3408 5291 διευκρίνηται,
3430 5220 3567 5291 φέρε
3610 5220 3675 5292 δὴ
3713 5223 3809 5276 ἐπὶ
3846 5224 3935 5277 τὺ

2235 5307 2588 5377 προκείμενον
2630 5305 2925 5376 ἀγάγωμεν
2956 5304 3050 5358 τοῦ
3093 5305 3251 5375 λόγου
3291 5308 3390 5378 τὴν
3440 5310 3766 5378 γυμνασίαν.
3812 5314 3931 5365 Οὐ

2233 5393 2477 5448 δύναται
2522 5396 2557 5447 ὀ
2614 5393 2745 5459 Υἱὸς
2785 5393 2887 5461 ἀφ’
2940 5394 3156 5449 ἑαυτοῦ
3207 5394 3398 5448 ποιεῖν
3449 5396 3649 5454 οὐδέν.
3701 5397 3764 5450 Τί
3796 5394 3934 5452 οὖν

2234 5483 2347 5536 ἐστι
2370 5483 2451 5546 τὸ,
2503 5482 2625 5551 Ἀφ’
2663 5480 2911 5546 ἐαυτοῦ;
2966 5482 3091 5535 Ἐὰν
3134 5482 3240 5553 γὰρ
3278 5483 3438 5537 τοῦτο
3499 5486 3707 5556 μάθητε
3753 5490 3933 5556 μετά

2297 5601 2989 5668 ῩΗὶειιεεεηόοῐηλυωοὶηο
3040 5604 3250 5668 λγίόειιιι·
3291 5604 3424 5668 ἱξων,
3481 5619 3583 5655 non
3629 5608 3765 5668 ἔχων.
3856 5615 3937 5656 ut

2232 5662 2898 5731 bpbentAngjit.._el(_)uob.
2935 5664 3086 5731 {’aulo
3140 5670 3250 5731 post
3309 5665 3558 5717 Grecam
3621 5662 3929 5731 A'inglicanc

2232 5728 2418 5778 vitiata.
2443 5737 2501 5773 ex
2525 5724 2849 5773 Otloboniano
2873 5726 2980 5776 cod.
3005 5724 3343 5776 emendantur.

2296 5786 2323 5827 ἀ
2346 5785 2511 5837 Oltob.
2532 5786 2853 5848 ἐπαγάγωμεν.
