4126 6294
321 345 437 401 *353

322 479 352 519 a
372 464 549 532 seipso
582 459 866 517 crucifixus
888 469 941 517 et
967 476 997 516 a
1026 461 1202 532 seipso
1228 461 1533 516 immolatus
1553 469 1635 515 est
1662 478 1675 514 :
1708 476 1901 530 quamv

322 556 504 608 obrem
525 553 637 621 ipse
654 550 862 607 dicebat
890 569 905 605 :
934 552 1303 607 «.Potestatem
1336 551 1503 605 habeo
1532 551 1759 621 ponendi
1780 551 1893 605 ani-

321 662 461 703 mam
508 661 703 711 meam,
748 655 813 699 et
846 653 1159 714 potestatem
1203 643 1372 698 habeo
1412 644 1601 698 iterum
1653 642 1893 698 sumendi

323 753 464 793 eam.
511 735 680 790 Nemo
723 735 861 790 tollit
896 750 1013 790 eam
1043 750 1073 789 a
1112 749 1199 790 me
1231 750 1244 787 :
1277 748 1374 804 ego
1403 749 1543 804 pono
1566 748 1682 789 eam
1721 748 1751 787 a
1777 749 1894 788 me-

321 828 438 897 ipso
468 846 492 879 ι
538 827 723 898 (Joan.
770 825 859 882 10.
891 825 958 881 18
980 825 1019 896 ).
1047 825 1183 893 Quid
1209 824 1296 880 hic
1322 825 1475 891 dicis,
1514 824 1779 889 baeretice,
1806 826 1895 896 qui

324 918 425 975 hoc
442 918 638 974 dictum
661 917 1033 988 Evangelicum
1081 916 1398 987 detorques,
1450 916 1616 971 Filius
1657 933 1689 970 a
1730 917 1893 986 seipso

322 1010 450 1065 nihil
477 1009 679 1079 potest?
703 1008 838 1064 Ecce
867 1008 981 1077 ipse
995 1008 1088 1073 ait,
1118 1006 1227 1077 Ego
1252 1023 1381 1076 pono
1400 1022 1509 1061 eam
1550 1022 1583 1058 a
1618 1006 1824 1076 meipso,
1848 1014 1893 1059 et

322 1118 522 1158 assumo
550 1119 663 1157 eam
690 1119 721 1156 a
740 1103 949 1173 meipso.
991 1100 1172 1170 Neque
1198 1115 1324 1155 vero
1354 1100 1499 1168 parvi
1536 1100 1786 1154 momenti
1812 1107 1895 1155 est

323 1195 442 1253 hoc
466 1195 687 1260 dictum,
721 1194 819 1250 sed
859 1194 1095 1249 maximi.
1149 1193 1225 1248 De
1263 1192 1421 1248 Patre
1461 1208 1670 1261 quoque
1694 1192 1893 1247 dictum

321 1293 420 1351 est,
445 1286 619 1355 ipsum
642 1283 837 1340 habere
860 1291 1173 1354 potestatem
1221 1282 1342 1337 vita:
1373 1291 1427 1336 et
1456 1282 1658 1336 mortis.
1708 1280 1892 1335 Viden?

321 1376 596 1447 quomodo
621 1377 675 1431 in
708 1376 839 1432 retia
867 1374 1133 1431 incidisti?
1153 1374 1287 1442 Quid
1316 1374 1457 1429 enim
1478 1373 1544 1429 ad
1571 1373 1671 1428 hoe
1695 1373 1902 1427 dictum.

320 1466 706 1537 respondebis?
730 1465 844 1537 Ego
866 1482 999 1534 pono
1024 1481 1135 1519 eam
1167 1482 1197 1518 a
1224 1466 1431 1535 meipso,
1462 1473 1508 1518 et
1552 1480 1755 1518 assunzo
1782 1480 1891 1517 eam

320 1575 353 1610 a
376 1559 583 1629 meipso.
605 1558 717 1624 Qua
743 1571 872 1627 ergo
898 1556 1103 1611 ratione
1132 1555 1307 1610 dixisti
1332 1555 1500 1624 ipsum
1528 1554 1660 1607 nihil
1718 1556 1890 1609 facere

320 1651 584 1720 aseipso?
615 1650 829 1716 Verum,
863 1656 921 1704 ut
946 1646 1187 1703 dicebam
1207 1687 1222 1712 ,
1265 1647 1310 1700 si
1343 1646 1551 1716 quidem
1578 1645 1644 1700 ad
1676 1645 1889 1700 htereti-

319 1755 411 1797 cos
435 1741 591 1797 nobis
614 1754 792 1796 sermo
817 1746 980 1803 esset,
1002 1738 1131 1807 ipsis
1168 1738 1221 1792 in
1243 1737 1510 1807 angustias
1557 1745 1611 1790 et
1657 1736 1709 1790 in
1755 1737 1888 1790 retia

320 1832 597 1902 coniectis,
646 1831 724 1886 sic
774 1830 1117 1896 resiliissem,
1152 1828 1279 1883 satis
1320 1826 1589 1898 splendida
1622 1836 1887 1898 reportata

321 1924 560 1990 victoria,
582 1932 633 1980 et
663 1922 853 1993 insigni
885 1929 1066 1977 erecto
1112 1929 1335 1990 tropgeo,
1366 1920 1699 1989 maximoque
1728 1920 1887 1974 allato

321 2030 501 2071 eorum
543 2015 761 2070 insaniae
805 2021 1147 2084 argumento;
1175 2021 1225 2065 at
1253 2011 1372 2081 quia
1398 2026 1501 2065 non
1531 2011 1689 2065 modo
1718 2010 1885 2065 hosti-

322 2107 419 2162 bus
443 2119 504 2160 os
524 2103 805 2160 occludere
828 2104 952 2158 volo
972 2142 989 2168 ,
1038 2102 1133 2157 sed
1174 2102 1333 2156 etiam
1362 2116 1473 2167 eos,
1497 2102 1585 2171 qui
1614 2101 1887 2157 nobiscum

323 2209 461 2265 sunt,
486 2197 779 2263 instituere,
808 2195 1148 2265 membraque
1177 2204 1358 2249 nostra
1403 2195 1637 2259 erudire,
1668 2209 1771 2247 non
1802 2194 1888 2249 hic

324 2290 480 2346 finem
509 2289 715 2345 dicendi
745 2289 955 2355 faciam,
986 2288 1077 2342 sed
1107 2286 1331 2342 ulterius
1354 2286 1598 2356 progredi
1619 2288 1885 2354 conabor,

324 2381 462 2436 aliud
485 2380 660 2437 denuo
687 2394 821 2451 opus
844 2380 894 2434 in
921 2379 1151 2435 medium
1178 2378 1631 2448 adducens,.quod
1674 2387 1887 2433 contra-

325 2470 610 2526 tlieentium
652 2470 1032 2541 impudentiam
1078 2479 1344 2539 coarguat.
1399 2467 1535 2533 Quid
1580 2467 1721 2522 enim
1771 2467 1887 2521 ait?

315 2562 480 2616 .Pater
496 2562 739 2616 neminem
750 2560 972 2631 judicat,
998 2560 1086 2615 sed
1105 2576 1276 2614 omnes
1296 2558 1473 2613 Filius
1492 2557 1670 2631 (Joan.
1691 2560 1746 2614 5.
1764 2559 1883 2630 22).

390 2656 442 2710 5.
464 2655 618 2709 Aliud
647 2662 828 2705 contra
855 2652 1122 2706 Anomaaos
1148 2658 1534 2721 argumentum.
1561 2646 1754 2703 Christi
1784 2664 1881 2717 po-

325 2756 499 2800 testas.
531 2774 601 2785 —
642 2744 840 2810 Quaero
879 2744 1042 2815 igitur
1089 2744 1157 2799 ab
1199 2741 1451 2798 lueretico
1481 2759 1492 2794 :
1527 2738 1582 2793 Si
1613 2740 1888 2794 neminem

321 2840 525 2910 iudicat
564 2839 745 2901 Pater,
780 2838 876 2891 sed
902 2835 1072 2890 Filius
1091 2835 1319 2905 iudicat,
1350 2833 1621 2902 quomodo
1647 2832 1891 2901 iudicat?

326 2930 382 2983 Si
415 2930 561 2984 enim
598 2944 707 2984 non
734 2934 923 2999 potest
953 2927 1136 2981 facere
1171 2925 1463 2996 quidquam
1490 2939 1520 2977 a
1559 2924 1756 2992 seipso,
1788 2921 1893 2977 nisi

323 3021 520 3075 viderit
557 3020 770 3075 Patrem
806 3018 1116 3080 facientem,
1138 3027 1195 3072 et
1230 3017 1385 3071 Pater
1413 3031 1520 3070 non
1552 3015 1779 3084 iudicat,
1801 3012 1897 3067 sed

326 3113 444 3179 ipse
491 3126 680 3166 omnes
726 3109 952 3180 iudicat,
1004 3107 1274 3178 quomodo
1334 3107 1386 3161 id
1425 3106 1568 3176 quod
1609 3120 1718 3159 non
1763 3102 1899 3157 vidit

325 3205 504 3259 facere
546 3203 761 3274 potest?
805 3202 884 3257 Ne
928 3216 1059 3256 vero
1100 3200 1205 3254 hoc
1248 3198 1439 3253 leviter
1473 3203 1896 3267 praetercurras;

328 3311 502 3365 neque
534 3296 683 3350 enim
719 3296 822 3350 hoc
858 3308 1084 3365 parvum
1124 3302 1230 3357 est,
1260 3292 1353 3347 sed
1386 3291 1628 3346 maximae
1661 3286 1896 3344 virtutis.

330 3386 517 3456 Cogita
553 3396 814 3455 quantum
848 3388 917 3441 sit
955 3400 1143 3440 omnes
1181 3385 1271 3456 qui
1309 3385 1375 3439 ab
1410 3384 1615 3439 Adamo
1652 3381 1720 3437 ad
1766 3395 1902 3436 con-

332 3478 750 3531 summationem
791 3494 958 3549 usque
998 3479 1179 3535 saeculi
1211 3478 1463 3539 vixerint,
1507 3473 1762 3546 gentiles,
1802 3472 1901 3527 Ju-

331 3569 502 3633 daros,
544 3570 851 3637 haereticos,
882 3587 1068 3627 omnes
1092 3573 1352 3641 denique,
1380 3569 1471 3639 qui
1506 3568 1573 3622 ab
1603 3565 1903 3622 orthodoxa

330 3659 439 3713 fide
501 3660 856 3728 aberrarunt,
915 3663 999 3717 illa
1050 3664 1136 3718 die
1192 3662 1492 3723 adducere,
1552 3657 1905 3724 omniumque

329 3764 529 3803 arcana
558 3749 615 3802 in
650 3752 885 3806 medium
925 3753 1135 3818 efferre,
1184 3762 1350 3825 gesta,
1401 3750 1559 3813 dicta,
1598 3748 1769 3810 dolos,
1814 3746 1901 3799 in-

329 3839 515 3904 sidias,
543 3851 753 3898 secreta
782 3846 1009 3913 mentis;
1036 3862 1143 3900 non
1172 3844 1394 3915 prolatis
1426 3840 1764 3904 testimoniis,
1786 3853 1898 3892 non

332 3931 763 3999 probationibus,
818 3952 927 3991 non
985 3937 1329 4007 imaginibus,
1377 3950 1487 3989 non
1539 3929 1896 3993 documentis,

332 4036 442 4076 non
464 4024 581 4078 aliis
601 4026 939 4095 huiusmodi;
966 4011 1062 4083 sed
1086 4030 1298 4100 prepria
1318 4027 1395 4082 uti
1417 4033 1681 4098 potestate
1700 4022 1767 4076 ad
1785 4035 1903 4075 om-

332 4127 429 4166 nes
466 4120 851 4187 coarguendos.
887 4120 1145 4175 Attamen
1192 4130 1399 4175 tantum
1431 4128 1648 4186 tamque
1681 4112 1903 4184 prtecla-

320 4211 443 4250 sum
468 4212 603 4265 opus
623 4212 735 4266 ipse
758 4199 1009 4265 perficiet,
1033 4197 1154 4249 licet
1170 4195 1378 4249 Patrem
1401 4195 1451 4248 id
1472 4204 1593 4249 ante
1615 4194 1895 4249 facientem

331 4302 435 4341 non
464 4288 682 4353 viderit,
702 4303 799 4342 nec
829 4288 977 4341 illum
1003 4288 1069 4341 sit
1096 4288 1327 4340 imitatus
1364 4303 1377 4338 :
1407 4302 1529 4339 nam
1556 4284 1710 4339 Pater
1737 4287 1897 4340 nemi-

332 4394 444 4431 uem
477 4378 699 4447 judicat.
741 4378 873 4432 Vide
923 4393 1132 4447 quoque
1182 4377 1327 4430 illum
1378 4376 1503 4430 alibi
1555 4377 1729 4430 omnia
1778 4393 1898 4431 cum

332 4476 591 4538 potestate
610 4478 936 4538 operantem,
966 4469 1017 4521 in
1040 4467 1330 4533 miraculis,
1354 4468 1405 4522 in
1429 4467 1655 4523 ferendis
1671 4469 1894 4539 legibus,

332 4558 556 4629 aliisque
578 4559 848 4613 omnibus.
877 4558 1009 4613 Cum
1042 4559 1181 4614 enim
1205 4559 1535 4614 ascendisset
1562 4561 1611 4614 in
1642 4570 1896 4628 montem,

334 4664 525 4704 novum
553 4658 931 4704 testamentum
969 4648 1187 4703 daturus
1209 4649 1284 4702 ait
1332 4667 1345 4703 :
1394 4667 1413 4700 ι
1473 4650 1725 4715 Audistis,
1777 4650 1900 4719 quia

333 4740 530 4796 dictum
550 4750 633 4796 est
659 4741 888 4808 antiquis
915 4758 927 4793 :
951 4739 1065 4793 Non
1091 4740 1304 4795 occides
1332 4760 1346 4794 :
1377 4740 1467 4809 qui
1484 4748 1663 4793 autem
1694 4740 1901 4794 occide-

334 4834 423 4897 rit,
454 4846 578 4887 reus
601 4831 703 4887 erit
740 4831 970 4901 iudicio;
1004 4830 1093 4900 qui
1128 4842 1303 4885 autem
1336 4830 1545 4896 dixerit,
1568 4830 1750 4896 Fatue,
1780 4846 1919 4885 reus

334 4928 434 4980 erit
459 4924 716 4995 gehennae
744 4923 897 4993 ignis.
941 4922 1017 4993 (a)
1060 4924 1169 4992 Ego
1198 4934 1374 4977 autem
1420 4922 1539 4977 dico
1564 4922 1733 4988 vobis,
1762 4922 1901 4991 quod

333 5015 572 5085 quisquis
607 5016 852 5069 irascitur
875 5013 1023 5067 fratri
1044 5028 1142 5069 suo
1172 5024 1389 5078 temere,
1422 5028 1545 5067 reus
1568 5013 1898 5081 eritiudicio.

335 5107 570 5162 Audistis
593 5106 716 5176 quia
754 5104 954 5160 dictum
980 5113 1080 5171 est,
1114 5104 1334 5160 Oculum
1372 5118 1468 5172 pro
1496 5105 1670 5169 oculo,
1699 5111 1752 5158 et
1771 5103 1902 5157 den-

337 5208 443 5252 tem
474 5212 568 5266 pro
595 5196 753 5251 dente
784 5214 798 5249 :
825 5210 924 5266 ego
965 5203 1141 5248 autem
1182 5194 1302 5249 dico
1332 5194 1498 5261 vobis,
1528 5209 1632 5248 non
1657 5194 1904 5247 resistere

337 5288 500 5351 malo,
519 5286 612 5341 sed
631 5286 678 5340 si
697 5286 813 5356 quis
828 5294 881 5340 te
900 5284 1223 5355 percusserit
1241 5286 1291 5338 in
1324 5284 1590 5339 maxillam
1609 5283 1901 5349 dexteram,

337 5379 516 5450 praebe
541 5379 617 5434 illi
638 5388 691 5433 et
715 5380 933 5433 alteram
954 5395 972 5428 ι
995 5378 1014 5447 (
1036 5376 1219 5430 Matth.
1246 5377 1300 5431 5.
1317 5377 1407 5430 2i.
1423 5376 1512 5429 22.
1532 5376 1621 5430 '58.
1636 5375 1749 5446 39).
1769 5375 1904 5443 Quid

338 5470 442 5527 hoc
458 5471 569 5524 est?
585 5470 674 5539 qui
691 5469 821 5523 nihil
842 5484 873 5521 a
891 5468 1067 5538 seipso
1084 5468 1207 5523 facit
1222 5468 1382 5523 etiam
1400 5467 1571 5522 Patris
1589 5475 1778 5521 statuta
1796 5483 1908 5522 cor-

337 5562 483 5631 rigit,
513 5570 567 5615 et.
584 5560 756 5630 legem
781 5560 833 5613 in
858 5559 1046 5614 melius
1069 5558 1348 5628 provehit?
1384 5558 1517 5614 Cum
1542 5565 1719 5611 autem
1749 5558 1866 5612 dico
1886 5599 1900 5622 ,

338 5650 574 5721 corrigit,
603 5664 673 5704 ne
698 5649 1066 5719 blaSphemum
1089 5649 1213 5718 quid
1247 5648 1554 5718 suspiceris,
1580 5646 1728 5717 quasi
1752 5647 1907 5703 Pater

410 5759 484 5822 (a)
518 5759 602 5809 Hic
624 5760 791 5807 textus
812 5755 971 5807 deﬁcit
988 5759 1034 5807 in
1054 5755 1173 5805 Edit.
1198 5754 1383 5805 Bcnzel.

1256 338 1329 401 1N
1360 344 1585 413 lLLUD’,
1623 343 1846 401 FILIUS
1884 344 1980 401 EX
2015 345 2097 403 SE
2133 346 2318 403 NIHIL
2355 347 2577 405 FACIT.

3458 358 3583 415 955’

2002 462 2260 517 inlirmior
2288 464 2374 517 sit.
2396 463 2657 532 Quamvis
2674 465 2814 520 enim
2858 466 2943 523 lex
2967 468 3139 526 minor
3156 472 3256 539 sit,
3291 470 3343 528 id
3390 483 3562 531 tamen
3590 534 3591 539 η

1998 569 2104 609 non
2135 555 2264 621 Deo,
2292 557 2384 611 sed
2407 557 2782 627 recipientibus
2810 560 2975 632 legem
2997 562 3423 621 adscribendum.
3456 567 3567 624 lmo

1997 646 2157 699 etiam
2195 646 2359 703 Vetus
2407 648 2808 705 Testamentum
2836 651 3098 723 Unigeniti
3130 664 3231 722 est,
3274 664 3329 711 et
3360 657 3563 715 Novum

1996 733 2188 789 Patris.
2220 735 2502 803 Quomodo
2541 739 2717 809 igitur,
2748 756 2948 810 quaso,
2976 743 3105 798 nihil
3131 759 3161 799 a
3205 746 3382 816 seipso
3410 746 3564 811 facit,

1995 824 2086 892 qui
2108 826 2272 880 veteri
2297 826 2397 897 legi
2418 828 2631 898 adiecit,
2654 832 2742 899 qui
2762 838 2959 887 tantam
2985 833 3198 890 exhibet
3222 841 3567 906 potestatem?

1997 913 2195 970 Verum
2222 918 2346 987 quid
2375 918 2637 975 haereticis
2666 922 2980 981 imbecillius
3001 925 3197 982 fuerit?
3221 928 3390 986 Judaei
3416 947 3570 987 nam-

1996 1022 2099 1078 que
2126 1012 2427 1081 stupebant,
2455 1014 2597 1083 quod
2624 1013 2736 1070 haec
2757 1015 2975 1072 doceret
2998 1033 3092 1075 eos
3137 1019 3295 1087 Quasi
3342 1032 3566 1093 potesta-

1998 1111 2095 1154 tem
2114 1103 2320 1171 habens,
2350 1115 2396 1159 et
2420 1122 2519 1159 non
2539 1107 2667 1161 sicut
2690 1108 2867 1162 scribta
2891 1118 2939 1163 et
2975 1108 3228 1166 Pharistei
3256 1113 3275 1183 (
3299 1113 3484 1170 Matth.
3512 1118 3565 1172 7.

1994 1189 2097 1261 28)
2129 1191 2331 1249 :Judtei
2363 1204 2676 1265 potestatem
2706 1199 2821 1267 eius
2859 1201 3237 1269 testificantur;
3286 1205 3339 1259 hi
3383 1210 3571 1263 testilio

1996 1291 2183 1337 cantur
2206 1283 2375 1352 ipsum
2403 1300 2433 1339 a
2479 1300 2538 1342 se
2572 1288 2717 1342 nihil
2751 1304 2926 1359 posse.
2958 1291 3140 1363 Neque
3182 1295 3428 1353 dixerunt
3455 1301 3563 1368 illi,

1996 1370 2153 1439 Quasi
2196 1383 2511 1444 potestatem
2566 1377 3012 1449 habiturus,»sed,
3069 1384 3228 1450 Quasi
3276 1398 3565 1458 potestatem

1995 1463 2198 1519 habens.
2222 1465 2335 1520 Non
2358 1467 2500 1523 enim
2522 1478 2703 1539 postea
2725 1471 2838 1527 haec
2858 1472 2931 1529 illi
2950 1484 3181 1544 potestas
3200 1481 3440 1547 accessit,
3472 1484 3564 1537 sed

1994 1554 2227 1623 perfecta
2265 1560 2496 1626 potentia
2534 1569 2653 1617 erat
2692 1563 2839 1618 nullo
2887 1579 3068 1635 egens.
3098 1566 3451 1634 Quamobrem
3498 1575 3564 1629 dc

1993 1661 2155 1716 regno
2186 1648 2537 1719 interrogatus
2578 1652 2832 1709 dicebat:
2872 1654 2983 1726 Ego
3027 1658 3083 1711 in
3124 1658 3217 1713 hoc
3257 1670 3406 1716 natus
3450 1679 3563 1718 sum

1994 1734 2182 1808 (Joan.
2210 1739 2300 1796 18.
2347 1742 2473 1811 57).
2502 1742 2731 1799 Rursum
2757 1745 3068 1803 oblatus'est
3112 1751 3159 1806 ei
3210 1753 3560 1825 paralyticus,

1988 1834 2152 1899 atque
2165 1830 2601 1906 dixit,postquam
2615 1847 2832 1909 peccata
2843 1837 2959 1908 eius
2971 1848 3250 1896 curaverat
3264 1859 3278 1897 :
3303 1842 3369 1897 Ut
3397 1858 3560 1901 autem

1992 1919 2183 1985 sciatis,
2205 1921 2322 1989 quia
2342 1920 2507 1977 Filius
2526 1922 2742 1979 hominis
2783 1926 2929 1981 habet
2948 1940 3239 1997 potestatem
3282 1936 3562 1992 dimittendi

1992 2020 2196 2078 peccata
2222 2012 2275 2065 in
2303 2021 2454 2078 terra,
2486 2016 2557 2066 ait
2594 2016 2673 2069 illi
2712 2032 2732 2070 :
2763 2016 2903 2072 Tolle
2930 2019 3132 2087 lectum,
3168 2033 3215 2078 et
3242 2025 3366 2079 vade
3390 2028 3441 2081 in
3470 2029 3561 2082 do-

1990 2116 2125 2153 mum
2151 2109 2285 2154 tuam
2309 2102 2524 2172 (Matth.
2544 2104 2598 2159 9.
2626 2103 2717 2176 6).
2746 2106 2946 2177 Vulgus
2957 2109 3185 2179 dicebat,
3212 2113 3385 2183 ipsum
3408 2121 3558 2187 quasi

1991 2201 2309 2261 potestatem
2351 2195 2633 2251 habentem
2660 2198 2840 2253 omnia
2864 2199 3039 2256 facere
3072 2203 3225 2272 :ipse
3270 2221 3416 2273 vero,
3465 2208 3558 2263 Fi-

1990 2283 2118 2337 lium
2146 2283 2378 2340 hominis
2420 2296 2733 2356 potestatem
2762 2290 2961 2347 habere
2988 2292 3306 2356 dimittendi
3345 2312 3557 2369 peccata

1992 2375 2045 2429 in
2070 2385 2238 2441 terra;
2262 2384 2335 2441 et,
2367 2375 2670 2433 Potestatem
2698 2380 2854 2436 habeo
2875 2386 3092 2451 ponendi
3118 2388 3338 2441 animam
3361 2408 3551 2458 meam,

1991 2474 2035 2519 et
2083 2476 2371 2536 potestatem
2411 2468 2567 2523 habeo
2612 2473 2840 2526 sumendi
2889 2490 3001 2527 eam
3045 2475 3375 2548 (10012.10.
3430 2484 3497 2539 18
3518 2487 3567 2551 ).

1990 2557 2159 2629 Leges
2201 2558 2321 2614 fert.
2345 2575 2467 2616 cum
2512 2570 2794 2631 potestate,
2820 2574 3036 2634 peccata
3069 2568 3225 2625 soluit
3251 2586 3371 2627 cum
3407 2584 3555 2644 pote—

1992 2659 2126 2705 SIate
2145 2691 2158 2713 ,
2187 2652 2372 2707 mortis
2399 2662 2453 2707 et
2482 2652 2603 2708 vitze
2642 2664 2957 2724 potestatem
2994 2658 3181 2728 habet,
3209 2672 3265 2717 et
3292 2667 3565 2734 quomodo

1991 2741 2144 2803 dicis,
2165 2743 2333 2811 ipsum
2362 2759 2392 2798 a
2428 2745 2605 2815 seipso
2642 2747 2773 2800 nihil
2816 2742 3149 2807 facere'lﬂac
3175 2754 3391 2811 victoria
3433 2760 3557 2826 quid

1993 2833 2356 2897 manifestius?

2069 2927 2121 2982 6t
2135 2928 2472 3000 Difﬁcultatis
2483 2930 2690 2991 solutio,
2709 2940 2754 2984 et
2766 2931 2890 2985 dicti
2905 2932 3186 3002 evangelici
3197 2932 3564 2999 explicatio..—

2000 3019 2108 3074 Sed
2136 3021 2179 3073 si
2203 3021 2380 3074 velitis
2408 3022 2681 3091 deinceps,
2714 3022 2783 3077 ab
2812 3023 3082 3077 haereticis
3114 3024 3366 3092 expediti,
3406 3024 3565 3080 dictis

1992 3108 2305 3163 solutionem
2335 3110 2653 3165 aderamus:
2688 3113 3018 3183 primumque
3058 3130 3363 3183 monemus,
3407 3117 3559 3183 illud,

1995 3200 2117 3255 Non
2158 3210 2332 3271 potest,
2363 3202 2431 3257 de
2470 3203 2577 3257 Deo
2618 3204 2838 3268 dictum,
2885 3220 2990 3260 non
3032 3205 3425 3275 imbecillitatis,
3465 3211 3559 3264 sed

1993 3295 2240 3362 potentiae
2267 3301 2633 3362 argumentum
2665 3309 2801 3348 esse.
2830 3294 2943 3349 Hoc
2972 3295 3095 3351 licet
3119 3312 3312 3352 novum
3337 3298 3561 3354 fortasse

1993 3383 2251 3447 videatur,
2292 3392 2346 3437 at
2372 3383 2519 3437 vobis
2556 3384 2751 3437 claram
2781 3384 2858 3438 rei
2899 3384 3399 3442 demonstrationem
3429 3388 3561 3443 alle-

1993 3490 2189 3529 remus.
2219 3474 2274 3529 Si
2304 3474 2507 3541 dixero,
2537 3475 2699 3529 Deum
2728 3489 2831 3528 non
2861 3490 3016 3545 posse
3045 3491 3285 3546 peccare,
3324 3494 3429 3532 non
3460 3479 3561 3533 im—

1995 3565 2292 3621 becillitatis
2332 3567 2475 3619 illum
2511 3581 2695 3636 arguo,
2733 3565 2826 3621 sed
2864 3567 3145 3621 maximam
3174 3570 3271 3638 ipsi
3313 3570 3566 3626 testificor

1997 3668 2331 3728 potestatem.
2355 3658 2418 3715 Si
2437 3659 2640 3725 dixero,
2670 3674 2776 3713 non
2803 3674 2961 3729 posse
2984 3661 3197 3716 mentiri
3229 3662 3415 3739 Deum,
3440 3671 3565 3719 tunc

1996 3751 2223 3821 idipsum
2263 3752 2588 3806 demonstro.
2616 3751 3070 3818 Quemadmodum
3100 3761 3155 3808 et
3195 3753 3388 3810 Paulus
3415 3754 3563 3809 dice-

1998 3843 2085 3897 bat
2116 3859 2130 3901 :
2162 3842 2223 3898 Si
2251 3844 2617 3910 sustinebimus,
2645 3854 2691 3896 et
2717 3844 3163 3913 conregnabimus;
3193 3846 3235 3898 si
3269 3861 3369 3899 non
3403 3846 3566 3901 credi-

2000 3951 2130 4000 mus,
2178 3934 2263 3988 ille
2300 3933 2463 4002 ﬁdelis
2504 3943 2801 4003 permanet:
2832 3950 2949 3988 nam
2990 3951 3170 4005 negare
3209 3936 3427 4005 seipsum
3466 3954 3568 3993 non

2000 4035 2157 4097 potest
2187 4026 2278 4097 (2.
2310 4025 2441 4079 Tim.
2476 4026 2530 4078 2.
2565 4025 2652 4081 i2.
2685 4027 2811 4098 i3).
2841 4026 3022 4081 Viden‘
3050 4027 3201 4089 illud,
3236 4026 3355 4082 Non
3384 4037 3562 4099 potest,

2002 4118 2246 4187 potentiae
2287 4132 2404 4172 esse
2447 4118 2693 4187 signum?
2743 4117 2943 4186 Ecquid
2970 4118 3156 4187 loquor
3190 4118 3258 4172 de
3298 4118 3449 4174 Deo?
3491 4120 3566 4175 De

2002 4209 2364 4265 sensili-enim
2404 4209 2623 4263 materia
2660 4208 2962 4279 exemplum
3007 4224 3231 4262 sumam.
3268 4208 3324 4264 Si
3358 4209 3562 4275 dixero,

2002 4301 2332 4356 adamantem
2377 4316 2483 4355 non
2523 4315 2679 4370 posse
2713 4301 2907 4369 rumpi,
2949 4316 3014 4354 an
3055 4300 3384 4369 fragilitatem
3426 4303 3564 4371 eius,

2004 4407 2069 4444 an
2109 4391 2271 4446 robur
2298 4391 2415 4460 eius
2444 4392 2738 4445 maximum
2775 4390 3111 4459 depraadieo?
3137 4390 3266 4446 Cum
3309 4407 3437 4462 ergo
3472 4408 3569 4447 au-

2004 4482 2185 4547 dieris,
2218 4498 2322 4536 non
2365 4497 2522 4551 posse
2551 4482 2717 4536 Deum
2746 4497 2983 4551 peccare,
3016 4497 3113 4537 nec
3138 4498 3294 4552 posse
3334 4485 3567 4551 mentiri,

2004 4589 2105 4628 nec
2130 4588 2285 4643 posse
2313 4573 2575 4641 abnegare
2594 4572 2847 4641 seipsum,
2880 4587 2947 4626 ne
2969 4582 3119 4641 putes
3144 4573 3267 4628 hinc
3292 4574 3569 4631 imbecilli-

2006 4673 2168 4719 tatem
2197 4664 2313 4733 eius
2344 4663 2639 4731 prmdicari,
2671 4662 2763 4716 sed
2794 4677 3043 4731 perquam
3073 4664 3353 4719 maximam
3381 4675 3568 4735 poten-

2006 4756 2162 4819 tiam;
2207 4754 2327 4823 quia
2354 4752 2469 4821 eius
2491 4750 2785 4805 substantia
2824 4752 3016 4805 nullam
3054 4753 3338 4823 nequitiam
3377 4756 3569 4810 admit—

2007 4854 2119 4897 tere
2161 4850 2355 4912 potest,
2405 4842 2543 4911 quod
2592 4841 2857 4896 inaccessa
2904 4842 2993 4908 sit,
3032 4858 3182 4911 pura,
3228 4853 3282 4898 et
3321 4859 3568 4914 superna.

2008 4934 2138 4999 Quia
2165 4949 2290 5003 ergo
2321 4934 2421 4987 hoc
2459 4942 2601 4987 recte
2630 4933 2921 4987 discuSSum
2952 4934 3067 4998 fuit,
3099 4950 3196 5005 age
3230 4935 3296 4989 ad
3328 4939 3567 5006 proposi-

2011 5034 2119 5077 tum
2162 5025 2423 5078 sermonis
2450 5022 2882 5078 exercitationem
2918 5038 3309 5080 convertemus.
3345 5025 3510 5081 Filius
3543 5045 3573 5082 a

2009 5115 2170 5183 seipso
2206 5130 2306 5167 non
2346 5123 2504 5184 potest
2534 5118 2699 5185 facere
2735 5114 3024 5184 quidquam.
3067 5117 3201 5183 Quid
3240 5117 3365 5170 illud
3397 5127 3499 5184 est,
3532 5120 3574 5170 A

2009 5206 2206 5275 seipso?
2234 5205 2346 5260 Hoc
2374 5206 2418 5259 si
2447 5207 2610 5274 probe
2661 5206 2972 5272 didiceritis,
3001 5210 3294 5277 agnoscatis
3340 5210 3455 5278 eius
3484 5225 3573 5265 ar-

2010 5308 2146 5351 ctam
2174 5312 2292 5351 cum
2318 5297 2567 5352 Genitore
2589 5298 3033 5367 coniunctionem,
3064 5301 3257 5353 nullam
3302 5315 3419 5355 esse
3450 5303 3575 5357 sub-

2011 5389 2217 5442 stantiae
2240 5388 2652 5453 distinctionem,
2680 5389 3019 5459 ejusdemque
3043 5405 3163 5444 eum
3190 5404 3308 5444 esse
3330 5392 3570 5448 substan-

2012 5480 2099 5531 tiae
2140 5477 2290 5545 cuius
2325 5478 2500 5531 Pater.
2534 5477 2668 5543 Quid
2706 5479 2860 5548 igitur
2895 5479 3021 5531 illud
3060 5487 3160 5543 est,
3194 5477 3314 5531 Non
3358 5489 3515 5544 potest
3543 5498 3575 5534 a

2011 5569 2207 5637 seipso?
2240 5568 2352 5623 Non
2380 5577 2551 5637 potest
2581 5570 2841 5637 peculiare
2879 5568 3001 5638 quid
3030 5578 3221 5637 prteter
3258 5570 3465 5623 Patrem
3493 5571 3573 5625 fa-

2012 5676 2154 5721 cere,
2187 5675 2289 5714 non
2316 5668 2488 5729 potest
2511 5660 2839 5728 peregrinum
2867 5661 2989 5729 quid
3016 5670 3068 5715 et
3088 5670 3387 5729 separatum
3418 5678 3445 5712 ει
3470 5663 3569 5715 Pa-

2016 5760 2098 5805 tre
2124 5748 2316 5816 facere,
2348 5763 2517 5819 neque
2539 5748 2763 5803 alienum
2793 5749 2916 5820 quid
2944 5750 3137 5818 facere,
3165 5751 3245 5805 vel
3268 5749 3409 5804 aliud
3431 5752 3597 5819 quidm
