4126 6294
517 363 622 420 255

520 479 662 547 piam
691 475 830 547 quod
857 489 962 530 non
984 474 1136 528 faciat
1169 474 1323 527 l’ater
1347 490 1359 527 :
1389 487 1505 539 quze
1530 469 1670 525 enim
1702 469 1788 522 hic
1815 467 1955 531 facit,
1981 466 2097 520 haec

519 580 573 623 et
611 569 702 624 ille
739 568 882 623 facit.
926 566 1054 621 lllud
1092 566 1267 636 igitur,
1298 565 1342 617 Α
1378 565 1539 634 seipso
1560 579 1660 616 non
1703 571 1860 632 potest
1900 561 2082 629 facere,

521 674 621 714 acc
648 659 966 720 libertatem,
996 671 1094 710 nec
1123 656 1408 726 potentiam
1441 655 1600 718 tollit,
1642 652 1734 706 sed
1755 650 2090 706 concordiam

518 750 868 814 demonstrat,
917 761 1257 811 consensum,
1301 755 1356 800 et
1397 755 1597 799 arctam
1640 743 2086 812 conjunctionem,

519 851 704 909 estque
729 839 938 894 unionis
959 836 1208 907 perfecta:
1236 835 1463 905 signum.
1492 834 1624 888 Cum
1647 833 1788 888 enim
1815 832 2090 887 sabbatum

519 932 769 996 solveret,
810 939 865 986 et
894 928 1340 1000 praevaricationis
1365 927 1514 981 illum
1543 934 1873 989 accusarent,
1907 926 2090 979 dicen-

525 1035 602 1080 tes
629 1043 643 1078 :
678 1025 792 1078 Alia
824 1025 962 1078 Deus
1010 1022 1278 1092 praecepit,
1309 1020 1412 1074 alia
1438 1028 1493 1074 tu
1531 1018 1695 1082 facis;
1742 1018 1878 1072 hanc
1907 1032 2090 1071 eorum

520 1116 897 1188 impudentiam
926 1115 1280 1184 comprimens
1330 1113 1419 1167 ille
1465 1113 1539 1166 ait
1571 1130 1583 1164 :
1611 1111 1724 1165 Non
1754 1110 1894 1165 aliud
1929 1126 1956 1162 a
1982 1125 2088 1176 me,

521 1223 676 1279 qnam
704 1206 842 1277 quod
885 1221 914 1258 a
940 1205 1115 1271 Patre,
1147 1203 1338 1258 facth
1364 1212 1472 1269 est;
1504 1217 1672 1272 neque
1697 1201 1796 1271 ipsi
1820 1217 1937 1255 sum
1961 1215 2092 1255 con-

523 1303 716 1356 trarius
747 1299 830 1354 vel
873 1297 1064 1353 hostis.
1091 1297 1242 1363 Quod
1269 1297 1314 1351 si
1341 1311 1447 1350 non
1475 1296 1543 1349 ita
1585 1296 1831 1365 loquutus
1855 1302 1968 1357 est,
1998 1293 2090 1348 sed

524 1393 822 1449 humaniori
851 1401 904 1446 et
928 1391 1174 1446 crassiori
1215 1389 1372 1444 modo
1396 1403 1696 1444 sermonem
1726 1386 2089 1451 adumbravit,

519 1487 717 1555 cogites
736 1499 856 1539 eum
877 1497 997 1538 cum
1016 1481 1213 1538 Iudaeis
1233 1495 1530 1536 sermonem
1553 1478 1817 1544 habuisse,
1837 1477 1926 1548 qui
1943 1476 2090 1530 illum

520 1578 630 1633 Deo
677 1577 998 1632 contrarium
1049 1589 1170 1630 esse
1212 1573 1484 1643 putabant.
1524 1570 1666 1636 ideo,
1714 1585 1781 1624 ne
1819 1569 1937 1638 quis
1989 1567 2093 1622 tale

521 1670 789 1741 quidpiam
839 1667 1213 1738 suspicaretur,
1243 1664 1418 1719 statim
1456 1662 1654 1717 addidit
1683 1679 1696 1715 :
1728 1661 1894 1731 Opera
1939 1660 2090 1723 enim,

519 1776 630 1830 qua:
664 1759 753 1814 ille
778 1758 916 1827 facit,
955 1766 1000 1811 et
1025 1753 1072 1809 F
1075 1755 1192 1809 ilius
1212 1755 1440 1808 similiter
1468 1753 1588 1822 facit
1609 1751 1781 1823 (Joan.
1810 1751 1863 1805 5.
1899 1750 2006 1819 19).
2038 1747 2092 1804 Si

520 1867 652 1906 vero
675 1849 802 1903 nihil
832 1865 861 1902 a
886 1848 1061 1917 seipse
1082 1846 1223 1908 facit,
1252 1843 1518 1915 quomodo
1538 1843 1779 1897 similiter
1801 1839 1959 1895 facit?
1979 1839 2093 1894 Non

519 1941 660 2000 enim
689 1939 860 1995 facere
885 1952 1132 2009 magnum
1162 1945 1244 1991 est
1276 1953 1289 1989 :
1321 1934 1448 1990 illud
1478 1933 1618 1989 enim
1648 1933 1873 2002 agebant
1897 1939 1946 1986 et
1967 1945 2096 2000 apo.

519 2035 662 2100 stoli,
709 2041 946 2087 mortuos
969 2030 1291 2096 excitabant,
1339 2029 1577 2097 leprosos
1617 2026 1970 2088 mandabant;
1999 2023 2093 2077 sed

520 2141 624 2178 non
649 2124 892 2178 Similiter
913 2131 970 2177 ut
995 2123 1126 2191 ipse.
1150 2123 1218 2174 At
1245 2118 1510 2190 quomodo
1539 2118 1652 2172 illi?
1683 2112 1817 2184 Quid
1845 2117 1986 2168 nobis
2007 2125 2091 2166 at-

524 2214 744 2278 tenditis,
775 2212 924 2281 quasi
947 2213 1151 2281 propria
1195 2211 1372 2263 virtute
1412 2217 1499 2261 aut
1545 2217 1781 2276 intestata
1830 2206 2095 2274 fecerimus

523 2306 656 2358 hunc
694 2302 954 2356 ambulare
979 2301 1111 2372 (Act.
1144 2301 1197 2353 '5.
1230 2299 1354 2370 12)?
1395 2297 1670 2363 Quomodo
1695 2306 1866 2350 autem
1905 2295 2096 2349 Jesus?

525 2394 594 2449 Ut
623 2395 789 2448 sciatis
831 2393 947 2464 quia
986 2401 1271 2462 potestatem
1301 2388 1445 2444 habet
1482 2388 1644 2442 Filius
1673 2389 1888 2441 hominis
1926 2387 2096 2439 dimit-

522 2487 661 2541 tendi
695 2494 895 2554 peccata
919 2485 972 2537 in
1014 2496 1144 2537 terra
1194 2482 1380 2554 (Marc.
1419 2481 1474 2535 2.
1511 2482 1594 2536 10.
1626 2480 1751 2533 Luc.
1790 2481 1844 2535 5.
1889 2479 2004 2548 9.4);
2033 2493 2095 2533 ac

523 2593 734 2633 rursum
755 2577 822 2631 de
846 2575 1230 2630 resurrectione
1252 2583 1581 2627 mortuorum
1607 2590 1618 2624 :
1649 2572 1791 2626 Sicut
1819 2571 1974 2624 Pater
1994 2587 2095 2624 sus-

521 2669 898 2722 citat'mortuos
917 2707 930 2729 ,
962 2674 1009 2718 et
1038 2665 1272 2733 uiviﬁcat,
1295 2665 1366 2716 ita
1388 2671 1434 2718 et
1462 2661 1631 2716 Filius
1648 2678 1772 2730 quos
1800 2662 1904 2714 vult
1928 2661 2091 2729 viviﬁ—

523 2769 604 2813 cat
628 2759 806 2829 (Joan.
832 2759 885 2813 5.
911 2756 1023 2825 21).
1053 2736 1199 2810 Licet
1231 2755 1359 2809 satis
1388 2753 1574 2808 fuisset
1597 2753 1810 2816 dixisse,
1842 2751 1968 2817 Ita;
2000 2752 2093 2807 sed

520 2867 588 2907 ex
612 2849 917 2914 abundanti,
950 2858 1006 2901 ut
1030 2847 1404 2917 impudentiam
1434 2846 1641 2900 illorum
1668 2845 1976 2899 retunderet
2003 2849 2090 2914 qui

520 2941 883 2997 contradicere
909 2939 1121 3004 vellent,
1160 2936 1286 2991 illud
1313 2935 1514 2991 addidit
1540 2951 1554 2988 :
1587 2936 1722 3001 Quos
1749 2934 1875 3001 uult,
1904 2949 2094 3005 nempe

521 3049 642 3088 cum
673 3032 814 3085 omni
848 3031 1098 3101 potentia.
1127 3028 1330 3082 Idcirco
1355 3027 1428 3080 ait
1452 3044 1465 3079 :
1499 3026 1664 3095 Opera
1692 3029 1841 3092 enim,
1870 3042 1982 3096 quia
2006 3025 2094 3080 ille

522 3125 683 3198 facit:
723 3137 826 3177 non
854 3120 1001 3185 dicit,
1026 3120 1228 3176 Similia
1258 3127 1311 3173 et
1345 3117 1508 3172 Filius
1552 3116 1707 3182 facit;
1753 3117 1866 3183 sed,
1894 3116 2093 3170 Eadem

521 3218 635 3286 ipsa
665 3213 832 3268 Filius
857 3213 998 3283 facit.
1030 3211 1215 3266 Omnia
1235 3213 1365 3264 enim
1396 3226 1482 3278 per
1508 3209 1673 3280 ipsum
1712 3208 1846 3277 facta
1885 3217 2020 3273 sunt,
2047 3217 2095 3260 et

518 3309 628 3364 sine
652 3307 760 3376 ipso
787 3308 975 3376 factum
1002 3313 1071 3356 est
1091 3303 1216 3356 nihil
1243 3300 1422 3370 (Joan.
1453 3301 1501 3355 1.
1527 3300 1605 3370 5).
1633 3299 1794 3354 Vides
1819 3297 2090 3368 quomodo

521 3412 587 3456 eo
616 3399 854 3455 intendat
881 3398 1194 3462 orationem,
1225 3404 1282 3450 ut
1329 3394 1523 3448 indicet
1564 3392 1909 3447 arctissimam
1941 3389 2093 3444 unio-

522 3509 663 3558 ncm,
701 3491 1125 3562 conjunctionem
1171 3497 1226 3543 et
1250 3502 1588 3550 consensum,
1629 3500 1731 3539 non
1777 3482 1976 3538 Similia
2016 3482 2098 3536 di-

519 3602 667 3651 cens,
691 3585 804 3649 sed,
840 3583 917 3638 Ea
937 3585 1066 3653 ipsa,
1091 3589 1144 3637 et
1167 3580 1427 3643 Similiter,
1451 3587 1508 3632 ut
1533 3575 1727 3631 Pater?
1757 3575 1956 3630 Idcirco
1977 3589 2096 3628 sese

521 3689 883 3746 attemperans
904 3692 965 3729 ac
985 3675 1288 3737 demittens,
1309 3671 1414 3726 illic
1438 3670 1592 3725 etiam
1620 3683 1739 3722 cum
1768 3680 1954 3737 magna
1972 3680 2097 3719 cau.

519 3769 626 3824 tela
650 3769 793 3823 dicto
836 3766 1134 3837 hujusmodi
1161 3779 1286 3818 usus
1313 3769 1412 3818 est.
1457 3761 1574 3815 Non
1617 3759 1757 3813 enim
1792 3757 1944 3822 dixit,
1985 3755 2095 3812 Nisi

519 3860 788 3930 quidpiam
814 3858 1066 3912 doceatur
1089 3871 1116 3909 a
1146 3856 1319 3921 Patre,
1351 3868 1418 3908 ne
1447 3863 1502 3906 tu
1533 3851 1678 3906 illum
1699 3849 1990 3904 discentem
2017 3847 2096 3900 in-

522 3951 778 4013 duceres;
806 3963 977 4019 neque
995 3949 1147 4012 dixit,
1178 3946 1289 4001 Nisi
1310 3943 1434 4015 quid
1451 3942 1714 4012 iubeatur,
1743 3956 1812 3994 ne
1840 3940 1891 3994 in
1921 3953 2097 3994 servo-

521 4055 642 4093 rum
681 4039 866 4093 ordine
905 4039 1076 4107 ipsum
1105 4051 1223 4092 esse
1249 4034 1633 4105 suspicareris:
1665 4031 1781 4098 sed,
1822 4029 1940 4085 Nisi
1976 4029 2098 4098 quid

523 4130 702 4185 uiderit
732 4128 936 4182 Patrem
963 4129 1244 4198 facientem.
1286 4126 1352 4180 Et
1389 4126 1490 4179 hoc
1517 4125 1676 4179 etiam
1703 4123 1791 4176 illo
1821 4120 1978 4176 modo
2013 4119 2100 4173 di-

523 4235 692 4290 ctum,
724 4237 965 4293 magnam
997 4220 1190 4276 indicat
1216 4234 1336 4273 cum
1375 4218 1530 4272 Patre
1565 4215 2012 4285 coniunctionem.
2043 4210 2099 4265 Si

526 4318 668 4372 enim
700 4321 874 4385 potest
903 4314 1110 4369 Patrem
1134 4311 1313 4365 videre
1338 4316 1642 4379 operantem
1668 4346 1682 4370 ,
1710 4315 1764 4360 et
1793 4305 1931 4360 scire
1968 4316 2101 4372 quo-

527 4405 688 4461 modo
713 4412 978 4475 cperetur,
1002 4402 1238 4471 ejusdem
1278 4408 1360 4456 est
1399 4398 1728 4453 substantiae.
1756 4395 1909 4465 Saepe
1949 4407 2100 4447 nam-

530 4512 634 4568 que
652 4494 976 4550 ostendimus
995 4503 1172 4560 antea,
1193 4489 1535 4546 substantiam
1555 4489 1646 4542 Dei
1664 4491 1926 4542 neminem
1947 4496 2103 4553 posse

527 4595 772 4641 accurate
794 4584 993 4650 videre,
1020 4598 1188 4654 neque
1209 4583 1350 4637 clare
1373 4593 1715 4651 cognoscere,
1739 4577 1840 4630 nisi
1860 4573 2100 4644 ejusdem

527 4678 597 4732 sit
624 4685 846 4734 naturae.
887 4676 1140 4746 Angelum
1169 4684 1313 4730 certe
1361 4673 1499 4729 nuda
1539 4669 1831 4727 substantia
1873 4681 2102 4737 praesen-

1254 359 1307 414 S.
1346 355 1618 413 JO.\NNlS
1655 351 2119 411 CllBYSOSTOMJ
2156 351 2466 407 ARCHIEP.
2506 351 3034 408 CONSTANTINOP.

3663 358 3767 412 256

2203 474 2306 518 tem
2339 464 2517 530 homo,
2560 466 2681 520 licet
2709 481 2893 536 magna
2934 467 3125 521 virtute
3167 476 3404 535 ornatus,
3451 469 3632 525 videre
3663 487 3770 528 non

2198 558 2386 624 potuit,
2435 573 2623 628 nempe
2667 558 2868 611 Daniel.
2914 555 3037 612 Ideo
3081 558 3214 612 hanc
3250 562 3399 630 quasi
3446 562 3766 633 singularem

2196 659 2396 700 naturae
2425 662 2534 702 sua:
2577 649 2977 718 praerogativam
3025 647 3300 716 ell'erebat,
3346 651 3529 707 dicens
3559 667 3575 711 :
3606 652 3770 708 Deum

2195 753 2338 791 nemo
2375 739 2496 792 vidit
2537 755 2808 808 umquam;
2836 741 3116 809 unigenitus
3153 739 3338 805 Filius,
3366 745 3448 812 qui
3473 754 3545 797 est
3575 745 3627 798 in
3653 747 3770 800 sinu

2198 826 2386 892 Patris,
2415 829 2522 898 ipse
2546 831 2795 883 enarravit
2837 829 3016 900 (Joan.
3042 832 3093 885 1.
3119 831 3228 901 18).
3255 833 3322 886 Et
3365 849 3572 888 rursum
3600 854 3614 887 :
3649 835 3770 888 Non

2195 920 2328 988 quod
2366 920 2572 976 Patrem
2619 923 2792 975 uiderit
2820 924 3102 993 quisquam,
3133 926 3228 976 nisi
3272 926 3315 977 is
3340 927 3425 993 qui
3467 935 3537 980 est
3565 943 3597 979 a
3640 927 3768 994 Deo,

2195 1014 2281 1067 ille
2308 1013 2425 1066 vidit
2465 1013 2668 1068 Patrem
2711 1016 2886 1083 (Joan.
2914 1015 2966 1070 6.
2995 1016 3107 1084 46).
3149 1015 3260 1069 Etsi
3305 1017 3455 1070 multi
3503 1017 3608 1082 alii,
3644 1033 3770 1086 pro-

2199 1103 2387 1173 pheue,
2433 1105 2763 1173 patriarchae,
2798 1106 2924 1174 justi
2953 1115 3006 1160 et
3034 1107 3206 1175 angeli
3251 1106 3481 1161 viderint
3514 1124 3526 1160 :
3555 1108 3649 1163 sed
3705 1110 3773 1163 de

2198 1195 2428 1265 perfecta
2466 1199 2761 1267 cognitione
2789 1198 3034 1267 loquitur.
3068 1198 3145 1253 Ne
3171 1200 3346 1269 itaque
3375 1199 3612 1254 dicamus
3649 1216 3772 1255 eum

2199 1295 2322 1343 tunc
2352 1289 2546 1356 facere,
2578 1306 2696 1344 cum
2727 1291 2868 1345 videt
2902 1307 3021 1346 eum
3069 1308 3082 1345 :
3119 1307 3239 1345 nam
3268 1308 3368 1362 qua
3395 1293 3601 1348 ratione
3644 1293 3771 1347 illud

2196 1390 2478 1447 constaret,
2526 1381 2706 1436 Omnia
2750 1400 2836 1452 per
2861 1384 3026 1453 ipsum
3063 1384 3201 1452 facta
3240 1395 3376 1449 sunt,
3427 1395 3474 1438 et
3505 1386 3614 1438 sine
3661 1386 3771 1454 ipso

2198 1473 2386 1542 factum
2410 1482 2481 1526 est
2510 1473 2637 1526 nillil
2664 1473 2836 1543 (.Ioan.
2868 1475 2918 1528 1.
2942 1473 3039 1541 5)?
3063 1489 3265 1528 necnon
3290 1473 3438 1537 illud,
3472 1474 3640 1545 Opera
3657 1490 3772 1544 qua:

2196 1565 2280 1617 ille
2303 1566 2440 1634 facit,
2473 1565 2577 1618 [nec
2620 1575 2664 1618 et
2712 1565 2877 1619 Filius
2905 1567 3135 1619 similiter
3175 1567 3296 1634 facit
3328 1565 3503 1634 (Joan.
3529 1566 3582 1620 5.
3627 1566 3764 1634 l9)?

2197 1658 2326 1712 Nam
2357 1659 2401 1712 si
2444 1659 2683 1712 similiter
2730 1660 2870 1724 facit,
2911 1659 3196 1729 quomodo,
3242 1675 3361 1713 cum
3395 1660 3538 1727 prius
3581 1659 3773 1712 viderit

2199 1749 2366 1812 illum,
2400 1758 2523 1802 tunc
2554 1748 2712 1803 facit?
2751 1749 2979 1803 Necesse
3004 1749 3146 1803 enim
3191 1749 3292 1803 erit
3328 1763 3394 1802 ex
3430 1748 3532 1802 hoc
3571 1758 3660 1801 tuo
3692 1749 3772 1801 di-

2197 1851 2282 1895 cto
2327 1842 2484 1894 etiam
2531 1841 2738 1896 Patrem
2778 1851 2903 1896 tunc
2954 1842 3159 1911 Operari
3205 1857 3324 1894 cum
3373 1841 3568 1895 viderit
3611 1841 3772 1894 alium

2199 1944 2539 2002 operantem;
2581 1934 2630 1988 id
2670 1933 2808 2004 quod
2855 1943 3104 1988 extrema:
3131 1932 3411 1987 dementiae
3452 1932 3775 2002 insaniaeque

2199 2023 2374 2078 fuerit.

2269 2118 2322 2170 7.
2363 2116 2467 2172 Sed
2513 2132 2578 2170 ne
2627 2115 2740 2171 haec
2784 2115 3042 2171 imbecilla
3080 2124 3132 2169 et
3169 2114 3394 2168 absurda
3421 2113 3760 2168 confutantes

2198 2223 2496 2263 sermonem
2529 2208 2734 2276 longius
2761 2207 3134 2277 producamus,
3186 2206 3288 2261 hoc
3314 2205 3569 2259 addemus
3599 2222 3616 2261 :
3645 2207 3769 2276 quia

2198 2313 2314 2352 cum
2343 2298 2536 2352 Judmis
2576 2313 2874 2352 sermonem
2906 2298 3150 2360 habebat,
3191 2298 3277 2365 qui
3320 2297 3464 2350 illum
3503 2297 3614 2351 Deo
3639 2312 3772 2352 con-

2199 2390 2418 2443 trarium
2458 2390 2740 2456 dicebant,
2787 2401 2841 2443 et
2880 2389 3168 2458 legislatori
3199 2388 3495 2448 inimicum,
3540 2386 3773 2458 quodex

2197 2481 2262 2535 iis
2304 2496 2420 2551 quae
2461 2481 2594 2534 facta
2621 2481 2830 2535 fuerant
2858 2482 2930 2534 illi
2961 2480 3308 2550 colligebant,
3341 2481 3418 2533 sic
3446 2480 3531 2533 ille
3561 2494 3771 2534 sermo-

2198 2588 2317 2627 nem
2371 2572 2681 2626 humaniore
2709 2580 2762 2626 et
2790 2572 3053 2626 crassiore
3080 2571 3236 2626 modo
3262 2571 3610 2635 concinnavit,
3647 2585 3774 2641 pru-

2197 2666 2338 2719 denti
2382 2663 2606 2718 auditori
2649 2664 2970 2733 relinquens,
3005 2664 3071 2718 de
3101 2663 3183 2717 his
3211 2663 3280 2717 ita
3306 2663 3500 2716 sentire
3521 2703 3535 2726 ,
3576 2670 3634 2715 ut
3662 2661 3774 2716 Deo

2197 2769 2608 2813 consentaneum
2637 2768 2769 2822 erat,
2800 2769 2852 2812 ct
2881 2774 2972 2812 eos
3002 2759 3089 2827 qui
3121 2758 3366 2811 crassiori
3413 2756 3569 2810 modo
3612 2755 3772 2809 intel-

2196 2852 2427 2922 ligebant
2450 2851 2752 2921 corrigens;
2798 2852 3138 2919 quamobrem
3169 2850 3377 2904 dicebat
3409 2866 3422 2901 :
3453 2849 3620 2919 Opera
3639 2847 3773 2902 enim

2195 2959 2304 3014 qua:
2327 2943 2411 2997 ille
2432 2944 2570 3014 facit,
2603 2944 2707 2996 haec
2740 2952 2784 2996 et
2806 2941 2970 2995 Filius
2994 2941 3220 2996 similiter
3249 2941 3390 3011 facit.
3421 2940 3599 3010 Neque
3628 2941 3772 2995 enim

2196 3044 2489 3108 exspectat,
2521 3035 2689 3090 donec
2716 3035 2902 3089 viderit
2920 3035 3126 3088 Patrem
3155 3035 3452 3100 facientem,
3474 3043 3531 3086 ut
3552 3042 3676 3087 tunc
3699 3032 3776 3086 fa-

2198 3131 2320 3193 ciat,
2352 3144 2521 3198 neque
2548 3127 2822 3196 disciplina
2849 3140 2981 3195 opus
3008 3125 3165 3179 habet
3193 3140 3209 3179 :
3238 3124 3332 3178 sed
3355 3123 3499 3178 videt
3519 3122 3633 3192 ejus
3653 3123 3778 3177 sub-

2198 3221 2469 3286 stantiam,
2500 3219 2769 3288 ipsamque
2797 3217 2938 3272 clarc
2965 3217 3110 3271 novit
3138 3234 3152 3269 :
3195 3216 3341 3270 Sicut
3361 3215 3504 3269 enim
3538 3215 3674 3267 novit
3700 3230 3778 3268 me

2198 3313 2373 3379 Pater,
2408 3321 2455 3365 et
2501 3327 2591 3382 ego
2620 3327 2834 3381 agnosco
2861 3309 3069 3362 Patrem
3107 3307 3286 3379 (Joan.
3313 3308 3399 3362 l0.
3433 3307 3520 3375 15)
3549 3324 3562 3370 ;
3597 3308 3772 3361 omnia

2198 3413 2373 3458 autem
2404 3412 2651 3472 operatur
2671 3412 2725 3456 et
2753 3401 2911 3455 efficit
2953 3415 3070 3455 cum
3121 3409 3382 3469 potestate
3425 3399 3524 3469 ipsi
3571 3413 3772 3453 conve-

2200 3495 2385 3560 nienti,
2427 3507 2550 3548 cum
2597 3491 2941 3562 intelligentia
2989 3501 3043 3545 et
3085 3491 3342 3560 sapientia
3387 3490 3560 3558 ipsum
3607 3489 3776 3543 comi-

2200 3595 2372 3652 tante,
2403 3585 2486 3638 cui
2519 3583 2651 3637 nihil
2675 3593 2765 3636 aut
2789 3582 2993 3636 discere
3021 3590 3111 3635 aut
3137 3580 3317 3634 videre
3345 3595 3480 3649 opus
3515 3580 3601 3633 sit.
3630 3580 3774 3646 Quo-

2203 3677 2363 3732 modo
2393 3676 2531 3730 enim
2557 3689 2689 3744 opus
2708 3673 2882 3739 fuerit,
2909 3688 3031 3727 cum
3053 3672 3121 3725 sit
3141 3670 3370 3741 perfeCta
3388 3671 3558 3724 Patris
3578 3671 3769 3738 imago,

2199 3779 2253 3826 et
2277 3769 2473 3835 omnia,
2503 3782 2620 3836 qua:
2651 3767 2760 3830 ille,
2790 3765 3034 3820 similiter
3061 3763 3219 3818 faciat
3242 3772 3294 3817 et
3315 3776 3436 3816 cum
3465 3760 3652 3816 eadem
3679 3774 3772 3828 po-

2200 3861 2426 3916 testate?
2470 3860 2544 3914 De
2591 3866 2850 3930 potestate
2879 3857 3020 3911 enim
3050 3856 3272 3925 loquens
3311 3855 3422 3907 lucc
3447 3852 3718 3922 subjunxit
3752 3867 3766 3904 :

2202 3951 2311 4023 Ego
2337 3962 2382 4006 et
2417 3949 2568 4004 Pater
2596 3965 2749 4002 unum
2785 3964 2955 4002 sumus
2996 3945 3174 4017 (Joan.
3206 3945 3293 4000 10.
3318 3944 3431 4015 50).
3463 3945 3586 3997 llazc
3613 3943 3771 4011 igitur

2201 4045 2413 4110 omnia,
2463 4058 2580 4112 qua:
2627 4040 2766 4096 dicta
2820 4047 2980 4106 sunt,
3033 4038 3257 4093 scientes
3291 4046 3342 4090 et
3379 4034 3769 4104 intelligentes',

2201 4150 2507 4192 aversemur
2534 4133 2901 4188 bazreticorum
2923 4140 3110 4195 cmtus,
3142 4137 3402 4197 rectaeque
3425 4127 3547 4183 fidei
3575 4138 3771 4198 perpe-

2203 4239 2293 4284 tuo
2323 4230 2636 4294 haereamus,
2667 4235 2720 4281 et
2765 4235 3060 4280 accuratam
3091 4235 3374 4292 paremque
3400 4218 3656 4272 doctrinm
3695 4216 3775 4269 vi-

2202 4331 2310 4378 tam
2340 4322 2694 4384 instituamus,
2736 4329 2792 4373 ut
2821 4317 2988 4372 futura
3018 4317 3153 4370 bona
3193 4326 3602 4383 consequamur,
3646 4323 3772 4379 gra-

2202 4415 2274 4469 tia
2303 4424 2357 4469 et
2385 4411 2807 4468 miserationibus
2839 4409 3046 4464 Domini
3075 4407 3241 4462 nostri
3268 4405 3391 4460 Jesn
3425 4402 3643 4466 Christi,
3687 4399 3774 4454 cui

2203 4507 2370 4578 gloria
2397 4515 2449 4562 e:
2474 4505 2772 4574 imperium,
2805 4518 2906 4557 una
2937 4517 3056 4558 cum
3088 4501 3240 4555 Patre
3269 4509 3322 4555 et
3345 4496 3543 4568 Spiritu
3566 4503 3772 4561 sancto,

2206 4613 2348 4655 nunc
2372 4605 2427 4655 et
2454 4612 2685 4668 semper,
2715 4604 2770 4652 et
2798 4597 2850 4651 in
2874 4595 3071 4652 saecula
3099 4592 3431 4649 saeculorum.
3467 4591 3662 4644 Amen.

541 5170 3742 5210 Mm

1944 5319 2318 5380 MONITUM

606 5445 994 5528 ﬂancnquoqne
1043 5443 1318 5528 homiliarn
1353 5444 1935 5528 eruitlaudatissimus
1967 5443 2048 5497 vir
2091 5444 2280 5524 Ericus
2314 5443 2596 5498 Benzelius
2632 5459 2696 5528 e‘x
2742 5443 3034 5528 Qodicibus
3071 5443 3380 5528 Anglicanis
3421 5454 3478 5500 et
3520 5445 3751 5514 Upsalize

536 5517 726 5596 edidit.‘
755 5513 850 5596 Est
885 5513 1065 5570 autem
1089 5555 1109 5596 ι
1138 5515 1279 5596 quod
1325 5524 1534 5596 spectat
1579 5516 1697 5596 ejus
1730 5524 1936 5584 partem
1965 5514 2381 5593 non'minimam
2407 5554 2422 5577 ,
2465 5513 2786 5596 przecedenti
2821 5530 2929 5568 non
2977 5513 3276 5596 dissimilis.
3307 5516 3457 5570 Licet
3499 5513 3642 5569 enim
3682 5517 3750 5569 de

537 5585 928 5640 Melchisedeco
951 5625 964 5645 ,
997 5596 1055 5639 ut
1087 5586 1191 5640 fert
1221 5585 1498 5653 inscriptio
1521 5625 1537 5650 ,
1568 5595 1774 5655 agatur,
1809 5600 1935 5655 non?
1960 5584 2181 5655 minima
2201 5593 2391 5655 tamen
2425 5600 2550 5652 pars
2589 5585 2820 5655 homilim
2849 5594 3048 5655 contra
3086 5585 3378 5639 Anommos
3415 5595 3516 5638 est.
3548 5586 3752 5639 Deinde

538 5669 668 5734 ‘vero
697 5663 885 5734 contra
921 5655 1384 5734 Melchisedecitas
1413 5653 1739 5734 disputatur,
1766 5655 1856 5734 qui
1887 5654 2137 5734 dicebant
2167 5653 2616 5734 hlelchisedecutn
2639 5653 2917 5734 es_se_l“_ilio
2949 5654 3206 5734 majorem
3233 5670 3258 5734 ;_
3280 5655 3370 5734 alii
3391 5665 3569 5734 autem
3598 5665 3754 5724 puta-

537 5721 670 5804 bant
699 5738 817 5804 esse
846 5725 1103 5804 Spiritum
1137 5735 1381 5804 sauctutn
1407 5743 1430 5804 ;_
1563 5726 1720 5804 docet
1754 5721 2284 5804 etiamlipiphanius
2323 5721 2518 5777 llaaresi
2544 5723 2631 5786 46,
2659 5724 2730 5777 al.
2768 5723 2857 5787 55,
2889 5721 3114 5804 quodin
3147 5723 3291 5778 notis
3320 5724 3550 5803 dicimus
3590 5721 3750 5779 infra.

542 5789 683 5847 Cave
702 5789 1060 5866 autem'putcs
1081 5797 1219 5854 hanc
1250 5796 1304 5853 in
1330 5793 1782 5855 Mclchisedccum
1805 5789 2080 5851 homiliam
2092 5807 2211 5850 eam
2232 5807 2374 5860 esse,
2398 5807 2558 5863 quam
2581 5789 2970 5851 commemorat
3002 5792 3420 5865 Chrysostomns
3446 5794 3500 5850 in
3522 5796 3755 5851 Homilia
