4126 6294
469 329 573 385 357

1728 321 1817 376 DE
1860 316 2399 377 MELCHISEDECO.

1405 809 2041 965 (EJUSDEM
2123 804 2725 920 HOMlLlA

1782 1065 1869 1123 De
1913 1061 2375 1126 Mclchisedcco.

508 1580 557 1634 l.
572 1579 856 1650 Scriptura:
870 1600 1032 1639 sacrm
1046 1586 1330 1655 difﬁcultas
1350 1597 1398 1641 ct
1420 1588 2021 1659 obscuritas.—Aposto—

458 1674 614 1729 licam
634 1676 793 1731 hodie
809 1678 961 1732 vobis
990 1694 1226 1733 mensam
1247 1696 1518 1750 apponere
1537 1682 1677 1747 volo,
1715 1691 1769 1736 et
1784 1682 1849 1735 ad
1876 1681 2021 1751 pela-

457 1783 554 1837 gus
567 1768 712 1823 vocis
728 1768 869 1823 illius
882 1770 944 1822 D.
960 1768 1107 1824 Pauli
1120 1786 1423 1826 sermonem
1439 1774 1733 1827 extendere
1747 1787 1896 1842 paro.
1914 1770 2020 1825 Sed

462 1855 581 1923 quid
609 1853 832 1908 faciam?
861 1853 1045 1907 Hmreo
1069 1855 1332 1923 timeoque
1352 1869 1419 1908 ne
1443 1869 1472 1907 a
1503 1864 1652 1922 portu
1679 1855 1943 1908 solventes
1968 1865 2018 1908 et

463 1945 525 1998 ad
549 1944 861 2014 profundum
885 1945 1294 2013 apostolicarum
1324 1947 1702 2000 sententiarum
1732 1947 2016 2014 progressi,

461 2035 677 2105 caligine
699 2036 1063 2104 corripiamur,
1091 2046 1148 2089 ut
1174 2036 1306 2090 solet
1331 2035 1573 2089 accidere
1602 2047 1874 2089 vectorum
1924 2036 2019 2088 im-

467 2127 811 2196 peritioribus.
838 2127 916 2181 llli
947 2142 1170 2195 namque
1193 2138 1463 2195 postquam
1491 2125 1670 2179 relicta
1695 2126 2017 2191 continente,

461 2217 527 2271 ab
569 2228 785 2286 utraque
830 2218 975 2271 navis
1020 2228 1167 2285 parte
1217 2219 1429 2285 pelagus
1468 2216 1733 2279 viderint,
1785 2216 2021 2285 nihilque

462 2309 598 2362 aliud
620 2324 771 2378 quam
804 2316 1017 2377 pontum
1044 2316 1096 2361 et
1120 2306 1326 2372 cazlum,
1358 2308 1610 2375 vertigine
1633 2307 2009 2375 corripiuntur,

464 2414 523 2455 ac
548 2400 719 2453 navim
761 2413 878 2454 cum
925 2399 1051 2452 mari
1097 2399 1149 2452 in
1193 2397 1375 2452 orbem
1423 2398 1555 2451 verti
1598 2407 1797 2465 putant.
1828 2397 2018 2452 Verum

462 2506 565 2546 non
595 2506 660 2546 ex
691 2491 848 2544 maris
873 2496 1058 2546 natura
1081 2530 1095 2554 ,
1147 2489 1239 2544 sed
1280 2504 1341 2543 ex
1374 2490 1728 2558 navigantium
1761 2490 2020 2558 imperitia

463 2580 743 2650 vertigines
785 2582 1043 2635 oriuntur.
1096 2581 1199 2635 Alii
1228 2580 1369 2634 enim
1400 2588 1601 2643 nauta},
1646 2580 1799 2634 nudis
1831 2595 2018 2651 corpo-

461 2673 605 2726 ribus
640 2686 759 2725 sese
801 2672 1100 2741 praccipites
1135 2670 1264 2724 dant
1291 2670 1343 2723 in
1388 2669 1573 2736 undas,
1616 2685 1714 2724 nec
1738 2671 2020 2740 quidquam

464 2759 759 2829 hujusmodi
805 2760 1072 2829 patiuntur
1120 2777 1132 2811 :
1180 2760 1274 2813 sed
1315 2770 1589 2828 postquam
1619 2762 1669 2815 in
1698 2762 1871 2830 ipsum
1901 2776 2022 2831 pro-

428 2853 673 2907 fundum
717 2854 1059 2917 devenerunt,
1109 2851 1347 2907 securius
1390 2850 1606 2920 degunt,
1653 2869 1806 2921 quam
1856 2855 1891 2906 ii
1935 2856 2021 2922 qui

462 2946 512 3000 in
544 2947 655 3014 ipso
681 2945 792 2998 solo
818 2944 1021 3010 sedent,
1064 2943 1487 3013 salsuginemque
1520 2957 1632 3003 ore,
1666 2944 1851 3007 oculis,
1889 2953 2021 2997 toto-

463 3051 564 3104 que
592 3051 808 3103 corpore
834 3036 1173 3103 excipientes,
1207 3035 1257 3088 id
1291 3049 1390 3089 non
1419 3049 1556 3104 aegre
1583 3034 1773 3087 ferunt.
1799 3035 2021 3088 Tantum

468 3127 673 3194 taleque
705 3137 784 3179 est
825 3128 1099 3197 imperitiae
1138 3128 1372 3191 malum;
1416 3135 1613 3180 tantum
1657 3128 1886 3181 vicissim
1930 3144 2023 3197 pe-

467 3217 598 3271 ritia:
626 3217 838 3271 bonum.
891 3220 1011 3273 Hzec
1034 3219 1282 3273 terribilia
1311 3234 1532 3288 quaeque
1559 3218 1882 3288 parvifacere
1906 3235 2026 3274 sua-

466 3309 585 3372 det;
635 3309 718 3363 illa
764 3325 911 3377 vero,
945 3312 1102 3365 etiam
1146 3327 1227 3377 ea,
1275 3327 1392 3381 qua:
1442 3320 1551 3365 tuta
1593 3322 1732 3372 sunt.
1779 3323 2022 3381 suspecta

467 3399 660 3454 habere
688 3408 741 3452 et
768 3401 1067 3455 formidare.
1099 3402 1198 3455 Alii
1219 3403 1355 3455 enim
1385 3403 1436 3455 in
1469 3403 1593 3470 ipsis
1624 3402 1854 3470 prmaltis
1876 3404 2025 3457 tabu-

470 3492 586 3545 latis
615 3492 761 3545 navis
788 3492 1032 3545 sedentes
1056 3492 1274 3560 caligine
1302 3493 1675 3561 corripiuntur,
1708 3494 1795 3547 alii
1828 3495 1879 3546 in
1912 3509 2025 3547 me-

467 3583 567 3635 diis
610 3581 767 3636 etiam
826 3581 1070 3636 ﬂuctibus
1123 3597 1228 3636 non
1290 3584 1675 3652 perturbantur.
1740 3585 1851 3639 Hoc
1900 3586 2024 3640 item

468 3673 628 3726 menti
674 3681 867 3725 nostrae
917 3673 1125 3727 accidit.
1190 3673 1315 3727 Nam
1365 3674 1506 3727 illam
1554 3689 1695 3744 saepe
1743 3676 2024 3730 affectuum

465 3762 653 3817 ﬂuctus
678 3763 947 3826 invadunt,
995 3763 1121 3833 ipsis
1161 3765 1374 3819 marinis
1400 3766 1643 3820 fluctibus
1670 3768 2029 3821 vehementio-

466 3870 570 3917 res,
614 3854 724 3919 qui,
769 3855 1094 3922 tempestatis
1120 3854 1304 3919 instar,
1351 3856 1581 3910 animum
1622 3858 1925 3926 deprimunt
1966 3875 2029 3913 ac

464 3947 710 3999 deorsum
752 3946 981 4008 trahunt,
1010 3948 1221 4015 spiritus
1249 3949 1504 4003 malarum
1530 3952 1892 4019 cupiditatum,
1940 3950 2028 4022 qui

464 4052 721 4104 magnam.
755 4037 945 4091 animis
991 4039 1433 4106 perturbationem
1482 4042 1731 4096 inferunt.
1783 4042 1886 4097 Sed
1938 4045 2025 4113 qui

465 4128 737 4198 imperitus
786 4129 1173 4197 imparatusque
1220 4138 1322 4191 est,
1374 4131 1657 4199 incipiente
1698 4133 1789 4186 iraa
1828 4143 2029 4204 tempe.

465 4229 625 4283 state,
658 4221 832 4274 statim
866 4221 1218 4289 perturbatur,
1250 4223 1568 4288 concutitur,
1598 4227 1840 4292 agitatur.
1872 4224 2027 4281 Videt

464 4312 688 4364 animam
734 4310 1010 4365 affectibus
1058 4311 1317 4381 demergi,
1369 4322 1421 4365 et
1451 4313 1776 4382 naufragium
1803 4316 1942 4383 pati;
1973 4326 2025 4370 at

465 4402 550 4470 qui
582 4410 793 4470 paratus
823 4403 1210 4470 meditatusque
1239 4412 1339 4467 est,
1374 4403 1487 4457 haec
1516 4415 1730 4459 strenue
1755 4408 1980 4461 sustinet
2007 4423 2021 4472 ;

467 4501 728 4559 tamquam
775 4491 1051 4544 nauclerus
1098 4491 1162 4543 ad
1210 4491 1622 4559 gubernaculum
1666 4495 1886 4562 sedens,
1951 4498 2026 4550 sic

466 4591 694 4635 mentem
748 4596 902 4649 supra
944 4591 1118 4634 motus
1166 4583 1325 4635 animi
1371 4585 1715 4650 constituens,
1756 4602 1856 4640 non
1884 4588 2027 4655 prius

464 4664 657 4719 desinit
680 4666 857 4718 omnia
886 4664 1081 4729 moliri,
1111 4663 1282 4719 donec
1310 4665 1556 4735 scapham
1598 4669 1664 4722 ad
1694 4672 2026 4739 tranquillum

466 4755 808 4823 philosophiae
838 4763 1043 4823 portum
1071 4754 1367 4809 deduxerit.
1416 4757 1565 4817 Illud,
1594 4760 1766 4827 itaque
1802 4762 1940 4829 quod
1978 4764 2027 4816 iu

467 4847 593 4899 mari
622 4848 831 4909 accidit,
860 4855 913 4900 et
940 4846 1080 4915 quod
1110 4848 1286 4899 animo
1312 4850 1585 4919 contingit,
1618 4852 1774 4905 etiam
1806 4854 1856 4905 in
1888 4854 2027 4909 Scri-

465 4945 730 5004 pturarum
763 4938 1089 5005 expositione
1116 4936 1354 4991 accidere
1386 4954 1601 4995 necesse
1633 4952 1734 5006 est,
1758 4951 1815 4995 ut
1841 4958 2028 5012 nempe

462 5042 887 5084 commoveamur
912 5042 962 5085 et
991 5037 1356 5099 perturbemur
1385 5040 1592 5107 quando
1620 5042 1671 5095 in
1700 5043 1861 5097 altum
1883 5045 2029 5097 veni-

462 5132 610 5182 mus;
661 5134 765 5173 non
791 5121 929 5188 quod
953 5122 1337 5180 formidandum
1366 5129 1432 5181 sit
1462 5130 1705 5198 pelagus,
1751 5134 1842 5189 scd
1890 5135 2026 5203 quod

462 5225 574 5273 nos,
608 5210 695 5280 qui
724 5212 1044 5280 navigamus,
1078 5216 1303 5285 imperiti
1335 5222 1519 5273 simus.
1560 5223 1709 5289 Quod
1752 5226 1889 5278 enim
1942 5243 2029 5280 ac-

459 5300 635 5353 cidere
664 5302 843 5368 possit,
872 5314 927 5355 ut
952 5318 1126 5358 sermo
1149 5291 1331 5360 natura
1364 5326 1454 5362 sua
1486 5311 1669 5371 facilis.
1706 5315 2025 5369 audientium

462 5390 718 5459 imperitia
746 5391 975 5447 difficilis
1014 5397 1220 5462 evadat,
1257 5400 1473 5453 Paulum
1507 5406 1655 5456 vobis
1688 5415 1872 5460 testem
1901 5410 1999 5459 atl'u

460 5497 593 5535 ram.
628 5481 755 5536 Cum
799 5484 1020 5539 dixisset
1060 5490 1198 5540 enim
1231 5488 1501 5544 Christum
1536 5492 1695 5547 fuisse
1731 5497 2026 5562 pontiﬁcem

457 5572 747 5625 secundum
773 5575 1009 5629 ordinem
1042 5576 1409 5645 Melchisedcc,
1444 5592 1495 5635 et
1518 5583 1850 5652 disquireret,
1885 5589 1999 5655 quis

458 5676 580 5714 nam
610 5672 751 5717 esset
778 5664 864 5718 ille
898 5664 1267 5735 Melchisedec,
1319 5672 1494 5724 intulit
1546 5691 1557 5725 :
1609 5672 1682 5725 De
1705 5691 1799 5741 quo
1823 5677 2028 5746 grandis

460 5752 602 5805 nobis
661 5761 731 5807 est
778 5769 937 5807 sermo
977 5764 1021 5809 ct
1068 5758 1317 5826 explicata
1362 5762 1573 5833 difﬁcilis
1616 5760 1795 5835 (Hebr.
1828 5766 1880 5821 5.
1916 5769 2023 5839 ll).

2121 1582 2256 1647 Quid
2305 1583 2467 1647 dicis,
2512 1587 2716 1645 Paule?
2762 1591 2843 1645 An
2886 1595 3150 1663 explicatu
3189 1596 3419 1655 difficilis
3451 1601 3569 1672 tibi,
3600 1606 3686 1676 qui

2121 1675 2374 1741 Spirituali
2404 1679 2657 1747 sapientia
2681 1682 2930 1750 praeditus
2961 1687 3053 1740 es?
3072 1690 3161 1757 qui
3194 1704 3380 1745 arcana
3407 1675 3689 1751 audivisti?

2121 1765 2208 1832 qui
2251 1766 2314 1819 ad
2360 1768 2571 1823 tertium
2612 1773 2797 1826 cmlum
2847 1784 3026 1842 raptus
3068 1778 3168 1832 es?
3203 1779 3256 1835 Si
3301 1783 3390 1837 tibi
3430 1786 3689 1854 explicatu

2122 1855 2372 1921 difficilis,
2422 1861 2505 1913 cui
2554 1865 3043 1931 comprehensibilis
3089 1871 3231 1927 erit?
3280 1873 3401 1928 Mihi
3431 1877 3690 1944 cxplicatu

2122 1946 2366 2013 difficilis,
2415 1951 2599 2021 inquit,
2631 1964 2729 2019 est,
2778 1971 2880 2009 non
2923 1958 2991 2013 ob
3030 1976 3196 2016 meam
3242 1964 3650 2023 imbecillitatem
3676 2009 3691 2033 ,

2121 2038 2215 2089 sed
2264 2038 2332 2092 ob
2384 2041 2697 2110 imperitiam
2747 2047 3066 2104 auditorum.
3117 2055 3247 2107 Cum
3287 2071 3413 2126 ergo
3435 2058 3691 2125 dixisset,

2124 2126 2393 2196 Explicatu
2447 2133 2680 2202 difﬁcilis,
2730 2137 3000 2207 subjunxit
3050 2157 3063 2196 :
3125 2142 3372 2206 Quoniam
3427 2149 3695 2205 imbecilles

2124 2219 2244 2287 facti
2266 2220 2381 2272 estis
2410 2222 2477 2273 ad
2500 2224 2826 2279 audiendum.
2882 2228 3067 2285 Viden’
3099 2249 3201 2287 non
3230 2245 3467 2291 naturam
3495 2255 3697 2295 sermo-

2124 2309 2225 2370 nis,
2274 2311 2364 2363 sed
2397 2312 2723 2368 audientium
2766 2318 3078 2387 imperitiam
3108 2339 3217 2378 rem
3246 2341 3361 2395 quae
3390 2344 3482 2397 per
3506 2345 3564 2384 se
3592 2331 3695 2385 dif-

2125 2397 2275 2454 ficilis
2314 2418 2415 2455 non
2460 2414 2593 2469 erat,
2640 2398 2907 2463 difficilem
2939 2413 3267 2471 reddidisse?
3314 2419 3504 2474 Eadem
3534 2438 3695 2491 porro

2122 2504 2277 2544 causa
2326 2509 2430 2546 non
2481 2495 2745 2552 difﬁcilem
2796 2503 2990 2567 modo,
3025 2506 3113 2557 sed
3144 2508 3302 2561 etiam
3340 2525 3481 2575 eum,
3516 2512 3693 2567 brevis

2123 2594 2241 2634 cum
2270 2584 2356 2648 sit,
2401 2588 2611 2655 longum
2653 2588 2847 2643 reddit.
2900 2592 3230 2663 QuaprOpter
3279 2616 3382 2652 non
3433 2602 3697 2671 explicatu

2123 2670 2387 2728 difficilem
2420 2677 2577 2731 modo
2602 2679 2751 2745 dixit,
2784 2680 2877 2735 sed
2907 2686 3061 2736 etiam
3093 2689 3364 2755 grandem,
3398 2701 3449 2743 et
3472 2691 3700 2761 longitu-

2125 2764 2262 2817 dinis
2296 2775 2348 2819 et
2376 2766 2693 2823 difficultatis
2724 2787 2935 2826 causam
2967 2776 3239 2841 adjiciens,
3282 2781 3483 2833 aurium
3530 2783 3698 2837 imbe-

2124 2854 2415 2909 cillitatem.
2460 2858 2912 2925 Quemadmodum
2959 2868 3101 2921 enim
3140 2871 3350 2938 (egrotis
3394 2887 3498 2925 non
3538 2889 3701 2943 appo.

2127 2946 2295 2997 nenda
2334 2957 2415 3000 est
2464 2965 2641 3003 mensa
2682 2951 2829 3006 facile
2872 2957 3139 3022 parabilis,
3189 2960 3279 3013 sed
3318 2962 3477 3015 variis
3504 2963 3697 3018 referta

2126 3034 2273 3099 cibis,
2309 3047 2362 3089 ut
2393 3037 2435 3090 si
2464 3055 2603 3107 aeger
2631 3042 2768 3096 hunc
2794 3056 3044 3114 respuat,
3077 3048 3301 3103 alterum
3332 3052 3592 3120 accipiat,
3645 3064 3701 3109 et

2127 3127 2169 3178 si
2197 3125 2297 3179 hoc
2326 3144 2429 3180 non
2457 3129 2716 3197 admittat,
2746 3134 2885 3187 aliud
2915 3147 3121 3201 sumat,
3170 3140 3213 3192 si
3265 3140 3404 3196 hunc
3442 3144 3696 3212 repellat,

2126 3217 2348 3272 alterum
2387 3219 2601 3289 deligat,
2640 3233 2695 3276 ut
2718 3225 2972 3280 varietate
3000 3227 3364 3286 difficultatem
3395 3233 3696 3302 vincamus,

2127 3322 2189 3360 ac
2231 3308 2536 3365 diversitate
2585 3312 2890 3385 lautitiaque
2927 3333 3124 3373 mensa:
3150 3322 3310 3375 animi
3339 3322 3551 3379 fastidio
3579 3342 3694 3381 me-

2128 3399 2344 3453 deamur
2391 3419 2404 3454 :
2452 3402 2523 3455 ita
2562 3418 2701 3473 saepe
2742 3406 2794 3459 in
2838 3411 3094 3465 concione
3130 3409 3445 3475 faciendum,
3478 3418 3689 3485 quando

2130 3492 2415 3547 imbecilles
2445 3509 2647 3562 sumus,
2679 3496 2834 3567 longa
2864 3502 3175 3567 apponenda
3207 3513 3286 3557 est
3310 3506 3510 3567 oratio,
3539 3510 3699 3563 variis

2128 3582 2556 3639 similitudinibus
2585 3596 2638 3639 et
2665 3590 2923 3657 exemplis
2954 3592 3225 3657 instructa,
3250 3604 3518 3663 apparatu
3541 3598 3699 3653 etiam

2128 3686 2189 3725 ac
2230 3675 2476 3741 periodis,
2507 3676 2728 3746 aliisque
2756 3680 3034 3745 similibus,
3084 3692 3139 3736 ut
3163 3699 3227 3737 ex
3252 3687 3496 3742 omnibus
3534 3690 3699 3745 facilis

2129 3762 2280 3815 nobis
2309 3765 2376 3818 sit
2403 3766 2668 3821 utiliorum
2696 3768 2953 3825 delectus.
3006 3771 3197 3826 Verum
3241 3776 3445 3833 etiamsi
3485 3781 3700 3849 grandis

2130 3866 2305 3906 sermo
2334 3862 2479 3908 esset
2506 3857 2875 3928 explicatuque
2901 3860 3129 3917 difficilis
3147 3906 3160 3928 ,
3189 3881 3292 3920 non
3321 3876 3493 3924 tamen
3522 3870 3699 3940 priva-

2130 3944 2203 3997 vit
2229 3959 2320 3998 eos
2348 3946 2584 4001 doctrina
2613 3950 2679 4003 de
2707 3950 3089 4008 Melchisedeco
3135 3973 3150 4010 :
3195 3971 3314 4010 cum
3351 3960 3492 4015 enim
3531 3963 3695 4030 dicit,

2133 4036 2351 4093 Grandis
2377 4050 2421 4093 et
2452 4042 2703 4111 explicata
2732 4045 2964 4114 difﬁcilis,
3015 4062 3197 4102 eorum
3225 4050 3455 4106 studium
3481 4057 3697 4121 excitat,

2130 4145 2197 4183 ne
2223 4131 2285 4183 ad
2316 4132 2636 4188 audiendum
2660 4138 2929 4206 segniores
2952 4138 3059 4192 sint
3084 4158 3096 4192 :
3120 4155 3239 4196 cum
3266 4152 3443 4198 autem
3460 4161 3696 4203 mensam

2130 4224 2366 4291 apponit,
2394 4240 2578 4279 eorum
2607 4228 2869 4283 desiderio
2898 4231 3239 4299 gratificatur.

2198 4315 2251 4367 2.
2288 4315 2394 4370 lloc
2432 4326 2485 4371 et
2521 4332 2616 4371 nos
2652 4319 2921 4373 faciamus.
2976 4320 3195 4377 Etiamsi
3248 4324 3313 4378 ad
3380 4326 3597 4397 pelagus
3643 4338 3697 4383 et

2129 4404 2448 4472 profundum
2494 4411 2873 4463 sententiarum
2923 4413 3217 4481 pertingere
3256 4429 3359 4469 non
3396 4419 3690 4487 possimus,

2130 4510 2227 4548 nos
2278 4496 2604 4552 confidenter
2648 4501 2777 4553 mari
2834 4503 3261 4571 committamus,
3326 4523 3432 4561 non
3502 4511 3696 4565 nostris

2129 4584 2244 4639 freti
2290 4587 2520 4653 viribus,
2579 4589 2669 4642 sed
2711 4594 2878 4660 gratia
2928 4592 3077 4647 nobis
3119 4611 3343 4665 superne
3382 4600 3499 4653 data
3540 4619 3555 4654 :
3589 4618 3694 4657 non

2132 4678 2318 4733 fiducia
2366 4688 2564 4746 nostra,
2607 4681 2699 4735 sed
2747 4682 2817 4735 ob
2865 4684 3142 4739 utilitatem
3186 4698 3412 4743 vestram
3442 4692 3571 4745 mari
3602 4708 3700 4747 nos

2129 4772 2541 4835 committamus,
2592 4770 2691 4825 hac
2733 4772 2785 4826 in
2834 4790 2892 4828 re
2938 4776 3153 4831 Paulum
3206 4780 3491 4836 imitantes.
3548 4784 3699 4849 Quod

2128 4865 2269 4916 enim
2312 4880 2414 4918 non
2445 4866 2724 4933 privaverit
2747 4883 2838 4922 eos
2864 4884 3108 4924 sermone
3156 4872 3221 4926 de
3265 4874 3647 4930 Melchisedeco
3674 4918 3691 4942 ,

2129 4956 2249 5008 audi
2298 4958 2585 5025 sequentia.
2638 4957 2771 5012 Cum
2815 4975 2939 5028 ergo
2983 4961 3239 5027 dixisset,
3269 4982 3287 5014 ί
3316 4965 3387 5019 De
3414 4981 3516 5033 quo
3546 4966 3700 5021 nobis

2128 5046 2339 5114 grandis
2359 5057 2438 5099 est
2458 5062 2656 5113 sermo,
2672 5059 2722 5101 et
2742 5049 3004 5117 explicatu
3022 5051 3247 5106 difficilis
3269 5071 3287 5104 ›
3310 5053 3491 5126 (Hebr.
3510 5055 3561 5109 5.
3586 5056 3696 5126 H),

2131 5135 2395 5202 subjunxit
2448 5153 2459 5188 :
2512 5155 2530 5188 ‹
2562 5137 2655 5190 Hic
2700 5138 2837 5191 enim
2880 5139 3260 5206 Melchisedec,
3313 5158 3404 5196 rex
3450 5143 3688 5212 justitize,

2132 5223 2362 5292 itemque
2392 5242 2481 5278 rex
2520 5226 2715 5292 Salem,
2739 5227 2789 5281 id
2815 5238 2897 5283 est
2925 5245 3015 5282 rex
3049 5232 3209 5298 pacis,
3242 5232 3356 5285 sine
3381 5242 3551 5300 patre,
3582 5236 3699 5290 sine

2133 5326 2318 5380 matre,
2349 5318 2461 5371 sine
2482 5320 2805 5388 genealogia,
2837 5337 3009 5389 neque
3041 5322 3241 5375 initium
3270 5322 3498 5391 dierum,
3526 5340 3698 5395 neque

2135 5409 2286 5461 finem
2336 5410 2454 5461 vitm
2501 5411 2717 5474 habens,
2762 5413 3079 5465 assimilatus
3105 5423 3278 5466 autem
3316 5413 3468 5479 Filio,
3520 5427 3701 5471 manet

2133 5498 2376 5551 sacerdos
2402 5499 2453 5551 in
2475 5511 2780 5567 perpetuum
2815 5520 2832 5552 )
2867 5500 3044 5569 (Hebr.
3072 5503 3123 5555 7.
3154 5504 3293 5571 1-4).
3324 5503 3507 5559 Nonne
3536 5521 3698 5560 aures

2134 5599 2333 5641 vestras
2378 5588 2551 5651 feriit,
2597 5591 2721 5643 dum
2756 5592 2819 5644 de
2850 5593 3062 5644 homine
3109 5593 3329 5663 loquens
3370 5596 3519 5663 dixit,
3573 5596 3699 5653 Sine

2134 5687 2287 5746 patre,
2317 5679 2423 5729 sine
2463 5688 2637 5743 matre,
2682 5681 2787 5733 sine
2822 5682 3150 5751 genealogia?
3201 5684 3397 5754 Ecquid
3438 5686 3580 5751 dico,
3628 5688 3698 5743 de

2132 5768 2387 5825 homine?
2417 5768 2545 5823 Nam
2571 5772 2614 5825 si
2638 5771 2701 5827 de
2736 5771 2869 5829 Filio
2916 5771 3200 5845 diceretur,
3251 5790 3425 5833 annon
3454 5793 3693 5849 magnam
