4126 6294
474 342 580 399 259

472 469 711 515 moveret
735 461 1129 529 quaestionem?
1169 459 1302 515 Nam
1346 458 1391 513 si
1419 458 1534 513 sine
1567 465 1739 528 patre,
1783 456 2049 526 quomodo

468 551 676 607 Filius?
720 552 775 608 Si
809 553 925 607 sine
953 563 1143 619 matre,
1185 551 1453 623 quomodo
1501 550 1856 620 Unigenitus?
1886 548 2051 604 Filius

472 644 613 697 cnim
658 653 861 712 patrem
906 644 1097 698 habeat
1145 651 1375 712 oportet,
1420 641 1551 695 alias
1591 656 1720 696 vero
1764 639 1903 695 ﬁlius
1943 655 2047 693 non

468 734 645 788 fuerit.
669 732 774 789 Sed
817 735 932 789 sine
974 743 1123 803 patre
1167 742 1221 789 et
1261 734 1378 788 sine
1412 742 1583 788 matre
1606 742 1691 787 est
1716 732 1880 786 Filius
1912 732 2043 794 Dei;

468 826 585 879 sine
613 837 786 895 patre,
814 825 1103 880 secundum
1130 824 1412 897 infernam,
1456 825 1571 878 sine
1609 833 1800 888 matre,
1849 838 2043 877 secun-

465 916 592 969 dum
618 931 905 985 supernam
942 916 1359 986 generationem.
1406 914 1536 969 Nam
1586 931 1755 984 neque
1802 915 1853 968 in
1906 925 2042 968 terra

464 1017 668 1076 patrem
697 1009 897 1073 habuit,
946 1025 1116 1077 neque
1144 1010 1197 1062 in
1224 1010 1366 1062 crclis
1404 1017 1656 1063 matrem.
1698 1008 1822 1063 Sine
1865 1024 2045 1078 genea-

465 1100 622 1170 logia.
668 1101 900 1155 Audiant
928 1101 982 1165 ii,
1026 1101 1116 1170 qui
1167 1100 1513 1154 substantiam
1558 1099 1675 1167 ejus
1710 1099 1917 1153 curiose
1951 1114 2041 1152 ex-

462 1190 694 1258 plorant.
724 1192 882 1261 Atqui
924 1190 1074 1256 illud,
1108 1190 1233 1245 Sine
1265 1190 1576 1261 genealogia,
1609 1200 1795 1260 putant
1822 1190 2037 1261 quidam

460 1279 527 1334 de
556 1264 783 1350 superna
811 1282 926 1349 ejus
953 1282 1290 1350 generatione
1314 1281 1510 1335 dictum
1541 1297 1689 1336 esse.

532 1370 718 1425 Contra
744 1372 1028 1426 Anommos.
1061 1370 1289 1426 Christus
1312 1372 1559 1440 quomodo
1593 1374 1698 1427 sine
1725 1374 2034 1443 genealogia.

457 1495 529 1509 ιι-
558 1464 801 1519 llmretici
841 1479 1000 1534 porro
1036 1479 1207 1535 neque
1251 1466 1351 1520 hoc
1395 1466 1613 1531 volunt;
1645 1481 1764 1519 nam
1800 1476 1853 1521 et
1895 1467 2043 1521 illam

460 1555 671 1609 curiose
696 1554 968 1623 inquirunt
989 1569 1052 1609 ac
1089 1564 1419 1623 scrutantur;
1456 1556 1839 1611 moderatiores
1861 1567 2036 1612 autem

458 1662 527 1700 ex
559 1645 694 1710 illis,
725 1646 811 1700 illa
838 1661 1090 1701 concessa
1113 1688 1128 1711 ,
1159 1645 1224 1701 de
1250 1646 1348 1701 hac
1376 1655 1585 1701 terrena
1614 1647 1715 1701 dici
1754 1658 1939 1717 putant
1969 1649 2035 1702 il-

456 1735 569 1803 lud,
600 1735 726 1791 Sine
744 1738 1055 1808 genealogia.
1082 1736 1434 1793 Ostendamus
1453 1753 1579 1807 ergo
1603 1738 1669 1792 de
1695 1748 1920 1807 utraque
1943 1755 2037 1809 ge-

455 1827 729 1881 neratione
760 1827 859 1881 hoc
890 1826 1087 1882 dixisse
1112 1827 1354 1895 Paulum,
1384 1828 1451 1883 de
1474 1844 1698 1897 superna
1727 1845 1915 1898 nempe
1939 1870 1957 1895 ,
1981 1838 2040 1884 et

453 1918 521 1972 de
550 1928 779 1973 terrena.
807 1918 936 1972 Nam
966 1927 1019 1973 et
1048 1919 1135 1972 illa
1165 1919 1439 1974 tremenda
1471 1961 1493 1988 ,
1514 1928 1568 1974 et
1604 1919 1718 1974 haec
1747 1920 2030 1975 admodum

451 2025 642 2063 arcana
690 2020 793 2065 est.
820 2010 1150 2080 Quapropter
1188 2011 1349 2067 Isaias
1374 2013 1447 2067 ait
1472 2033 1486 2066 :
1518 2012 1895 2068 Generationem
1924 2016 2032 2077 eius

451 2101 563 2170 quis
588 2102 838 2154 enorrabit
863 2100 1015 2171 (Isai.
1049 2102 1136 2157 5'5.
1171 2101 1226 2174 8)
1249 2103 1272 2155 ἱ)
1300 2103 1521 2168 Verum,
1555 2104 1761 2173 inquies
1785 2147 1799 2171 ,
1827 2104 1894 2159 de
1922 2121 2029 2159 ca:-

452 2192 570 2246 lesti
600 2192 685 2245 illa
714 2193 821 2263 agit
847 2192 1120 2263 prepheta.
1151 2194 1285 2261 Quid
1311 2210 1436 2265 ergo
1479 2194 1717 2250 dicemus
1738 2197 1802 2250 de
1829 2197 2025 2265 l'aulo,

448 2285 537 2353 qui
582 2296 855 2354 postquam
896 2286 1027 2340 duas
1072 2288 1441 2356 generationes
1482 2299 2029 2355 commemoraverat,

449 2376 575 2431 illud
604 2377 872 2447 subjunxit
894 2396 907 2431 :
932 2378 1057 2433 Sine
1076 2379 1368 2449 genealogia
1384 2380 1411 2433 .9
1433 2379 1502 2435 Ut
1530 2396 1633 2435 non
1658 2382 1817 2436 modo
1840 2396 2027 2437 secun-

446 2466 575 2521 dum
604 2468 745 2521 illam
788 2469 1185 2538 generationem
1208 2508 1224 2535 ,
1256 2484 1358 2538 qna
1387 2471 1503 2525 sine
1544 2479 1712 2525 matre
1751 2482 1863 2526 erat
1889 2512 1901 2533 ,
1931 2472 2026 2528 sed

448 2558 608 2634 etiam
629 2560 917 2614 secundum
947 2560 1085 2614 hanc
1114 2569 1377 2616 terrenam
1398 2602 1415 2628 ,
1437 2578 1537 2632 qua
1561 2564 1677 2618 sine
1697 2575 1847 2634 patre
1871 2574 1984 2619 erat
2007 2607 2023 2631 ,

444 2629 590 2705 illum
619 2652 734 2705 sine
759 2652 1067 2721 genealogia
1091 2666 1209 2707 esse
1237 2653 1487 2708 crederes
1513 2671 1524 2706 :
1550 2654 1670 2709 ideo
1694 2671 1817 2710 cum
1841 2658 2023 2712 ambas

443 2743 742 2812 posuisset,
773 2751 897 2798 tunc
938 2743 1105 2810 dixit,
1134 2743 1259 2798 Sine
1304 2745 1615 2816 genealogia.
1657 2746 1865 2801 Etenim
1911 2748 2024 2804 lucc

443 2841 653 2887 terrena
691 2835 1240 2903 incomprehensibilis
1265 2844 1346 2891 est
1368 2877 1383 2901 ,
1409 2847 1465 2891 ut
1491 2838 1755 2892 cmlestem
1786 2838 1928 2893 illam
1955 2854 2022 2895 ne

440 2926 657 2995 quidem
689 2926 950 2995 inspicere
973 2927 1285 2981 audeamus.
1314 2927 1445 2982 Nam
1474 2930 1519 2982 si
1549 2930 1809 2984 vestibula
1840 2932 2020 2999 templi

440 3017 511 3071 ita
540 3017 810 3073 tremenda
835 3027 889 3072 et
912 3019 1179 3073 inaccessa
1205 3029 1374 3084 erant,
1396 3018 1463 3073 ad
1487 3020 1649 3090 adyta
1673 3021 1791 3091 quis
1817 3023 2025 3093 ingredi

437 3123 600 3163 ausus
624 3110 803 3164 esset?
827 3108 979 3176 Quod
1006 3125 1034 3164 a
1068 3111 1224 3165 Patre
1247 3112 1461 3181 genitus
1486 3112 1555 3167 sit
1581 3116 1722 3180 novi,
1752 3117 2018 3186 quomodo

437 3208 612 3254 autem
646 3201 844 3255 nescio.
875 3200 1025 3268 Quod
1051 3216 1081 3255 a
1108 3202 1311 3272 virgine
1334 3213 1489 3258 natus
1516 3204 1585 3258 sit
1611 3205 1768 3268 novi,
1802 3208 2016 3262 modum

435 3302 612 3347 autem
640 3309 811 3363 neque
836 3293 923 3349 hic
950 3298 1121 3363 capio.
1143 3294 1374 3365 Utraque
1393 3298 1664 3367 generatio
1690 3298 1747 3353 in
1772 3300 2017 3355 confesso

435 3392 535 3445 est,
563 3392 617 3437 et
638 3383 908 3454 utriusque
935 3385 1125 3440 modus
1151 3394 1369 3441 tacetur.
1400 3387 1467 3441 Et
1490 3389 1625 3443 sicut
1650 3389 1737 3444 hic
1758 3390 1825 3444 de
1854 3393 2017 3461 virgi-

434 3488 521 3538 ne,
542 3474 790 3544 ignorans
813 3477 1078 3546 quomodo
1104 3493 1170 3533 ex
1189 3479 1392 3549 virgine
1420 3490 1574 3535 natus
1596 3481 1683 3546 sit,
1706 3482 1879 3551 ipsum
1897 3499 2015 3539 esse

433 3577 612 3622 natum
643 3569 936 3637 conﬁteor,
967 3586 1141 3641 neque
1184 3588 1296 3626 rem
1342 3573 1469 3627 tollo
1515 3583 1729 3642 propter
1767 3576 2014 3645 ignoran-

432 3662 557 3714 tiam
584 3681 595 3715 :
623 3661 693 3715 ita
722 3673 776 3718 et
808 3672 861 3717 tu
890 3662 971 3717 fac
997 3663 1063 3718 dc
1092 3664 1266 3729 Patre,
1289 3665 1388 3719 etsi
1418 3682 1520 3719 non
1553 3667 1764 3720 noveris
1789 3684 2013 3736 quomo-

429 3752 498 3805 do
522 3754 730 3822 genitus
755 3755 823 3809 sit
849 3756 916 3809 ab
941 3771 1006 3810 eo
1028 3755 1211 3817 Filius,
1237 3756 1493 3811 conlitere
1520 3765 1712 3811 tamen.
1743 3758 1797 3814 Si
1821 3760 2014 3815 dixerit

377 3908 390 3921 .
433 3842 526 3897 tibi
558 3842 859 3909 hmreticus,
887 3845 1166 3913 Quomodo
1190 3847 1400 3915 genitus
1425 3856 1507 3902 est
1534 3864 1598 3901 ex
1622 3848 1776 3903 Patre
1803 3849 1843 3903 F
1849 3851 2012 3906 ilius?

431 3934 548 4003 ejus
576 3936 768 3990 fastum
796 3937 851 3990 in
876 3944 1073 3991 terram
1097 3937 1335 4007 deprime
1359 3978 1374 4004 ,
1405 3947 1459 3993 et
1484 3938 1570 3993 die
1597 3940 1670 3993 illi
1696 3960 1709 3995 :
1740 3942 2011 3999 Descende

431 4026 500 4081 de
542 4027 720 4091 caelis,
751 4038 805 4082 et
832 4029 1053 4084 ostende
1092 4030 1356 4096 quomodo
1397 4040 1549 4086 natus
1592 4047 1656 4087 ex
1686 4033 1890 4104 virgine
1914 4078 1928 4101 ,
1957 4043 2013 4091 et

430 4125 557 4170 tunc
594 4117 659 4171 ad
701 4116 786 4171 illa
813 4118 1038 4187 respice.
1072 4119 1257 4174 Detine
1298 4121 1467 4190 ipsum
1493 4161 1506 4185 ,
1539 4131 1592 4177 et
1620 4124 1878 4180 conclude
1899 4167 1915 4192 ,
1943 4141 2011 4181 ne

430 4200 574 4261 sinas
606 4209 830 4273 resilire,
856 4219 911 4263 et
938 4210 989 4264 in
1022 4210 1377 4281 labyrinthum
1405 4213 1802 4270 ratiociniorum
1832 4234 2011 4289 regre-

429 4297 519 4359 di,
546 4299 640 4351 sed
667 4297 846 4353 detiue
883 4308 937 4354 et
963 4299 1161 4356 sull‘oca
1185 4343 1200 4367 ,
1232 4317 1338 4356 non
1365 4318 1524 4359 manu
1547 4345 1562 4369 ,
1594 4306 1689 4361 sed
1727 4309 1908 4363 verbo.
1933 4310 2011 4366 Ne

428 4388 526 4443 des
572 4389 642 4443 illi
680 4389 985 4446 dilationem
1028 4400 1084 4446 ut
1121 4392 1336 4463 effugiat
1375 4410 1481 4463 quo
1523 4397 1668 4451 velit.
1702 4398 1834 4454 llinc
1867 4402 2008 4456 enim

431 4479 711 4534 tumultum
740 4482 970 4535 excitant
991 4482 1127 4538 inter
1144 4482 1540 4553 disputandum,
1568 4490 1689 4557 quia
1718 4505 1814 4543 nos
1834 4494 2008 4560 sequi-

426 4584 546 4624 mur
572 4572 721 4635 illos,
752 4587 924 4642 neque
952 4573 1260 4631 abducimus
1284 4592 1375 4632 eos
1402 4577 1501 4633 sub
1529 4580 1674 4649 leges
1714 4582 2008 4639 divinarum

429 4656 845 4726 Scripturarum.
868 4658 1072 4715 Murum
1099 4663 1200 4732 ipsi
1222 4663 1451 4733 undique
1477 4666 1838 4735 circumpone,
1864 4670 2009 4723 testi-

427 4750 604 4803 monia
623 4749 1029 4820 Scripturarum,
1042 4768 1103 4808 ac
1124 4769 1190 4809 ne
1208 4755 1413 4811 hiscere
1431 4757 1641 4827 quidem
1666 4760 1877 4829 poterit.
1894 4761 2004 4827 Dic,

423 4841 690 4911 quomodo
727 4852 879 4897 natus
907 4852 988 4898 est
1016 4859 1082 4898 ex
1110 4845 1311 4916 virgine
1331 4848 1353 4902 ?
1370 4846 1489 4904 Non
1512 4851 1733 4919 gradum
1774 4866 1965 4908 revoco
1987 4894 2002 4918 ,

425 4948 529 4987 non
552 4934 761 4989 recedo.
788 4934 979 4989 Verum
997 4950 1100 4989 non
1122 4938 1311 5007 poterit
1328 4940 1481 4996 nobis
1501 4942 1712 4997 modum
1731 4958 2003 5013 enarrare,

423 5027 523 5081 etsi
546 5029 843 5084 sexcenties
866 5028 919 5083 id
943 5030 1245 5085 contendat.
1272 5032 1406 5088 Cum
1429 5034 1571 5088 enim
1600 5035 1736 5091 Deus
1765 5036 2006 5093 occluse-

424 5119 513 5177 rit.
534 5120 651 5188 quis
670 5128 853 5189 postea
874 5120 1114 5189 aperiat?
1134 5121 1257 5177 lltnc
1280 5124 1390 5177 sola
1419 5134 1641 5193 possunt
1658 5126 1759 5182 ﬁde
1781 5129 2000 5198 percipi.

424 5208 479 5263 Si
514 5226 667 5279 porro
692 5226 941 5281 nequeas,
963 5211 1056 5266 sed
1077 5212 1346 5267 ratiocinia
1365 5230 1591 5284 quazras,
1615 5216 1666 5271 id
1694 5218 1786 5272 tibi
1806 5218 2000 5285 dicam,

423 5302 562 5370 quod
593 5302 836 5356 Christus
865 5302 1152 5358 Nicodemo
1173 5323 1185 5357 :
1208 5304 1269 5359 Si
1292 5314 1488 5359 terrena
1510 5306 1618 5360 dixi
1644 5309 1798 5374 vobis,
1826 5322 1873 5365 et
1902 5329 2002 5366 non

421 5394 624 5446 creditis
649 5435 663 5459 ,
694 5395 944 5463 quomodo
982 5394 1026 5449 si
1052 5395 1226 5449 dixero
1253 5397 1473 5450 ca'lestt'a
1500 5399 1710 5454 credetis
1736 5399 1913 5469 (Joan.
1942 5403 1996 5457 5.

425 5486 553 5551 li)?
580 5486 652 5538 De
693 5496 809 5539 ortu
838 5503 903 5540 cx
932 5487 1133 5558 virgine
1172 5486 1282 5542 dixi
1307 5530 1322 5554 ,
1351 5497 1405 5544 et
1435 5504 1540 5544 non
1586 5492 1834 5564 intelligis
1855 5536 1869 5560 ,
1901 5510 2001 5554 nec

422 5574 629 5630 hiscere
653 5578 816 5632 audes
839 5619 855 5644 ,
886 5588 939 5633 et
967 5589 1140 5635 tamen
1172 5595 1451 5650 supernam
1481 5585 1873 5652 generationem
1904 5602 2001 5643 cu-

425 5669 567 5721 riose
606 5668 871 5736 exploras.
901 5672 1072 5741 Atque
1107 5672 1307 5728 utinam
1342 5674 1531 5729 czelum
1560 5684 1797 5745 tantum;
1826 5679 1918 5735 sed
1946 5691 2000 5736 tu

424 5752 585 5812 etiam
610 5758 858 5815 canorum
889 5759 1169 5820 Dominum
1197 5766 1404 5824 curiose
1436 5766 1666 5825 rimaris.
1707 5770 1768 5827 Si
1804 5782 2002 5828 (errem

919 339 977 394 S.
1017 336 1208 394 JOAN.
1248 336 1621 394 CllllYSOST.
1664 336 1978 392 ARCIIIEP.
2018 334 2550 393 CONSTANTINOP.
2589 340 2674 395 DE
2713 342 3247 407 MELCIIISEDECO.

3622 359 3729 413 πο

2162 457 2270 512 dixi
2296 459 2430 514 vobis
2449 500 2463 527 ,
2490 471 2536 515 et
2563 478 2662 516 non
2687 464 2905 519 creditis.
2932 465 3045 521 Non
3085 467 3250 536 dixit,
3280 469 3395 527 Non
3437 486 3719 543 persuade.

2156 550 2320 617 mini,
2350 552 2440 606 sed
2466 592 2484 617 ,
2513 551 2636 607 Non
2664 555 2889 623 creditis;
2910 559 3193 614 ostendens
3218 562 3369 617 nobis
3392 602 3407 628 ,
3439 564 3482 617 si
3512 572 3723 623 terrena

2155 641 2258 697 ﬁde
2300 659 2432 713 opus
2458 643 2687 701 habeant
2709 689 2724 713 ,
2747 649 2915 704 multo
2962 651 3129 722 magis
3164 653 3415 709 caelestia.
3457 655 3567 711 Etsi
3596 666 3722 716 tunc

2150 733 2439 791 Nicodemo
2466 736 2533 793 de
2559 750 2710 807 partu
2738 740 3043 810 loqueretur
3073 743 3228 815 longe
3261 746 3501 813 minore;
3526 749 3593 806 de
3620 751 3718 805 bav

2151 825 2395 891 ptismate
2434 842 2664 897 namque
2707 843 2884 884 sermo
2926 840 3071 896 erat,
3119 844 3175 889 et
3212 833 3281 889 de
3322 841 3718 907 regeneratione

2148 915 2403 982 spirituzili
2430 937 2441 971 :
2469 918 2559 972 sed
2592 920 2764 988 palam
2792 932 2874 975 est
2898 937 2957 977 ea
2998 925 3156 979 etiam
3199 926 3304 981 ﬁde
3336 942 3455 982 esse
3482 944 3720 1002 compre—

2149 1004 2444 1062 liensibilia.
2473 1009 2696 1064 Terrena
2720 1022 2895 1068 autem
2926 1015 3014 1072 illa
3041 1018 3275 1084 vocavit,
3306 1035 3411 1074 non
3437 1022 3579 1091 quod
3607 1034 3718 1079 ter-

2146 1112 2273 1151 rena
2302 1114 2426 1154 vere
2450 1100 2554 1154 sint
2573 1142 2588 1167 ,
2617 1103 2710 1157 sed
2749 1104 2885 1173 quod
2916 1106 2969 1159 in
3001 1115 3140 1161 terra
3169 1121 3635 1181 consummentur,
3666 1125 3721 1169 et

2144 1192 2539 1258 comparatione
2565 1193 2706 1247 illius
2730 1194 3027 1264 ineﬁ‘abilis,
3050 1207 3105 1253 et
3131 1214 3347 1256 omnem
3372 1213 3602 1260 mentem
3625 1221 3717 1261 su-

2142 1282 2377 1347 perantis
2401 1285 2757 1351 generationis
2781 1327 2795 1351 ,
2829 1289 2943 1342 haec
2970 1289 3077 1344 sint
3106 1298 3333 1347 terrena.
3368 1292 3424 1349 Si
3453 1311 3581 1367 ergo
3610 1313 3715 1354 non

2142 1379 2317 1440 potest
2343 1374 2558 1444 intelligi
2583 1416 2598 1440 ,
2624 1391 2730 1446 quo
2756 1386 2910 1447 pacto
2938 1395 3003 1434 ex
3027 1383 3183 1451 aquis.
3199 1399 3594 1455 regeneremur,
3623 1391 3723 1445 sed

2141 1462 2251 1516 sola
2280 1462 2381 1518 ﬁde
2407 1464 2459 1519 id
2481 1467 2751 1537 percipere
2775 1479 3035 1538 oporteat,
3068 1488 3239 1543 neque
3263 1476 3480 1532 modum
3505 1481 3717 1537 curiose

2140 1555 2454 1623 explorare:
2479 1567 2685 1627 quanta:
2717 1560 2935 1616 insania:
2963 1562 3122 1619 fuerit
3148 1565 3215 1620 de
3240 1581 3469 1637 superna
3493 1586 3718 1641 genera-

2142 1644 2282 1699 tione
2304 1647 2555 1717 unigeniti
2572 1649 2689 1704 Filii
2712 1650 2938 1707 humana
2957 1655 3483 1728 ratiociniamovere,
3498 1674 3552 1718 et
3571 1666 3726 1721 modi

2137 1740 2495 1806 generationis
2512 1743 2744 1797 rationes
2762 1747 3044 1813 expetere?
3065 1748 3340 1816 Quomodo
3360 1754 3474 1809 sine
3497 1765 3645 1825 patre
3660 1768 3715 1813 et

2138 1831 2254 1884 sine
2284 1842 2449 1886 matre
2477 1833 2567 1887 Dei
2596 1833 2780 1901 Filius,
2799 1844 2855 1892 et
2876 1839 3141 1908 quomodo
3159 1841 3274 1899 sine
3293 1844 3710 1918 genealogiasit,

2136 1926 2266 1978 satis
2291 1924 2712 1982 demonstratum
2740 1939 2840 1984 est.

2206 2016 2257 2070 5.
2290 2015 2392 2072 Sed
2436 2021 2682 2088 quoniam
2730 2021 2881 2077 multi
2930 2038 3039 2079 non
3085 2024 3436 2099 intelligentes
3481 2046 3600 2102 quae
3640 2032 3710 2091 de

2134 2105 2515 2165 Melchisedeco
2535 2113 2727 2181 scripta
2758 2122 2899 2177 sunt,
2923 2115 3102 2184 ipsum.
3120 2118 3275 2171 etiam
3306 2118 3520 2175 Christo
3542 2123 3711 2192 majo-

2132 2215 2245 2254 rem
2274 2216 2391 2255 esse
2418 2202 2683 2269 dixerunt,
2715 2203 3063 2276 haeresimque
3088 2210 3499 2277 constituerunt,
3527 2222 3583 2268 et
3606 2230 3704 2270 vo-

2132 2300 2320 2345 cantur
2355 2293 2793 2351 Melchisedecitte
2824 2296 2899 2370 (a)
2922 2340 2939 2366 ,
2971 2300 3228 2371 nobisque
3255 2305 3619 2374 contendunt,
3650 2316 3705 2363 et

2134 2395 2403 2454 pugnant,
2436 2387 2606 2457 ipsum
2650 2404 2769 2446 esse
2810 2388 3021 2448 Christo
3057 2394 3309 2463 majorem
3333 2437 3348 2463 ,
3372 2398 3502 2454 illud
3536 2399 3715 2455 addu-

2130 2486 2311 2533 centes
2330 2520 2344 2540 .
2376 2478 2451 2533 Tu
2481 2498 2532 2535 es
2555 2484 2785 2536 sacerdos
2822 2485 2875 2538 in
2910 2494 3150 2541 ceternum
3181 2490 3451 2546 secundum
3476 2494 3701 2549 ordinent

2129 2568 2465 2627 Melchisedec
2509 2574 2846 2642 (Psat.109.
2875 2578 2931 2649 4)
2966 2598 2980 2633 :
3021 2579 3124 2636 illis
3166 2596 3375 2653 quoque
3418 2599 3700 2645 occurrere

2128 2672 2359 2728 Oportet.
2392 2664 2579 2719 Dicunt
2603 2668 2743 2721 enim
2773 2683 2786 2721 :
2811 2668 3089 2734 Quomodo
3117 2687 3221 2726 non
3251 2672 3406 2729 fuerit
3431 2675 3520 2731 ille
3542 2677 3697 2736 Cbri-

2126 2761 2211 2806 sto
2252 2754 2421 2822 major
2446 2795 2462 2821 ,
2490 2757 2781 2813 secundum
2830 2761 2982 2830 cujus
3026 2762 3308 2834 imaginem
3355 2775 3410 2821 et
3455 2768 3708 2826 ordinem.

2125 2843 2364 2900 Christus
2386 2848 2734 2905 sacerdotium
2752 2854 3126 2911 exerceti'Nos
3140 2871 3267 2928 ergo
3285 2858 3507 2916 dicimus
3526 2861 3695 2931 ipsum

2126 2935 2393 2993 hominem
2440 2955 2595 3007 esse,
2631 2945 2849 3012 perinde
2893 2957 3051 3018 atque
3094 2964 3192 3005 nos
3229 2952 3559 3021 passionibus
3596 2956 3704 3011 obs

2124 3029 2339 3083 noxium
2361 3072 2375 3092 ,
2406 3047 2503 3087 nec
2530 3035 2788 3104 majorem
2813 3036 3023 3095 Christo
3043 3081 3057 3105 ,
3093 3043 3201 3097 imo
3237 3059 3337 3099 nec
3361 3046 3563 3103 Joanne
3599 3048 3704 3105 Bae-

2123 3121 2311 3190 ptista:
2344 3123 2515 3195 Major
2540 3128 2682 3182 enim
2721 3130 2811 3184 illo
2834 3171 2849 3196 ,
2882 3132 3050 3201 inquit
3083 3132 3327 3191 Christus
3351 3178 3369 3202 ,
3399 3138 3531 3193 inter
3554 3150 3711 3196 natos.

2122 3213 2390 3267 mulierum
2430 3232 2532 3270 non
2570 3220 2788 3273 surrexit
2826 3221 3034 3293 (Matth.
3067 3226 3155 3280 11.
3185 3227 3300 3298 11).
3342 3229 3446 3284 Alii
3487 3246 3695 3288 rursum

2120 3315 2362 3361 errantes
2388 3306 2569 3363 dicunt
2597 3309 2766 3379 ipsum
2790 3328 2910 3369 esse
2934 3314 3187 3385 Spiritum
3210 3332 3451 3376 sanctum
3478 3323 3575 3395 (b);
3603 3325 3695 3380 sed

2120 3394 2223 3450 hoc
2269 3413 2372 3450 non
2412 3399 2640 3455 dicimus
2685 3417 2801 3457 nos.
2836 3403 2971 3461 Nam
3013 3423 3133 3477 qua:
3174 3413 3465 3468 necessitas
3492 3394 3697 3473 fuisset

2120 3485 2349 3543 Verbum
2381 3490 2476 3544 Dei
2515 3492 2776 3549 incarnari
2800 3535 2816 3561 ,
2846 3495 2891 3552 si
2914 3497 3022 3566 jam
3061 3500 3186 3556 olim
3226 3501 3454 3574 Spiritus
3481 3517 3707 3563 sanctus

2119 3578 2278 3635 homo
2306 3581 2476 3636 factus
2506 3582 2732 3639 fuisset?
2758 3587 2889 3652 Quia
2935 3604 3063 3644 vero
3104 3606 3204 3647 nec
3247 3594 3418 3665 major
3441 3596 3654 3654 Christo
3674 3641 3691 3665 ,

2118 3688 2216 3726 nec
2238 3675 2463 3742 Spiritus
2491 3687 2707 3733 sanctus
2735 3690 2856 3748 est,
2883 3681 3061 3737 dicant
3089 3686 3241 3741 nobis
3269 3688 3343 3742 illi
3368 3731 3383 3755 ,
3414 3691 3562 3760 cujus
3587 3692 3690 3748 loci

2118 3765 2291 3835 ipsum
2331 3783 2451 3823 esse
2495 3779 2726 3826 statuant
2751 3790 2764 3826 :
2793 3789 2857 3829 an
2889 3776 3159 3832 caelestis?
3186 3795 3254 3834 an
3294 3770 3599 3840 terrestris?
3622 3801 3689 3841 an

2115 3858 2490 3914 subterranei?
2518 3860 2572 3916 Si
2601 3878 2727 3932 ergo
2749 3864 2929 3921 dicant
2955 3867 3393 3927 Melchisedecum
3425 3875 3505 3930 vel
3525 3890 3557 3930 e
3580 3890 3688 3931 cae-

2117 3949 2329 4005 lestium
2375 3968 2635 4022 numero,
2665 3956 2749 4011 vel
2794 3958 2929 4014 alius
2966 3962 3343 4034 cujuscumque
3384 3966 3483 4020 loci
3528 3982 3697 4035 esse,.

2114 4040 2331 4096 audiant
2369 4041 2515 4098 illum
2559 4060 2695 4115 genu
2733 4046 2950 4111 ﬂectere
2985 4052 3345 4130 Christo,qui
3384 4056 3693 4115 incarnatus

2115 4141 2196 4186 est
2223 4148 2288 4188 ex
2331 4134 2550 4205 Deipara
2590 4138 2772 4193 Maria.
2799 4141 2887 4197 Ait
2912 4143 3052 4198 enim
3068 4145 3343 4213 Apostolus
3363 4165 3377 4200 :
3400 4146 3515 4217 Ipsi
3540 4165 3687 4205 omne

2114 4240 2241 4293 genu
2272 4228 2513 4294 ﬂectetur,
2529 4237 2631 4283 etc.
2662 4230 2916 4305 (Philipp.
2942 4234 2997 4288 2.
3022 4235 3129 4305 10).
3155 4236 3209 4291 Si
3238 4250 3397 4292 omne
3426 4254 3563 4310 genu
3592 4239 3688 4296 ﬂe-

2114 4318 2292 4384 ctitur,
2328 4334 2457 4376 sane
2482 4321 2835 4380 Melchisedec
2862 4326 3069 4381 Christo
3098 4328 3272 4383 minor
3292 4328 3470 4397 fuerit,
3497 4332 3685 4388 adorat

2114 4410 2253 4463 enim
2285 4410 2573 4467 Christum.
2603 4415 2657 4469 Si
2686 4415 2922 4472 infelices
2949 4417 3024 4471 illi
3051 4433 3114 4474 ac
3142 4420 3319 4475 miseri
3353 4437 3417 4476 ea
3445 4439 3561 4493 quas
3594 4439 3694 4479 se-~

2112 4509 2345 4567 quuntur
2363 4504 2726 4571 considerent;
2748 4522 2869 4561 nam
2896 4508 3181 4579 subjungit,
3204 4511 3522 4567 Assimitatus
3547 4512 3698 4569 Filio.

2112 4591 2207 4645 Dei
2232 4592 2411 4662 (Hebr.
2435 4596 2485 4650 7.
2512 4598 2567 4667 5)
2592 4616 2603 4650 :
2629 4598 2701 4653 ita
2726 4600 3123 4670 intelligendum
3142 4606 3244 4667 est,
3272 4604 3441 4672 ipsum
3467 4620 3683 4675 nempe,

2110 4684 2332 4753 perinde
2358 4697 2516 4756 atque
2544 4704 2661 4755 nos,
2679 4690 2745 4744 ad
2777 4692 3057 4762 imaginem
3085 4703 3137 4748 et
3160 4693 3559 4750 similitudinem
3591 4697 3683 4752 Dei

2110 4774 2307 4830 factum
2336 4778 2515 4833 fuisse.
2543 4779 2710 4835 Judaei
2754 4796 2914 4851 porro
2937 4784 3119 4838 dicunt
3154 4785 3323 4856 ipsum
3352 4801 3417 4840 ex
3460 4788 3684 4842 fornica-

2110 4866 2256 4922 tione
2284 4879 2463 4924 natum
2494 4886 2612 4926 esse
2653 4872 2724 4944 (c)
2750 4916 2766 4942 ,
2796 4875 3021 4946 ideoque
3050 4879 3164 4933 sine
3186 4880 3488 4950 genealogia
3520 4896 3637 4936 esse
3667 4898 3681 4947 ;
3740 4940 3743 4945 ,

2109 4960 2300 5027 quibus
2325 4977 2422 5016 nos
2449 4962 2687 5019 dicemus
2710 5007 2724 5029 ,
2755 4966 2894 5036 quod
2930 4968 3028 5038 ipsi
3059 4984 3336 5040 perperam
3379 4973 3680 5042 loquantur.

2111 5051 2317 5107 Etenim
2340 5053 2658 5123 Salomonis,
2686 5059 2776 5128 qui
2801 5075 2871 5113 ex
2900 5060 3139 5117 adultera
3170 5063 3310 5119 Uria:
3338 5080 3504 5119 uxore
3528 5076 3683 5121 natus

2173 5165 2245 5227 (a)
2278 5166 2784 5239 D_e_1ttelchisedecitis,
2809 5184 2932 5232 quos
2947 5182 3283 5239 stolis-satam;
3307 5184 3446 5226 vocat
3484 5177 3681 5239 Epipha-

2107 5228 2234 5300 nius,
2280 5228 2392 5278 vide
2430 5232 2571 5300 apud_
2599 5228 2973 5300 ipsum'ttﬁeresi
3017 5228 3096 5292 35,
3128 5228 3310 5300 at.53.
3346 5252 3394 5300 p.
3429 5228 3531 5288 168³
3561 5228 3677 5287 odit.

2108 5296 2290 5357 tjetav.,
2315 5304 2424 5353 quae
2447 5293 2639 5341 omnino
2656 5307 2763 5357 cum
2788 5294 2867 5357 his
2884 5305 3174 5357 consonant;
3190 5299 3253 5347 de
3276 5293 3362 5350 illo
3373 5302 3518 5349 etiam
3529 5300 3679 5349 Theo-

2107 5350 2580 5425 domtus—thumum
2614 5356 2772 5404 Fabul.
2814 5356 2845 5404 ι.
2883 5358 2955 5417 ll,
2997 5372 3039 5405 c.
3063 5362 3113 5418 t5,
3145 5350 3277 5409 J'oan.
3323 5369 3529 5410 ttamasc.
3578 5368 3680 5417 Hae-

2381 5475 2574 5546 dicebat
2606 5478 3005 5546 Melchisedecum
3050 5494 3162 5532 esse
3201 5485 3420 5546 spiritum
3464 5492 3689 5534 sanctum.

2110 5537 2428 5644 erahtzlierax,
2457 5545 2586 5588 teste
2609 5541 2862 5603 Epiphanio
2898 5543 2948 5591 in
2985 5551 3107 5592 ttaer.
3143 5537 3677 5595 Melchisedecianorum

2110 5610 2155 5644 o.
2277 5636 2286 5644 .

2108 5610 2155 5659 p.
2180 5610 2286 5645 412.

2125 5720 2138 5728 _
2173 5658 2243 5720 (ε)
2272 5658 2410 5728 Quod
2424 5673 2536 5728 mox
2560 5661 2751 5728 dicitur,
2785 5677 2965 5728 nempe
2997 5666 3401 5728 Judteosdixisse
3423 5667 3681 5717 Melchise-

2108 5720 2282 5793 decum
2302 5733 2364 5793 est
2386 5720 2702 5793 fornicatione
2738 5720 3091 5793 natunffuisse,
3126 5727 3283 5793 refert
3303 5733 3447 5782 etiam
3475 5730 3676 5793 Epipba.

2112 5784 2221 5833 nius
2241 5784 2290 5835 in
2314 5784 2493 5834 tttcrcsi
2514 5783 3046 5840 Melchisedecianorum
3064 5783 3112 5853 ι).
3139 5791 3243 5840 473.
