4054 6320
238 386 347 441 εει)

232 504 509 572 εἰρήνης,
556 499 831 569 ἀπάτωρ,
876 502 1144 571 ἀμήτωρ,
1203 499 1694 570 ἀγενεαλόγητος,
1736 494 1889 566 μήτε

236 586 437 655 ἀρχὴν
465 585 700 654 mtng
720 587 894 655 ἔχων,
921 586 1072 654 μήτε
1092 585 1266 655 τέλος
1304 582 1471 655 ζωῆς,
1514 578 1889 655 ἀφωμοιωμέ-

239 650 352 723 νοξ
375 656 443 709 δὲ
470 650 549 721 τῷ
575 650 695 720 Υιῷ
718 650 823 709 τοῦ
858 650 1027 720 Θεοῦ,
1063 654 1230 723 μένει
1268 654 1460 720 ἱερεὺς
1488 655 1576 718 εὶς
1604 652 1668 703 τὸ
1694 650 1891 714 διηνε-

237 744 362 809 κές.
391 738 515 811 'Ap’
539 744 600 795 οὐ
631 742 919 808 κατέξανεν
944 743 1095 813 ὐμῶν
1109 741 1207 805 τὰς
1235 741 1424 803 ἀκοὰς,
1449 739 1577 809 περί
1605 737 1891 809 ἀνθρώπου

242 831 619 901 διαλεγόμενος
646 833 738 885 καὶ
759 831 950 899 λέγων,
995 829 1267 896 Ἆπὰτωρ,
1290 827 1547 897 ἀμήτωρ,
1572 827 1892 895 ἀγενεαλό-

244 936 456 988 mtoc;
492 920 598 973 Καὶ
622 920 674 973 τί
700 919 841 987 λέγω
880 918 1011 988 περὶ
1050 916 1369 986 ἀνθρώπους
1398 917 1459 967 Εἰ
1502 915 1611 985 γὰρ
1645 913 1770 982 περὶ
1800 911 1894 965 τοῦ

248 1006 374 1059 Υίοῦ
404 1008 613 1076 λέγοιτο
644 1008 823 1070 τοῦτο,
870 1008 967 1060 οὐκ
991 1006 1057 1059 ἂν
1084 1005 1281 1075 πολλὴν
1322 1004 1411 1057 καί
1436 1002 1604 1065 οὕτως
1640 1000 1895 1070 παράσχῃ

249 1094 502 1165 ζήτησιν;
533 1098 593 1150 Εἰ
618 1096 723 1168 γάρ
744 1096 991 1164 ἀπάτωρ,
1012 1094 1129 1158 πῶς
1156 1095 1311 1157 Υἰόςς
1344 1094 1478 1147 Είδὲ
1502 1094 1753 1162 ἀμήτωρ,
1781 1092 1897 1153 πῶς

247 1182 586 1250 Μονογενήςς
629 1186 686 1236 Ὀ
708 1184 814 1255 γὰρ
842 1183 954 1246 υίὸς
991 1182 1193 1252 ὀφείλει
1214 1182 1427 1253 πατέρα
1456 1180 1620 1250 ἔχειν,
1650 1180 1771 1232 ἐπεὶ
1798 1180 1898 1233 οὐκ

253 1271 308 1322 ἂν
334 1270 424 1340 εἴη
453 1271 587 1334 υίός.
636 1271 795 1323 Ἀλλά
832 1271 925 1324 καὶ
953 1271 1181 1340 ἀπάτωρ
1210 1270 1355 1323 ἐστὶν
1385 1271 1412 1321 0
1453 1268 1580 1329 Υἱὸς
1618 1266 1712 1320 τοῦ
1740 1264 1894 1330 Θεοῦ,

252 1358 333 1411 καὶ
369 1359 603 1429 ἀμήτωρ
623 1375 637 1388 ·
678 1358 905 1428 ἀπάτωρ
931 1358 1029 1426 τὴν
1066 1356 1217 1409 κάτω
1242 1356 1512 1426 γέννησιν,
1544 1355 1774 1424 ἀμήτωρ
1800 1352 1899 1423 τὴν

251 1447 372 1500 ἄνω.
406 1446 543 1500 οὐτε
570 1446 679 1518 γάρ
705 1447 796 1500 ἐπὶ
824 1446 927 1514 γῆς
952 1445 1107 1514 ἔσχεν
1144 1444 1371 1515 πατέρα,
1403 1444 1525 1496 οὔτε
1558 1445 1614 1495 ἐν
1654 1443 1899 1513 οὐρανοῖς

255 1533 478 1604 μητέρα.
528 1534 1043 1603 Ἀγενεαλόγητος.
1089 1531 1456 1584 Ἀκουέτωσαν
1487 1532 1533 1584 οἰ
1575 1531 1674 1601 τὴν
1713 1530 1898 1583 οὐσίαν

253 1620 413 1673 αὐτοῦ
447 1618 1041 1691 πολυπραγμονοῦντες.
1078 1619 1269 1672 Καίτοι
1298 1619 1440 1682 τινὲς
1484 1617 1793 1688 νομίζουσιν
1818 1618 1898 1670 ὅτι

254 1706 308 1760 τδ
342 1708 825 1776 Ἀγενεαλότητος
854 1707 1030 1771 τοῦτο,
1058 1706 1300 1777 περὶτῆς
1336 1705 1448 1759 άνω
1480 1706 1785 1776 γεννήσεως
1822 1703 1900 1756 εί-

256 1812 431 1867 ρηται.

320 1885 375 1936 Οί
413 1883 514 1953 μὲν
541 1881 650 1955 γὰρ
680 1882 945 1954 αἰρετικοὶ
972 1882 1095 1937 οὐτε
1128 1882 1285 1936 τοῦτο
1318 1880 1595 1952 βούλονται
1618 1897 1632 1911 ο
1668 1880 1766 1933 καὶ
1794 1878 1900 1949 γὰρ

258 1970 341 2021 καὶ
375 1969 595 2039 ἐκείνην
638 1969 1150 2042 πολυπραγμονοῦσι
1194 1968 1288 2023 καί
1316 1968 1770 2040 περιεργάζονται
1799 1985 1811 1995 ·
1851 1966 1900 2018 οἰ

261 2054 311 2107 δέ
327 2057 711 2126 ἐπιεικέστεροι
738 2058 939 2110 τούτων
967 2056 1181 2124 ἐκείνην
1214 2056 1312 2125 μὲν
1333 2054 1743 2127 παραχωροῦσι,
1774 2052 1900 2121 περί

261 2141 525 2213 δὲταύτης
556 2144 704 2198 κάτω
746 2144 1055 2214 νομίζουσιν
1082 2143 1328 2213 εἰρῆσθαι
1356 2144 1433 2205 τὸ,
1479 2141 1899 2211 ’Λγενεαλόγη-

264 2246 371 2295 τος.
409 2230 681 2301 Δείξωμεν
722 2227 813 2283 οὖν
858 2231 939 2283 ὅτι
989 2231 1113 2300 περὶ
1143 2228 1409 2299 ἑκατέρας
1456 2231 1555 2298 τῆς
1599 2229 1902 2296 γεννήσεως

267 2320 405 2373 τοῦτο
453 2320 665 2383 Παῦλος
708 2317 849 2381 εἷπε,
898 2319 991 2373 καὶ
1020 2319 1148 2389 περί
1179 2318 1280 2386 τῆς
1308 2316 1457 2388 [268]
1482 2318 1612 2379 ἄνω,
1650 2316 1743 2369 καὶ
1775 2317 1902 2387 περὶ

266 2406 355 2476 τῆς
380 2409 546 2463 κάτω.
584 2410 694 2461 Καὶ
722 2408 829 2478 γὰρ
878 2407 1103 2472 κάκείνη
1145 2406 1367 2476 φρικτὴ.
1400 2407 1493 2459 καὶ
1522 2404 1658 2475 αὐτη
1707 2420 1900 2474 μυστι-

268 2495 484 2567 ιιωτάτη.
520 2495 621 2548 Διά
637 2495 797 2547 τοῦτο
819 2496 916 2548 καὶ
944 2494 1175 2556 Ἦσαῖας
1200 2492 1363 2562 φησίν
1379 2507 1396 2522 ·
1431 2491 1551 2561 Τὴν
1566 2492 1779 2560 γενεὰν
1796 2491 1902 2543 αὐ-

265 2582 361 2636 τοῦ
388 2584 475 2649 τίς
504 2582 884 2652 tua-Macran
921 2580 1080 2634 Ἀλλά
1106 2580 1234 2651 περὶ
1265 2579 1499 2648 ἐκείνης,
1535 2580 1719 2649 φησὶν,
1749 2574 1901 2631 εἶπεν

263 2666 355 2738 τῆς
381 2670 504 2724 ἀνω.
539 2670 603 2724 Τί
636 2666 731 2724 οὖν
757 2668 989 2741 ἐροῦμεν
1023 2667 1100 2738 τῷ
1130 2666 1327 2737 Παύλῳ
1359 2666 1669 2737 ἀμφοτέρας
1699 2666 1902 2719 είπόντι

261 2753 353 2817 τὰς
370 2758 666 2827 γεννήσεις,
688 2758 779 2811 καὶ
793 2757 913 2809 τότε
925 2755 1252 2824 ἐπαγαγόντι
1272 2754 1353 2817 τὸ,
1378 2754 1864 2823 Ἀγενεαλόγητος
1885 2771 1900 2819 ;

264 2841 375 2897 Ἵνα
404 2845 478 2915 μὴ
512 2846 665 2916 μόνον
697 2846 816 2898 κατ’
845 2844 1058 2912 ἐκείνην
1083 2842 1179 2913 τὴν
1206 2841 1477 2911 γέννησιν,
1514 2840 1635 2893 καθ’
1661 2842 1726 2911 ήν
1754 2841 1902 2910 ἀμή-

258 2945 370 2998 τωρ
392 2933 550 2999 ἐστὶν,
573 2933 710 2985 ἀλλά
738 2933 831 2985 καὶ
858 2931 998 2985 κατά
1026 2929 1247 3000 ταύτην,
1272 2928 1391 2983 καθ’
1413 2928 1479 2999 ἢν
1508 2929 1737 2999 ἀπάτωρ
1766 2928 1899 2992 ἐστὶ,

258 3019 360 3089 τὴν
414 3020 554 3073 κάτω
594 3021 755 3090 λέγω.
788 3019 1217 3090 ἀγενεαλόγητον
1266 3013 1405 3071 εἶναι
1438 3018 1767 3090 πιστεύσῃς·
1816 3016 1904 3070 διά

261 3105 422 3159 τοῦτο
451 3109 715 3181 ἀμφότερα
740 3110 870 3173 θεὶς,
896 3108 1017 3161 τότε
1042 3101 1215 3171 εἶπεν,
1255 3105 1759 3175 Ἁτενεαλόγητος.
1793 3104 1905 3156 Καὶ

260 3193 375 3263 γὰρ
403 3195 498 3247 καὶ
537 3196 667 3269 αὕτη
688 3200 721 3268 ή
766 3197 916 3249 κάτω
948 3195 1349 3264 ἀκατάληπτος.
1403 3194 1487 3247 ἵνα
1527 3192 1661 3264 πρὸς
1692 3191 1905 3260 ἐκείνην

263 3282 401 3353 μηδὲ
431 3285 736 3354 παρακύψαι
775 3284 1151 3354 τολμήσωμεν.
1192 3283 1255 3336 Εἰ
1280 3282 1386 3353 γάρ
1418 3281 1486 3335 τὰ
1519 3280 1783 3351 προαύλια
1808 3278 1904 3331 τοῦ

256 3370 391 3424 ναοῦ
415 3371 553 3423 οὕτω
574 3373 770 3442 φοϐερά
800 3374 888 3424 καὶ
919 3372 1204 3441 ἀπρόσιτα,
1239 3370 1372 3439 πρὸς
1401 3369 1468 3422 τά
1498 3369 1662 3422 ἄδυτα
1688 3369 1768 3431 τίς
1797 3369 1905 3419 εἰσ-

253 3456 436 3510 ελθεῖν
498 3460 862 3529 ἐπιχειρήσεις
905 3461 1020 3511 Ὅτι
1064 3459 1324 3528 ἐγεννήθη
1369 3460 1517 3527 παρὰ
1555 3456 1648 3509 τοῦ
1697 3456 1907 3525 Πατρὸς

246 3542 391 3610 οἶδα,
423 3546 485 3598 τὸ
502 3546 557 3599 δέ
586 3547 721 3611 πῶς,
748 3547 844 3599 οὐκ
862 3542 988 3600 οἶδα.
1009 3547 1131 3599 Ὀτι
1154 3545 1347 3615 ἐτέχθη
1375 3544 1479 3597 ὐπὸ
1501 3544 1600 3613 τῆς
1625 3542 1905 3613 Παρθένου

247 3633 593 3702 ἐπίσταμαι,
632 3634 721 3687 τὸν
756 3633 810 3687 δέ
850 3633 1043 3704 τρόπον
1074 3632 1193 3685 οὐδὲ
1225 3631 1457 3685 ἐνταῦθα
1486 3630 1905 3699 καταλαμϐάνω.

259 3721 545 3790 Ἐκατέρα
580 3722 736 3793 γάρὴ
768 3722 1013 3791 γέννησις
1054 3720 1419 3791 ὡμολόγηται,
1452 3720 1544 3771 καὶ
1581 3718 1842 3787 ἑκατέρας
1878 3718 1907 3769 ό

240 3808 449 3882 τρόπος
478 3808 777 3880 σεσίγηται.
808 3810 916 3862 Καὶ
947 3811 1081 3878 ὅπερ
1105 3808 1336 3860 ἐνταῦθα
1362 3807 1451 3859 ἐπὶ
1482 3805 1578 3875 τῆς
1611 3804 1905 3876 Παρθένου,

242 3901 344 3953 οὐκ
375 3897 547 3963 εἰδὼς
584 3898 694 3963 πῶς
720 3900 782 3951 ἐκ
810 3898 910 3967 τῆς
944 3896 1215 3967 παρθένου
1245 3893 1531 3964 ἐγεννήθη,
1560 3892 1804 3963 ὁμόλογῶ
1826 3894 1907 3946 ὅτι

236 3985 530 4057 ἐγεννήθη.
567 3987 659 4039 καί
685 3987 784 4039 οὐκ
813 3983 1023 4054 ἀναιρῶ
1064 3982 1124 4035 τὸ
1157 3983 1385 4051 πρᾶγμα
1413 3980 1500 4034 διὰ
1529 3980 1624 4050 τήν
1656 3980 1905 4047 ἀγνοιανο

236 4073 380 4128 οὕτω
420 4073 521 4127 καὶ
561 4076 627 4127 σὺ
660 4073 885 4143 ποίησον
913 4072 1007 4124 ἐπὶ
1035 4069 1127 4125 τοῦ
1165 4071 1394 4140 Πατρός,
1436 4071 1483 4121 εἰ
1516 4070 1609 4120 καὶ
1633 4068 1731 4121 οὐκ
1762 4063 1908 4132 οἶδας

234 4162 353 4225 πῶς
378 4160 683 4233 ἐγεννήθη,
718 4161 1070 4231 ὁμολόγησον.
1104 4158 1223 4211 Κάν
1256 4159 1383 4229 εἴπῃ
1409 4174 1488 4210 σοι
1526 4157 1555 4208 0
1598 4157 1870 4227 αἰρετικός
1892 4174 1905 4189 ο

230 4246 360 4310 Πῶς
381 4249 661 4321 ἐγεννήθη
695 4250 758 4301 ὲκ
787 4247 880 4300 τοῦ
902 4246 1112 4317 Πατρός
1137 4248 1165 4299 0
1190 4246 1316 4308 Υἰός
1341 4262 1354 4309 ;
1376 4245 1726 4299 κατάσπασον
1745 4244 1908 4298 αὐτοῦ

228 4340 289 4392 10
314 4340 599 4411 φρύαγμα
619 4339 705 4400 εἰς
729 4337 829 4407 τὴν
850 4340 974 4407 γῆν,
1003 4337 1097 4389 καί
1118 4334 1238 4388 εἰπὲ
1259 4333 1397 4406 πρὸς
1421 4333 1580 4387 αὐτόν
1596 4349 1608 4362 ·
1629 4333 1909 4403 Κατάόηθι

232 4426 297 4478 ἐκ
318 4426 433 4479 τῶν
460 4424 747 4497 οὐρανῶν,
776 4424 870 4475 καὶ
884 4422 1051 4488 δεῖξον
1077 4420 1192 4483 πῶς
1217 4420 1476 4490 ἐγεννήθη
1499 4421 1563 4472 ἐκ
1580 4422 1677 4490 τῆς
1697 4419 1906 4491 Παρθέ-

226 4529 336 4579 νου,
373 4516 474 4569 καὶ
506 4516 642 4567 τότε
683 4512 866 4564 ἐκεῖνα
894 4512 1012 4581 ὅρα.
1056 4510 1308 4579 Κάτασχε
1341 4510 1502 4560 αὐτὸν
1535 4509 1626 4560 καὶ
1656 4511 1910 4579 περίστη-

228 4619 337 4665 σον,
372 4605 453 4675 μὴ
479 4604 641 4673 ἀφῇς
675 4600 1047 4669 ἀποπηδῆσαι,
1078 4598 1209 4668 μηδὲ
1235 4598 1581 4667 ἀναχωρῆσαι
1612 4598 1689 4659 εἰς
1704 4597 1794 4649 τὸν
1819 4596 1910 4649 λα-

225 4692 484 4765 ϐύρινθον
532 4691 658 4745 τῶν
690 4687 988 4757 λογισμῶν,
1022 4687 1155 4741 ἀλλὰ
1183 4688 1419 4755 κάτασχε
1468 4686 1561 4738 καὶ
1594 4684 1908 4751 άπόπνιξον,

227 4782 300 4851 μὴ
335 4784 400 4852 τῇ
432 4780 616 4851 χειρὶ,
657 4774 803 4831 ἀλλά
831 4774 910 4845 τῷ
949 4776 1170 4843 ῥήματι.
1202 4774 1292 4845 Μὴ
1326 4773 1502 4845 δώσῃς
1530 4772 1674 4842 αὐτῷ
1702 4772 1910 4826 διαστο-

221 4866 339 4941 λὴν,
394 4870 495 4922 καὶ
526 4866 789 4936 διαφύγῃ
819 4862 894 4925 ὼς
939 4861 1202 4930 βρύλεται.
1253 4860 1490 4913 Ἐκεῖθεν
1529 4862 1636 4930 γάρ
1688 4859 1947 4935 θόρυὸονν

221 4956 525 5027 ἐμποιοῦσι
562 4958 687 5018 τοῖς
724 4950 1145 5019 διαλεγομένοις,
1170 4948 1352 5019 ἐπειδὴ
1380 4950 1537 5018 ἡμεῖς
1570 4949 1748 5012 αὐτοῖς
1786 4951 1915 5003 ἀκο-

220 5044 554 5114 λουθοῦμεν,
606 5041 719 5096 καὶ
767 5039 864 5090 οὐκ
916 5038 1196 5107 άπάγομεν
1244 5036 1348 5088 ὑπὸ
1384 5038 1509 5098 τούς
1557 5037 1753 5105 νόμους
1805 5036 1914 5090 τῶν

1623 381 1706 436 DE
1734 378 2279 437 MELCHISEDECO.

3537 363 3646 422 τίῦο

1997 493 2105 547 ἐὰν
2133 493 2205 547 τὰ
2222 489 2545 559 ἐπουράνια
2574 490 2739 555 εἴπω,
2762 489 3107 552 πιστεύετε;
3128 486 3266 558 Περί
3290 484 3388 556 τῆς
3416 485 3480 538 ἐκ
3497 485 3647 554 Παρ-

2000 580 2153 635 θένου
2182 582 2484 649 γεννήσεως
2503 574 2677 640 εἷπον,
2697 578 2790 631 καὶ
2814 578 2913 629 οὐκ
2929 573 3092 640 οἶδας.
3113 575 3231 628 οὐδέ
3250 574 3407 644 χᾶναι
3422 572 3650 647 τολμᾷς,

1996 670 2092 723 καὶ
2116 668 2215 739 τήν
2238 669 2488 739 οὐράνιον
2512 663 2879 737 περιεργάξῃς
2912 666 3021 716 Καὶ
3041 663 3151 717 εἴθε
3184 662 3283 733 μὲν
3307 662 3396 714 τὸν
3422 661 3481 713 οὐ
3492 660 3649 730 ρανὸν

1998 755 2176 825 μόνον,
2210 753 2345 807 ἀλλὰ
2383 753 2475 806 καί
2507 753 2598 804 τὸν
2624 752 2899 821 Δεσπότην
2932 750 3039 802 τῶν
3082 748 3325 818 οὐρανῶν
3367 747 3650 817 πολυπρα-

1993 843 2232 912 γμονεῖς.
2270 842 2337 892 Εἰ
2366 841 2434 894 τὰ
2459 840 2687 906 ἐπίγεια
2714 834 2886 891 εἷπον
2915 836 3076 905 ὑμῖν,
3098 836 3195 889 καὶ
3217 838 3288 889 οὺ
3314 836 3644 889 πιστεύετε.

1994 929 2111 984 Οὐκ
2148 924 2319 993 εἶπεν,
2351 929 2412 980 οὐ
2461 926 2733 990 πείθεσθε,
2779 925 2893 979 ἀλλ’
2932 926 3015 978 Οὐ
3058 926 3367 978 πιστεύετε
3389 940 3401 953 ·
3435 922 3649 983 δεικνὺς

1994 1018 2146 1085 ἡμῖν,
2179 1015 2258 1067 ὅτι
2284 1016 2332 1067 εἰ
2364 1014 2456 1066 καὶ
2483 1013 2553 1065 τὰ
2576 1012 2792 1081 ἐπίγεια
2824 1012 3057 1074 πίστεως
3084 1010 3271 1071 δεῖται,
3302 1009 3479 1078 πολλῷ
3512 1009 3650 1079 μάλ-

1996 1102 2084 1154 λον
2111 1103 2176 1154 τά
2197 1103 2441 1173 οὐράνια.
2473 1101 2665 1154 Καίτοι
2697 1101 2817 1153 τότε
2846 1099 2923 1169 τῷ
2957 1099 3252 1168 Νικοδήμῳ
3279 1098 3406 1168 περὶ
3431 1094 3650 1150 τοκετοῦ

1996 1189 2263 1257 διελέγετο
2289 1189 2423 1243 πολὺ
2451 1189 2733 1250 ἐλάττονος
2752 1201 2765 1215 ·
2795 1187 2922 1257 περὶ
2960 1186 3052 1239 τοῦ
3079 1185 3453 1255 βαπτίσματος
3489 1184 3597 1255 γὰρ
3623 1185 3653 1236 0

1998 1276 2151 1344 λόγος
2176 1272 2263 1346 ἦν,
2286 1277 2378 1329 καὶ
2406 1278 2501 1346 τῆς
2529 1275 2937 1343 ἀναγεννήσεως
2963 1273 3061 1341 τῆς
3081 1272 3453 1341 πνευματικῆς
3473 1288 3484 1300 ι
3518 1269 3653 1323 ἀλλά

1994 1363 2152 1433 δῆλον
2190 1364 2270 1415 ὅτι
2300 1363 2592 1417 καὶταῦτα
2636 1360 2814 1414 πίστει
2854 1360 2971 1412 ἐστὶ
3001 1358 3342 1429 καταληπτά.
3405 1357 3651 1422 Ἐπίγεια

1998 1450 2055 1504 δέ
2090 1450 2230 1504 αὐτὰ
2255 1450 2533 1514 ἐκάλεσεν,
2563 1450 2662 1501 οὐκ
2694 1447 2880 1512 ἐπειδὴ
2909 1446 3124 1514 ἐπίγειά
3147 1447 3320 1507 ἐστιν,
3351 1444 3465 1497 ἀλλ’
3502 1444 3649 1516 [ἰϐθ]

1999 1539 2185 1609 ἐπειδὴ
2209 1540 2267 1591 ἐν
2288 1542 2353 1609 τῇ
2386 1542 2454 1609 γῇ
2484 1537 2846 1602 τελεῖται,καὶ
2877 1538 2941 1606 τῇ
2974 1535 3258 1606 συγκρίσει
3283 1535 3379 1603 τῆς
3401 1534 3511 1588 ἀνω
3533 1551 3656 1601 γεν-

1999 1628 2209 1697 νήσεως
2237 1628 2333 1695 τῆς
2364 1628 2675 1699 ἀπορρήτου
2710 1625 2802 1679 καὶ
2827 1623 3003 1677 πάντα
3034 1622 3465 1693 ὐπερὸαινούσης
3508 1621 3652 1685 νοῦν,

2000 1715 2218 1782 ἐπίγεια
2259 1713 2432 1767 ταῦτά
2469 1715 2635 1765 ἐστιν.
2674 1713 2736 1765 Εἰ
2766 1712 2945 1765 τοίνυν
2974 1710 3091 1772 πῶς
3123 1707 3542 1778 ἀναγεννώμεθα
3592 1711 3658 1761 ἐκ

1999 1800 2106 1853 τῶν
2132 1801 2337 1854 ὑδάτων
2367 1802 2426 1854 οὐ
2453 1799 2676 1853 δυνατὸν
2703 1799 2919 1861 εἰδέναι,
2948 1797 3083 1851 ἀλλὰ
3115 1797 3295 1850 πίστει
3321 1796 3454 1867 μόνῃ
3484 1812 3657 1865 παρα-

1999 1889 2248 1959 δέχεσθαι
2280 1889 2385 1961 χρὴ
2414 1891 2473 1943 τὸ
2490 1891 2789 1960 γινόμενον,
2816 1889 3019 1942 καὶτὸν
3048 1888 3247 1957 τρόπον
3273 1886 3346 1957 μή
3368 1884 3660 1956 ’περιεργά⁴

2002 1976 2219 2039 ζεσθαι’
2257 1978 2431 2046 πόσης
2466 1976 2531 2031 ἂν
2582 1977 2669 2047 εἴη
2708 1976 2903 2047 μανίας
2936 1976 3028 2028 ἐπὶ
3065 1976 3163 2045 τῆς
3212 1972 3323 2027 ἄνω
3358 1975 3660 2043 γεννήσεως

2001 2063 2094 2115 τοῦ
2129 2061 2445 2133 μονογενοῦς
2474 2063 2605 2116 Υἰοῦ
2637 2063 2927 2133 λογισμοὺς
2954 2061 3320 2131 ἀνθρωπίνους
3348 2062 3535 2124 κινεῖν,
3566 2062 3660 2113 καὶ

2002 2150 2203 2220 τρόπου
2237 2151 2543 2220 γεννήσεως
2576 2149 2803 2212 εὐθύνας
2838 2152 3119 2212 άπαιτεῖν;
3156 2147 3279 2210 Πῶς
3310 2147 3534 2217 ἀπάτωρ
3564 2148 3659 2200 καὶ

2002 2238 2233 2306 ἀμήτωρ
2261 2240 2287 2290 0
2316 2238 2444 2300 Υἱὸς
2464 2237 2556 2289 τοῦ
2583 2236 2738 2304 Θεοῦ,
2775 2236 2969 2300 ἱκανῶς
2994 2235 3385 2298 ἀποδέδεικται,
3417 2234 3511 2288 καὶ
3541 2234 3660 2299 πῶς

2002 2324 2447 2393 ἀγενεαλόγητος.

2070 2417 2140 2479 γ’.
2195 2412 2333 2463 Ἀλλ’
2365 2411 2549 2483 ἐπειδὴ
2586 2411 2770 2465 πολλοὶ
2810 2410 2884 2482 μὴ
2911 2413 3197 2485 νοήσαντες
3244 2410 3311 2463 τὰ
3333 2410 3460 2480 περὶ
3490 2407 3655 2462 αὐτοῦ

2003 2499 2382 2569 γεγραμμένα,
2411 2501 2503 2553 καὶ
2530 2499 2747 2568 μείζονα
2771 2498 2863 2552 τοῦ
2891 2498 3122 2570 Χριστοῦ
3144 2498 3303 2551 αὐτὸν
3334 2493 3471 2549 εἶναι
3499 2497 3653 2566 εἰρήο

2004 2603 2150 2649 κασι,
2189 2588 2281 2639 καὶ
2320 2588 2715 2657 συνεστήσαντο
2746 2587 2957 2648 ἑαυτοῖς
2988 2586 3217 2655 αἵρεσιν,
3271 2585 3365 2637 καὶ
3412 2583 3659 2651 λέγονται

2002 2673 2467 2744 Μελχισεδεκιταὶ,
2501 2675 2593 2728 καὶ
2626 2672 3015 2742 φιλονεικοῦσιν
3038 2675 3188 2743 ἡμῖν,
3211 2671 3378 2735 δεῖξαι
3403 2670 3660 2740 βουλόμε-

2003 2779 2105 2825 νοι,
2138 2765 2218 2815 ὅτι
2252 2763 2452 2832 μείζων
2478 2765 2597 2816 ἐστί
2628 2763 2722 2815 τοῦ
2753 2762 3012 2831 Χριστοῦ,
3058 2761 3414 2833 προφέροντες
3446 2760 3525 2821 τὸ,
3573 2757 3659 2812 Σὺ

2006 2849 2192 2916 ἱερεὺς
2218 2852 2304 2915 εἰς
2318 2850 2426 2903 τὸν
2452 2850 2635 2903 αἰῶνα
2656 2850 2803 2902 κατὰ
2825 2847 2939 2915 τὴν
2965 2846 3136 2911 τάξιν
3164 2844 3534 2913 Μελχισεδέκ
3555 2844 3661 2896 ’δεῖ

2005 2938 2099 2990 καὶ
2127 2936 2263 3005 πρὸς
2287 2938 2484 3000 αὐτοὺς
2506 2935 2838 3005 ἀπαντῆσαι.
2869 2935 3007 2987 Φασὶ
3034 2934 3141 3004 γάρ
3160 2949 3172 2962 ·
3206 2931 3326 2996 Πῶς
3354 2932 3455 2984 οὐκ
3481 2933 3547 2984 ἂν
3572 2930 3660 3000 εἴη

2004 3025 2238 3097 Χριστοῦ
2270 3025 2489 3095 μείζων,
2507 3020 2567 3078 οὗ
2592 3024 2732 3079 κατά
2760 3024 2857 3095 τὴν
2886 3023 3068 3076 εἰκόνα
3094 3020 3187 3076 καὶ
3210 3020 3306 3091 τὴν
3329 3020 3481 3087 τάξιν
3514 3022 3555 3071 ίε
3567 3036 3661 3089 ρα-

2003 3112 2149 3165 τεύει
2189 3112 2461 3182 Χριστός;
2502 3113 2692 3181 Ἦμεῖς
2739 3108 2831 3164 οὖν
2874 3111 3102 3180 λέγομεν
3175 3108 3335 3161 αὐτὸν
3381 3108 3663 3177 ἄνθρωπον

2004 3200 2309 3271 ὁμοιοπαθῆ
2326 3201 2474 3269 ἡμῖν,
2503 3200 2596 3252 καὶ
2621 3199 2743 3253 οὔτε
2769 3199 2989 3271 μείζονα
3006 3197 3101 3252 τοῦ
3121 3196 3379 3270 Χριστοῦ,
3404 3197 3517 3250 ἀλλ’
3539 3195 3662 3249 οὔτε

2018 3288 2261 3341 Ἰωάννου
2298 3286 2391 3339 τοῦ
2427 3286 2730 3340 Βαπτιστοῦ
2754 3305 2767 3318 ·
2806 3286 3025 3347 Μείζων
3068 3286 3176 3355 γάρ
3205 3283 3412 3346 αὑτοῦ,
3446 3286 3607 3354 φησὶν
3634 3286 3664 3337 0

2004 3376 2257 3448 Χριστὸς.
2284 3376 2353 3429 ἐν
2368 3376 2674 3445 γεννητοῖς
2710 3374 3006 3445 γυναικῶν
3034 3376 3144 3428 οὐκ
3166 3373 3491 3443 ἐγήγερται.
3540 3373 3663 3424 ’Λλ-

2004 3456 2085 3509 λοι
2112 3456 2169 3509 δὲ
2193 3456 2353 3509 πάλιν
2377 3456 2737 3525 πλανηθέντες
2757 3456 3005 3524 λέγουσιν
3023 3456 3185 3507 αὐτὸν
3204 3452 3417 3507 εἶναιτὸ
3440 3453 3663 3523 Πνεῦμα

2004 3544 2065 3596 τὸ
2092 3544 2244 3611 ἆγιον
2269 3560 2282 3574 °
2315 3543 2429 3596 ἀλλ’
2451 3545 2609 3613 ήμεῖς
2651 3542 2769 3594 οὐδὲ
2799 3543 2954 3595 τοῦτό
2974 3558 3169 3611 φαμεν.
3224 3540 3375 3592 Ἐπεί
3404 3539 3487 3602 τίς
3511 3541 3665 3610 χρεία

2003 3635 2094 3687 τὸν
2122 3635 2293 3702 Λόγον
2321 3633 2413 3686 τοῦ
2441 3632 2573 3685 Θεοῦ
2604 3630 3040 3701 ὲνανθρωπῆσαι,
3069 3630 3167 3699 ήδη
3184 3628 3350 3682 πάλαι
3377 3628 3470 3681 τοῦ
3492 3628 3661 3680 Πνεύ-

2010 3742 2175 3797 ματος
2192 3722 2480 3793 ἀνθρώπου
2509 3720 3011 3790 γεγονότος;”υτιδέ
3028 3721 3126 3772 οὐκ
3150 3719 3296 3771 ἐστιν
3318 3716 3518 3789 μείζων
3540 3719 3667 3787 Χρι-

2009 3812 2156 3875 στοῦ,
2180 3810 2301 3863 οὔτε
2324 3811 2380 3865 δὲ
2405 3810 2565 3863 πάλιν
2586 3808 2646 3861 τὸ
2677 3807 2898 3877 Πνεῦμα
2920 3807 2979 3859 10
3002 3808 3177 3872 ἅγιον,
3200 3806 3505 3858 εἰπάτωσαν
3536 3808 3666 3875 ἡμῖν

2007 3901 2221 3962 ἐκεῖνοι,
2271 3897 2421 3950 ποίου
2454 3896 2652 3966 χωρίου
2684 3891 2822 3947 εἶναι
2855 3892 3016 3946 αὐτὸν
3047 3894 3291 3960 λέγουσιν
3310 3908 3321 3920 ·
3372 3888 3479 3963 ἆρα
3508 3896 3668 3964 οὐρα-

2007 3988 2121 4041 νίου
2144 3982 2282 4056 ςᾶρα
2310 3984 2550 4053 ἐπιγείου
2572 3983 2636 4053 ;ἢ
2660 3980 3031 4051 καταχθονίου;
3051 3980 3178 4033 Ἐάν
3197 3974 3290 4032 οὖν
3314 3981 3559 4043 εἴπωσιν,
3585 3982 3666 4034 ὅτι

2007 4075 2113 4129 τῶν
2137 4074 2399 4145 οὐρανίων
2423 4072 2568 4125 ἐστὶν
2605 4073 2634 4123 0
2660 4068 3009 4139 Μελχισεδὲκ,
3031 4068 3063 4139 ἢ
3087 4067 3245 4121 ἄλλου
3270 4067 3412 4131 τινὸς
3439 4070 3663 4140 χωρίου,

2014 4163 2393 4218 ἀκουσάτωσαν
2410 4162 2491 4214 ὅτι
2523 4161 2614 4213 καὶ
2642 4158 2800 4221 αὐτὸς
2821 4158 2950 4226 γόνυ
2972 4148 3309 4227 κάμπτει⁶τῷ
3334 4156 3553 4228 Χριστῷ
3589 4155 3668 4227 τῷ

2011 4250 2342 4320 σαρκωθέντι
2366 4251 2429 4301 ἐκ
2466 4248 2565 4318 τῆς
2604 4246 2853 4299 θεοτόκου
2876 4245 3118 4315 Μαρίας.
3148 4243 3308 4312 Λέγει
3331 4245 3437 4315 γὰρ
3466 4244 3665 4297 ὁ”Από-

2015 4339 2216 4403 στολος,
2240 4339 2319 4390 ὃτι
2344 4335 2509 4399 Αὐτῷ
2524 4334 2747 4403 κάμψει
2774 4330 2897 4386 πᾶν
2918 4335 3085 4401 γόνυ,
3110 4332 3202 4384 καὶ
3227 4330 3295 4383 τὰ
3320 4331 3467 4400 ἑξῆς.
3492 4332 3554 4384 Εἰ
3575 4327 3668 4385 οὖν

2011 4424 2117 4476 πᾶν
2138 4422 2265 4491 γόνυ
2288 4422 2545 4489 κάμπτει,
2569 4420 2597 4470 0
2616 4415 2941 4486 Μελχισεδὲκ
2963 4415 3197 4469 ἐλάττων
3220 4414 3285 4468 ἂν
3304 4414 3391 4485 είη
3418 4413 3510 4466 τοῦ
3536 4415 3669 4483 Χρι-

2011 4510 2137 4565 στοῦ
2156 4529 2167 4541 ο
2189 4508 2484 4582 προσκυνεῖ
2504 4506 2611 4577 γάρ
2629 4504 2705 4573 τῷ
2725 4503 3180 4574 προσκυνουμένῳ
3202 4501 3441 4574 Χριστῷ.
3459 4502 3519 4553 El
3536 4500 3589 4553 δὲ
3615 4503 3665 4553 οἱ

2009 4600 2179 4653 ἄθλιοι
2210 4597 2302 4650 καὶ
2323 4595 2567 4656 τάλανες,
2590 4592 2685 4644 καὶ
2712 4591 2771 4643 τὸ
2806 4591 2930 4661 ἑξῆς
2959 4590 3245 4661 εἰρημένον
3279 4590 3625 4659 σκοπήσωσιν
3648 4604 3663 4619 ο

2011 4681 2259 4751 ἐπιφέρει
2288 4678 2397 4748 γάρ
2433 4676 2627 4743 λέγων,
2666 4672 3111 4742 ’Δφωμοιωμένος
3139 4671 3217 4742 τῷ
3244 4670 3357 4741 Υίῷ
3383 4670 3477 4724 τοῦ
3507 4670 3665 4723 Θεοῦ·

2010 4771 2150 4826 οὕτω
2187 4769 2268 4823 δεῖ
2294 4768 2450 4828 νοεῖν,
2496 4764 2576 4817 ὅτι
2604 4760 2790 4831 ὥσπερ
2822 4760 2916 4814 καὶ
2955 4762 3118 4830 ἡμεῖς
3162 4762 3282 4813 κατ’
3311 4759 3494 4812 εἰκόνα
3532 4756 3667 4810 Θεοῦ

2010 4862 2311 4930 γεγόναμεν
2344 4856 2437 4907 καὶ
2469 4852 2747 4922 ὁμοίωσιν,
2781 4847 2921 4902 οὕτω
2948 4848 3040 4901 καὶ
3072 4848 3251 4910 αὐτός.
3289 4846 3525 4899 Ἰουδαῖοι
3568 4844 3669 4915 μὲν

2012 4951 2117 5021 γὰρ
2163 4944 2323 4999 αὐτὸν
2366 4942 2614 5010 λέγουσιν
2652 4941 2716 4990 ἐκ
2756 4938 3009 5008 πορνείας
3056 4935 3399 5021 γεννηθέντα,
3441 4934 3535 4986 καὶ
3578 4932 3667 4984 διά

2013 5036 2167 5091 τοῦτο
2194 5030 2618 5101 ἀγενεαλόγητον
2648 5025 2897 5094 γενέσθαι
2922 5043 2935 5056 ·
2968 5024 3103 5095 πρὸς
3149 5022 3241 5085 οὓς
3283 5020 3535 5091 ἐροῦμεν,
3584 5022 3668 5073 ὅτι

220 5132 381 5187 θείων
412 5107 698 5205 Ιῖραφῶν.
756 5125 985 5195 Περίθες
1015 5125 1189 5177 τοίνυν
1237 5121 1385 5193 αὐτῷ
1426 5123 1683 5176 πάντοθεν
1720 5123 1916 5193 τειχίον
2002 5121 2210 5184 Κακῶς
2232 5136 2388 5188 φατε.
2428 5117 2538 5169 Καὶ
2576 5116 2681 5184 γάρ
2713 5113 2804 5165 καί
2834 5111 3088 5205 Σολομὼν
3114 5112 3177 5162 ὲκ
3204 5108 3304 5177 τῆς
3342 5107 3667 5205 ᾳούρίου

218 5221 319 5284 τάς
351 5221 465 5273 ἀπὸ
501 5218 622 5271 τῶν
653 5213 893 5285 Γραφῶν
929 5210 1251 5283 μαρτυρίας,
1287 5210 1378 5262 καὶ
1408 5209 1527 5261 οὐδέ
1559 5212 1717 5279 χᾶναι
1753 5211 1914 5281 δυνή-

219 5327 396 5365 σεται.
422 5308 595 5371 Εἰπὲ,
629 5302 767 5363 Πῶς
797 5299 1058 5370 ἐγεννήθη
1090 5302 1153 5352 ἐκ
1182 5299 1280 5368 τῆς
1328 5297 1601 5369 Παρθένου
1626 5316 1639 5364 ;
1668 5300 1782 5352 Οὐκ
1815 5300 1918 5368 ἀφ-

221 5397 454 5467 ίσταμαί
495 5411 626 5453 σου.
658 5389 793 5444 οὐδέ
828 5386 1111 5458 ἀναχωρῶ.
1161 5386 1299 5439 Ἀλλ’
1323 5386 1423 5439 οὐκ
1449 5386 1515 5439 ἂν
1541 5385 1652 5455 ἔχοι
1678 5387 1768 5441 τὸν
1795 5388 1919 5458 τρό-

2014 5208 2291 5281 γεννηθεὶς
2313 5202 2565 5274 γυναικὸς
2589 5200 2890 5272 μοιχαλίδος
2913 5196 3327 5265 γενεαλογεῖται.
3361 5194 3497 5248 Ἀλλ’
3519 5198 3669 5250 ἐπει·

2015 5298 2077 5368 δὴ
2110 5297 2138 5349 0
2160 5292 2489 5363 Μελχισεδὲκ
2524 5290 2690 5351 τύπος
2719 5284 2787 5357 ἦν
2811 5286 2903 5339 τοῦ
2925 5283 3155 5355 Κυρίου,
3187 5284 3280 5335 καὶ
3306 5282 3488 5336 εἰκόνα
3507 5283 3670 5355 ἔφερε

2014 5386 2107 5439 τοῦ
2160 5380 2417 5452 Χριστοῦ,
2466 5377 2643 5440 καθὼς
2689 5376 2781 5426 καὶ
2826 5373 3026 5435 Ἰωνᾶς,
3066 5370 3153 5423 διὰ
3203 5369 3357 5423 τοῦτο
3407 5371 3440 5441 ή
3478 5372 3668 5444 Γραφὴ

217 5502 320 5541 παν
341 5456 481 5558 ήμῖν
505 5481 729 5540 εἰπεῖν,
756 5475 863 5528 κᾶν
896 5456 1060 5546 μυρία
1090 5474 1386 5544 φιΜνεικῇ.
1417 5474 1586 5526 Ὅταν
1611 5474 1718 5545 γὰρ
1741 5477 1768 5528 0
1787 5456 1919 5538 Θεὸς
2021 5470 2315 5541 παρέλιπεν
2364 5464 2526 5518 αὐτοῦ
2570 5463 2661 5515 τὸν
2702 5460 2931 5558 πατέρα,
2967 5458 3052 5558 ἵνα
3083 5458 3139 5558 ἐν
3165 5456 3378 5558 ἐκείνω,
3422 5458 3671 5530 καθάπερ

216 5544 563 5643 ἀποκλείσῃ,
583 5568 679 5630 τίς
705 5544 906 5635 ἀνοίξῃγ
925 5560 1305 5631 λοιπόνςΜόνῃ
1320 5562 1385 5629 τῇ
1405 5558 1585 5611 πίστει
1608 5544 1920 5613 τὰτοιαῦτα
2018 5561 2075 5612 ἐν
2113 5556 2281 5610 εἰκόνι
2318 5553 2409 5606 τὸν
2438 5550 2650 5620 ἀληθῶς
2677 5548 2923 5643 ἀπάτορα
2965 5544 3055 5596 καὶ
3073 5544 3511 5643 ,ἀγενεαλόγητον
3540 5547 3671 5615 Χρι-

217 5662 578 5737 παράδεκτα.
616 5653 684 5707 Εἰ
825 5650 923 5737 οὐκ
954 5647 1017 5737 ἂν
1038 5647 1199 5737 ἔχοις,
1240 5647 1375 5701 ἀλλά
1404 5649 1697 5717 λογισμοὺς
1730 5649 1919 5719 ἐπιζη-

214 5733 349 5816 τεῖς,
380 5749 502 5821 ἐρῶ
536 5742 692 5815 πρὸς
724 5736 813 5821 σὲ,
841 5734 869 5787 ὃ
900 5736 1033 5806 πρὸς
1064 5736 1367 5805 Νικόδημον
1400 5736 1428 5788 0
1454 5733 1687 5804 Χριστός
1718 5752 1881 5804 φησιν
1902 5754 1918 5769 ·

216 5842 283 5896 EI
325 5820 425 5897 τὰί
448 5833 712 5905 ἐπίγεια
757 5820 932 5879 εἶπον
957 5822 1117 5893 ὑμῖν,
1153 5824 1249 5879 καί
1286 5825 1358 5878 οὐ
1398 5822 1725 5890 πιστεύετε,
1772 5821 1916 5893 πῶς,

2022 5645 2142 5697 στὸν
2168 5638 2628 5713 ἐνοπτρισὼμεθα.
2675 5633 3029 5701 ’Λντιλέγουσι
3069 5631 3126 5683 δὲ
3160 5632 3252 5684 καὶ
3280 5631 3436 5684 τοῦτο
3468 5634 3597 5703 ήμῖν
3622 5634 3671 5685 οί

2019 5726 2464 5802 Μελχισεδεκιταὶ
2494 5726 2761 5791 λέγοντεςο
2793 5721 2856 5773 Τί
2885 5716 2976 5772 οὖν
2995 5719 3146 5772 ἐστιν
3174 5717 3202 5771 ὃ
3227 5718 3374 5787 λέγει
3399 5720 3536 5792 πρὸς
3572 5720 3671 5773 αὐ-

2022 5822 2111 5875 τὸν
2140 5823 2168 5872 ὁ
2192 5818 2397 5888 Πατήρ·
2430 5812 2581 5888 [2⁸10]
2613 5811 2695 5865 Σὺ
2722 5808 2911 5875 ἱερεὺς
2933 5809 3016 5873 εἰς
3048 5806 3153 5861 τὸν
3177 5806 3358 5861 αἰῶνα
3385 5806 3529 5862 κατὰ
3560 5807 3676 5864 τὴν
