4126 6294
325 368 427 425 261
1100 359 1159 416 S.
1199 353 1483 417 JOANNIS
1518 353 2005 414 CHRYSOSTOMI
2042 351 2361 408 ARCHIEP.
2401 347 2945 405 CONS'IANTI'NOP.
3623 345 3730 402 262

322 483 494 546 τάξιν
540 476 947 548 Μελχισεδέκς
988 475 1134 547 Πρὸς
1179 474 1272 539 οὓς
1324 474 1574 544 λέγομεν,
1633 474 1712 525 ὅτι
1748 465 1899 532 οὗτος
1951 471 1979 522 ὁ
2079 469 2167 521 τὸν
2194 466 2452 537 μέλλοντα
2476 464 2761 533 γεννᾶσθαι
2785 465 2849 515 ἐκ
2876 463 2973 532 τῆς
2995 460 3257 531 παρθένου
3282 460 3500 532 Μαρίας
3529 460 3730 532 Ἰησοῦν

322 567 655 638 Μελχισεδὲκ
703 564 841 635 ἀνὴρ
896 563 1099 625 δίκαιος
1157 563 1364 630 γέγονε,
1413 562 1505 614 καὶ
1544 558 1754 627 ἀληθῶς
1798 558 1979 610 εἰκόνα
2078 554 2170 605 τὸν
2196 552 2445 621 Χριστὸν,
2477 551 2565 603 τὸν
2600 550 2725 603 Υἱὸν
2755 550 2856 638 τοῦᾐ
2884 550 3037 638 Θεουλ.
3082 548 3176 617 βοᾷ
3211 549 3303 601 καί
3333 548 3500 638 λέγει·
3533 550 3616 638 Σὺ
3650 551 3726 638 (ef

324 634 483 724 ἔφερε
521 653 613 705 τοῦ
654 634 909 719 Χρισὲοῦ.
943 649 1267 719 Προφητικῷ
1298 649 1473 700 τοίνυν
1507 647 1773 714 πνεύματι
1804 644 1980 698 κινού·
2073 638 2429 707 ρεὺςεῐςτὸν
2444 638 2627 690 αῖῶνα
2641 642 2787 691 κατά
2804 636 2916 703 τὴν
2931 635 3571 724 τάξινΜειιχισξδέκὊρ
3590 634 3727 689 κατά

328 722 502 811 μενος.
537 738 634 808 τὴν
661 738 953 808 μέλλουσαν
987 738 1298 806 προσφορὰν
1328 735 1467 805 ὑπὲρ
1497 735 1603 786 τῶν
1627 734 1791 786 ἐθνῶν
1815 750 1982 802 προσ-
2082 728 2179 797 τὴν
2234 724 2458 795 Ἀαρὼν.
2496 725 2589 777 τοῦ
2637 726 2695 777 ἐν
2740 724 2956 794 μόσχοις
3004 724 3327 793 καὶᾶρνασι
3359 722 3723 793 λατρεύοντοςο

325 825 642 896 κομίζεσθαι
681 824 895 894 νοήσας,
932 821 1080 891 ἄρτῳ
1124 822 1216 873 καὶ
1257 820 1383 892 οἴνῳ
1424 820 1514 872 τὸν
1546 819 1676 871 Θεὸν
1706 817 1976 888 ἐγέραιρε,
2082 816 2235 878 ἀλλὰ,
2272 815 2353 869 Σὺ
2389 816 2578 883 ἱερεὺς
2607 818 2693 880 εὶς
2723 814 2831 868 τὸν
2855 814 3038 868 αἰῶνα
3064 813 3209 866 κατὰ
3240 812 3350 880 τὴν
3380 814 3548 875 τάξιν
3574 818 3730 869 Μελ-

331 910 658 981 μιμούμενος
685 909 777 961 τὸν
817 908 1072 977 μέλλοντα
1105 908 1355 977 Χριστόν.
1402 905 1617 975 Ἐπειδὴ
1640 900 1734 957 οὖν
1774 907 1807 974 ἡ
1852 905 1978 957 Ἰου-
2084 903 2346 973 χισεδὲκ,
2379 904 2525 972 ἄρτῳ
2557 904 2647 956 καὶ
2673 902 2798 972 οῐνῳ
2825 902 2921 970 τὴν
2947 901 3054 953 τῶν
3080 899 3549 981 προσκομιζόντων
3573 918 3733 970 προσ-

326 980 485 1052 δαίων
508 980 806 1067 συναγωγὴ
841 997 896 1048 ἐν
920 995 1071 1061 τάξει
1095 994 1187 1047 τοῦ
1229 993 1435 1064 Ἀαρὼν
1466 992 1651 1045 θυσίαν
1678 992 1978 1062 προσέφερε
2085 990 2257 1060 φορὰν
2290 992 2367 1052 εἰς
2385 991 2444 1044 τὸ
2467 990 2707 1059 διηνεκὲς
2730 988 3037 1058 προσάγων.
3063 990 3138 1040 Δι’
3171 980 3230 1040 οὗ
3257 987 3332 1057 τῷ
3358 988 3527 1058 Πατρὶ
3553 990 3585 1058 ἡ
3609 989 3733 1053 δόξα

330 1085 407 1155 τῷ
440 1085 576 1154 Θεῷ.
606 1085 704 1137 οὐκ
740 1085 901 1154 ἄρτον
928 1084 1020 1135 καὶ
1043 1077 1202 1143 οἶνον,
1229 1081 1361 1134 ἀλλὰ
1387 1080 1615 1149 μόσχους
1642 1080 1734 1133 καὶ
1756 1080 1977 1149 ἀμνοὺς,
2089 1079 2183 1132 σὺν
2228 1076 2304 1147 τῷ
2338 1077 2584 1146 παναγὶῳ
2619 1077 2912 1145 Πνεύματι,
2953 1075 3049 1129 νῦν
3092 1076 3184 1129 καὶ
3222 1075 3328 1136 ἀεὶ,
3374 1075 3466 1127 καὶ
3507 1076 3585 1137 εἰς
3613 1077 3736 1140 τοὺς

329 1173 422 1226 καὶ
465 1171 677 1233 θυσίαις
721 1170 786 1223 δι’
822 1171 1048 1240 αἵματος
1084 1168 1299 1233 ἐδόξαζε
1332 1168 1421 1220 τὸν
1447 1166 1598 1232 Θεὸν,
1636 1168 1665 1218 ὁ
1688 1166 1817 1230 Θεὸς
1844 1166 1981 1236 πρὸς
2087 1164 2288 1229 αἰῶνας
2322 1164 2428 1219 τῶν
2466 1163 2698 1219 αἰώνων.
2738 1164 2930 1235 Ἀμήν.

1852 2219 2231 2281 MONITUM

505 2451 615 2506 llac
643 2449 879 2517 homilia,
912 2450 1173 2506 hactenus
1198 2450 1398 2522 ignota,
1432 2449 1633 2505 nullam
1664 2452 1717 2505 in
1751 2460 1860 2506 toto
1889 2451 2253 2525 Chrysostomi
2294 2469 2518 2523 operum
2549 2455 2777 2510 decursu
2811 2458 3235 2525 praestantiorem
3276 2474 3394 2517 esse
3427 2476 3642 2532 compe-

433 2572 632 2637 rimus;
664 2571 776 2626 sive
814 2569 1131 2642 elegantiam
1160 2578 1486 2640 spectemus,
1517 2569 1632 2623 sive
1670 2584 1869 2625 nervos
1898 2580 1953 2624 et
1980 2570 2136 2635 sales,
2168 2572 2282 2625 sive
2312 2571 2414 2624 alia
2449 2584 2630 2624 rerum
2658 2571 3001 2639 documenta,
3041 2590 3159 2644 quae
3205 2577 3270 2631 ad
3310 2592 3488 2634 mores
3516 2596 3641 2651 per-

432 2692 626 2756 tinent,
661 2689 728 2744 ad
755 2689 1172 2745 consuetudines
1193 2690 1604 2755 ecclesiasticas,
1637 2688 2013 2758 praecipueque
2068 2690 2133 2744 ad
2188 2690 2490 2747 historiam.
2527 2690 2743 2745 Annum
2784 2690 2927 2745 enim
2983 2692 3184 2749 indicat
3224 2694 3640 2768 Chrysostomus

431 2809 630 2865 habitae
667 2805 965 2872 concionis,
990 2806 1382 2860 hebdomadam
1404 2805 1556 2868 item,
1583 2819 1763 2858 rerum
1796 2812 2063 2874 gestarum
2094 2804 2265 2858 vicem
2298 2814 2353 2858 et
2376 2804 2519 2871 dies;
2560 2805 2633 2859 ita
2674 2814 2735 2860 ut
2780 2821 2886 2861 non
2935 2821 3098 2877 parva
3143 2810 3271 2867 hinc
3304 2827 3524 2873 eruatur
3572 2820 3639 2875 ad

430 2921 597 2977 vitam
628 2920 798 2975 sancti
826 2919 1063 2974 doctoris
1089 2918 1347 2974 accessio.
1376 2918 1511 2975 Rem
1539 2917 1613 2972 uti
1646 2926 1794 2989 gesta
1827 2906 1913 2972 est
1941 2916 2028 2971 hic
2049 2917 2241 2972 ordine
2271 2916 2580 2974 referimus.

499 3038 655 3090 Anno
683 3035 804 3099 399,
835 3042 1117 3104 postquam
1139 3048 1303 3087 unum
1330 3033 1440 3103 jam
1462 3047 1661 3086 annum
1684 3031 1738 3085 in
1755 3031 2066 3103 episcOpatu
2090 3032 2679 3104 ConstantinOpolitano
2704 3049 2955 3093 emensus
2985 3047 3097 3094 erat
3121 3039 3552 3113 Chrysostomus,
3584 3054 3643 3099 ut

437 3151 553 3223 ipse
574 3151 649 3206 ait
674 3151 832 3217 infra,
864 3152 958 3205 καὶ
982 3152 1089 3221 γὰρ
1130 3149 1371 3203 ἐνιαυτὸν
1400 3148 1507 3218 ἔχω
1535 3147 1719 3202 λοιπὸν
1746 3148 1847 3218 τῆς
1878 3148 2066 3211 πόλεως

2011 3165 2084 3211 ως
2110 3147 2306 3209 ἐπιϐὰς
2336 3147 2435 3217 τῆς
2463 3148 2751 3219 ὑμετέρας,
2804 3150 3080 3207 ordinatus
3107 3169 3302 3224 nempe
3332 3170 3476 3209 anno
3518 3157 3640 3217 598.

430 3276 612 3337 atque,
648 3278 707 3321 ut
727 3267 801 3320 ait
831 3266 1099 3331 Socrates,
1125 3266 1193 3320 26
1222 3266 1521 3333 Februarii,
1561 3267 1694 3322 feria
1721 3275 1909 3332 quarta
1952 3265 2302 3321 hebdomadze
2334 3275 2553 3334 sanctre,
2605 3286 2725 3340 qua:
2749 3269 2881 3324 feria
2911 3285 3052 3324 anno
3080 3271 3184 3327 599
3216 3272 3489 3327 incidebat
3520 3272 3575 3327 in
3610 3273 3642 3327 6

430 3387 652 3457 Aprilis,
690 3396 798 3442 tam
830 3388 1020 3458 ingens
1048 3387 1227 3457 pluvia
1252 3387 1473 3452 decidit,
1506 3395 1566 3441 ut
1589 3395 1767 3441 metus
1800 3395 1962 3452 esset,
1992 3402 2060 3442 ne
2080 3387 2190 3458 agri
2224 3389 2658 3455 devastarentur,
2687 3404 2996 3458 messesque
3020 3405 3210 3444 omnes
3246 3389 3300 3443 in
3344 3390 3639 3461 perniciem

431 3516 670 3565 ruerent.
696 3507 834 3562 Hinc
861 3523 1068 3577 preces,
1098 3505 1519 3576 supplicationes
1543 3514 1596 3560 et
1626 3504 1905 3568 λιτανεῖαι,
1935 3520 2031 3560 seu

2013 3522 2031 3559 ι
2064 3508 2414 3578 processimus
2434 3546 2448 3573 ,
2482 3506 2736 3577 episcopo
2765 3508 2902 3562 duce
2929 3516 2983 3562 et
3012 3516 3125 3561 toto
3150 3518 3505 3563 concurrente
3543 3525 3642 3578 po-

432 3628 561 3700 pulo
592 3627 656 3685 ad
698 3626 991 3684 Ecclesiam
1047 3626 1413 3697 apostolorum
1456 3623 1925 3694 Constantinopoli
1972 3624 2395 3679 celeberrimam.
2447 3623 2834 3696 Deprecatores
2882 3625 3109 3679 adhibiti
3159 3634 3283 3679 sunt
3329 3625 3537 3689 Petrus,
3588 3634 3644 3679 et

440 3747 702 3811 Andreas,
734 3747 824 3815 qui
856 3745 1162 3817 Byzantina:
1193 3743 1445 3800 Ecclesiae
1472 3742 1725 3798 fundator
1763 3741 2085 3809 habebatur,
2127 3740 2325 3797 Paulus
2354 3741 2480 3797 item
2512 3750 2567 3796 et
2595 3739 2912 3798 Timotheus
2938 3742 3003 3796 ad
3056 3740 3369 3811 placandam
3401 3738 3644 3793 Numinis

431 3861 567 3915 iram
597 3861 831 3915 invocati
866 3870 1009 3915 sunt.
1059 3860 1188 3915 Post
1225 3861 1341 3915 hac
1390 3859 1561 3913 imbre
1597 3867 1864 3922 cessante,
1909 3856 2137 3912 necdum
2166 3857 2374 3911 sublata
2406 3856 2713 3919 formidine,
2747 3856 2969 3924 trajecto
3018 3856 3246 3910 navibus
3272 3853 3530 3924 Bosporo,
3575 3850 3641 3905 ad

434 3973 730 4028 Ecclesiam
763 3975 864 4029 SS.
898 3973 1039 4029 Petri
1073 3983 1128 4028 et
1153 3973 1322 4037 Pauli,
1356 3974 1407 4026 in
1452 3974 1696 4043 opposita
1747 3973 1912 4027 maris
1941 3988 2032 4026 ora
2062 3973 2242 4037 sitam,
2273 3988 2395 4028 cum
2418 3972 2671 4043 episcopo
2700 3981 2845 4027 totus
2877 3981 3048 4027 cretus
3092 3972 3343 4026 occurrit.
3371 3971 3483 4025 Hoc
3516 3983 3640 4039 per-

433 4083 608 4138 functi
660 4085 901 4155 periculo
954 4084 1533 4155 ConstantinOpolitani
1591 4085 1852 4156 plerique,
1913 4100 2019 4139 una

2011 4105 2019 4138 ι
2073 4092 2281 4140 tantum
2342 4084 2662 4156 interposita
2721 4084 2840 4151 die,
2904 4087 3032 4155 μιᾶς
3095 4084 3295 4155 μεταξὺ
3346 4085 3640 4155 γενομένης

433 4199 667 4272 ἡμέρας,
703 4216 823 4269 quae
845 4200 960 4254 dies
985 4207 1101 4255 erat
1131 4199 1265 4254 feria
1299 4199 1338 4253 V
1385 4200 1438 4253 in
1472 4201 1636 4255 Coena
1658 4198 1899 4265 Domini,
1934 4215 2055 4253 cum
2087 4200 2143 4253 in
2188 4199 2482 4255 Parasceve
2529 4200 2637 4254 ludi
2683 4208 2958 4271 equestres
2991 4201 3336 4272 agitarentur,
3384 4201 3641 4256 transacti

432 4320 662 4393 periculi
692 4319 1056 4382 immemores,
1100 4320 1235 4373 nihil
1289 4329 1542 4374 curantes
1591 4319 1732 4374 diem
1756 4319 1898 4374 illam
1925 4333 2151 4383 sacram,
2198 4319 2254 4372 in
2296 4334 2401 4387 qua
2446 4333 2544 4387 pro
2590 4317 2736 4374 orbis
2772 4319 2941 4373 salute
2965 4317 3212 4373 Christus
3258 4317 3402 4372 cruci
3450 4318 3639 4375 alﬁxus

434 4428 558 4495 fuit,
600 4430 667 4484 ad
711 4431 814 4485 hoc
846 4434 1208 4502 spectaculum
1241 4442 1612 4499 accurrerunt,
1655 4442 1929 4502 totamque
1973 4432 2163 4487 urbem
2209 4432 2497 4487 inconditis
2527 4433 2849 4487 clamoribus
2892 4433 3251 4503 repleverunt,
3293 4434 3511 4490 interim
3550 4435 3639 4489 in-

437 4546 769 4616 gemiscente
798 4548 1048 4618 domique
1070 4548 1291 4603 sedente
1314 4547 1720 4618 Chrysostomo.
1750 4546 1937 4616 Neque
1962 4543 2091 4599 satis
2115 4545 2353 4600 habuere
2395 4544 2488 4607 illi.
2525 4546 2668 4615 quod
2709 4546 2848 4601 diem
2885 4554 3125 4601 sanctam
3153 4545 3475 4604 Parasceves
3518 4563 3643 4619 pro-

432 4664 574 4719 fanis
602 4652 919 4733 spectaculis
953 4666 1433 4732 dehonestassent;
1468 4665 1554 4719 die
1576 4666 1735 4720 etiam
1772 4665 2110 4733 insequente,
2161 4678 2281 4732 quae
2309 4672 2425 4718 erat
2455 4662 2750 4719 Sabbatum
2783 4674 3047 4730 sanctum,
3077 4664 3144 4720 ad
3173 4665 3641 4735 theatralesiludos

434 4796 495 4836 se
525 4781 891 4844 contulerunt,
939 4781 1031 4836 ubi
1055 4782 1358 4837 meretricia
1391 4791 1548 4836 erant
1589 4780 1912 4851 spectacula,
1936 4794 2055 4849 quae
2082 4779 2389 4850 singulatim
2428 4786 2483 4834 et
2514 4779 2724 4852 egregie
2749 4781 2988 4854 depingit
3014 4783 3446 4855 Chrysostomus,
3474 4783 3636 4855 inque

431 4897 872 4971 praevaricatores
924 4894 1233 4964 huiusmodi
1283 4896 1515 4967 graviter
1562 4892 1855 4958 invehitur,
1911 4893 2235 4965 demumqne
2267 4893 2323 4947 in
2354 4891 2473 4947 illos
2519 4894 3091 4953 excommunicationis
3133 4899 3457 4954 sententiam
3508 4915 3638 4969 pro-

431 5020 665 5074 nuntiat.

506 5135 604 5190 Hic
633 5131 981 5204 querendum
1004 5130 1265 5186 incumbit
1292 5147 1361 5185 an
1386 5145 1513 5185 vere
1542 5138 1598 5183 et
1629 5145 1693 5185 ex
1730 5129 1911 5185 animo
1944 5132 2267 5186 sententiam
2320 5133 2462 5188 illam
2514 5133 2799 5204 protulerit
2848 5133 3283 5205 Chrysostomus,
3324 5150 3392 5187 an
3417 5132 3641 5188 commi-

433 5250 613 5304 mntis
647 5247 795 5321 [271]
830 5249 1001 5304 solum
1043 5262 1214 5301 more.
1260 5246 1314 5299 Si
1350 5246 1513 5300 verba
1546 5254 1777 5315 spectes,
1808 5245 2292 5301 excommmiicatio
2332 5246 2419 5300 illa
2445 5262 2504 5301 re
2546 5261 2609 5301 ac
2650 5262 2777 5302 vere
2815 5246 3034 5301 inducta
3062 5246 3322 5302 videatur.
3354 5247 3640 5315 Postquam

437 5366 579 5419 enim
598 5363 824 5432 dixerat,
865 5365 972 5436 Age
1000 5364 1274 5420 sectionem
1319 5364 1626 5436 inferamus,
1658 5372 1789 5433 etc.,
1820 5366 1913 5431 ait,
1946 5365 2066 5418 ἐκϐε

2015 5364 2400 5421 ϐαλλέσθωσαν
2431 5367 2605 5423 τοίνυν
2652 5367 2703 5422 οἱ
2737 5366 2987 5434 τοιοῦτοι,
3036 5366 3333 5435 Ejiciantur
3372 5383 3491 5438 ergo
3542 5369 3641 5419 huc

1828 5632 2246 5647 ἡ
