4126 6294
380 495 498 550 est,
526 480 829 555 genealogis
862 487 1039 534 tamen
1066 476 1295 533 ducitur.
1327 472 1436 530 Sed
1460 471 1708 544 quoniam
1739 467 1958 525 Melchi-

380 578 539 634 sedec
560 588 715 648 typus
730 584 846 629 erat
862 571 1096 637 Domini,
1127 578 1182 626 et
1206 568 1489 638 imaginem
1516 564 1720 621 ferebat
1738 560 1957 626 Christi,

381 664 825 735 quemadmodum
850 673 905 718 et
933 662 1097 717 Jonas
1118 700 1135 727 ,
1165 659 1284 714 ideo
1318 658 1587 727 Scriptura
1614 655 1729 723 ejus
1754 662 1961 723 patrem

382 759 566 823 tacuit,
594 766 650 811 ut
677 757 729 811 in
754 755 867 823 illo,
897 766 1163 824 tamquam
1194 752 1250 806 in
1277 750 1524 820 imagine,
1551 747 1844 811 Christum,
1870 743 1961 814 qui

382 866 508 905 vere
548 851 665 906 sine
704 857 852 919 patre
893 856 947 902 et
990 845 1107 901 sine
1149 843 1456 916 genealogis
1495 840 1957 904 est,intueamur.

385 941 497 995 lloc
525 941 682 995 etiam
714 938 866 993 nobis
891 936 1148 1006 objiciunt
1186 931 1624 991 Melchisedecitze
1648 947 1659 983 :
1683 928 1818 996 Quid
1857 926 1960 983 sibi

384 1032 496 1087 vult
537 1046 665 1101 ergo
707 1031 758 1085 id
792 1029 931 1100 quod
969 1028 1097 1083 dicit
1123 1028 1172 1083 ei
1218 1026 1395 1089 Pater,
1440 1023 1515 1078 Tu
1557 1040 1608 1078 es
1634 1022 1865 1077 sacerdos
1906 1022 1961 1074 in

387 1136 625 1179 a'tcrnum
650 1123 923 1176 secundum
952 1120 1180 1175 ordinem
1208 1118 1538 1172 Melchisedec
1566 1114 1683 1186 (Ps.
1716 1114 1836 1169 109.
1862 1112 1961 1181 4)?

388 1216 586 1282 Quibus
628 1213 1051 1283 respondemus,
1095 1208 1537 1265 Melchisedecum
1585 1206 1755 1259 virum
1799 1203 1960 1257 fuisse

388 1306 580 1376 justum
603 1346 617 1369 ,
645 1314 699 1359 et
726 1318 851 1359 vere
879 1302 1157 1373 imaginem
1192 1300 1379 1354 tulisse
1419 1298 1634 1353 Christi.
1667 1297 1757 1349 llle
1783 1296 1960 1363 itaque

392 1396 697 1466 prophetico
741 1396 925 1465 spiritu
964 1402 1182 1459 motus,
1209 1391 1439 1445 futuram
1488 1389 1809 1443 oblationem
1864 1399 1961 1454 pro

391 1488 631 1557 gentibus
658 1486 1033 1558 proferendam
1064 1485 1382 1553 intelligens,
1418 1498 1549 1552 pane
1571 1490 1623 1535 et
1650 1482 1772 1535 vino
1797 1480 1959 1533 Deum

384 1578 572 1645 coluit,
604 1577 875 1635 Christum
904 1588 1182 1633 venturum
1220 1576 1474 1655 imitatus.
1504 1574 1764 1643 Quoniam
1803 1572 1962 1645 igitur

1269 369 1544 429 CONTRE
1580 360 1804 424 LUDOS
1837 358 1930 417 ET
1968 357 2740 423 THEATRA.—-MONITUM.

3522 358 3637 415 262

2062 466 2364 524 Judaorum
2394 484 2660 541 synagoga
2692 473 2982 526 secundum
3008 471 3250 529 ordinem
3291 472 3516 530 Aaronis
3543 476 3638 530 ho-

2064 559 2220 613 sliam
2247 559 2502 616 offerebat
2526 561 2657 630 Deo,
2678 576 2781 616 non
2812 578 2999 631 panem
3025 572 3080 619 et
3100 564 3302 631 vinum,
3322 566 3416 622 sed
3443 568 3638 624 vitulos

2064 659 2121 705 et
2149 666 2312 719 agnos
2331 693 2346 717 ,
2378 660 2434 707 et
2477 653 2711 708 cruentis
2750 654 3023 710 sacrificiis
3049 656 3273 726 gloriam
3306 658 3416 714 Deo
3443 663 3643 714 retere-

2062 744 2172 810 hat,
2202 746 2340 801 Deus
2364 744 2431 800 ad
2455 761 2576 800 eum
2591 747 2678 815 qui
2699 762 2765 801 ex
2785 747 2990 817 virgine
3012 748 3170 803 Maria
3189 752 3484 806 nasciturus
3501 762 3637 818 erat,

2063 836 2247 892 Jesum
2276 836 2543 892 Christum
2574 837 2763 893 Filium
2805 840 2934 904 Dei,
2960 840 3155 894 clamat
3181 851 3236 896 et
3276 843 3403 897 dicit
3436 862 3449 898 :
3483 842 3557 896 Tu
3589 861 3642 897 es

2063 931 2295 984 sacerdos
2340 930 2393 985 in
2432 942 2675 985 (uernum
2715 934 2987 987 secundum
3020 934 3245 987 ordinem
3278 935 3639 1001 Melchisedec;
3708 964 3717 973 -

2064 1037 2171 1078 non
2196 1022 2488 1078 secundum
2532 1023 2772 1079 ordinem
2816 1025 3061 1088 Aaronis,
3097 1026 3183 1095 qui
3210 1027 3388 1081 vitulis
3408 1036 3461 1082 et
3490 1029 3642 1098 agnis

2064 1115 2175 1171 Deo
2198 1115 2398 1170 cultum
2424 1114 2687 1170 referebat
2712 1133 2727 1181 ;
2759 1116 2873 1180 sed,
2904 1114 2979 1168 Tu
2999 1132 3049 1169 es
3078 1116 3310 1170 sacerdos
3327 1118 3377 1171 in
3397 1126 3640 1171 wternum

2063 1207 2333 1261 secundum
2359 1208 2585 1261 ordinem
2615 1208 2945 1262 Melchisedec
2969 1250 2983 1273 ,
3012 1223 3147 1277 pane
3176 1217 3230 1263 et
3258 1210 3379 1263 vino
3417 1211 3642 1265 afferen-

2064 1300 2193 1357 tium
2223 1316 2408 1357 eorum
2432 1308 2681 1371 perpetua
2711 1315 2927 1355 munera
2954 1300 3061 1353 Deo
3084 1299 3331 1355 offerens.
3355 1300 3457 1355 Per
3483 1318 3640 1371 quem

2065 1394 2209 1450 Patri
2234 1396 2399 1465 gloria
2422 1410 2542 1449 eum
2566 1396 2901 1449 sanctissimo
2927 1394 3145 1464 Spiritu,
3172 1400 3311 1449 nunc
3330 1404 3383 1450 et
3406 1412 3638 1467 semper,

2065 1495 2119 1541 et
2147 1486 2198 1540 in
2229 1487 2419 1542 saecula
2450 1486 2787 1541 szeculorum.
2812 1488 3003 1541 Amen.

404 1849 3609 1886 Μ

1454 2178 1560 2236 AD
1616 2177 2021 2237 ’HOMILIAM
2068 2175 2563 2251 SEQUENTEM.

397 2412 627 2481 jusmodi
647 2412 910 2475 homines;
950 2418 1009 2464 ut
1036 2418 1215 2463 autem
1258 2407 1517 2478 probetur
1555 2408 1729 2477 ipsum
1760 2424 1825 2461 ex
1862 2407 2045 2462 animo
2076 2416 2131 2461 et
2176 2406 2385 2461 sincere
2416 2406 2530 2460 haec
2554 2405 2802 2472 edixisse,
2832 2406 3017 2476 paucis
3061 2406 3353 2475 interjcctis
3381 2407 3459 2461 sic
3496 2408 3569 2461 ait
3598 2422 3613 2459 :

411 2528 466 2583 Si
510 2547 624 2583 vero
673 2518 1041 2599 perhorruistis
1094 2529 1229 2581 hanc
1286 2528 1553 2580 audientes
1596 2527 1909 2579 sententiam
1964 2525 2130 2596 (video
2177 2542 2399 2595 namque
2463 2542 2637 2580 omnes
2689 2527 3073 2597 inge‘miscentes
3123 2536 3170 2579 et
3225 2527 3611 2597 compunctos),

413 2653 733 2720 resipiscam,
785 2662 833 2705 et
883 2652 1139 2705 sententia
1188 2649 1359 2704 soluta
1413 2658 1506 2713 est,
1551 2647 1959 2717 μεταϐαλλέσθω

2063 2665 2090 2711 ι,
2132 2647 2224 2700 καὶ
2258 2647 2471 2700 λέλυται
2500 2646 2567 2699 τὰ
2598 2647 2695 2717 τῆς
2744 2647 3087 2715 ἀποφάσεως.
3124 2646 3255 2713 Quae
3295 2648 3458 2701 verba
3492 2662 3621 2700 sen-

404 2766 628 2821 tcntiam
652 2780 775 2819 vere
806 2768 1069 2835 prolatam
1100 2777 1211 2832 pra:
1242 2776 1300 2815 se
1334 2758 1473 2813 ferre
1498 2758 1770 2812 videmur.
1814 2755 1883 2811 At
1941 2767 2071 2827 puto
2104 2758 2215 2811 haec
2263 2766 2473 2812 tantum
2501 2759 2861 2812 comminandi
2891 2759 3073 2813 animo
3101 2760 3169 2814 ab
3210 2760 3449 2814 antistite
3478 2760 3622 2814 dicta

412 2879 597 2945 fuisse,
627 2895 729 2935 nec
753 2880 856 2935 nisi
901 2895 1085 2950 parem
1129 2878 1183 2931 in
1212 2875 1421 2947 culpam
1455 2875 1636 2929 denuo
1661 2874 1839 2944 lapsos
1871 2887 1983 2939 eos,
2035 2872 2126 2943 qui
2162 2874 2227 2927 ad
2263 2874 2566 2943 spectacula
2602 2883 2969 2938 accurrerant,
3003 2876 3612 2929 excommunicationem

412 2994 594 3049 subire
622 2996 871 3051 voluisse.

486 3105 640 3161 Aliud
662 3108 1051 3179 explorandum
1092 3108 1433 3181 proponitur,
1482 3121 1589 3178 quo
1617 3122 1813 3176 nempe
1850 3106 1937 3161 die
1981 3105 2129 3161 hanc
2182 3104 2499 3160 concionem
2532 3106 2783 3161 habuerit
2831 3106 3244 3177 Chrysostomus
3280 3125 3292 3159 :
3343 3122 3430 3161 res
3474 3108 3621 3162 enim

411 3219 724 3276 difﬁcultate
753 3238 861 3277 non
913 3238 1105 3278 vacare
1136 3224 1363 3278 videtur.
1411 3222 1471 3277 In
1510 3220 1613 3277 hac
1642 3222 1902 3275 concione
1928 3236 1958 3275 e

2063 3222 2193 3287 tait,
2245 3221 2348 3291 πρὸ
2395 3219 2561 3289 τριῶν
2613 3222 2832 3292 ἡμερῶν
2879 3218 3172 3293 ἐπομδρία,
3204 3232 3325 3275 ante
3362 3232 3463 3276 tres
3501 3223 3611 3277 dies

417 3331 583 3385 imber
608 3335 807 3403 ingens.
846 3333 1019 3388 Imber
1042 3344 1220 3389 autem
1252 3335 1338 3389 ille
1361 3333 1559 3389 decidit
1608 3334 1742 3388 feria
1789 3341 1979 3403 quarta
2011 3330 2372 3387 llebdomadis
2420 3342 2641 3399 sanctae,
2698 3334 2887 3403 quinta
2938 3335 3071 3389 feria
3115 3336 3168 3389 in
3205 3335 3370 3390 Carna
3414 3336 3625 3391 Domini

417 3448 553 3502 nihil
601 3458 929 3502 memoratur
989 3448 1265 3515 incidisse,
1294 3450 1348 3504 in
1376 3450 1671 3506 Parasceve
1711 3451 1822 3505 ludi
1857 3448 2138 3521 equestres
2190 3452 2388 3505 multos
2434 3459 2771 3517 averterunt,
2818 3450 3051 3506 Sabbato
3094 3451 3253 3531 iidem
3293 3453 3627 3509 theatrorum

417 3562 725 3631 spectacula
754 3561 1023 3616 adierunt.
1054 3562 1190 3619 Hinc
1209 3580 1338 3619 vero
1359 3567 1511 3635 sequi
1539 3567 1755 3621 videtur
1776 3568 1917 3621 hanc
1940 3566 2223 3621 Homiliam
2250 3567 2366 3637 ipso
2385 3567 2472 3621 die
2501 3574 2688 3621 sancto
2725 3565 2945 3619 Pascha:
2976 3566 3210 3619 habitam
3237 3565 3437 3631 fuisse;
3487 3567 3629 3623 inter

416 3693 575 3747 quem
607 3687 661 3732 et
687 3677 873 3731 feriam
897 3686 1139 3747 quartam
1165 3682 1565 3750 praecedentem
1588 3691 1732 3737 retro
1760 3684 2116 3749 numerando,
2167 3692 2275 3737 tres
2304 3683 2712 3737 intercedebant
2750 3683 2864 3737 dies
2892 3683 3034 3752 pleni
3073 3692 3126 3737 et
3165 3685 3377 3757 integri,
3422 3685 3597 3740 Sabha
3622 3721 3628 3728 ς

416 3802 552 3859 tum,
578 3792 874 3849 Parasceve
904 3804 957 3849 et
981 3796 1113 3851 feria
1146 3798 1353 3867 quinta.
1380 3798 1484 3853 Sed
1523 3800 1567 3854 si
1599 3800 1684 3854 die
1710 3800 1927 3855 Pascha:
1950 3800 2129 3855 habita
2155 3800 2343 3855 concio
2370 3799 2491 3867 fuit,
2533 3804 2665 3855 cur‘
2706 3816 2771 3855 ne
2822 3800 3047 3855 verbum
3081 3801 3297 3871 quidem
3340 3803 3406 3857 de
3445 3818 3629 3857 resur-

415 3913 657 3966 rectione
689 3912 894 3967 Domini
928 3912 984 3967 in
1031 3921 1139 3968 tota
1177 3914 1394 3969 homilia
1429 3915 1692 3970 habetur?
1734 3915 1868 3969 Nam
1908 3916 2011 3970 etsi
2052 3916 2158 3970 dici
2192 3915 2423 3971 fortasse
2470 3916 2640 3986 possit
2680 3914 3123 3988 Chrysostomum
3171 3918 3259 3971 illa
3294 3918 3398 3982 die,
3449 3927 3507 3971 ut
3545 3918 3629 3971 in-

414 4028 782 4098 dignationem
808 4044 959 4084 suam
990 4031 1044 4083 in
1071 4046 1183 4096 eos,
1214 4030 1307 4100 qui
1337 4031 1547 4086 theatra
1593 4031 1782 4085 diebus
1809 4031 2009 4085 sanctis
2037 4031 2299 4096 adierant,
2343 4040 2679 4095 exoneraret,
2715 4032 3032 4086 concionem
3067 4032 3336 4099 habuisse,
3386 4034 3629 4104 nihilque

414 4144 559 4199 aliud
597 4146 879 4215 c0gitasse,
909 4163 980 4201 an
1010 4148 1191 4204 decuit
1220 4148 1275 4201 in
1301 4148 1392 4202 die
1446 4157 1632 4203 sancto
1674 4150 1893 4202 Paschze
1934 4149 2074 4202 nihil
2121 4148 2343 4202 omnino
2377 4147 2443 4201 de
2499 4158 2643 4203 tanta
2690 4150 3023 4216 celebritate,
3064 4164 3133 4204 ne
3162 4150 3386 4220 carptim
3437 4150 3625 4204 saltem

414 4261 594 4332 loqui?
627 4262 682 4317 Si
713 4279 840 4318 vero
869 4264 927 4318 in
964 4275 1279 4335 sequentem
1311 4266 1452 4321 diem
1485 4265 1767 4319 Homiliam
1819 4266 2115 4330 mittamus,
2158 4266 2259 4319 alia
2288 4274 2539 4337 exsurget
2584 4265 2868 4321 difﬁcultas
2902 4285 2913 4319 :
2946 4281 3056 4321 non
3107 4265 3251 4320 enim
3281 4275 3390 4319 tres
3416 4276 3624 4319 tantum

415 4382 553 4447 dies,
586 4384 680 4437 sed
720 4396 945 4453 quatuor
976 4385 1119 4454 pleni
1145 4394 1195 4439 et
1229 4385 1443 4455 integri,
1478 4386 1846 4451 intercedent;
1902 4402 2088 4441 verum
2134 4386 2361 4441 fortasse
2401 4385 2816 4458 Cbrysostomus
2842 4396 2951 4441 tres
2969 4388 3163 4442 dixerit
3198 4388 3315 4442 dies
3344 4403 3452 4441 non
3495 4404 3626 4455 sup-

417 4498 675 4568 putando,
728 4501 822 4554 sed
848 4500 1065 4555 circiter
1096 4510 1303 4570 tempus
1333 4502 1675 4572 assignando,
1724 4503 1867 4571 quod
1900 4504 2041 4573 apud
2073 4503 2246 4573 ipsum
2289 4519 2397 4559 non
2435 4504 2710 4562 insolitum
2744 4514 2845 4559 est.
2878 4503 3033 4569 Rem,
3073 4504 3307 4574 alioquin
3351 4518 3459 4557 non
3494 4504 3627 4557 tanti

416 4613 699 4676 momenti,
727 4612 943 4666 dubiam
981 4612 1353 4681 relinquimus.

476 4812 494 4830 '
531 4828 548 4859 ε
574 4813 705 4863 Hanc
727 4811 1067 4861 difﬁcultatem
1108 4812 1252 4861 facile
1295 4811 1532 4874 expedire
1556 4809 1695 4871 licet,
1733 4811 1876 4859 modo
1913 4818 2059 4863 antea
2082 4821 2269 4864 certum
2295 4814 2377 4873 sit,
2405 4816 2529 4863 hanc
2563 4814 2813 4864 homiliam
2858 4814 3071 4864 habitam
3097 4830 3209 4864 esse
3236 4817 3314 4864 die
3353 4816 3623 4865 Paschalis.

414 4896 501 4948 Uti
537 4903 667 4949 enim
693 4902 1066 4961 Chrysostomus
1103 4902 1362 4962 presbyter
1387 4897 1641 4948 multoties
1666 4908 1775 4961 post
1799 4898 2081 4961 episcopum
2124 4906 2178 4949 et
2214 4903 2334 4949 alios
2356 4902 2531 4949 eodem
2552 4903 2632 4949 die
2663 4914 2718 4950 ac
2741 4901 2970 4950 continuo
2993 4900 3041 4949 in
3068 4901 3279 4949 ecclesia
3315 4900 3485 4949 habuit
3508 4914 3627 4947 cou-

412 4987 623 5042 cionem,
650 4986 697 5032 id
716 4985 844 5044 quod
870 4997 932 5033 ex
958 4988 1065 5045 ejus
1098 4983 1408 5032 sermonibus
1432 4989 1633 5045 apparet
1656 4998 1667 5031 :
1693 4985 1759 5031 ita
1790 4985 1880 5031 hoc
1904 4982 2051 5030 etiam
2074 4985 2156 5031 die
2177 4986 2303 5033 alius
2321 4993 2433 5045 post
2460 4998 2572 5032 eum
2595 4982 2899 5046 episcopum,
2919 4990 3023 5033 sive
3051 4987 3326 5047 presbyter,
3356 4988 3457 5033 sive
3481 4985 3626 5041 alius,

412 5067 681 5117 orationem
721 5072 783 5117 de
822 5068 1007 5117 Pascha
1031 5066 1215 5115 habere
1239 5068 1419 5128 potuit,
1450 5073 1701 5127 postquam
1740 5071 1846 5126 ipse
1872 5065 2085 5125 graviter
2107 5073 2275 5114 contra
2316 5069 2591 5128 spectacula
2617 5073 2669 5115 et
2708 5069 2897 5116 theatra
2925 5068 3235 5128 disputasset.
3277 5068 3443 5115 Habeo
3468 5064 3516 5112 in
3541 5067 3629 5113 ha:

411 5160 471 5198 re
499 5150 892 5200 consentientem
922 5152 1082 5211 ipsum
1106 5145 1547 5196 Montefalconium.
1574 5145 1698 5195 Vide
1724 5154 1839 5194 tom.
1866 5147 1923 5203 V,
1951 5161 1996 5207 p.
2028 5146 2130 5205 ll8,
2158 5148 2293 5195 not.b
2327 5184 2338 5195 .
2369 5164 2385 5194 ι
2415 5149 2528 5197 Haec
2562 5149 2644 5198 Ch.
2673 5149 2752 5198 Fr.
2788 5150 2998 5198 Matthwi
3035 5153 3081 5198 in
3110 5151 3232 5198 libro
3264 5148 3346 5209 qui
3372 5151 3629 5207 inscriptus

412 5238 524 5279 est:
551 5234 603 5280 J.
628 5230 951 5298 Chrysostomi
976 5228 1202 5284 110min
1222 5230 1305 5294 IV,
1329 5231 1424 5281 vol.
1450 5231 1496 5292 2,
1521 5242 1568 5293 p.
1593 5230 1669 5292 77,
1699 5230 1916 5291 Misene},
1952 5231 2082 5278 1792.
2112 5230 2298 5290 Quibus
2318 5232 2439 5281 adde
2463 5232 2627 5282 lilontf.
2661 5234 2801 5283 Praef.
2831 5232 2947 5284 tomi
2971 5235 3132 5296 hujus,
3160 5233 3275 5296 θη,
3300 5233 3621 5292 eumdcmqur

412 5326 531 5371 tom.
562 5318 665 5383 XII,
689 5335 736 5382 p.
758 5321 867 5370 321.
