4054 6320
300 392 407 448 905

298 511 392 562 καὶ
433 506 538 577 πρὸ
573 505 682 559 τῶν
709 501 998 574 ὀφθαλμῶν
1023 501 1130 555 τῶν
1152 501 1430 572 ὑμετέρων
1456 500 1684 553 τιθέναι.
1714 499 1834 562 Πῶς
1864 500 1955 552 δυ-

299 607 571 680 νησόμεθα
590 606 680 659 τὸν
700 605 831 660 Θεὸν
854 603 1037 657 λοιπὸν
1064 602 1190 655 ἵλεω
1216 600 1471 671 atat-710m;
1498 599 1615 663 πῶς
1636 598 1962 663 καταλλάξαι

297 708 677 782 ὀργιζόμενον;
726 703 839 777 Πρὸ
884 703 1050 775 τριῶν
1098 699 1318 774 ἡμερῶν
1365 698 1636 770 ἐπομϐρία
1686 697 1780 751 καὶ⁸
1811 697 1964 761 ὑετὸς

302 811 708 882 κατερρήγνυτο
742 807 917 861 πάντα
942 803 1293 877 παρασύρων,
1324 802 1417 857 ἀπ’
1444 799 1608 856 αὑτοῦ
1633 800 1725 854 τοῦ
1762 800 1961 872 στόμα-

300 931 391 977 τος
411 927 464 979 α,
497 912 568 974 ὡς
606 911 801 974 εἰπεῖν,
835 907 933 978 τὴν
966 906 1242 977 τράπεζαν
1274 905 1383 959 τῶν
1419 904 1669 977 γηπόνων
1708 902 1964 975 ἀφαρπά-

303 1013 430 1079 ζων,
456 1011 691 1082 στάχυας
716 1008 1000 1079 κομῶντας
1029 1005 1384 1069 κατακλίνων,
1414 1003 1483 1058 τά
1501 1003 1635 1059 ἀλλα
1658 1003 1871 1057 ἅπαντα
1895 1003 1960 1071 τῇ

305 1114 585 1185 πλεονεξίᾳ
616 1114 714 1182 τῆς
753 1112 924 1182 ὑγρᾶς
962 1109 1291 1178 κατασήπων
1326 1105 1533 1169 οὐσίας’
1568 1105 1829 1159 λιτανεῖαι
1871 1103 1967 1157 καὶ

307 1217 598 1289 ίκετηρίαι,
620 1215 714 1268 καὶ
747 1214 896 1266 πᾶσα
924 1210 1079 1281 ήμῶν
1108 1211 1141 1281 ή
1177 1209 1328 1271 πόλις
1355 1209 1540 1280 ὥσπερ
1560 1208 1855 1280 χείμαρρος
1872 1210 1970 1261 ἐπὶ

305 1320 432 1381 τοὺς
477 1317 675 1378 τόπους
726 1313 835 1367 τῶν
888 1310 1196 1366 ἀποστόλων
1248 1310 1455 1381 ἔτρεχε,
1491 1310 1584 1362 καὶ
1639 1310 1968 1381 συνηγόρους

308 1417 680 1489 ἐλαμϐάνομεν
713 1414 804 1467 τὸν
851 1414 1004 1483 ἆγιον
1043 1413 1246 1484 Πέτρον
1284 1413 1377 1466 καὶ
1410 1412 1500 1466 τὸν
1542 1413 1806 1484 μακάριον
1848 1414 1969 1467 Ἀν-

307 1521 492 1593 δρέαν,
522 1519 619 1589 τὴν
643 1517 907 1590 ξυνωρίδα
935 1516 1044 1570 τῶν
1066 1515 1375 1570 ἀποστόλων
1403 1514 1455 1580 1³,
1488 1515 1699 1569 Παῦλον
1746 1516 1838 1570 καὶ
1879 1517 1969 1569 Τι-

313 1620 525 1692 μόθεον.
563 1619 697 1672 Μετ’
722 1618 924 1680 ἐκεῖνα,
952 1618 1049 1686 τῆς
1081 1614 1263 1688 ίόργῆς
1302 1615 1572 1687 λυθείσης,
1601 1617 1695 1670 καὶ¹
1738 1616 1972 1685 πέλαγος

312 1717 667 1789 περάσαντες,
707 1714 800 1770 καὶ
836 1715 1094 1785 κυμάτων
1132 1712 1656 1784 κατατολμήσαντες,
1699 1714 1790 1765 ἐπὶ
1845 1714 1970 1777 τοὺς

311 1817 639 1890 κορυφαίους
668 1816 976 1887 ἐτρέχομεν,
1007 1814 1098 1867 τὸν
1124 1812 1328 1883 Πέτρον
1355 1812 1453 1883 τὴν
1490 1812 1726 1883 κρηπῖδα
1754 1812 1851 1882 τῆς
1882 1810 1972 1863 πί-

314 1936 504 1984 στεως,
535 1919 625 1972 τὸν
663 1917 870 1972 Παῦλον
910 1916 970 1970 τὸ
1018 1914 1209 1979 σκεῦος
1247 1915 1345 1986 τῆς
1384 1914 1630 1986 ἐκλογῆς,
1666 1916 1972 1986 πανήγυριν

313 2020 681 2083 ἐπιτελοῦντες
732 2019 1123 2090 πνευματικὴν,
1164 2018 1258 2072 καὶ
1310 2027 1334 2056 ο
1380 2018 1506 2081 τοὺς
1555 2016 1750 2080 ἄθλους
1792 2015 1972 2071 αὐτῶν

312 2122 793 2194 ἀνακηρύττοντες,
835 2119 903 2173 τά
942 2118 1179 2192 τρόπαια
1221 2118 1314 2171 καὶ
1357 2118 1455 2181 τάς
1502 2118 1655 2181 νίκας
1695 2116 1791 2181 τὰς
1832 2116 1973 2169 κατά

313 2227 420 2281 τῶν
478 2224 765 2294 δαιμόνων.
817 2221 928 2275 Καὶ
981 2220 1105 2273 οὔτε
1145 2219 1223 2290 τῷ
1262 2218 1410 2289 φόϐῳ
1453 2218 1561 2273 τῶν
1606 2219 1900 2289 γινομένων
1942 2216 1971 2257 ἀ

313 2325 772 2393 καταπλαγέντες,
797 2321 920 2375 οὔτε
942 2324 1019 2393 τῷ
1050 2321 1267 2392 μεγέθει
1283 2321 1389 2374 τῶν
1404 2319 1839 2391 κατορθωμάτων
1864 2319 1972 2373 τῶν

312 2426 683 2482 ἀποστολικῶν
716 2437 739 2464 ο
774 2422 1172 2488 παιδευθέντες,
1209 2420 1399 2492 ἀθρόον
1430 2420 1571 2474 οὕτω
1610 2423 1737 2490 μιᾶς
1771 2420 1972 2491 μεταξὺ

314 2527 609 2599 γενομένης
635 2524 865 2596 ἡμέρας,
895 2524 1120 2594 σκιρτᾷς
1138 2522 1230 2576 καὶ
1257 2520 1403 2594 βοᾷς,
1434 2522 1532 2592 τὴν
1564 2521 1759 2575 ἑαυτοῦ
1797 2522 1973 2594 ψυχὴν

312 2627 654 2702 αἰχμάλωτον
679 2626 783 2679 ὑπὸ
813 2625 921 2678 τῶν
959 2623 1146 2678 παθῶν
1182 2625 1643 2695 ’παρασυρομένην
1667 2624 1932 2695 περιορῶν
1956 2640 1972 2689 ;

313 2730 377 2784 Εἰ
429 2727 486 2781 δὲ
535 2724 754 2780 ἐϐούλου
804 2722 1002 2794 δρόμον
1049 2721 1257 2790 ἀλόγων
1295 2723 1446 2793 όρᾷν,
1484 2723 1625 2785 τίνος
1661 2724 1843 2778 ἕνεκεν
1875 2724 1975 2777 οὐκ

311 2827 537 2894 έζευξας
567 2825 635 2879 τὰ
660 2824 830 2892 ἄλογα
858 2825 914 2875 ἐν
940 2822 1022 2874 σοὶ
1044 2820 1211 2891 πάθη,
1237 2820 1404 2891 θυμὸν
1429 2820 1520 2875 καὶ
1538 2822 1850 2892 ἐπιθυμίαν,
1882 2823 1975 2877 καὶ⁵

312 2928 589 2999 ἐπέθηκας
617 2926 799 2988 αὐτοῖς
822 2923 912 2977 τὸν
932 2923 1031 2993 τῆς
1061 2921 1375 2991 φιλοσοφίας
1405 2920 1586 2989 ζυγὸν,
1620 2923 1711 2975 τὸν
1743 2924 1976 2995 χρηστὸν

313 3030 411 3082 καὶ
445 3025 666 3096 κοῦφον,
696 3023 790 3077 καὶ
822 3022 1127 3091 ἐπέστησας
1163 3022 1345 3083 αὐτοῖς
1371 3020 1627 3091 λογισμὸν
1663 3021 1840 3092 ὀρθὸν,
1883 3023 1977 3077 καὶ

313 3130 453 3202 πρὸς
478 3128 541 3181 τὸ
565 3124 813 3198 βραϐεῖον
834 3123 1041 3195 ήλασοις
1069 3122 1167 3192 τῆς
1193 3121 1305 3176 ἄνω
1334 3122 1596 3192 κλήσεως,
1622 3123 1720 3176 οὐκ
1743 3123 1849 3177 ἀπὸ
1885 3124 1979 3194 μύ-

317 3251 443 3297 σους
467 3233 547 3296 είς
575 3229 765 3301 μύσος,
785 3226 899 3281 ἀλλ’
925 3224 1032 3279 ἀπὸ
1058 3224 1161 3295 γῆς
1187 3228 1265 3289 είς
1292 3226 1516 3296 οὐρανὸν
1536 3229 1777 3297 τρέχων;
1809 3228 1979 3282 Τοῦτο

313 3336 425 3408 γὰρ
459 3334 561 3406 τῆς
606 3328 965 3401 ἱπποδρομίας
1004 3325 1065 3380 τό
1116 3321 1254 3388 εἶδος
1298 3325 1433 3395 μετά
1476 3325 1572 3396 τῆς
1621 3326 1814 3397 ήδονῆς
1860 3329 1981 3382 πολ-

312 3437 413 3509 λὴν
461 3433 573 3505 ἔχει
617 3430 717 3503 τὴν
754 3429 1037 3500 ὠφέλειαν.
1092 3425 1229 3481 Ἀλλ’
1275 3427 1432 3496 ἀφεὶς
1488 3429 1555 3480 τά
1606 3428 1745 3483 κατὰ
1786 3431 1980 3485 σαυτὸν

315 3529 502 3593 ἁπλῶς
544 3529 639 3583 καὶ
671 3526 747 3591 ὡς
785 3525 941 3595 ἔτυχε
973 3523 1255 3598 φέρεσθαι,
1293 3524 1431 3594 ὑπὲρ
1463 3524 1559 3593 τῆς
1592 3524 1792 3595 ἐτέρων
1824 3528 1979 3600 νίκης

313 3635 512 3691 ἐκάθου
532 3632 552 3671 ί
563 3677 578 3702 ,
600 3631 813 3703 ἡμέραν
842 3627 1110 3698 τοσαύτην
1137 3627 1260 3697 είκῆ
1282 3625 1375 3680 καὶ
1398 3626 1575 3697 μάτην
1595 3626 1689 3681 καὶ
1711 3628 1802 3681 ἐπὶ
1827 3628 1979 3700 κακῷ

316 3734 593 3794 δαπανῶν.

390 3832 456 3903 β’.
482 3827 634 3903 [274]
647 3824 725 3880 Ἦ
748 3826 846 3879 οὐκ
866 3823 1023 3879 οἶσθα
1041 3826 1123 3879 ὅτι
1145 3823 1394 3898 καθάπερ
1412 3827 1572 3897 ἡμεῖς
1592 3828 1852 3901 ἀργύριον
1869 3834 1980 3896 τοῖς

311 3934 552 3996 οἰκέταις
587 3931 699 3992 τοῖς
743 3927 1029 3999 ἡμετέροις
1067 3926 1480 3997 ἐγχειρίζοντες,
1515 3929 1745 3995 εὐθύνας
1783 3932 1980 3997 αὐτοὺς

316 4034 414 4089 καὶ
443 4031 604 4102 μέχρι
632 4028 750 4092 ἐνὸς
779 4026 1113 4097 ἀπαιτοῦμεν
1145 4025 1355 4081 ὀϐολοῦ·
1376 4028 1525 4083 οὓτω
1552 4031 1644 4085 καὶ
1669 4033 1698 4086 6
1719 4032 1851 4099 Θεὸς
1871 4036 1979 4091 τῶν

318 4129 542 4203 ἡμερῶν
569 4127 666 4198 τῆς
699 4125 844 4197 ζωῆς
880 4124 980 4196 τῆς
1003 4125 1276 4196 ἡμετέρας
1312 4127 1601 4198 ἀπαιτήσει
1628 4130 1785 4202 λόγον
1809 4135 1977 4206 ἡμᾶς,

316 4236 437 4299 πῶς
461 4234 698 4304 ἑκάστην
723 4232 937 4304 ἡμέραν
959 4231 1405 4304 ἐδαπανήσαμεν;
1435 4235 1500 4288 Τί
1525 4231 1619 4291 οὖν
1642 4238 1903 4312 ἐροῦμεν;
1926 4242 1980 4296 τε

316 4336 373 4391 δὲ
414 4331 887 4404 ἀπολογησόμεθα,
928 4333 1056 4386 ὅταν
1092 4332 1193 4403 τῆς
1230 4333 1446 4405 ἡμέρας
1487 4336 1701 4410 ἐκείνης
1740 4340 1980 4398 ἀπαιτώ-

312 4442 461 4514 νμεθα
496 4439 750 4504 εύθύνας;
777 4437 964 4501 Ἥλιος
993 4437 1231 4492 ἀνέτειλε
1271 4438 1360 4492 διὰ
1408 4441 1487 4509 σὲ,
1524 4442 1619 4495 καὶ
1651 4444 1845 4519 σελήνη
1878 4450 1978 4521 τὴν

318 4547 489 4600 νύκτα
534 4541 785 4613 ἐφώτισε,
825 4541 921 4595 καὶ
956 4541 1197 4605 ποικίλος
1223 4542 1466 4616 ἀστέρων
1489 4544 1767 4618 ἀνέλαμψε
1796 4550 1975 4621 χορόςο

317 4653 587 4705 ἔπνευσαν
634 4646 823 4717 ἄνεμοι
863 4645 950 4699 διὰ
996 4647 1076 4712 σέ,
1117 4645 1347 4718 ἔδραμον
1391 4649 1644 4720 ποταμοί·
1690 4650 1981 4723 σπέρματα

317 4757 655 4826 ἐϐλάστησαν
681 4752 768 4806 διὰ
790 4750 870 4817 σὲ,
901 4751 995 4805 καὶ
1016 4751 1159 4821 φυτά
1192 4752 1435 4823 ἀνεδόθη,
1464 4755 1558 4808 καὶ
1582 4754 1682 4826 τῆς
1704 4755 1918 4825 φύσεως
1949 4761 1979 4813 6

317 4865 515 4937 δρόμος
532 4862 629 4932 τὴν
660 4857 865 4913 οἰκείαν
885 4857 1116 4928 ἐτήρησε
1140 4858 1311 4925 τάξιν,
1338 4859 1433 4914 καὶ
1455 4859 1638 4933 ήμέρα
1656 4862 1827 4934 ἐφάνη
1885 4866 1979 4920 καὶ

382 5152 409 5180 ⁸
429 5150 708 5200 Secundum
736 5147 864 5215 istud
883 5147 1236 5212 proverbium:
1271 5152 1425 5203 πολλὰ
1488 5153 1659 5215 μεταξὺ
1714 5157 1845 5207 πέλει
1898 5162 1978 5208 κύ·

316 5215 467 5284 λιξοὶ
466 5214 546 5261 καὶ
569 5214 747 5284 χείλεος
768 5213 934 5284 ἀκρον.
1294 5272 1306 5284 ,
1361 5273 1373 5284 ,

378 5274 406 5311 δ
430 5274 637 5344 Ξυνωρίς
660 5282 794 5324 notat
813 5274 969 5344 primo
992 5285 1209 5344 qui-runt,
1226 5274 1306 5344 cui
1344 5274 1503 5337 juncti
1529 5282 1665 5344 eunt
1714 5277 1811 5329 duo
1832 5279 1977 5344 equi;

314 5337 533 5384 secundo
555 5337 646 5407 ρρτ
667 5347 907 5407 equorum
920 5337 1122 5386 invicem
1158 5340 1468 5401 junctorum;
1524 5342 1674 5389 tertio
1734 5337 1979 5405 quodlibet

315 5409 425 5457 par,
452 5397 693 5459 quodlibet
708 5397 1006 5461 'conjugt'um.

380 5462 401 5488 ο
431 5459 520 5506 Καί
543 5462 729 5507 rectius
745 5460 960 5508 abesset.

378 5494 1096 5590 d}23311':‘;;$ff£{éuigit
1149 5522 1281 5571 enim
1323 5521 1689 5573 inundationem
1729 5526 1977 5590 imbrium,

315 5593 425 5639 qua:
449 5588 543 5637 Jam
565 5588 860 5630 cessaverat.
1966 5588 1971 5590 ⁷

318 5709 328 5716 Δ
384 5645 407 5669 ε
431 5643 789 5716 Κριτορθῴματα
808 5645 1104 5716 ἀποστολικοὶ
1152 5658 1286 5716 nunc
1313 5646 1533 5716 apppiiat
1588 5649 1847 5712 auxilium,
1903 5653 1975 5701 la-

318 5709 418 5772 tum
442 5703 503 5772 at}
522 5703 773 5772 anastolja,
799 5711 908 5772 post
925 5706 1312 5772 suppiicationes
1337 5703 1577 5772 bublicas.

383 5761 658 5835 ςςισξκᾲρου.
706 5761 1108 5835 ευρριεήθεὰτής,
1171 5772 1249 5820 vel
1296 5761 1476 5829 κόιτής,
1533 5770 1625 5821 nisi
1671 5774 1973 5825 substituere

311 5826 454 5875 malis
473 5824 668 5880 ἐκήδου.
781 5824 828 5827 ﬂ
914 5829 920 5835 ’
971 5841 975 5845 ’

1145 386 1202 439 S.
1244 383 1529 440 JOANNIS
1557 381 2054 438 CHRYbOSTOMl
2093 382 2411 440 ARCHIEP.
2444 382 2997 441 CONSTANTINOP.

3616 384 3722 441 26C:

2067 502 2160 567 νὺξ
2181 501 2423 574 παρῆλθε
2442 505 2489 542 8·
2520 504 2614 558 καὶ
2632 502 2805 557 ταῦτα
2829 504 3005 557 πάντα
3033 502 3214 571 γέγονε
3232 502 3321 555 διὰ
3342 501 3426 555 σέ·
3453 502 3518 555 σὺ
3541 502 3601 556 δὲ
3619 503 3728 557 τῶν

2064 606 2376 677 κτισμάτων
2410 624 2492 659 σοι
2520 606 2974 678 διακονουμένων,
3005 606 3097 660 τοῦ
3128 606 3369 661 διαϐόλου
3400 606 3498 677 τὴν
3535 606 3728 660 ἐπιθυ-

2068 707 2197 778 μίαν
2224 707 2482 779 πληροῖς;
2514 710 2621 763 Καὶ
2648 709 2899 762 τοσοῦτον
2922 709 3074 780 παρά
3097 708 3189 761 τοῦ
3213 708 3343 762 Θεοῦ
3378 708 3723 780 μισθωσάμε-

2064 828 2153 873 νος
2194 805 2359 876 οἷκον,
2389 809 2479 863 τὸν
2512 810 2715 880 κόσμον
2754 810 2895 878 λέγω
2933 810 3140 875 τοῦτον,
3178 810 3277 862 οὐκ
3313 810 3591 873 ἀπέδωκας
3632 811 3723 863 τὸν

2070 911 2277 983 μισθόν,
2309 912 2413 966 Καὶ
2443 913 2542 965 οὐκ
2587 914 2787 984 ἤρκεσε
2823 916 2889 984 τῇ
2926 913 3167 984 προτέρᾳ
3215 911 3417 983 ἡμέρᾳ,
3462 914 3595 967 ἀλλά
3629 915 3723 968 καὶ

2063 1013 2161 1085 τὴν
2193 1015 2469 1086 δευτέραν,
2501 1016 2590 1068 ὅτε
2623 1014 2935 1069 ἀναπαῦσαι
2962 1016 3153 1089 μικρὸν
3179 1017 3346 1088 ἐχρῆν
3372 1016 3477 1069 ἀπὸ
3510 1017 3603 1087 τῆς
3637 1019 3726 1086 ἐγ-

2066 1115 2354 1186 γινομένης
2406 1116 2621 1181 κακίας,
2663 1117 2756 1171 ὲπὶ
2803 1117 3005 1190 θέατρα
3055 1117 3217 1171 πάλιν
3268 1118 3569 1182 ἀνέϐαινες,
3624 1120 3728 1172 ἀπὸ

2063 1218 2273 1271 καπνοῦ
2307 1220 2387 1281 είς
2408 1217 2517 1288 πῦρ
2539 1218 2769 1289 τρέχων,
2797 1221 2876 1283 είς
2898 1219 3082 1291 ἕτερον
3108 1219 3381 1292 βάραθρον
3402 1219 3586 1284 καθεὶς
3610 1223 3735 1275 ἐαυ-

2066 1321 2156 1375 τὸν
2185 1321 2579 1394 χαλεπώτερον.
2612 1324 2870 1394 Γέροντες
2901 1324 3090 1388 πολιὰς
3116 1324 3473 1397 κατῄσχυνον,
3502 1327 3594 1379 καὶ
3624 1327 3739 1379 νέοι

2068 1421 2165 1493 τὴν
2219 1422 2445 1495 νεότητα
2489 1424 2945 1495 κατεκρήμνιζον,
2994 1426 3089 1478 καὶ
3126 1425 3367 1497 πατέρες
3405 1427 3598 1491 παῖδας
3645 1429 3740 1481 ἀν-

2067 1522 2219 1594 ῆγον,
2252 1524 2316 1575 ἐκ
2346 1523 2645 1595 προοιμίων
2672 1525 2773 1595 τὴν
2800 1525 3165 1598 ἀπειρόκακω
3187 1526 3407 1597 ἠλικίαν
3436 1528 3518 1594 εἰς
3538 1528 3608 1582 τὰ
3637 1530 3739 1599 τῆς

2069 1624 2333 1695 πονηρίας
2356 1624 2739 1695 ἐμϐιϐάζοντες
2764 1625 3033 1699 βάραθρα,
3053 1626 3199 1683 ὣστε
3228 1629 3329 1682 οὐκ
3356 1630 3422 1685 ἀν
3439 1648 3525 1696 τις
3557 1632 3740 1703 άμάρο

2068 1739 2150 1776 τοι
2202 1724 2581 1788 παιδοκτόνους
2632 1726 2755 1779 ἀντ)⁸
2802 1727 3057 1798 πατέρων
3104 1728 3231 1792 τοὺς
3277 1728 3549 1793 τοιούτους
3598 1732 3738 1785 ἀπο-

2070 1822 2271 1890 καλῶν,
2326 1824 2420 1877 καὶ
2472 1828 2540 1897 τῇ
2582 1826 2610 1866 h
2658 1826 2826 1897 κακίᾳ
2878 1827 2977 1899 τὴν
3020 1826 3199 1899 ψυχήν
3245 1828 3581 1894 ἀπολλύντας
3629 1832 3742 1884 τῶν

2066 1930 2385 2001 τεχθέντων.
2451 1932 2561 1984 Καὶ
2608 1932 2737 1986 ποία
2796 1932 2999 1999 mactat;
3061 1934 3215 2005 φησί.
3256 1934 3357 1988 Διά
3416 1936 3522 2007 γὰρ
3580 1936 3743 1992 τοῦτο

2069 2033 2361 2105 ὀδυνῶμαι,
2402 2035 2482 2088 ὅτι
2521 2036 2614 2089 καὶ
2642 2035 2832 2100 νοσῶν,
2863 2037 2961 2090 οὐκ
2992 2031 3140 2101 οἶδας
3170 2038 3253 2090 ὅτι
3286 2041 3481 2102 νοσεῖς,
3517 2041 3605 2094 ἵνα
3644 2042 3744 2095 καὶ

2069 2134 2159 2187 τὸν
2189 2135 2367 2206 ἰατρὸν
2401 2134 2756 2208 ἐπιζητήσης.
2788 2138 3049 2207 Μοιχείας
3072 2137 3260 2206 ἐγένου
3290 2139 3739 2211 πεπληρωμένος,

2064 2234 2163 2287 καὶ
2209 2235 2450 2305 ἐρωτᾷς,
2488 2236 2615 2289 ποία
2659 2237 2854 2304 κακία;
2882 2234 2918 2308 ἦ
2948 2238 3045 2291 οὐκ
3084 2238 3323 2309 ἧκουσας
3365 2241 3457 2293 τοῦ
3497 2242 3741 2312 Χριστοῦ

2070 2337 2336 2406 λέγοντος
2376 2339 2438 2392 '0
2468 2340 2770 2410 ἐμϐλέψας
2802 2342 3039 2410 γυναικὶ
3072 2343 3223 2412 πρὸς
3251 2345 3315 2398 τό
3347 2344 3741 2415 ἐπιθυμῆσαι,

2070 2436 2186 2506 ἤδη
2213 2437 2569 2506 ἐμοίχευσεν
2588 2442 2782 2507 αὐτήν⁴
2802 2458 2820 2505 ;
2843 2443 2908 2494 Τί
2932 2437 3025 2496 οῦν
3048 2442 3143 2498 ἐάν
3176 2442 3248 2514 μὴ
3283 2444 3552 2514 ἐμϐλέψω,
3579 2449 3739 2517 φησὶ,

2072 2538 2207 2610 πρὸς
2253 2539 2313 2591 τὸ
2357 2539 2733 2610 ἐπιθυμῆσαι;
2775 2543 2884 2595 Καὶ
2913 2542 3030 2605 πῶς
3071 2543 3274 2617 δυνήσῃ
3315 2562 3380 2614 με
3414 2547 3633 2611 πεῖσαι;
3680 2547 3743 2599 '0

2070 2640 2177 2712 γάρ
2216 2641 2310 2694 τοῦ
2343 2641 2618 2714 θεωρῆσαι
2660 2644 2734 2714 μὴ
2768 2642 3005 2714 κρατῶν,
3040 2644 3174 2699 ἀλλά
3205 2645 3467 2717 τοσαύτην
3497 2647 3742 2718 σπουδὴν

2073 2741 2210 2812 ὑπὲρ
2242 2741 2335 2795 τοῦ
2369 2743 2611 2796 τοιούτου
2657 2753 2674 2781 ι
2710 2744 3010 2814 τιθέμενος,
3045 2746 3164 2809 πῶς
3194 2748 3325 2818 μετά
3360 2748 3419 2800 τὸ
3462 2746 3744 2820 θεωρῆσαι

2071 2842 2274 2916 δυνήσῃ
2306 2843 2483 2913 μένειν
2510 2844 2877 2915 ἀκηλίδωτος;
2915 2846 3007 2917 Μὴ
3032 2846 3141 2917 γὰρ
3174 2848 3312 2912 λίθος
3338 2866 3417 2903 σοι
3448 2848 3507 2901 τὸ
3538 2849 3745 2921 σῶμα;

2076 2941 2149 3012 μὴ
2176 2943 2281 3011 γὰρ
2313 2942 2561 3014 σίδηρος;
2596 2943 2781 3015 Σὰρκα
2807 2945 3136 3015 περίκεισαι,
3168 2948 3344 3018 σάρκα
3371 2948 3744 3020 ἀνθρωπίνην,

2072 3039 2194 3110 ἥτις
2226 3041 2421 3114 χόρτου
2451 3041 2830 3116 χαλεπώτερον
2862 3044 2876 3094 i
2922 3044 3027 3099 ὑπὸ
3055 3047 3155 3117 τῆς
3187 3048 3477 3119 ἐπιθυμίας
3507 3050 3748 3104 ἀνάπτε-

2073 3158 2183 3195 ται.

2145 3248 2257 3303 Καὶ
2296 3248 2349 3300 τί
2386 3246 2529 3317 λέγω
2572 3248 2634 3302 τὸ
2675 3250 2932 3322 θέατρον;
2977 3254 3066 3307 Ἐν
3105 3255 3281 3327 ἀγορᾷ
3339 3256 3596 3321 πολλάκις
3651 3257 3749 3311 ἐὰν

2078 3348 2477 3418 ἀπαντήσωμεν
2505 3352 2741 3418 γυναικὶ,
2764 3352 3159 3425 θορυϐούμεθα*
3193 3356 3260 3409 σὺ
3289 3354 3349 3409 δὲ
3378 3356 3491 3410 άνω
3512 3356 3751 3428 καθήμε·

2079 3465 2190 3512 νος,
2214 3449 2344 3502 ὅπου
2372 3449 2609 3520 τοσαύτη
2645 3451 2781 3523 πρὸς
2805 3454 3190 3527 ἀσχημοσύνην
3214 3456 3579 3529 παράκλησις,
3604 3459 3752 3531 ὁρῶν

2078 3551 2311 3619 γυναῖκα
2359 3552 2563 3623 πόρνην
2602 3556 2784 3625 γυμνῇ
2829 3556 2896 3625 τῇ
2949 3555 3159 3628 κεφαλῇ
3210 3559 3352 3629 μετά
3405 3559 3605 3631 πολλῆς
3649 3560 3752 3629 τῆς

2078 3649 2460 3721 ἀναισχυντίας
2500 3652 2793 3721 εἰσιοῦσαν,
2828 3658 3006 3727 χρυσᾶ
3039 3658 3509 3731 περιϐεϐλημένην
3540 3661 3748 3731 ἱμάτια,

2082 3752 2536 3823 μαλακιζομένην,
2562 3754 2940 3829 θρυπτομένην
2958 3758 3012 3824 -ι,
3048 3759 3269 3831 ᾄσματα
3304 3760 3536 3832 ᾅδουσαν
3563 3781 3752 3835 πορνι-

2077 3852 2171 3919 κά,
2203 3853 2693 3925 κατακεκλασμένα
2724 3857 2882 3929 μέλη,
2907 3861 3107 3932 αίσχρά
3143 3863 3478 3934 προϊεμένην
3504 3865 3752 3936 ῥήματα,

2077 3955 2489 4027 ἀσχημονοῦσαν
2517 3958 2761 4023 τοιαῦτα,
2788 3959 2929 4032 ἅπερ
2958 3964 2985 4016 6
3020 3963 3301 4035 θεωρήσας
3335 3966 3399 4020 ἄν
3428 3968 3507 4030 είς
3540 3967 3755 4021 ἔννοιαν

2077 4056 2269 4129 λάϐῃς,
2308 4058 2458 4113 κάτω
2488 4058 2734 4124 κύπτεις
2765 4062 2969 4134 τολμᾷς
2996 4064 3170 4118 εἰπεῖν
3191 4066 3265 4130 ὡς
3291 4066 3438 4119 οὐδὲν
3470 4067 3689 4139 πάσχῃς
3724 4068 3751 4109 ι

2077 4158 2445 4232 ἀνθρώπινον;
2476 4159 2568 4232 Μὴ
2600 4160 2707 4233 γάρ
2737 4161 2881 4227 λίθος
2909 4181 2991 4217 σοι
3027 4164 3088 4218 τὸ
3116 4166 3308 4237 σῶμα;
3342 4167 3414 4238 μὴ
3441 4167 3550 4240 γὰρ
3592 4170 3752 4241 σίδη-

2080 4284 2205 4339 ρος;
2242 4267 2317 4320 Οὐ
2342 4266 2450 4340 γὰρ
2481 4268 2885 4340 παραιτήσομαι
2935 4269 3097 4325 πάλιν
3142 4271 3211 4325 τά
3244 4272 3384 4327 αὐτὰ
3423 4275 3617 4329 εἰπεῖν.
3654 4276 3752 4347 Μὴ

2077 4372 2186 4443 γὰρ
2218 4373 2324 4426 τῶν
2350 4371 2600 4444 μεγάλων
2631 4374 2727 4426 καὶ
2756 4376 3017 4443 γενναίων
3048 4377 3258 4450 ἀνδρῶν
3284 4378 3530 4444 ἐκείνων,
3558 4380 3608 4432 οἳ
3639 4381 3754 4435 ἀπὸ

2076 4476 2236 4548 ψιλῆς
2263 4476 2438 4545 ὅψεως
2460 4477 2892 4550 κατηνέχθησαν,
2926 4479 3077 4554 [275]
3110 4482 3541 4556 φιλοσοφώτερος
3570 4488 3634 4539 σὺ
3659 4481 3747 4554 εἶς

2079 4579 2193 4632 Ούκ
2223 4580 2458 4650 ἤκουσας
2491 4581 2541 4634 τί
2567 4599 2729 4651 φησιν
2752 4582 2781 4634 6
2808 4582 3075 4654 Σολομὼν·
3106 4589 3507 4656 Περιπατήσει
3527 4608 3617 4657 τις
3653 4591 3752 4645 ἐπ’

2077 4682 2386 4753 ἀνθράκων
2421 4686 2640 4754 πυρός,
2688 4686 2828 4754 τοὺς
2873 4688 2942 4741 δὲ
2989 4690 3181 4757 πόδας
3225 4694 3299 4747 οὐ
3342 4698 3751 4763 κατακαύσει;

2090 4787 2398 4855 Ἄποδήσει
2435 4806 2523 4856 τις
2547 4791 2666 4860 πῦρ
2697 4793 2768 4845 ἐν
2797 4794 3021 4862 κόλπῳ,
3048 4796 3121 4850 τὰ
3146 4796 3216 4851 δὲ
3238 4799 3437 4867 ἱμάτια
3464 4805 3535 4856 οὐ
3565 4820 3752 4858 κατα-

2077 4892 2325 4957 italiam;
2354 4892 2551 4959 Οὕτως
2574 4898 2607 4948 ό
2631 4896 2835 4950 εἰσιὼν
2859 4902 2948 4965 εις
2975 4900 3230 4968 γυναῖκα
3256 4904 3583 4974 ἀλλοτρίαν
3602 4916 3661 4961 ³.
3683 4909 3753 4964 Εἰ

2079 4994 2187 5066 γὰρ
2225 4996 2322 5050 καὶ
2356 4997 2429 5068 μὴ
2475 4999 2818 5073 συνεπλάκης
2858 5006 2923 5074 τῇ
2968 5003 3139 5078 πόρνῃ
3161 5047 3176 5071 ,
3210 5008 3347 5062 ἀλλά
3376 5012 3443 5079 τῇ
3486 5012 3753 5085 ἐπιθυμίᾳ

2143 5288 2460 5367 iga-pf}??va
2474 5291 2579 5367 ilic
2616 5305 2714 5367 non
2761 5302 2839 5345 est
2882 5300 3202 5365 pertransire,
3255 5304 3342 5353 sed
3366 5303 3587 5367 prodire.
3652 5308 3753 5359 Lo-

2078 5351 2247 5409 quitur
2268 5352 2399 5409 enim
2431 5351 2494 5400 de
2516 5358 2787 5406 creatione.

2138 5407 2168 5477 1}
2192 5408 2574 5477 Malimﬁobcrﬁ.

2143 5472 2161 5551 ξ
2188 5472 2438 5551 inte-11153,
2459 5472 2747 5551 πράγματος,
2773 5482 2822 5551 id
2848 5491 2925 5551 eet
2945 5483 3030 5551 τοῦ
3058 5488 3310 5551 θεωρῆσαι.

2146 5533 2444 5617 ξζξρηιειὶιίρ
2459 5533 2805 5617 _ioo§tuiat"ut
2834 5533 3169 5617 -ερκολώτεροκῖ
3182 5533 3419 5614 “legatur,
3484 5563 3592 5615 aut,
3615 5561 3749 5617 quod

2078 5594 2356 5666 leniuit-est,
2380 5598 2435 5666 οὐ
2459 5594 2761 5666 ρὸείθχόρτου
2788 5607 3007 5656 addatur.

2078 5657 2431 5767 xxgral‘iesych.
2460 5657 2479 5708 ἐ
2555 5657 2835 5726 θρύπτεται·
2908 5672 3210 5730 μαλακίζεται
3233 5711 3248 5735 ,
3304 5682 3476 5741 τρυφᾷ,
3526 5688 3747 5745 στρηνιᾷ,

2148 5781 2183 5856 l_
2195 5778 2375 5856 tuatim,
2396 5783 2611 5856 πάσχεις·
2630 5800 2723 5856 nec
2744 5792 2873 5856 enim
2898 5804 3020 5854 opus
3042 5800 3115 5843 est
3137 5796 3457 5856 conjunctivo
3720 5830 3727 5837 -

2146 5851 2186 5875 ἠ
2206 5848 2547 5908 Septuaginta:
2568 5851 2681 5912 πρὸς
2700 5853 2895 5912 γυναῖκα
2931 5848 3180 5920 ῦπανδρον,
3221 5848 3350 5921 Quod
3372 5864 3549 5911 eodem
3590 5864 3741 5915 redit.
