4126 6294
346 408 446 464 1’67

346 541 526 581 ramus
546 568 562 594 ,
608 528 978 597 perturbamur
1007 546 1019 581 :
1052 538 1109 584 tu
1151 546 1279 585 vero
1318 545 1547 600 superne
1578 529 1805 595 sedens,
1833 527 1922 582 ubi

345 632 548 677 tantum
588 634 670 679 est
690 623 755 679 ad
778 624 1152 694 turpitudinem
1184 626 1604 690 incitamentum,
1636 622 1787 679 vides
1808 640 1924 678 mu-

349 716 530 770 lierem
551 715 625 790 (a)
655 717 795 771 nudo
814 718 987 787 capite
1012 732 1131 773 cum
1161 718 1484 788 impudentia
1513 731 1701 787 magna
1721 718 1924 771 intran-

349 820 452 865 tem
480 850 495 877 ,
527 809 701 865 aureis
754 810 991 865 indutam
1033 810 1383 871 vestimentis.
1414 808 1643 864 delicato
1672 807 1923 877 mollique

346 914 494 975 gestu
522 904 999 969 utentem,cantica
1030 903 1326 957 meretricia
1365 909 1665 966 canentem,
1687 900 1920 955 carmina

356 997 579 1065 lubrica,
609 996 778 1066 turpia
825 996 986 1049 verba
1031 993 1411 1065 proferentem,
1445 1005 1657 1063 tamque
1700 994 1923 1059 llll‘pilt'l‘

347 1099 587 1161 agentem
610 1130 626 1155 ,
673 1103 829 1158 quam
874 1097 931 1143 tu
978 1097 1129 1157 potes
1155 1088 1244 1157 qui
1290 1085 1435 1140 vides
1462 1086 1513 1139 in
1545 1093 1722 1140 mente
1746 1084 1925 1140 conci-

350 1196 497 1251 pere,
531 1189 586 1235 tu
629 1188 682 1235 te
713 1179 932 1233 inclinas
963 1187 1021 1232 ut
1066 1177 1318 1246 respicias
1340 1218 1355 1243 ,
1385 1185 1439 1231 et
1480 1176 1642 1231 audes
1668 1174 1844 1230 dicere
1874 1184 1923 1228 te

346 1272 480 1329 nihil
509 1272 797 1327 humanum
822 1271 970 1341 pati?
999 1270 1133 1325 Num
1173 1284 1368 1339 corpus
1410 1279 1558 1324 tuum
1586 1269 1750 1338 lapis,
1797 1283 1921 1321 nnm

346 1368 544 1422 ferrum
567 1366 689 1421 est?
728 1364 914 1434 Neque
955 1365 1095 1418 enim
1125 1362 1310 1418 eadem
1357 1372 1599 1432 repetere
1642 1361 1917 1432 gravabor.

348 1456 612 1526 Nttmquid
644 1463 699 1510 tu
737 1455 939 1525 majore
966 1453 1297 1523 phi|050pbia
1326 1452 1614 1507 instructus
1641 1466 1701 1507 es
1725 1492 1740 1517 ,
1762 1465 1920 1520 quam

344 1550 523 1621 magni
548 1549 623 1605 illi
652 1563 715 1603 ac
741 1549 942 1603 strenui
966 1547 1082 1609 viri,
1104 1546 1191 1616 qui
1216 1561 1308 1616 per
1330 1544 1624 1615 simplicem
1649 1553 1921 1613 aspectum

346 1643 601 1714 prostrati
624 1642 789 1697 sunt?
826 1642 1013 1695 Annon
1036 1638 1225 1693 audisti
1257 1638 1595 1693 Salomonem
1620 1636 1878 1691 dicentem
1904 1651 1921 1690 :

351 1734 660 1789 Ambulubit
694 1735 809 1803 quis
842 1748 996 1801 super
1039 1732 1291 1785 carbones
1333 1729 1503 1799 ignis,
1543 1736 1593 1782 et
1626 1726 1779 1797 pedes
1820 1741 1923 1779 non

348 1826 655 1882 eontburet?
684 1825 891 1897 Ligabit
924 1827 1041 1896 quis
1073 1826 1243 1895 ignem
1274 1823 1330 1876 in
1365 1823 1507 1887 sinu,
1541 1830 1590 1875 et
1618 1822 1925 1875 vestimenta

348 1938 455 1977 non
490 1919 765 1977 incendet?
801 1918 890 1973 Sic
930 1920 1018 1990 qui
1054 1916 1349 1988 ingreditur
1382 1915 1450 1969 ad
1487 1916 1758 1969 mulierem
1796 1911 1927 1966 alie-

349 2031 475 2070 nam
507 2012 690 2085 (Prou.
716 2014 773 2069 6.
806 2012 899 2069 28.
926 2012 1015 2068 27.
1050 2020 1099 2067 et
1131 2010 1242 2083 29).
1277 2009 1391 2066 Etsi
1418 2009 1563 2065 enim
1586 2023 1713 2063 cum
1745 2019 1926 2062 mere-

351 2102 484 2157 trice
518 2116 624 2156 non
654 2100 880 2161 coivisti,
912 2109 963 2151 at
987 2097 1419 2166 concupiscentia
1446 2112 1566 2150 cum
1592 2098 1674 2149 illa
1702 2096 1922 2165 copula-

350 2203 435 2248 tus
462 2208 521 2249 es
541 2234 556 2259 ,
582 2203 635 2247 et
661 2192 837 2246 animo
858 2197 1129 2259 peccatum
1156 2188 1489 2259 perpetrasti.
1509 2187 1691 2258 Neque
1719 2197 1921 2242 tantum

355 2286 447 2340 illo
472 2295 741 2355 tempore,
767 2298 949 2339 verum
978 2281 1137 2337 etiam
1181 2280 1355 2335 soluto
1385 2278 1619 2343 theatro,
1646 2287 1925 2348 postquam

354 2379 440 2432 illa
468 2376 729 2441 discessit,
762 2374 876 2443 ejus
918 2374 1091 2441 imago
1121 2372 1173 2426 in
1218 2379 1395 2426 mente
1424 2379 1512 2424 tua
1556 2369 1768 2434 insidet,
1805 2384 1922 2423 ver-

356 2471 442 2533 ba,
475 2468 704 2530 habitus,
733 2475 1003 2535 aspectus,
1030 2464 1269 2518 incessus
1290 2503 1306 2527 ,
1338 2460 1598 2531 elegantia
1629 2459 1723 2531 (ἡ),
1752 2475 1925 2515 mem-

356 2563 443 2615 bra
468 2559 766 2615 meretricia
806 2555 886 2627 (c)
915 2573 929 2618 ;
962 2570 1025 2609 ac
1046 2552 1312 2609 sexcentis
1350 2551 1583 2621 acceptis
1609 2551 1923 2606 vulneribus

351 2650 599 2706 discedis.
632 2651 821 2703 Annon
852 2645 973 2700 inde
993 2644 1271 2699 domorum
1307 2641 1719 2698 subversiones?
1744 2656 1923 2696 annon

352 2743 474 2797 inde
503 2739 841 2796 continentia:
868 2734 1168 2807 pernicies?
1190 2747 1365 2787 annon
1393 2732 1517 2786 inde
1540 2730 1924 2786 connubiorum

354 2832 574 2888 divortia
600 2831 621 2885 ?
652 2845 828 2884 annon
856 2827 980 2882 inde
1006 2827 1126 2880 lites
1149 2832 1207 2880 et
1222 2823 1395 2894 jurgia
1416 2823 1439 2876 ?
1458 2837 1635 2877 annon
1662 2821 1785 2877 inde
1812 2836 1928 2875 mo-

358 2924 516 2979 lestiae
544 2931 597 2978 et
642 2920 794 2975 tazdia
844 2919 983 2973 nulla
1011 2919 1217 2972 ratione
1258 2914 1434 2969 fulta?
1469 2914 1753 2985 Postquam
1782 2912 1923 2969 enim

353 3020 437 3079 illa
460 3017 697 3088 repletus
722 3012 925 3069 rediisti
953 3010 1212 3080 captivus,
1242 3008 1337 3063 tibi
1361 3022 1495 3063 uxor
1514 3005 1847 3077 injucundior
1872 3016 1926 3061 et

351 3108 642 3165 deformior
667 3104 894 3165 videtur,
935 3111 988 3156 et
1014 3100 1167 3156 liberi
1202 3098 1636 3171 importuniores,
1666 3106 1719 3154 et
1744 3096 1925 3153 famuli

349 3201 584 3266 onerosi,
612 3198 800 3253 domus
819 3195 1031 3251 fastidio
1056 3202 1158 3259 est,
1185 3192 1457 3262 solitaeque
1485 3204 1626 3245 cura:
1648 3193 1713 3244 ad
1737 3188 1923 3244 dome-

349 3295 481 3351 stica
526 3289 932 3358 necessarioque
974 3285 1183 3356 negotia
1231 3280 1460 3355 gerenda
1510 3280 1750 3336 molestae
1795 3297 1808 3332 :
1861 3293 1925 3335 ac

355 3384 591 3457 quisquis
624 3380 829 3436 accedit
856 3377 1006 3434 oneri
1039 3376 1130 3431 tibi
1159 3384 1316 3445 atque
1358 3374 1691 3444 importunus
1715 3379 1816 3427 est.

420 3479 475 3533 5.
501 3476 553 3530 In
584 3489 743 3530 causa
771 3481 948 3527 autem
979 3469 1105 3524 illud
1139 3476 1241 3533 est,
1259 3467 1399 3538 quod
1425 3480 1530 3520 non
1551 3464 1696 3520 solus
1709 3463 1925 3518 domum

353 3569 541 3627 redeas
566 3608 581 3632 ,
611 3565 703 3621 sed
746 3562 1080 3620 meretricem
1113 3568 1283 3615 tecum
1335 3556 1499 3612 ducas
1540 3573 1553 3609 :
1586 3570 1690 3611 non
1715 3554 1886 3625 palam
1906 3593 1923 3621 ,

354 3679 455 3723 non
495 3669 721 3732 aperte;
753 3657 805 3712 id
852 3654 995 3727 quod
1042 3667 1171 3708 sane
1218 3650 1546 3706 tolerabilius
1588 3657 1768 3714 esset;
1802 3663 1925 3701 nam

350 3771 483 3811 uxor
510 3753 650 3808 illam
671 3751 778 3807 cito
792 3747 1083 3819 depelleret
1108 3762 1121 3798 :
1153 3743 1246 3800 sed
1269 3743 1320 3797 in
1346 3742 1544 3807 animo,
1571 3740 1623 3795 in
1645 3739 1924 3796 conscien-

349 3851 419 3903 tia
440 3844 777 3908 insidentem,
804 3849 858 3896 et
883 3831 1260 3910 Babylonican't
1284 3834 1551 3889 flammam
1581 3834 1722 3888 intus
1740 3849 1926 3889 accen-

349 3940 601 4001 dentem;
640 3936 748 3989 imo
788 3934 1086 4003 graviorem
1116 3947 1128 3982 :
1162 3944 1266 3983 non
1302 3927 1446 3984 enim
1474 3936 1661 3997 stupa,
1693 3925 1924 3996 naphtha

349 4042 402 4086 et
428 4030 536 4100 pix.
568 4026 660 4081 sed
689 4040 807 4095 qua:
836 4038 994 4092 supra
1021 4021 1274 4085 diximus,
1296 4033 1417 4074 esca
1449 4017 1591 4073 illius
1618 4017 1755 4088 ignis
1777 4026 1921 4082 sunt,

350 4131 405 4176 et
429 4118 607 4174 omnia
633 4130 726 4171 sus
753 4115 924 4184 deque
948 4120 1180 4167 vertant.
1205 4113 1282 4165 Ac
1306 4108 1750 4181 quemadmodum
1782 4109 1815 4163 ii
1836 4108 1923 4179 qui

350 4214 483 4270 febri
510 4211 774 4276 laborant,
800 4207 900 4264 etsi
922 4206 1119 4261 nullam
1143 4220 1234 4260 eos
1254 4204 1342 4274 qui
1370 4204 1471 4258 sibi
1497 4203 1804 4259 ministrant
1823 4203 1927 4259 cri-

351 4304 585 4363 minandi
627 4316 840 4359 causam
890 4298 1155 4365 habeant,
1186 4296 1256 4352 ob
1295 4295 1465 4350 morbi
1493 4296 1599 4350 vim
1639 4296 1925 4366 importuni

351 4397 601 4453 omnibus
629 4402 790 4456 sunt,
819 4391 1069 4445 alimenta
1090 4387 1379 4458 repellunt,
1406 4386 1643 4442 medicos
1674 4386 1811 4441 male
1831 4400 1922 4440 ac-

352 4490 556 4562 cipiunt
585 4484 690 4558 (d),
721 4481 1063 4539 familiaribus
1105 4480 1439 4543 irascuntur,
1483 4486 1665 4533 contra
1701 4477 1925 4531 famulos

350 4585 500 4641 rabie
531 4582 805 4637 feruntur:
837 4576 914 4633 sic
941 4574 1031 4647 qui
1072 4573 1174 4631 hoc
1215 4571 1363 4643 gravi
1407 4569 1594 4624 morbo
1632 4577 1878 4624 tenentur
1904 4607 1921 4631 ,

348 4673 578 4744 inquieti
600 4683 745 4733 sunt,
783 4670 1154 4740 indignantur,
1184 4678 1401 4734 semper
1428 4662 1572 4716 illam
1608 4674 1720 4731 pra:
1747 4656 1925 4713 oculis

351 4767 632 4823 habentes.
676 4762 720 4817 Ο
762 4776 848 4815 res
892 4758 1319 4829 indignissimus!
1364 4755 1568 4824 Lupus,
1610 4752 1717 4817 leo,
1765 4758 1925 4805 caete-

351 4872 534 4929 rarque
578 4855 707 4911 fera:
751 4851 958 4923 sagittis
1002 4851 1261 4920 impetitte
1308 4846 1523 4918 fugiunt
1569 4852 1921 4899 venatorem:

354 4954 519 5007 homo
538 4958 717 5003 autem
741 4944 952 4999 ratione
974 4940 1255 5012 praeditus,
1289 4939 1623 5003 vulneratus,
1660 4950 1779 4989 eam
1804 4950 1925 5004 quae

354 5043 529 5113 ipsum
555 5034 857 5093 vulneravit
874 5030 1136 5101 sequitur,
1161 5030 1233 5084 ita
1255 5039 1316 5083 ut
1343 5028 1500 5097 longe
1522 5026 1736 5097 gravius
1760 5024 1927 5079 telum

312 5144 315 5153 '
355 5133 604 5203 excipiat,
634 5140 689 5185 et
710 5128 763 5182 in
787 5126 1011 5181 vulnere
1041 5122 1142 5178 sibi
1171 5121 1407 5192 placeat;
1428 5118 1570 5188 quod
1586 5127 1668 5172 est
1686 5117 1926 5171 omnium

357 5223 787 5284 acerbissimum,
812 5216 1173 5283 morbumque
1198 5209 1549 5265 insanabilem
1582 5207 1761 5263 emcit.
1792 5207 1926 5261 Nam

412 5381 489 5441 (α)
523 5377 579 5427 In
805 5385 949 5441 2w.
969 5368 1061 5441 hec
1086 5372 1178 5441 ρει,
1203 5360 1921 5441 Ἦεεᾶςςζημξὶς..ιὲιςξηςξέςξ

353 5423 780 5502 regitiasappellat'
803 5423 1183 5484 Clirvsostomus.
1203 5432 1331 5483 Mox,
1352 5423 1482 5472 nudo
1505 5423 1693 5486 capite;
1716 5424 1763 5473 id
1789 5427 1919 5474 enim

353 5502 458 5544 nlim
484 5502 761 5544 indtmum
777 5484 1063 5544 habebatur.

350 5496 459 5551 Olilll
484 5496 761 5550 indecorum
777 5496 1063 5547 habebatur.
1739 5544 1750 5553 ο

414 5563 487 5671 (b2
513 5563 567 5612 In
587 5570 774 5635 Gr'asoo,
790 5570 811 5609 ι
832 5570 977 5666 ῥυθμὸςά
993 5567 1017 5614 ἦ
1247 5545 1496 5659 {vitat/Mm“
1429 5546 1796 5658 saliafilgggtuta,
1812 5562 1921 5598 Sive

352 5623 463 5671 rhnt
480 5638 600 5671 unus
624 5620 921 5671 intelligatur
979 5631 1008 5666 e
1032 5622 1142 5665 cant
1181 5651 1193 5665 .
1218 5624 1242 5661 s

352 5609 603 5686 raging}:
624 5609 921 5683 intelligatur
945 5609 1017 5666 de
1032 5609 1193 5665 cantu.
1218 5609 1699 5686 sivérde‘saltatione.

413 5672 483 5746 ζ’ὲ)
504 5672 664 5734 verba
697 5672 874 5746 GraE'ca,
920 5692 1007 5745 μέλη
1051 5687 1218 5739 “eius,
1249 5672 1368 5722 licet
1401 5673 1547 5720 etiam
1589 5673 1917 5731 interpretari,

352 5744 632 5796 meretricia:
653 5744 907 5794 cautiones.

411 5792 493 5869 (ᾱῇ
528 5792 823 5869 int-sca.
858 5813 1076 5869 μιίζσντις,
1099 5813 1209 5865 qua:
1254 5810 1351 5848 vox
1392 5794 1570 5847 melius
1604 5792 1924 5852 redderetur,

353 5865 592 5929 accusant,
612 5865 977 5929 reprehendunt.

1017 417 1072 472 S.
1114 416 1390 473 JOANNIS
1427 412 1899 474 CHRYSOSTOMI
1937 415 2254 473 ARCHIEP.
2294 417 2827 477 CONSTANTINOP.

3502 419 3605 476 965

2037 532 2128 602 qui
2158 531 2311 587 ulcus
2331 548 2435 587 non
2466 533 2616 600 odit,
2643 548 2816 602 neque
2839 533 2907 588 ab
2930 548 2995 588 eo
3027 532 3232 588 liberari
3263 535 3440 603 chpit,
3470 550 3603 604 quo.

2030 624 2189 679 modo
2227 625 2486 680 medicum
2516 626 2765 695 quaerat?
2804 625 2926 681 Ideo
2963 626 3147 680 dolore
3190 625 3390 683 afﬁcior
3422 667 3440 693 ,
3487 627 3606 684 ideo

2029 715 2322 771 discrucior
2342 758 2356 779 ,
2388 718 2509 785 quia
2543 725 2685 772 tanta
2724 727 2939 787 accepta
2971 719 3204 786 pernicie
3232 718 3357 774 inde
3380 720 3607 777 discedi-

2034 809 2099 861 tis
2121 850 2135 871 ,
2167 818 2220 862 ct
2244 817 2459 876 propter
2484 810 2725 878 exiguam
2754 809 3078 878 voluptatem
3112 819 3426 880 perpetuum
3455 810 3606 869 fertis

2031 899 2291 953 dolorem.
2323 900 2534 954 Etenim
2575 911 2697 955 ante
2742 896 3041 971 gehennam
3083 910 3138 956 et
3166 902 3480 974 supplicium
3520 903 3606 959 hic

2031 999 2296 1045 extremas
2333 1007 2361 1044 a
2388 991 2537 1046 vobis
2563 1007 2747 1060 poenas
2774 993 3078 1061 exposcitis.
3110 995 3301 1048 Annon
3348 994 3486 1061 hoc,
3520 995 3606 1051 die

2032 1082 2183 1146 mihi,
2215 1093 2511 1136 extremum
2542 1084 2858 1152 supplicium
2887 1095 2987 1150 est,
3023 1086 3179 1139 talem
3221 1086 3607 1158 concupiscen-

2036 1176 2161 1228 tiam
2185 1175 2349 1241 alere,
2380 1187 2634 1245 perpetuo
2658 1177 2735 1230 ttri
2763 1218 2777 1241 ,
2805 1186 2860 1232 et
2890 1176 3161 1232 fornacem
3198 1179 3414 1233 absurdi
3454 1195 3603 1233 amo-

2031 1267 2105 1321 ris
2135 1266 2332 1336 ubique
2376 1267 2756 1331 circumferre,
2788 1283 2991 1324 necnon
3018 1270 3363 1325 conscientia:
3392 1286 3610 1325 accusa-

2032 1358 2273 1414 tionem?
2328 1359 2604 1427 Quomodo
2643 1359 2709 1415 ad
2759 1360 2937 1414 limina
2993 1361 3080 1415 illa
3134 1376 3281 1417 sacra
3348 1362 3609 1418 accedes?

2031 1451 2298 1520 quomodo
2324 1461 2507 1523 tanges
2551 1452 2818 1508 cmlestem
2869 1456 3149 1507 mensam?
3176 1452 3452 1521 Quomodo
3496 1470 3610 1509 ser-

2033 1558 2219 1598 mones
2244 1543 2313 1598 de
2341 1544 2666 1598 continentia
2712 1545 2989 1599 auditurus
3013 1560 3091 1608 es,
3122 1547 3391 1601 ulceribus
3421 1548 3609 1617 plenus

2032 1637 2298 1708 tantisque
2325 1637 2653 1701 vulneribus,
2675 1639 3019 1707 animumque
3046 1639 3247 1694 habens
3271 1639 3393 1694 huic
3419 1642 3608 1696 morbo

2031 1728 2351 1784 servientem
2368 1729 2392 1783 ?
2411 1728 2613 1798 Ecquid
2637 1743 2772 1797 onus
2797 1738 2875 1783 est
2903 1729 3001 1783 alia
3036 1729 3257 1784 dicere?
3288 1729 3369 1785 Ex
3401 1731 3464 1785 iis
3487 1747 3606 1801 qua;

2031 1838 2172 1878 nunc
2197 1822 2338 1891 apud
2380 1838 2479 1877 nos
2508 1833 2734 1893 aguntur
2771 1822 2895 1877 licet
2935 1822 3096 1875 animi
3135 1822 3374 1877 dolorem
3403 1823 3607 1893 perSpio

2030 1932 2171 1972 cere.
2201 1915 2317 1971 Jam
2348 1915 2491 1970 enim
2511 1915 2664 1969 video
2684 1912 2963 1985 quosdam,
2984 1915 3074 1983 qui
3101 1913 3226 1967 dum
3255 1913 3367 1969 haec
3397 1914 3603 1984 loquor,

2031 2007 2232 2064 frontes
2263 2009 2359 2062 sibi
2389 2008 2708 2077 percutiunt,
2737 2008 3063 2076 multamque
3088 2007 3237 2062 vobis
3257 2008 3479 2077 gratiam
3513 2008 3607 2061 lia-

2030 2101 2152 2162 beo,
2184 2100 2322 2170 quod
2346 2100 2571 2169 populus
2598 2099 2714 2153 sitis
2740 2100 3197 2154 commiseratione
3226 2098 3430 2169 plenus.
3470 2099 3605 2154 Puto

2030 2201 2208 2249 autem
2235 2193 2430 2247 multos
2462 2193 2687 2247 fortasse
2716 2207 2898 2246 eorum
2932 2192 3019 2259 qni
3052 2191 3181 2245 nihil
3228 2199 3520 2261 peccarunt
3548 2191 3599 2245 id

2030 2298 2205 2356 agere,
2227 2285 2469 2340 dolentes
2495 2284 2561 2339 de
2581 2283 2803 2339 fratrum
2836 2284 3161 2339 vulneribus.
3195 2283 3475 2352 PrOptcrea
3502 2284 3602 2337 ἀοι·

2031 2381 2116 2436 leo
2141 2388 2195 2433 et
2219 2379 2535 2443 discrucior,
2567 2378 2708 2448 quod
2751 2377 2907 2433 talem
2959 2391 3168 2447 gregem
3198 2376 3435 2431 diabolus
3482 2392 3602 2446 pes-

2032 2474 2262 2530 sumdet.
2315 2472 2508 2527 Verum
2536 2472 2579 2525 si
2610 2470 2900 2533 volueritis,
2930 2471 3039 2525 cito
3081 2469 3155 2522 illi
3195 2471 3484 2537 ingressmn
3510 2470 3605 2523 ob-

2031 2574 2315 2621 struemus.
2342 2562 2620 2632 Quomodo
2643 2572 2699 2617 et
2720 2578 2822 2632 qua
2847 2561 3090 2616 ratione?
3119 2561 3175 2616 Si
3198 2562 3435 2616 infirmos
3466 2560 3600 2616 bona

2032 2656 2336 2712 valetudine
2361 2670 2481 2711 esse
2508 2655 2783 2710 videamus
2808 2671 2821 2706 :
2852 2654 2896 2709 si
2935 2654 3194 2710 doctrina:
3235 2655 3364 2710 retia
3394 2670 3601 2724 expan-

2031 2749 2219 2803 dentes
2265 2748 2653 2802 circumeamus
2695 2746 2974 2815 qttzrsilum
3002 2760 3097 2800 eos
3137 2746 3281 2815 quia
3312 2743 3438 2800 feris
3462 2744 3602 2814 capti

2032 2850 2176 2905 sunt,
2207 2849 2261 2894 et
2281 2854 2344 2893 ex
2376 2838 2501 2909 ipsis
2530 2838 2702 2893 leonis
2722 2836 2961 2892 faucibus
2986 2852 3081 2892 eos
3107 2836 3491 2892 abstrahamus.
3526 2837 3603 2891 Ne

2033 2931 2161 2986 mihi
2183 2930 2372 2985 dicas:
2416 2929 2578 2985 Pauci
2628 2937 2753 2984 sunt
2803 2929 2837 2983 ii
2881 2930 2969 2998 qui
2999 2944 3028 2982 a
3065 2944 3228 3000 grege
3254 2937 3375 2982 sunt
3409 2930 3599 2984 avulsi.

2033 3024 2254 3079 Etiamsi
2281 3023 2463 3079 decem
2495 3030 2695 3077 tantum
2726 3019 2954 3085 fuerint,
2981 3034 3083 3073 non
3116 3034 3334 3090 parvum
3367 3019 3487 3073 hinc
3512 3020 3606 3073 deo

2034 3115 2340 3169 trimentum
2375 3131 2388 3167 :
2420 3112 2630 3167 etiamsi
2681 3112 2936 3182 quinque,
2988 3110 3074 3165 vel
3120 3110 3260 3174 duo,
3310 3112 3393 3167 vel
3447 3127 3602 3166 unus.

2032 3203 2471 3276 Quandoquidem
2498 3205 2658 3259 etiam
2689 3210 2869 3272 pastor
2898 3202 2985 3256 illc
3005 3242 3019 3267 ,
3053 3200 3171 3256 ideo
3209 3203 3412 3257 relictis
3438 3217 3603 3256 nona-
3696 3264 3697 3267 η

2031 3300 2175 3372 ginta
2198 3313 2389 3354 novem
2410 3295 2618 3362 ovibus,
2642 3294 2708 3351 ad
2734 3310 2888 3349 unam
2917 3294 3170 3361 cucurrit,
3204 3310 3301 3349 nec
3328 3294 3479 3349 rediit
3504 3294 3606 3349 do-

2032 3408 2131 3449 nec
2159 3393 2299 3448 illam
2327 3390 2642 3455 reduceret,
2674 3397 2729 3445 et
2758 3387 3143 3443 claudicantem
3173 3398 3389 3442 centum
3418 3387 3599 3442 ovium

2035 3499 2312 3540 numerum
2334 3522 2349 3547 ,
2382 3496 2479 3552 per
2526 3478 2913 3535 restitutionem
2963 3478 3079 3549 ejus
3100 3519 3115 3544 ,
3143 3493 3261 3549 qua:
3292 3490 3604 3547 erraverat,

2032 3573 2323 3646 complevit
2350 3574 2369 3643 (
2399 3571 2585 3625 Matth.
2626 3570 2713 3626 18.
2747 3569 2813 3625 l2
2844 3570 2882 3641 ).
2916 3569 2994 3625 Ne
3019 3570 3185 3637 dicas,
3215 3586 3375 3625 unum
3405 3581 3606 3627 tantum

2033 3684 2153 3724 esse
2186 3685 2199 3721 :
2239 3666 2335 3723 sed
2361 3664 2532 3737 cogita
2552 3705 2567 3730 ,
2596 3678 2717 3720 esse
2742 3664 2997 3730 animam,
3041 3672 3261 3733 propter
3289 3679 3448 3734 quam
3476 3665 3606 3720 visio

2033 3761 2159 3816 bilia
2190 3761 2366 3815 omnia
2415 3758 2553 3813 facta
2599 3766 2756 3824 sunt;
2788 3765 3006 3827 pr0pter
3025 3771 3183 3826 quam
3212 3756 3377 3828 leges,
3406 3756 3609 3828 suppli-

2032 3856 2134 3925 cia,
2158 3863 2353 3909 statuta
2380 3860 2736 3921 sexeentaque
2765 3849 3015 3905 miracula
3038 3858 3258 3919 patrata.
3280 3849 3608 3921 diversa-que

2032 3949 2126 4004 Dei
2147 3946 2522 4018 operationes;
2567 3952 2785 4015 propter
2826 3956 2985 4011 quam
3037 3955 3139 3996 nec
3176 3940 3460 4011 Unigenito
3508 3955 3606 3995 suo

2031 4042 2293 4114 pepercit.
2324 4040 2507 4110 Cogita
2535 4047 2791 4108 quantum
2842 4050 2940 4104 pro
2971 4049 3077 4089 uno
3105 4034 3174 4088 sit
3202 4033 3428 4105 pretium
3456 4031 3603 4087 solu-

2032 4145 2163 4201 tum,
2186 4149 2249 4189 ac
2276 4148 2344 4189 ne
2370 4129 2723 4203 parvipendas
2759 4130 2875 4196 ejus
2902 4127 3125 4182 salutem
3151 4167 3165 4193 ,
3204 4124 3296 4181 sed
3325 4123 3604 4181 discedens

2032 4227 2186 4282 nobis
2224 4225 2388 4281 reduc
2414 4222 2582 4288 illum,
2615 4219 2781 4276 suade
2807 4217 2883 4274 illi
2927 4232 2996 4272 ne
3024 4217 3076 4271 in
3107 4215 3251 4286 paria
3284 4215 3522 4280 incidat,
3548 4220 3603 4269 c:

2030 4319 2381 4376 sufﬁcientem
2406 4316 2664 4371 habemus
2691 4311 3073 4367 defensionem.
3106 4308 3199 4365 Sin
3229 4322 3328 4364 nec
3353 4320 3453 4362 nos
3474 4321 3603 4362 con-

2031 4411 2293 4472 sulentes,
2335 4422 2435 4463 nec
2459 4421 2554 4459 vos
2603 4403 2877 4458 hortantes
2904 4400 3061 4467 ferat,
3098 4406 3360 4469 potestate
3387 4398 3600 4453 demum

2031 4512 2149 4557 utar
2169 4516 2230 4556 ea
2254 4541 2269 4563 ,
2296 4513 2452 4568 quam
2489 4497 2629 4551 Deus
2659 4493 2812 4549 nobis
2844 4491 2995 4548 dedit
3021 4505 3127 4545 non
3167 4488 3235 4543 ad
3281 4487 3601 4545 destructio-

2031 4608 2179 4661 nem,
2207 4590 2299 4646 sed
2319 4589 2383 4645 ad
2413 4585 2840 4643 tediftcationem.

2100 4685 2154 4739 4.
2188 4682 2311 4738 Ideo
2361 4678 2636 4750 praedico,
2683 4683 2739 4730 et
2782 4672 3059 4743 perspicua
3109 4684 3243 4726 voce
3278 4668 3493 4725 clamo:
3544 4668 3604 4724 Si

2030 4777 2148 4848 quis
2176 4781 2293 4845 post
2342 4770 2479 4825 hanc
2514 4766 2939 4823 cohortationem
2971 4772 3130 4832 atque
3168 4760 3462 4816 doctrinam
3488 4799 3504 4824 ,
3534 4759 3599 4813 ad

2030 4871 2263 4940 iniquam
2295 4865 2625 4920 theatrorum
2673 4857 2965 4929 perniciem
3013 4854 3288 4918 defecerit,
3316 4869 3422 4908 non
3452 4852 3601 4907 illum

2031 4967 2165 5019 intra
2212 4962 2326 5015 ha'c
2371 4966 2519 5028 septa
2561 4955 2638 5027 (a)
2668 4951 2918 5021 recipiam
2946 4990 2961 5014 ,
2992 4963 3099 5002 non
3129 4944 3511 5000 administrabo
3552 4944 3600 4999 ei

2028 5052 2299 5126 mysteria,
2324 5064 2431 5103 non
2463 5044 2763 5117 permittam
2792 5049 2846 5095 ut
2868 5053 3071 5094 sacram
3094 5050 3328 5090 mensam
3356 5035 3599 5103 attingat;

2029 5146 2121 5203 sed
2150 5138 2594 5215 quemadmodum
2622 5144 2864 5205 pastores
2892 5144 3019 5186 oves
3044 5128 3221 5183 scabie
3251 5127 3432 5197 plenas
3454 5140 3486 5179 a
3513 5141 3601 5179 sa-

2028 5241 2111 5295 nis
2148 5241 2480 5306 sequestrant
2508 5271 2524 5296 ,
2553 5244 2621 5285 ne
2660 5225 2869 5281 cznteris
2894 5222 3135 5277 morbum
3164 5219 3559 5275 communicent
3587 5234 3600 5270 :

2027 5335 2098 5387 ita
2124 5339 2177 5385 et
2201 5342 2300 5398 ego
2328 5324 2536 5379 faciam.
2571 5320 2702 5375 Nam
2722 5318 2764 5373 si
2783 5314 3050 5386 quondam
3072 5314 3317 5383 leprosus
3333 5320 3485 5366 extra
3513 5324 3602 5363 ca-

2026 5435 2134 5480 stra
2159 5421 2344 5477 sedere
2380 5415 2694 5485 jubebatur,
2729 5420 2887 5481 atque
2914 5407 3122 5463 etiamsi
3148 5421 3239 5461 rex
3270 5414 3449 5470 esset,
3479 5418 3597 5457 cum

2024 5515 2322 5572 diademate
2340 5508 2687 5580 ejiciebatur;
2714 5504 2883 5559 multo
2911 5501 3078 5571 magis
3102 5513 3198 5554 nos
3222 5512 3343 5553 eum
3368 5496 3459 5567 qui
3486 5496 3605 5549 ani-

2086 5674 2160 5730 (ιη
2193 5674 2289 5715 ιιοο
2311 5664 2423 5730 quid
2448 5665 2527 5719 sit
2554 5662 2659 5723 ipse
2682 5671 2796 5730 ηιοῑι
2822 5654 3040 5730 explicet.
3058 5667 3070 5701 ε
3085 5650 3327 5730 initiis?!
3353 5650 3481 5730 θὲἱιξι
3504 5648 3585 5730 _‘_‘_’:

2022 5711 2431 5780 enimio-ecclesia
2465 5711 2676 5785 septum,
2703 5719 2781 5770 vel
2803 5711 3048 5786 ubi-erant
3081 5711 3344 5786 auditores,
3365 5711 3467 5786 vel
3500 5722 3593 5786 quo

2024 5792 2261 5842 intrabant
2281 5801 2431 5839 sacrae
2454 5784 2604 5837 omna;
2622 5794 2764 5834 causa
2782 5795 2795 5832 :
2820 5784 3046 5843 mysteria
3067 5787 3196 5828 enim
3216 5785 3398 5824 saa'am
3412 5785 3594 5823 om

2025 5852 2251 5917 appellat.
