4126 6294
497 337 594 395 I65

502 469 585 507 ma
615 455 858 523 leprosns
890 465 971 511 est
1011 473 1078 512 ex
1125 458 1208 512 his
1248 458 1413 513 sacris
1444 458 1633 511 castris
1660 456 2065 511 eliminabimus.

500 546 569 602 Ut
598 546 739 600 enim
776 547 949 616 primo
985 550 1359 605 cohortatione
1408 558 1458 604 et
1506 550 1732 603 consilio
1761 563 1887 603 usus
1917 563 2066 602 sum:

494 640 571 694 sic
598 649 654 695 et
678 656 821 695 nunc
848 651 969 711 post
995 652 1191 697 tantam
1233 642 1662 697 adhortationem
1694 650 1749 695 et
1773 640 2068 696 doctrinam

498 744 717 786 necesse
745 739 828 785 est
868 732 1083 788 demum
1138 734 1426 787 sectionem
1468 734 1626 787 etiam
1671 731 1925 801 inﬂigere.
1982 731 2073 785 Et-

496 822 636 876 enim
670 836 841 877 annus
885 824 1094 878 tandem
1144 834 1229 878 est
1272 825 1481 894 elapsus
1520 824 1600 894 (a)
1639 839 1704 878 ex
1759 837 1865 893 quo
1894 824 1946 876 in
1976 837 2068 876 ve-

497 920 660 967 stram
706 914 973 969 civitatem
1026 915 1279 970 advectus
1321 931 1476 980 sum,
1531 930 1707 985 neque
1732 914 1936 970 cessavi
1975 915 2072 969 hac

499 1000 570 1056 de
594 1017 654 1057 re
693 1017 791 1057 vos
822 1002 1127 1074 frequenter
1163 1005 1455 1061 cohortari.
1490 1004 1623 1073 Quia
1660 1005 1821 1076 igitur
1858 1004 2070 1075 quidam

505 1092 557 1146 in
588 1094 687 1147 hac
729 1094 878 1147 sanie
929 1104 1354 1164 permanserunt,
1383 1111 1480 1167 age
1526 1096 1740 1151 demum
1781 1097 2068 1151 sectionem

501 1185 807 1241 inferamus.
839 1185 954 1241 Etsi
998 1189 1141 1243 enim
1170 1188 1373 1244 ferrum
1412 1204 1519 1244 non
1563 1188 1809 1253 habeam,
1840 1197 1894 1242 at
1947 1203 2069 1243 ver-

503 1279 629 1333 bum
656 1278 829 1333 habeo
859 1278 999 1334 ferro
1031 1280 1236 1336 acutius
1280 1281 1355 1352 (b)
1381 1297 1394 1333 :
1425 1281 1526 1337 etsi
1567 1281 1743 1351 ignem
1771 1296 1876 1337 non
1907 1279 2070 1335 feram

504 1369 595 1439 (ε),
626 1378 680 1424 at
719 1370 959 1425 doctrina
996 1370 1146 1427 adest
1174 1373 1302 1428 mihi
1349 1373 1471 1444 igne
1498 1374 1813 1438 ferventior,
1840 1388 1957 1443 qum
1981 1388 2057 1427 ve-

502 1459 804 1514 hementius
825 1477 982 1516 urere
1010 1463 1198 1532 possit.

574 1549 1117 1606 Excommunicationis
1138 1554 1383 1607 sententia
1407 1555 1460 1608 in
1486 1555 1601 1609 illos
1641 1556 1727 1624 qui
1760 1556 2070 1610 theatrorum

502 1639 787 1708 spectacnta
815 1640 986 1696 diebus
1013 1645 1199 1698 sanctis
1229 1645 1553 1698 adierunt.—
1576 1646 1650 1701 Ne
1675 1662 1894 1716 spernas
1915 1647 2073 1717 igitur

503 1731 821 1785 sententiam
844 1742 1099 1787 nostram.
1130 1734 1380 1802 Quamvis
1423 1736 1564 1791 enim
1610 1737 1743 1792 viles
1787 1737 2070 1792 admodum

503 1836 567 1875 ac
605 1823 931 1880 miserabiles
950 1827 1135 1893 simus,
1178 1836 1409 1883 attamen
1445 1844 1474 1883 a
1506 1829 1681 1884 divina
1712 1832 1878 1901 gratia
1905 1831 2074 1901 digni-

500 1922 664 1969 tatem
682 1917 1000 1986 accepimus,
1032 1935 1132 1989 qua
1159 1921 1423 1990 possimus
1448 1921 1563 1975 haec
1590 1921 1822 1977 efficere.
1855 1923 2075 1991 Ejician-

506 2014 592 2058 tur
619 2020 747 2074 ergo
766 2005 1067 2077 hujusmodi
1084 2010 1345 2079 homines,
1366 2020 1422 2066 ut
1436 2012 1591 2082 etqui
1620 2013 1732 2068 sani
1760 2023 1884 2068 sunt
1905 2014 2076 2069 valen-

505 2097 669 2151 tiores
692 2098 950 2164 evadant;
980 2109 1034 2155 et
1058 2103 1147 2171 qui
1179 2104 1365 2159 morbo
1386 2103 1649 2173 laborant,
1687 2120 1717 2160 a
1747 2107 1893 2176 gravi
1918 2109 2073 2178 aegri—

507 2187 685 2243 tudine
712 2189 778 2243 ad
820 2191 1099 2247 sanitatem
1129 2208 1245 2249 sese
1291 2209 1541 2251 revocare
1584 2195 1806 2265 possint.
1853 2197 1909 2253 Si
1951 2214 2077 2253 vero

510 2279 888 2347 perhorruistis
907 2282 1043 2337 hanc
1070 2284 1342 2341 audientes
1367 2287 1682 2342 sententiam
1709 2288 1901 2359 (video
1931 2305 2078 2344 nam-

508 2386 609 2438 que
628 2386 815 2427 omnes
834 2373 1240 2444 ingentiscentes
1263 2387 1317 2432 et
1336 2382 1723 2452 compunctos),
1742 2384 2074 2452 resipiscant,

510 2471 562 2516 et
588 2465 848 2519 sententia
875 2465 1045 2520 soluta
1073 2477 1170 2522 est.
1190 2469 1647 2536 Quemadmodum
1665 2474 1804 2528 enim
1829 2475 2075 2546 alligandi

511 2562 822 2623 potestatem
861 2557 1199 2627 accepimus,
1252 2560 1329 2615 sic
1382 2571 1435 2615 et
1474 2562 1745 2629 solvendi,
1791 2580 1854 2619 ac
1896 2581 2078 2621 rursus

510 2645 824 2700 sententiam
852 2646 1078 2704 ferendi.
1105 2648 1219 2704 Non
1246 2649 1387 2705 enim
1410 2651 1600 2708 fratres
1621 2664 1833 2711 nostros
1863 2657 2075 2712 abscin-

509 2736 637 2793 dere
678 2739 923 2795 volumus
946 2782 962 2807 ,
994 2741 1087 2797 sed
1118 2744 1458 2813 opprobrium
1498 2746 1753 2804 Ecclesiae
1782 2750 2075 2820 depellere.

510 2827 655 2884 Nunc
674 2829 869 2900 quippe
896 2846 996 2887 nos
1023 2841 1078 2887 et
1105 2832 1331 2903 gentiles
1355 2834 1672 2905 irridebunt,
1703 2848 1758 2894 et
1782 2840 1949 2896 Judaei
1969 2851 2078 2897 tra-

510 2919 956 2989 ducent,quando
990 2937 1088 2977 nos
1131 2923 1276 2993 ipsos
1318 2935 1604 2995 peccantes
1637 2928 1710 2983 ita
1737 2929 2075 3001 despicimus.

512 3009 660 3065 Tunc
686 3021 859 3067 autem
887 3023 942 3069 et
967 3014 1045 3069 illi
1068 3015 1349 3071 admodum
1380 3032 1478 3073 nos
1502 3018 1809 3088 laudabunt,
1837 3031 1891 3076 ct
1919 3024 2081 3077 mira-

512 3100 709 3156 buntur
733 3101 1044 3171 Ecclesiam,
1076 3104 1220 3176 leges
1244 3117 1452 3163 nostras
1467 3111 1700 3166 reveriti.
1720 3112 1885 3168 Nemo
1905 3114 2081 3185 itaque

515 3204 584 3243 ex
609 3190 694 3259 iis,
716 3192 802 3261 qui
826 3192 879 3247 in
894 3194 1079 3250 eadem
1110 3200 1801 3269 permanentl'ornicatione,
1830 3206 1881 3258 in
1911 3207 2080 3260 eccle-

515 3279 647 3334 siam
672 3282 866 3346 veniat,
901 3285 992 3339 sed
1019 3294 1074 3341 et
1101 3302 1129 3340 a
1159 3289 1309 3344 vobis
1344 3292 1677 3362 corripiatur,
1708 3304 1760 3350 et
1785 3300 2081 3353 communis

515 3371 588 3426 sit
615 3372 801 3429 hostis.
828 3375 890 3429 Si
909 3379 1016 3444 quis
1036 3395 1136 3433 non
1156 3381 1317 3434 obedit
1344 3383 1487 3437 verba
1508 3394 1674 3439 nostro
1694 3403 1781 3457 per
1795 3390 2076 3458 epistolam,

519 3466 650 3520 hunc
670 3477 857 3534 notate,
888 3479 934 3523 et
954 3487 1014 3524 ne
1038 3474 1456 3530 commisceamini
1475 3493 1587 3530 cum
1609 3479 1697 3532 illo
1719 3480 1792 3551 (2.
1817 3478 1993 3537 Thess.
2022 3484 2077 3540 5.

518 3555 638 3622 M).
667 3556 780 3612 lloc
807 3567 981 3614 autem
1006 3561 1160 3619 facite
1191 3581 1205 3617 :
1258 3580 1453 3636 neque-
1478 3568 1872 3639 colloquamini,
1910 3589 2081 3645 neque

515 3648 659 3703 domi
689 3652 952 3721 recipiatis
971 3694 985 3717 ,
1028 3670 1198 3725 neque
1226 3673 1425 3717 mensae
1451 3663 1734 3730 participes
1770 3664 2077 3735 admittatis,

514 3753 685 3809 neque
706 3740 973 3810 ingressus
994 3745 1073 3800 vel
1102 3761 1368 3814 egressus,
1397 3764 1567 3819 neque
1589 3752 1639 3804 in
1676 3752 1792 3808 foro
1834 3771 1951 3810 cum
1979 3758 2081 3814 illis

513 3832 794 3888 versemini
810 3849 825 3887 :
844 3842 898 3890 et
923 3837 999 3892 sic
1016 3838 1164 3894 facile
1186 3840 1303 3895 illos
1330 3844 1777 3913 recuperabimus.
1801 3848 1875 3903 Ac
1891 3866 2077 3919 quein-

572 3965 643 4028 (α)
677 3965 1041 4042 βιιισξδοειρωιιε
1079 3976 1484 4042 in‘episc0patum
1508 3982 2078 4042 Constantiuopolitanum

509 4035 757 4110 promotus.
775 4035 935 4110 fuerat
951 4047 1077 4110 anno
1230 4035 1413 4110 mensis
1436 4045 1679 4095 Februarii
1702 4035 2080 4110 (Ιίθίέὀξῦἶῖἷί

510 4095 723 4167 Sotiates
745 4091 786 4167 l._
807 4094 855 4152 6,
875 4108 926 4167 ρ.
942 4095 999 4167 ⁸2.
1023 4091 1349 4167 tuontefatcon.

569 4149 641 4275 (ὑὲ
674 4149 1017 4228 νει-Μ’(ἰίςὶῃδ
1043 4149 1287 4221 intelligit.
1311 4149 1373 4211 Ex
1410 4168 1700 4218 ressiteuim
1723 4174 1867 4222 Hebr.
1894 4176 1940 4223 4.
1971 4176 2045 4225 12)..

571 4213 617 4271 (c
673 4221 781 4263 Nam
805 4218 1000 4275 memet,
1025 4227 1126 4275 aut.
1164 4230 1214 4271 ut
1258 4237 1345 4274 nos
1380 4179 1634 4275 foutrimur.
1676 4234 1884 4275 chirurgi
1932 4240 2045 4275 ριίεη

673 4221 781 4263 Nam
805 4218 1000 4277 medici,
1025 4227 1126 4280 aut,
1164 4213 1227 4271 υἷ’
1258 4237 1345 4274 nos
1380 4213 2076 4298 loqtiiiritiﬁu-(iliirvtturgitefiain

1604 337 1873 394 CONTRA
1911 335 2128 393 LUDOS
2166 335 2253 391 ET
2291 335 2631 391 THEATRA.

2176 456 2457 511 admodum
2487 465 2766 511 venatores
2790 456 2928 511 feras
2956 464 3110 526 captu
3138 454 3383 510 difficiles
3412 467 3516 507 non
3546 466 3613 505 ex
3644 466 3749 504 una

2178 557 2349 616 parte,
2376 548 2470 603 sed
2497 547 2727 617 undique
2748 550 3004 618 pallentes
3023 592 3037 612 ,
3072 550 3123 603 in
3172 548 3301 602 retia
3325 545 3615 615 conjiciunt
3639 559 3652 596 :
3680 542 3747 596 ita

2176 658 2231 695 et
2255 659 2351 697 nos
2376 658 2489 708 eos,
2517 643 2606 712 qui
2632 640 2868 697 moribus
2892 642 3092 698 efferati
3127 652 3270 706 sunt,
3317 655 3419 694 una
3471 638 3746 709 pellamus,

2173 747 2231 789 et
2257 736 2363 789 cito
2390 736 2441 789 in
2481 734 2665 790 salutis
2686 735 2817 790 retia
2843 734 3205 802 conjiciemus,
3237 746 3336 786 nos
3360 747 3426 786 ex
3447 744 3548 784 una
3577 736 3746 798 parte,
3791 773 3799 791 ,

2177 839 2273 877 vos
2297 840 2362 881 ex
2383 825 2500 879 alia.
2527 823 2596 880 Ut
2624 825 2781 894 igitur
2804 824 2933 879 illud
2962 824 3189 890 eveniat,
3214 838 3306 876 vos
3332 836 3541 891 quoque
3562 818 3745 873 nobis-

2176 930 2298 970 cum
2344 915 2689 986 indignemini
2722 934 2735 971 :
2765 915 2871 970 imo
2898 915 3073 985 potius
3122 929 3219 984 pro
3265 914 3356 969 Dei
3403 912 3606 983 legibus
3653 908 3749 964 do-

2177 1008 2301 1070 lete,
2340 1016 2395 1063 et
2431 1007 2683 1077 paulatim
2714 1006 2967 1061 avertetis
3009 1020 3103 1059 eos
3131 1021 3195 1059 ex
3225 1003 3495 1069 fratribus,
3522 1002 3611 1072 qui
3647 999 3749 1054 hoc

2175 1096 2363 1152 morbo
2407 1097 2649 1152 laborant
2693 1106 2746 1152 et
2798 1097 2850 1150 in
2900 1096 3003 1150 hoc
3044 1101 3315 1165 peccatum
3371 1093 3641 1156 incidunt,
3694 1099 3750 1145 ut

2178 1196 2432 1258 perpetuo
2470 1188 2590 1243 illos
2615 1187 2888 1243 vobiscum
2920 1186 3164 1241 servetis.
3195 1184 3375 1253 Neque
3401 1185 3543 1238 enim
3579 1197 3747 1253 parvo

2175 1279 2397 1335 crimine
2431 1279 2509 1334 rei
2547 1278 2717 1339 eritis.
2748 1278 2791 1332 si
2824 1286 3019 1331 tantam
3050 1276 3333 1346 perniciem
3380 1273 3744 1344 neglexeritis,

2176 1377 2271 1432 sed
2292 1390 2483 1447 magno
2510 1376 2769 1447 supplicio
2797 1373 2943 1429 eritis
2969 1371 3204 1427 obnoxii.
3235 1369 3365 1424 Nam
3410 1369 3454 1422 si
3484 1368 3537 1421 in
3579 1366 3749 1421 homi-

2178 1483 2301 1521 num
2327 1467 2549 1531 aadibus,
2579 1482 2699 1521 cum
2726 1466 2844 1535 quis
2867 1480 2934 1519 ex
2983 1462 3191 1517 famulis
3218 1468 3496 1531 argentum
3523 1459 3607 1511 vel
3650 1474 3742 1510 au-

2176 1577 2292 1618 rum
2323 1560 2527 1615 furatus
2553 1559 2984 1630 deprehenditur,
3016 1572 3121 1611 non
3144 1555 3255 1625 ipse
3280 1554 3424 1608 solus
3443 1552 3531 1622 qui
3558 1551 3747 1620 depre~

2176 1653 2375 1708 liensus
2392 1662 2495 1719 est,
2518 1651 2610 1707 sed
2635 1653 2791 1707 etiam
2819 1650 3035 1714 conscii,
3058 1658 3112 1704 et
3134 1648 3223 1719 qui
3250 1662 3353 1700 non
3382 1643 3748 1707 revelaverint,

2179 1762 2335 1817 paena
2387 1745 2726 1814 plectuntur,
2774 1742 2941 1798 multo
2987 1741 3156 1812 magis
3205 1741 3257 1794 in
3306 1738 3562 1793 Ecclesia.
3601 1735 3750 1790 Tunc

2178 1838 2320 1894 enim
2341 1836 2481 1891 dicet
2511 1835 2602 1891 tibi
2632 1835 2772 1890 Deus
2804 1850 2818 1886 :
2847 1834 2977 1889 Cum
3002 1832 3211 1887 videres
3232 1846 3295 1885 ex
3320 1829 3479 1885 domo
3508 1842 3623 1882 mea
3646 1841 3749 1881 non

2178 1937 2488 1999 argenteum
2511 1927 2596 1982 vel
2623 1941 2842 1982 aureum
2866 1940 2958 1979 vas
2982 1922 3125 1979 furto
3151 1921 3338 1991 abripi,
3358 1920 3451 1976 sed
3475 1919 3750 1974 continen-

2180 2023 2308 2075 tiam
2348 2020 2579 2085 auferri;
2624 2033 2852 2089 eumque
2880 2017 2967 2087 qui
2989 2016 3280 2086 pretiosum
3305 2026 3497 2081 corpus
3526 2009 3750 2079 accipit,

2180 2125 2234 2169 et
2257 2113 2557 2185 hujusmodi
2587 2111 2829 2169 sacrificii
2852 2112 3116 2181 particeps
3143 2116 3246 2176 est,
3284 2108 3334 2161 in
3355 2106 3550 2163 diaboli
3578 2106 3751 2160 locum

2180 2206 2350 2273 abire,
2391 2214 2446 2261 et
2470 2206 2522 2260 in
2548 2213 2751 2259 tantum
2780 2210 3052 2273 peccatum
3082 2200 3348 2266 incidere,
3398 2213 3493 2254 cur
3533 2196 3750 2265 siluisti,

2181 2316 2275 2355 cur
2294 2300 2347 2356 id
2372 2300 2558 2367 tulisti,
2583 2315 2679 2355 cur
2703 2315 2809 2355 non
2828 2298 3150 2353 annuntiasti
3177 2295 3459 2362 sacerdoti,
3486 2310 3555 2351 ne
3582 2309 3754 2366 paena:

2182 2393 2279 2447 abs
2307 2403 2359 2447 te
2381 2401 2749 2462 repeterentur
2775 2407 2882 2445 non
2909 2391 3083 2445 leves?
3123 2389 3246 2444 Ideo
3264 2398 3317 2443 et
3342 2403 3440 2457 ego
3467 2387 3673 2443 etiamsi
3702 2387 3755 2442 id

2183 2483 2312 2538 mihi
2341 2483 2512 2539 dolori
2536 2483 2774 2539 futurum
2803 2484 2872 2536 sit
2898 2484 2999 2551 (a),
3035 2497 3101 2536 ne
3128 2496 3158 2534 a
3183 2481 3516 2551 gravioribus
3543 2479 3755 2550 quidem

2183 2577 2473 2633 inferendis
2510 2577 2683 2646 melS
2709 2575 3007 2632 abstinebo.
3032 2574 3211 2644 Longe
3233 2574 3423 2627 melius
3452 2573 3645 2643 quippe
3674 2579 3755 2626 est

2184 2687 2285 2727 nos
2327 2671 2415 2725 hic
2460 2684 2695 2732 maerore
2735 2668 2987 2735 affectos,
3022 2683 3052 2721 a
3101 2667 3280 2721 futuro
3322 2666 3490 2734 abripi
3530 2664 3750 2735 judicio,

2183 2777 2340 2833 quam
2366 2762 2649 2818 verborum
2675 2762 2843 2832 gratia
2871 2760 3190 2829 lenitateque
3218 2772 3342 2813 usos
3364 2798 3381 2825 ,
3405 2758 3547 2812 hunc
3575 2756 3753 2811 vobis—

2183 2870 2303 2911 cum
2330 2869 2518 2926 ptenas
2547 2855 2717 2912 luere.
2745 2853 2927 2923 Neque
2962 2852 3103 2905 enim
3133 2859 3303 2905 tutum
3343 2848 3491 2904 vobis
3519 2847 3602 2903 vel
3641 2847 3755 2901 sine

2185 2951 2422 3023 periculo
2477 2958 2559 3005 est
2586 2990 2602 3016 ,
2645 2963 2735 3005 res
2780 2943 3080 3017 hujusmodi
3121 2943 3330 3001 silentio
3379 2952 3575 3012 tegere.
3622 2939 3755 2996 Nam

2184 3043 2409 3113 quisque
2430 3050 2666 3098 vestrum
2707 3054 2804 3110 pro
2825 3053 2884 3094 se
2914 3050 3099 3108 pinnas
3123 3035 3305 3089 dabit:
3347 3048 3445 3105 ego
3471 3047 3598 3087 vero
3635 3046 3752 3085 om-

2186 3137 2332 3192 nium
2377 3134 2534 3190 saluti
2583 3148 2701 3188 sum
2727 3132 3006 3188 obnoxius.
3034 3128 3390 3199 Quamobrem
3438 3140 3544 3180 non
3593 3123 3751 3178 ﬁnem

2186 3228 2376 3284 faciam
2428 3228 2605 3282 omnia
2653 3224 2841 3296 agendi
2870 3234 2924 3280 et
2968 3222 3199 3288 dicendi,
3244 3218 3451 3276 etiamsi
3487 3233 3578 3271 vos
3616 3231 3753 3271 mce-

2185 3338 2309 3380 rore
2334 3322 2546 3378 afficere
2570 3327 2829 3391 oporteat,
2851 3319 3059 3378 etiamsi
3084 3318 3335 3372 molestus
3354 3315 3533 3369 videar
3547 3321 3601 3368 et
3624 3326 3753 3367 one-

2186 3428 2361 3483 rosus,
2400 3424 2459 3468 ut
2496 3412 2693 3482 possim
2720 3410 2929 3465 adstare
2951 3417 3074 3464 ante
3116 3405 3343 3462 tribunal
3376 3403 3505 3459 illud
3532 3402 3755 3458 horren-

2186 3506 2313 3563 dum
2336 3547 2353 3573 ,
2401 3506 2601 3561 nullam
2640 3502 2841 3558 habens
2877 3502 3137 3556 maculam
3165 3507 3257 3554 aut
3286 3497 3460 3551 labem
3498 3494 3583 3549 vel
3628 3493 3754 3564 quid

2187 3598 2509 3669 hujusmodi.
2554 3595 2767 3651 Utinam
2796 3602 2995 3658 autem,
3043 3590 3291 3661 precibus
3330 3594 3655 3648 sanctorum,
3716 3584 3753 3638 ii

2186 3690 2274 3760 qui
2301 3687 2535 3757 corrupti
2586 3694 2709 3739 sunt
2736 3684 2890 3739 citius
2918 3687 3286 3743 revertantur;
3316 3677 3390 3731 illi
3412 3690 3539 3731 vero
3567 3674 3657 3745 qui
3686 3672 3755 3728 il-

2187 3782 2301 3837 lzesi
2321 3790 2649 3844 manserunt,
2666 3778 2719 3832 in
2740 3776 2996 3846 majorem
3016 3780 3261 3828 ornatum
3274 3767 3755 3837 continentiamque

2187 3872 2466 3944 proficiant
2498 3878 2664 3926 :utct
2703 3882 2797 3923 vos
2825 3868 3049 3922 salutem
3089 3858 3536 3931 consequamiui,
3564 3866 3618 3911 et
3656 3870 3753 3911 nos

2186 3968 2446 4029 laetemur,
2478 3972 2534 4018 et
2560 3963 2697 4017 Deus
2726 3958 2891 4030 gloria
2917 3956 3177 4011 afficiatur
3207 3966 3348 4008 nunc
3374 3959 3437 4006 et
3452 3963 3681 4019 semper.
3700 3956 3753 4002 et

2186 4061 2241 4115 in
2264 4056 2467 4113 infinita
2500 4053 2691 4112 saecula
2716 4050 3048 4107 saeculorum.
3082 4046 3271 4101 Amen.

2249 4235 2321 4298 (a)
2352 4234 2409 4286 In
2430 4241 2607 4293 Graeco,
2650 4244 2767 4298 ιᾳίτοι
2804 4239 3006 4298 τιμιᾈλωνῖ
3024 4238 3159 4298 inani,
3181 4235 3303 4298 quas
3321 4218 3575 4298 vocessic
3607 4225 3751 4279 Opor—

2186 4281 2710 4358 tuisset'interpretari,
2736 4281 2946 4354 quamvis
2970 4281 3181 4337 dolorem
3198 4281 3293 4334 irim
3313 4281 3551 4336 illaturus.

529 4554 3711 4593 ww

1593 4796 1699 4855 AD
1730 4793 2143 4855 HOMIHAM
2181 4793 2681 4867 SEQUENTEM.

533 5005 705 5073 initio,
740 5008 1083 5077 maximeque
1115 5006 1168 5059 in
1205 5006 1309 5059 line
1343 5001 1583 5059 llOllliliZB
1605 5003 1698 5057 ait.
1731 5004 1868 5059 Cum
1894 5013 2075 5057 autem
2103 5014 2244 5070 saepe
2268 5004 2469 5059 morbis
2497 5002 2726 5058 afﬂictus
2756 5001 2937 5071 fuerit,
2972 5019 3081 5060 non
3106 5003 3176 5059 ita
3212 5004 3369 5058 facile
3398 5012 3500 5066 est,
3531 5002 3585 5055 in
3608 5002 3748 5069 quod

535 5128 746 5191 tempus
777 5122 894 5176 haec
931 5121 1172 5175 incidant
1213 5119 1621 5190 deprehendere
1644 5162 1657 5187 ,
1700 5134 1879 5189 neque
1914 5119 2095 5175 dicere
2140 5120 2382 5174 valemus
2419 5118 2793 5173 Antiochiaene
2831 5133 2899 5172 an
2925 5116 3390 5186 Constantinopoli
3428 5115 3541 5168 haec
3572 5112 3747 5167 habita

532 5237 721 5293 concio
754 5238 936 5293 fuerit.
966 5238 1268 5293 Antiochiae
1312 5247 1489 5291 tamen
1523 5236 1718 5293 dictam
1752 5238 1978 5293 suadere
2024 5236 2238 5291 videtur
2266 5237 2441 5307 ipsum
2470 5235 2795 5308 principium
2828 5235 3093 5298 liomiliaz,
3133 5233 3221 5286 ubi
3252 5246 3309 5285 se
3337 5229 3404 5282 ad
3447 5225 3758 5287 docendqu

531 5350 840 5422 imperitum
878 5348 1161 5421 proﬁtetur
1182 5348 1611 5420 Chrysostomus.

3648 334 3755 388 270

3776 506 3781 515 ι

3774 523 3782 573 i

3778 610 3783 655 ἶ

3780 658 3785 683 l
