4126 6294
372 368 472 439 ut

1147 352 1204 411 S.
1242 349 1521 421 IOANNIS
1555 339 2035 417 CHRYSOSTOMI
2068 337 2387 395 ARCHIEP.
2427 340 2956 399 CONSTANTINOP.

3537 344 3643 400 272

374 482 3630 524 _________________________________._______________

1754 573 2220 647 HOMILIA

380 773 445 824 ut
496 763 923 831 Amsroucnu
964 756 1208 804 mc'rnu
1268 757 1283 796 :

1329 753 1452 811 BQC
1496 748 1713 795 AUTEM
1757 742 2040 799 δεποτις,
2086 742 2257 796 QUOD
2309 745 2374 787 IN
2417 744 2768 791 NOVISSIMIS
2812 746 3039 790 DIEBUS
3082 747 3291 791 ERUNT
3342 744 3636 790 TEMPORA

1661 865 1895 931 quavu
1939 841 2023 926 (2.
2055 847 2214 908 Tim.
2261 848 2321 911 3.
2368 850 2452 933 1).

1789 1009 2227 1048 «mmmam

459 1163 511 1218 1.
531 1158 728 1217 Caritas
747 1150 1091 1226 Chrysostomi
1111 1163 1229 1218 erga
1251 1141 1545 1213 discipulos.
1567 1137 1717 1192 Fidei
1744 1134 1877 1190 oculi

383 1255 551 1311 uident
578 1265 691 1309 aute
714 1225 939 1304 Christus
967 1241 1139 1315 agebat
1162 1255 1179 1304 ;
1204 1235 1379 1292 Judazi
1404 1239 1670 1305 praesentes
1692 1244 1793 1282 non
1828 1225 1963 1280 vide-

390 1347 528 1399 bant.
556 1340 813 1398 Abraham
840 1335 958 1406 ﬁdei
977 1332 1135 1388 oculis
1162 1330 1285 1384 vidit
1310 1325 1620 1381 nasciturum
1633 1319 1965 1374 Isaacum.—

389 1434 635 1492 Inﬁrmus
672 1428 884 1500 quidem
914 1440 1030 1481 sum
1062 1421 1169 1493 (a)
1207 1430 1261 1476 et
1289 1430 1521 1488 egenus,
1576 1419 1735 1481 atque
1775 1407 1840 1464 ad
1870 1407 1967 1462 do-

387 1522 618 1579 cendum
646 1518 923 1590 imperitus
949 1531 962 1565 :
988 1512 1079 1569 sed
1104 1526 1223 1567 cum
1252 1518 1485 1564 vestrum
1511 1511 1707 1561 emtum
1733 1500 1963 1562 intueor,

391 1613 716 1691 inﬁrmitatis
757 1608 1062 1672 obliviscor,
1085 1608 1449 1676 paupertatem
1486 1596 1695 1667 ignoro,
1746 1590 1964 1661 imperi-

396 1685 527 1764 tiam
578 1720 685 1761 non
744 1700 867 1757 novi
897 1718 910 1755 :
939 1707 1082 1754 tanta
1134 1708 1325 1764 nempe
1368 1699 1451 1747 est
1502 1685 1735 1745 caritatis
1774 1690 1967 1738 vestras

386 1797 650 1870 tyrannis.
677 1793 1007 1864 Quapropter
1034 1786 1262 1851 alacrius
1280 1798 1438 1862 quam
1464 1780 1523 1847 ii,
1564 1778 1654 1849 qui
1698 1773 1966 1831 facultati-

392 1892 495 1947 bus
519 1885 809 1950 abundant,
854 1880 1105 1953 egestatis
1127 1891 1258 1932 mea:
1288 1888 1525 1930 mensam
1551 1870 1702 1925 vobis
1732 1880 1963 1938 appono.

392 1978 839 2055 Magnanimitatis
864 1989 1024 2047 porro
1049 1972 1207 2043 hujus
1231 1984 1329 2025 vos
1356 1977 1602 2032 auctores
1640 1962 1771 2018 mihi
1812 1964 1963 2027 estis,

389 2053 517 2146 dum
546 2076 724 2144 lapsos
752 2070 973 2140 erigitis,
996 2066 1115 2137 quia
1143 2063 1209 2119 ad
1251 2059 1571 2117 audiendum
1601 2055 1755 2125 proni
1801 2053 1930 2108 estis
1950 2092 1966 2120 ,

390 2182 551 2242 atque
577 2170 644 2223 ab
673 2181 767 2223 ore
787 2172 970 2219 nostro
991 2158 1250 2233 pendetis.
1272 2156 1361 2212 Sic
1375 2165 1428 2210 et
1457 2152 1582 2222 pulli
1605 2147 1967 2212 hirundinum,

391 2238 511 2322 cum
537 2258 720 2315 vident
745 2254 1078 2309 advolantem
1108 2257 1357 2313 matrem,
1385 2260 1419 2301 e
1446 2243 1569 2298 nido
1598 2256 1716 2297 sese
1739 2238 1969 2296 ell‘erens

393 2360 475 2409 tes
500 2360 553 2406 et
572 2363 801 2421 pronum
826 2344 1180 2402 obtendentes
1207 2339 1424 2403 collum,
1452 2337 1525 2391 ita
1552 2335 1727 2391 cibum
1769 2332 1835 2388 ab
1881 2332 1969 2391 illa

397 2442 686 2514 accipiunt.
716 2437 918 2508 Eodem
939 2433 1100 2491 modo
1128 2441 1182 2488 et
1211 2444 1306 2485 vos
1330 2443 1450 2485 cum
1477 2426 1676 2496 ingenti
1702 2424 1970 2478 alacritate

394 2535 800 2596 cancionantem
857 2532 1163 2593 intuentes,
1204 2539 1272 2580 ex
1308 2522 1486 2592 lingua
1532 2534 1649 2573 mea
1681 2516 1969 2587 profectam

395 2626 691 2683 doctrinam
736 2622 1001 2690 excipitis,
1048 2626 1099 2673 et
1126 2624 1406 2685 antequam
1443 2612 1605 2667 verba
1626 2625 1691 2665 ex
1718 2624 1810 2663 ore
1837 2607 1972 2667 exsi-

404 2716 554 2781 liant,
585 2731 646 2771 ea
687 2713 865 2769 studio
889 2724 1081 2781 magno
1112 2706 1289 2762 omnia
1325 2702 1589 2773 abripitis.
1613 2700 1744 2768 Quis
1787 2714 1893 2752 non
1919 2706 1973 2753 et

392 2823 489 2865 vos
517 2817 571 2862 et
593 2822 690 2860 nos
716 2820 876 2874 super
901 2803 983 2858 his
1012 2802 1196 2856 beatos
1223 2795 1498 2869 praedicet,
1526 2792 1645 2863 quia
1673 2804 1863 2859 nempe
1889 2789 1969 2842 Io-

394 2901 608 2972 quimur
633 2897 712 2952 Ad
727 2912 873 2950 aures
888 2892 1200 2947 audientium
1227 2887 1411 2959 (Eccli.
1447 2885 1535 2941 25.
1568 2881 1695 2955 19.)?
1722 2880 1972 2936 Commu-

394 2990 478 3046 nis
508 2989 676 3052 labor,
725 2984 1022 3041 communis
1050 2991 1104 3037 et
1140 2994 1370 3043 corona;
1423 2988 1709 3033 commune
1740 2973 1968 3035 lucrum,

395 3081 695 3149 communis
740 3078 900 3134 etiam
947 3086 1001 3131 et
1044 3088 1271 3130 merces.
1317 3071 1439 3126 Ideo
1484 3069 1728 3124 Christus
1787 3067 1972 3121 beatos

397 3170 1008 3248 praedicavitdiscipulos
1023 3168 1239 3224 dicens:
1270 3164 1433 3219 Vestri
1449 3172 1613 3217 autem
1648 3159 1778 3215 beati
1813 3157 1968 3223 oculi,

394 3269 515 3340 quia
554 3266 743 3332 vident,
776 3273 824 3319 et
844 3278 991 3317 aures
1012 3270 1187 3315 vestrm
1206 3301 1221 3326 ,
1250 3257 1369 3327 quia
1395 3255 1609 3309 audiunt
1648 3250 1968 3323 (Matth.13.

395 3362 522 3434 16).
545 3359 830 3416 Concedite
854 3356 984 3412 mihi
1011 3364 1069 3410 ut
1089 3354 1172 3409 his
1192 3354 1351 3408 etiam
1377 3350 1552 3408 verbis
1582 3362 1679 3403 vos
1712 3347 1968 3414 alloquar,

394 3449 821 3525 quandoquidem
863 3456 1063 3503 tantam
1105 3443 1369 3501 exhibetis
1408 3440 1772 3496 alacritatem:
1808 3434 1972 3491 Vestri

395 3554 563 3597 autem
582 3542 709 3597 beati
725 3539 878 3606 oculi,
909 3538 1026 3610 quia
1048 3536 1234 3600 vident,
1259 3544 1305 3589 et
1334 3548 1479 3587 aures
1508 3540 1701 3596 vestrm,
1723 3528 1840 3600 quia
1874 3544 1973 3580 au-

396 3635 561 3690 diunt.
588 3632 788 3689 Verum
815 3630 956 3702 quod
996 3643 1152 3684 aures
1171 3625 1386 3697 quidem
1417 3633 1607 3679 vestrae
1629 3620 1845 3675 audiant
1876 3634 1971 3689 pa-

396 3728 505 3797 lam
527 3735 645 3781 est:
676 3724 818 3795 quod
857 3721 997 3778 oculi
1026 3735 1153 3776 vero
1174 3717 1337 3774 vestri
1360 3716 1595 3781 videant,
1633 3714 1769 3769 sicut
1807 3712 1971 3766 disci-

394 3820 505 3890 puli
533 3830 659 3875 tunc
678 3817 948 3879 videbant,
967 3814 1020 3869 id
1049 3814 1416 3869 demonstrare
1442 3809 1695 3871 conabor,
1718 3815 1774 3860 ut
1804 3805 1971 3860 beati-

394 3911 525 3965 tudo
558 3918 733 3965 vestra
759 3922 864 3962 non
911 3904 1148 3971 dimidia,
1194 3902 1290 3958 sed
1334 3902 1552 3957 omnino
1599 3898 1830 3969 perfecta
1878 3898 1966 3951 sit.

395 4000 533 4070 Quid
559 4014 686 4070 ergo
702 4007 829 4052 tunc
848 3996 1098 4051 videbant
1126 3993 1395 4064 discipuli?
1410 3992 1645 4051 Mortuos
1665 3990 1965 4054 suscitalos,

394 4104 567 4145 caacos
596 4089 765 4145 visum
794 4087 1131 4156 recipientes,
1162 4084 1402 4154 leprosos
1432 4081 1743 4146 mundatus,
1784 4079 1968 4150 pulsos

394 4183 688 4248 dinmonas,
716 4180 935 4236 claudos
976 4177 1327 4242 ambulantes,
1358 4184 1560 4233 naturae
1587 4175 1773 4228 vitium
1809 4187 1969 4228 omne

392 4283 713 4330 correctum.
737 4271 862 4326 Haec
882 4279 935 4325 et
951 4284 1090 4324 nunc
1115 4283 1210 4323 vos
1236 4268 1446 4331 videtis,
1471 4266 1678 4322 etiamsi
1708 4282 1813 4321 non
1854 4281 1965 4323 cor-

393 4363 558 4435 poris,
605 4362 699 4417 sed
731 4361 849 4417 ﬁdei
877 4361 1065 4416 oculis.
1095 4357 1405 4429 Huiusmodi
1437 4372 1663 4427 namque
1684 4366 1807 4413 sunt
1844 4357 1964 4413 ﬁdei

392 4454 577 4516 oculi:
619 4468 738 4523 qua:
763 4468 868 4507 non
902 4458 1161 4522 apparent
1209 4450 1421 4517 vident,
1465 4458 1519 4503 et
1562 4464 1681 4518 quae
1727 4449 1965 4504 nondum

393 4544 531 4602 laeta
568 4554 691 4600 sunt
719 4545 1033 4615 intelligunt.
1074 4542 1352 4600 Undenam
1408 4540 1510 4603 hoc
1549 4540 1962 4607 demonstratur,

390 4651 585 4707 nempe
613 4635 770 4690 ﬁdem
799 4649 918 4689 esse
942 4642 1213 4703 aspectum
1244 4640 1299 4688 et
1337 4640 1706 4701 argumentum
1738 4645 1839 4684 non
1871 4645 1965 4699 ap-

392 4726 890 4801 parentium?Audi
917 4726 1139 4785 Paulum
1170 4724 1432 4779 dicentem
1465 4741 1477 4777 :
1505 4722 1599 4776 Est
1637 4731 1801 4774 autem
1836 4721 1962 4789 ﬁdes

387 4820 754 4893 sperandamm
772 4817 1050 4886 substqntia
1085 4833 1270 4882 rerum,
1293 4824 1641 4886 argumentum
1674 4828 1775 4866 non
1811 4828 1965 4881 appa-

385 4915 601 4969 rentium
629 4912 811 4987 (Hebr.
826 4912 914 4966 11.
930 4911 1003 4979 1).
1025 4910 1089 4963 Et
1109 4909 1250 4979 quod
1269 4908 1507 4963 mirabile
1522 4915 1622 4974 est,
1651 4905 1703 4959 hi
1723 4905 1961 4965 carnales

385 5007 528 5064 oculi
554 5022 673 5076 quae
696 5004 795 5060 sub
818 5011 1087 5073 aspectum
1114 5000 1310 5056 cadunt
1329 5040 1343 5061 .
1387 4999 1591 5065 vident,
1623 5012 1743 5068 quae
1786 5005 1958 5050 autem

386 5103 486 5159 sub
501 5109 773 5172 aspectum
801 5112 911 5152 non
935 5094 1149 5160 cadunt,
1182 5107 1287 5149 non
1316 5091 1534 5145 vident:
1564 5101 1618 5143 at
1661 5088 1780 5142 ﬁdei
1822 5087 1962 5155 oculi

390 5194 604 5250 omnino
617 5197 824 5256 contra,
843 5203 960 5257 qua:
981 5185 1079 5241 sub
1105 5191 1372 5254 aspectum
1391 5176 1607 5249 cadunt,
1630 5196 1734 5233 non
1757 5177 1957 5244 vident,

380 5300 509 5356 qua:
552 5298 682 5339 vero
710 5281 808 5338 sub
848 5287 1121 5348 aspectum
1176 5289 1281 5341 non
1335 5272 1549 5336 cadunt,
1576 5270 1776 5325 vident.
1809 5268 1958 5337 Quod

360 5374 562 5466 (autem
602 5390 723 5447 qua:
750 5372 997 5443 videntur
1042 5384 1146 5424 non
1178 5365 1412 5431 videant,
1461 5373 1517 5419 et
1567 5378 1686 5434 quae
1737 5378 1843 5421 non
1879 5361 1959 5414 vi-

377 5466 577 5525 dentur
615 5466 849 5528 videant.
903 5460 1100 5519 Paulus
1147 5456 1440 5513 declaravit
1468 5455 1549 5510 his
1576 5454 1752 5510 verbis
1783 5472 1798 5508 :
1826 5452 1958 5507 Nam

392 5558 790 5615 Momentuneum
809 5565 853 5612 et
873 5555 976 5610 leve
1001 5551 1334 5608 tribulationis
1358 5564 1517 5615 supra
1541 5546 1745 5600 modum
1764 5546 1816 5598 in
1839 5544 1928 5599 sub
1944 5571 1959 5584 -

387 5650 598 5725 (imitate
624 5657 863 5701 internum
899 5645 1075 5716 gloria:
1098 5641 1293 5713 pondus
1315 5646 1550 5710 operatur
1575 5636 1628 5689 in
1652 5636 1831 5699 nobis;
1857 5651 1957 5689 non

442 5757 519 5835 (a)
550 5757 915 5821 Chrysostomus
939 5755 1212 5809 inﬁrmitate
1233 5753 1448 5815 corporis
1472 5749 1737 5812 laborabat.

2069 1137 2498 1191 considerantibus
2527 1139 2668 1192 nobis
2690 1155 2803 1208 qua:
2829 1138 3077 1203 videntur,
3104 1141 3191 1194 sed
3212 1155 3324 1210 qua:
3353 1156 3454 1194 non
3478 1141 3623 1194 viden

2069 1235 2151 1285 tur
2175 1228 2230 1299 (2
2259 1228 2378 1283 Cor.
2400 1229 2452 1283 4.
2487 1228 2597 1297 17).
2631 1228 2699 1283 Et
2721 1230 2988 1300 quomodo
3017 1229 3277 1300 quispiam
3305 1245 3367 1284 ea
3396 1245 3515 1300 qua:
3543 1246 3647 1284 non

2068 1321 2315 1375 videntur
2334 1321 2564 1377 viderit?
2587 1323 2703 1387 Quo
2723 1322 2829 1377 alio
2854 1322 3032 1387 modo,
3057 1323 3155 1376 nisi
3187 1323 3308 1378 ﬁdei
3338 1323 3539 1378 oculis?
3560 1324 3649 1379 Sic

2070 1424 2125 1471 et
2147 1416 2273 1470 alibi
2300 1417 2368 1470 ait
2395 1433 2405 1467 :
2442 1414 2572 1471 Fide
2591 1416 2917 1486 intelligimus
2931 1425 3103 1487 aptata
3124 1433 3233 1471 esse
3255 1414 3442 1471 stecula
3464 1415 3646 1486 (Hebr.

2072 1509 2159 1563 11.
2182 1509 2258 1578 5).
2286 1507 2605 1575 Quomodo?
2636 1524 2740 1563 non
2768 1510 2907 1564 enim
2928 1508 3187 1566 videmus.
3211 1508 3278 1564 Ut
3303 1525 3365 1564 ex
3386 1510 3651 1564 invisibili-

2071 1600 2163 1655 bus
2185 1600 2397 1654 visibilia
2417 1601 2611 1668 ﬁerent.
2632 1600 2804 1656 Vultis
2819 1601 2958 1655 aliud
2977 1603 3240 1672 proferam
3267 1603 3646 1668 testimonium,

2072 1693 2212 1763 quod
2244 1692 2363 1748 ﬁdei
2392 1693 2530 1749 oculi
2556 1708 2618 1748 ea
2654 1694 2863 1749 videant
2902 1712 3021 1765 quae
3048 1712 3152 1750 non
3179 1696 3461 1752 videntur?
3489 1697 3649 1753 Gala-

2074 1786 2141 1840 tis
2166 1785 2450 1855 aliquando
2474 1786 2715 1841 scribens
2763 1787 2957 1842 Paulus
2981 1788 3191 1843 dicebat
3221 1805 3234 1841 :
3267 1789 3398 1844 Ante
3440 1806 3651 1860 quorum

2073 1876 2243 1931 oculos
2271 1875 2421 1930 Iesus
2445 1875 2672 1932 Christus
2698 1880 3021 1950 prcescriptus
3039 1890 3113 1934 est
3137 1881 3190 1935 in
3215 1881 3352 1936 vobis
3379 1882 3652 1951 cruciﬁxus

2075 1966 2213 2043 (Gal.
2245 1971 2295 2023 5.
2328 1970 2402 2040 l).

2143 2060 2198 2116 ἓ.
2227 2061 2363 2129 Quid
2390 2061 2541 2127 dicis,
2566 2078 2599 2117 ο
2622 2061 2776 2118 beate
2802 2062 2999 2119 Paule?
3028 2064 3078 2118 in
3107 2062 3381 2121 Calatiane
3404 2062 3651 2126 viderunt

2075 2171 2195 2210 eum
2227 2155 2431 2211 Galate:
2452 2156 2806 2211 cruciﬁxum?
2838 2173 3013 2211 nonne
3038 2157 3351 2212 conﬁtemur
3377 2172 3565 2212 omnes
3595 2156 3649 2211 in

2077 2249 2354 2304 l’almstina
2405 2248 2457 2303 in
2486 2248 2659 2303 media
2686 2248 2872 2304 Judcea
2899 2249 3169 2303 Christum
3215 2264 3334 2304 esse
3386 2250 3649 2319 passum?

2074 2341 2352 2417 Quomodo
2380 2356 2508 2414 ergo
2556 2342 2727 2412 ipsum
2771 2341 2972 2399 Galam:
3012 2341 3329 2397 cruciﬁxum
3358 2342 3646 2397 viderunt?

2077 2435 2260 2498 Fidei.
2289 2450 2397 2491 non
2448 2435 2660 2497 carnis.
2702 2435 2889 2490 oculis.
2941 2435 3186 2493 Vidistin’
3209 2434 3474 2505 quomodo
3519 2434 3641 2489 ﬁdei

2076 2531 2215 2585 oculi
2257 2545 2318 2585 ea
2367 2546 2484 2600 qua:
2530 2545 2634 2587 non
2681 2537 2937 2601 apparent
2965 2529 3221 2583 videant?
3248 2529 3289 2582 A
3334 2536 3479 2581 tanto
3506 2527 3651 2581 enim

2077 2624 2353 2679 intervallo
2411 2634 2466 2678 et
2491 2633 2613 2695 post
2641 2632 2847 2679 tantum
2870 2630 3077 2692 tempus
3103 2620 3368 2675 Christum
3397 2619 3641 2674 viderunt

2076 2718 2413 2772 cruciﬁxum.
2434 2718 2522 2772 Sic
2547 2726 2599 2772 et
2627 2732 2721 2771 vos
2750 2715 2941 2770 videtis
2987 2723 3224 2768 mortuos
3264 2721 3603 2782 resurgentes
3630 2726 3645 2764 :

2077 2812 2153 2866 sic
2181 2810 2341 2868 hodie
2375 2810 2593 2865 cernitis
2626 2812 2895 2879 leprosum
2935 2806 3245 2862 mundatum
3277 2825 3291 2860 :
3327 2807 3405 2861 sic
3440 2805 3645 2875 paraly-

2077 2907 2239 2961 ticum
2267 2906 2472 2960 vidistis
2515 2912 2749 2960 erectum
2775 2943 2791 2969 ,
2820 2911 2875 2958 et
2903 2902 3070 2972 magis
3099 2899 3305 2954 vidistis
3328 2941 3343 2965 ,
3367 2916 3525 2970 quam
3552 2898 3644 2953 th

2076 2998 2198 3062 diei,
2230 2998 2316 3068 qui
2339 3008 2462 3051 tunc
2481 2995 2722 3051 aderant.
2754 2994 2833 3049 llli
2853 3007 3083 3063 namque
3108 3000 3395 3060 praesentes
3426 3005 3528 3043 non
3559 2988 3649 3047 ad~

2077 3094 2271 3147 misere
2319 3088 2665 3153 miraculum,
2705 3102 2799 3142 vos
2842 3094 3020 3141 autem
3070 3085 3319 3139 absentes
3367 3082 3524 3137 ﬁdem
3554 3080 3650 3134 atl-

2077 3183 2317 3238 misistis.
2360 3180 2539 3251 Itaque
2577 3181 2696 3250 jure
2739 3178 2847 3234 dixi
2887 3174 3242 3237 vobis,Beati
3281 3175 3430 3229 vestri
3474 3173 3605 3228 oculi
3635 3214 3651 3238 ,

2076 3277 2193 3347 quia
2238 3275 2403 3332 vident
2425 3272 2634 3347 (Matth.
2668 3274 2752 3328 15.
2782 3270 2888 3343 16).
2924 3269 3078 3337 Quod
3114 3269 3155 3323 si
3208 3268 3421 3323 aliunde
3446 3282 3653 3337 quoque

2076 3363 2286 3424 discere
2314 3366 2545 3422 volueris
2565 3406 2580 3431 ,
2614 3365 2736 3419 ﬁdei
2781 3362 2969 3418 oculos
2996 3377 3081 3427 ea,
3107 3376 3227 3430 qua:
3251 3375 3357 3413 non
3386 3359 3649 3422 videntur,

2077 3463 2256 3518 videre
2278 3503 2293 3525 ,
2315 3471 2370 3516 et
2399 3476 2459 3515 ea
2487 3501 2501 3523 ,
2533 3474 2651 3530 quas
2690 3456 2956 3521 videntur,
2998 3464 3409 3524 praetercurrere
3443 3469 3456 3505 :
3485 3464 3655 3519 neque

2076 3555 2217 3609 enim
2259 3554 2363 3607 alio
2402 3550 2560 3607 modo
2593 3549 2821 3604 viderint
2844 3563 2906 3603 ea
2926 3588 2944 3614 ,
2973 3560 3093 3615 quae
3121 3560 3229 3599 non
3258 3543 3523 3609 videntur,
3552 3542 3651 3596 nisi

2075 3662 2234 3717 supra
2273 3646 2412 3700 dicta
2442 3644 2781 3715 despexerint
2808 3659 2821 3695 :
2846 3640 2969 3696 audi
2999 3639 3221 3695 Paulum
3245 3637 3313 3693 de
3350 3636 3657 3691 Abrahamo

2074 3739 2426 3795 disserentem
2447 3780 2462 3805 ,
2491 3736 2632 3808 quod
2667 3750 2857 3804 nempe
2901 3733 3025 3788 ﬁdei
3065 3731 3236 3787 oculis
3263 3730 3460 3786 viderit
3486 3730 3652 3783 ﬁlium

2075 3849 2231 3893 suum
2261 3831 2405 3886 Isaac
2450 3830 2772 3891 nasciturum
2798 3868 2812 3891 ,
2851 3837 2904 3882 et
2930 3827 3007 3880 sic
3043 3824 3308 3893 acceperit
3344 3821 3651 3894 promissio-

2076 3942 2218 3981 nem.
2270 3924 2406 3992 Quid
2438 3923 2578 3977 enim
2608 3922 2722 3974 ait?
2750 3919 2816 3973 Et
2854 3935 2952 3972 non
2988 3918 3275 3986 inﬁrmatus
3314 3923 3384 3967 est
3406 3913 3526 3981 ﬁde,
3560 3927 3647 3963 nec

2073 4019 2401 4075 consideravit
2425 4033 2605 4086 corpus
2625 4030 2771 4069 suum
2798 4022 3079 4067 emortuum
3108 4008 3282 4079 (Rom.
3313 4007 3367 4061 4.
3400 4006 3510 4074 l9).
3540 4003 3648 4057 Ma-

2072 4129 2176 4185 gna
2211 4111 2289 4165 vis
2332 4108 2475 4165 ﬁdei.
2523 4105 2979 4173 Quemadmodum
3008 4102 3151 4157 enim
3191 4098 3524 4167 Cogitationes
3550 4094 3645 4146 Ito—

2072 4209 2265 4263 minum
2314 4205 2503 4259 timida:
2551 4209 2667 4256 sunt
2696 4209 2742 4252 et
2779 4198 2999 4267 inﬁrma:
3041 4195 3193 4268 (Sap.
3225 4194 3278 4249 9.
3310 4190 3399 4261 14)
3423 4207 3438 4253 ;
3461 4190 3539 4244 sic
3585 4187 3647 4240 ﬁ-

2072 4301 2167 4363 des
2213 4299 2364 4355 fortis
2411 4306 2706 4367 potensque
2761 4301 2858 4347 est.
2914 4289 3035 4343 Non
3081 4285 3411 4341 consideravit
3462 4298 3649 4350 corpus

2071 4410 2215 4448 suum
2252 4399 2553 4446 emortuum.
2583 4384 2768 4440 Viden'
2789 4379 3055 4452 quomodo
3080 4376 3305 4431 visibllia
3352 4373 3644 4429 dimiserit?

2070 4483 2337 4555 quomodo
2389 4495 2495 4537 non
2551 4474 2845 4549 respexerit
2891 4473 2943 4526 in
3002 4467 3372 4525 senectutem?
3424 4465 3649 4521 Etiamsi

2073 4556 2335 4646 hine-pra:
2362 4572 2532 4628 oculis
2575 4578 2708 4633 erat,
2744 4565 2836 4621 sed
2885 4562 3009 4619 ﬁdei
3049 4561 3218 4616 oculis
3244 4556 3483 4623 videbat,
3537 4570 3644 4609 non

2068 4671 2237 4727 oculis
2286 4667 2548 4737 corporis.
2590 4663 2715 4718 Ideo
2745 4674 2853 4715 non
2891 4655 3127 4726 respexit
3168 4653 3234 4707 ad
3272 4658 3599 4708 senectutem
3625 4691 3642 4712 ,

2069 4780 2241 4836 neque
2268 4762 2348 4833 Ad
2379 4769 2655 4817 emortuam
2694 4754 2887 4809 vulvam
2919 4750 3094 4807 Same
3119 4748 3293 4821 (Rom.
3324 4746 3377 4800 4.
3404 4743 3514 4814 19)).
3549 4742 3646 4796 Hic

2069 4835 2400 4913 sterilitatem
2437 4850 2590 4907 nobis
2608 4845 2931 4905 subindicat.
2963 4841 3165 4911 Duplex
3191 4839 3333 4894 enim
3363 4835 3642 4889 inﬁrmitas

2067 4959 2212 5013 erat;
2232 4949 2331 5001 alia
2360 4961 2390 4998 a
2413 4952 2707 5005 senectute,
2733 4938 2833 4991 alia
2861 4936 2924 4989 ab
2956 4932 3264 4989 inﬁrmitate
3286 4937 3510 4983 naturae.
3532 4924 3640 4979 Ne-

2066 5059 2169 5115 que
2198 5041 2341 5095 enim
2386 5045 2589 5091 tantum
2640 5046 2834 5101 corpus
2883 5028 2952 5083 ob
2979 5034 3189 5083 aetatem
3232 5021 3299 5077 ad
3353 5021 3641 5086 liberorum

2065 5108 2486 5204 procreationem
2524 5126 2761 5194 ineptum
2803 5130 2914 5175 erat
2935 5158 2952 5185 ,
2981 5117 3075 5171 sed
3103 5115 3257 5169 vulva
3288 5125 3496 5181 quoque
3526 5108 3645 5178 ejus

2065 5239 2119 5284 et
2145 5236 2346 5282 natura:
2375 5221 2588 5276 ofﬁcina
2612 5225 2728 5272 erat
2752 5219 2994 5269 emortua
3017 5251 3034 5277 ,
3059 5208 3221 5263 etiam
3240 5213 3364 5259 ante
3390 5209 3641 5259 senectu-

2068 5333 2172 5377 tem
2198 5360 2212 5383 ,
2246 5330 2436 5385 nempe
2477 5312 2546 5366 ob
2576 5308 2933 5367 sterilitatem.
2960 5301 3143 5356 Viden‘
3170 5306 3368 5369 quanta
3418 5292 3643 5363 impedi-

2065 5412 2279 5470 menta?
2325 5410 2583 5464 Senectus
2629 5403 2766 5465 viri,
2814 5406 3061 5454 senectus
3115 5392 3298 5449 uxoris
3343 5386 3643 5443 :sterilitas

2064 5507 2234 5578 maior
2260 5505 2416 5564 obex.
2449 5514 2607 5571 quam
2633 5502 2882 5551 senectus
2906 5509 2919 5545 :
2942 5505 3063 5545 nam
3094 5486 3222 5542 illud
3242 5492 3325 5540 est
3352 5482 3641 5537 maximum

2065 5600 2132 5655 ad
2154 5572 2447 5653 liberorum
2479 5588 2903 5661 procreationem
2931 5580 3387 5653 impedimentum.
3419 5572 3639 5626 Verum-

2067 5703 2243 5748 tamen
2274 5687 2387 5741 ha-c
2407 5658 2583 5743 omnia
2615 5674 2980 5751 praetorem-rit
2997 5711 3010 5736 ,
3048 5676 3211 5751 atque
3231 5663 3401 5729 oculis
3428 5659 3557 5732 ﬁdei.
3580 5658 3635 5713 in
