4054 6320
348 333 456 394 271

1012 333 1082 393 ΙΝ
1112 335 1343 403 ILLUD,
1379 335 1513 392 110C
1565 334 1857 393 SCITOTE
1888 335 2078 404 QUOD
2114 335 2185 392 IN
2223 333 2619 393 NOVISSIMIS
2652 335 2920 405 DIEBUS,
2964 337 3112 394 E'I'C.

3677 339 3794 396 9.7.3

3113 600 3157 610 —
3165 598 3694 616 W--———-—-

1898 844 2297 930 OMIAIA

348 1141 453 1210 Εῑς
505 1139 571 1195 τὸ
622 1138 1032 1194 ἀποστολικὸν
1060 1136 1253 1206 ῥητὸν
1310 1136 1611 1208 τόλέγον·
1678 1135 1848 1189 Τοῦτο
1879 1136 1934 1191 δὲ
1994 1135 2310 1210 γινώσκετε,

2369 1138 2450 1191 ὅτι
2496 1140 2555 1191 ἐν
2605 1139 2862 1209 ἐσχάταις
2909 1139 3144 1210 ἡμέραις
3194 1140 3405 1194 ἔσονται
3468 1141 3647 1211 καιροὶ
3700 1160 3801 1214 χοι-ι

2021 1207 2193 1260 λεποί.

421 1639 492 1691 α’.
534 1631 788 1703 ’Δσθενὴς
838 1628 936 1702 μέν
966 1631 1080 1701 ειμι
1108 1630 1203 1683 καὶ
1236 1628 1468 1700 πτωχὸς,
1504 1631 1596 1683 καὶ
1623 1630 2020 1685 διδασκαλικῶν

350 1721 578 1791 ἄπειρος
615 1719 807 1788 λόγωνε
860 1717 974 1771 ἀλλ’
1005 1718 1133 1771 ὅταν
1168 1717 1261 1770 ἴδω
1308 1718 1399 1769 τὸν
1434 1718 1696 1790 ὑμέτερον
1738 1717 2016 1786 σύλλογον,

352 1806 777 1875 ἐπιλανθάνομαι
810 1806 908 1876 τῆς
934 1804 1235 1868 ἀσθενείας,
1261 1804 1440 1872 ἀγνοῶ
1473 1806 1572 1874 τὴν
1607 1804 1896 1875 πτωχείαν,
1919 1806 2019 1859 οὐκ

348 1891 470 1947 ιιῐδα
490 1894 588 1966 τὴν
616 1892 891 1964 ἀπειρίανο
928 1892 1153 1961 τοιαύτη
1172 1891 1280 1962 γὰρ
1308 1891 1409 1962 τῆς
1433 1891 1706 1962 ὑμετέρας
1736 1892 1955 1962 ἀγάπης
1981 1895 2015 1963 ἡ

348 1982 626 2055 τυραννίς.
649 1982 739 2034 Διὸ
767 1981 859 2033 καὶ
883 1979 991 2032 τῶν
1015 1982 1072 2033 ἐν
1091 1980 1323 2051 εὐπορίᾳ
1361 1978 1715 2033 καθεστώτων
1746 1979 2020 2051 προθυμό-

347 2087 509 2141 τερον
548 2071 679 2139 ὑμῖν
716 2069 815 2139 τὴν
856 2070 955 2139 τῆς
1008 2066 1281 2137 πτωχείας
1334 2067 1676 2139 παρατίθημι
1716 2069 2016 2140 τράπεζαν,

350 2157 569 2229 Ταύτης
599 2158 658 2211 δέ
684 2158 841 2227 ὑμεῖς
864 2156 1027 2212 αἴτιοι
1052 2156 1151 2225 τῆς
1184 2156 1605 2227 μεγαλοψυχίας,
1633 2158 1701 2227 τῇ
1738 2156 2019 2229 προθυμίᾳ

349 2248 453 2317 τῆς
488 2246 803 2319 ἀκροάσεως
831 2248 959 2308 τοὺς
990 2244 1450 2306 ἀναπεπτωκότας
1477 2245 1856 2316 διεγείροντες,
1878 2246 2018 2316 πρὸς

350 2338 452 2408 τὴν
491 2337 749 2408 ἀκρόασιν
782 2334 1091 2405 κεχηνότες,
1131 2332 1225 2387 καὶ
1257 2332 1360 2403 τῆς
1408 2332 1504 2386 τοῦ
1538 2333 1786 2401 λέγοντος
1819 2335 2014 2407 ἐκκρε-

355 2428 589 2495 μάμενοι
613 2424 878 2493 γλώττης.
912 2420 1069 2475 Οὓτω
1088 2420 1182 2474 καὶ
1211 2421 1420 2473 νεοσσοὶ
1456 2420 1760 2491 χελιδόνων,
1800 2421 2017 2477 ἐπειδὰν

352 2515 507 2567 ἴδωσι
535 2511 987 2584 προσιπταμένην
1034 2509 1133 2579 τὴν
1168 2507 1403 2580 μητέρα,
1442 2507 1542 2577 τῆς
1579 2507 1774 2570 καλιᾶς
1805 2508 2013 2577 προκύ-

347 2601 551 2670 ψαντες
590 2599 836 2661 καὶτοὺς
888 2597 1119 2667 αὐχένας
1167 2598 1487 2664 ποιήσαντες
1513 2597 1823 2666 ἐκκρεμεῖς,
1874 2594 2017 2648 οὕτω

348 2689 595 2759 δέχονται
614 2688 714 2757 τὴν
740 2684 873 2755 παρ’
900 2686 1111 2755 ἐκείνης
1139 2685 1365 2754 τροφήν.
1398 2681 1555 2734 Οὕτω
1575 2683 1668 2734 καί
1689 2682 1845 2753 ὑμεῖς
1881 2683 2017 2753 μετά

350 2782 552 2853 πολλῆς
584 2779 684 2850 τῆς
707 2777 1014 2850 προθυμίας
1035 2776 1169 2846 πρὸς
1201 2775 1291 2829 τὸν
1322 2774 1545 2843 λέγοντα
1586 2773 1892 2844 βλέποντες,
1929 2772 2015 2829 δέ-

348 2870 512 2941 χεσθε
538 2869 636 2940 τὴν
661 2868 768 2921 ἀπὸ
797 2864 948 2937 [279]
974 2864 1072 2934 τῆς
1093 2862 1337 2933 γλώττης
1370 2861 1734 2932 κομιζομένην
1755 2861 1883 2931 ὑμῖν
1904 2860 2016 2914 διά-

348 2946 519 3021 λεξιν,
542 2957 636 3008 καὶ
680 2955 810 3026 πρὶν
840 2953 873 3024 ἢ
910 2953 978 3005 τὰ
1011 2953 1230 3022 ῥήματα
1272 2949 1578 3017 ἐκπηδῆσαι
1624 2947 1718 3001 τοῦ
1751 2947 2018 3018 στόματος

348 3042 534 3116 ἡμῶν,
559 3043 802 3112 ἥρπασεν
834 3041 869 3111 ἡ
896 3038 1105 3091 διάνοια
1133 3038 1201 3089 τὰ
1232 3035 1517 3106 λεγόμενα.
1555 3035 1648 3098 Τίς
1683 3030 1776 3089 οὖν
1815 3036 1914 3088 οὐκ
1952 3034 2017 3088 ἂν

346 3132 451 3193 καὶ
477 3130 623 3200 ὑμᾶς
652 3128 747 3182 καὶ
777 3128 923 3198 ἡμᾶς
972 3127 1065 3178 ἐπὶ
1103 3124 1312 3187 τούτοις
1372 3122 1743 3194 μακαρίσειεν,
1773 3123 1855 3176 ὅτι
1874 3122 2019 3190 λέγο-

352 3236 458 3299 μεν
491 3220 591 3283 Εἰς
620 3211 739 3271 ὦτα
758 3214 1135 3284 ᾀκουόντων;
1163 3210 1356 3274 Kmqu
1377 3214 1405 3263 ό
1441 3210 1616 3273 πόνος,
1643 3210 1821 3299 κοινὸς
1843 3211 2020 3299 *καὶ-μό

348 3296 636 3377 στέφανος·
666 3304 843 3358 κοινὸν
857 3302 917 3355 τὺ
932 3301 1143 3372 κέρδος,
1162 3299 1340 3362 κοινὸς
1368 3298 1462 3351 καὶ
1481 3299 1509 3351 ὀ
1539 3297 1747 3367 μισθός.
1762 3296 1868 3349 Διά
1897 3296 2019 3349 τοῦ·

345 3413 417 3450 το
438 3394 572 3448 καὶό
595 3392 825 3464 Χριστὸς
857 3388 1159 3460 ἐμακάρισε
1188 3386 1314 3449 τοὺς
1352 3385 1598 3455 μαθητάς
1626 3385 1818 3452 λέγων’
1837 3384 2019 3452 ’Υμῶν

346 3481 425 3536 δὲ
438 3479 713 3551 μακάριοι
741 3481 793 3532 οι
821 3474 1131 3546 ὀφθαλμοί,
1160 3474 1249 3527 ὅτι
1287 3473 1612 3537 βλέπουσι,
1662 3471 1760 3524 καὶ
1789 3470 1861 3523 τὰ
1900 3464 2019 3523 ὦτα

344 3567 550 3638 ὑμῶν,
579 3567 670 3619 ὅτι
716 3565 1022 3621 ἀκούουσι.
1065 3562 1195 3614 Δότε
1226 3577 1314 3631 μοι
1353 3560 1523 3612 ταῦτα
1546 3558 1615 3611 τὰ
1651 3559 1867 3629 ῥήματα
1926 3558 2019 3610 καὶ

343 3655 496 3725 πρὸς
530 3653 675 3723 ὑμᾶς
713 3652 902 3713 εἰπεῖν,
931 3649 1119 3718 ἐπειδὴ
1170 3648 1263 3701 καὶ
1309 3646 1407 3716 τὴν
1453 3645 1620 3716 αὐτὴν
1648 3644 2018 3697 ἐπιδείκνυσθε

342 3742 690 3815 προθυμίαν*
730 3738 919 3808 ’Υμῶν
945 3737 1011 3791 δὲ
1049 3735 1324 3807 μακάριοι
1352 3738 1405 3789 οί
1431 3732 1741 3804 ὀφθαλμοὶ,
1769 3731 2017 3797 δτιβλέ-

342 3845 565 3895 τίουσι,
618 3828 717 3883 καί
761 3828 833 3882 τὰ
876 3822 997 3881 ὦτα
1036 3826 1224 3895 ὑμῶν,
1262 3824 1347 3876 ὅτι
1393 3824 1741 3877 ἀκούουσιν.
1772 3821 1907 3873 Ἀλλ’
1938 3821 2019 3874 ὅτι

347 3920 461 3990 μὲν
494 3916 650 3987 ὑμῶν
677 3915 743 3969 τά
769 3910 883 3969 ῶτα
913 3913 1122 3979 ἀκούει,
1154 3912 1331 3982 δῆλον·
1354 3912 1435 3964 ὅτι
1459 3910 1515 3963 δὲ
1553 3910 1645 3963 καὶ
1674 3910 1721 3961 οἱ
1754 3907 2019 3977 ὀφθαλμοὶ

348 4006 635 4085 βλέπουσι,
688 4003 938 4075 καθάπερ
988 4001 1211 4053 ἐὸλεπον
1261 3999 1311 4085 οί
1372 3998 1609 4069 μαθηταὶ
1658 3997 1831 4085 τότε,
1863 3996 2020 4085 τούτο

345 4083 633 4159 ἀποδεῖξαι
660 4091 1012 4162 πειράσομαι,
1044 4088 1129 4141 ἴνα
1164 4086 1237 4158 μὴ
1260 4084 1319 4151 ἐξ
1340 4086 1613 4157 ἡμισείας,
1649 4084 1761 4137 ἀλλ’
1791 4083 2017 4153 ὀλόκλη-

351 4201 449 4254 ρος
473 4180 626 4252 ὑμῶν
657 4182 687 4233 ὁ
728 4177 1077 4251 μακαρισμὸς
1207 4176 1272 4227 Τί
1302 4171 1393 4228 οὖν
1431 4173 1658 4226 ἔϐλεπον
1685 4173 1805 4225 τότε
1836 4173 1885 4224 οἱ
1921 4189 2021 4241 μα-

350 4271 549 4341 θηταί;
585 4268 831 4337 Νεκροὺς
870 4265 1292 4335 ἀνισταμένους,
1322 4263 1556 4331 τυφλοὺς
1597 4259 2019 4323 ἀναϐλέποντας,

350 4358 590 4427 λεπροὺς
617 4354 1066 4425 καθαιρομένους,
1095 4352 1351 4422 δαίμονας
1378 4348 1785 4419 ἐλαυνομένους,
1816 4347 2022 4418 χωλοὺς

357 4445 697 4515 βαδίζοντας,
722 4442 866 4497 ἀπαν
896 4441 1110 4511 φύσεως
1139 4439 1440 4510 ἁμάρτημα
1469 4435 1863 4506 διορθούμενον.
1881 4432 2023 4487 Ταῦ-

353 4549 426 4584 τα
457 4532 681 4601 βλέπετε
709 4531 805 4585 καὶ
826 4530 982 4599 ὑμεῖς
1017 4527 1132 4592 νῦν,
1164 4528 1211 4579 εί
1245 4528 1340 4579 καὶ
1373 4524 1447 4596 μὴ
1476 4526 1589 4586 τοῖς
1620 4522 1712 4577 τοῦ
1748 4522 2019 4594 σώματος,

356 4620 499 4675 ἀλλὰ
526 4621 643 4683 τοῖς
676 4620 776 4689 τῆς
801 4616 1034 4678 πίστεως
1063 4613 1378 4684 ὀφθαλμοῖς.
1408 4609 1664 4664 Τοιαῦται
1693 4611 1802 4682 γὰρ
1842 4611 1899 4663 αἱ
1922 4610 2022 4679 τῆς

355 4709 595 4771 πίστεως
615 4706 788 4776 ὄψεις*
825 4704 896 4757 τά
931 4703 1007 4775 μὴ
1030 4701 1324 4773 φαινόμενα
1347 4700 1619 4770 βλέπουσι,
1653 4699 1746 4752 καὶ
1769 4698 1837 4750 τὰ
1865 4697 2026 4769 μηδέ-

358 4814 451 4848 πω
493 4795 802 4865 πραχθέντα
843 4790 1184 4846 κατανοοῦσι.
1227 4788 1396 4843 Πόθεν
1422 4787 1581 4841 τοῦτο
1604 4787 1782 4858 δῆλον,
1804 4786 1886 4838 ὅτι
1930 4784 2023 4838 πί-

360 4900 483 4944 στις
496 4882 619 4951 ὃψις
635 4880 753 4935 ἐστὶ
777 4880 888 4934 τῶν
909 4879 985 4950 μὴ
1008 4877 1348 4949 βλεπομένων
1376 4877 1469 4929 καὶ
1493 4876 1709 4944 ἐλεγχος
1728 4890 1744 4940 ;
1762 4874 2026 4927 ’Ἄκουσον

358 4970 460 5023 τοῦ
492 4969 700 5024 Παύλου
739 4968 1009 5036 λέγοντος·
1042 4968 1218 5020 Ἔστι
1268 4964 1338 5017 δὲ
1386 4966 1589 5029 πίστις
1629 4960 2026 5031 ἐλπιζομένων

359 5060 699 5123 ὑπόστασις
754 5053 1131 5125 πραγμάτων,
1186 5052 1436 5121 ἔλεγχος
1492 5053 1563 5105 οὐ
1608 5049 2021 5118 βλεπομένων.

356 5146 554 5201 Xalt»)
583 5145 647 5216 δὴ
694 5144 1029 5215 θαυμαστὸν,
1074 5134 1219 5194 οὗτοι
1252 5141 1352 5211 μὲν
1379 5142 1427 5193 οἱ
1458 5140 1557 5208 τῆς
1581 5138 1781 5209 σαρκὸς
1822 5137 2024 5207 ὀφθαλ-

366 5236 467 5306 μοὶ
492 5234 561 5287 τά
586 5233 686 5304 μὲν
732 5230 983 5303 ὁρώμενα
1030 5228 1304 5300 βλέπουσι,
1350 5227 1419 5281 τά
1456 5227 1513 5280 δὲ
1567 5225 1642 5295 μὴ
1663 5225 1915 5297 ὁρώμενα
1963 5226 2023 5279 σύ

354 5322 671 5393 βλέπουσιν⁸
698 5320 751 5372 οἱ
774 5319 833 5372 δὲ
859 5319 959 5389 τῆς
991 5316 1223 5378 πίστεως
1241 5314 1507 5384 ὀφθαλμοὶ
1531 5312 1837 5366 τούναντίον
1857 5313 2023 5376 ἀπαν,

349 5412 426 5466 τά
451 5409 555 5482 μὲν
578 5407 839 5480 ὁρώμενα
886 5407 948 5459 οὑ
994 5404 1276 5475 βλέπουσι,
1320 5402 1390 5455 τά
1422 5401 1478 5454 δὲ
1511 5401 1586 5473 μὴ
1624 5399 1876 5472 ὁρώμενα
1906 5399 2028 5470 βλέ-

350 5516 539 5552 πουσι.
562 5498 676 5552 Καὶ
708 5498 789 5549 ὅτι
836 5494 906 5548 τὰ
941 5493 1248 5563 Βλεπόμενα
1297 5491 1356 5543 οὑ
1391 5489 1665 5561 βλέπουσι,
1715 5489 1808 5543 καὶ
1834 5487 1903 5542 τὰ
1952 5488 2025 5560 μὴ

352 5585 669 5657 βλεπόμενα
702 5584 1012 5654 βλέπουσιν,
1050 5582 1080 5633 ὀ
1112 5577 1324 5641 Παῦλος
1355 5578 1619 5646 ἐδήλωσεν
1638 5576 1807 5630 εἰπὼν
1833 5576 2024 5640 οὕτως·

356 5677 429 5731 Τὸ
456 5676 565 5746 γάρ
602 5672 949 5742 παραυτίκα
973 5667 1241 5737 ἐλαφρὸν
1266 5665 1377 5734 τῆς
1404 5667 1662 5733 θλίψεως
1695 5666 1823 5719 καθ’
1848 5668 2028 5733 ὑπερ-

352 5764 546 5839 ᾷολήν
593 5766 684 5835 εὶς
740 5758 1083 5831 ὑπερϐολὴν
1136 5755 1371 5811 αἰώνιον
1409 5752 1598 5824 ,ϐάρος
1650 5752 1834 5821 δόξης
1886 5752 2029 5822 ἡμῖν

2039 1436 2109 1448 .—

2122 1630 2551 1701 κατεργάζεται.
2571 1632 2656 1702 μὴ
2704 1632 3101 1686 σκοπούντων
3132 1635 3300 1705 ἡμῶν
3331 1637 3401 1689 τὰ
3419 1638 3795 1707 ,βλετιπιῼιεναι

2118 1721 2281 1776 ἀλλὰ
2308 1721 2380 1775 τὰ
2405 1721 2489 1790 μὴ
2537 1722 2905 1789 βλεπόμενα.
2937 1722 3046 1775 Καὶ
3093 1723 3208 1787 πῶς
3237 1725 3300 1778 ἀν
3334 1743 3415 1787 τις
3472 1726 3569 1779 ἴδοι
3616 1727 3683 1779 τὰ
3716 1731 3793 1803 μὴ

2120 1808 2461 1879 βλεπόμενα;
2492 1809 2615 1870 Πῶς
2642 1807 2835 1871 ἄλλως,
2870 1808 3037 1879 ἀλλ’ἢ
3067 1813 3177 1873 τοῖς
3204 1812 3300 1881 τῆς
3323 1812 3559 1874 πίστεως
3591 1814 3790 1880 ὀφθαλ-

2122 1900 2272 1969 μοῖς;
2308 1897 2464 1950 Οὕτω
2492 1898 2587 1951 καὶ
2619 1895 2855 1967 ἀλλαχοῦ
2891 1915 2962 1968 φη
2974 1915 3044 1949 σι’
3068 1899 3277 1951 Πίστει
3300 1900 3557 1968 νοοῦμεν
3582 1920 3791 1971 κατηρ-

2117 1983 2314 2037 τίσθαι
2350 1982 2493 2049 τοὺς
2513 1984 2749 2048 αιῶνας.
2786 1982 2943 2047 Πῶς;
2984 1983 3048 2035 οὑ
3084 1983 3190 2056 γὰρ
3230 1984 3459 2055 εἴδομεν.
3487 1987 3588 2053 Εἰς
3608 1988 3672 2041 τὸ
3701 1988 3790 2058 μὴ

2116 2069 2184 2123 ἐκ
2213 2069 2587 2139 φαινομένων
2614 2071 2685 2123 τὰ
2700 2069 3054 2138 ,βλεπόμενα
3103 2072 3434 2140 γεγονέναι,
3470 2073 3626 2143 φησί.
3658 2074 3792 2128 Βού-

2116 2155 2273 2210 λεσθε
2298 2156 2391 2210 καὶ
2428 2157 2619 2228 ἑτέραν
2653 2158 2888 2229 παράγω
2915 2158 3241 2229 μαρτυρίαν,
3265 2160 3347 2211 ὅτι
3369 2160 3439 2213 τὰ
3478 2163 3554 2231 μὴ
3590 2160 3788 2231 βλεπό-

2120 2261 2258 2314 μενα
2323 2244 2613 2314 βλέπουσιν
2656 2245 2707 2297 οἱ
2754 2244 2853 2314 τῆς
2903 2245 3140 2308 πίστεως
3192 2246 3491 2317 ὀφθαλμοί;
3524 2249 3791 2313 Γαλάταις

2118 2332 2249 2385 ποτὲ
2274 2332 2545 2404 γράφωνδ
2574 2332 2785 2396 Παῦλος
2813 2333 3016 2402 ἔλεγεν·
3035 2329 3142 2399 Οἷς
3155 2336 3282 2389 κατ’
3305 2338 3653 2407 ὀφθαλμοὺς
3686 2341 3791 2410 Ἴης

2115 2419 2268 2484 σοῦς
2289 2418 2538 2487 Χριστὸς
2562 2419 2900 2489 προεγράφη
2924 2421 2993 2473 ἐν
3015 2422 3156 2490 ὑμῖν
3172 2424 3643 2493 ἐσταιιρωμένος.

2191 2507 2255 2578 β’.
2285 2508 2348 2559 Τί
2373 2506 2569 2575 λέγεις,
2599 2504 2644 2560 ὧ
2672 2508 2907 2579 μακάριε
2927 2509 3141 2576 Παῦλες
3175 2512 3231 2564 ἐν
3260 2512 3494 2585 Γαλατία
3522 2515 3788 2587 σταυρούο

2119 2612 2281 2666 μενον
2316 2595 2479 2648 αὑτὸν
2513 2592 2652 2649 εἶδον
2694 2596 2967 2664 Γαλάταις
3008 2596 3128 2668 οὑχ).
3163 2599 3362 2663 πάντες
3396 2602 3785 2673 ὁμολογοῦμεν,

2113 2685 2195 2737 ὅτι
2227 2686 2284 2736 ἐν
2317 2682 2649 2753 Παλαιστίνῃ
2696 2684 2753 2735 ἐν
2787 2684 2926 2755 μέσῃ
2964 2685 3190 2758 Ἰουδαίᾳ
3219 2688 3279 2740 τὸ
3324 2689 3494 2752 πάθος
3540 2692 3789 2757 ἐγένετο;

2115 2770 2239 2833 Πῶς
2267 2765 2359 2823 οὖν
2392 2768 2551 2825 αὐτὸν
2588 2767 2727 2824 εἶδον
2778 2771 3176 2843 σταυρούμενον
3218 2775 3483 2836 Γαλάται;
3529 2776 3652 2841 Τοῖς
3689 2779 3788 2849 τῆς

2117 2861 2353 2921 πίστεως
2389 2858 2704 2929 ὀφθαλμοῖς,
2737 2859 2797 2911 ού
2846 2862 2956 2923 τοῖς
2988 2862 3088 2930 τῆς
3132 2864 3351 2933 σαρκός.
3405 2861 3555 2929 Εἶδες
3585 2867 3702 2930 πῶς
3735 2869 3787 2920 οἰ

2117 2948 2218 3017 τῆς
2271 2945 2509 3008 πίστεως
2556 2945 2823 3017 ὀφθαλμοὶ
2868 2948 2937 3000 τὰ
2987 2949 3061 3019 μὴ
3111 2951 3413 3022 φαινόμενα
3462 2953 3787 3022 βλέπουσιν;

2131 3038 2264 3092 Ἀπὸ
2309 3038 2564 3091 τοσούτου
2623 3039 2751 3106 γοῦν
2799 3039 3167 3111 διαστήματος
3219 3043 3312 3096 καλ⁸
3352 3044 3488 3113 μετά
3534 3045 3788 3099 τοσοῦτον

2118 3126 2307 3197 χρόνον
2333 3126 2422 3179 τὸν
2447 3125 2681 3196 Χριστὸν
2716 3122 2854 3180 εἶδον
2882 3126 3300 3199 σταυρούμενον.
3320 3131 3475 3184 Οὕτω
3507 3131 3599 3185 καὶ
3630 3133 3786 3202 ὑμεῖς

2120 3212 2345 3283 βλέπετε
2409 3212 2533 3274 τοὺς
2581 3214 2807 3284 νεκροὺς
2870 3216 3285 3285 ἀνισταμένους·
3347 3217 3485 3269 οὕτω
3549 3221 3786 3290 σήμερον

2119 3300 2285 3353 εἴδετε
2355 3299 2448 3352 τὸν
2500 3299 2696 3370 λεπρὸν
2766 3300 3190 3371 καθαιρόμενον·
3251 3302 3420 3367 οὕτως
3469 3304 3638 3357 εἴδετε
3696 3307 3785 3361 τὸν

2119 3386 2561 3457 παραλελυμένον
2601 3388 2926 3451 ἀναστάντα,
2957 3388 3107 3460 [280]
3144 3390 3238 3442 καὶ
3288 3391 3485 3461 μᾶλλον
3520 3392 3785 3448 Ἰουδαίων

2118 3475 2225 3527 τῶν
2274 3474 2558 3546 παρόντων
2603 3474 2794 3528 εἴδετε.
2837 3476 3064 3528 Ἐκεῖνοι
3116 3476 3213 3547 μὲν
3251 3478 3357 3548 γὰρ
3408 3480 3673 3548 παρόντες
3721 3483 3783 3533 οὑ

2120 3562 2481 3633 παρεδέξαντο
2513 3562 2575 3615 τὸ
2608 3561 2814 3633 θαῦμα,
2842 3563 2998 3633 ὑμεῖς
3046 3564 3100 3617 δὲ
3148 3565 3377 3629 ἀπόντες
3417 3568 3784 3638 παρεδέξασθε

2119 3652 2217 3723 τὴν
2243 3651 2443 3704 πίστιν.
2477 3651 2637 3703 Ὥστε
2664 3651 2889 3714 δικαίως
2933 3648 3083 3704 εἶπον
3114 3652 3250 3723 πρὸς
3279 3654 3442 3722 ὑμᾶς,
3469 3655 3550 3707 ὅτι
3583 3659 3786 3709 Μακά-

2112 3756 2232 3807 ριοι
2265 3738 2408 3808 ὑμῖν
2435 3741 2487 3791 οὶ
2520 3740 2833 3808 ὀφθαλμοί,
2864 3741 2951 3792 ὅτι
2972 3739 3337 3803 βλέπουσιν.
3375 3743 3435 3794 El
3469 3743 3525 3796 δὲ
3552 3744 3646 3795 καὶ
3670 3744 3780 3796 ἐτέ‹

2124 3826 2295 3896 ρωθεν
2331 3825 2509 3896 βούλει
2555 3826 2744 3895 μαθεῖν
2789 3827 2869 3879 ὅτι
2913 3826 2979 3878 τὰ
3021 3827 3096 3898 μὴ
3141 3826 3446 3898 βλεπόμενα
3497 3829 3787 3900 βλέπουσιν

2120 3916 2166 3965 oi
2206 3913 2302 3983 τῆς
2330 3913 2565 3975 πίστεως
2590 3912 2874 3983 ὀφθαλμοὶ,
2900 3913 2969 3965 τὰ
2999 3914 3053 3966 δὲ
3081 3914 3384 3983 βλεπόμενα
3412 3918 3784 3987 παρατρέχου-

2123 4018 2205 4053 σιν
2226 4014 2239 4028 ·
2275 4000 2395 4053 ούδέ
2424 4001 2532 4071 γὰρ
2565 4001 2631 4054 ἂν
2658 4000 2829 4064 ἄλλως
2861 4002 3018 4055 ῖδοιεν
3050 4001 3117 4053 τά
3149 4001 3223 4073 μὴ
3268 4003 3587 4073 βλεπόμενα,
3621 4007 3669 4056 εί
3707 4005 3784 4077 μὴ

2122 4090 2594 4160 καταφρονήσαιεν
2638 4088 2747 4141 τῶν
2791 4089 3126 4159 εἰρημένωνο
3181 4091 3409 4144 ἄκουσον
3440 4092 3532 4145 τοῦ
3569 4092 3785 4146 Παύλου

2122 4177 2248 4247 περὶ
2284 4177 2377 4230 τοῦ
2411 4177 2660 4248 Ἀὅραάμ
2696 4177 3098 4248 διαλεγομένου,
3128 4179 3208 4232 ὅτι
3251 4182 3360 4244 τοῖς
3404 4180 3505 4251 τῆς
3550 4182 3783 4246 πίστεως

2120 4264 2415 4335 ὀφθαλμοῖς
2444 4260 2549 4318 εἶδε
2580 4266 2671 4318 τὸν
2696 4266 2812 4320 υἱὸν
2832 4267 3145 4338 τικτόμενον
3165 4266 3254 4321 τὸν
3288 4268 3494 4332 Ἰσαὰκ,
3518 4269 3610 4322 καὶ
3642 4268 3786 4324 οὕτω

2121 4352 2442 4416 κατεδέξατο
2494 4352 2591 4423 τὴν
2643 4354 2990 4422 ἐπαγγελίαν.
3057 4356 3121 4408 Τί
3159 4355 3266 4426 γάρ
3319 4372 3479 4426 φησι;
3528 4358 3637 4411 Καὶ
3693 4356 3782 4426 μὴ

2122 4439 2467 4505 ἀσθενήσας
2494 4438 2570 4508 τῇ
2593 4442 2810 4505 πίστει,
2835 4442 2906 4495 οὺ
2929 4445 3256 4511 κατενόησε
3284 4445 3348 4496 τὸ
3375 4443 3589 4498 ἑαυτοῦ
3614 4442 3786 4513 σῶμα

2122 4527 2584 4596 νενεκρωμένον.
2609 4528 2834 4599 Μεγάλη
2863 4529 2961 4599 τῆς
2988 4529 3221 4594 πίστεως
3250 4529 3549 4602 ήδύναμις.
3575 4531 3786 4601 ’Ὠσπερ

2124 4614 2230 4683 γὰρ
2256 4614 2535 4683 λογισμοὶ
2581 4615 2905 4683 ἀνθρώπων
2935 4616 3119 4670 δειλοὶ
3154 4618 3253 4671 καὶ
3303 4618 3598 4686 ἀσθενεῖς,
3643 4618 3787 4673 οὕτω

2126 4701 2307 4763 πίστις
2341 4700 2537 4771 ίσχυρά
2577 4702 2673 4754 καὶ
2719 4701 2941 4773 δυνατή.
2976 4705 3058 4757 Οὐ
3086 4705 3419 4773 κατενόησε
3454 4707 3522 4759 τὸ
3567 4706 3784 4760 ἑαυτοῦ

2125 4788 2295 4857 σῶμα
2326 4792 2789 4857 νενεκρωμένον.
2832 4789 2993 4861 Ὁρᾷς
3042 4792 3158 4853 πῶς
3195 4793 3374 4863 ἀφῆκε
3398 4793 3466 4846 τὰ
3501 4793 3784 4864 ὁρώμενα;

2125 4876 2241 4938 πῶς
2268 4877 2368 4929 οὐκ
2399 4872 2536 4929 εἶδεν
2565 4878 2640 4940 είς
2686 4877 2745 4929 τὸ
2782 4877 2990 4948 γῆρας;
3049 4883 3237 4933 Καίτοι
3267 4898 3327 4949 γε
3365 4881 3493 4933 αὐτὸ
3536 4881 3641 4949 πρὸ
3678 4881 3787 4932 τῶν

2128 4963 2423 5034 ὀφθαλμῶν
2457 4964 2666 5016 ἔκειτο’
2723 4964 2856 5018 ἀλλά
2905 4969 3014 5028 τοῖς
3065 4967 3163 5036 τῆς
3201 4968 3433 5031 πίστεως
3491 4966 3785 5035 ὀφθαλμοῖς

2126 5053 2292 5123 ἑώρα,
2328 5053 2389 5107 ού
2420 5057 2531 5117 τοῖς
2560 5054 2651 5108 τοῦ
2681 5054 2949 5126 σώματος.
2981 5056 3069 5110 Διό
3099 5061 3197 5112 οὐκ
3226 5054 3329 5111 εἶδε
3358 5060 3418 5111 τὸ
3451 5059 3643 5129 γῆρας,
3667 5058 3786 5112 οὐδὲ

2126 5141 2222 5210 τὴν
2265 5141 2531 5211 νέκρωσιν
2578 5141 2822 5213 Σάρρας·
2886 5144 2946 5196 ού
2994 5146 3287 5215 κατενόησε
3330 5144 3449 5212 Τὴν
3492 5145 3788 5213 νέκρωσιν

2126 5228 2236 5296 τῆς
2283 5229 2514 5298 μήτρας
2564 5228 2816 5299 Σάρῤας.
2871 5232 2981 5302 Τὴν
3031 5234 3311 5301 στείρωσιν
3365 5236 3497 5304 ἡμῖν
3554 5234 3788 5289 ἐνταῦθα

2127 5316 2444 5373 αἰνίττεται.
2491 5318 2659 5388 Διπλῆ
2694 5318 2801 5390 γάρ
2844 5321 2876 5391 ἡ
2922 5321 3171 5374 ἀσθένεια
3201 5316 3287 5391 ἧν,
3332 5323 3363 5391 ἡ
3415 5321 3514 5391 μὲν
3542 5322 3650 5375 ἀπὸ
3690 5323 3789 5394 τῆς

2129 5402 2441 5475 ἡλικίας,“ὴ
2484 5404 2541 5457 δὲ
2578 5406 2687 5458 ἀπὸ
2727 5407 2827 5476 τῆς
2868 5408 3152 5471 ἀσθενείας
3184 5409 3414 5477 φύσεως.
3462 5411 3536 5463 Οὐ
3578 5411 3686 5482 γὰρ
3728 5411 3789 5464 τὸ

2132 5490 2289 5560 σῶμα
2324 5489 2481 5560 μόνον
2510 5491 2598 5544 διὰ
2635 5490 2733 5563 τὴν
2776 5493 2990 5563 ἡλικίαν
3032 5496 3302 5565 ἄχρηστον
3328 5490 3395 5566 ἦν
3431 5496 3566 5567 πρὸς
3606 5498 3791 5551 παιδο-

2128 5578 2335 5645 γονίαν,
2359 5577 2496 5632 ἀλλά
2518 5578 2612 5631 καὶ
2654 5580 2791 5650 αὑτὴ
2831 5582 2864 5651 ή
2911 5582 3092 5653 μήτρα
3137 5581 3455 5654 νενέκρωτο,
3492 5586 3582 5638 καὶ
3606 5585 3666 5638 τὸ
3691 5586 3790 5655 τῆς

2131 5667 2347 5733 φύσεως
2388 5668 2771 5740 ἐργαστήριον,
2809 5670 2904 5722 καὶ
2941 5670 3047 5740 πρὸ
3074 5669 3168 5723 τοῦ
3201 5671 3387 5743 γήρως
3418 5673 3690 5746 ἄχρηστον
3720 5669 3791 5744 ἦν

2130 5752 2219 5807 διά
2245 5751 2343 5821 τὴν
2377 5754 2681 5824 στείρωσιν.
2715 5751 2868 5820 Εἶδες
2894 5757 2995 5811 ὅσα
3017 5756 3351 5830 κωλύματα;
3386 5760 3459 5816 Τὸ
3492 5764 3664 5832 γῆρας
3694 5760 3790 5815 τοῦ
