4054 6320
296 347 410 401 275

296 466 509 539 ἀνδρὸς,
538 465 597 519 τὸ
628 468 801 536 γῆρας
826 464 924 536 τῆς
953 465 1233 532 γυναικός·
1271 466 1301 533 ἡ
1346 463 1439 517 τοῦ
1463 464 1649 533 γήρως
1683 464 1950 532 ἀχρηστο-

299 572 433 625 τερα
472 551 756 623 στείρωσις
779 569 792 581 ·
843 555 936 607 καὶ
983 553 1090 624 γὰρ
1132 553 1225 605 καὶ
1263 551 1423 605 τοῦτο
1456 551 1687 621 μάλιστα
1729 549 1956 618 κώλυμα

299 641 662 709 παιδογονίας.
694 640 832 693 Ἀλλ’
864 643 1012 711 ὅμως
1043 640 1213 693 ταῦτα
1245 638 1421 694 πάντα
1451 637 1824 708 παρέδραμεν,
1861 635 1954 687 καὶ

296 731 410 792 τοῖς
436 729 533 791 τῆς
560 728 793 792 πίστεως
821 728 1116 797 ὀφθαλμοῖς
1142 728 1221 790 είς
1261 727 1387 789 τοὺς
1428 724 1689 794 οὐρανοὺς
1730 722 1952 792 ἀνέστη,

301 816 561 886 μεγίστην
581 815 687 869 τῶν
709 815 1129 887 ἐπηγγελμένων
1159 812 1430 876 ἀπόδειξιν
1452 812 1587 882 ἔχων
1610 811 1708 881 τὴν
1726 809 1955 879 δύναμιν

295 903 390 956 τοῦ
425 903 819 974 ὑποσχομένου.
853 902 951 955 Διὰ
988 901 1146 955 τοῦτο
1178 904 1281 967 Είς
1311 899 1424 966 τὴν
1454 898 1815 969 ἐπαγγελίαν
1846 895 1951 949 τοῦ

300 991 445 1047 Θεοῦ
474 994 544 1045 οὐ
576 991 836 1059 διεκρίθη
869 989 945 1057 τῇ
976 988 1242 1054 ἀπιστίᾳ,
1282 986 1416 1040 ἀλλ’
1443 984 1851 1053 ἐνεδυναμώθη
1877 980 1953 1050 τῇ

293 1081 516 1149 πίστει.
566 1079 845 1149 Βακτηρία
890 1076 996 1148 γάρ
1042 1076 1123 1139 τίς
1158 1076 1305 1127 ἐστιν
1331 1072 1525 1144 ἰσχυρά
1554 1073 1587 1142 ἡ
1618 1072 1819 1133 πίστις,
1860 1070 1954 1123 καὶ

290 1167 459 1238 λιμὴν
491 1165 756 1235 ἀσφαλὴς,
789 1164 888 1233 τῆς
919 1163 1028 1216 τῶν
1064 1161 1335 1231 λογισμῶν
1365 1159 1778 1214 ἀπαλλάττουσα
1812 1157 1952 1210 πλά-

294 1260 413 1327 νης,
446 1256 540 1309 καὶ
571 1255 628 1306 ἐν
649 1252 846 1324 ἡσυχία
870 1250 1032 1320 πολλῇ
1067 1250 1163 1321 τὴν
1184 1247 1358 1319 ψυχὴν
1386 1248 1755 1300 ἀναπαύουσα.
1774 1245 1955 1314 Ύμῶν

293 1342 364 1395 δὲ
382 1341 658 1411 μακάριοι
686 1342 741 1393 οἱ
774 1337 1085 1408 ὀφθαλμοὶ,
1125 1336 1210 1389 ὅτι
1230 1336 1538 1400 ,βλέπουσι
1561 1351 1574 1364 ·
1616 1335 1712 1388 καὶ
1737 1333 1844 1403 γὰρ
1874 1333 1952 1396 εἰς

296 1432 427 1483 αὐτὸ
490 1427 653 1482 πάλιν
704 1425 1016 1479 ἐπανελθεῖν
1071 1424 1362 1492 ἀναγκαῖον
1415 1423 1475 1474 τὸ
1526 1423 1696 1492 ῥῆμα.
1761 1419 1953 1472 Καίτοι

296 1519 519 1571 ἔϐλεπον
554 1516 647 1569 καὶ
672 1516 721 1568 οἱ
752 1513 990 1567 Ἰουδαῖοι
1014 1512 1081 1565 τὰ
1102 1512 1222 1564 τότε
1257 1512 1533 1581 γινόμενα.
1567 1509 1707 1561 Ἀλλ’
1736 1508 1797 1561 οὐ
1821 1506 1953 1559 ταύ-

293 1624 394 1677 την
442 1601 736 1675 μακαρίζει
781 1600 879 1673 τὴν
912 1600 1033 1669 ὄψιν
1060 1598 1156 1669 τὴν
1202 1597 1435 1664 ἔξωθεν·
1488 1596 1627 1666 αὕτη
1674 1596 1782 1666 γὰρ
1832 1594 1951 1647 καθ’

295 1692 491 1762 ἑαυτὴν
520 1692 618 1761 οὐχ
638 1691 739 1761 ὁρᾷ
766 1689 836 1742 τὰ
865 1688 1135 1758 θαύματα,
1175 1686 1288 1740 ἀλλ’
1309 1688 1344 1757 ἡ
1366 1685 1531 1738 ἔνδον.
1572 1686 1795 1737 Ἐκεῖνοι
1816 1679 1954 1735 εἶδον

294 1779 495 1847 τυφλὸν
527 1778 621 1832 κα)⁵
652 1776 877 1845 έλεγοψ
933 1771 1122 1839 Οὗτός
1157 1774 1348 1837 ἐστιν,
1399 1774 1510 1826 οὐκ
1541 1773 1712 1826 ἐστιν
1738 1767 1917 1834 οὗτος
1936 1786 1949 1800 ο

295 1865 646 1933 καλέσωμεν
674 1863 861 1918 αὐτοῦ
887 1862 1027 1929 τοὺς
1060 1860 1280 1930 γονεῖς.
1310 1859 1553 1922 Ἀκούεις
1583 1856 1952 1929 ἀμφιϐαλλόν-

293 1971 400 2011 των
423 1970 441 2019 ;
466 1953 599 2024 ὁρᾷς
633 1952 714 2005 ὅτι
742 1952 842 2004 οὐκ
874 1951 1088 2020 ἀρκεῖή
1119 1948 1213 2002 τοῦ
1244 1946 1496 2019 σώματος
1539 1946 1662 2017 ὄψις
1696 1946 1829 2016 πρὸς
1857 1944 1954 2016 τὴν

295 2038 387 2091 τοῦ
418 2038 692 2106 θαύματος
717 2035 977 2107 θεωρίαν;
1014 2037 1076 2088 Οἱ
1115 2034 1379 2105 παρόντες
1409 2035 1503 2087 καί
1540 2031 1800 2104 θεώμενοι
1835 2030 1953 2085 ἐλε-

296 2144 391 2198 γον
413 2143 426 2156 ·
472 2121 658 2190 Οὗτός
696 2124 887 2185 ἐστιν,
927 2124 1037 2177 οὐκ
1067 2122 1236 2175 ἔστιν
1262 2117 1442 2186 οὗτος
1464 2136 1478 2151 ’
1519 2123 1680 2191 ἡμεῖς
1709 2120 1766 2174 δὲ
1798 2121 1845 2172 οἱ
1878 2120 1953 2191 μὴ

297 2215 559 2285 παρόντες
585 2214 645 2266 οὐ
678 2213 929 2283 λέγομεν,
964 2207 1150 2275 Οὗτός
1180 2210 1367 2272 ἐστιν,
1395 2211 1506 2262 οὐκ
1535 2207 1705 2261 ἔστιν
1740 2203 1918 2271 οὗτος
1936 2222 1949 2236 ·

295 2302 408 2356 ἀλλ’
438 2303 628 2367 Αὐτός
660 2300 847 2353 ἐστιν.
874 2298 1114 2368 Ἔμαθες
1159 2297 1235 2359 ὼς
1277 2296 1427 2349 οὐδὲν
1456 2295 1683 2367 βλάπτει
1720 2297 1752 2364 ἡ
1786 2296 1954 2348 ἀπου-

296 2390 409 2451 σία,
440 2390 565 2441 ὃταν
592 2388 824 2450 πίστεως
856 2385 1124 2454 ὀφθαλμοὶ
1162 2378 1285 2449 ὦσι,
1331 2383 1426 2438 καὶ
1457 2383 1532 2446 ὡς
1573 2383 1723 2436 οὐδὲν
1754 2382 1954 2451 ὠφελεῖ

294 2480 330 2547 ὴ
377 2477 666 2547 παρουσία,
705 2477 831 2529 ὃταν
860 2474 1090 2535 πίστεως
1122 2470 1389 2541 ὀφθαλμοὶ
1444 2470 1517 2541 μὴ
1563 2465 1700 2534 ῶσι;
1755 2471 1818 2522 Τί
1845 2470 1953 2541 γὰρ

296 2564 535 2625 ἐκείνους
579 2560 753 2632 ὢνησε
798 2559 858 2612 τὸ
896 2558 1057 2624 ίδεῖν;
1122 2557 1308 2613 Οὐδέν.
1341 2559 1530 2628 Ἡμεῖς
1574 2557 1681 2628 γὰρ
1730 2557 1952 2611 ἐκείνων

298 2650 628 2719 σαφέστερον
673 2648 906 2717 εἴδομεν.
944 2646 1095 2698 Ἐπεὶ
1137 2641 1230 2699 οῦν
1262 2645 1547 2715 βλέπουσιν
1595 2646 1643 2697 οἱ
1688 2644 1954 2715 ὀφθαλμοὶ

297 2736 450 2805 ὐμῶν
480 2733 732 2804 θεωρίαν,
758 2733 852 2786 καὶ
879 2731 1066 2786 ἀκούει
1088 2731 1156 2786 τὰ
1183 2725 1299 2785 ὦτα
1331 2732 1613 2803 ἀκρόασιν,
1646 2733 1711 2803 ἣν
1750 2734 1778 2784 6
1821 2732 1956 2801 Χρι-

297 2824 420 2887 στὸς
448 2820 774 2892 ἐμακάρισε,
816 2820 949 2892 φέρε
978 2819 1109 2888 ύμῖν
1138 2820 1262 2882 τοὺς
1301 2819 1644 2890 μαργαρίτας
1678 2818 1786 2871 τῶν
1814 2818 1954 2887 Γρα-

297 2911 413 2980 φῶν
445 2909 799 2980 παραϐῶμεν.
824 2908 1036 2978 Ὥσπερ
1077 2908 1187 2978 γὰρ
1225 2907 1338 2971 τοῖς
1366 2906 1633 2969 Ἰουδαίοις
1673 2903 1830 2977 [281]
1857 2905 1955 2959 οὐκ

295 2999 525 3053 ἐπέλυσε
554 2999 621 3051 τὰ
647 2998 934 3068 ζητήματα
956 2996 984 3047 6
1016 2993 1268 3066 Χριστὸς,
1293 2993 1428 3047 ἀλλά
1459 2993 1552 3047 καὶ
1577 2993 1817 3046 ἐπέτεινε
1854 2994 1953 3064 τὴν

298 3086 585 3154 ἀσάφειαν,
638 3082 823 3154 ἐπειδὴ
874 3082 949 3154 μὴ
996 3084 1309 3153 προσεῖχον·
1366 3080 1507 3134 οὕτω
1554 3080 1617 3152 δὴ
1669 3081 1762 3135 καὶ
1802 3081 1951 3151 ὑμῖν,

299 3172 488 3244 ἐπειδὴ
527 3171 842 3243 προσέχετε,
872 3170 943 3223 τὰ
962 3168 1319 3240 κεκρυμμένα
1350 3168 1501 3237 ἄγειν
1530 3169 1609 3232 είς
1640 3169 1800 3239 μέσον
1824 3169 1949 3239 χρή.

299 3262 410 3316 Καὶ
435 3261 545 3331 γὰρ
575 3257 874 3331 προσῆλθον
898 3258 946 3310 οἱ
979 3256 1216 3327 μαθηταὶ
1245 3256 1337 3309 καὶ
1363 3255 1663 3326 ἐθαύμαζον
1685 3257 1950 3324 λέγοντες·

297 3349 460 3402 Διατί
488 3347 557 3401 ἐν
579 3344 947 3416 παραϐολαῖς
974 3344 1180 3410 λαλεῖς
1202 3344 1434 3408 αὺτοῒς;
1451 3345 1507 3398 '0
1536 3345 1593 3397 δέ
1626 3344 1749 3415 ἔφη,
1769 3345 1955 3398 Ἐπει-

296 3436 374 3505 δὴ
414 3436 751 3500 ,βλέποντες
781 3435 851 3487 οὐ
884 3430 1245 3497 βλέπουσιν.
1274 3432 1478 3485 Οὐκοῦν
1508 3431 1692 3502 ἐπειδὴ
1722 3432 1793 3502 μὴ
1824 3433 1955 3486 ἰδόν-

298 3542 390 3588 τες
437 3524 595 3593 ὐμεῖς
639 3521 828 3587 εἴδετε,
876 3521 1171 3589 ἀναγκαῖον
1224 3518 1299 3590 μὴ
1349 3520 1406 3571 ἐν
1455 3519 1733 3590 παραϐολῇ
1781 3519 1954 3574 εἰπεῖν

302 3613 438 3682 πρὸς
470 3611 613 3681 ὑμᾶς
636 3625 650 3640 °
700 3609 791 3663 καὶ
816 3608 997 3679 ἐπειδὴ
1032 3608 1369 3672 Ἀκούοντες
1396 3608 1506 3660 οὐκ
1601 3601 1955 3661 ἀκούουσιν.

300 3696 509 3752 Οὐκοῦν
533 3696 721 3766 ἐπειδὴ
755 3696 913 3765 ὑμεῖς
955 3694 1029 3766 μὴ
1070 3696 1397 3757 ἀκούσαντες
1427 3694 1567 3754 τότε,
1613 3692 1835 3745 ἀκούετε
1861 3693 1955 3746 νῦν

299 3786 399 3838 οὐκ
422 3784 659 3848 ἔλαττον,
693 3783 727 3852 ἢ
772 3783 891 3836 τότε
934 3782 1199 3853 ἠκούσατε
1244 3794 1292 3847 ιι,
1345 3781 1636 3849 ἀναγκαῖον
1685 3781 1829 3851 ὑμᾶς
1881 3782 1955 3852 μὴ

300 3871 674 3942 ἀποστερῆσαι
705 3869 803 3938 τῆς
828 3869 1103 3940 τραπέζης
1131 3869 1353 3938 ταύτης.
1394 3869 1501 3921 Καὶ
1533 3868 1641 3939 γάρ
1669 3870 1697 3920 6
1724 3868 1955 3937 Χριστὸς

300 3957 522 4019 τούτους
561 3956 659 4025 οὐχ
686 3950 846 4027 ἦττον
880 3956 1213 4025 ἐμακάρισεν
1247 3956 1279 4025 ἢ
1311 3954 1582 4018 ἐκείνους·
1623 3952 1794 4020 Εἶδες
1824 3956 1954 4027 γὰρ,

303 4043 457 4113 φησὶ,
485 4042 584 4095 καὶ
621 4042 1016 4106 ἐπίστευσας·
1044 4040 1322 4111 μακάριοι
1363 4043 1415 4095 οἱ
1456 4040 1541 4110 μὴ
1575 4040 1822 4106 ίδόντες,
1858 4041 1959 4094 καὶ

304 4131 757 4195 πιστεύσαντες.
785 4129 876 4199 Μὴ
894 4132 1071 4182 τοίνυν
1096 4130 1316 4200 ὀκνηροί
1340 4129 1552 4199 γίνεσθε
1579 4131 1713 4201 πρὸς
1733 4130 1953 4201 ἀρετὴν,

303 4223 387 4275 ὅτι
438 4218 513 4291 μὴ
551 4218 671 4271 κατ’
720 4218 959 4279 ἐκείνους
1009 4217 1135 4280 τοὺς
1174 4217 1419 4289 χρόνους,
1460 4216 1595 4270 ἀλλά
1634 4218 1754 4271 κατ’
1796 4218 1959 4271 αὐτὸν

303 4307 578 4377 ἐγένεσθε.
610 4307 705 4360 Ἂν
734 4308 841 4377 γὰρ
872 4305 1095 4369 ἐθέλοις,
1123 4307 1222 4360 οὐκ
1253 4303 1561 4377 ἐζημιώθης
1584 4322 1598 4337 ·
1639 4306 1827 4376 ὥσπερ
1865 4304 1957 4362 οὐν

305 4395 491 4449 πολλοὶ
517 4393 740 4448 καὶτῶν
765 4395 885 4447 τότε
912 4394 1234 4465 γενομένων,
1276 4395 1460 4465 ἐπειδὴ
1492 4395 1568 4467 μὴ
1604 4394 1813 4465 ἧθελον,
1858 4397 1958 4449 οὐκ

304 4481 685 4553 ὠφελήθησαν.

375 4574 446 4637 γ’.
470 4566 533 4620 Τί
552 4564 643 4621 οῦν
662 4568 849 4621 ἐστιτδ
872 4568 1105 4639 μερον
1121 4568 1485 4637 ἀναγνωσθέν;
1517 4569 1694 4624 Τοῦτο
1714 4569 1781 4623 δὲ
1800 4569 1957 4640 γινώ-

305 4670 504 4718 σκετε,
527 4653 617 4708 ὅτι
653 4654 723 4707 ἐν
755 4653 1037 4722 ἐσχάταις
1065 4654 1310 4725 ἡμέραις
1341 4656 1740 4723 ἐνστήσονται
1769 4656 1960 4724 καιροὶ

307 4742 583 4813 χαλεποί.
610 4742 700 4812 Τῷ
729 4742 975 4812 Τιμοθέῳ
1007 4743 1167 4795 πάλιν
1208 4746 1237 4796 6
1268 4743 1477 4807 Παῦλος
1506 4742 1828 4797 ἐπιστέλλει.
1860 4745 1961 4796 Φο-

307 4831 444 4902 6ερά
473 4832 506 4902 ἠ
540 4829 736 4901 ἀπειλή
761 4845 773 4859 ⁸
823 4827 956 4882 ἀλλά
992 4829 1393 4900 διαναστῶμενο
1425 4830 1647 4894 τούτους
1688 4830 1799 4903 γὰρ
1830 4832 1959 4901 ἡμῖν

303 4920 431 4983 τοὺς
460 4917 682 4989 καιροὺς
731 4916 1044 4980 αἰνίττεται,
1098 4919 1188 4969 καὶ
1228 4920 1351 4980 τούς
1403 4918 1539 4988 μετά
1576 4917 1817 4984 τούτους,
1866 4921 1960 4975 καὶ

304 5010 433 5072 ⁴τοὺς
458 5007 587 5078 περὶ
613 5006 710 5075 τὴν
744 5003 1048 5057 συντέλειαν
1078 5004 1267 5075 αὐτὴν.
1305 5007 1483 5060 Τοῦτο
1515 5005 1583 5059 δέ
1613 5006 1956 5076 γινώσκετε,

306 5097 397 5150 ὅτι
426 5097 496 5150 ἐν
531 5094 816 5164 ἐσχάταις
844 5091 1087 5162 ἡμέραις
1122 5092 1524 5159 ἐνστήσονται
1562 5094 1751 5164 καιροὶ
1791 5100 1962 5164 χαλε-

306 5186 432 5239 ποί.
461 5184 643 5256 Βραχύ
669 5181 730 5235 τὸ
759 5182 929 5252 ῥῆμα,
972 5180 1066 5235 καὶ
1097 5179 1305 5250 μεγάλη
1342 5183 1375 5251 ἡ
1401 5180 1646 5252 δύναμις.
1697 5184 1960 5258 Καθάπερ

308 5272 417 5342 γὰρ
444 5270 514 5323 τὰ
535 5268 802 5341 ἀρώματα
826 5268 886 5321 οὐ
916 5266 995 5337 τῷ
1023 5266 1233 5337 πλήθει,
1272 5266 1407 5319 ἀλλὰ
1433 5270 1498 5339 τῇ
1528 5268 1688 5337 φύσει
1708 5270 1805 5342 τὴν
1828 5273 1961 5327 εὐω-

307 5359 427 5412 δίαν
449 5358 778 5410 ἐνδείκνυται
802 5372 817 5388 °
866 5354 1007 5410 οὕτω
1040 5355 1133 5409 καὶ
1156 5356 1213 5409 αί
1243 5352 1383 5407 θεῖαι
1409 5355 1621 5426 Γραφαὶ
1640 5356 1700 5409 ού
1724 5357 1802 5428 τῷ
1823 5358 1962 5428 πλή-

309 5445 393 5499 θει
412 5444 518 5497 τῶν
543 5446 819 5516 ῥημάτων,
850 5444 984 5498 ἀλλά
1008 5446 1076 5515 τῇ
1106 5442 1331 5513 δυνάμει
1354 5443 1463 5497 τῶν
1490 5444 1820 5517 ἐγκειμένων
1843 5449 1963 5502 πᾶ·-

311 5549 408 5586 σαν
429 5534 557 5602 ἡμῖν
579 5536 874 5603 παρέχουσι
898 5532 994 5603 τὴν
1021 5532 1308 5601 ὠφέλειαν.
1330 5529 1484 5587 Οὕτω
1508 5533 1601 5587 καὶ
1620 5532 1961 5605 θυμιάματος

376 5749 401 5780 ⁸
423 5746 509 5799 Sic
530 5761 640 5799 mss.
667 5752 763 5801 Sed
781 5755 1009 5805 mendum
1032 5756 1270 5818 suspicor.

1079 348 1137 402 δ.
1174 343 1459 403 JOANNIS
1503 341 1979 400 CHRYSOSTOMI
2022 338 2341 396 ARCIIIEP.
2379 340 2919 397 CONSTANTINOP.

3605 347 3707 401 ΕΓΗ

2056 460 2214 527 φύσις
2254 461 2345 513 καὶ
2390 460 2512 514 καθ’
2539 461 2739 531 ἑαυτὴν
2777 462 2875 532 μέν
2913 463 3061 515 ἐστιν
3103 460 3306 532 εὐώδης
3328 478 3341 491 °
3374 461 3512 515 ἐπὰν
3541 462 3599 514 δέ
3632 464 3711 526 είς

2055 548 2165 617 πῦρ
2187 548 2358 618 αὐτὴν
2404 548 2665 620 ἐμϐάλῃς,
2710 550 2833 601 τότε
2886 550 3065 601 πᾶσαν
3106 550 3472 602 ἐπιδείκνυται
3511 548 3613 620 τὴν
3651 550 3712 615 ἐξ

2055 636 2222 706 αὐτῆς
2249 636 2461 707 ἡδονήν.
2486 636 2641 691 Οὕτω
2670 637 2763 689 καὶ¹
2796 638 2830 707 ὴ
2860 637 2978 690 θεία
3007 637 3195 708 Γραφὴ
3223 637 3317 690 καὶ
3353 637 3475 689 καθ’
3510 638 3711 709 ἐαυτὴν

2058 723 2155 794 μέν
2186 726 2331 777 ἐστιν
2358 725 2550 794 ἡδίστη
2568 742 2582 756 υ
2624 723 2841 778 ἐπειδὰν
2867 725 2923 777 δέ
2947 724 3047 793 τῆς
3072 724 3227 794 ἡμῶν
3254 723 3577 794 ἐπιλάϐηται
3607 726 3710 795 ψυ-

2053 811 2176 881 χῆς,
2203 812 2453 882 καθάπερ
2492 814 2571 876 είς
2604 813 2958 882 θυμιατήριον
3002 812 3335 880 ἐμπεσοῦσα,
3378 812 3591 866 ἅπαντα
3620 815 3710 867 τὸν

2052 893 2199 953 οἷκον
2223 899 2320 968 τῆς
2342 898 2568 962 εὐωδίας
2598 899 2920 969 ἐμπίπλησι.
2954 900 3133 954 Τοῦτο
3160 900 3229 953 δὲ
3258 900 3594 969 γινώσκετε,
3621 903 3709 955 ὅτι

2052 985 2122 1038 ἐν
2151 984 2438 1054 ἐσχάταις
2481 986 2728 1055 ἡμέραις
2767 987 3169 1054 ἐνστήσονται
3208 987 3399 1055 καιροὶ
3434 993 3697 1056 χαλεποί,

2056 1073 2193 1142 Περὶ
2221 1073 2318 1143 τῆς
2354 1072 2660 1138 συντελείας
2686 1074 2854 1141 λέγει.
2881 1073 2946 1125 Τί
2975 1069 3067 1128 οῦν
3112 1075 3245 1144 πρὸς
3274 1075 3354 1138 σέ,
3388 1068 3433 1128 ὦ
3474 1077 3712 1147 μακάριε.

2054 1158 2267 1223 Παῦλε;
2321 1161 2371 1212 τί
2421 1160 2474 1213 δέ
2527 1160 2662 1231 πρὸς
2719 1158 3005 1230 Τιμόθεον;
3043 1161 3095 1213 τί
3146 1160 3201 1214 δὲ
3250 1163 3386 1233 πρὸς
3425 1164 3550 1225 τοῦς
3588 1164 3709 1216 τότε

2053 1245 2380 1312 ἁκούοντας;
2414 1248 2623 1318 Μικρὸν
2646 1246 2753 1317 γάρ
2776 1246 3000 1317 ὕστερον
3020 1247 3300 1318 μέλλουσιν
3325 1249 3706 1320 ἀποθνήσκειν,

2053 1335 2456 1406 ἐξαρπάζεσθαι
2478 1335 2586 1388 τῶν
2615 1335 2873 1389 ἐπιόντων
2903 1334 3090 1388 δεινῶν
3110 1336 3205 1389 καὶ
3230 1337 3477 1406 πονηρῶν
3509 1338 3604 1389 ἀνθ
3615 1338 3713 1408 ρώ-

2056 1439 2193 1476 πων.
2230 1423 2369 1475 Ἀλλ’
2401 1423 2522 1493 οὐχὶ
2552 1422 2620 1475 τὰ
2658 1423 2899 1494 παρόντα
2938 1422 3119 1492 βλέπω
3153 1423 3334 1492 μόνον,
3367 1425 3548 1494 φησὶν,
3577 1426 3714 1478 ἀλλὰ

2057 1510 2147 1561 καὶ
2179 1509 2247 1562 τὰ
2280 1508 2540 1579 μέλλοντα
2570 1510 2805 1580 προορῶ.
2844 1510 2977 1579 Οὐχὶ
3015 1510 3112 1580 τῆς
3143 1510 3419 1582 παρούσης
3462 1511 3714 1582 φείδομαι

2054 1597 2311 1667 ποίμνης,
2335 1595 2471 1649 ἀλλὰ
2499 1595 2592 1648 καὶ
2622 1595 2762 1666 ὑπὲρ
2800 1595 2901 1665 τῆς
2934 1595 3229 1667 μελλούσης
3252 1596 3470 1666 ἀγωνιιῖ)
3495 1600 3587 1652 καὶ
3622 1599 3711 1654 δέ·

2053 1685 2228 1738 δοικα.
2268 1684 2458 1753 Ἡμεῖς
2506 1683 2607 1752 μὲν
2649 1683 2758 1754 γάρ
2797 1684 2905 1736 τῶν
2952 1684 3216 1739 συνόντων
3250 1687 3387 1756 ἡμῖν.
3413 1686 3713 1759 ἀνθρώπων

2058 1771 2211 1840 μόλις
2244 1769 2544 1839 ποιούμεθα
2574 1770 2847 1840 πρόνοιαν,
2873 1772 3077 1833 ἐκεῖνος
3098 1771 3155 1824 δέ
3186 1772 3326 1842 ὑπὲρ
3346 1772 3453 1825 τῶν
3487 1773 3712 1844 μηδέπω

2050 1858 2347 1929 τεχθέντων
2380 1857 2579 1929 πολλὴν
2613 1862 2844 1913 ποιεῖται
2876 1861 2975 1931 τὴν
3002 1859 3256 1931 σπουδήν.
3285 1860 3442 1913 Οὕτω
3468 1863 3562 1913 καὶ
3594 1879 3711 1915 ποι-

2057 1947 2164 2018 μὴν
2206 1947 2424 2018 ἄριστος
2471 1949 2571 2019 οὐχ
2611 1949 2738 2002 ὅταν
2782 1948 2867 2020 ῐδῃ
2919 1948 3047 2011 τοὺς
3096 1947 3291 2010 λύκους
3345 1948 3598 2011 ἐπιόντας
3644 1952 3712 2021 τῇ

2054 2036 2257 2107 ποίμνῃ
2286 2037 2380 2089 καὶ
2408 2036 2516 2089 τῶν
2542 2038 2827 2107 προϐάτων
2859 2037 3023 2103 ἐγγὺς
3050 2036 3391 2105 γενομένους,
3428 2037 3550 2089 τότε
3579 2054 3717 2107 προ-

2053 2124 2201 2193 λέγει
2233 2124 2413 2195 μόνον,
2456 2125 2592 2179 ἀλλὰ
2634 2126 2726 2179 καὶ
2765 2126 3044 2198 πόρρωθεν
3083 2122 3242 2186 ὄντας
3291 2124 3506 2198 μηνύει.
3557 2125 3715 2180 Οὕτω

2052 2215 2148 2266 καὶ
2174 2215 2209 2266 6
2230 2212 2463 2276 Παῦλος,
2486 2213 2734 2285 καθάπερ
2758 2214 2963 2284 ποιμὴν
2987 2213 3226 2283 ἄριστος,
3250 2214 3336 2280 ἐφ’
3370 2212 3571 2283 ὑψηλοῦ
3604 2231 3716 2282 χω-

2058 2300 2172 2372 ρίου
2223 2300 2316 2354 τοῦ
2368 2302 2469 2372 τῆς
2522 2300 2856 2373 προφητείας
2903 2298 3210 2370 ἀξιώματος
3251 2299 3580 2371 καθήμενος,
3614 2302 3715 2355 καὶ

2053 2393 2164 2455 τοῖς
2226 2390 2377 2463 [282]
2423 2392 2777 2461 προφητικοῖς
2829 2388 3124 2459 ὀφθαλμοῖς
3196 2388 3400 2442 ἄνωθεν
3462 2389 3714 2459 προορῶν

2053 2480 2451 2549 κατατρέχοντα
2478 2480 2547 2533 τὰ
2576 2478 2758 2549 θηρία,
2788 2478 2874 2530 ἐπ’
2920 2477 3088 2546 αὐτῆς
3131 2477 3231 2545 τῆς
3270 2475 3574 2540 συντελείας
3616 2480 3715 2548 ὁρ-

2056 2567 2268 2637 μῶντας
2293 2568 2386 2621 καὶ
2408 2565 2851 2636 ἀποτεινομένους
2892 2566 3030 2619 κατὰ
3068 2565 3161 2634 τῆς
3191 2564 3425 2632 ποίμνης
3457 2564 3713 2636 προλέγει

2053 2656 2148 2709 καὶ¹
2173 2654 2726 2726 προδιαμαρτύρεται,
2771 2653 2856 2705 ἵνα
2888 2652 2979 2705 καὶ
3022 2654 3146 2714 τοὺς
3180 2652 3405 2721 μηδέπω
3433 2653 3711 2723 γεννωμέ-

2054 2760 2177 2806 νους
2206 2740 2599 2812 παρασκευάσῃ
2639 2741 2850 2809 νήφειν,
2884 2739 2979 2793 καὶ
3008 2741 3187 2792 πᾶσαν
3228 2739 3437 2812 τειχίσῃ
3464 2739 3564 2809 τὴν
3591 2740 3713 2793 ποί-

2056 2846 2193 2900 μνην
2220 2832 2287 2900 τῇ
2323 2829 2649 2901 προφητείᾳ.
2703 2829 2810 2881 Καὶ
2844 2829 2952 2897 γὰρ
2989 2827 3084 2881 καὶ
3132 2827 3312 2897 πατὴρ
3358 2827 3709 2897 φιλόστοργος

2053 2917 2228 2971 οἰκίαν
2266 2917 2717 2987 οἰκοδομούμενος
2750 2915 3005 2978 πολλάκις
3038 2918 3151 2978 τοῖς
3189 2914 3352 2968 αὐτοῦ
3389 2916 3544 2968 παισὶ
3570 2916 3714 2985 λαμ-

2054 3004 2199 3075 πράν
2238 3004 2338 3058 καλ⁵
2375 3004 2615 3076 μεγάλην
2649 3002 2821 3066 οὕτως
2860 3003 3150 3070 οἰκοδομεῖ,
3190 3003 3287 3072 οὐχ
3323 3000 3458 3055 ὥστε
3482 3003 3712 3067 ἐκείνοις

2054 3093 2328 3162 χρησίμην
2357 3092 2609 3160 γενέσθαι
2653 3090 2831 3161 μόνον,
2862 3089 2997 3143 ἀλλὰ
3031 3090 3126 3143 καὶ
3170 3090 3412 3158 ἐγγόνοις
3464 3091 3560 3144 καὶ
3597 3094 3713 3156 τοῖς

2057 3178 2172 3248 μετ’
2201 3178 2459 3241 ἐκείνους.
2489 3177 2644 3230 Οὕτω
2673 3177 2766 3229 καὶ
2791 3175 3042 3246 βασιλεὺς
3064 3177 3215 3230 πόλει
3249 3178 3543 3249 φιλουμένῃ
3564 3197 3713 3250 περι-

2054 3265 2230 3320 ϐαλὼν
2252 3267 2427 3335 τεῖχος
2465 3264 2682 3331 ἔξωθεν,
2718 3263 2956 3331 ἀσφαλὲς
2984 3262 3141 3316 τοῦτο
3180 3268 3341 3325 ποιεῖ,
3371 3266 3462 3318 καὶ
3492 3268 3710 3337 ἰσχυρὸν

2055 3354 2150 3408 καὶ
2165 3353 2406 3420 διαρκὲς,
2438 3353 2536 3422 οὐχ
2564 3351 2649 3403 ἵνα
2672 3352 2764 3404 ἐπὶ
2792 3352 2890 3421 τῆς
2917 3353 3107 3419 γενεᾶς
3128 3351 3288 3404 αὐτοῦ
3324 3352 3490 3423 μόνης
3511 3354 3715 3424 ὑπηρε-

2054 3445 2142 3513 τῇ,
2169 3442 2281 3495 ἀλλ’
2312 3441 2398 3494 ἵνα
2439 3442 2532 3494 καὶ
2572 3443 2681 3504 τοῖς
2730 3440 2866 3510 μετά
2897 3440 3068 3493 ταῦτα
3107 3442 3239 3493 πᾶσι
3271 3441 3492 3512 γένηται
3521 3444 3713 3512 χρήσι-

2058 3546 2177 3600 μον,
2206 3528 2267 3581 οὐ
2298 3528 2433 3599 πρὸς
2454 3528 2550 3591 τάς
2577 3528 2696 3581 τότε
2727 3526 2991 3597 μηχανάς,
3017 3527 3150 3580 ἀλλά
3186 3527 3321 3598 πρὸς
3350 3529 3449 3592 τὰς
3486 3529 3712 3597 ὕστερον

2054 3614 2353 3684 γενομένας
2385 3610 2687 3684 προσϐολὰς
2724 3611 3041 3681 ἐπιτήδειον.
3098 3612 3251 3665 Οὕτω
3301 3614 3393 3665 καὶ
3431 3616 3460 3666 6
3503 3613 3713 3677 Παῦλος

2056 3702 2329 3771 ἐποίησεν.
2365 3700 2581 3771 Ἐπειδὴ
2621 3701 2730 3769 γὰρ
2759 3698 2826 3751 τὰ
2853 3699 3156 3769 γράμματα
3188 3699 3517 3755 ἀποστολικά
3556 3701 3711 3771 τείχη

2056 3792 2164 3844 τῶν
2191 3788 2528 3861 Ἐκκλησιῶν
2563 3790 2728 3851 ἐστιν,
2749 3787 2869 3858 οὐχὶ
2894 3789 3021 3850 τοὺς
3045 3787 3165 3840 τότε
3196 3787 3355 3857 μόνον
3374 3788 3549 3852 ὄντας,
3577 3788 3719 3843 ἀλλά

2059 3879 2154 3931 καὶ
2184 3878 2308 3940 τοὺς
2332 3876 2556 3946 ὕστερον
2586 3873 2876 3943 ἐσομένους
2902 3873 3261 3945 ἀσφαλίξεται
3291 3874 3359 3927 δι’
3374 3874 3571 3928 αὐτῶν.
3602 3877 3715 3929 Καὶ

2057 3965 2229 4027 οὕτως
2276 3963 2494 4034 ἰσχυρὸν
2534 3962 2630 4015 καὶ
2666 3961 2883 4033 ἀρραγῆ
2912 3961 3001 4015 τὸν
3040 3960 3322 4033 περίδολον
3363 3960 3546 4015 τοῦτον
3579 3980 3719 4015 κατε-

2057 4052 2341 4115 εσκεύασε,
2358 4051 2451 4105 καὶ
2468 4050 2617 4123 πάσῃ
2642 4049 2965 4120 περιήλασεν
2987 4049 3147 4103 αὐτὸν
3172 4053 3236 4121 τῇ
3264 4049 3555 4121 οἰκουμένῃ
3576 4051 3719 4121 μετὰ

2057 4136 2358 4206 ἀσφαλείας
2388 4135 2626 4206 ἁπάσης,
2656 4135 2796 4188 ὥστε
2833 4137 2927 4189 καὶ
2966 4138 3091 4199 τοὺς
3119 4136 3259 4199 τότε,
3296 4136 3391 4190 καὶ
3427 4137 3554 4200 τοὺς
3595 4140 3715 4208 μετ’

2058 4224 2316 4288 ἐκείνους.
2352 4224 2446 4277 καὶ
2481 4224 2608 4286 τοὺς
2629 4220 2746 4287 νῦν,
2777 4222 3018 4285 καὶτοὺς
3048 4218 3201 4287 αὖθις
3224 4223 3523 4294 ἑπομένους
3550 4224 3717 4296 μέχρι

2058 4313 2156 4381 τῆς
2180 4311 2273 4364 τοῦ
2307 4309 2544 4383 Χριστοῦ
2570 4311 2867 4382 παρουσίας
2899 4310 3116 4379 ἀπάσης
3143 4309 3448 4376 ἀπαλλάξαι
3473 4310 3577 4382 τῆς
3606 4313 3724 4367 τῶν

2059 4399 2330 4470 πολεμίων
2385 4398 2722 4470 πολιορκίας.
2768 4397 3020 4451 Τοιαῦται
3050 4397 3158 4451 τῶν
3200 4398 3372 4465 ἁγίων
3414 4398 3472 4451 αἱ
3513 4398 3714 4469 ψυχαί·

2061 4487 2424 4560 φιλόστοργοι,
2470 4486 2843 4557 κηδεμονικαὶ,
2893 4485 3162 4556 πατρικὴν
3206 4483 3418 4540 εὕνοιαν
3466 4487 3719 4556 ἀποκρύ-

2060 4592 2290 4631 πτουσαι
2326 4573 2403 4644 τῷ
2431 4573 2660 4645 φίλτρῳ,
2701 4574 2793 4626 καὶ
2824 4571 2922 4640 τὴν
2948 4573 3048 4644 τῆς
3080 4572 3293 4642 φύσεως
3330 4573 3720 4645 φιλοστοργίαν

2059 4663 2307 4725 νικῶσαι,
2342 4664 2436 4716 καὶ
2464 4662 2560 4726 τὰς
2587 4662 2779 4726 ὠδῖνας
2817 4661 3235 4734 ὐπερὸαίνουσαι
3266 4661 3502 4728 ἐκείνας·
3543 4666 3718 4719 Πνεύο

2063 4768 2229 4820 ματος
2252 4752 2358 4822 γάρ
2384 4754 2489 4805 είσι
2520 4751 2613 4805 καί
2634 4751 2782 4815 θείας
2810 4752 3052 4823 χάριτος.

2128 4879 2191 4933 δ’.
2225 4878 2483 4932 Βούλεσθε
2506 4879 2600 4932 καὶ
2628 4879 2888 4951 ἑτέρωθεν
2908 4878 3065 4943 δείξω
3093 4880 3273 4946 πάλιν,
3297 4882 3378 4935 ὅτι
3401 4880 3461 4935 οὐ
3489 4880 3559 4934 τὰ
3588 4879 3723 4933 καθ’

2058 4966 2284 5030 ἑαυτοὺς
2314 4966 2647 5037 μεριμνῶσιν
2686 4968 2737 5019 οἱ
2782 4966 2946 5035 ἆγιοι,
2974 4969 3093 5021 οὐδὲ
3129 4969 3267 5039 ὑπὲρ
3294 4968 3403 5021 τῶν
3431 4968 3717 5039 παρόντοιν

2061 5054 2325 5107 δεδοίκασι
2353 5054 2529 5123 μόνον,
2561 5054 2697 5108 ἀλλά
2723 5056 2816 5109 καὶ
2840 5056 2977 5127 ὑπὲρ
3006 5056 3113 5109 τῶν
3147 5056 3285 5127 μετὰ
3309 5056 3481 5110 ταῦτα
3514 5057 3714 5127 ἐσομέ-

2058 5159 2164 5195 νων
2186 5159 2200 5209 ;
2230 5141 2537 5212 Προσῆλθον
2568 5142 2737 5214 αὐτῷ,
2762 5145 2946 5214 φησὶν,
2974 5146 3022 5197 οί
3056 5143 3294 5215 μαθηταὶ
3315 5144 3407 5197 ἐπὶ
3431 5144 3527 5196 τοῦ
3551 5145 3714 5214 ὅρους

2060 5232 2369 5305 καθημένῳ,
2406 5229 2681 5302 ἄνθρωποι
2717 5230 2902 5285 λοιπὸν
2931 5232 3305 5303 γεγηρακότες
3331 5231 3425 5285 καὶ
3454 5233 3574 5301 μετ’
3596 5232 3712 5283 ὀλί-

2060 5338 2155 5388 γον
2213 5320 2401 5392 χρόνον
2453 5319 2734 5390 μέλλοντες
2778 5320 3078 5391 ἀποδημεῖν
3127 5322 3236 5375 ἀπὸ
3281 5324 3385 5391 τῆς
3428 5320 3716 5392 παρούσης

2061 5408 2223 5479 ζωῆς.
2252 5408 2317 5461 Τί
2342 5402 2433 5461 οῦν
2456 5407 2733 5479 ἐρωτῶσι;
2760 5407 2814 5460 τί
2838 5409 3142 5477 ἀγωνιῶσι;
3170 5410 3223 5463 τί
3246 5410 3545 5474 δεδοίκασι;
3572 5411 3719 5480 ὑπὲρ

2061 5495 2218 5547 τίνων
2246 5494 2343 5564 τὴν
2370 5493 2559 5547 πεῦσιν
2593 5494 2669 5566 τῷ
2696 5495 2998 5568 διδασκάλῳ
3018 5496 3408 5569 προσάγουσινς
3436 5494 3547 5567 ἆρα
3575 5498 3717 5569 ὑπὲρ

2060 5582 2169 5636 τῶν
2202 5581 2342 5635 κατὰ
2366 5583 2464 5653 τὴν
2489 5582 2631 5654 ζωὴν
2662 5584 2859 5652 αὐτῶν,
2890 5586 2923 5655 ἦ
2952 5585 3091 5655 ὑπὲρ
3114 5585 3223 5638 τῶν
3245 5585 3385 5639 κατὰ
3416 5586 3545 5648 τοὺς
3591 5586 3717 5656 χρό-

2062 5687 2183 5732 νους
2214 5669 2485 5735 ἐκείνους;
2523 5670 2805 5741 Οὐδαμῶς.
2845 5672 3002 5725 Ἀλλά
3031 5673 3203 5726 πάντα
3229 5675 3409 5727 ἐκεῖνα
3432 5674 3717 5743 παραδρα-

2071 5758 2256 5829 μόντες
2280 5757 2331 5811 τί
2351 5757 2595 5827 λέγουσι;
2636 5761 2696 5814 Τί
2717 5761 2779 5814 τὸ
2810 5760 3059 5827 σημεῖον
3090 5760 3196 5826 τῆς
3228 5759 3345 5823 σῆς
3377 5763 3714 5828 παρουσίας
