4126 6294
375 361 481 418 275

376 478 563 533 caelum
593 492 759 548 usque
783 479 1048 542 surrexit,
1072 494 1319 548 magnum
1340 479 1541 533 habens
1565 477 1948 548 promissorum

375 576 772 639 argumentum,
797 570 912 638 ejus
939 585 1130 641 nempe
1155 571 1244 640 qui
1276 570 1591 638 promiserat
1613 576 1951 638 potestatem.

398 661 499 716 deo
523 659 592 715 In
617 663 944 732 promissione
970 661 1070 716 Dei
1106 679 1207 716 non
1243 663 1487 716 luesitavit
1533 662 1804 733 difﬁdentia
1823 703 1838 726 ,
1869 662 1956 716 sed

382 754 688 822 :onfortatus
709 760 782 805 est
807 753 911 819 ﬁde
934 751 1108 823 (Rom.
1132 753 1185 806 4.
1218 752 1332 823 20).
1367 752 1577 806 Etenim
1611 767 1707 808 ceu
1734 753 1955 808 baculus

378 843 590 912 quidam
613 842 798 897 ﬁrmus
825 853 1072 913 tutusque
1092 853 1275 912 portus
1299 844 1434 898 ﬁdes
1461 853 1561 909 est,
1590 860 1709 914 quae
1738 859 1767 898 a
1797 845 1958 899 ratio-

377 937 639 993 ciniorum
664 951 846 992 errore
861 936 1048 991 liberat
1067 977 1082 1002 ,
1111 937 1453 1007 animumque
1487 938 1542 991 in
1576 938 1957 1006 tranquillitate

378 1044 569 1099 magna
599 1029 889 1083 constituit.
928 1027 1091 1082 Vestri
1120 1040 1289 1082 autem
1309 1030 1436 1082 beati
1455 1031 1589 1083 oculi
1613 1071 1627 1094 ,
1657 1032 1775 1099 quia
1795 1031 1959 1083 vident

381 1118 596 1189 (Matth.
629 1121 716 1174 15.
744 1119 836 1189 16)
857 1137 869 1184 ;
891 1135 1014 1174 nam
1041 1119 1144 1174 hoc
1168 1120 1366 1175 dictum
1399 1121 1577 1175 denuo
1609 1121 1957 1190 repetendum

383 1221 484 1268 est.
511 1213 670 1281 Atqui
710 1213 869 1266 etiam
908 1212 1079 1266 Judaei
1122 1222 1246 1266 tunc
1285 1212 1474 1267 eadem
1523 1213 1636 1282 ipsa
1683 1213 1954 1267 videbant.

383 1302 578 1357 Verum
608 1317 715 1356 non
741 1302 842 1356 hoc
860 1312 1136 1358 externum
1159 1303 1368 1358 videndi
1392 1319 1558 1373 genus
1587 1304 1798 1358 beatum
1821 1319 1959 1372 prte-

384 1395 524 1449 dicat
552 1411 566 1452 :
591 1396 691 1448 hoc
729 1394 922 1465 quippe
948 1410 1043 1464 per
1080 1395 1314 1464 seipsum
1344 1396 1598 1450 miracula
1644 1410 1747 1450 non
1779 1395 1955 1460 videt,

384 1485 478 1538 sed
506 1484 770 1538 internum
795 1486 1070 1554 conspicit.
1101 1485 1183 1540 llli
1206 1501 1407 1540 cmcum
1429 1487 1678 1542 videbant
1697 1487 1963 1542 dicebant-

386 1592 509 1644 que,
541 1575 639 1630 Hic
667 1586 758 1642 est,
788 1594 888 1631 non
908 1588 978 1632 est
999 1579 1102 1645 hic;
1129 1595 1358 1633 vocemus
1387 1582 1497 1649 ejus
1525 1591 1752 1650 parentes
1777 1580 1956 1650 (Joan.

388 1667 440 1723 9.
473 1669 524 1723 8.
556 1669 608 1722 9.
644 1669 755 1738 18).
785 1670 953 1724 Audis
977 1671 1347 1741 ambigentes?
1374 1672 1547 1726 viden’
1576 1687 1680 1727 non
1710 1672 1959 1728 sufﬁcere

388 1761 628 1830 corporis
672 1769 944 1830 aspectum
1008 1761 1074 1815 ad
1123 1763 1367 1816 miraculi
1415 1763 1812 1832 spectaculum?
1861 1764 1960 1830 Qui

388 1861 674 1907 orzescntes
704 1861 757 1907 et
779 1862 1078 1921 spectantes
1102 1865 1251 1909 erant
1280 1855 1528 1910 dicebant
1555 1871 1570 1910 :
1599 1854 1700 1908 Hic
1727 1865 1836 1920 est,
1861 1872 1960 1909 non

386 1953 458 1998 est
483 1943 599 2008 Iu'c;
627 1959 725 1998 nos
750 1959 875 1998 vero
902 1945 994 2014 qui
1030 1953 1321 2014 praesentes
1350 1962 1457 2002 non
1495 1962 1680 2002 sumus
1701 1989 1716 2011 ,
1748 1963 1854 2002 non
1882 1948 1962 2001 di-

388 2037 577 2101 cimus,
615 2035 710 2090 Hic
736 2045 826 2104 est,
853 2053 952 2092 non
972 2048 1044 2092 est
1069 2038 1172 2105 hic;
1197 2040 1314 2105 sed,
1347 2038 1469 2109 Ipse
1492 2050 1584 2095 est.
1615 2041 1851 2096 Didicisti
1880 2043 1962 2095 ni-

389 2126 462 2182 hil
489 2129 782 2185 absentiam
813 2145 1024 2199 nocere,
1052 2146 1171 2186 cum
1221 2132 1339 2187 ﬁdei
1378 2134 1572 2188 adsunt
1597 2135 1767 2198 oculi;
1799 2136 1960 2188 nihil-

388 2233 492 2288 que
541 2220 780 2275 utilitatis
804 2236 870 2276 ex
925 2223 1206 2290 praesentia
1249 2225 1492 2294 percipi,
1525 2240 1644 2280 cum
1673 2226 1790 2280 ﬁdei
1821 2227 1960 2280 oculi

389 2326 493 2366 non
519 2312 749 2368 adsunt?
776 2314 912 2380 Quid
955 2315 1096 2370 enim
1139 2316 1246 2371 illis
1287 2317 1486 2386 profuit
1533 2318 1756 2373 videre?
1797 2319 1956 2373 Nihil.

390 2401 496 2456 Nos
521 2404 660 2457 enim
690 2405 887 2459 clarius
912 2420 1069 2475 quam
1098 2406 1172 2460 illi
1203 2398 1465 2465 videmtis.
1496 2409 1756 2475 Quoniam
1801 2411 1961 2480 igitur

389 2495 524 2549 oculi
553 2496 714 2550 vestri
737 2495 913 2550 vident
936 2513 1001 2551 eo
1018 2498 1250 2562 videndi,
1281 2508 1334 2554 et
1353 2516 1509 2556 aures
1525 2511 1717 2556 vestra:
1741 2503 1961 2557 audiunt

391 2599 454 2639 eo
478 2586 726 2641 audiendi
753 2602 948 2657 genere
973 2629 988 2656 ,
1020 2590 1160 2658 quod
1189 2589 1428 2645 Christus
1455 2592 1663 2646 beatum
1708 2594 1960 2662 praedica-

387 2677 498 2744 vit,
548 2678 769 2748 agedum
801 2680 950 2734 vobis
996 2681 1281 2752 Scripturae
1331 2699 1566 2753 gemmas
1610 2700 1956 2754 apponamus.

389 2770 843 2836 Quemadmodum
867 2772 1010 2826 enim
1061 2772 1257 2828 Judaeis
1298 2777 1619 2845 quaestiones
1655 2794 1760 2831 non
1802 2779 1960 2832 solvit

387 2861 645 2927 Christus,
679 2863 786 2918 imo
809 2865 955 2918 auxit
982 2864 1359 2921 obscuritatem
1383 2908 1400 2934 ,
1427 2870 1552 2937 quia
1582 2885 1686 2923 non
1716 2870 1959 2925 attende-

387 2952 513 3006 bant
543 2971 556 3006 :
584 2954 659 3008 sic
686 2963 741 3009 et
763 2954 913 3010 vobis
937 2997 952 3023 ,
984 2957 1106 3026 quia
1130 2965 1334 3013 attento
1360 2961 1488 3014 estis
1513 2961 1692 3015 animo
1711 3002 1726 3029 ,
1754 2962 1961 3016 occulta

392 3043 448 3099 in
497 3047 733 3101 medium
768 3050 1036 3105 adducere
1083 3067 1180 3122 par
1213 3064 1316 3108 est.
1359 3054 1572 3111 Etenim
1615 3073 1994 3118 accesserunt-

391 3136 661 3207 discipuli,
686 3150 739 3194 et
759 3141 1093 3197 mirabantur
1108 3146 1382 3201 dicentes:
1404 3147 1511 3202 Cur
1533 3151 1588 3203 in
1605 3154 1869 3221 parabolis
1887 3157 1961 3211 eis

392 3222 616 3314 loqueris
648 3227 850 3295 (Matth.
880 3231 966 3285 15.
1003 3232 1090 3286 10.
1131 3243 1179 3286 et
1212 3235 1335 3300 15)?
1374 3235 1467 3293 llle
1495 3255 1625 3295 vero
1660 3246 1956 3314 respondit,

394 3312 529 3377 Quia
548 3314 762 3369 videntes
783 3334 879 3370 non
902 3319 1084 3373 vident.
1112 3321 1244 3389 Quia
1269 3323 1428 3392 igitur
1455 3340 1550 3380 vos
1579 3341 1682 3382 non
1721 3312 1962 3384 videntes

394 3404 608 3473 videtis,
636 3422 730 3477 par
753 3418 833 3463 est
859 3410 1006 3465 vobis
1035 3415 1150 3468 sine
1178 3415 1425 3484 parabola
1447 3418 1622 3487 loqui;
1651 3422 1842 3490 etquia
1859 3423 1962 3474 Au-

393 3495 580 3549 dientes
601 3513 700 3550 non
742 3499 971 3554 audiunt.
1019 3503 1092 3574 (a)
1119 3504 1251 3571 Quia
1282 3506 1437 3576 igitur
1461 3524 1554 3563 vos
1577 3510 1666 3579 qui
1708 3519 1830 3566 tunc
1856 3528 1961 3567 non

392 3584 685 3652 audivistis,
717 3604 855 3643 nunc
878 3606 980 3644 non
1010 3595 1182 3648 minus
1210 3595 1402 3651 auditis
1425 3639 1440 3663 ,
1471 3614 1628 3668 quam
1658 3609 1781 3655 tunc
1807 3602 1960 3656 audi-

392 3677 621 3744 vissetis,
642 3689 1047 3737 consentaneum
1068 3696 1254 3741 estvos
1277 3704 1380 3742 non
1410 3690 1506 3743 liae
1528 3692 1734 3759 privare
1757 3708 1962 3749 mensa.

396 3767 604 3822 Etenim
631 3768 872 3828 Christus
908 3774 1005 3830 hos
1032 3792 1136 3832 non
1185 3781 1360 3835 minus
1389 3782 1576 3837 beatos
1618 3785 1960 3851 praedicavit,

391 3877 547 3930 quam
575 3863 694 3918 illos
727 3882 740 3918 :
777 3865 955 3922 Vidisti
991 3886 1252 3942 namque,
1303 3873 1407 3942 ait,
1439 3886 1485 3928 et
1513 3877 1808 3942 credidisti;
1835 3880 1964 3932 beati

390 3955 473 4022 qui
522 3972 623 4010 non
666 3957 896 4014 viderunt
921 4003 936 4027 ,
979 3972 1026 4016 et
1056 3965 1373 4019 crediderunt
1412 3966 1588 4039 (Joan.
1619 3969 1711 4024 20.
1744 3970 1856 4042 29).
1887 3972 1964 4026 Ne

391 4045 547 4114 igitur
574 4047 694 4104 ideo
719 4064 908 4121 segnes
935 4053 1001 4108 ad
1031 4056 1279 4111 virtutem
1310 4067 1499 4126 estote,
1532 4061 1672 4130 quod
1701 4062 1802 4117 illis
1832 4073 1965 4117 tem-

393 4138 604 4202 poribus
635 4155 739 4194 non
789 4141 992 4198 fueritis
1015 4185 1031 4210 ,
1063 4147 1157 4201 sed
1183 4147 1284 4202 hoc
1330 4160 1570 4220 tempore
1597 4152 1802 4207 vivatis.
1830 4153 1964 4210 Nam

390 4226 434 4278 si
474 4229 739 4298 volueris,
769 4233 903 4289 nihil
942 4234 1067 4291 hinc
1105 4237 1410 4294 detrimenti
1454 4243 1748 4312 percipies;
1780 4260 1966 4314 quem-

393 4319 673 4375 admodum
705 4325 854 4380 multi
884 4341 1088 4393 eorum,
1113 4331 1202 4399 qui
1228 4340 1352 4387 tunc
1379 4333 1612 4403 fuerunt,
1631 4337 1754 4408 quia
1781 4339 1966 4394 nolue-

393 4421 530 4476 runt,
555 4413 682 4467 nihil
713 4415 837 4470 hinc
862 4419 1102 4474 utilitatis
1128 4437 1436 4494 percepere.

462 4505 514 4558 5.
557 4505 837 4579 Scriptum
862 4511 1044 4566 divina:
1071 4515 1246 4569 virtus.
1280 4516 1476 4572 Paulus
1505 4536 1606 4574 non
1631 4522 1697 4575 de
1731 4525 1966 4593 prcesenti

394 4593 572 4662 solum,
600 4598 688 4650 sed
713 4600 860 4653 etiam
901 4603 963 4656 de
991 4605 1160 4674 futuro
1198 4624 1347 4677 grege
1377 4611 1646 4669 sollicitus.
1674 4613 1964 4684 Apostolica

393 4687 579 4754 scripta
605 4691 784 4743 moenia
805 4690 1167 4750 Ecclesiarum.
1189 4698 1425 4768 Apostoli
1451 4702 1511 4755 de
1541 4705 1722 4772 futuris
1734 4707 1962 4764 solliciti.

393 4773 575 4832 Petrus
623 4783 964 4851 apostolorum
1027 4790 1318 4858 coryphceus
1347 4832 1362 4857 ,
1421 4802 1514 4846 etc.
1568 4795 1718 4850 Orbis
1781 4800 1966 4867 prcefe-

395 4876 532 4934 ctus,
562 4880 654 4924 etc.
687 4873 1037 4942 ——Quidnam
1080 4879 1236 4949 igitur
1273 4881 1434 4939 hodie
1473 4885 1665 4940 lectum
1704 4891 1823 4944 est?
1853 4890 1966 4944 [Ioc

393 4969 557 5012 autem
584 4963 755 5018 scitote
773 5004 788 5029 ,
811 4968 944 5035 quod
981 4969 1033 5022 in
1061 4971 1339 5026 novissimis
1359 4974 1530 5030 diebus
1566 4989 1712 5031 erunt
1741 4988 1965 5051 tempora

391 5055 562 5121 gravia
595 5054 679 5127 (Et.
714 5057 849 5114 Tim.
875 5061 926 5114 5.
958 5062 1035 5129 1).
1060 5063 1342 5120 Timotheo
1369 5083 1582 5123 rursum
1613 5072 1796 5126 scribit
1822 5073 1962 5128 Pau-

393 5146 490 5201 lus.
521 5147 797 5207 Terribilis
838 5156 1209 5224 comminatio;
1239 5160 1332 5214 sed
1375 5162 1608 5216 animum
1649 5165 1912 5234 erigamus
1946 5183 1961 5219 ε

392 5237 504 5294 haec
553 5243 748 5312 quippe
810 5252 1050 5316 tempora
1100 5250 1254 5305 nobis
1305 5252 1601 5309 subindicat
1645 5239 1916 5326 Scriptura
1944 5300 1960 5325 ,

387 5345 594 5387 necnon
617 5343 737 5403 post
765 5334 938 5390 futura
958 5379 975 5404 ,
1008 5341 1272 5413 etiamque
1298 5359 1358 5399 ea
1403 5329 1520 5415 qua:
1548 5351 1962 5404 consummatio-

387 5438 508 5478 nem
536 5435 799 5496 spectant.
828 5429 940 5484 Hoc
982 5443 1149 5488 autent
1191 5437 1363 5491 scitote
1384 5479 1399 5504 ,
1428 5439 1564 5508 quod
1591 5441 1643 5494 in
1686 5443 1964 5497 novissimis

387 5517 562 5574 diebus
591 5531 737 5574 erunt
762 5532 986 5592 tempora
1015 5529 1208 5596 gravia.
1237 5529 1404 5586 Breve
1430 5532 1630 5588 dictum
1651 5576 1665 5600 ,
1695 5543 1750 5592 et
1776 5553 1964 5608 magna

387 5609 574 5665 virtus.
623 5613 1082 5680 Quemadmodum
1127 5621 1267 5674 enim
1307 5633 1540 5679 aromata
1570 5641 1676 5681 non
1713 5631 1860 5698 copia
1910 5638 1965 5685 et

450 5789 522 5851 (a)
555 5797 634 5842 Inc
660 5797 828 5844 textus
847 5794 1060 5848 deﬁcere
1082 5798 1285 5848 videttu'.

919 363 984 419 IN
1025 364 1246 432 ILLUD,
1289 364 1420 420 HOC
1455 361 1739 420 SCITOTE
1777 361 1963 429 QUOD
2000 360 2066 416 ΙΝ
2103 360 2480 420 NOVlSSlMlS
2520 365 2779 434 DIEBUS,
2824 366 2977 424 ETC.

3528 368 3634 425 ἔτι

2059 475 2221 542 mole,
2250 476 2346 531 sed
2371 487 2556 532 natura
2582 479 2919 548 iragrantiam
2949 481 3193 536 emittunt
3224 499 3236 537 :
3268 486 3344 536 sic
3370 491 3422 535 et
3447 481 3639 536 divina:

2056 566 2346 638 Scripturae
2394 585 2496 625 non
2551 570 2890 627 multitudine
2942 575 3263 638 verborum,
3315 576 3408 629 sed
3482 577 3636 628 insita

2058 661 2253 716 virtute
2274 704 2289 728 ,
2319 670 2480 716 totam
2529 663 2686 717 nobis
2724 664 2962 733 przebent
2992 667 3290 721 utilitatem.
3320 665 3407 720 Sic
3433 668 3634 720 incensu

2059 764 2243 806 natura
2273 769 2368 823 per
2394 755 2622 824 seipsam
2653 771 2868 810 suavem
2890 757 3081 810 emittit
3110 759 3358 823 odorem;
3383 760 3429 813 si
3458 767 3635 812 autem

2061 844 2269 913 injicias
2313 847 2365 899 in
2413 847 2587 917 ignem
2613 888 2628 913 ,
2663 858 2788 903 tunc
2817 849 3178 904 omnimodam
3224 867 3371 906 suam
3426 852 3638 906 exhibet

2058 939 2404 1007 voluptatem.
2459 940 2535 992 lta
2565 940 2723 993 etiam
2750 940 2929 994 divina
2973 942 3247 1011 Scriptura
3276 960 3370 1013 per
3407 946 3638 1015 seipsam

2059 1029 2371 1083 suavissima
2398 1038 2498 1094 est;
2525 1045 2646 1084 cum
2673 1040 2849 1085 autem
2878 1032 3108 1086 animam
3141 1047 3375 1088 nostram
3413 1051 3612 1104 occupa

2059 1120 2212 1184 verit,
2229 1135 2291 1174 ac
2317 1122 2360 1174 si
2383 1121 2436 1175 in
2463 1121 2784 1176 thuribulum
2810 1123 3070 1187 inciderit,
3094 1135 3254 1178 totam
3282 1126 3494 1180 domum
3520 1142 3641 1179 sna-

2059 1210 2110 1262 vi
2149 1211 2331 1279 implet
2359 1211 2542 1265 odore.
2571 1211 2684 1264 Hoc
2713 1222 2878 1266 autem
2900 1215 3072 1267 scitote
3093 1253 3108 1276 ,
3149 1214 3287 1281 quod
3323 1212 3376 1265 in
3417 1214 3638 1266 novissi-

2063 1303 2161 1354 mis
2201 1297 2379 1353 diebus
2418 1312 2572 1356 erunt
2599 1312 2824 1372 tempora
2866 1305 3018 1358 dura.
3065 1305 3140 1359 De
3187 1307 3642 1360 consummatione

2061 1391 2312 1461 loquitur.
2337 1393 2472 1460 Quid
2499 1394 2600 1448 hoc
2626 1395 2692 1448 ad
2717 1405 2786 1460 te,
2816 1397 2970 1451 beate
2999 1397 3196 1452 Paule?
3217 1397 3340 1466 quid
3367 1397 3431 1452 ad
3463 1397 3642 1452 Timo-

2063 1485 2281 1540 theum?
2313 1486 2437 1556 quid
2463 1488 2530 1540 ad
2560 1488 2676 1541 illos
2703 1490 2790 1557 qui
2814 1498 2937 1542 tunc
2957 1489 3279 1543 audiebant?
3305 1489 3460 1544 Brevi
3488 1500 3638 1560 post-

2060 1591 2124 1632 ea
2173 1586 2411 1647 tempore
2451 1581 2692 1634 morituri
2719 1590 2905 1648 erant,
2933 1597 2962 1635 a
2992 1581 3180 1636 futuris
3224 1582 3326 1636 illis
3370 1584 3642 1637 calamita-

2064 1669 2204 1723 tibus
2253 1679 2364 1724 eta
2398 1673 2574 1739 pravis
2620 1671 2924 1728 hominibus
2972 1674 3249 1742 eripiendi.
3293 1675 3487 1729 Verum
3537 1691 3640 1729 non

2063 1762 2347 1829 praesentia
2393 1772 2597 1818 tantum
2622 1766 2849 1834 respicio
2872 1807 2886 1831 ,
2920 1766 3107 1836 inquit,
3131 1767 3224 1821 sed
3249 1765 3425 1821 futura
3451 1769 3642 1835 praevi-

2063 1852 2185 1906 deo.
2212 1852 2329 1907 Non
2357 1870 2594 1923 praesens
2619 1865 2820 1910 tantum
2847 1872 2974 1926 grex
3011 1857 3140 1910 mihi
3169 1858 3510 1912 sollicitudini
3538 1867 3641 1924 est,

2063 1944 2159 1998 sed
2205 1945 2363 1999 etiam
2393 1961 2488 2014 pro
2516 1945 2693 2001 futuro
2736 1963 2895 2018 grege
2920 1964 3086 2018 angor
3125 1959 3179 2003 et
3209 1951 3390 2004 timeo.
3420 1949 3528 2004 Nos
3554 1951 3640 2003 vix

2064 2034 2128 2089 iis
2154 2036 2240 2104 qui
2274 2036 2546 2090 nobiscum
2595 2047 2874 2092 versantur
2903 2037 3203 2093 hominibus
3247 2039 3598 2109 prospicimus
3626 2081 3639 2104 ,

2064 2125 2151 2180 ille
2179 2142 2308 2180 vero
2328 2143 2423 2196 pro
2452 2128 2515 2182 iis
2537 2130 2626 2197 qui
2656 2130 2890 2184 nondum
2920 2132 3027 2184 nati
3063 2141 3191 2186 sunt
3217 2172 3228 2191 ,
3259 2131 3474 2185 multam
3507 2132 3644 2199 gerit

2063 2219 2490 2273 sollicitudinem.
2522 2222 2610 2274 Sic
2633 2230 2686 2275 et
2713 2230 2892 2290 pastor
2917 2222 3148 2291 Optimus
3169 2237 3272 2276 non
3300 2238 3418 2276 cum
3443 2224 3636 2276 vid-erit

2064 2307 2215 2376 lupos
2243 2308 2505 2364 irruentes
2532 2311 2583 2364 in
2605 2326 2840 2381 gregem,
2858 2312 2967 2380 jam
2994 2327 3159 2381 prope
3180 2328 3306 2368 oves
3331 2316 3638 2377 accessisse,

2064 2406 2189 2454 tunc
2212 2401 2262 2453 id
2289 2400 2528 2469 praedicit
2557 2411 2781 2467 tantum,
2809 2403 2902 2457 sed
2929 2405 3087 2456 etiam
3114 2404 3297 2472 procul
3324 2404 3496 2458 adhuc
3525 2421 3643 2457 ver-

2062 2500 2242 2546 santes
2283 2492 2499 2547 indicat.
2532 2493 2608 2547 lta
2633 2509 2844 2563 quoque
2868 2494 3062 2548 Paulus
3088 2536 3104 2562 ,
3132 2495 3269 2549 sicut
3295 2505 3475 2564 pastor
3498 2496 3640 2563 opti-

2062 2597 2200 2647 mus,
2230 2583 2284 2638 in
2306 2583 2519 2640 excelso
2547 2585 2667 2640 loco
2693 2628 2707 2651 ,
2738 2585 2790 2640 in
2832 2586 3126 2655 prophetiae
3168 2602 3360 2655 nempe
3385 2586 3645 2657 dignitate

2064 2674 2259 2729 sedens
2283 2717 2297 2741 ,
2347 2691 2411 2730 ac
2437 2676 2764 2745 propheticis
2787 2678 2956 2731 oculis
2983 2692 3190 2731 sursum
3221 2678 3424 2746 positus
3488 2679 3641 2730 inva-

2065 2779 2218 2819 suras
2245 2765 2386 2820 feras
2431 2766 2731 2834 prmvidens
2750 2806 2768 2830 ,
2799 2766 2917 2821 illas
2946 2767 2998 2820 in
3045 2767 3156 2836 ipsa
3181 2767 3642 2822 consummatione

2062 2856 2114 2912 in
2140 2872 2351 2927 gregem
2379 2857 2629 2926 impetum
2651 2858 2886 2914 facturas
2911 2869 2964 2914 et
2996 2860 3271 2915 invasuras
3296 2874 3416 2914 esse
3445 2857 3643 2927 praedi-

2067 2948 2139 3002 cit
2169 2958 2223 3002 et
2262 2948 2641 3019 pmsigniﬁcat
2662 2989 2680 3018 ,
2707 2958 2766 3004 ut
2793 2965 2887 3004 eos
2915 2951 3109 3016 etiam,
3141 2952 3230 3020 qui
3270 2951 3502 3005 nondum
3536 2950 3644 3004 nati

2063 3048 2214 3092 erant
2235 3080 2249 3103 ,
2273 3038 2338 3092 ad
2363 3039 2680 3109 vigilandum
2732 3040 3009 3096 induceret
3033 3081 3047 3105 ,
3076 3049 3130 3096 et
3170 3041 3445 3110 prophetia
3475 3049 3644 3095 totum

2064 3132 2296 3188 muniret
2345 3148 2579 3202 gregem.
2629 3133 2837 3187 Etenim
2884 3142 3032 3202 pater
3076 3132 3238 3203 prolis
3289 3148 3511 3198 amans,
3553 3134 3644 3203 qui

2066 3222 2209 3277 aedes
2255 3223 2549 3278 exaediﬁcat
2571 3264 2584 3289 ,
2617 3239 2760 3293 saepe
2807 3225 2926 3279 [iliis
2957 3226 3065 3280 suis
3108 3226 3228 3280 illas
3259 3225 3563 3296 splendidas
3589 3235 3642 3279 et

2065 3312 2268 3382 amplas
2314 3314 2609 3378 construit,
2656 3330 2761 3367 non
2809 3315 2964 3369 modo
3013 3325 3070 3369 ut
3110 3317 3215 3370 illis
3258 3324 3461 3369 tantum
3487 3315 3644 3370 utiles

2064 3405 2462 3476 commodatique
2504 3407 2610 3460 sint
2632 3447 2645 3470 ,
2675 3407 2768 3462 sed
2795 3410 2955 3462 etiam
2999 3410 3280 3479 nepotibus
3313 3417 3367 3463 et
3393 3410 3641 3479 posteris.

2066 3497 2142 3551 Ita
2172 3513 2378 3570 quoque
2428 3515 2519 3554 rex
2550 3500 2848 3554 adamatam
2889 3502 3072 3556 urbem
3121 3502 3386 3556 moenibus
3412 3503 3643 3556 circum-

2067 3591 2271 3653 munit,
2313 3591 2483 3660 iisque
2527 3590 2694 3645 ﬁrmis
2739 3593 3004 3660 tutisque,
3049 3607 3164 3661 quae
3201 3607 3306 3646 non
3355 3601 3510 3648 aetate
3550 3609 3644 3648 sua

2067 3681 2247 3746 modo,
2277 3682 2370 3738 sed
2393 3684 2550 3736 etiam
2575 3683 3020 3752 subsequentibus
3062 3691 3116 3737 et
3139 3683 3366 3752 posteris
3398 3683 3645 3738 omnibus

2067 3773 2174 3826 sint
2225 3775 2502 3838 tutamini,
2532 3789 2632 3828 nec
2677 3773 2936 3830 adversus
2962 3774 3231 3829 machinas
3261 3783 3463 3829 tantum
3508 3774 3648 3828 illius

2069 3865 2342 3932 temporis,
2373 3863 2468 3918 sed
2494 3864 2751 3918 adversus
2778 3864 2980 3919 futuras
3004 3865 3304 3920 invasiones
3329 3873 3384 3920 et
3412 3865 3646 3920 obsidio-

2069 3969 2165 4008 nes
2191 3962 2331 4009 stare
2380 3955 2602 4025 possint.
2639 3955 2728 4011 Sic
2776 3957 2936 4011 etiam
2978 3956 3171 4011 Paulus
3199 3955 3345 4011 fecit.
3380 3956 3644 4023 Quoniam

2066 4047 2352 4116 apostolica
2379 4047 2574 4116 scripta
2603 4049 2798 4102 moenia
2827 4058 2950 4102 sunt
2970 4047 3349 4111 Ecclesiarum,
3373 4063 3477 4102 non
3505 4063 3644 4116 prae-

2068 4148 2246 4194 sentes
2276 4148 2476 4193 tantum
2500 4181 2516 4208 ,
2549 4140 2642 4195 sed
2689 4141 2848 4196 etiam
2894 4150 3136 4210 posteros
3180 4155 3275 4209 per
3315 4140 3403 4194 illa
3452 4141 3642 4194 munit.

2069 4229 2244 4300 Atque
2266 4230 2336 4283 ita
2363 4229 2571 4284 ﬁrmum
2594 4239 2647 4285 et
2672 4229 3045 4285 inconcussum
3088 4238 3296 4299 septum
3343 4229 3648 4300 hujusmodi

2068 4322 2395 4386 construxit,
2442 4330 2497 4376 et
2543 4337 2662 4376 cum
2695 4330 2839 4375 tanta
2882 4322 3086 4377 cautela
3117 4322 3208 4376 illo
3247 4329 3414 4376 totum
3461 4323 3645 4378 orbem

2069 4412 2528 4477 circummunivit,
2562 4421 2616 4466 ut
2640 4427 2733 4468 eos
2762 4412 2852 4482 qui
2876 4421 2984 4466 tum
3013 4411 3298 4478 vivebant,
3329 4422 3382 4468 et
3409 4413 3498 4483 qui
3528 4414 3649 4468 illos

2068 4520 2326 4576 excepere
2346 4545 2361 4570 ,
2384 4513 2440 4560 et
2461 4520 2553 4559 eos
2580 4507 2670 4575 qui
2697 4521 2836 4560 nunc
2860 4514 3019 4570 sunt,
3043 4514 3096 4560 et
3120 4515 3361 4574 posteros
3388 4521 3555 4576 usque
3579 4507 3647 4560 ad

2068 4597 2269 4654 Christi
2296 4597 2581 4651 adventum
2610 4606 2794 4650 contra
2816 4611 3029 4650 omnem
3058 4597 3391 4652 inimicorum
3420 4597 3648 4651 obsidio~

2070 4704 2192 4744 nem
2221 4697 2359 4744 tutos
2391 4696 2688 4744 conservet.
2720 4688 2877 4743 Tales
2922 4697 3045 4743 sunt
3087 4698 3390 4745 sanctorum
3415 4691 3646 4745 animae:

2071 4781 2291 4834 fratrum
2318 4787 2560 4834 amantes
2584 4820 2600 4847 ,
2631 4778 2700 4834 de
2740 4779 2843 4832 illis
2863 4780 3102 4834 sollicita:
3119 4821 3135 4847 ,
3159 4794 3342 4835 amore
3371 4789 3646 4851 paternam

2071 4879 2384 4942 superantes
2438 4871 2895 4936 benevolentiam,
2929 4879 2984 4926 et
3024 4871 3369 4927 dilectionem
3418 4873 3647 4927 materni

2071 4973 2253 5032 partus
2289 4981 2302 5018 :
2333 4962 2420 5016 hic
2454 4977 2682 5032 namque
2711 4961 2940 5031 Spiritus
2966 4971 3019 5016 et
3044 4962 3233 5016 divinae
3261 4963 3444 5031 gratiae
3469 4973 3572 5017 est.

2141 5056 2193 5108 4.
2229 5053 2398 5108 Vultis
2428 5061 2486 5108 ut
2509 5052 2723 5108 aliunde
2751 5055 2912 5108 etiam
2933 5053 3082 5109 vobis
3108 5054 3491 5117 demonstrem,
3526 5067 3648 5105 san-

2071 5159 2186 5203 ctos
2234 5164 2337 5203 non
2366 5162 2485 5218 qua:
2529 5147 2594 5200 ad
2625 5162 2777 5201 suum
2816 5157 3024 5215 tempus
3063 5152 3305 5215 spectant
3352 5144 3524 5198 solum
3549 5159 3647 5196 cu-

2070 5255 2226 5304 rare,
2256 5254 2431 5307 neque
2477 5253 2574 5307 pro
2626 5238 2975 5307 praesentibus
3021 5237 3193 5290 solum
3240 5243 3516 5298 metuere,
3551 5232 3646 5287 sed

2070 5333 2228 5387 etiam
2256 5345 2352 5399 pro
2377 5329 2443 5384 iis
2461 5330 2549 5399 qui
2578 5339 2760 5398 postea
2786 5328 2945 5381 futuri
2973 5327 3131 5381 sunt?
3160 5326 3533 5388 Accesserunt,
3567 5324 3646 5377 in-

2071 5426 2204 5495 quit,
2235 5425 2301 5477 ad
2339 5438 2462 5478 eum
2492 5425 2546 5477 in
2575 5430 2758 5478 monte
2796 5421 3071 5476 sedentem
3104 5416 3366 5482 discipuli,
3400 5415 3646 5470 homines

2072 5516 2450 5587 propemodum
2470 5531 2645 5580 senes,
2676 5517 2764 5585 qui
2788 5523 2906 5583 post
2935 5512 3198 5567 modicum
3224 5517 3431 5576 tempus
3451 5522 3514 5560 ex
3545 5509 3647 5562 hac

2072 5615 2178 5664 vita
2206 5609 2490 5664 discessuri
2517 5618 2686 5664 erant.
2719 5607 2857 5674 Quid
2886 5620 3012 5674 ergo
3038 5601 3311 5672 quarunt?
3334 5599 3401 5652 de
3422 5614 3526 5668 quo
3550 5614 3645 5652 an-

2072 5703 2302 5773 guntur?
2339 5702 2465 5771 quid
2509 5701 2731 5756 timent?
2760 5702 2949 5771 quibus
2995 5698 3064 5751 de
3109 5693 3281 5749 causis
3333 5691 3645 5759 magistrum

2075 5794 2493 5862 percontantur?
2538 5808 2660 5846 num
2691 5791 2756 5845 de
2779 5791 2934 5846 rebus
2959 5831 2973 5854 ,
3005 5801 3119 5856 qum
3157 5783 3286 5852 ipsis
3311 5778 3633 5840 viventibus,
