4126 6294
468 386 573 447 1171»

463 511 558 558 aut
584 500 723 555 circa
758 499 841 552 itta
872 504 1109 564 tempora
1137 501 1405 549 eventura:
1448 486 1641 544 erant?
1667 483 1902 541 Minime.
1933 478 2039 534 Sed

462 599 536 652 iis
583 591 951 664 prmtermissis
996 587 1241 643 omnibus
1279 584 1406 654 quid
1438 579 1651 637 dicunt?
1674 578 1820 645 Quod
1844 579 2044 648 signum

465 690 709 742 adcentus
736 686 841 749 tui,
872 695 918 738 et
942 678 1385 737 consummationis
1408 676 1578 735 secuti
1603 673 1815 746 (Matth.
1846 671 1936 727 24.
1964 669 2048 741 5)?

467 780 655 835 Viden'
684 780 803 833 illos
831 777 992 833 etiam
1020 774 1087 830 de
1113 770 1570 829 consummatione
1613 766 1790 822 saeculi
1816 769 2047 820 interro-

465 889 633 943 gare,
665 882 721 926 et
765 870 833 925 de
862 869 1051 924 futuris
1096 865 1400 924 hominibus
1441 878 1563 919 esse
1614 858 1905 916 sollicitos?
1932 857 2046 911 Non

467 966 610 1020 enim
652 979 747 1019 sua
775 963 957 1017 vident
979 959 1203 1029 apostoli
1230 1000 1243 1022 ,
1271 957 1365 1012 sed
1394 973 1513 1027 qua:
1537 957 1762 1011 aliorum
1793 961 1917 1007 sunt
1937 992 1951 1013 ,
1996 961 2050 1004 et

469 1057 632 1112 simul
662 1070 850 1110 omnes
876 1065 930 1109 et
956 1053 1178 1108 seorsim
1214 1050 1429 1120 singuli.
1459 1049 1648 1104 Petrus
1695 1047 1871 1115 itaque
1899 1043 2048 1098 chori

473 1152 617 1205 illius
664 1149 1017 1220 coryphmus,
1066 1161 1128 1199 os
1164 1144 1526 1214 apostolorum
1574 1142 1848 1202 omnium,
1893 1147 2051 1208 eaput

472 1245 613 1297 illius
656 1241 866 1294 familiae
889 1280 905 1305 ,
936 1238 1079 1293 orbis
1112 1238 1268 1291 totius
1301 1237 1580 1306 praefectus
1604 1278 1618 1299 ,
1653 1234 2049 1289 fundamentum

479 1334 752 1399 Ecolesim,
782 1332 977 1386 ardens
1011 1331 1204 1387 Christi
1232 1341 1460 1393 amator;
1487 1344 1606 1385 nam
1637 1329 1737 1391 Ait,
1770 1327 1942 1389 Petre,
1972 1326 2052 1377 di-

478 1426 592 1495 ligis
615 1441 692 1477 me
721 1425 833 1491 plus
855 1424 931 1476 his
959 1423 1136 1493 (Joan.
1166 1420 1254 1475 21.
1283 1423 1402 1489 15).
1436 1421 1557 1474 Ideo
1587 1420 1699 1488 ejus
1724 1419 1905 1473 Iaudes
1932 1434 2053 1487 prn-

481 1518 618 1583 ft-ro,
654 1526 714 1569 ut
742 1515 958 1573 discatis
998 1530 1117 1569 eum
1151 1529 1274 1567 vere
1297 1513 1565 1566 Christum
1593 1511 1842 1566 dilexisse
1868 1529 1879 1564 :
1904 1520 2052 1565 certe

476 1608 594 1677 ejus
638 1624 763 1676 erga
793 1608 1073 1669 Dominum
1120 1608 1317 1660 amoris
1363 1614 1730 1675 argumentum
1764 1604 2051 1665 maximum

478 1710 594 1756 erat
640 1700 942 1754 sollicitudo
975 1700 1288 1753 famulorum
1318 1698 1451 1767 ejus.
1483 1697 1599 1754 Non
1633 1712 1732 1768 ego
1757 1696 1871 1751 lucc
1895 1696 2051 1761 dico,

477 1792 571 1849 sed
604 1795 714 1863 ipse
731 1794 956 1849 dilectus
990 1793 1247 1851 Dominus
1276 1812 1289 1847 ε
1322 1793 1382 1847 Si
1407 1810 1547 1850 antas
1574 1810 1667 1858 me,
1696 1794 1883 1862 inquit,
1909 1807 2056 1861 posce

477 1903 591 1942 oves
618 1904 771 1939 meas.
812 1886 1090 1940 Videatnus
1116 1902 1241 1955 ergo
1287 1902 1410 1939 num
1440 1901 1564 1940 vere
1607 1886 1834 1954 pastoris
1864 1885 2054 1954 praefe-

476 1988 686 2032 cturam
734 1978 1007 2043 obtineat,
1040 1993 1166 2035 num
1215 1992 1341 2032 vere
1370 1993 1499 2031 oves
1525 1978 1740 2047 diligat,
1776 1992 1899 2030 num
1930 1991 2054 2030 vere

476 2072 651 2141 gregis
667 2086 849 2124 amans
862 2072 949 2133 sit,
971 2081 1024 2124 ut
1040 2070 1306 2126 discamus
1322 2087 1440 2124 eum
1459 2070 1617 2125 etiam
1637 2078 1904 2140 pastorem
1922 2069 2056 2123 dile-

484 2164 665 2219 xisse:
699 2162 824 2217 illud
853 2163 994 2217 enim
1030 2162 1186 2231 hujus
1207 2176 1327 2217 esse
1363 2173 1733 2233 argumentum
1776 2162 1930 2217 dixit.
1959 2162 2057 2216 Hic

477 2254 655 2324 itaque
685 2254 872 2313 Petrus
897 2297 912 2322 ,
944 2266 1219 2326 pestquam
1259 2257 1436 2310 omnia
1472 2271 1565 2310 sua
1608 2255 1909 2325 abjecerat,
1945 2264 2060 2313 rete

475 2362 671 2417 nctnpe
697 2356 750 2402 et
768 2364 1116 2418 qnmcumquc
1139 2350 1188 2402 in
1214 2351 1451 2404 navicula
1474 2359 1647 2414 erant,
1671 2350 1869 2405 relictis
1901 2346 2054 2415 mari,

478 2449 596 2495 arte
623 2448 677 2493 et
695 2440 873 2493 domo.
897 2440 973 2494 Ne
995 2455 1155 2508 porro
1175 2440 1531 2504 attendamus,
1551 2439 1665 2499 haec
1688 2455 1851 2510 pauca
1873 2440 2059 2506 fuisse,

480 2531 574 2586 sed
603 2530 716 2586 haec
740 2532 918 2586 omnia
952 2532 1087 2585 bona
1124 2547 1217 2586 sua
1247 2532 1534 2599 exstitisse,
1562 2533 1781 2603 ejusque
1809 2531 2058 2587 alacrita-

480 2630 586 2677 tem
620 2622 911 2677 laudemus.
932 2623 1061 2682 Nam
1085 2638 1147 2679 ea
1177 2638 1296 2693 quae
1316 2624 1450 2679 duos
1472 2624 1718 2679 denarios
1734 2624 2056 2695 coniecerat,

479 2730 587 2770 non
623 2730 866 2783 magnam
900 2718 1242 2784 pecuniarum
1293 2718 1488 2775 molem
1528 2718 1809 2787 deposuit,
1840 2718 1933 2773 sed
1977 2718 2058 2772 in-

478 2814 666 2875 gentes
692 2806 854 2859 studii
885 2811 964 2859 sui
990 2808 1200 2862 divitias
1238 2809 1506 2875 Ostendit,
1531 2810 1975 2880 quemadmodum
2004 2819 2059 2866 et

482 2896 568 2951 hic
591 2896 642 2950 in
671 2912 858 2967 magna
890 2908 1197 2967 paupertate
1226 2899 1493 2970 ingentem
1533 2902 1821 2956 alacritatis
1849 2903 2056 2971 cepiam

480 2987 725 3057 prailmit.
755 2990 907 3058 Quod
934 2992 1075 3046 enim
1099 2992 1249 3047 alteri
1281 3003 1433 3046 erant
1453 2995 1671 3063 praedia,
1702 2996 1863 3061 servi,
1892 2995 2056 3062 mdes,

479 3099 686 3147 aurum,
709 3084 811 3139 hoc
840 3084 913 3138 illi
955 3095 1107 3143 erant
1138 3086 1301 3152 retia,
1334 3102 1481 3142 mare
1503 3130 1518 3153 ,
1550 3103 1639 3143 ars
1659 3131 1672 3153 ,
1700 3089 1959 3144 navicula.
1986 3088 2061 3144 Ne

482 3175 662 3245 itaque
692 3174 793 3231 hoc
832 3176 1168 3233 attendamus
1190 3221 1203 3243 ,
1237 3195 1302 3231 an
1342 3194 1509 3249 pauca
1535 3180 1840 3251 reliquerit,
1873 3181 1965 3236 sed
1994 3198 2059 3236 an

483 3268 664 3327 omnia
687 3269 982 3337 reliquerit.
1008 3269 1137 3324 Nam
1171 3271 1221 3325 id
1250 3272 1388 3341 quod
1431 3274 1690 3343 quaeritur
1719 3284 1829 3340 est,
1859 3292 1964 3331 non
1993 3292 2059 3330 an

483 3374 673 3430 magna
703 3375 769 3414 an
797 3376 956 3429 parva
982 3361 1307 3432 deponeret,
1338 3365 1429 3419 sed
1477 3380 1543 3419 an
1575 3366 1708 3420 nihil
1756 3367 1934 3426 minus
1981 3369 2063 3423 in-

485 3450 669 3515 ferret,
701 3470 858 3522 qttam
889 3454 1087 3510 inferre
1115 3468 1314 3528 posset.
1344 3457 1608 3514 Omnibus
1632 3459 1809 3530 itaque
1830 3461 2055 3528 relictis,

485 3547 674 3614 patria,
700 3547 882 3612 domo,
910 3549 1095 3603 amicis
1119 3590 1133 3612 ,
1161 3552 1430 3620 cognatis,
1465 3552 1571 3605 imo
1588 3552 1708 3621 ipsa
1729 3555 2013 3609 securitate
2044 3564 2059 3608 :

483 3655 607 3693 nam
637 3640 736 3694 hoc
764 3641 923 3695 modo
942 3642 1191 3711 p0pulum
1214 3642 1491 3699 Iudaicum
1519 3644 1616 3699 sibi
1645 3645 1914 3699 inimicum
1936 3646 2063 3700 red-

485 3732 617 3785 didit
642 3750 656 3785 :
689 3731 811 3785 Iam
832 3734 966 3787 enim
986 3775 1003 3799 ,
1028 3734 1199 3804 inquit
1225 3775 1240 3800 ,
1271 3737 1679 3806 conspirauerunt
1703 3735 1875 3792 Judaei
1895 3778 1909 3803 ,
1937 3746 1990 3789 ut
2019 3736 2065 3793 si

484 3824 598 3893 quis
625 3841 736 3878 eum
772 3828 1095 3894 conﬁteretur
1122 3844 1228 3882 esse
1263 3827 1517 3883 Christum
1540 3868 1555 3892 ,
1580 3837 1723 3882 extra
1758 3844 2068 3899 synagogam

488 3918 628 3983 ﬁeret
659 3918 839 3988 (Joon.
870 3921 922 3975 9.
954 3919 1083 3991 22).
1134 3920 1288 3980 Unde
1318 3923 1486 3990 palam
1520 3922 1574 3975 lit
1594 3964 1607 3984 .
1641 3937 1763 3979 eum
1790 3937 1888 3977 nec
1911 3921 2067 3977 dubi-

490 4020 633 4064 tassc
656 4049 673 4074 ,
706 4028 805 4069 nec
837 4013 1073 4068 timuisse
1120 4016 1263 4068 circa
1298 4030 1519 4085 regnum
1554 4016 1806 4069 cmlorum
1834 4032 1849 4081 ;
1880 4016 1971 4070 sed
1998 4017 2067 4070 de

490 4102 583 4154 illo
604 4094 888 4157 admodum
916 4120 1228 4173 persuasum
1259 4104 1441 4167 fuisse,
1466 4116 1627 4176 atque
1656 4122 1720 4161 ex
1745 4106 1857 4176 ipsa
1887 4121 2065 4161 rerum

489 4193 952 4251 deutonstratinue
978 4238 991 4259 ,
1021 4195 1129 4250 imo
1169 4206 1293 4251 ante
1331 4212 1508 4252 rerum
1555 4198 2065 4252 demonstrationem

490 4302 556 4340 ex
575 4284 867 4341 Salvatoris
891 4302 1021 4341 voce
1051 4287 1343 4342 credidisse
1366 4328 1380 4351 ,
1414 4302 1472 4342 se
1502 4288 1676 4357 ipsum
1700 4291 1920 4343 omnino
1948 4304 2070 4359 pos-

494 4391 771 4431 sessorum
812 4392 953 4433 esse.
1006 4377 1138 4434 Cum
1168 4379 1392 4436 dixisset
1416 4380 1557 4435 enim
1583 4422 1596 4441 ,
1626 4380 1737 4434 Nos
1780 4384 2069 4450 retiquimus

492 4470 682 4535 omnia,
728 4479 775 4524 et
800 4472 994 4541 sequuti
1019 4488 1190 4525 sumus
1215 4481 1280 4535 te,
1303 4472 1424 4542 quid
1450 4474 1541 4526 erit
1585 4473 1773 4526 nobis?
1802 4473 2074 4543 respondit

493 4562 573 4616 eis
597 4561 843 4616 Christus
872 4578 885 4615 :
922 4563 1172 4618 Sedebitis
1204 4581 1354 4635 super
1380 4564 1641 4625 duodecim
1670 4566 1898 4627 thronos,
1936 4566 2075 4634 Ῑαιιίς

492 4660 664 4705 cantes
702 4652 964 4707 duodecim
1004 4654 1159 4709 tribus
1187 4654 1350 4710 Israel
1367 4654 1577 4725 (Matth.
1606 4655 1792 4712 19.27.
1812 4655 1925 4725 9.8).
1952 4657 2075 4712 llaec

498 4754 659 4810 porro
686 4743 921 4812 praemisi
941 4785 955 4809 ,
986 4757 1044 4800 ut
1069 4762 1190 4801 cum
1234 4748 1405 4817 ipsum
1436 4762 1532 4816 pro
1559 4747 1832 4801 conservis
1858 4749 2072 4809 anxium

496 4835 788 4890 ostendero
811 4878 825 4901 ,
852 4850 920 4890 ne
961 4836 1109 4892 dicas
1136 4839 1312 4908 ipsum
1355 4840 1457 4892 sibi
1495 4839 1760 4900 timuisse.
1796 4839 2073 4904 Quomodo

498 4930 641 4984 enim
681 4928 984 4994 timuisset,
1015 4941 1295 5000 postquam
1325 4934 1368 4985 is
1408 4930 1497 5001 qui
1527 4932 1697 5000 ipsum
1724 4939 2077 4985 coronatnrus

497 5033 643 5087 erat,
674 5024 994 5077 sententiam
1039 5024 1232 5077 tulerat
1270 5024 1341 5078 de
1386 5040 1583 5079 corona
1630 5033 1685 5078 et
1724 5023 1790 5078 de
1844 5026 2076 5094 prmmiis

497 5117 599 5187 ipsi
632 5115 1021 5170 conferendis?
1050 5115 1144 5169 llic
1177 5115 1357 5185 itaque
1384 5116 1601 5177 l‘ctrus,
1629 5118 1720 5184 qui
1747 5118 1924 5171 omnia
1954 5119 2076 5170 reli-

499 5216 709 5276 querat,
746 5207 833 5277 qui
862 5206 1164 5262 conﬁdebat
1186 5208 1252 5261 de
1283 5224 1444 5279 regno
1472 5210 1722 5263 cmlorum
1747 5249 1760 5272 ,
1793 5210 2078 5263 accedente

502 5296 792 5369 aliquando
831 5302 998 5357 divite
1026 5302 1256 5372 quodam
1280 5344 1293 5364 ,
1327 5318 1388 5355 ac
1414 5303 1624 5357 dicente
1678 5302 1776 5372 ipsi
1823 5301 2036 5356 Christo
2060 5342 2077 5368 ,

504 5396 639 5462 Quid
680 5410 865 5465 [actam
912 5406 967 5450 ut
1013 5406 1165 5451 vitam
1206 5407 1444 5450 wternam
1496 5397 1764 5449 hereditate
1808 5413 2082 5466 consequar

501 5487 715 5557 (Matth.
750 5489 836 5544 19.
873 5489 1007 5558 16)?
1034 5504 1152 5544 cum
1176 5489 1541 5556 respondisset
1566 5491 1615 5543 ei
1640 5487 1902 5547 Christus.
1928 5490 1987 5544 Si
2007 5494 2081 5544 vis

502 5585 751 5649 perlectus
776 5599 900 5650 esse,
923 5584 1067 5651 vade,
1100 5588 1255 5638 vende
1279 5584 1448 5637 antnia
1475 5599 1587 5649 qua:
1611 5584 1781 5649 habes,
1805 5594 1849 5638 et
1878 5583 1944 5637 da
1965 5601 2083 5642 aau-

509 5676 723 5739 ueribus,
755 5686 799 5729 et
825 5681 955 5743 veni,
982 5695 1185 5744 sequere
1212 5693 1289 5731 me
1317 5676 1474 5747 (Ibid.
1508 5694 1555 5731 ιε.
1580 5677 1697 5746 21);
1726 5677 1916 5732 deinde
1953 5677 2040 5731 ubi
2060 5716 2078 5741 ,

509 5762 601 5820 illo
652 5769 865 5825 tristitia
913 5771 1146 5839 affecto,
1194 5770 1436 5827 Christus
1493 5771 1769 5841 discipulis
1831 5771 2077 5836 dixerat,

518 5856 691 5915 Videte
734 5880 883 5932 quam
922 5867 1122 5936 di/ﬁcile
1159 5868 1334 5923 divites
1378 5867 1727 5939 ingrediantur
1770 5868 1821 5918 in
1872 5880 2077 5933 regnum

1174 376 1232 432 S.
1271 373 1546 432 JOANNIS
1582 365 2058 427 CHRYSOSTOMI
2098 367 2414 431 ARCIIIEP.
2440 373 2968 436 CONSTANTINOP.

3622 390 3728 446 97S

2149 484 2386 539 (telorum
2408 503 2427 541 :
2447 504 2614 557 amen,
2637 508 2782 547 amen
2812 495 2926 549 dico
2950 498 3084 552 vobis
3112 539 3126 561 ,
3158 504 3359 573 facilius
3384 516 3458 560 est
3483 518 3731 565 cometam

2154 596 2241 647 per
2288 583 2516 650 foramen
2560 600 2680 640 acus
2729 589 2958 658 ingredi,
2995 607 3144 661 quant
3180 597 3380 652 divitem
3425 601 3476 653 in
3522 619 3731 672 regnum

2153 671 2248 725 Dei
2291 674 2503 743 (Matth.
2544 679 2633 734 19.
2681 679 2774 748 94)
2806 698 2819 734 :
2848 682 3037 739 Petrus
3087 687 3344 745 bonorum
3393 671 3729 763 possessione

2152 782 2383 834 vacuus,
2414 771 2502 841 qui
2531 772 2598 827 de
2641 789 2805 842 regno
2849 778 3178 845 conﬁdebat,
3207 784 3295 851 qui
3332 785 3398 839 de
3436 802 3527 843 sua
3558 793 3729 846 salute

2154 875 2257 912 non
2322 862 2573 929 timebat;
2632 868 2831 922 certior
2898 868 3068 925 factus
3118 871 3184 928 de
3227 874 3429 933 honore
3473 880 3570 934 sibi
3622 883 3729 937 illic

2153 952 2432 1019 reposito,
2491 952 2573 1009 his
2620 957 2813 1013 auditis
2858 959 3102 1029 dicebat,
3165 964 3289 1031 Quis
3339 971 3515 1037 poterit
3562 976 3730 1029 salvus

2153 1057 2260 1096 esse
2288 1042 2449 1109 (Ibid.
2477 1062 2527 1099 υ.
2561 1047 2651 1117 25)
2677 1048 2702 1102 'l
2724 1049 2857 1115 Quid
2890 1051 3043 1107 times
3067 1095 3080 1117 ,
3114 1071 3148 1110 ο
3193 1058 3347 1113 beate
3374 1060 3567 1116 Petre?
3605 1065 3731 1133 quid

2156 1138 2550 1209 vereris‘tquid
2594 1144 2858 1212 trepidas?
2900 1144 3088 1203 Omnia
3128 1149 3404 1219 abiecisti,
3442 1156 3620 1211 omnia
3647 1157 3730 1212 di-

2155 1229 2344 1284 misisti
2371 1247 2385 1295 ;
2414 1231 2481 1286 de
2509 1231 2760 1289 divitibus
2786 1245 2868 1291 est
2896 1254 3098 1306 sermo,
3126 1243 3269 1311 quod
3299 1244 3495 1301 dicitur
3523 1247 3731 1305 illorum

2156 1328 2241 1373 est
2280 1323 2549 1378 accusatio
2579 1335 2675 1379 :tu
2705 1343 2831 1383 vero
2861 1329 2912 1383 in
2939 1345 3253 1401 paupertate
3282 1345 3337 1391 et
3371 1339 3545 1408 inopia
3574 1342 3733 1397 vitam

2156 1410 2288 1481 agis.
2325 1412 2539 1479 Verum,
2575 1416 2741 1487 inquit
2768 1420 2854 1474 ille
2878 1462 2891 1481 ,
2917 1438 3023 1477 non
3052 1440 3112 1479 ea
3145 1442 3262 1496 quae
3294 1429 3361 1485 ad
3387 1446 3472 1485 me
3496 1445 3738 1501 spectant

2157 1503 2393 1564 attendo,
2423 1506 2515 1559 sed
2545 1509 2771 1565 aliorum
2809 1515 3089 1571 utilitatem
3135 1534 3337 1587 quaero.
3372 1522 3500 1577 ideo
3529 1525 3596 1580 de
3626 1531 3737 1584 suis

2159 1595 2323 1651 rebus
2376 1598 2567 1654 liducia
2608 1603 2830 1672 plenus,
2857 1606 2925 1664 de
2954 1610 3177 1665 aliorum
3224 1616 3394 1671 salute
3432 1620 3738 1678 sciscitaba—

2158 1697 2264 1754 tur,
2291 1689 2495 1760 dicens,
2514 1694 2638 1761 Quis
2660 1708 2822 1767 potest
2842 1701 3011 1755 salvus
3031 1720 3135 1757 esse
3150 1707 3177 1759 7

2230 1782 2283 1836 5.
2317 1782 2510 1839 Paulus
2537 1788 2600 1840 de
2625 1800 2935 1857 posterorum
2964 1796 3226 1855 animabus
3261 1801 3525 1856 sollicitus.
3549 1836 3620 1845 —
3643 1807 3733 1861 Vi-

2159 1877 2339 1934 distin‘
2369 1884 2728 1951 apostolorum
2779 1888 3233 1946 sollicitudinem?
3262 1899 3532 1964 quomodo
3576 1918 3744 1963 unum

2158 1971 2270 2025 sint
2306 1978 2543 2044 corpus?
2572 1976 2805 2033 vidistin’
2846 1996 2951 2050 quo
2981 1995 3134 2051 pacto
3175 1997 3226 2039 et
3258 2002 3354 2056 pro
3385 1994 3739 2057 pra-sentibus

2158 2072 2211 2117 et
2238 2079 2334 2139 pro
2358 2066 2547 2127 futuris
2572 2068 2783 2124 timeret
2809 2071 3036 2127 Petrus?
3060 2061 3147 2129 Sic
3172 2077 3329 2132 etiam
3359 2079 3571 2136 Paulus.
3600 2083 3741 2150 Qua.

2162 2166 2381 2226 propter
2408 2158 2661 2214 dicebat:
2701 2162 2927 2231 Scitote,
2978 2167 3114 2235 quod
3150 2168 3201 2222 in
3242 2172 3522 2226 novissimis
3566 2175 3741 2236 diebus

2160 2259 2306 2304 erunt
2345 2260 2571 2323 tempora
2598 2256 2771 2326 grauia
2798 2257 2889 2328 (2.
2912 2257 3045 2313 Tim.
3071 2263 3122 2317 5.
3155 2263 3240 2332 1).
3284 2263 3512 2335 ldipsum
3544 2270 3652 2337 agit
3685 2280 3738 2324 et

2160 2341 2309 2397 alibi.
2336 2346 2564 2411 Quando
2590 2348 2735 2421 enim
2766 2365 2833 2404 ex
2863 2352 2984 2405 Asia
3014 2352 3343 2410 discessurus
3367 2371 3499 2421 erat,
3533 2368 3585 2413 et
3628 2361 3738 2414 lto-

2162 2449 2304 2488 mam
2331 2436 2484 2505 depon
2502 2420 2716 2506 tandus,
2748 2441 2978 2513 indeque
3005 2443 3058 2498 in
3085 2447 3279 2500 cmlum
3307 2420 3734 2505 transferendus:

2162 2538 2310 2583 mors
2339 2528 2534 2597 quippe
2562 2540 2866 2587 sanctorum
2897 2548 3041 2590 mors
3065 2552 3168 2590 nou
3195 2546 3309 2603 est,
3342 2540 3432 2594 sed
3462 2542 3747 2596 translatio

2161 2630 2195 2668 a
2225 2626 2363 2673 terra
2391 2617 2442 2678 in
2473 2620 2663 2678 caelum
2685 2664 2700 2688 ,
2735 2638 2768 2677 a
2795 2624 3149 2681 deterioribus
3178 2626 3247 2683 ad
3271 2631 3517 2695 meliora,
3551 2647 3579 2684 a
3607 2648 3738 2686 eon-

2162 2711 2331 2765 servis
2357 2711 2423 2765 ad
2453 2713 2732 2769 Dominum
2752 2758 2766 2781 ,
2805 2718 2873 2771 ab
2901 2719 3203 2776 hominibus
3232 2722 3297 2777 ad
3334 2724 3549 2791 angelos
3579 2744 3592 2779 :
3619 2728 3748 2796 quia

2166 2801 2326 2872 igitur
2349 2802 2589 2860 abiturus
2613 2821 2729 2861 erat
2755 2809 2819 2862 ad
2846 2812 3081 2871 omnium
3110 2812 3385 2867 Dominum
3411 2816 3598 2881 Deum,
3626 2833 3740 2872 om-

2164 2895 2248 2948 nia
2274 2910 2393 2965 qua:
2418 2896 2482 2951 ad
2508 2897 2681 2968 ipsum
2718 2903 3050 2968 pertinebant
3089 2904 3249 2973 probe
3273 2906 3613 2975 dispensavit.
3646 2909 3740 2963 Et-

2163 2988 2304 3042 enim
2336 3001 2535 3057 quanto
2573 2999 2811 3060 tempore
2838 3010 2956 3050 cum
2988 2996 3260 3064 discipulis
3292 2998 3419 3064 fuit,
3450 3017 3567 3054 cum
3597 3002 3743 3063 omni

2164 3078 2437 3151 diligentia
2466 3081 2764 3139 doctrinam
2798 3086 2924 3155 ipsis
2955 3087 3260 3157 impertivit,
3293 3106 3355 3145 ac
3380 3090 3512 3146 dixit
3550 3110 3562 3146 :
3590 3092 3742 3146 Mun-

2164 3172 2261 3228 dus
2288 3192 2400 3228 sum
2429 3193 2460 3227 a
2488 3178 2731 3247 sanguine
2774 3181 2995 3233 omnium
3029 3181 3174 3251 (Act.
3206 3183 3295 3237 ‘20.
3322 3183 3463 3253 26);
3508 3184 3753 3255 nihilque

2167 3270 2515 3337 prmtermisi,
2546 3271 2731 3340 inquit,
2772 3288 2954 3327 eorum
2996 3291 3112 3342 qua:
3148 3275 3214 3329 ad
3254 3277 3476 3333 salutem
3515 3278 3741 3332 admini-

2166 3360 2382 3415 stranda
2423 3372 2594 3417 erant.
2643 3362 2778 3437 Quid
2823 3365 3024 3435 igitur?
3071 3376 3349 3437 postquam
3393 3383 3486 3423 sua
3532 3369 3586 3423 in
3634 3380 3758 3425 tuto.

2167 3454 2553 3521 collocaverat,
2599 3472 2718 3512 cum
2763 3460 3000 3514 accusari
3046 3476 3079 3515 a
3117 3461 3346 3517 Domino
3391 3480 3495 3517 non
3543 3474 3753 3535 posset,

2166 3546 2306 3603 circa
2349 3561 2410 3603 ea
2453 3563 2571 3616 quae
2613 3549 2679 3602 ad
2723 3550 2843 3603 vita:
2872 3565 2981 3605 suae
3027 3561 3232 3623 tempus
3277 3555 3647 3625 pertinebant,
3678 3574 3755 3612 an.

2171 3638 2404 3706 negti-xit
2427 3639 2638 3694 animas
2666 3650 2781 3708 post
2810 3641 3049 3697 futuras?
3076 3642 3418 3715 Nequaquam
3445 3664 3459 3701 :
3482 3647 3574 3701 sed
3598 3649 3756 3716 quasi.

2170 3726 2236 3782 de
2268 3728 2370 3782 illis
2398 3730 2556 3783 etiam
2586 3731 2845 3789 rationem
2876 3732 3126 3798 daturus,
3154 3737 3231 3791 sic
3261 3747 3317 3790 et
3346 3737 3432 3790 illa
3457 3752 3578 3791 cum
3603 3739 3751 3791 «nimi

2170 3822 2507 3876 accnratione
2533 3822 2668 3877 dixit
2691 3824 2787 3889 eis,
2816 3836 2871 3879 et
2902 3826 3034 3889 hmc,
3063 3842 3181 3895 quae
3206 3843 3315 3896 1am
3345 3830 3601 3899 legemus,
3628 3845 3746 3882 ver-
3800 3870 3817 3887 .

2169 3911 2235 3967 ba
2263 3929 2275 3963 :
2298 3912 2569 3979 Attendite,
2601 3915 2789 3983 inquit,
2819 3916 2955 3974 uobis
2981 3918 3101 3986 ipsis
3121 3929 3167 3972 et
3192 3922 3420 3973 universo
3440 3924 3581 3988 gregi
3606 3922 3742 3985 (Act.

2170 4003 2259 4057 20.
2288 4003 2417 4075 28).
2448 4004 2692 4062 Vidistin’
2730 4017 2983 4075 quantum
3025 4010 3239 4063 illorum
3269 4011 3419 4065 sollic
3444 4010 3622 4063 tudine
3647 4012 3745 4064 de-

2172 4098 2381 4151 vinctus
2408 4099 2593 4153 esset?
2638 4098 2768 4153 Nam
2813 4101 3004 4170 singuli
3044 4113 3281 4157 nostrum
3322 4119 3440 4173 qua:
3487 4119 3577 4157 sua
3625 4116 3748 4159 sunt

2172 4200 2388 4255 curant,
2422 4191 2513 4246 ille
2537 4207 2664 4246 vero
2692 4194 3007 4263 prmpositus
3048 4210 3166 4269 quae
3208 4195 3273 4249 ad
3319 4210 3503 4249 omnes
3543 4206 3749 4265 specta-

2176 4281 2320 4335 bant.
2371 4282 2723 4348 Qnamobrem
2768 4283 2837 4339 de
2879 4284 3185 4339 doctoribus
3233 4286 3302 4339 ait
3343 4302 3354 4338 :
3402 4284 3502 4350 Qui
3543 4288 3759 4356 vigilant

2175 4388 2324 4442 super
2348 4376 2541 4428 animos
2571 4386 2757 4429 uestros
2777 4416 2791 4441 ,
2838 4394 2978 4438 quasi
3006 4378 3249 4431 rationem
3274 4379 3522 4435 reddituri
3554 4379 3753 4449 (Hebr.

2178 4467 2264 4520 15.
2299 4465 2423 4529 17).
2459 4466 2812 4523 Fortnidabtle
2839 4482 3023 4524 revera
3055 4468 3302 4526 iudicium
3325 4510 3338 4529 .
3370 4485 3489 4525 cum
3522 4486 3620 4540 pro
3646 4481 3761 4525 tam.

2178 4556 2375 4626 ingenti
2403 4558 2595 4626 p0pulo
2622 4561 2852 4613 rationes
2879 4567 3004 4612 sunt
3031 4558 3315 4613 reddenda:
3345 4578 3358 4614 .'
3389 4561 3503 4626 sed,
3530 4569 3581 4614 ut
3609 4561 3752 4616 dice-

2179 4651 2300 4706 bam
2320 4693 2333 4713 ,
2367 4652 2494 4719 ipsis
2517 4652 2701 4706 accitis
2727 4651 2799 4706 ait
2826 4668 2840 4703 :
2863 4652 3115 4707 Attendite
3138 4653 3276 4709 vobis
3302 4654 3424 4722 ipsis
3452 4664 3498 4708 et
3525 4658 3758 4710 universo

2178 4744 2336 4813 gregi,
2378 4746 2429 4796 iu
2470 4760 2567 4813 quo
2605 4760 2690 4796 vos
2730 4743 2953 4806 Spiritus
2993 4754 3199 4798 sanctus
3237 4750 3404 4813 posuit
3441 4757 3670 4814 pastores
3710 4759 3757 4805 οι

2180 4836 2440 4903 (pist‘opos
2465 4835 2598 4901 (Act.
2622 4834 2849 4902 20.28).
2891 4834 3024 4900 Quid
3068 4834 3259 4889 tinctum
3286 4840 3410 4890 est?
3450 4852 3545 4892 cur
3576 4840 3757 4893 horta.-

2181 4926 2297 4981 ris?
2338 4945 2405 4981 an
2444 4928 2566 4997 quid
2610 4945 2768 4997 grave
2799 4930 3098 4998 praevides?
3127 4947 3192 4983 an
3238 4930 3363 4999 quid
3393 4935 3583 4986 durum
3629 4948 3756 5002 pro-

2182 5021 2384 5088 apicis?
2408 5036 2473 5073 an
2503 5020 2649 5089 quod
2683 5021 2971 5084 periculum
3002 5021 3261 5085 imminet,
3293 5039 3364 5076 an
3389 5039 3507 5092 qua:
3536 5026 3757 5079 calami-

2186 5122 2287 5174 tas,
2317 5128 2381 5165 an
2426 5112 2667 5167 bellum?
2715 5113 2826 5179 Dic,
2872 5129 3092 5175 tnta-so:
3126 5128 3247 5167 nam
3287 5115 3442 5168 altior
3475 5115 3630 5170 nobis
3657 5131 3756 5171 es:

2184 5221 2283 5260 nec
2307 5207 2588 5267 prmsentia
2609 5207 2770 5263 modo
2791 5208 2956 5269 vides.
2982 5207 3074 5261 sed
3100 5207 3257 5261 etiam
3281 5207 3449 5262 futura
3475 5210 3754 5279 praevides.

2185 5297 2285 5356 Dic
2308 5294 2464 5365 igitur
2486 5316 2583 5355 cur
2605 5300 2716 5355 hmc
2742 5301 3019 5371 praecipias
3044 5310 3097 5356 et
3123 5300 3374 5356 horteris.
3403 5302 3543 5367 Seio,
3572 5306 3758 5371 inquit,

2184 5403 2315 5465 quod
2345 5404 2455 5460 post
2490 5395 2838 5449 discessionem
2877 5412 3039 5448 meam
3067 5396 3324 5448 intrabunt
3352 5411 3403 5447 ιη
3427 5411 3627 5463 gregem
3655 5398 3761 5462 lupi

2184 5503 2359 5556 graves
2389 5486 2547 5556 (Ibid.
2575 5502 2624 5540 υ.
2646 5486 2759 5545 29).
2794 5485 2976 5540 Videu’
3001 5485 3142 5555 quod
3170 5485 3408 5541 dicebant
3428 5526 3443 5550 ,
3493 5486 3766 5554 quomodo

2185 5597 2291 5634 non
2322 5582 2387 5635 de
2416 5580 2483 5635 iis
2507 5579 2679 5635 selum
2710 5579 2800 5649 qui
2829 5595 2927 5635 suo
2958 5590 3195 5648 tempore
3224 5589 3376 5635 erant
3402 5581 3592 5633 anxius
3620 5586 3763 5632 esset

2185 5682 2241 5726 et
2288 5673 2514 5733 timeret.
2558 5672 2649 5725 scd
2682 5674 2842 5726 etiam
2890 5671 2957 5725 de
3002 5672 3065 5724 iis
3095 5673 3182 5740 qui
3216 5679 3333 5734 post
3378 5668 3755 5723 discessionem

2187 5767 2349 5832 ipsius
2381 5763 2541 5817 futuri
2567 5773 2737 5817 erant.
2782 5761 3051 5816 Intrabunt
3078 5764 3213 5814 enim
3242 5763 3349 5827 lupi
3368 5801 3381 5824 ,
3411 5762 3619 5829 inquit;
3661 5776 3756 5813 ne-

2190 5873 2293 5928 que
2334 5856 2639 5925 simpliciter
2663 5894 2678 5922 ,
2716 5854 2888 5926 Lupi,
2918 5853 3011 5910 sed
3039 5854 3198 5909 etiam
3240 5850 3370 5921 Lupi
3411 5865 3618 5921 graues,
3657 5865 3759 5905 non
