4054 6320
311 363 428 423 275

323 497 426 549 καὶ
458 486 570 561 τῆς
589 492 945 558 συντελείας
964 492 1070 546 τοῦ
1090 492 1341 559 αὶῶνος;
1369 489 1522 557 Εἶδες
1543 494 1825 555 κάκείνους
1847 492 1946 544 ύπὲ
1954 511 1985 563 ρ

324 584 426 652 τῆς
460 580 771 642 συντελείας
805 578 900 633 τοῦ
949 580 1143 639 αἰῶνος
1173 581 1512 651 ἐρωτῶντας,
1562 582 1654 634 καὶ
1696 580 1837 651 ὑπὲρ
1880 580 2003 649 τῶν,

328 670 606 738 ἐσομένων
648 667 953 738 ἀνθρώπων
991 668 1403 738 φροντίζοντας;
1439 670 1514 722 Οὐ
1551 669 1659 738 γὰρ
1694 669 1762 721 τὰ
1784 667 1990 720 ἑαυτῶν

326 758 531 829 ὁρῶσιν
557 758 607 808 οί
634 754 941 820 ἀπόστολοι,
975 755 1109 808 ἀλλά
1140 756 1209 808 τὰ
1237 756 1346 808 τῶν
1367 756 1539 810 ἄλλων
1567 756 1663 809 καὶ
1682 759 1833 827 κοινῇ
1857 756 1990 808 πάν-

328 866 421 912 τες
458 848 554 901 καὶ
606 847 711 917 ἰδίᾳ
755 846 1003 908 ἕκαστος.
1055 845 1114 898 '0
1153 842 1246 899 οὖν
1292 846 1496 917 Πέτρος
1525 848 1553 898 6
1577 849 1865 917 κορυφαῖος
1896 844 1990 897 τοῦ

331 937 519 1009 χοροῦ,
541 936 603 988 16
628 936 800 1005 στόμα
826 935 935 987 τῶν
964 934 1274 987 ἀποστόλων
1304 935 1578 1001 ἁπάντων,
1603 935 1637 1006 ἡ
1662 935 1871 1004 κεφαλὴ
1894 935 1992 1005 τῆς

332 1025 563 1097 φατρίας
595 1024 829 1091 ἐκείνης,
859 1025 887 1076 6
913 1024 1011 1091 τῆς
1046 1023 1365 1093 οἰκουμένης
1401 1024 1617 1093 ἀπάσης
1662 1023 1988 1093 προστάτης,

330 1115 361 1165 ὁ
395 1112 643 1182 θεμέλιος
678 1111 777 1179 τῆς
812 1109 1155 1177 Ἐκκλησίας,
1179 1111 1207 1162 ὀ
1232 1108 1430 1179 θερμὸς
1456 1107 1687 1179 ἐραστὴς
1721 1108 1814 1159 τοῦ
1858 1109 1984 1176 Χριι

335 1200 498 1254 στοῦ·
545 1199 744 1265 Πέτρε,
784 1197 912 1267 γὰρ,
947 1198 1101 1267 φησὶ,
1133 1196 1327 1265 φιλεῖς
1361 1213 1438 1264 με
1484 1195 1695 1249 πλεῖον
1733 1196 1992 1257 tacitam;

333 1289 434 1342 Διά
456 1287 612 1340 τοῦτο
631 1286 775 1353 λέγω
798 1284 868 1337 τὰ
890 1282 1160 1353 ἐγκώμια,
1192 1284 1278 1337 ἵνα
1312 1284 1517 1354 μάθητε
1547 1284 1627 1336 ὅτι
1664 1285 1830 1345 ὅντως
1852 1282 1995 1350 φιλεῖ

332 1376 427 1428 τὸν
457 1374 717 1445 Χριστόν-
749 1370 843 1424 τοῦ
887 1372 995 1441 γάρ
1026 1356 1105 1432 εἰς
1144 1371 1235 1423 τὸν
1266 1371 1541 1441 Δεσπότην
1574 1370 1792 1442 φίλτρου
1829 1372 1861 1441 ἡ
1891 1387 1993 1439 κη-

333 1461 557 1531 δεμονία
585 1460 693 1513 τῶν
720 1458 918 1512 δούλων
944 1457 1240 1529 τεκμήριόν
1279 1459 1395 1511 ἐστι
1439 1459 1712 1528 μέγιστον.
1753 1458 1862 1511 Καὶ
1894 1458 1993 1509 οὐκ

334 1549 449 1615 ἐγὼ
485 1547 657 1601 ταῦτα
705 1546 867 1613 λέγω,
915 1545 1029 1598 ἀλλ’
1066 1545 1226 1606 αὐτὸς
1267 1545 1295 1596 ὀ
1330 1544 1646 1613 φιλούμενος
1680 1544 1954 1613 Δεσπότης
1978 1560 1991 1572 ’

333 1638 407 1690 El
440 1634 633 1702 φιλεῖς
673 1650 768 1702 με,
797 1632 948 1703 φησὶ,
984 1632 1261 1701 ποίμαινε
1299 1631 1371 1684 τὰ
1396 1630 1656 1700 πρόϐατά
1680 1649 1819 1700 μου.
1846 1630 1995 1682 Ἰδω-

339 1738 440 1793 μεν
473 1718 563 1776 οὖν
604 1721 774 1784 ὅντως
822 1722 870 1773 εί
913 1720 1167 1789 ποιμένος
1214 1718 1363 1791 [283]
1399 1719 1507 1789 ἔχει
1547 1717 1899 1790 προστασίαν,
1945 1718 1993 1770 εί

332 1811 504 1871 ὅντως
535 1808 878 1881 κηδεμονίαν,
907 1810 953 1860 εί
981 1806 1148 1870 ὅντως
1178 1806 1323 1874 φιλεῖ
1358 1806 1427 1861 τὰ
1458 1805 1721 1878 πρόϐατα,
1750 1808 1796 1858 εἰ
1827 1804 1993 1867 ὅντως

336 1892 696 1964 φιλόστοργός
730 1894 847 1945 ἐστι
875 1891 1004 1963 περὶ
1029 1893 1127 1961 τὴν
1156 1890 1409 1961 ποίμνην,
1459 1891 1545 1943 ἵνα
1592 1890 1992 1961 καταμάθωμεν

332 1984 417 2035 ὅτι
457 1983 550 2035 καὶ
580 1981 674 2034 τὸν
703 1982 937 2050 ποιμένα
969 1980 1146 2049 φιλεῖ*
1182 1978 1341 2032 τοῦτο
1377 1978 1485 2048 γὰρ
1521 1973 1728 2031 ἐκείνου
1772 1979 1995 2048 σημεῖον

334 2070 538 2141 ἔφησεν
570 2063 731 2123 εἶναι.
754 2059 920 2130 Οὗτος
958 2067 1133 2121 τοίνυν
1157 2064 1187 2120 6
1223 2066 1427 2138 Πέτρος
1458 2067 1672 2120 ἅπαντα
1706 2062 1865 2137 ῥίψας
1894 2066 1995 2118 ὅσα

335 2154 474 2226 εἶχε,
502 2157 562 2209 16
585 2156 819 2220 δίκτυον,
852 2155 919 2208 τὰ
953 2155 1011 2207 ἐν
1033 2154 1111 2225 τῷ
1145 2154 1314 2225 πλοίῳ
1345 2155 1540 2219 πάντα,
1587 2156 1681 2207 καὶ
1712 2155 1868 2224 ἀφεὶς
1896 2154 1994 2225 τὴν

338 2246 625 2310 θάλατταν,
652 2245 749 2314 τὴν
774 2242 987 2315 τέχνην,
1026 2243 1125 2312 τὴν
1149 2241 1342 2295 οίκίαν.
1370 2241 1461 2312 Μὴ
1475 2242 1583 2313 γὰρ
1606 2242 1671 2313 δὴ
1691 2242 1848 2294 τοῦτο
1875 2240 1993 2294 ἴδω-

343 2350 466 2401 μεν,
494 2334 575 2386 ὅτι
604 2331 762 2399 ὀλίγα
788 2330 984 2395 ταῦτα,
1020 2328 1131 2381 ἀλλ’
1157 2329 1238 2381 ὅτι
1267 2328 1443 2382 πάντα
1476 2328 1543 2381 τὰ
1585 2328 1713 2382 ὅντα
1733 2347 1746 2363 θ
1779 2329 1873 2381 καὶ
1895 2326 1994 2397 τὴν

337 2418 648 2489 προθυμίαν
681 2416 1072 2486 ἐπαινέσωμεν.
1095 2417 1202 2468 Καὶ
1221 2414 1378 2484 γὰρὴ
1407 2414 1472 2468 τὰ
1494 2414 1587 2469 δύο
1617 2415 1994 2468 καταϐαλοῦσα

338 2507 569 2576 δηνάρια
617 2507 676 2557 οὐ
726 2505 890 2558 πολὺν
936 2506 1095 2571 ὀγκον
1163 2502 1430 2572 κατέθηκε
1487 2502 1802 2573 χρημάτων,
1858 2501 1993 2555 ἀλλά

338 2597 506 2647 πολὺν
552 2594 777 2647 πλοῦτον
810 2592 1120 2658 ἐπεδείξατο
1170 2588 1561 2662 προαιρέσεως,
1609 2590 1860 2659 καθάπερ
1901 2590 1994 2643 καὶ

336 2674 495 2745 οὗτος
542 2683 598 2734 ἐν
641 2680 808 2750 πολλῇ
874 2680 1035 2749 πενία
1085 2678 1325 2749 μεγάλην
1366 2677 1625 2748 εὐπορίαν
1690 2677 1994 2747 προθυμίας

338 2768 661 2838 παρέσχετο.
708 2768 886 2839 Ὅπερ
918 2765 1027 2835 γάρ
1079 2760 1249 2836 ἑτέρῳ
1293 2764 1487 2835 χωρία,
1532 2763 1627 2817 καὶ
1667 2763 1991 2834 ἀνδράποδα,

338 2857 435 2908 καὶ
463 2857 752 2924 οἰκήματα,
808 2854 899 2906 καὶ
948 2851 1187 2923 χρυσίον,
1216 2851 1379 2904 τοῦτο
1423 2853 1613 2921 ἐκείνῳ
1658 2851 1717 2904 τὸ
1760 2851 1990 2915 δίκτυον,

336 2943 436 2996 καὶ⁵
464 2944 499 3013 ἡ
528 2943 781 3002 θάλαττα,
817 2942 911 2994 καλ⁹
947 2941 979 3011 ἡ
1024 2939 1207 3009 τέχνη,
1241 2940 1333 2992 καὶ
1365 2940 1423 2992 16
1457 2939 1656 2992 πλοῖον.
1708 2937 1793 3009 Μὴ
1819 2938 1994 2992 τοίνυν

333 3028 502 3079 τοῦτο
526 3027 742 3096 ἴδωμεν,
766 3029 814 3078 εἰ
841 3027 997 3093 ὀλίγα
1021 3025 1251 3094 ἀφῆκεν,
1274 3024 1385 3078 ἀλλ’
1414 3026 1461 3077 εί
1492 3023 1565 3095 μὴ
1594 3025 1767 3078 πάντα
1795 3025 1991 3095 ἀφῆκε.

337 3113 517 3168 Τοῦτο
546 3116 653 3185 γάρ
686 3115 797 3167 ἐστι
815 3115 873 3167 16
897 3113 1241 3183 ζητούμενον,
1272 3113 1370 3167 οὐκ
1391 3113 1543 3182 ὀλίγα
1634 3113 1800 3166 πολλὰ
1828 3131 1989 3166 καται

335 3202 539 3265 θεῖναι,
576 3201 711 3254 ἀλλά
753 3202 909 3271 μηδὲν
954 3203 1158 3255 ἐλάττω
1202 3203 1301 3272 τῆς
1349 3202 1552 3265 οἰκείας
1582 3201 1859 3271 δυνάμεως
1880 3203 1993 3253 είσ-

334 3292 603 3357 ενεγκεῖν.
630 3290 811 3343 Πάντα
837 3290 1013 3342 τοίνυν
1041 3291 1219 3358 ἀφεὶς,
1250 3290 1343 3342 καὶ
1379 3288 1633 3360 πατρίδα,
1660 3288 1754 3342 καὶ
1794 3288 1990 3350 οἰκίαν,

334 3379 436 3432 καὶ
476 3378 682 3445 φίλους,
718 3378 813 3430 καὶ
854 3379 1151 3445 συγγενεῖς,
1190 3377 1287 3430 καὶ
1326 3376 1494 3445 αὐτὴν
1529 3378 1626 3447 τὴν
1666 3376 1990 3445 ἀσφάλειαν

334 3465 435 3518 καὶ
487 3464 594 3533 γὰρ
631 3464 722 3517 τὸν
772 3464 942 3534 δῆμον
992 3464 1084 3515 τὸν
1127 3462 1412 3516 Ἰουδαϊκὸν
1466 3462 1643 3533 ἑαυτῷ
1693 3462 1868 3534 τούτῳ
1917 3461 1996 3535 τῷ

332 3551 527 3622 τρόπῳ
547 3550 958 3620 ἐξεπολέμησεν·
983 3550 1123 3617 Ἤδη
1154 3549 1283 3619 γὰρ,
1324 3549 1474 3620 φησὶ,
1505 3548 1828 3604 συνέθεντο
1861 3551 1996 3604 Ἰου-

332 3638 515 3703 δαῖοι,
545 3638 652 3691 ἐάν
697 3655 788 3702 τις
835 3636 1180 3707 ὁμολογήσῃ
1209 3636 1394 3689 αὐτὸν
1429 3635 1700 3704 Χριστὸν,
1732 3638 1996 3690 ἀποσυνθ

333 3728 567 3795 άτωγος
588 3724 845 3795 γένηται.
865 3724 1025 3777 Ὅθεν
1052 3724 1226 3795 δῆλον,
1252 3725 1332 3777 ὅτι
1358 3724 1457 3777 οὐκ
1484 3723 1845 3794 ἀμφέὸαλλεν,
1877 3725 1994 3780 οὐδὲ

331 3813 597 3867 ὲδεδοίκει
627 3812 873 3883 περὶτῆς
901 3811 1174 3881 βασιλείας
1206 3811 1315 3863 τῶν
1346 3810 1606 3882 οὐρανῶν,
1630 3810 1767 3864 ἀλλά
1792 3811 1994 3882 σφόδρα

332 3902 650 3963 ἐπέπειστο,
697 3900 791 3954 καὶ
819 3900 917 3953 ἀπ’
941 3900 1111 3967 αὐτῆς
1144 3899 1243 3969 τῆς
1274 3899 1382 3953 τῶν
1413 3898 1750 3968 πραγμάτων
1781 3899 1996 3952 ἀποδεί-

335 3990 494 4055 ξεως,
534 3990 631 4041 καὶ
658 3988 764 4059 πρὸ
790 3984 888 4057 τῆς
913 3986 1021 4040 τῶν
1046 3986 1382 4056 πραγμάτων
1408 3985 1730 4052 ἀποδείξεως
1762 3986 1868 4039 ἀπὸ
1895 3987 1994 4056 τῆς

330 4076 433 4130 τοῦ
477 4074 731 4146 Σωτῆρος
778 4077 978 4143 φωνῆς,
1010 4074 1088 4127 ὅτι
1126 4073 1519 4144 κληρονομήσει
1558 4072 1773 4137 πάντως
1804 4073 1987 4144 αὐτήν.

331 4164 521 4219 Εἰπὼν
546 4164 675 4234 γὰρ.
701 4163 783 4216 ὅτι
815 4161 1009 4231 Ἡμεῖς
1035 4160 1348 4230 ἀφήκαμεν
1374 4160 1586 4223 πάντα,
1612 4161 1709 4213 καί
1738 4161 1994 4228 ἠκολου-

334 4251 611 4321 θήσαμέν
634 4264 756 4315 σοι,
794 4250 852 4302 τί
888 4248 1034 4318 ἡμῖν
1058 4248 1260 4312 ἐσται;
1299 4248 1569 4319 ἀπεκρίθη
1599 4249 1782 4311 αὐτοῖς
1807 4250 1836 4301 ὀ
1863 4250 1995 4319 Χρι-

333 4340 485 4402 στὸς,
514 4340 595 4392 ὅτι
626 4335 980 4406 Καθήσεσθε
1004 4330 1104 4389 ἐπί
1134 4333 1361 4388 δώδεκα
1390 4337 1659 4404 θρόνους,
1687 4337 1994 4403 κρίνοντες

334 4426 448 4490 τὰς
510 4424 737 4477 δώδεκα
801 4420 999 4490 φυλὰς
1047 4421 1153 4475 τοῦ
1209 4422 1466 4488 Ἰσραήλ.
1520 4420 1702 4475 Ταῦτα
1758 4422 1813 4475 δὲ
1864 4438 1995 4475 κατε·

336 4510 634 4574 εσκεύασα,
668 4510 754 4563 ἴνα
796 4510 924 4562 ὅταν
968 4508 1128 4575 δείξω
1166 4508 1324 4562 αὐτὸν
1365 4508 1681 4575 ἀγωνιῶντα
1710 4510 1849 4580 ὑπὲρ
1885 4510 1993 4563 τῶν

337 4598 664 4662 συνδούλων,
716 4597 791 4668 μὴ
826 4597 983 4667 εἴπῃς
1012 4597 1093 4650 ὅτι
1127 4597 1265 4668 ὑπὲρ
1305 4595 1496 4649 ἑαυτοῦ
1541 4596 1816 4650 ἐδεδοίκει.
1869 4597 1993 4662 Πῶς

336 4686 453 4753 γὰρ
479 4685 543 4737 ἂν
568 4685 790 4750 ἔδεισεν,
830 4682 993 4736 αὐτοῦ
1038 4682 1130 4736 τοῦ
1186 4682 1463 4753 μέλλοντος
1500 4684 1660 4736 αὐτὸν
1701 4684 1992 4752 στεφανοῦν

336 4773 760 4843 ἀποφηναμένου
793 4772 930 4842 ὐπέρ
974 4768 1070 4823 τοῦ
1119 4770 1381 4839 στεφάνου
1422 4774 1514 4823 καὶ
1553 4771 1661 4824 τῶν
1694 4771 1993 4842 βραδείων;⁴

338 4858 508 4924 Οὗτος
530 4862 705 4913 τοίνυν
732 4862 762 4913 ὀ
803 4859 1024 4928 Πέτρος,
1063 4860 1091 4911 6
1124 4858 1300 4911 πάντα
1332 4858 1509 4927 ἀφεὶς,
1538 4860 1566 4910 6
1600 4858 1816 4930 θαρρῶν
1855 4861 1994 4932 ὐπέρ

336 4952 441 5019 τῆς
464 4947 734 5019 βασιλείας
757 4946 865 4999 τῶν
893 4945 1157 5015 οὐρανῶν,
1182 4946 1562 5016 προσελθόντος
1585 4949 1712 4999 ποτέ
1741 4947 1994 5001 πλουσίου

336 5037 503 5100 τινὸς,
535 5036 630 5090 καὶ
658 5034 903 5098 εἰπόντος
933 5033 1012 5104 τῷ
1043 5033 1277 5105 Χριστῷ,
1307 5034 1367 5087 Τί
1392 5032 1621 5099 ποιήσω
1654 5034 1754 5087 ἵνα
1780 5040 1993 5104 κληρο-

334 5125 584 5195 νομήσω
616 5122 773 5193 ζωὴν
813 5120 1083 5185 αἰώνιον;
1116 5121 1209 5173 καὶ
1252 5118 1344 5172 τοῦ
1382 5119 1613 5191 Χριστοῦ
1654 5126 1788 5192 πρὸς
1836 5124 1994 5175 αὐτὸν

334 5222 805 5294 ἀποκριναμένου,
852 5221 922 5274 El
958 5218 1150 5282 θέλεις
1176 5216 1399 5283 τέλειος
1427 5212 1598 5281 εἶναι,
1629 5216 1843 5286 ὕπαγε,
1873 5217 1992 5270 πώ-

330 5324 536 5391 λησόν
575 5335 695 5373 σου
739 5317 817 5371 τὰ
852 5313 1216 5385 ὑπάρχοντα,
1268 5313 1365 5366 καὶ
1411 5311 1515 5377 δὸς
1566 5314 1843 5383 πτωχοῖς,
1896 5317 1991 5369 καί

330 5420 508 5487 δεῦρο
570 5416 891 5473 ἀκολούθει
931 5428 1063 5484 μοι·
1115 5407 1234 5466 εἶτα
1281 5412 1415 5484 πρὸς
1461 5413 1616 5466 τοῦτο
1667 5412 1993 5484 λυπηθέντος

330 5518 556 5581 ἐκείνου,
582 5516 683 5571 καὶ
711 5513 959 5583 λέγοντος
978 5512 1093 5574 τοῖς
1120 5509 1386 5581 μαθηταῖς
1414 5509 1507 5563 τοῦ
1528 5508 1993 5580 Χριστοῦ,’ορᾶτε

326 5614 450 5683 πῶς
485 5613 812 5678 δυσκόλως
836 5609 1208 5678 εἰσέρχονται
1237 5610 1291 5661 οὶ
1327 5608 1606 5661 πλούσιοι
1639 5609 1727 5673 εἰς
1754 5606 1869 5675 τὴν
1880 5608 1994 5671 ,βα-

321 5716 560 5769 σιλείαν
597 5709 725 5766 τῶν
762 5706 1073 5775 οὐρανῶνο
1118 5702 1297 5773 ἀμὴν,
1323 5703 1484 5773 ἀμὴν
1514 5702 1667 5771 λέγω
1698 5702 1859 5772 ὑμῖν,
1904 5703 1992 5757 ὅτι

320 5813 735 5884 εὐκοπάπερόν
764 5808 900 5866 ἐστι
928 5803 1202 5875 κάμηλον
1219 5803 1314 5858 διὰ
1335 5803 1713 5874 τρυπήματος
1734 5802 1987 5873 ῥαφίδος

1039 366 1105 427 ΙΝ
1146 364 1374 441 ιιιυι),
1414 371 1551 433 HOC
1588 371 1878 432 SCITOTE
1916 370 2105 440 QUOD
2140 371 2206 425 IN
2242 362 2629 428 NOVISSIMIS
2667 364 2939 440 DIEBUS,
2981 366 3131 432 ETC.

3650 371 3759 437 276

2091 490 2409 555 εἰσελθεῖν,
2445 492 2485 559 ἢ
2531 492 2831 546 πλούσιον
2852 494 2938 558 εὶς
2960 492 3076 561 τὴν
3092 486 3421 557 βασιλείαν
3444 497 3549 550 τοῦ
3573 503 3718 558 Θεοῦ
3738 521 3753 536 ο

2090 578 2120 628 6
2142 577 2368 647 Πέτρος,
2393 581 2422 631 ὀ
2443 580 2725 649 ἀκτήμων,
2755 580 2784 630 6
2820 579 3038 650 θαρρῶν
3071 580 3211 651 ὐπέρ
3238 585 3339 653 τῆς
3379 583 3674 653 βασιλείας,
3728 593 3759 645 6

2092 664 2230 734 ὑπὲρ
2266 666 2367 735 τῆς
2394 665 2586 717 ἑαυτοῦ
2614 666 2686 736 μὴ
2716 664 2969 729 δεδοικὼς
3008 669 3299 739 σωτηρίας,
3331 673 3359 723 6
3392 678 3757 745 πεπεισμένος

2093 752 2279 821 σαφῶς
2309 754 2436 824 περὶ
2461 752 2561 822 τῆς
2592 754 2711 806 ἐκεῖ
2732 753 2880 823 αὐτῷ
2900 755 3269 825 ἀποκειμένης
3297 758 3482 827 τιμῆς,
3518 763 3756 828 ἀκούσας

2092 840 2263 894 ταῦτα
2308 840 2482 908 έλεγε³
2535 842 2628 907 Τίς
2664 841 2911 894 δύναται
2952 842 3253 910 σωθῆναι;
3287 845 3352 896 Τί
3400 846 3665 913 δέδοικας,
3709 845 3758 903 ὧ

2096 929 2332 998 μακάριε
2364 928 2576 999 Πέτρε;
2612 927 2664 980 τί
2706 928 2976 998 ἀγωνιᾷς;
3017 930 3069 980 τί
3103 930 3357 1000 τρέμεις;
3398 934 3581 988 Πάντα
3606 936 3755 1008 έρῤι-

2091 1014 2218 1082 φας,
2252 1013 2428 1067 πάντα
2479 1014 2729 1083 ἀφῆκαςο
2787 1015 2914 1084 περὶ
2948 1014 3054 1067 τῶν
3096 1016 3465 1073 πλουτούντων
3508 1021 3536 1073 ὀ
3574 1020 3751 1090 λόγος,

2092 1099 2314 1154 ἐκείνων
2363 1100 2662 1170 κατηγορία
2707 1100 2767 1152 16
2799 1100 3119 1171 λεγόμενον·
3167 1104 3230 1156 σὺ
3266 1104 3323 1157 δὲ
3360 1106 3418 1159 ἐν
3456 1108 3617 1179 πενίᾳ
3660 1112 3756 1161 καὶ

2096 1188 2450 1259 ἀκτημοσύνῃ
2479 1189 2741 1252 διατελεῖς
2771 1189 2899 1253 ζῶν.
2934 1190 3069 1242 Ἀλλ’
3098 1191 3160 1243 οὐ
3189 1192 3249 1245 16
3275 1194 3512 1262 ἐμαυτοῦ
3544 1198 3752 1262 σκοπῶ,

2095 1277 2282 1346 φησὶν,
2311 1275 2445 1329 ἀλλά
2472 1277 2565 1329 καὶ
2610 1276 2670 1328 τὸ
2701 1277 2902 1347 ἐτέρων
2943 1276 3225 1347 συμφέρον
3266 1279 3430 1350 ζητῶ.
3473 1283 3571 1336 Διά
3597 1285 3756 1339 τοῦτο

2096 1364 2237 1433 ὑπὲρ
2281 1364 2389 1415 τῶν
2433 1363 2554 1417 καθ’
2597 1362 2785 1415 ἑαυτὸν
2830 1364 3065 1435 θαρρῶν,
3109 1366 3248 1436 ὑπὲρ
3287 1368 3394 1420 τῶν
3438 1368 3614 1423 ἄλλων
3659 1372 3756 1442 τὴν

2094 1448 2243 1521 [‘284]
2269 1449 2458 1503 πεῦσιν
2481 1451 2798 1520 προσήγαγε
2838 1449 3029 1519 λέγων,
3063 1452 3157 1517 Τίς
3178 1452 3426 1506 δύναται
3459 1456 3755 1523 σωθῆναιε

2164 1534 2225 1588 ε’.
2246 1530 2398 1598 Εἶδες
2413 1534 2519 1587 τῶν
2546 1537 2856 1590 ἀποστόλων
2881 1539 2977 1607 τὴν
2999 1539 3351 1609 κηδεμονίαν;
3376 1542 3492 1605 πῶς
3513 1543 3569 1595 ἐν
3598 1544 3757 1614 σῶμά

2094 1624 2262 1686 είσιν;
2297 1618 2436 1684 εἶδες
2466 1623 2581 1685 πῶς
2610 1623 2705 1675 καὶ
2735 1624 2873 1694 ύπέρ
2898 1625 3005 1678 τῶν
3032 1628 3314 1697 παρόντων
3357 1630 3449 1681 καὶ
3478 1631 3616 1703 ὑπὲρ
3646 1634 3755 1685 τῶν

2097 1710 2397 1779 μελλόντων
2420 1710 2670 1763 ἐδεδοίκει
2693 1713 2721 1764 ὀ
2752 1712 2984 1781 Πέτρος;
3019 1713 3173 1766 Οῦτω
3200 1716 3292 1768 καὶ
3338 1718 3365 1769 6
3406 1718 3633 1782 Παῦλος.
3664 1720 3755 1773 Διὸ

2095 1799 2266 1867 ἔλεγε·
2316 1798 2669 1863 Γινώσκετε,
2710 1800 2799 1853 ὅτι
2839 1803 2909 1854 ἐν
2938 1801 3223 1872 ἐσχάταις
3252 1804 3495 1875 ’ἡμέραις
3533 1810 3753 1880 ἐνστήο

2094 1903 2303 1939 σονται
2343 1887 2533 1954 καιροί
2576 1890 2848 1955 χαλεποί.
2897 1892 3005 1943 Καὶ
3054 1892 3286 1962 ἀλλαχοῦ
3332 1895 3388 1947 δὲ
3425 1895 3581 1949 τοῦτο
3612 1894 3758 1950 ποιεῖ

2094 1973 2272 2027 πάλιν.
2305 1973 2521 2044 Ἐπειδὴ
2538 1976 2647 2044 γὰρ
2665 1976 2853 2045 ἔμελλε
2872 1975 3054 2029 λοιπόν
3076 1978 3404 2046 ἀφίστασθαι
3431 1982 3530 2052 τῆς
3545 1984 3750 2048 Ἀσίας,

2093 2062 2186 2114 καὶ
2219 2062 2311 2115 ἐπὶ
2338 2062 2437 2132 τὴν
2470 2061 2685 2132 Ῥώμην
2720 2062 2966 2131 ἄγεσθαι,
2994 2066 3087 2117 καὶ
3125 2067 3334 2119 ἐκεῖθεν
3358 2070 3449 2121 ἐπὶ⁵
3476 2071 3565 2123 τὸν
3588 2072 3753 2142 οὐρα-

2093 2147 2183 2199 νὸν
2218 2147 2515 2218 ἀποδημεῖν
2537 2164 2549 2176 ·
2585 2151 2613 2201 ὁ
2659 2148 2885 2212 θάνατος
2913 2151 3021 2221 γάρ
3044 2151 3151 2204 τῶν
3186 2154 3353 2221 άγίων
3374 2155 3473 2208 οὐκ
3512 2156 3625 2210 ἔστι
3659 2159 3753 2211 θά-

2062 2268 2065 2271 ‹
2093 2252 2268 2297 νατος,
2307 2234 2441 2301 ἀλλά
2487 2237 2813 2305 μετάστασις
2838 2238 2946 2290 ἀπὸ
2972 2240 3073 2309 γῆς
3102 2242 3182 2303 είς
3214 2242 3462 2313 οὐρανὸν,
3497 2244 3606 2297 ἀπὸ
3642 2247 3753 2299 τῶν

2092 2321 2388 2377 ἐλαττόνων
2419 2324 2498 2385 είς
2536 2323 2605 2375 τά
2645 2323 2852 2393 βελτίω,
2898 2326 3007 2379 ἀπὸ
3052 2327 3157 2380 τῶν
3193 2329 3488 2383 συνδούλων
3531 2333 3624 2385 ἐπὶ
3660 2333 3752 2387 τὸν

2092 2410 2386 2480 Δεσπότην,
2412 2410 2520 2464 ἀπὸ
2546 2412 2654 2465 τῶν
2679 2411 2979 2483 ἀνθρώπων
2996 2415 3130 2483 πρὸς
3146 2418 3272 2479 τοὺς
3298 2418 3560 2486 ἀγγέλους
3580 2436 3594 2449 ·
3629 2422 3752 2475 ἐπεὶ

2092 2495 2187 2552 οὖν
2214 2499 2437 2569 ἔμελλεν
2482 2501 2700 2556 ἀπιέναι
2745 2503 2883 2574 πρὸς
2909 2504 3002 2557 τὸν
3039 2504 3149 2557 τῶν
3183 2507 3437 2561 ἁπάντων
3475 2512 3752 2583 Δεσπότην

2092 2586 2243 2653 Θεὸν,
2281 2589 2373 2639 καὶ
2402 2588 2472 2641 τά
2499 2588 2618 2641 καθ’
2648 2589 2836 2642 ἑαυτὸν
2863 2590 3039 2644 πάντα
3072 2593 3251 2655 καλῶς
3274 2595 3609 2669 ᾠκονόμησε.
3643 2600 3752 2653 Καὶ

2092 2672 2200 2744 γὰρ
2236 2673 2323 2726 τὸν
2348 2675 2558 2744 χρόνον,
2606 2676 2663 2728 ὃν
2704 2677 2868 2747 συνῆν
2903 2680 3015 2741 τοῖς
3057 2678 3344 2750 μαθηταῖς,
3390 2684 3526 2752 μετὰ
3571 2686 3752 2757 πάσης

2092 2761 2376 2832 ἀκριϐείας
2410 2763 2507 2832 τὴν
2545 2764 2887 2817 διδασκαλίαν
2912 2766 3094 2829 αὐτοῖς
3132 2769 3417 2840 παρέθετο,
3450 2773 3542 2825 καὶ
3573 2772 3750 2841 λέγει’·

2092 2850 2363 2917 Καθαρὸς
2393 2851 2507 2920 ἐγὼ
2550 2852 2666 2905 ἀπὸ
2715 2852 2821 2906 τοῦ
2859 2854 3105 2921 αἵματος
3157 2856 3416 2921 πάντων,
3463 2860 3555 2912 καὶ
3599 2861 3753 2915 οὐδὲν

2094 2936 2356 2999 ἐνέλιπον,
2392 2937 2546 3005 φησὶ,
2577 2938 2685 2990 τῶν
2714 2939 3034 3005 ὀφειλόντων
3069 2943 3433 3015 εἰσενεχθῆναι
3472 2946 3605 3017 πρὸς
3646 2964 3753 3000 σω·

2092 3025 2307 3095 τηρίαν.
2351 3025 2415 3076 Τί
2466 3020 2588 3089 οὗνς
2636 3027 2821 3097 ἐπειδὴ
2866 3029 2935 3080 τά
2997 3029 3117 3081 καθ’
3163 3032 3351 3085 ἑαυτὸν
3396 3034 3750 3103 ἠσφαλίσατο,

2094 3112 2280 3183 ἐπειδὴ
2310 3112 2650 3180 ἐγκαλεῖσθαι
2673 3115 2771 3167 οὐκ
2808 3115 3038 3185 ἤμελλεν
3066 3117 3172 3170 ἀπὸ
3197 3118 3287 3171 τοῦ
3315 3123 3583 3175 Δεσπότου
3613 3125 3754 3195 ὑπὲρ

2094 3200 2201 3253 τῶν
2234 3202 2352 3253 κατ’
2386 3200 2549 3253 αὐτὸν
2594 3202 2821 3271 χρόνων,
2846 3197 2953 3272 ἆρα
2986 3204 3227 3275 ἠμέλησε
3263 3207 3370 3259 τῶν
3408 3209 3544 3278 μετά
3580 3212 3751 3265 ταῦτα

2092 3288 2314 3357 ψυχῶνς
2343 3287 2605 3358 Οὐδαμῶς
2630 3306 2642 3318 ·
2679 3288 2791 3341 ἀλλ’
2818 3288 3002 3362 ῶσπερ
3032 3292 3239 3361 μέλλων
3268 3295 3361 3347 καὶ
3401 3296 3622 3351 ἐκείνων
3661 3299 3752 3351 εὐ-

2095 3376 2259 3440 θύνας
2290 3378 2530 3447 ὑπέχειν,
2556 3376 2727 3441 οὕτως
2751 3380 2979 3433 κάκεῖνα
3020 3382 3158 3451 μετὰ
3189 3384 3366 3453 πάσης
3394 3385 3573 3450 αὐτοῖς
3604 3386 3750 3457 λέγει

2092 3467 2190 3534 τῆς
2224 3464 2528 3535 ἀκριϐείας.
2562 3466 2655 3519 καὶ
2678 3466 2814 3518 αὐτὰ
2850 3465 2884 3519 ά
2915 3468 3076 3520 πάλιν
3114 3471 3513 3543 ἁναγνώσωμεν
3549 3475 3615 3527 τὰ
3650 3477 3750 3545 ῥή-

2097 3568 2259 3623 ματα·
2291 3553 2642 3621 Προσέχετε,
2679 3555 2864 3624 φησὶν,
2899 3554 3131 3621 ἑαυτοῖς
3176 3558 3273 3609 καὶ
3307 3560 3483 3613 παντὶ
3512 3561 3591 3626 τῷ
3619 3578 3749 3616 ποι-

2088 3639 2259 3707 μνίῳ.
2295 3635 2445 3702 Εἶδες
2495 3640 2611 3702 πῶς
2647 3634 2717 3708 ἦν
2756 3640 3133 3710 συνδεδεμένος
3169 3643 3348 3695 αὐτῶν
3378 3649 3443 3716 τῇ
3475 3650 3749 3717 φροντίδι;

2105 3727 2289 3795 Ἢμῶν
2327 3727 2425 3797 μὲν
2464 3728 2572 3798 γὰρ
2610 3728 2837 3791 ἕκαστος
2861 3729 2927 3781 τά
2967 3730 3088 3782 καθ’
3113 3730 3300 3783 ἑαυτὸν
3331 3737 3586 3805 μεριμνᾷ,
3626 3736 3654 3787 ὀ
3692 3736 3749 3789 δὲ

2095 3813 2372 3885 προεστὼς
2404 3815 2473 3867 τὰ
2515 3815 2752 3869 πάντων.
2796 3815 2886 3867 Διό
2926 3833 3059 3888 φησι
3086 3818 3211 3888 περὶ
3252 3819 3358 3872 τῶν
3389 3820 3748 3876 διδασκάλων

2097 3901 2325 3966 Οἵτινες
2366 3901 2782 3970 ἀγρυπνοῦσιν
2825 3901 2974 3972 ὑπὲρ
3029 3902 3148 3958 τῶν
3190 3906 3404 3975 ψυχῶν
3440 3908 3621 3976 ὑμῶν,
3669 3912 3751 3976 ὡς

2092 3991 2280 4059 λόγον
2313 3988 2754 4056 ἀποδώσοντες.
2795 3990 3028 4061 Φοόερὸν
3063 3992 3229 4056 ὅντως
3268 3993 3327 4046 16
3357 3997 3689 4068 κρυπτήριον
3718 4006 3747 4040 υ

2095 4078 2234 4147 ὑπὲρ
2257 4076 2511 4129 τοσούτου
2553 4075 2724 4145 δήμου
2763 4077 2859 4142 τὰς
2892 4077 3116 4142 εὐθύνας
3155 4080 3402 4150 ὑπέχεινο
3449 4082 3583 4147 ἀλλ’,
3612 4085 3750 4156 ὅπερ

2095 4164 2301 4233 ἔλεγον,
2335 4162 2568 4226 καλέσας
2596 4163 2792 4228 αὐτούς
2822 4182 2953 4235 φησι
2973 4181 2987 4195 ’
3018 4167 3352 4237 Προσέχετε
3376 4170 3608 4237 ἑαυτοῖς
3646 4175 3744 4227 καί

2094 4253 2270 4306 παντί
2308 4250 2387 4316 τῷ
2420 4252 2692 4319 ποιμνίῳ,
2727 4253 2796 4305 ἐν
2822 4245 2870 4318 ᾧ
2900 4252 3057 4322 ὑμᾶς
3095 4255 3260 4308 ἔθετο
3297 4255 3363 4308 τό
3402 4260 3643 4328 Πνεῦμα
3682 4262 3749 4315 τὸ

2095 4338 2265 4407 ἅγιον
2304 4339 2589 4405 ποιμένας
2632 4336 2731 4390 καὶ
2763 4337 3152 4406 ἐπισκόπους.
3193 4342 3258 4394 Τί
3293 4342 3546 4411 γέγονεν;
3603 4347 3749 4411 τίνος

2095 4428 2277 4480 ἕνεκεν
2309 4427 2622 4496 παραινεῖς;
2657 4427 2729 4496 μή
2757 4443 2808 4479 τι
2838 4428 3072 4498 προορᾷς
3100 4428 3301 4493 δεινόν;
3334 4432 3407 4500 μή
3438 4442 3491 4484 τι
3522 4433 3749 4503 προϐλέ-

2096 4533 2217 4578 πεις
2242 4514 2502 4584 χαλεπόν;
2537 4514 2610 4585 μή
2646 4530 2726 4576 τις
2751 4514 3013 4581 κίνδυνος,
3044 4518 3115 4587 μή
3146 4534 3229 4580 τις
3262 4518 3532 4588 συμφορὰ,
3560 4523 3633 4592 μή
3664 4538 3749 4585 τις

2095 4602 2330 4671 πόλεμος
2350 4618 2364 4665 ;
2399 4601 2534 4653 Είπέ
2556 4616 2571 4632 ⁸
2603 4601 2694 4654 καὶ
2712 4601 2819 4671 γὰρ
2848 4595 3170 4672 ὑψηλότερος
3194 4605 3354 4675 ἡμῶν.
3375 4607 3630 4676 ἕστηκαςσ
3653 4608 3749 4662 καὶ

2093 4690 2153 4742 οὐ
2180 4690 2246 4742 τὰ
2267 4689 2509 4759 παρόντα
2534 4687 2748 4758 βλέπεις
2776 4688 2953 4756 μόνον,
2977 4688 3109 4741 ἀλλὰ
3138 4692 3229 4743 καὶ
3246 4691 3314 4745 τὰ
3336 4692 3599 4763 μέλλοντα
3618 4712 3751 4765 προά

2093 4780 2244 4849 ορᾷς.
2268 4778 2403 4832 Εἰπὲ
2432 4777 2606 4829 τοίνυν
2639 4776 2781 4839 τίνος
2818 4776 3000 4830 ἕνεκεν
3030 4780 3428 4849 παραγγέλλεις
3454 4783 3626 4837 ταῦτα
3653 4786 3751 4838 καὶ

2096 4868 2395 4936 παραινεῖς.
2430 4860 2596 4928 Οἶδα,
2630 4864 2812 4933 φησὶν,
2838 4864 2925 4916 ὅτι
2938 4866 3087 4934 μετὰ
3110 4866 3224 4935 τὴν
3248 4868 3454 4939 ἄφιξίν
3476 4889 3596 4940 μου
3623 4874 3747 4925 εἱσ-

2093 4955 2443 5007 ελεύσονται
2474 4953 2650 5006 λύκοι
2674 4952 2881 5019 βαρεῖς
2907 4956 2992 5017 εἰς
3021 4953 3084 5007 τὸ
3108 4956 3399 5025 ποίμνιον.
3437 4955 3586 5021 Εἶδες
3610 4960 3750 5030 ὅπερ

2094 5040 2298 5108 ἔλεγον,
2320 5040 2434 5103 πῶς
2454 5041 2551 5110 οὐχ
2572 5039 2710 5111 ὑπὲρ
2729 5040 2835 5092 τῶν
2861 5041 2981 5094 καθ’
2999 5042 3188 5096 ἐαυτὸν
3204 5044 3405 5113 χρόνων
3422 5044 3630 5114 ἀγωνιᾷ
3651 5049 3746 5100 καὶ

2093 5132 2296 5185 δέδοικε
2322 5132 2499 5202 μόνον,
2520 5131 2654 5184 ἀλλὰ
2681 5132 2773 5184 καὶ
2793 5132 2929 5205 ὑπὲρ
2947 5133 3053 5186 τῶν
3078 5133 3213 5203 μετά
3238 5134 3334 5204 τὴν
3354 5133 3534 5202 ἄφιξιν
3555 5135 3747 5203 αὐτοῦ;

2093 5221 2560 5274 Εἰσελεύσονται
2589 5220 2697 5289 γὰρ
2721 5220 2915 5283 λύκοι,
2944 5221 3091 5290 φησι·
3120 5220 3214 5274 καὶ
3228 5223 3325 5290 οὐχ
3350 5221 3551 5284 ἀπλῶς,
3569 5221 3741 5291 λύκοι,

2094 5307 2249 5370 ἀλλά,
2281 5308 2460 5360 Λύκοι
2476 5306 2705 5373 βαρεῖς,
2736 5306 2823 5376 μὴ
2842 5307 3174 5376 φειδόμενοι
3203 5307 3308 5360 τοῦ
3334 5309 3630 5377 ποιμνίου.
3656 5312 3747 5364 Δι-

2095 5396 2259 5458 πλοῦς
2298 5395 2326 5446 6
2375 5394 2628 5463 πόλεμος
2659 5394 2893 5446 ἀπουσία
2924 5394 3155 5458 Παύλου,
3194 5395 3285 5446 καὶ
3306 5392 3487 5462 ἔφοδος
3518 5397 3626 5450 τῶν
3650 5399 3745 5452 λύ-

2094 5498 2222 5536 κων·
2244 5481 2363 5535 οὐδὲ
2382 5483 2408 5533 6
2426 5480 2737 5544 διδάσκαλος
2756 5482 3033 5551 πάρεστιν,
3052 5482 3141 5533 καὶ
3156 5481 3202 5532 οἱ
3222 5480 3621 5555 διαφθείροντες
3632 5489 3751 5539 ἐπι-ι’

2092 5571 2381 5623 κείσονται.
2406 5570 2512 5621 Καὶ
2548 5567 2737 5621 σκόπει
2774 5567 3106 5637 κακουργίαν
3135 5567 3357 5638 θηρίων,
3381 5573 3473 5624 καὶ
3494 5574 3749 5647 πονηρῶν

2159 5812 2183 5841 ⁸
2207 5812 2287 5862 Sic
2309 5824 2393 5863 ms.
2419 5811 2517 5861 Sed
2532 5811 2665 5861 haud
2686 5810 2833 5860 dubie
2875 5810 3137 5873 legendum
3158 5811 3411 5874 κριτήριον.
