4054 6320
317 345 421 402 97?

320 462 621 533 ἀνθρώπων
653 465 891 519 ἐπίνοιαν
913 484 926 498 ν
966 470 1063 540 τὴν
1089 471 1352 526 ἀπουσίαν
1384 478 1836 546 παρετηρήσαντο
1879 477 1975 530 τοῦ

318 548 653 620 διδασκάλου,
690 554 781 605 καὶ
826 555 945 607 τότε
1000 558 1252 612 ἐπέθεντο
1300 561 1378 630 τῷ
1426 565 1677 633 ποιμνίῳ.
1736 564 1802 616 Τί
1848 560 1976 631 οῦν;

319 638 785 709 ἀπροστατεύτους
815 645 961 714 ἡμᾶς
990 647 1102 715 ἐᾷς,
1134 649 1228 701 καὶ
1252 650 1535 721 προλέγεις
1580 652 1648 705 τὰ
1693 652 1839 707 δεινά
1881 655 1979 723 μό-

321 743 429 790 νον,
458 728 711 798 οὐδεμίαν
751 731 808 783 δὲ
858 735 1087 797 ἐπινοεῖς
1116 738 1502 806 παραμυθίαν;
1548 739 1707 792 Ἀλλὰ
1736 740 1801 794 ἂν
1830 739 1978 812 [285]

321 813 478 867 τοῦτο
501 819 678 887 ποιῇς,
709 818 907 887 μᾶλλον
938 820 1122 885 αὔξεις
1148 823 1244 894 τὴν
1263 824 1481 892 δειλίαν,
1510 828 1604 881 καὶ
1626 828 1981 890 καταϐάλλεις

320 900 388 953 τὰ
435 905 777 974 φρονήματα,
824 908 917 960 καὶ
960 909 1171 973 ἐκλύεις
1210 912 1278 965 τά
1321 913 1505 984 νεῦρα,
1541 915 1835 984 παραλύεις
1882 915 1981 979 τὰς

321 990 506 1058 χεῖρας
558 989 663 1043 τῶν
706 992 1028 1050 ἀκουόντων.
1056 998 1157 1050 Διά
1183 1016 1266 1052 τοι
1296 1000 1453 1053 τοῦτο
1491 1002 1752 1072 πρότερον
1784 1004 1980 1066 αὐτοὺς

319 1073 413 1126 τοῦ
441 1076 751 1147 Πνεύματος
781 1081 1082 1153 ἀνέμνησεν
1100 1101 1113 1115 ο
1154 1088 1249 1137 Ἐν
1272 1080 1321 1152 ᾧ
1347 1088 1496 1156 ὑμᾶς
1528 1090 1590 1142 τὸ
1628 1092 1872 1159 Πνεῦμα
1912 1092 1977 1145 τὸ

319 1161 487 1230 ἅγιον
533 1164 698 1218 ἔθετο
739 1170 1023 1236 ποιμένας
1056 1172 1154 1225 καὶ
1200 1174 1589 1243 ἐπισκόπους.
1621 1178 1739 1232 Κᾶν
1772 1179 1981 1243 Παῦλος

319 1249 475 1319 ἀπίῃ,
522 1254 702 1319 φησὶν,
736 1253 848 1306 ἀλλ’
878 1257 906 1307 6
952 1257 1305 1330 Παράκλητος
1352 1264 1632 1333 πάρεστιν.
1669 1263 1818 1328 Εἶδες
1862 1266 1981 1328 πῶς

320 1338 629 1406 ἐπτέρωσεν
653 1341 829 1393 αὐτῶν
854 1343 951 1411 τὴν
979 1344 1175 1416 ψυχὴν,
1204 1348 1516 1418 ἀναμνήσας
1543 1351 1635 1404 τοῦ
1659 1352 1979 1406 διδασκάλου

317 1422 412 1474 τοῦ
463 1423 627 1484 θείου,
664 1426 730 1477 δι’
760 1426 817 1478 ὃν
862 1431 956 1481 καὶ
1000 1432 1159 1495 αὐτὸς
1209 1435 1397 1505 παρὼν
1448 1438 1637 1506 taxus;
1687 1438 1841 1501 Τίνος
1886 1435 1981 1492 οῦν

319 1510 502 1561 ἕνεκεν
536 1512 615 1573 είς
643 1514 802 1580 φόϐον
829 1516 1109 1583 ἐνέϐαλεν;
1142 1521 1257 1573 Ἵνα
1284 1523 1488 1595 ἐκϐάλῃ
1519 1524 1675 1578 πάλιν
1697 1526 1793 1596 τὴν
1815 1527 1982 1598 ῥᾳθυ-

324 1597 473 1665 μίαν.
493 1598 755 1671 Ἐκάτερα
790 1603 897 1674 γάρ
929 1604 1009 1657 δεῖ
1041 1610 1210 1659 ποιεῖν
1242 1608 1332 1661 τὸν
1361 1612 1807 1681 συμϐουλεύοντα,
1842 1597 1979 1685 μήτε

321 1684 533 1751 ἀφιέναι
564 1686 782 1758 θαρρεῖν
820 1691 911 1743 τὸν
941 1694 1225 1758 ἀκούοντα,
1254 1697 1339 1750 ἴνα
1372 1698 1447 1768 μὴ
1491 1700 1856 1771 ῥαθυμότερος
1889 1702 1983 1768 γέ-

320 1787 476 1840 νηται
498 1789 511 1801 ·
545 1778 680 1845 μήτε
722 1778 904 1844 φοϐεῖν
930 1780 1088 1833 πάλιν
1120 1784 1299 1852 μόνον,
1335 1785 1420 1838 ἵνα
1452 1788 1524 1855 μὴ
1557 1788 1635 1850 είς
1661 1788 1859 1841 δειλίαν
1884 1791 1983 1859 ἐμ-

322 1858 481 1929 πέσῃ.
503 1859 840 1932 Ἀναμνήσας
871 1865 969 1935 μὲν
1001 1862 1093 1921 οὖν
1117 1869 1210 1922 τοῦ
1244 1872 1578 1940 Πνεύματος,
1623 1875 1840 1939 ἐξέϐαλε
1884 1878 1981 1948 τὴν

321 1946 550 2000 δειλίαν·
580 1951 749 2004 εἰπὼν
795 1952 851 2005 δὲ
895 1954 1021 2018 τοὺς
1053 1956 1269 2023 λύκους,
1302 1958 1519 2023 ἐξέϐαλε
1559 1962 1656 2033 τὴν
1689 1946 1981 2035 ῥαθυμίαν.

322 2035 506 2087 Λύκοι
557 2037 787 2106 βαρεῖς,
811 2040 898 2109 μὴ
947 2044 1282 2113 φειδόμενοι
1316 2049 1421 2102 τοῦ
1449 2053 1747 2118 ποιμνίου.
1797 2058 1984 2122 Προσ-

314 2121 488 2189 έχετε
528 2125 780 2194 ἑαυτοῖς.
815 2131 1006 2185 Οὐδὲν
1049 2135 1518 2207 ὑπεστειλάμην,
1549 2141 1714 2209 φησί·
1770 2121 1983 2213 μνημο-

321 2214 504 2266 νεύετέ
532 2218 868 2283 μου.Ἰκανὸν
893 2220 1001 2290 γὰρ
1029 2222 1195 2286 ὅντως
1225 2227 1305 2288 είς
1330 2227 1390 2279 τὸ
1436 2227 1656 2297 θαρρεῖν
1682 2230 1741 2281 τὸ
1773 2233 1980 2302 μεμνῆ-

324 2298 443 2352 σθαι
479 2302 712 2360 Παύλου.
749 2308 859 2375 Οὐχ
888 2308 1072 2371 ἁπλῶς
1108 2311 1165 2363 δέ
1192 2311 1337 2377 λέγει
1361 2314 1459 2385 τὴν
1490 2317 1706 2385 μνήμην
1733 2298 1983 2389 τήνήέαυ-

320 2385 439 2446 τοῦ,
471 2388 603 2442 άλλά
632 2391 729 2460 τὴν
757 2396 975 2464 μνήμην
998 2397 1105 2449 τῶν
1137 2399 1723 2471 κατορθωμάτων.’¹οτι
1756 2385 1863 2475 γάρ
1886 2409 1983 2477 οὐχ

322 2474 506 2537 ἁπλῶς
533 2475 679 2543 λέγει
702 2479 798 2545 τὴν
829 2482 1045 2552 μνήμην
1070 2485 1167 2555 τὴν
1193 2487 1377 2551 αὑτοῦ,
1404 2488 1516 2541 ἀλλ’
1540 2491 1623 2542 ἵνα
1648 2474 1982 2564 μεμνημένοι

322 2560 656 2632 ζηλὼσωσιν,
691 2566 976 2621 ἀκούσοντι
1023 2572 1331 2640 ἐπήγαγεν·
1384 2579 1797 2644 Μνημονεύετέ
1845 2599 1979 2648 μου,

322 2648 411 2702 ὅτι
442 2652 700 2716 τριετίαν
737 2655 927 2709 νύκτα
966 2657 1063 2710 καί
1108 2660 1337 2729 ἡμέραν
1383 2665 1456 2716 οὺ
1500 2664 1802 2721 διέλειπον
1834 2673 1982 2738 μετὰ

320 2734 597 2803 δακρύων
626 2739 724 2792 καὶ
761 2740 878 2793 τῶν
903 2743 1175 2813 ὀδυρμῶν
1216 2748 1463 2803 ἐκείνων
1502 2752 1800 2819 ἁπάντων,
1843 2774 1985 2811 νου-

321 2823 509 2877 θετῶν
546 2826 654 2880 ἕνα
685 2828 947 2883 ἕκαστον
988 2832 1175 2900 ὑμῶν.
1204 2836 1312 2905 Οὐχ
1345 2838 1531 2903 ἁπλῶς
1555 2842 1698 2909 ὑμᾶς
1724 2841 1980 2915 βούλομαι

324 2915 632 2985 μεμνῆσθαί
663 2935 787 2988 μου,
819 2918 953 2972 ἀλλά
981 2921 1074 2973 καὶ
1097 2922 1189 2974 τοῦ
1220 2924 1411 2994 χρόνου
1438 2927 1531 2980 καὶ
1557 2931 1656 2999 τῆς
1678 2930 1979 2999 νουθεσίας,

320 3002 416 3054 καὶ
458 3003 555 3073 τῆς
603 3005 836 3075 σπουδῆς
868 3009 960 3060 καὶ
1000 3007 1107 3062 τῶν
1141 3010 1408 3080 δακρύων,
1460 3015 1690 3069 καὶτῶν
1734 3018 1983 3090 ὀδυρμῶν

320 3089 542 3142 ἐκείνων
578 3092 847 3148 ἁπάντων.
880 3096 1143 3170 Καθάπερ
1184 3101 1290 3171 γὰρ
1323 3102 1414 3155 ἐπὶ
1440 3103 1550 3157 τῶν
1592 3089 1905 3176 καμνόντων
1931 3110 1982 3162 οἱ

320 3178 707 3248 προσήκοντες,
731 3183 947 3237 ἐπειδάν
976 3185 1199 3252 πολλοὺς
1222 3189 1313 3241 καὶ
1341 3191 1587 3261 μακροὺς
1604 3193 1983 3259 ἀποτείναντες

318 3262 506 3332 λόγους
554 3266 627 3338 μή
670 3270 932 3324 πεισθῶσι
979 3271 1046 3325 τά
1095 3274 1203 3327 τῶν
1250 3276 1673 3346 ἀρρωστούντων
1721 3282 1982 3353 προέσθαι

321 3354 464 3406 σιτία
498 3356 589 3407 καὶ
614 3356 898 3427 φάρμακα,
925 3359 1266 3430 δακρύουσιν,
1286 3363 1424 3417 ὥστε
1449 3367 1646 3430 αὐτοὺς
1670 3369 1980 3439 ἐπικάμψαι

320 3439 551 3509 μᾶλλονο
604 3442 744 3496 οὕτω
792 3445 884 3497 καὶ
927 3447 1134 3511 Παῦλος
1178 3451 1270 3502 ἐπὶ
1311 3452 1419 3504 τῶν
1469 3453 1724 3523 μαθητῶν
1767 3457 1978 3509 ἐποίειο

318 3527 478 3595 ἡνίκα
524 3529 589 3582 ἂν
618 3527 754 3583 εἶδεν
783 3533 1107 3588 ἀσθενοῦντα
1152 3538 1241 3590 τὸν
1291 3539 1444 3607 λόγον
1485 3541 1582 3610 τῆς
1613 3542 1977 3610 διδασκαλίας,

317 3615 413 3685 τὴν
443 3614 735 3687 θεραπείαν
762 3621 860 3693 τὴν
891 3623 998 3675 ἀπὸ
1026 3624 1131 3677 τῶν
1163 3626 1412 3696 δακρύων
1441 3628 1710 3697 εἰσέφερε.

386 3762 569 3826 ς’.Τίς
603 3764 658 3817 δέ
681 3765 781 3819 οὐκ
814 3766 879 3820 ἂν
912 3769 1108 3840 ᾐδέσθη
1131 3772 1336 3828 Παῦλον
1361 3774 1659 3847 δακρύοντα
1681 3781 1775 3833 καὶ
1796 3782 1979 3852 ὀδυρό-

320 3866 478 3917 μενον
513 3851 676 3921 όρῶν,
700 3856 747 3906 εἰ
772 3856 864 3907 καὶ
894 3857 1002 3909 τῶν
1023 3858 1185 3912 λίθων
1220 3863 1666 3936 ἀναισθητότερος
1695 3862 1795 3938 ἧνς
1827 3851 1980 3935 Εἶδες

317 3935 436 3997 πῶς
461 3938 622 3991 κάκεῖ
650 3945 877 4011 προεῖπε
922 3944 989 3997 τά
1035 3947 1324 4015 μέλλοντα;
1364 3952 1472 4003 Καὶ
1499 3935 1733 4008 ἐνταῦθα
1758 3955 1819 4010 τὸ
1850 3960 1981 4012 αὐτὸ

315 4024 478 4077 τοῦτο
511 4030 654 4079 ποιεῖ
680 4028 878 4096 λέγων’
917 4035 1093 4088 Τοῦτο
1130 4036 1197 4089 δὲ
1220 4039 1557 4107 γινώσκετε,
1590 4043 1679 4096 ὅτι
1706 4045 1776 4097 ἐν
1798 4047 1982 4116 ἐσχά-

315 4128 445 4178 ταις
485 4114 728 4182 ἡμέραις
767 4118 1164 4186 ἐνστήσονται
1200 4128 1389 4193 καιροὶ
1429 4132 1699 4196 χαλεποί.
1737 4114 1979 4198 Τίνοςήδέ

314 4202 501 4255 ἕνεκεν
521 4203 767 4275 Τιμοθέῳ
798 4206 963 4275 λέγει,
996 4211 1085 4263 καὶ
1113 4211 1171 4263 οὐ
1184 4208 1348 4279 λέγει·
1385 4215 1657 4273 Ἰδέτωσαν
1684 4218 1741 4272 δὲ
1764 4222 1813 4273 οἱ
1843 4223 1981 4293 μετά

315 4290 487 4342 ταῦτα
521 4292 801 4361 μέλλοντες
832 4295 1095 4363 γίνεσθαι,
1127 4300 1206 4352 ὅτι
1245 4304 1588 4373 ἐνστήσονται
1622 4308 1803 4378 καιροὶ
1829 4309 1981 4379 χαλε-

317 4379 447 4444 ποί;
490 4380 647 4432 Ἀλλά
677 4383 905 4448 γίνωσκε
943 4388 1025 4449 σὺ,
1070 4388 1153 4440 ἵια
1190 4388 1362 4462 μάθῃς
1408 4394 1489 4445 ὅτι
1534 4395 1624 4448 καὶ
1664 4397 1692 4449 6
1735 4399 1979 4469 μαθητὴς

315 4466 514 4536 ὁμοίως
542 4468 619 4538 τῷ
648 4470 948 4543 διδασκάλῳ
975 4474 1081 4527 τῶν
1114 4478 1385 4547 ἐσομένων
1432 4482 1671 4549 κήδεται.
1709 4485 1840 4538 Οὐδὲ
1870 4486 1978 4558 γὰρ

316 4555 364 4606 εἰ
393 4553 467 4625 μὴ
496 4555 733 4625 ἐκήδετο,
765 4562 1162 4631 παραπλησίως
1207 4566 1399 4636 ἐκείνῳ
1447 4567 1544 4638 τὴν
1590 4571 1844 4640 φροντίδα
1890 4553 1977 4625 ἐν.-

316 4641 509 4711 έθηκεν
536 4642 617 4695 ἄν.
649 4642 802 4697 υῦτω
832 4649 925 4701 καὶ
955 4649 982 4699 6
1006 4650 1236 4721 Χριστὸς
1258 4657 1437 4707 ποιεῖ’
1465 4655 1653 4726 ἐπειδὴ
1677 4656 1784 4728 γὰρ
1809 4676 1977 4728 προσ-

314 4728 477 4799 ῆλθον
508 4731 554 4782 οἱ
591 4731 847 4802 μαθηταὶ,
872 4734 938 4787 τὰ
971 4739 1213 4809 περὶτῆς
1240 4742 1545 4806 συντελείας
1577 4744 1767 4813 μαθεῖν
1796 4746 1976 4800 θέλον-

314 4835 424 4881 τες,
462 4820 592 4890 φησὶ
620 4821 755 4890 πρὸς
781 4823 971 4887 αὐτούς
997 4845 1007 4855 ·
1037 4829 1382 4894 Μελλήσετε
1421 4831 1489 4884 δὲ
1529 4834 1771 4887 ἀκούειν
1795 4837 1975 4891 πολέ-

309 4926 483 4976 μους.
521 4909 628 4961 Kal
682 4911 788 4980 μὴν
835 4908 949 4964 οὐκ
983 4914 1175 4968 ἐκεῖνοι
1230 4917 1450 4987 ἔμελλον
1499 4920 1842 4975 ἀκούειν.Ἒν
1868 4925 1976 4997 γάρ

316 4998 432 5048 ἐστι
481 4995 541 5049 τὸ
588 4995 744 5068 σῶμα
779 4998 887 5051 τῶν
918 5002 1140 5055 πιστῶν.
1182 5005 1289 5057 Καὶ
1321 5007 1570 5078 καθάπερ
1599 5010 1648 5062 οἱ
1673 5011 1793 5064 τότε
1824 5012 1974 5077 ὄντες

315 5085 444 5157 περὶ
492 5085 600 5138 τῶν
650 5085 886 5158 ὑστέρων
920 5088 1223 5157 ἁκούουσιν,
1256 5091 1397 5146 οὕτω
1419 5094 1481 5166 δὴ
1527 5097 1618 5149 καὶ
1648 5099 1806 5168 ἡμεῖς
1848 5102 1974 5172 περὶ

315 5173 423 5226 τῶν
444 5174 562 5227 τότε
587 5175 889 5246 γενομένων
918 5177 1459 5254 μανθάνομεν.Ὅπερ
1487 5183 1595 5255 γὰρ
1623 5182 1793 5251 εἷπον,
1820 5188 1974 5259 σῶμα

316 5258 375 5312 ἐν
402 5260 566 5329 ἐσμεν
599 5264 755 5332 ἡμεῖς
784 5264 1041 5323 κάκεῖνοι,
1079 5265 1213 5333 μετά
1256 5267 1535 5339 ἀκριϐείας
1576 5270 1824 5343 ἀλλήλοις
1851 5258 1974 5328 συν-

316 5345 607 5416 δεδεμένοι,
640 5350 687 5400 εί
726 5351 820 5401 καὶ
847 5350 943 5409 τὴν
969 5352 1203 5421 ἐσχάτην
1234 5352 1341 5404 τῶν
1378 5353 1551 5422 μελῶν
1577 5358 1841 5429 ἐπέχομεν
1878 5361 1974 5415 τά-

320 5430 399 5495 ξιν
419 5449 432 5462 ο
466 5433 558 5486 κα⁶ι
586 5437 646 5487 τδ
679 5435 835 5506 σῶμα
865 5436 1021 5489 τοῦτο
1044 5438 1103 5489 οὐ
1143 5438 1329 5508 χρόνος
1362 5440 1643 5512 διίστησιν,
1680 5445 1739 5497 ού
1771 5446 1933 5511 τόπος
1955 5467 1967 5479 ·

320 5518 670 5589 συνδεδέμεθα
703 5522 809 5592 γὰρ
838 5522 1103 5594 ἀλλήλοις,
1138 5525 1199 5577 οὐ
1238 5526 1441 5597 νεύρων
1486 5530 1814 5600 περιϐολαῖς,
1857 5533 2014 5608 ἀλλᾚ

317 5601 533 5674 ἀγάπης
584 5606 732 5679 [286]
782 5609 997 5680 δεσμοῖς
1045 5610 1494 5682 περιϐεϐλημένοι
1546 5617 1823 5673 πάντοθεν.
1875 5620 1971 5674 Διά

318 5690 473 5742 τοῦτο
498 5694 588 5744 καὶ
614 5696 838 5759 ἐκείνοις
868 5700 991 5769 περὶ
1033 5699 1189 5768 ήμῶν
1218 5699 1537 5768 διαλέγεται,
1575 5704 1667 5756 καὶ
1711 5708 1869 5774 ἡμεῖς
1904 5708 1970 5761 τὰ

318 5776 538 5831 ἐκείνων
565 5781 1085 5853 ἀκούσειιμεν.”Αξιον
1112 5787 1165 5841 δὲ
1186 5786 1410 5858 ζητῆσαι
1439 5791 1671 5858 κάκεῖνο,
1705 5793 1754 5845 τί
1772 5793 1965 5863 δήποτε

1072 352 1129 409 S.
1172 354 1453 412 JOANNIS
1490 359 1974 416 CllliYSOSTOMI
2012 363 2329 425 ARCHH‘IP.
2366 371 2907 429 CONSTANTINOP.

3634 376 3739 430 278

2082 485 2356 554 πανταχοῦ
2376 487 2443 539 τά
2476 488 2772 559 σκυθρωπὰ
2792 490 2927 560 πρὸς
2946 489 3014 541 τὰ
3037 489 3163 558 τέλη
3179 488 3276 557 τῆς
3296 490 3578 560 παρούσης
3600 489 3745 559 ζωῆς

2082 572 2419 639 συνωθῆσθαί
2468 592 2620 643 φησι.
2657 578 2765 629 Καὶ
2794 577 2902 647 γάρ
2934 575 3163 645 ἀλλαχοῦ
3201 576 3382 644 λέγει·
3431 578 3534 631 Ἐν
3562 576 3745 645 ἐσχά-

2079 674 2207 722 ταις
2235 659 2479 727 ήμέραις
2508 662 2964 729 ἀποστήσονταί
2992 680 3148 727 τινες
3175 662 3286 731 τῆς
3315 664 3573 729 πίστεως
3591 680 3604 692 ·
3651 664 3746 716 καὶ

2078 744 2309 799 ἐνταῦθα
2351 748 2511 800 πάλιν
2566 748 2750 817 λέγει·
2791 751 2886 802 Ἑν
2918 750 3202 817 ἐσχάταις
3243 749 3490 819 ἡμέραις
3529 752 3744 815 ἐνστήο

2079 848 2291 887 σονται
2351 836 2543 903 καιροὶ
2602 840 2878 905 χαλεποί.
2935 839 3044 893 Καὶ
3100 839 3130 891 6
3184 839 3418 909 Χριστὸς
3478 838 3743 908 σύμφωνα

2077 918 2284 984 τούτοις
2316 924 2719 993 προαναφωνῶν
2742 924 2923 993 ἔλεγεν
2941 942 2954 955 α
2987 925 3112 978 Ἐπὶ
3131 925 3238 996 γάρ
3257 925 3369 993 τῆς
3388 928 3741 992 συντελείας

2073 1006 2410 1074 μελλήσετε
2447 1010 2691 1064 ἀκούειν
2725 1012 3026 1078 πολέμους
3071 1011 3168 1064 καὶ
3214 1011 3402 1075 ἀκοὰς
3443 1012 3737 1080 πολέμων,

2079 1093 2177 1147 καὶ
2200 1096 2415 1163 λιμοὺς
2440 1097 2537 1149 καὶ
2563 1100 2830 1167 λοιμούς.
2862 1098 3017 1161 Τίνος
3046 1096 3138 1151 οὖν
3167 1098 3351 1153 ἐνεκεν
3379 1102 3435 1152 ἐν
3464 1102 3530 1171 τῇ
3560 1116 3742 1152 συντε-

2080 1180 2196 1250 λείᾳ
2224 1182 2283 1234 τὸ
2304 1183 2543 1253 μέγεθος
2572 1186 2717 1255 καὶὴ
2750 1185 2963 1249 σύνοδος
2984 1187 3090 1238 τῶν
3118 1204 3180 1239 συ
3188 1187 3443 1258 μφορῶν;
3470 1187 3621 1249 Τινὲς
3643 1189 3741 1257 μέν

2081 1284 2260 1335 φασιν,
2288 1270 2369 1322 ὅτι
2420 1272 2698 1341 κάμνουσα
2731 1274 2764 1343 ή
2805 1273 2978 1336 κτίσις
3023 1276 3113 1327 καὶ
3142 1274 3460 1339 άσθενοῦσα,
3495 1274 3741 1346 καθάπερ

2083 1356 2242 1425 σῶμα
2286 1359 2593 1429 γεγηρακὸς
2637 1359 2804 1412 πολλά
2846 1362 3142 1415 ἐπισπᾶται
3172 1362 3240 1413 τὰ
3273 1363 3569 1432 νοσήματα,
3603 1361 3742 1415 οὕτω

2079 1444 2171 1495 καὶ
2230 1444 2366 1515 αὑτὴ
2416 1447 2644 1518 γηρῶσα
2695 1447 2894 1510 πολλὰς
2946 1450 3241 1502 ἐπισπᾶται
3291 1449 3388 1512 τὰς
3438 1449 3739 1519 συμφοράς.

2092 1529 2251 1584 Ἀλλὰ
2276 1531 2336 1583 τὸ
2370 1531 2466 1601 μὲν
2504 1533 2661 1604 σῶμα
2704 1533 2847 1589 κατά
2888 1535 3097 1602 φύσεως
3128 1536 3407 1589 ἀσθένειαν
3457 1539 3549 1589 καὶ
3582 1538 3744 1606 νόμον

2080 1617 2172 1669 ἐπὶ
2200 1618 2259 1670 τὸ
2290 1618 2466 1690 γῆρας
2496 1620 2710 1690 ἔρχεται
2738 1639 2751 1652 ·
2785 1624 2833 1674 οἱ
2863 1622 2920 1674 δέ
2954 1622 3131 1692 λοιμοὶ
3178 1624 3270 1676 καὶ
3303 1626 3350 1677 οἱ
3382 1625 3608 1692 πόλεμοι
3651 1624 3744 1676 καὶ

2078 1705 2127 1755 οἱ
2155 1704 2367 1773 σεισμοὶ
2394 1706 2455 1757 ού
2481 1706 2566 1758 διὰ
2594 1707 2654 1759 τὸ
2685 1708 2856 1778 γῆρας
2887 1710 2983 1779 τῆς
3010 1709 3237 1773 κτίσεώς
3282 1713 3437 1764 εἰσιν.
3465 1711 3597 1763 Οὐδὲ
3637 1711 3743 1781 γὰρ

2081 1791 2263 1862 ἐπειδὴ
2298 1791 2368 1843 τὰ
2405 1791 2676 1863 κτίσματα
2712 1796 2883 1850 ταῦτα
2920 1799 3067 1868 γηρᾷ
3090 1840 3104 1863 ,
3156 1798 3243 1851 διὰ
3281 1798 3440 1851 τοῦτο
3477 1799 3546 1851 τὰ
3580 1800 3741 1869 νοσή-

2083 1897 2228 1947 ματα
2250 1880 2422 1932 ταῦτα
2442 1897 2456 1909 '
2489 1883 2657 1951 Λιμοὶ
2686 1885 2814 1955 γὰρ,
2846 1885 2942 1937 καὶ
2971 1885 3184 1954 λοιμοὶ,
3211 1886 3307 1939 καὶ
3339 1886 3577 1955 σεισμοὶ
3597 1888 3746 1940 κατὰ

2080 1966 2330 2031 τόπους·
2386 1967 2500 2021 ἀλλ’
2547 1969 2729 2040 ἐπειδὴ
2774 1971 2883 2023 τῶν
2926 1971 3226 2041 ἀνθρώπων
3282 1974 3315 2041 ἡ
3381 1971 3572 2043 γνώμη
3630 1972 3748 2026 δια-

2082 2054 2396 2125 φθείρεσθαι
2438 2056 2648 2126 μέλλεν
2685 2058 2965 2127 ἁμαρτιῶν
3000 2060 3108 2127 γάρ
3142 2061 3287 2111 ἐστιν
3324 2058 3537 2114 ἅπαντα
3578 2059 3747 2113 ταῦτα

2081 2142 2447 2212 κολαστήρια,
2501 2143 2594 2197 καὶ
2650 2145 2969 2215 νοσημάτων
3004 2146 3389 2216 ’ἀνθρωπίνων
3458 2146 3743 2217 φάρμακα.

2082 2232 2189 2283 Καὶ
2222 2231 2329 2302 γὰρ
2374 2232 2444 2285 τὰ
2488 2234 2769 2303 νοσήματα
2798 2234 2866 2286 τὰ
2900 2234 3211 2305 ἀνθρώπινα
3237 2235 3357 2287 τότε
3397 2235 3742 2288 ἐπιτείνεται.

2081 2320 2191 2371 Καὶ
2236 2320 2377 2382 τίνος
2422 2320 2607 2373 ἕνεκεν
2639 2321 2760 2374 τότε
2798 2322 3152 2389 ἐπιτείνεται;
3181 2324 3533 2395 φησίν.Ἑμο“ι
3574 2324 3740 2387 δοκεῖ,

2080 2407 2161 2459 ὅτι
2190 2406 2376 2478 ἐπειδὴ
2402 2408 2633 2479 χρονίζει
2661 2410 2720 2461 τὸ
2752 2409 3114 2482 δικαστήριον,
3141 2412 3234 2465 καὶ
3266 2412 3544 2482 μέλλουσιν
3575 2413 3629 2463 αί
3649 2413 3740 2463 εύ-

2081 2489 2255 2553 θῦναι,
2309 2492 2403 2544 καὶ
2443 2490 2594 2544 οὔπω
2634 2493 3006 2564 παραγέγονεν
3054 2496 3083 2547 6
3122 2495 3334 2565 κριτὴς,
3388 2495 3743 2565 ρᾳθυμότεροι

2080 2577 2319 2644 γίνονται
2346 2578 2396 2629 οἱ
2428 2578 2708 2645 μέλλοντες
2742 2580 2898 2648 λόγον
2922 2580 3346 2652 ὑπέχειν.”οπερ
3371 2578 3463 2634 οῦν
3494 2582 3586 2634 καὶ
3616 2583 3744 2650 περὶ

2080 2663 2174 2716 τοῦ
2197 2664 2433 2735 πονηροῦ
2462 2666 2670 2718 οἰκέτου
2700 2667 2863 2737 φησὶν
2890 2670 2920 2720 6
2946 2668 3196 2738 Χριστὸς,
3224 2670 3305 2721 ὄτι
3326 2669 3533 2722 ἐκεῖθεν
3554 2669 3743 2736 γέγονε

2083 2751 2468 2822 ῥᾳθυμότερος.
2498 2754 2747 2822 Χρονίζει
2777 2756 2884 2827 γὰρ
2914 2758 2942 2809 6
2976 2756 3177 2827 Κύριός
3213 2774 3336 2828 μου,
3363 2758 3525 2826 φησὶν
3550 2758 3577 2808 6
3601 2757 3746 2809 οἰκέ·

2080 2856 2198 2908 της,
2234 2839 2327 2890 καὶ
2353 2839 2440 2891 διὰ
2482 2838 2639 2893 τοῦτο
2666 2843 2793 2906 τοὺς
2824 2842 3138 2906 συνδούλους
3164 2844 3378 2907 ἔτυπτε,
3410 2844 3503 2896 καὶ
3535 2844 3631 2914 τὴν
3655 2845 3746 2897 δε-

2083 2926 2344 2997 σποτικὴν
2371 2927 2714 3000 διετάραττεν
2750 2930 2955 2984 οὐσίαν.
2985 2930 3082 2983 Διά
3110 2931 3266 2984 τοῦτο
3304 2931 3397 2984 καὶ⁸
3437 2932 3466 2983 6
3510 2932 3747 3001 Χριστὸς

2081 3015 2192 3075 τοῖς
2241 3014 2509 3084 μαθηταῖς
2560 3016 2867 3070 συνελθοῦσι
2900 3018 2993 3071 καὶ
3028 3017 3367 3088 βουλομένοις
3402 3017 3592 3089 μαθεῖν
3643 3019 3745 3088 τὴν

2082 3100 2294 3170 ἡμέραν
2325 3102 2425 3172 τῆς
2453 3103 2777 3167 συντελείας,
2814 3104 2912 3157 οὐκ
2952 3105 3124 3172 ἔλεγε,
3154 3108 3219 3176 τῇ
3251 3106 3446 3177 ἀδηλίᾳ
3476 3106 3582 3160 τῶν
3613 3107 3744 3175 μελε

2081 3186 2279 3239 λόντων
2314 3190 2638 3257 ἐναγωνίους
2670 3193 2816 3261 ἡμᾶς
2846 3191 3014 3244 ποιῶν
3057 3192 3336 3264 διηνεκῶς,
3384 3192 3470 3247 ἵνα
3520 3194 3747 3257 ἕκαστος

2083 3276 2169 3328 ἀεὶ
2219 3277 2530 3347 προσδοκῶν
2572 3280 2631 3332 τὸ
2678 3280 2889 3350 μέλλον,
2925 3283 3017 3335 καὶ
3062 3284 3118 3336 ἐν
3161 3283 3371 3337 ἐλπίσιν
3406 3283 3480 3337 ὣν
3518 3285 3614 3354 τῆς
3647 3284 3744 3337 τοῦ

2080 3364 2317 3435 Χριστοῦ
2339 3367 2664 3436 παρουσίας,
2693 3368 3173 3443 σπουδαιότερος
3196 3371 3296 3425 Διὰ
3313 3371 3471 3425 τοῦτο
3493 3375 3747 3442 παραινεῖ

2078 3472 2162 3518 τις
2209 3456 2407 3525 λέγων·
2463 3456 2561 3528 Μὴ
2607 3458 2951 3513 ἁναϐάλλου
2993 3459 3347 3528 ἐπιστρέψαι
3378 3461 3476 3513 ἐπὶ
3505 3461 3744 3525 Κύριον,

2079 3542 2233 3611 μηδέ
2263 3544 2519 3614 ἀνάμενε
2540 3546 2768 3616 ἡμέραν
2786 3547 2855 3611 ἐξ
2880 3546 3123 3616 ἡμέρας,
3148 3547 3379 3616 μήποτε
3401 3548 3481 3612 ὡς
3497 3547 3746 3614 μέλλεις

2080 3629 2613 3703 ἐκτριϐᾖς.⁹Αδηλός
2646 3636 2793 3686 ἐστιν
2823 3634 2855 3703 ἡ
2888 3633 3130 3704 τελευτὴ,
3174 3633 3329 3703 φησὶ,
3355 3634 3451 3687 καὶ
3476 3634 3563 3686 διὰ
3588 3632 3747 3687 τοῦτο

2081 3716 2296 3788 ἄδηλος,
2338 3721 2425 3773 ἵνα
2466 3722 2551 3773 ἀεὶ
2597 3718 2920 3791 σπουδάζῃς.
2951 3719 3049 3773 Διά
3085 3720 3242 3774 τοῦτο
3286 3721 3361 3785 ὡς
3405 3721 3642 3789 κλέπτης
3683 3722 3746 3775 ἐν

2081 3807 2256 3871 νυκτὶ,
2286 3807 2457 3871 οὕτως
2503 3809 2535 3878 ἡ
2577 3808 2758 3878 ἡμέρα
2787 3807 2986 3879 Κυρίου
3024 3809 3270 3880 ἔρχεται⁶
3298 3810 3397 3879 οὐχ
3428 3810 3516 3862 ἵνα
3546 3809 3742 3880 κλέψῃ,

2079 3894 2194 3947 ἀλλ’
2215 3894 2302 3947 ῖνα
2335 3896 2481 3965 ἡμᾶς
2500 3895 2931 3966 ἀσφαλεστέρους
2952 3897 3168 3967 ποιήσῃ.
3187 3896 3245 3948 ’0
3265 3895 3375 3965 γάρ
3393 3896 3483 3949 τὸν
3504 3894 3744 3965 κλέπτην

2080 3980 2345 4051 προορῶν,
2370 3982 2427 4033 ἐν
2456 3980 2729 4052 ἀγρυπνίᾳ
2755 3980 2950 4049 διάγει,
2978 3983 3072 4034 καὶ
3097 3982 3288 4051 λύχνον
3318 3982 3461 4051 ἅψας
3492 3982 3579 4035 διὰ
3612 3999 3747 4035 παν-

2081 4068 2171 4130 τὸς
2203 4070 2521 4140 ἐγρήγορεν.
2545 4067 2730 4129 Οὕτως
2753 4065 2846 4122 οὖν
2872 4069 2965 4122 καὶ
2994 4070 3151 4139 ὑμεῖς
3176 4070 3412 4139 ἅψαντες
3432 4070 3494 4124 τὸ
3512 4069 3626 4139 φῶς
3646 4071 3747 4141 τῆς

2080 4156 2313 4219 πίστεως
2359 4156 2452 4209 καὶ
2496 4156 2593 4226 τῆς
2640 4155 2802 4225 ὀρθῆς
2838 4155 3138 4220 πολιτείας,
3182 4157 3409 4228 φαιδράς
3451 4158 3600 4227 ἔχετε
3647 4158 3747 4222 τὰς

2080 4243 2364 4315 λαμπάδας
2386 4245 2443 4296 ἐν
2460 4242 2734 4312 ἀγρυπνία
2760 4243 3013 4311 διηνεκεῖ.
3034 4244 3247 4315 Ἐπειδὴ
3271 4244 3380 4315 γὰρ
3402 4245 3500 4298 οὐκ
3522 4245 3743 4313 οἴδαμεν

2082 4333 2211 4384 πότε
2260 4333 2289 4384 ὁ
2333 4331 2562 4401 νυμφίος
2617 4330 2854 4400 ἔρχεται,
2887 4330 2967 4383 δεῖ
3012 4333 3560 4403 παρεσκευασμένους
3604 4327 3744 4385 εἶναι

2078 4418 2168 4473 διὰ
2198 4417 2414 4481 παντὸς,
2447 4418 2511 4470 ἵν’
2539 4418 2663 4470 ὅταν
2690 4416 2839 4489 ἔλθῃ,
2870 4418 3136 4488 νήφοντας
3165 4418 3320 4489 εῦρῃ.

2151 4570 2217 4634 ζ’.
2235 4568 2561 4639 Ἐϐουλόμην
2581 4569 2816 4622 ἐκτεῖναι
2831 4567 2919 4621 τὸν
2932 4567 3085 4635 λόγον
3105 4586 3116 4597 ·
3136 4566 3269 4621 ἀλλὰ
3290 4566 3571 4621 καὶταῦτα
3591 4567 3740 4638 μόλις

2079 4658 2287 4727 ἀφῆκεν
2309 4659 2481 4709 εἰπεῖν
2501 4657 2533 4726 ή
2554 4654 2647 4708 τοῦ
2672 4654 2920 4726 σώματος
2944 4655 3215 4719 ἀσθένεια,
3241 4655 3307 4707 δι’
3327 4655 3392 4725 ἦν
3418 4656 3508 4708 τὸν
3534 4657 3739 4725 μακρὸν

2078 4744 2263 4798 τοῦτον
2297 4744 2449 4814 ὑμῶν
2480 4744 2807 4812 διεσπάσθην
2840 4743 3047 4813 χρόνον.
3078 4742 3304 4813 Μακρὸς
3334 4743 3439 4813 γὰρ
3483 4743 3511 4795 6
3556 4743 3741 4814 χρόνος

2078 4832 2221 4901 ἐμοὶ,
2253 4832 2312 4884 οὐ
2341 4831 2419 4901 τῷ
2450 4829 2667 4903 ἀριθμῷ
2698 4831 2804 4883 τῶν
2837 4829 3079 4901 ἡμερῶν,
3113 4828 3247 4882 άλλά
3288 4829 3366 4899 τῷ
3418 4830 3601 4901 μέτρῳ
3646 4831 3743 4883 καὶ

2076 4922 2141 4989 τῇ
2169 4918 2403 4973 διαθέσει
2436 4919 2532 4988 τῆς
2571 4918 2766 4988 ψυχῆς.
2801 4918 2923 4980 Τοῖς
2955 4916 3060 4986 γάρ
3088 4916 3300 4986 φιλοῦσι
3343 4917 3435 4969 καὶ
3471 4917 3499 4968 6
3531 4918 3741 4988 βραχὺς

2078 5008 2264 5080 χρόνος
2308 5006 2400 5059 τοῦ
2444 5005 2723 5076 χωρισμοῦ
2752 5004 2916 5066 πολὺς
2964 5005 3055 5058 καὶ
3108 5004 3310 5072 ἄφατος
3343 5003 3607 5073 φαίνεται.
3642 5006 3742 5060 Διά

2077 5089 2234 5143 τοῦτο
2267 5089 2361 5142 καὶ
2409 5089 2437 5140 ὁ
2482 5086 2693 5151 Παῦλος
2729 5087 2879 5159 1287]
2910 5088 3101 5158 μικρὸν
3129 5087 3372 5150 ἀποστάς
3413 5088 3740 5141 Θεσσαλονι-

2077 5178 2236 5238 κέων,
2265 5176 2447 5243 ἐλεγεν
2465 5189 2479 5204 ·
2523 5174 2731 5244 Ἡμεῖς,
2764 5174 3034 5243 ἀδελφοὶ,
3064 5175 3611 5243 ἀπορφανισθέντες
3635 5177 3737 5245 ἀφ’

2076 5263 2241 5335 ὑμῶν
2273 5265 2420 5332 πρὸς
2451 5264 2659 5330 καιρὸν
2686 5262 2861 5329 ὥρας,
2903 5261 3217 5329 προσώπῳ,
3244 5264 3316 5315 οὐ
3356 5261 3586 5330 καρδίᾳ,
3628 5279 3737 5315 πε-

2066 5351 2432 5422 ρισσοτέρως
2452 5348 2917 5419 ἐσπουδάσαμεν
2940 5349 3007 5403 τὸ
3033 5351 3354 5417 πρόσωπον
3378 5349 3548 5419 ὑμῶν
3566 5349 3733 5405 ἰδεῖν.

2074 5442 2137 5494 Et
2183 5440 2237 5494 δέ
2289 5439 2496 5503 Παῦλος
2523 5442 2552 5492 ὁ
2577 5438 2793 5493 πάντων
2820 5437 3053 5509 μάλιστα
3085 5438 3390 5507 φιλοσοφεῖν
3425 5438 3603 5501 εἰδὼς,
3637 5440 3737 5493 οὐκ

2074 5530 2302 5601 ἤνεγκεν
2331 5529 2464 5599 πρὸς
2496 5528 2683 5599 καιρὸν
2704 5526 2871 5599 ὧρας,
2909 5528 3024 5591 πῶς
3046 5530 3203 5598 ἡμεῖς
3226 5526 3491 5590 τοσαύτας
3516 5530 3736 5597 οῖσομεν

2074 5618 2320 5688 ἡμέρας;
2373 5616 2509 5668 Ἀλλ’
2532 5616 2733 5677 ἐκεῖνος
2765 5616 2861 5685 μὲν
2908 5616 3099 5685 μηκέτι
3144 5616 3367 5681 στέγων,
3402 5614 3473 5667 τά
3505 5616 3734 5683 λείψανα

2072 5706 2170 5775 τῆς
2195 5704 2503 5775 ἀρρωστίας
2531 5703 2689 5773 ἔχων,
2713 5702 2943 5773 ἔδραμον
2967 5704 3101 5774 πρὸς
3122 5703 3282 5773 ὑμᾶς,
3314 5703 3571 5772 μέγιστον
3593 5705 3734 5775 φάρ-

2078 5811 2246 5864 μακον
2278 5794 2573 5865 ἡγούμενος
2619 5792 2895 5863 ἐπιθήσειν
2940 5796 3038 5864 τῆς
3079 5790 3345 5863 ὑμετέρας
3373 5792 3592 5862 ἀγάπης
3638 5808 3733 5862 την
