4126 6294
474 346 575 401 277

469 473 734 531 parcentes
771 464 940 536 gregi.
988 463 1190 536 Duplex
1235 464 1434 521 bellum
1475 480 1490 520 :
1536 463 1685 519 Pauli
1732 462 1971 517 absentia
2000 471 2053 515 et

477 557 708 612 incursio
734 556 985 627 luporum
1016 573 1030 610 :
1058 556 1247 612 doctor
1270 572 1377 611 non
1402 555 1608 621 aderit,
1634 564 1688 609 et
1713 562 2054 622 corruptores

474 651 845 706 imminebunt.
880 652 963 707 Ac
988 651 1255 722 perpende
1294 650 1527 707 ferarum
1558 650 1841 716 vafritiem,
1873 658 1927 703 et
1955 648 2055 701 im-

476 744 764 813 proborum
804 744 1083 798 hominum
1109 744 1392 798 versutiam
1423 760 1440 795 :
1481 743 1777 798 absentiam
1820 740 2053 795 doctoris

476 834 843 897 observarunt,
869 843 924 889 et
952 844 1075 888 tunc
1096 848 1312 903 gregem
1340 833 1670 887 invasean
1697 831 1832 899 Quid
1858 829 2053 901 igitur?

393 958 395 961 -
479 940 574 978 nos
600 925 720 980 sine
750 925 883 980 duce
908 932 962 979 et
991 924 1286 994 patrocinio
1310 923 1535 989 deseris,
1568 932 1876 991 tantumque
1913 920 2055 975 cala-

478 1016 686 1070 mitates
726 1015 997 1084 praedicis,
1042 1030 1214 1084 neque
1246 1015 1405 1069 ullam
1448 1014 1714 1083 excogitas
1737 1011 2054 1067 consolatio—

479 1108 636 1161 nem?
668 1106 862 1162 Verum
890 1105 936 1160 si
961 1107 1063 1159 hoc
1088 1105 1272 1169 facias,
1295 1106 1540 1160 timorem
1566 1118 1745 1174 auges,
1773 1112 1825 1157 et
1848 1102 2052 1155 animos

478 1199 686 1270 dejicis,
736 1214 931 1254 nervos
974 1198 1239 1265 dissolvis,
1287 1208 1445 1268 atque
1490 1213 1680 1253 manus
1707 1196 2050 1252 audientium.

482 1289 605 1345 Ideo
656 1288 809 1355 prius
854 1288 961 1341 illis
1004 1285 1271 1356 Spiritum
1316 1288 1765 1342 commemoravit
1803 1304 1814 1339 :
1864 1286 1929 1340 In
1955 1304 2052 1357 quo

481 1396 565 1435 vos
594 1380 821 1449 Spiritus
849 1387 1052 1434 sanctus
1098 1381 1263 1449 posuit
1291 1390 1517 1450 pastores
1555 1392 1602 1433 et
1631 1380 1888 1449 episcOpos
1913 1379 2047 1445 (Act.

478 1475 569 1528 20.
596 1471 710 1545 28).
743 1472 966 1527 Etiamsi
996 1472 1191 1528 Paulus
1216 1473 1404 1537 abeat,
1437 1473 1634 1542 inquit,
1660 1480 1715 1525 at
1746 1470 2052 1527 Paracletus

484 1566 653 1620 adest.
686 1566 871 1620 Viden’
897 1565 1165 1636 quomodo
1201 1580 1385 1620 eorum
1416 1564 1587 1620 erexit
1608 1564 1841 1617 animum
1863 1603 1878 1625 ,
1914 1563 2052 1616 divi-

482 1672 607 1710 num
637 1671 1059 1710 commemorans
1082 1655 1381 1720 doctorem,
1410 1654 1559 1724 cujus
1580 1668 1680 1724 ope
1709 1662 1762 1707 et
1792 1654 1903 1721 ipse
1928 1652 2050 1705 dum

482 1761 717 1815 prmsens
737 1757 877 1801 esset
904 1746 1153 1801 valebat?
1175 1747 1279 1800 Cur
1311 1759 1439 1814 ergo
1469 1746 1712 1798 timorem
1739 1742 1959 1811 injecit?
1988 1741 2054 1797 Ut

479 1837 736 1891 desidiam
782 1837 1096 1891 eliminaret.
1130 1836 1425 1906 Utrumque
1448 1835 1587 1890 enim
1620 1844 1872 1904 praestare
1897 1833 2054 1887 debet

483 1930 528 1982 is
552 1930 638 1997 qui
666 1928 758 1981 dat
782 1928 1090 1985 consilium:
1114 1943 1212 1983 nec
1237 1928 1545 1996 permittere
1572 1937 1628 1979 ut
1656 1924 1864 1979 auditor
1889 1922 2051 1977 conﬁ-

484 2019 593 2085 dat,
618 2034 684 2074 ne
713 2020 926 2089 segnior
953 2019 1173 2085 evadat;
1202 2033 1372 2087 neque
1394 2016 1801 2088 perterrefacere
1829 2024 2047 2079 tantum,

478 2130 552 2168 ue
596 2115 649 2166 in
693 2113 913 2166 nimium
956 2121 1154 2167 metum
1200 2111 1416 2165 incidat.
1465 2107 1597 2163 Cum
1636 2123 1764 2178 ergo
1795 2107 2052 2177 Spiritum

482 2206 919 2261 commemoravit
944 2247 960 2271 ,
996 2205 1248 2260 timorem
1272 2201 1467 2274 ejecit;
1494 2220 1619 2258 cum
1640 2202 1799 2270 lupos
1823 2201 2050 2263 addidit,

487 2299 761 2370 sognitiem
793 2298 1012 2367 depulit.
1045 2297 1175 2367 Lupi
1216 2312 1421 2366 graves,
1466 2312 1566 2348 non
1596 2304 1852 2364 parcentes
1893 2293 2050 2363 gregi.

489 2391 739 2444 Attendite
765 2389 919 2443 vobis.
953 2388 1101 2442 Nihil
1126 2388 1369 2451 subtraxi,
1399 2387 1567 2456 inquit
1596 2404 1608 2440 :
1634 2401 1891 2440 memores
1913 2394 2055 2440 esto-

490 2492 539 2536 te
572 2482 695 2536 mei.
738 2479 944 2536 Sufﬁcit
971 2481 1113 2534 enim
1140 2478 1285 2533 Pauli
1320 2478 1572 2532 memoria
1598 2476 1663 2530 ad
1695 2477 1937 2531 ﬁduciam
1969 2478 2052 2530 iu-

486 2572 732 2627 tlendam.
764 2571 880 2626 Non
910 2570 1219 2624 memoriam
1248 2570 1327 2624 sui
1358 2569 1523 2637 tangit
1549 2568 1742 2634 solum,
1775 2568 1867 2623 sed
1893 2571 2051 2622 etiam

490 2664 798 2717 memoriam
824 2672 1116 2733 gestorum.
1139 2660 1289 2728 Quod
1312 2660 1452 2715 enim
1477 2676 1581 2713 non
1609 2660 1918 2728 simpliciter
1944 2674 2054 2714 me-

490 2754 707 2807 moriam
740 2754 821 2807 sui
854 2753 1122 2823 postulet:
1167 2751 1261 2806 sed
1287 2761 1345 2805 ut
1382 2751 1644 2805 recordati
1686 2751 1832 2819 ejus,
1881 2751 2051 2820 ipsum

490 2844 764 2895 imitentur
791 2880 805 2903 ,
854 2838 1112 2892 audituro
1157 2836 1332 2892 cuivis
1377 2838 1597 2910 subjicit
1639 2858 1650 2891 :
1699 2839 2054 2895 Recordamini

488 2934 617 2997 mei,
649 2934 885 3001 quoniam
929 2950 1017 3003 per
1046 2934 1313 2986 triennium
1357 2942 1499 2985 nocte
1537 2941 1582 2986 et
1624 2932 1706 2985 die
1733 2949 1835 2986 non
1868 2932 2055 2985 cessavi

487 3039 599 3075 cum
627 3022 861 3093 lacrgmis
886 3034 931 3078 et
957 3024 1218 3095 gemitibus
1242 3023 1345 3077 illis
1368 3023 1595 3075 omnibus
1642 3038 1849 3076 monens
1872 3038 2055 3075 unum-

487 3130 723 3183 quemque
747 3124 959 3169 vestrum
989 3114 1123 3186 (Act.
1151 3113 1239 3168 20.
1266 3113 1375 3182 51).
1403 3112 1516 3167 Νοη
1543 3112 1714 3166 solum
1742 3112 1848 3167 mei
1870 3126 2051 3166 recor-

487 3204 603 3258 dari
632 3219 726 3259 vos
755 3205 951 3275 cupio;
990 3204 1085 3260 sed
1126 3205 1287 3259 etiam
1330 3204 1611 3273 temporis,
1656 3202 2050 3270 admonitionis,

488 3309 665 3361 curas,
713 3294 1064 3365 lacrymarum
1111 3305 1165 3349 et
1213 3296 1503 3366 gemituum
1543 3294 1752 3347 illorum
1792 3293 2048 3347 omnium.

488 3384 944 3452 Quemadmodum
968 3388 1106 3442 enim
1132 3395 1450 3457 aegrotorum
1477 3384 1705 3455 cognati,
1727 3400 1849 3440 cum
1874 3384 2056 3440 vident

489 3477 607 3530 illos
635 3476 791 3531 dictis
835 3477 943 3530 suis
984 3476 1267 3547 multisque
1315 3476 1529 3530 monitis
1573 3492 1677 3529 non
1724 3475 1915 3529 cedere
1954 3490 2055 3531 nec

486 3568 767 3624 admittere
795 3569 1041 3624 alimenta
1071 3580 1124 3624 et
1165 3570 1446 3639 pharmaca
1492 3570 1648 3639 aegris
1673 3570 2050 3638 competentia,

486 3662 867 3733 lacrymantur,
908 3671 964 3717 ut
992 3663 1111 3717 illos
1153 3663 1360 3718 facilius
1388 3662 1601 3717 flectant
1632 3680 1644 3716 :
1675 3664 1752 3717 sic
1780 3671 1833 3718 et
1861 3663 2053 3718 Paulus

481 3767 609 3822 erga
656 3752 938 3823 discipulos
985 3769 1043 3808 se
1084 3754 1334 3824 gerebat;
1379 3769 1499 3808 cum
1544 3754 1758 3809 videbat
1799 3754 2053 3809 doctrina:

481 3857 782 3898 sermonem
806 3844 870 3898 ad
899 3845 1225 3900 suadendum
1253 3846 1517 3900 inﬁrmum
1537 3860 1678 3911 esse,
1701 3846 2051 3916 lacrymarum

478 3934 741 3989 medelam
772 3935 1074 3991 inducebat.

549 4026 603 4081 6.
643 4027 772 4093 Quis
800 4035 977 4083 autem
1006 4042 1111 4084 non
1142 4028 1403 4084 reveritus
1430 4038 1606 4094 esset,
1634 4028 1854 4083 Paulum
1882 4029 2051 4099 lacry-

479 4128 711 4173 mantem
736 4134 963 4174 cernens
994 4134 1056 4175 ac
1092 4128 1392 4190 gementem
1411 4162 1426 4186 ,
1455 4120 1661 4175 etiamsi
1689 4135 1846 4174 sensu
1886 4121 2052 4190 magis

478 4209 770 4265 destitutus
796 4210 1021 4276 fuisset,
1049 4226 1207 4281 quam
1238 4210 1475 4279 lapides?
1519 4211 1760 4265 Vidistin‘
1786 4211 2051 4280 quomodo

477 4304 640 4358 etiam
670 4302 779 4357 illic
807 4302 981 4357 futura
1008 4302 1350 4373 prmdixerit?
1381 4302 1477 4357 Hic
1505 4303 1663 4357 etiam
1691 4302 1919 4371 idipsum
1945 4302 2053 4371 agit

476 4398 661 4452 dicens
694 4413 708 4448 :
739 4395 853 4450 Hoc
878 4406 1044 4449 autem
1073 4397 1264 4462 scitote,
1297 4397 1534 4466 quoniam
1558 4397 1612 4448 in
1638 4396 1915 4448 novissimis
1940 4396 2048 4448 die-

477 4491 569 4544 bus
596 4498 743 4543 erunt
770 4499 995 4558 tempora
1023 4490 1197 4559 gravia
1223 4488 1299 4559 (2.
1329 4488 1457 4541 Tim.
1483 4489 1535 4543 5.
1560 4486 1636 4558 1).
1663 4485 1771 4541 Cur
1794 4497 1967 4541 autem
1997 4486 2047 4541 id

475 4580 758 4637 Timotheo
784 4580 898 4645 ait,
946 4596 1045 4637 nec
1073 4581 1202 4635 dicit
1234 4599 1247 4635 :
1277 4581 1460 4635 Sciant
1505 4581 1539 4634 ii
1587 4579 1677 4650 qui
1722 4589 1843 4648 post
1887 4580 2048 4633 futuri

476 4682 620 4739 sunt,
666 4674 779 4727 fore
817 4681 1058 4741 tempora
1103 4671 1326 4742 gravia?
1367 4671 1458 4727 sed
1478 4671 1629 4726 Scito
1660 4680 1749 4735 tu,
1790 4678 1849 4723 ut
1876 4670 2049 4726 discas

477 4765 792 4835 discipulum
821 4764 1039 4833 perinde
1077 4773 1235 4833 atque
1277 4765 1585 4833 magistrum
1622 4762 1713 4816 illa
1742 4761 1900 4816 etiam
1931 4778 2048 4830 qua:

478 4858 651 4913 futura
678 4868 802 4913 sunt
827 4874 1034 4914 curare.
1060 4856 1116 4913 Si
1146 4859 1289 4912 enim
1317 4871 1421 4910 non
1448 4865 1705 4922 curasset,
1733 4872 1838 4911 non
1866 4871 2045 4925 parem

476 4950 548 5002 illi
578 4949 990 5004 sollicitudinem
1019 4949 1377 5019 imposuisset.
1418 4949 1493 5003 lta
1523 4948 1645 5003 fecit
1683 4959 1732 5002 et
1762 4948 2003 5003 Christus
2030 4964 2043 5000 :

474 5039 594 5108 quia
623 5041 766 5095 enim
797 5047 1133 5094 accesserant
1161 5037 1425 5108 discipuli,
1453 5037 1593 5107 quod
1619 5037 1818 5093 vellent
1843 5053 1904 5093 ea
1928 5054 2047 5107 qua:

473 5133 539 5185 ad
570 5133 1085 5187 consummationem
1119 5131 1429 5200 spectabant
1472 5129 1713 5185 ediscere
1736 5173 1751 5197 ,
1798 5132 1872 5184 ait
1901 5130 2004 5184 illis
2032 5148 2045 5184 ε

474 5224 710 5276 Audituri
751 5223 869 5277 estis
898 5223 1073 5292 praelia
1104 5220 1336 5295 (Matth.
1370 5219 1460 5275 24.
1489 5219 1522 5274 6
1546 5220 1585 5290 ).
1618 5220 1777 5290 Atqui
1821 5236 1925 5275 non
1969 5221 2044 5275 illi

470 5314 699 5368 audituri
742 5322 916 5369 erant.
951 5313 1121 5369 Unum
1151 5327 1378 5382 namque
1425 5318 1507 5365 est
1548 5326 1743 5381 corpus
1789 5312 2043 5366 ﬁdelium.

470 5408 549 5460 Ac
572 5404 1022 5475 quemadmodum
1062 5405 1097 5458 ii
1135 5404 1223 5473 qui
1252 5412 1376 5456 tunc
1415 5411 1599 5467 erant,
1640 5402 1708 5457 de
1736 5402 2045 5472 postfuturis

469 5497 777 5561 audiebant,
802 5497 879 5551 sic
902 5506 954 5551 et
984 5509 1081 5550 nos
1109 5495 1175 5549 de
1202 5494 1307 5549 illis
1330 5495 1419 5564 qui
1444 5504 1569 5549 tunc
1597 5494 1744 5550 fuere
1768 5495 2039 5550 discimus.

470 5590 539 5645 Ut
564 5592 705 5645 enim
733 5589 842 5644 dixi
864 5630 882 5657 ,
926 5603 1090 5643 unum
1120 5602 1315 5657 corpus
1356 5602 1478 5641 cum
1521 5586 1625 5641 illis
1653 5602 1866 5650 sumus,
1899 5595 2043 5641 arcte

466 5692 650 5737 mutuo
674 5681 970 5752 conjuncti,
994 5681 1201 5735 etiamsi
1227 5689 1515 5734 extremam
1541 5679 1900 5733 membrorum
1923 5694 2041 5748 par-

466 5784 571 5831 tem
598 5786 923 5846 occupamus
953 5792 966 5829 :
998 5786 1294 5843 corpusque
1319 5770 1417 5828 hoc
1447 5785 1544 5827 nec
1572 5780 1779 5840 tempus
1804 5779 2038 5839 separat,

1076 343 1142 400 IN
1179 343 1404 411 lLLUD,
1443 342 1576 400 110C
1608 340 1897 398 SCITOTE
1931 339 2112 407 QUOD
2151 341 2216 396 ΙΝ
2253 341 2625 404 NOVISSIMIS
2662 348 2929 417 DIEBUS,
2969 353 3121 411 ETC.

3632 360 3734 415 278

2164 475 2263 516 nec
2290 461 2437 516 locus
2470 480 2486 516 :
2518 472 2705 520 mutuo
2731 468 2871 521 enim
2901 470 3130 541 colligati
3159 486 3342 528 sumus
3361 515 3377 540 ,
3409 489 3512 530 non
3540 490 3733 532 nervo-

2160 569 2276 607 rum
2303 555 2611 610 eircuitibus
2634 598 2647 620 ,
2690 559 2783 612 sed
2818 561 3051 617 caritatis
3089 564 3313 620 vinculis
3343 567 3574 636 undique
3602 584 3735 623 eon-

2157 644 2351 699 stricti.
2380 645 2504 700 ldeo
2532 657 2587 702 et
2624 647 2740 702 illos
2771 649 2911 704 circa
2938 667 3037 707 nos
3063 653 3379 724 alloquitur,
3409 667 3462 711 et
3491 674 3589 713 nos
3615 677 3735 729 qua:

2156 731 2223 788 ad
2264 734 2383 790 illos
2425 746 2669 805 spectant
2712 740 3009 795 audiamus.
3062 742 3249 813 Opera:
3291 748 3521 816 pretium
3555 758 3638 803 est
3679 762 3736 806 et

2157 824 2283 879 illud
2328 842 2605 896 quaerere,
2634 844 2727 882 cur
2769 831 2962 901 ubique
3011 834 3177 888 tristia
3222 852 3407 892 versus
3449 841 3733 908 prtesentis

2156 914 2278 971 vita:
2329 917 2487 973 ﬁnem
2532 935 2812 975 accessura
2854 922 3015 977 dicat.
3066 924 3273 979 Etenim
3316 928 3437 982 alibi
3465 930 3593 984 dicit
3624 949 3638 983 :
3668 930 3736 985 In

2156 1010 2438 1064 novissimis
2462 1012 2635 1065 diebus
2656 1014 2910 1067 discedent
2935 1016 3139 1085 quidam
3164 1034 3194 1070 a
3217 1018 3318 1086 ﬁde
3340 1020 3413 1091 (l.
3429 1020 3562 1075 Tim.
3578 1024 3630 1077 4.
3647 1024 3730 1093 1);

2155 1106 2211 1152 et
2238 1100 2323 1153 hic
2348 1115 2557 1154 rursum
2588 1104 2662 1154 ait
2695 1119 2709 1156 :
2733 1101 2801 1156 In
2829 1105 3116 1159 novissimis
3142 1106 3313 1161 diebus
3342 1120 3486 1163 erunt
3510 1121 3738 1182 tempora

2154 1190 2327 1258 gravia
2358 1188 2450 1261 (2.
2480 1190 2608 1243 Tim.
2640 1192 2692 1246 5.
2720 1194 2746 1246 1
2774 1198 2812 1261 ).
2845 1192 3088 1249 Christus
3128 1212 3337 1268 quoque
3380 1199 3462 1253 his
3504 1217 3736 1259 consona

2160 1283 2520 1350 prmnuntians
2550 1284 2723 1339 aiebat
2754 1304 2766 1339 :
2798 1286 2927 1361 Nam
2957 1286 3024 1341 In
3061 1291 3488 1346 consummatione
3510 1296 3737 1350 audituri

2154 1373 2272 1427 estis
2298 1374 2479 1442 prelia
2505 1382 2551 1427 et
2580 1378 2842 1445 opiniones
2873 1380 3163 1447 prwliorum
3186 1423 3200 1446 ,
3233 1389 3278 1435 et
3308 1386 3469 1454 {antes
3503 1393 3548 1437 et
3578 1398 3737 1454 pestes
3761 1420 3775 1438 .

2158 1463 2380 1531 (Matth.
2405 1465 2496 1520 24.
2520 1466 2573 1520 6.
2598 1466 2683 1537 7).
2716 1468 2822 1523 Cur
2852 1485 2978 1540 ergo
3008 1471 3060 1524 in
3096 1476 3551 1530 consummatione
3582 1486 3656 1531 tot
3685 1487 3740 1532 et

2157 1562 2319 1607 tautae
2342 1555 2499 1609 simul
2524 1558 2893 1613 calamitates?
2920 1561 3145 1627 Quidam
3174 1563 3374 1630 dicunt,
3401 1564 3736 1622 fatiscentem

2157 1656 2209 1701 et
2238 1646 2592 1703 inﬁrmantem
2626 1661 2888 1717 naturam,
2913 1654 3049 1708 sicut
3074 1670 3269 1726 corpus
3290 1656 3556 1726 quoddam
3588 1660 3739 1715 senio

2159 1737 2458 1794 confectum
2490 1740 2686 1796 multos
2712 1743 2930 1797 attrahit
2960 1746 3193 1810 morbos,
3227 1748 3303 1801 sic
3329 1764 3445 1801 eam
3473 1764 3731 1804 consene—

2156 1840 2394 1885 scentem
2419 1831 2614 1886 multas
2638 1833 2907 1890 attrahere
2928 1835 3276 1891 calamitates.
3306 1840 3375 1892 At
3400 1854 3593 1909 corpus
3618 1842 3737 1911 qui.

2157 1920 2277 1975 dem
2318 1922 2386 1976 ob
2427 1924 2666 1992 corporis
2709 1925 3070 1979 inﬁrmitatem
3116 1928 3408 1982 secundum
3455 1930 3623 1997 legem
3667 1930 3738 1985 ad

2157 2014 2364 2068 senium
2408 2016 2597 2068 venit:
2630 2016 2949 2085 pestilentia:
2992 2027 3205 2083 autem,
3258 2018 3432 2084 bella,
3478 2030 3533 2075 et
3581 2032 3737 2077 terrae

2157 2115 2333 2161 motus
2353 2147 2369 2172 ,
2412 2122 2517 2161 non
2546 2107 2615 2163 ob
2642 2116 2845 2163 natura:
2874 2119 3201 2165 senectutem
3246 2112 3510 2167 accidunt.
3552 2114 3738 2184 Neque

2156 2197 2297 2251 enim
2326 2197 2445 2252 ideo
2483 2197 2729 2253 accidunt
2759 2199 2814 2252 hi
2847 2200 3050 2267 morbi,
3081 2201 3221 2269 quod
3266 2214 3522 2258 creatura).
3549 2220 3737 2259 conse-

2156 2296 2376 2342 nescant
2407 2306 2421 2345 :
2454 2288 2639 2344 Fames
2680 2305 2906 2360 nempe,
2950 2292 3267 2360 pestiletttite,
3309 2303 3355 2346 et
3395 2304 3540 2349 terra:
3574 2307 3737 2351 motus

2158 2396 2246 2448 per
2269 2380 2380 2433 loca
2404 2397 2423 2435 :
2450 2382 2542 2435 sed
2586 2383 2707 2453 quia
2748 2383 3020 2438 hominum
3061 2386 3269 2440 animos
3297 2389 3563 2457 corrumpi
3593 2390 3735 2442 l’utu-

2157 2486 2274 2525 rum
2301 2480 2386 2526 est
2418 2491 2430 2527 :
2469 2472 2582 2529 haec
2619 2475 2813 2544 quippe
2851 2476 3029 2531 omnia
3071 2485 3195 2531 sunt
3221 2478 3448 2534 ultiones
3486 2490 3734 2549 peccato-

2156 2579 2294 2627 rum,
2327 2576 2381 2619 et
2407 2568 2804 2635 aegritudiuibus
2849 2569 3094 2623 humanis
3123 2572 3379 2624 remedia.
3423 2572 3553 2627 Nam
3584 2575 3737 2643 a‘gri-

2159 2654 2369 2709 tudines
2410 2655 2655 2712 humana:
2698 2668 2823 2712 tunc
2863 2670 3140 2728 augentur.
3189 2661 3257 2714 Et
3294 2677 3456 2731 quare
3488 2672 3609 2717 tunc
3636 2680 3734 2717 au-

2156 2749 2391 2818 geritur?
2421 2749 2644 2817 inquies.
2675 2751 2955 2818 Quoniam,
2988 2763 3040 2807 ut
3071 2754 3199 2807 mihi
3229 2754 3453 2820 videtur,
3478 2756 3733 2826 judicium

2156 2847 2209 2891 et
2238 2853 2407 2906 ptena:
2437 2840 2487 2892 in
2526 2839 2833 2895 diuturnum
2878 2850 3086 2911 tempus
3129 2842 3444 2899 differuntur
3465 2888 3479 2912 ,
3510 2862 3571 2901 ac
3597 2863 3733 2901 non-

2156 2928 2282 2983 dum
2327 2930 2543 2985 advenit
2589 2931 2792 2994 Judex.
2844 2934 2932 3002 qui
2980 2935 3240 2988 rationem
3286 2936 3539 2991 reddituri
3589 2948 3732 3005 sunt,

2154 3020 2430 3089 segniores
2460 3022 2709 3076 evadunt.
2744 3022 2799 3077 Id
2830 3023 2972 3092 quod
3003 3028 3163 3079 etiam
3199 3025 3447 3080 Christus
3476 3029 3542 3082 de
3580 3044 3730 3083 servo

2160 3126 2388 3180 nequam
2417 3111 2565 3177 dicit,
2599 3114 2768 3182 ipsum
2803 3115 2921 3170 ideo
2951 3118 3389 3187 ncgligentiorem
3419 3119 3596 3174 fuisse.
3629 3121 3737 3174 Mo-

2157 3216 2245 3256 ras
2276 3202 2441 3258 trahit
2467 3204 2714 3259 dominus
2742 3222 2914 3274 meus,
2947 3209 3116 3279 inquit
3144 3208 3231 3265 ille
3258 3224 3445 3267 servus
3469 3253 3484 3278 ,
3513 3212 3738 3282 ideoque

2158 3307 2450 3349 conservos
2477 3295 2821 3365 verberabat,
2867 3309 2920 3354 et
2950 3300 3143 3355 heriles
3170 3302 3449 3357 facultates
3487 3318 3735 3374 pessum-

2156 3385 2335 3440 dabat.
2385 3386 2585 3443 Idcirco
2628 3388 2869 3444 Christus
2914 3394 3285 3448 accedentibus
3330 3395 3629 3465 discipulis,
3679 3409 3734 3450 et

2156 3480 2516 3546 quaerentibus
2546 3480 2785 3537 ediscere
2816 3483 2953 3537 diem
2984 3487 3490 3551 consummationis,
3523 3503 3628 3541 non
3656 3489 3736 3542 in-

2156 3569 2387 3638 dicavit,
2420 3583 2478 3626 ut
2504 3572 2798 3627 futurorum
2841 3576 3071 3630 incertos
3098 3594 3195 3633 nos
3222 3578 3434 3632 assidue
3464 3580 3515 3632 in
3547 3580 3736 3636 timore

2156 3671 2353 3727 servet,
2383 3673 2436 3716 et
2463 3665 2656 3733 singuli
2684 3680 2896 3735 semper
2923 3667 3153 3721 futurum
3181 3680 3577 3738 exspectantes,
3601 3682 3655 3727 et
3681 3674 3732 3727 in

2155 3766 2251 3820 spe
2275 3752 2474 3807 Christi
2501 3754 2763 3811 adventus
2789 3768 3063 3813 versantes
3083 3800 3097 3825 ,
3130 3759 3491 3829 diligentiores
3531 3772 3732 3817 essent.

2156 3845 2280 3900 ideo
2325 3847 2575 3903 admonet
2612 3850 2875 3920 quiSpiam
2915 3851 3099 3906 dicens
3132 3870 3145 3905 :
3175 3851 3259 3907 Ne
3283 3852 3489 3919 di/feras
3515 3855 3735 3909 converti

2154 3940 2222 3989 ad
2241 3935 2537 4004 Dominum,
2577 3956 2734 4010 neque
2757 3951 3009 4011 exspectes
3054 3943 3115 3995 de
3141 3943 3222 3997 die
3248 3944 3299 3996 in
3327 3944 3457 3996 diem
3475 3986 3489 4010 ,
3518 3961 3580 3998 ne
3605 3948 3735 4015 forte

2155 4030 2279 4083 dum
2309 4032 2507 4095 tardas,
2538 4034 2813 4087 conteraris
2843 4032 2861 4104 (
2878 4032 3042 4087 Eccli.
3072 4034 3125 4088 5.
3154 4035 3208 4090 8.
3232 4035 3319 4104 9).
3354 4034 3556 4089 Incerta
3589 4051 3734 4092 mors

2155 4132 2256 4187 est,
2292 4122 2482 4192 inquit,
2513 4134 2567 4179 et
2607 4125 2726 4180 ideo
2768 4126 2997 4194 incerta,
3033 4136 3089 4181 ut
3114 4143 3323 4197 semper
3351 4129 3607 4183 sollicitus
3633 4131 3729 4184 sis.

2155 4212 2488 4282 Quapropter
2512 4216 2647 4269 sicut
2688 4215 2770 4269 fur
2795 4226 2953 4270 noctu
2976 4257 2988 4280 ,
3021 4218 3098 4270 sic
3136 4219 3250 4272 dies
3280 4219 3485 4273 Domini
3514 4222 3688 4275 veniet
3714 4239 3729 4275 :

2156 4319 2262 4357 non
2290 4314 2347 4357 ut
2376 4304 2602 4370 furetur,
2631 4306 2723 4360 sed
2749 4316 2807 4360 ut
2833 4322 2930 4361 nos
2954 4308 3217 4362 cautiores
3243 4309 3448 4363 reddat.
3479 4309 3608 4363 Nam
3638 4312 3731 4380 qui

2153 4404 2433 4449 venturum
2464 4395 2633 4450 furem
2660 4399 2932 4467 praevidet,
2963 4399 3014 4452 in
3042 4399 3234 4468 vigiliis
3262 4402 3389 4469 agit,
3417 4410 3471 4454 ct
3507 4417 3731 4457 accensa

2154 4485 2365 4540 lucerna
2395 4501 2606 4555 semper
2623 4489 2823 4557 vigilat.
2851 4490 2940 4544 Sic
2965 4498 3017 4544 et
3042 4505 3135 4544 vos
3162 4491 3335 4560 itaque
3357 4506 3577 4546 accensa
3606 4493 3730 4547 ﬁdei

2154 4584 2209 4629 et
2231 4577 2358 4630 recti
2379 4577 2500 4631 vitae
2529 4578 2749 4632 instituti
2781 4581 2897 4633 luce
2918 4621 2933 4643 ,
2962 4580 3262 4648 splendidas
3285 4582 3529 4637 habetote
3559 4584 3731 4639 lucer-

2153 4682 2280 4731 nas,
2314 4668 2368 4722 in
2397 4668 2625 4724 assiduis
2655 4671 2864 4739 vigiliis.
2895 4670 3027 4737 Quia
3058 4674 3198 4726 enim
3241 4674 3512 4728 nescimus
3556 4691 3727 4745 quan-

2153 4759 2345 4815 donam
2389 4777 2619 4831 sponsus
2664 4773 2919 4817 venturus
2964 4766 3069 4827 sit,
3115 4780 3325 4834 semper
3358 4776 3565 4835 paratos
3608 4784 3728 4824 esse

2152 4861 2382 4920 oportet,
2412 4863 2472 4906 ut
2497 4868 2618 4907 cum
2645 4854 2867 4920 venerit,
2899 4870 2995 4909 nos
3024 4856 3301 4925 vigilantes
3331 4858 3581 4911 inveniat.

2223 4944 2273 4997 7.
2311 4942 2693 5014 Cltrysostomus
2721 4946 3011 5012 infirmitate
3048 4948 3271 5013 corporis
3310 4948 3535 5017 exposita
3563 4948 3716 5012 ﬁnem

2152 5035 2367 5088 orationi
2414 5037 2646 5104 imponit.
2689 5066 2760 5075 —
2800 5036 2958 5090 Plura
2999 5036 3180 5092 dicere
3221 5038 3411 5091 vellem
3444 5037 3572 5089 :sed
3611 5036 3725 5089 lure

2153 5128 2387 5197 proferre
2414 5128 2694 5184 inﬁrmitas
2725 5130 2962 5198 corporis
2986 5131 3071 5183 vix
3103 5131 3363 5198 permisit,
3391 5145 3491 5198 qua
3521 5144 3548 5181 a
3576 5128 3726 5182 vobis

2153 5218 2309 5288 longo
2352 5229 2590 5288 tempore
2633 5221 2845 5275 avulsus
2885 5236 3022 5274 sum.
3075 5221 3311 5289 Longum
3355 5219 3480 5271 mihi
3518 5228 3726 5286 tempus

2151 5309 2268 5375 fuit,
2299 5327 2400 5364 non
2449 5326 2670 5366 numero
2713 5311 3054 5379 dierum,sed
3100 5309 3387 5366 secundum
3420 5324 3722 5363 mensuram

2149 5401 2366 5455 allectus
2396 5403 2577 5456 animi.
2621 5404 2933 5457 Amantibus
2953 5405 3092 5457 enim
3113 5442 3127 5466 ,
3155 5403 3251 5454 etsi
3281 5400 3444 5453 breve
3470 5396 3676 5453 absenti
3698 5416 3741 5449 a-

2153 5500 2379 5561 tempus,
2404 5493 2623 5547 multum
2657 5503 2831 5547 tamen
2862 5494 3151 5561 ingensque
3169 5490 3394 5543 videtur.
3432 5489 3554 5542 Ideo
3586 5488 3695 5542 l’au
3716 5519 3741 5527 -

2150 5582 2229 5637 lus
2255 5598 2374 5635 cum
2400 5598 2428 5636 a
2459 5583 3018 5638 Thessalonicensibus
3034 5580 3241 5633 modico
3263 5588 3499 5648 tempore
3526 5574 3730 5629 abfuis-

2149 5684 2250 5738 set,
2274 5675 2517 5730 dicebat:
2552 5695 2569 5728 ι
2596 5676 2723 5742 Nos,
2755 5677 2975 5740 fratres,
3007 5674 3193 5742 privati
3234 5672 3384 5724 vobis
3413 5670 3479 5724 ad
3512 5681 3724 5737 tempus

2152 5768 2314 5833 hunc,
2355 5767 2521 5834 vultu,
2569 5784 2673 5823 non
2721 5767 2900 5831 corde,
2954 5764 3303 5818 abundantius
3357 5761 3723 5815 festinavimus
