4126 6294
490 378 599 444 ξπ

494 504 684 558 faciem
711 502 945 556 vestram
972 496 1173 558 videre.
1194 512 1221 554 ἰ
1263 502 1319 558 Si
1347 501 1541 558 Paulus
1567 501 1656 571 qui
1689 501 1930 553 omnium
1956 512 2074 552 ma—

476 595 636 648 ‘xime
665 590 1029 664 philosophari
1050 593 1270 661 sciebat,
1295 609 1361 648 ne
1381 593 1447 647 ad
1468 602 1677 663 tempus
1692 592 1904 662 quidem
1928 592 2077 646 hora:

493 686 630 750 tulit,
662 684 932 755 quomodo
958 699 1059 739 nos
1085 692 1161 739 tot
1188 683 1379 739 diebus
1402 684 1783 739 sustinebimus
1802 682 1829 736 ?
1857 682 1962 739 Sed
1984 682 2076 739 ille

490 776 705 847 quidem
736 776 813 847 (a)
838 774 930 850 [ne
960 774 1031 832 ad
1066 774 1252 831 horam
1282 776 1500 846 quidem
1527 776 1679 843 tulit;
1708 789 1809 846 ego
1836 790 1962 830 vero
1997 783 2077 830 tot

489 869 697 924 dierum
745 865 1068 942 absentiam]
1093 881 1200 923 non
1228 868 1366 923 ultra
1395 868 1592 934 ferens,
1616 866 1956 922 manentibus
1980 866 2076 922 ad-

490 959 593 1014 huc
640 959 814 1014 morbi
864 959 1123 1029 reliquiis,
1152 959 1220 1014 atl
1247 974 1344 1015 vos
1379 960 1613 1025 cucurri,
1637 959 1930 1015 maximum
1987 972 2076 1015 me

551 1179 624 1241 (a)
655 1185 770 1238 Qua
789 1180 979 1229 accitus
998 1179 1285 1231 claudum
1304 1177 1650 1231 desidem
1670 1181 1722 1233 In
1740 1184 1908 1233 (haec
1929 1184 1983 1233 et
2005 1192 2073 1233 ex

1190 371 1257 441 s.
1293 364 1568 440 .lOANNlS
1596 370 2077 437 ‘tzttnvsosrmn
2114 380 2428 439 ARCHIEP.
2463 380 2999 442 CONSTANTINOP.

482 1243 770 1304 conjectura
788 1242 967 1305 scripta
987 1245 1117 1293 sunt.

3642 386 3756 443 280

2182 506 2377 568 putans
2408 496 2704 555 remedium
2733 498 3021 565 adhibete,
3058 499 3298 557 caritatis
3323 510 3513 557 vestra:
3542 514 3737 558 censor

2182 594 2337 650 tium.
2382 591 2438 648 Id
2464 592 2610 649 enim
2633 592 2765 648 mihi
2789 592 2902 664 ipsa
2928 592 3258 648 medicorum
3284 609 3445 665 opera
3473 596 3685 662 utilius,
3708 603 3764 651 et

2180 685 2328 740 omni
2358 684 2501 756 quod
2525 684 2650 740 inde
2673 684 2903 740 mutuari
2952 685 3154 756 possim
3197 686 3387 741 solatio
3428 686 3762 742 commodius

2183 785 2287 843 est,
2317 786 2490 832 vestra
2519 775 2728 833 scilicet
2753 776 2855 831 frui
2888 776 3148 841 caritate;
3178 790 3281 846 qua
3317 777 3518 831 utinam
3559 777 3759 832 diutius

2180 867 2413 939 gaudere
2440 867 2636 933 liceat,
2663 868 2910 937 precibus
2937 874 2993 922 et
3026 867 3497 923 intercessionibus
3523 868 3762 922 omniunt

2185 968 2516 1025 sanctorum,
2560 957 2627 1012 ad
2653 958 2877 1027 gloriam
2908 958 3115 1012 Domini
3164 958 3331 1012 nostri
3372 956 3498 1012 Jesu
3539 956 3759 1023 Christi,

2182 1065 2278 1122 per
2295 1065 2456 1121 quem
2477 1059 2532 1105 et
2551 1065 2671 1104 cum
2698 1064 2804 1121 quo
2828 1050 2968 1104 Patri
2990 1050 3178 1118 gloria,
3210 1051 3381 1102 honor
3399 1090 3413 1112 ,
3443 1048 3725 1119 imperium
3746 1090 3761 1116 ,

2181 1157 2284 1197 una
2304 1156 2425 1198 cum
2453 1150 2637 1196 sancto
2662 1140 2885 1210 Spiritu,
2920 1156 3061 1196 nunc
3085 1150 3139 1196 et
3159 1155 3392 1210 semper,
3406 1148 3461 1195 et
3484 1141 3536 1195 in
3563 1141 3759 1195 sacula

2181 1233 2520 1291 seculorum.
2545 1236 2739 1289 Amen.

522 1370 3714 1412 Μ

1908 1606 2287 1673 MONITUM

570 1824 653 1879 Ad
697 1823 841 1879 hanc
896 1824 1171 1880 ho‘miliam
1206 1824 1323 1879 haec
1371 1831 1526 1879 notat
1579 1811 1834 1896 savilius,
1863 1834 1921 1899 ι).
1960 1823 2107 1881 815':
2144 1840 2164 1875 ι
2196 1821 2427 1878 llomilia
2461 1835 2546 1879 est
2575 1823 2814 1880 melioris
2859 1834 3003 1881 nota:
3039 1834 3094 1882 et
3123 1821 3511 1898 Cbrysostomo
3542 1827 3727 1899 digna,

493 1969 750 2041 quamvis
777 1970 831 2025 in
858 1970 1114 2042 Catalogo
1142 1970 1454 2042 Augustano
1481 1970 1703 2026 minime
1726 1970 2046 2042 reperiatur.
2085 1965 2481 2035 Des‘éripsimus
2506 1978 2624 2020 eam
2654 1980 2720 2022 ex
2758 1965 2963 2036 optimo
3012 1965 3379 2038 Manuscripto
3408 1968 3463 2022 in
3511 1967 3717 2023 Biblio-

498 2111 659 2167 theca
680 2112 992 2184 Augustana
1030 2132 1043 2168 :
1083 2130 1262 2185 neque
1290 2114 1439 2170 aliud
1484 2123 1748 2185 praeterea
1792 2106 2115 2185 suppetebat
2159 2108 2451 2180 exemplar.
2485 2108 2654 2165 Porro
2692 2109 2825 2166 illud
2870 2110 3201 2165 monendum
3237 2109 3509 2176 duximus,
3560 2109 3731 2165 multa

498 2245 728 2315 reperiri
753 2245 808 2300 in
843 2245 1074 2302 llotnilia
1099 2256 1288 2303 octava
1323 2247 1380 2302 in
1411 2247 1641 2319 primam
1669 2248 1733 2304 ad
1764 2247 2278 2305 Thessalonicenses
2312 2244 2495 2302 afﬁnia
2528 2244 2614 2310 iis,
2649 2260 2769 2317 quae
2810 2247 2912 2303 hac
2946 2247 2999 2302 in
3028 2247 3270 2302 oratione
3297 2245 3584 2311 habentur,
3619 2254 3728 2301 tam

518 2460 1756 2478 .—-—-o————.—._——————n-———_o———
1786 2469 1958 2479 >—

1665 2616 2493 2718 CHRYSOSTOMI

729 2801 813 2844 DE
856 2802 1181 2849 PERFECTA
1220 2804 1560 2865 CARITATE,
1594 2808 1676 2851 DE
1719 2808 2019 2854 MERCEDE

2143 2811 2319 2854 EBUM
2348 2810 2469 2855 Ριιο
2511 2798 2755 2856 unum)
2795 2809 3183 2873 TMBUENDA,
3229 2815 3439 2871 oscus

1761 2910 2248 2957 conpone-noun
2294 2886 2405 2977 (a).

1726 3052 2277 3092 mm

520 3199 575 3255 1.
613 3196 786 3253 Omne
830 3210 966 3266 opus
1012 3194 1208 3250 bonum
1237 3196 1475 3251 caritatis
1516 3195 1718 3253 {metus
1753 3208 1878 3254 est:
1908 3198 2030 3256 ideo

450 3290 618 3346 multa
646 3288 786 3345 circa
818 3287 963 3343 illam
999 3287 1138 3343 dicta
1179 3288 1646 3356 circumferuntur,
1688 3289 1901 3345 Christo
1948 3290 2033 3345 di-

443 3392 603 3439 cente
644 3400 659 3437 :
690 3380 759 3437 In
797 3382 892 3437 Itoc
926 3392 1223 3454 cognoscent
1268 3399 1458 3449 omnes,
1486 3384 1604 3451 quia
1647 3383 1885 3453 discipuli
1934 3383 2031 3437 utri

445 3478 594 3541 estis,
618 3477 663 3531 si
685 3476 1001 3531 dilectionem
1049 3474 1321 3530 habueritis
1361 3475 1429 3529 ad
1464 3476 1674 3529 invicem
1711 3474 1893 3548 (Joan.
1936 3477 2025 3532 l5.

445 3565 540 3638 35)
563 3584 577 3633 ;
610 3567 776 3623 Paulo
802 3574 979 3623 autem
1004 3567 1306 3621 clamante:
1333 3565 1539 3621 Nemini
1557 3566 1830 3637 quidquam
1845 3568 2029 3621 debea-

444 3662 530 3724 tis,
562 3661 661 3715 uisi
685 3669 736 3714 ut
763 3660 974 3715 inuicem
1002 3659 1225 3731 diligatis
1248 3658 1426 3733 (Rom.
1458 3660 1544 3715 l3.
1577 3658 1655 3733 8).
1688 3659 1821 3714 lllud
1848 3669 2028 3715 autem

445 3768 553 3807 non
583 3751 699 3806 sine
717 3767 876 3807 causa
906 3752 1060 3818 dixit,
1078 3751 1173 3807 sed
1197 3761 1255 3806 ut
1275 3761 1516 3806 mututtm
1530 3767 1649 3808 esse
1670 3750 1905 3807 debitum
1926 3751 2027 3807 do-

444 3852 611 3898 ceret.
639 3842 1093 3909 Quemadmodum
1118 3843 1805 3913 enimcorporialimentum
1816 3857 2029 3913 semper

445 3936 726 4002 debemus,
756 3936 962 4007 ipsique
987 3936 1177 3993 damus
1204 3936 1321 4008 (per
1336 3946 1501 3994 totam
1523 3938 1719 4009 quippe
1737 3939 1899 3994 vitam
1924 3938 2028 3995 hoc

444 4028 682 4082 debitum
732 4028 1058 4101 extenditur)
1084 4047 1099 4085 :
1129 4030 1208 4085 sic
1249 4031 1390 4086 circa
1441 4031 1715 4087 caritatem
1759 4032 2028 4101 agendum

446 4119 647 4175 docet:
674 4120 781 4177 imo
819 4121 975 4191 longe
1027 4121 1217 4191 majori
1267 4122 1466 4189 studio,
1493 4137 1563 4177 eo
1602 4122 1744 4192 quod
1769 4122 1836 4178 ad
1863 4124 2022 4179 vitam

445 4214 674 4270 deducat
720 4221 998 4280 mternam,
1028 4228 1093 4270 ac
1134 4228 1256 4270 cum
1297 4215 1401 4270 illis
1440 4216 1529 4285 qui
1556 4230 1619 4270 ea
1649 4216 1854 4284 praediti
1900 4220 2025 4270 sunt

445 4320 660 4376 semper
681 4316 911 4361 maneat.
940 4305 1074 4361 Nam
1100 4304 1330 4373 Manent,
1358 4306 1548 4377 inquit,
1578 4307 1677 4360 tria
1700 4308 1807 4361 hac
1826 4346 1842 4373 ,
1875 4306 2023 4376 ﬁdes,

443 4417 581 4469 spes,
609 4399 829 4463 caritas;
853 4402 1019 4469 major
1067 4408 1236 4452 autem
1276 4400 1459 4453 harum
1490 4408 1563 4454 est
1587 4400 1774 4453 caritas
1802 4398 1878 4472 (1.
1905 4398 2024 4454 Cor.

445 4492 535 4549 15.
568 4491 678 4563 15).
710 4491 828 4548 Non
850 4492 1025 4548 verbis
1044 4502 1221 4547 autem
1243 4490 1424 4555 modo,
1462 4490 1555 4546 sed
1584 4492 1744 4547 etiam
1776 4490 2026 4560 operibus

446 4585 592 4640 illam
641 4584 913 4639 discimus.
967 4585 1043 4640 Ac
1088 4584 1261 4654 primo
1287 4584 1499 4654 quidem
1528 4597 1624 4653 per
1653 4581 1869 4637 modum
1906 4594 2014 4651 quo

445 4692 543 4733 nos
572 4677 841 4748 propagati
861 4691 1064 4732 sumus.
1087 4678 1217 4732 Cum
1237 4678 1377 4732 enim
1402 4676 1542 4731 Deus
1558 4689 1723 4730 unum
1741 4673 2025 4730 eli‘ormas-

445 4780 526 4825 set
552 4770 845 4835 hominem,
888 4783 954 4824 ex
1000 4769 1091 4822 illo
1136 4769 1295 4838 jussit
1339 4783 1526 4823 omnes
1554 4766 1703 4831 oriri,
1729 4775 1789 4821 ut
1836 4778 2027 4820 omnes

445 4875 630 4919 mutuo
657 4863 807 4934 quasi
830 4878 992 4917 unum
1014 4875 1133 4917 esse
1160 4871 1483 4931 reputemus,
1503 4871 1556 4916 et
1586 4861 1636 4915 in
1663 4860 1884 4915 caritate
1904 4874 2022 4914 mu-

446 4970 535 5013 tua
552 4958 747 5028 degere
768 4955 1093 5011 Studeamus.
1120 4954 1320 5010 Deinde
1341 4970 1436 5025 per
1448 4954 1767 5010 commercia
1790 4962 2022 5007 mutuam

442 5051 786 5107 dilectionem
803 5048 1075 5118 sapienter
1098 5048 1338 5103 curavit:
1366 5063 1469 5115 quo
1496 5059 1672 5102 autem
1701 5044 1860 5101 modo
1875 5046 2020 5100 audi.

444 5147 576 5201 (lum
613 5143 794 5199 multis
812 5141 998 5196 orbem
1025 5140 1316 5209 compleret
1359 5140 1535 5205 bonis,
1563 5140 1778 5195 cuilibet
1820 5140 2023 5211 regioni

444 5240 711 5309 propriam
741 5236 1005 5292 fructuum
1048 5234 1279 5304 speciem
1323 5234 1543 5304 largitus
1579 5243 1680 5301 est,
1707 5242 1763 5287 ut
1805 5244 2025 5304 propter

444 5347 575 5386 usus
601 5330 973 5386 necessitatem
998 5342 1097 5382 nos
1118 5336 1301 5380 mutuo
1325 5325 1602 5391 adeuntes,
1625 5335 1679 5379 et
1702 5340 1821 5396 quae
1837 5341 2026 5395 super-

442 5437 675 5477 vacanea
702 5432 826 5475 sunt
852 5419 1099 5488 utrinque
1139 5416 1409 5471 tradentes
1430 5457 1446 5484 ,
1473 5431 1535 5472 ac
1562 5432 1680 5486 qua:
1709 5417 1901 5472 desunt
1927 5430 2022 5469 no-

443 5511 526 5569 bis
545 5496 1217 5583 accipientes,congeneres
1234 5517 1445 5562 nostros
1460 5506 1762 5578 diligamus.
1787 5506 2018 5578 ldipsum

364 5638 391 5654 κ
444 5605 605 5658 etiam
633 5603 687 5658 in
715 5602 935 5673 singulis
961 5600 1086 5657 fecit
1114 5598 1431 5658 hominibus.
1455 5598 1573 5654 Non
1597 5600 1739 5656 enim
1759 5599 2023 5657 concessit

506 5801 580 5863 (a)
614 5799 791 5852 Collata
815 5816 923 5853 cum
944 5801 1119 5854 Codice
1143 5800 1424 5853 Colbcrtino
1445 5799 1558 5852 9'10.

2283 3054 2445 3092 mn

2144 3207 2200 3252 ut
2229 3213 2417 3253 omnes
2444 3198 2621 3253 omnia
2654 3198 2886 3264 scirent,
2915 3199 3009 3255 sed
3040 3200 3162 3255 huic
3191 3201 3339 3256 dedit
3367 3201 3711 3266 medicinam,

2136 3291 2212 3346 illi
2241 3291 2480 3347 fabrilem
2509 3301 2700 3359 artem,
2735 3292 2825 3347 alii
2854 3293 3009 3347 aliam
3030 3335 3047 3360 ,
3081 3304 3138 3350 ut
3165 3296 3359 3351 mutuis
3389 3308 3604 3368 egentes
3627 3298 3714 3353 of-

2138 3382 2292 3449 liciis,
2324 3396 2423 3437 nos
2453 3391 2639 3437 mutuo
2671 3383 2972 3453 diligamus.
3016 3384 3073 3439 lu
3104 3386 3467 3455 spiritualibus
3503 3398 3715 3459 quoque

2134 3473 2362 3544 idipsum
2390 3474 2573 3530 videre
2601 3484 2702 3542 est,
2734 3484 2791 3530 ut
2832 3475 2906 3530 ait
2932 3476 3125 3532 Paulus
3154 3488 3168 3531 :
3202 3497 3221 3530 ι
3244 3479 3349 3533 Alii
3373 3480 3585 3550 quidem
3613 3481 3713 3535 da-

2133 3575 2220 3621 tur
2245 3582 2422 3623 sermo
2450 3568 2722 3639 sapientiae
2740 3609 2757 3635 ,
2783 3568 2872 3624 alii
2898 3584 3078 3625 sermo
3122 3571 3357 3626 scicntia:
3375 3612 3392 3639 ,
3420 3573 3509 3627 alii
3537 3582 3712 3628 autem

2136 3659 2437 3731 prophetia,
2466 3662 2554 3716 alii
2584 3661 2752 3732 gratia
2780 3662 3111 3717 curationum
3133 3706 3148 3729 ,
3176 3664 3261 3718 alii
3290 3679 3487 3734 genera
3514 3665 3714 3735 lingua-

2132 3770 2274 3821 rum,
2297 3755 2384 3809 alii
2402 3755 2771 3826 interpretatio
2794 3769 3100 3811 sermonum
3135 3766 3155 3810 δ
3182 3756 3258 3826 (1.
3279 3756 3397 3811 Cor.
3419 3757 3506 3812 12.
3526 3756 3578 3812 8.
3600 3754 3709 3827 10).

2133 3847 2330 3904 Verum
2384 3848 2515 3905 nihil
2564 3864 2723 3920 supra
2776 3850 3049 3905 caritatem
3111 3866 3125 3903 :
3174 3850 3523 3920 quamobrem
3566 3850 3710 3904 illam

2131 3942 2378 3997 omnibus
2399 3942 2511 4011 ipse
2538 3939 2772 4010 prtnl'ert.
2802 3940 2886 3995 his
2910 3940 3089 3995 verbis
3121 3956 3134 3993 :
3170 3958 3189 3993 ι
3225 3940 3282 3995 Si
3322 3940 3516 4010 linguis
3542 3939 3711 3995 homi-

2133 4048 2259 4087 num
2299 4032 2488 4101 10quar
2520 4041 2574 4088 et
2600 4033 2930 4103 angelorum,
2961 4032 3235 4087 caritatem
3270 4042 3445 4087 autem
3468 4048 3571 4086 non
3614 4030 3710 4085 ba-

2130 4124 2307 4191 beam,
2335 4125 2502 4180 factus
2530 4139 2647 4179 sum
2672 4125 2816 4179 velut
2833 4140 2907 4179 res
2932 4140 3147 4193 sonans,
3163 4135 3255 4179 aut
3276 4124 3574 4195 cymbalum
3603 4124 3710 4179 tint-

2132 4216 2287 4271 niens
2317 4233 2330 4270 :
2362 4226 2418 4271 et
2447 4216 2493 4271 si
2530 4215 2764 4270 habuero
2792 4216 3145 4286 prophetiam,
3201 4215 3474 4285 sciamque
3516 4220 3708 4271 arcana

2131 4308 2331 4371 omnia,
2353 4316 2408 4362 et
2436 4307 2479 4361 si
2508 4306 2742 4362 habuero
2771 4306 2951 4371 iidem,
2971 4307 3043 4361 ita
3073 4315 3129 4361 ut
3147 4316 3353 4361 montes
3371 4304 3706 4370 transferam.

2130 4401 2405 4454 caritatem
2432 4409 2609 4455 autem
2635 4415 2740 4454 non
2769 4398 3025 4464 habuero,
3046 4398 3177 4453 nihil
3197 4414 3346 4453 sum»
3372 4400 3446 4470 (l.
3472 4398 3591 4454 Cor.
3622 4401 3707 4455 15.

2131 4494 2183 4549 1.
2214 4491 2303 4565 Ξ).
2333 4491 2516 4563 Neque
2560 4491 2648 4547 hic
2683 4492 2829 4547 stetit
2852 4532 2867 4557 ,
2890 4492 2999 4546 imo
3022 4492 3180 4546 etiam
3211 4500 3435 4546 mortem
3483 4506 3583 4561 pro
3625 4493 3707 4562 pia

2130 4584 2388 4655 religione
2417 4584 2547 4638 nihil
2572 4584 2704 4639 lucri
2734 4583 2931 4638 habere
2959 4584 3299 4653 pronuntiat,
3330 4584 3431 4639 nisi
3457 4583 3596 4638 adsit
3619 4598 3713 4638 ca-

2129 4680 2279 4732 ritas.
2310 4678 2490 4747 Neque
2510 4680 2625 4732 sine
2650 4691 2809 4731 causa
2840 4676 2954 4731 haec
2979 4676 3047 4731 de
3068 4676 3289 4732 caritate
3307 4676 3443 4731 dixit
3468 4694 3481 4729 :
3509 4675 3713 4731 sciebat

2130 4769 2295 4834 enim,
2324 4769 2481 4839 plane
2499 4769 2716 4834 sciebat,
2747 4777 2933 4838 utpote
2974 4778 3360 4839 prmceptorutn
3389 4768 3482 4824 Dei
3515 4768 3710 4835 cultor,

2131 4859 2232 4914 bac
2261 4860 2441 4914 ﬁrmas
2483 4860 2692 4914 radices
2745 4868 2997 4929 ponente,
3025 4862 3261 4913 omnium
3308 4858 3570 4916 bonorum
3602 4858 3715 4915 fru-

2130 4963 2247 5007 ctus
2265 4954 2454 5008 emitti.
2481 4952 2608 5007 Illud
2631 4953 2793 5017 enim,
2820 4951 2940 5006 Non
2970 4951 3292 5007 mmcltaberis
3308 4995 3322 5016 ,
3346 4969 3447 5007 non
3473 4953 3669 5007 occides
3693 4994 3709 5018 ,

2130 5062 2231 5099 non
2256 5044 2524 5116 furaberis,
2557 5061 2658 5098 non
2684 5043 2870 5116 falsum
2894 5044 3227 5098 testimonium
3249 5043 3381 5097 dices
3401 5042 3595 5113 (Exod.
3616 5041 3708 5098 20.

2131 5137 2345 5209 1546),
2401 5146 2455 5192 et
2482 5136 2527 5192 si
2552 5152 2654 5206 qua
2698 5136 2797 5190 alia
2830 5144 3111 5205 praecepta,
3139 5136 3191 5190 in
3224 5137 3324 5191 hoc
3362 5151 3487 5201 uno,
3528 5142 3626 5192 ceu
3657 5137 3712 5191 in

2131 5230 2305 5301 capite
2330 5229 2877 5299 comprehenduntur,
2907 5227 3096 5298 Diliges
3120 5229 3406 5296 proximum
3423 5238 3565 5281 tuum
3585 5228 3713 5282 sicut

2132 5326 2343 5394 teipsum
2372 5323 2516 5392 (Leu.
2543 5324 2631 5378 l9.
2658 5322 2743 5377 18.
2767 5319 2884 5376 Gal.
2917 5322 2970 5377 5.
2994 5322 3103 5393 14).
3123 5320 3326 5392 Ecquid
3347 5336 3480 5391 opus
3499 5330 3582 5377 est
3598 5320 3714 5376 haec

2134 5433 2293 5488 parva
2341 5416 2550 5483 dicere,
2584 5429 2880 5486 magnaque
2911 5414 3127 5470 tacere?
3156 5412 3380 5486 Propter
3432 5416 3709 5470 caritatem

2132 5512 2198 5567 ad
2244 5526 2343 5565 nos
2386 5508 2664 5565 descendit
2710 5508 2938 5563 dilectus
2966 5508 3058 5562 Dei
3089 5506 3274 5574 Filius,
3314 5507 3403 5577 qui
3434 5508 3708 5561 nobiscum

2134 5604 2440 5661 hominibus
2484 5610 2726 5658 versatus
2772 5609 2857 5655 est
2881 5610 2936 5655 et
2965 5600 3238 5666 habitavit,
3262 5609 3319 5653 ut
3342 5598 3709 5668 multiplicium

2133 5698 2352 5753 deorum
2378 5711 2569 5753 errore
2595 5694 2823 5760 sublato,
2850 5707 3080 5763 veraque
3102 5693 3408 5746 annuntiata
3434 5690 3704 5761 religione,

2137 5798 2374 5845 mutuam
2401 5789 2677 5845 caritatem
2729 5785 2970 5841 homines
3003 5788 3239 5851 doceret,
3265 5781 3706 5855 quemadmodum
