4054 6320
319 368 429 436 279

325 492 631 566 συντυχίαν.
650 495 803 567 Ἐμοὶ
830 495 939 568 γὰρ
966 498 1060 551 καὶ
1092 499 1291 570 ἰατρῶν
1323 500 1519 572 χειρῶν
1546 501 1975 573 χρησιμώτερον,

317 759 612 830 ἐντρυφᾷν,
643 759 829 831 εὐχαῖς
857 763 951 816 καὶ
980 762 1294 834 πρεσϐείαις
1317 762 1534 819 πάντων
1558 764 1665 819 τῶν
1689 765 1876 836 ἁγίων,
1898 765 1979 828 εἰς

1573 377 1663 443 ΒΕ
1700 377 2058 442 PEBFECTA
2095 376 2464 443 CARITATE.

3636 380 3742 443 23o

2083 501 2241 565 δόξαν
2265 502 2357 556 τοῦ
2387 502 2587 573 Κυρίου
2614 502 2771 574 ἡμῶν
2810 502 2982 574 Ἰησοῦ
3008 503 3264 574 Χριστοῦ,
3294 503 3359 557 δι’
3386 488 3448 555 οῦ
3483 501 3579 555 καὶ
3621 502 3742 572 μεθ’

320 584 419 637 καὶ
464 583 644 654 πάσης
672 585 772 654 τῆς
798 584 1006 637 ἐκεῖθεν
1049 587 1398 657 παραμυθίας
1438 587 1887 660 λυσιτελέστερον,
1916 590 1979 642 τὸ
2083 583 2145 641 οὗ
2177 589 2254 659 τῷ
2282 590 2458 661 Πατρὶ
2484 589 2631 656 δόξα,
2675 589 2831 660 τιμὴ,
2878 590 3095 661 κράτος,
3125 591 3243 660 ἅμα
3285 589 3362 661 τῷ
3402 589 3539 660 ἁγίῳ
3568 587 3740 641 Πνεύ-

318 670 420 742 τῆς
452 672 722 744 ὑμετέρας
748 673 1040 727 ἀπολαύειν
1067 675 1288 743 ἀγάπης
1309 691 1324 705 ·
1354 671 1423 746 ἦς
1465 676 1672 745 γένοιτο
1715 677 1977 748 διηνεκῶς
2088 694 2217 747 ματι
2241 717 2257 741 ,
2296 677 2391 731 νῦν
2429 679 2523 732 καὶ
2559 678 2647 732 ἀεὶ
2671 717 2688 743 ,
2726 678 2820 731 καὶ
2855 679 2937 742 είς
2970 680 3097 743 τοὺς
3133 680 3334 743 αἰῶνας
3368 678 3473 732 τῶν
3509 675 3738 735 αἰώνων.

2097 764 2287 835 ’Δμήν.

1184 1553 1294 1613 AD
1348 1552 1764 1614 HOMILIAM
1811 1553 1915 1612 DE
1973 1553 2385 1615 PERFECTA
2440 1552 2867 1615 CARITATE.

410 1771 596 1830 verbis
618 1783 779 1842 quam
805 1781 993 1823 sensu.
1019 1766 1209 1837 Noque
1234 1773 1419 1822 tamen
1461 1765 1784 1837 ἀπάνθισμα
1812 1780 1933 1821 esse
1979 1774 2136 1836 puto,
2179 1766 2275 1823 sed
2304 1768 2555 1824 eumdem
2584 1769 2653 1824 de
2675 1769 2866 1825 iisdem
2888 1767 3053 1823 rebus
3075 1765 3269 1822 eodem
3307 1778 3449 1837 pene
3482 1764 3645 1820 modo

410 1912 645 1973 diversis
675 1908 1014 1981 temporibus
1060 1906 1283 1962 dixisse.
1323 1924 1343 1958 ι
1394 1904 1579 1961 Savilii
1603 1907 1671 1963 de
1697 1906 1799 1962 hac
1850 1904 2076 1964 homilia
2120 1908 2447 1964 sententiam
2496 1909 2730 1965 libenter
2758 1909 3077 1981 amplector.
3108 1906 3205 1963 Est
3235 1906 3381 1963 enim
3404 1906 3643 1980 Chryso-

412 2065 595 2111 stomo
629 2055 809 2127 digna,
854 2054 925 2111 ad
960 2068 1140 2111 mores
1169 2053 1535 2110 instituendos
1565 2055 1791 2126 optima,
1822 2063 1875 2110 et
1902 2053 2075 2111 sancti
2097 2040 2337 2111 doctoris
2381 2054 2577 2126 stylum
2618 2054 2778 2126 sapit.
2815 2052 3086 2110 Ceterum
3130 2050 3269 2106 nihil
3307 2050 3486 2119 oﬂ‘ert,
3538 2064 3648 2122 quo

414 2197 693 2270 possimus
716 2198 1088 2255 internoscere
1114 2198 1492 2255 Antiochiaene
1514 2213 1585 2254 an
1613 2196 2083 2269 Constantinopoli
2106 2198 2293 2255 habita
2325 2199 2508 2255 fuerit.

413 2391 3442 2420 ww

1601 2504 2420 2599 ΧΡΥΣΟΣΤΟΜΟΥ

618 2695 753 2765 Περὶ
788 2692 1026 2763 τελείας
1055 2696 1309 2768 ἀγάπης,
1334 2698 1431 2753 καὶ
1458 2698 1569 2771 τῆς
1593 2703 1717 2756 κατ’
1744 2701 1924 2767 ἀξίαν
1945 2698 2063 2757 τῶν
2088 2700 2278 2772 έργων
2306 2699 2784 2766 ἀνταποδάσεως,
2819 2697 2916 2751 καὶ
2946 2698 3077 2766 περὶ
3105 2696 3501 2762 κατανύξεως.

410 3084 484 3140 α’.
512 3084 669 3137 Πᾶσα
690 3082 885 3153 πρᾶξις
917 3082 1095 3153 ἀγαθὴ
1123 3083 1331 3155 καρπὸς
1360 3084 1576 3155 ἀγάπης
1626 3084 1770 3137 ἐστί·
1800 3074 1880 3138 διδ
1908 3086 2002 3138 καὶ

341 3173 514 3237 πολὺς
532 3172 659 3240 περὶ
678 3171 840 3241 αὐτῆς
860 3173 887 3224 ὁ
907 3170 1080 3238 λόγος,
1101 3170 1195 3224 τοῦ
1220 3172 1315 3241 μὲν
1337 3172 1571 3244 Χριστοῦ
1600 3172 1864 3242 λέγοντος
1908 3173 2005 3226 Ἐν

342 3262 533 3325 τούτῳ
557 3260 882 3329 γνώσονται
904 3258 1145 3324 πάντες,
1166 3260 1256 3311 ὅτι
1283 3259 1413 3327 ἐμοὶ
1430 3261 1686 3328 μαθηταί
1710 3260 1869 3321 ἐστε,
1896 3261 2005 3315 ἐὰν

343 3346 609 3419 ἀγαπᾶτε
642 3345 986 3411 ἀλλήλους’
1017 3345 1112 3399 τοῦ
1152 3346 1209 3399 δὲ
1245 3347 1454 3421 Παύλου
1481 3347 1739 3416 βοῶντοςο
1780 3348 2004 3416 Μηδενὶ

341 3433 533 3501 μηδὲν
571 3433 859 3500 ὀφείλετε,
891 3434 944 3484 εὶ
988 3431 1074 3500 μὴ
1123 3432 1190 3485 τὸ
1239 3432 1477 3501 ἀγαπᾷν
1523 3434 1855 3499 ἀλλήλους.
1891 3435 2004 3506 υύχ

346 3519 533 3581 ἅπλῶς
573 3514 743 3585 εἶπεν,
783 3518 897 3571 ἀλλ’
924 3518 1000 3581 ὡς
1029 3519 1339 3587 ὀφείλοντας
1376 3508 1638 3591 ἀλλήλοις.
1657 3521 1744 3583 Ὠς
1785 3523 1892 3592 γὰρ
1926 3520 2005 3592 τῷ

346 3608 565 3678 σώματι
595 3606 693 3676 τὴν
724 3605 924 3677 τροφὴν
953 3606 1039 3658 ἀεὶ
1073 3607 1170 3675 μὲν
1196 3607 1479 3677 ὀφείλομεν
1507 3607 1672 3677 αὐτῷ,
1715 3608 1801 3660 ἀεὶ
1851 3608 1999 3681 [288]

340 3692 404 3746 δὲ
431 3691 750 3761 ἀποδίδομεν
778 3692 947 3764 (πάσῃ
976 3692 1084 3763 γὰρ
1104 3695 1137 3763 ἡ
1148 3692 1259 3759 μῶν
1284 3696 1349 3764 τῇ
1380 3694 1493 3765 ζωῇ
1520 3694 1581 3747 τὸ
1617 3695 1851 3749 τοιοῦτον
1882 3714 2005 3749 συν-

342 3780 650 3834 εκτείνεται
692 3781 907 3851 χρέος)·
942 3780 1084 3834 οὕτω
1114 3781 1207 3834 καὶ
1247 3782 1339 3834 ἐπὶ
1377 3783 1476 3853 τῆς
1503 3782 1723 3853 ἀγάπης
1765 3784 2003 3838 διδάσκει

342 3870 525 3922 ποιεῖν
545 3885 560 3899 ο
594 3868 788 3937 μᾶλλον
810 3857 868 3921 δὲ
894 3868 986 3921 καὶ
1014 3867 1192 3939 πολλῷ
1218 3868 1401 3933 πλέον,
1426 3870 1536 3940 ὅσῳ
1562 3871 1655 3923 καὶ
1695 3870 1830 3940 πρὸς
1870 3870 2003 3924 αίὼο

342 3972 458 4008 νιον
492 3956 673 4027 ὁδηγεῖ
696 3954 861 4027 ζωὴν,
883 3957 977 4010 καὶ
1006 3958 1424 4027 ωμπαραμένει
1449 3961 1560 4023 τοῖς
1579 3959 1790 4030 ἔχουσιν
1812 3961 2002 4031 αὑτήν.

342 4044 523 4097 Μένει
556 4044 683 4114 γάρ,
723 4043 875 4113 φησὶ,
905 4042 977 4096 τὰ
1007 4044 1138 4111 τρία
1168 4044 1369 4109 ταῦτα,
1399 4046 1620 4109 πίστις,
1650 4046 1844 4112 ἐλπὶς,
1868 4038 2007 4115 ἀγά-

344 4146 428 4196 πη
449 4147 463 4162 ·
486 4129 698 4198 μείζων
723 4130 791 4182 δὲ
817 4130 1042 4183 τούτων
1068 4131 1107 4198 ή
1143 4118 1362 4200 ἀγάπη.
1398 4130 1474 4184 Οὐ
1509 4133 1667 4201 μόνον
1694 4132 1750 4185 δὲ
1778 4132 1866 4186 διὰ
1904 4137 2003 4206 ρη-

347 4218 551 4286 μάτων,
582 4217 718 4271 ἀλλά
760 4219 852 4270 καὶ
880 4217 966 4270 διά
997 4217 1337 4287 πραγμάτων
1374 4215 1736 4290 διδασκόμεθα
1775 4219 1999 4291 ταύτην.

346 4303 459 4356 Καὶ
503 4304 721 4374 πρῶτον
768 4305 864 4373 μὲν
900 4304 987 4356 διὰ
1017 4305 1109 4357 τοῦ
1149 4303 1348 4373 τρόπου
1392 4305 1489 4374 τῆς
1525 4306 1795 4378 ἡμετέρας
1840 4324 2004 4360 κατα-

348 4392 711 4461 ωυῆς.Ἐνα
751 4390 859 4461 γὰρ
908 4391 1116 4453 πλάσας
1161 4394 1188 4445 ὁ
1239 4386 1371 4456 Θεὸς
1412 4392 1713 4464 ἄνθρωπον,
1743 4393 1801 4461 ἐξ
1839 4397 2001 4449 αὑτοῦ

346 4480 553 4540 πάντας
599 4477 899 4547 προσέταξε
946 4477 1217 4545 γενέσθαι,
1262 4480 1349 4533 ἵνα
1388 4481 1588 4545 πάντες
1628 4482 1889 4554 ἀλλήλους
1929 4474 2005 4548 ὦς

341 4563 443 4619 ἕνα
476 4566 785 4635 νομίζωμεν
800 4569 843 4629 ⁸,
877 4566 970 4618 καὶ⁵
1010 4566 1067 4618 ὲν
1099 4566 1285 4638 ἀγάπῃ
1326 4568 1461 4637 πρὸς
1503 4567 1758 4640 ἀλλήλους
1802 4571 2004 4639 διάγειν

344 4653 994 4722 σπουδάζωμεν.”Επειτα
1021 4654 1114 4707 καὶ
1140 4653 1226 4707 διὰ
1264 4654 1361 4724 τῆς
1399 4656 1506 4708 τῶν
1546 4658 2003 4729 συναλλαγμάτων

341 4741 623 4810 ἐπιμιξίας
669 4740 847 4809 σοφῶς
880 4740 1010 4810 ἡμῖν
1041 4740 1101 4793 τὸ
1128 4742 1448 4810 φιλάλληλον
1484 4745 1968 4816 ἐπραγματεύσατο
1986 4765 2001 4779 ο

341 4830 443 4880 καὶ
468 4829 606 4893 πῶς,
628 4828 810 4882 ἄκουε.
839 4828 1054 4881 Πολλῶν
1076 4828 1287 4899 πλήσας
1304 4830 1403 4901 τὴν
1421 4833 1744 4903 οἰκουμένην
1764 4835 2003 4902 ἀγαθῶν,

339 4918 547 4970 ἔδωκεν
593 4917 795 4985 ἑκάστῃ
839 4915 993 4986 χώρᾳ
1036 4916 1196 4970 πάλιν
1243 4917 1543 4982 ἰδιάζουσαν
1600 4922 2005 4993 ἐπιτηδειότητα

334 5003 594 5073 καρπῶν,
619 5003 706 5055 ἵνα
733 5002 821 5055 διὰ
844 5002 904 5055 τὸ
932 5004 1030 5074 τῆς
1055 5003 1242 5074 χρείας
1263 5005 1558 5073 ἀναγκαῖον
1589 5008 1725 5077 πρὸς
1748 5007 2006 5079 ἀλλήλους

333 5090 677 5161 βαδίζοντες,
712 5090 807 5143 καὶ
853 5090 963 5142 τῶν
1005 5090 1430 5161 περιττευόντων
1480 5093 1867 5161 μεταδιδόντες,
1913 5096 2007 5148 καὶ

325 5178 452 5232 τῶν
504 5177 797 5231 λειπόντων
840 5179 971 5247 ἡμῖν
1024 5178 1507 5247 ἀντιλαμϐάνοντες
1526 5219 1540 5242 ,
1591 5179 1892 5251 ἀγαπῶμεν
1948 5182 2008 5235 τὸ

316 5266 633 5339 ὁμόφυλον.
674 5265 845 5318 Τοῦτο
871 5265 965 5317 καὶ
993 5266 1077 5333 ἐφ’
1105 5266 1336 5320 ἑκάστου
1370 5267 1666 5335 πεποίηκεν
1693 5268 2001 5339 ἀνθρώπου.

318 5357 413 5411 Οὐ
445 5354 555 5425 γὰρ
582 5354 762 5408 πάντα
793 5354 954 5407 πᾶσιν
984 5352 1184 5407 ἔδωκεν
1206 5352 1422 5416 εἰδέναι,
1451 5353 1585 5407 ἀλλὰ
1611 5353 1688 5424 τῷ
1715 5356 1811 5425 μὲν
1839 5357 2008 5427 ἰατρι-

318 5446 464 5517 κὴν,
491 5441 570 5512 τῷ
600 5442 660 5495 δὲ
690 5440 1028 5511 τεκτονικὴν,
1058 5441 1153 5495 καὶ
1192 5440 1335 5513 ἄλλῳ
1360 5440 1543 5512 ἀλλην,
1589 5442 1674 5495 ἵνα
1718 5442 2008 5513 χρῄζοντες

390 5669 425 5698 ⁸
447 5668 587 5739 qub.
632 5667 869 5739 ἀλλῄλους
911 5664 1174 5739 νομίζομεν.
1217 5664 1397 5739 P‘aulo_
1424 5672 1550 5739 post
1574 5667 1711 5719 Colb.
1748 5669 2006 5739 ,ἐπιμιξίας

315 5732 619 5841 ᾠμπήχάνως
650 5728 768 5792 ἡμῖν
804 5728 1182 5788 πραγματεύεται
1221 5728 1276 5774 τὸ
1337 5728 1634 5791 φιλάλληλον
1682 5728 1871 5779 πολλῶν
1916 5731 2006 5792 γὰρ

318 5810 400 5855 ᾳ
465 5810 609 5850 ησας.

715 5890 990 5950 Pyram.
1036 5890 1150 5951 Gn.
1196 5890 1343 5951 LVI.

2014 2910 2084 2921 ...-

2105 3080 2366 3154 ἀλλήλων,
2400 3084 2702 3154 ἀγαπῶμεν
2732 3072 3011 3154 ἀλλήλους.
3048 3085 3156 3136 Καὶ
3205 3085 3262 3137 ὲν
3306 3086 3418 3147 τοῖς
3464 3094 3759 3155 πνευματι-

2103 3162 2219 3234 κοῖς
2246 3170 2303 3223 δὲ
2340 3169 2497 3224 πάλιν
2528 3170 2588 3223 τὸ
2623 3170 2753 3223 αὐτὸ
2782 3171 3060 3240 γινόμενον
3092 3172 3187 3224 ίδοι
3211 3189 3294 3235 τις
3320 3171 3409 3234 ἂν,
3441 3171 3515 3236 ὥς
3542 3191 3703 3243 φησιν
3730 3175 3759 3226 ό

2103 3257 2335 3323 Παῦλος,
2368 3258 2449 3311 ὃτι
2486 3255 2571 3322 Τῷ
2592 3258 2709 3325 μὲν
2734 3257 2961 3312 δίδοται
2987 3259 3168 3327 λόγος
3198 3259 3434 3327 σοφίας,
3454 3258 3534 3325 τῷ
3563 3260 3630 3312 δὲ
3654 3262 3762 3314 λό-

2105 3364 2209 3417 γος
2251 3345 2544 3415 γνώσεως,
2587 3345 2751 3408 ἄλλῳ
2794 3345 2864 3398 δὲ
2904 3347 3249 3415 προφητεία,
3284 3347 3452 3412 ἄλλῳ
3484 3348 3551 3401 δὲ
3592 3351 3759 3418 χαρί-

2103 3447 2302 3501 σματα
2333 3432 2611 3502 ἰαμάτων,
2657 3430 2824 3496 ἄλλῳ
2859 3432 2928 3486 δὲ
2968 3433 3111 3503 γένη
3153 3434 3469 3502 γλωσσῶν,
3491 3436 3657 3500 ἄλλῳ
3693 3436 3761 3489 δὲ

2104 3505 2380 3589 ἑρμηνεία
2413 3519 2724 3589 γλωσσῶν.
2743 3518 2881 3572 Ἀλλ’
2908 3520 3060 3573 οὐδὲν
3084 3520 3185 3590 τῆς
3213 3522 3430 3593 ἀγάπης
3457 3522 3723 3594 ἀνώτερον
3742 3540 3757 3553 ·

2102 3606 2180 3660 διὸ
2216 3608 2309 3661 καὶ
2346 3610 2560 3662 πάντων
2594 3607 2761 3678 αὐτὴν
2799 3607 3121 3679 προέθηκεν,
3167 3608 3337 3673 οὕτως
3373 3609 3575 3663 εἰπών’
3622 3610 3765 3664 Ἐὰν

2103 3692 2173 3745 δὲ
2193 3694 2320 3759 ταῖς
2344 3693 2653 3764 γλώσσαις
2678 3693 2796 3747 τῶν
2820 3694 3146 3763 ἀνθρώπων
3175 3694 3341 3749 λαλῶ
3381 3696 3479 3752 καὶ
3519 3696 3637 3750 τῶν
3660 3697 3763 3767 ἀγ-

2103 3777 2318 3847 γέλων,
2348 3770 2590 3849 ἀγάπην
2616 3780 2685 3833 δὲ
2709 3780 2795 3849 μὴ
2825 3780 2963 3850 ἔχω,
2999 3782 3217 3852 γέγονα
3255 3784 3485 3853 χαλκὸς
3507 3778 3692 3853 ἠχῶν,
3721 3786 3759 3853 ἢ

2104 3868 2413 3935 κύμϐαλον
2455 3865 2772 3927 ἀλαλάζον
2820 3869 2918 3921 καὶ
2954 3867 3064 3923 ἐὰν
3096 3869 3212 3938 έχω
3246 3874 3629 3939 προφητείαν,
3663 3874 3761 3926 καὶ

2102 3952 2237 4006 εἰδῶ
2259 3953 2331 4006 τὰ
2355 3952 2659 4021 μυστήρια
2690 3952 2905 4015 πάντα,
2938 3953 3036 4007 καὶ
3065 3955 3174 4008 ἐὰν
3203 3957 3319 4025 ἔχω
3344 3958 3571 4020 πίστιν,
3605 3958 3761 4012 ὥστε

2105 4039 2211 4107 ὄρη
2231 4041 2631 4109 μεθιστάνειν,
2654 4040 2897 4110 ἀγάπην
2919 4034 2992 4094 δὲ
3006 4038 3092 4110 μὴ
3116 4042 3252 4111 ἔχω,
3287 4044 3467 4098 οὐδέν
3486 4047 3619 4113 εἰμι.
3653 4047 3761 4099 Καὶ

2103 4126 2223 4179 οὐδὲ
2252 4127 2411 4198 μέχρι
2443 4126 2648 4180 τούτων
2690 4127 2840 4197 ἔστη,
2887 4128 3023 4181 ἀλλά
3050 4129 3144 4182 καὶ
3175 4130 3268 4182 τὸν
3308 4130 3447 4202 ὑπὲρ
3484 4131 3761 4196 εὐσεϐείας

2105 4213 2333 4267 θάνατον
2370 4215 2523 4268 οὐδὲν
2552 4215 2694 4285 ἔχειν
2722 4212 3079 4283 ἀποφαίνεται
3108 4216 3315 4287 κέρδος,
3346 4219 3421 4289 μὴ
3453 4219 3760 4290 προσούσης

2106 4300 2344 4370 ἀγάπης.
2379 4302 2453 4353 Οὐ
2488 4302 2662 4371 μάτην
2691 4301 2748 4354 δὲ
2771 4301 3006 4355 τοσαῦτα
3028 4303 3156 4372 περὶ
3182 4304 3348 4374 αὐτῆς
3384 4304 3622 4375 εἴρηκενο
3642 4306 3761 4375 ᾔδει

2104 4387 2231 4458 γὰρ,
2264 4388 2383 4458 ᾔδει
2413 4388 2617 4456 σαφῶς,
2665 4388 2758 4441 ἆτε
2810 4389 3050 4460 γεωργὸς
3092 4389 3198 4442 τῶν
3234 4390 3460 4444 ἐντολῶν
3486 4391 3578 4445 τοῦ
3603 4392 3758 4459 Θεοῦ,

2102 4476 2203 4539 ὅτι,
2233 4473 2435 4546 ταύτης
2464 4475 2833 4546 ὲρῤιζωμένης
2861 4476 3135 4545 ἀσφαλῶς,
3156 4480 3184 4529 ὁ
3201 4477 3309 4530 τῶν
3346 4478 3563 4547 ἀγαθῶν
3590 4480 3762 4535 ἀπάν-

2102 4578 2209 4615 των
2248 4562 2531 4632 βλαστάνει
2582 4563 2809 4633 καρπός.
2859 4562 2933 4615 Τὸ
2963 4562 3071 4635 γάρ
3096 4602 3110 4626 ,
3162 4566 3244 4617 Οὐ
3282 4567 3646 4634 μοιχεύσεις,
3688 4570 3761 4620 οὐ

2103 4653 2439 4718 φονεύσεις,
2470 4651 2540 4702 οὺ
2579 4649 2859 4717 κλέψεις,
2905 4652 2977 4703 οὐ
3017 4650 3636 4722 ψευδομαρτυρήσεις,
3668 4655 3761 4706 καὶ

2104 4736 2157 4788 εἴ
2183 4754 2265 4799 τις
2286 4735 2445 4806 ἑτέρα
2472 4734 2679 4806 ἐντολὴ,
2698 4737 2754 4787 ὲν
2780 4735 2953 4807 τούτῳ
2974 4736 3049 4806 τῷ
3068 4737 3211 4808 λόγῳ
3238 4740 3757 4810 ἀνακεφαλαιοῦται,

2105 4824 2162 4876 ἐν
2198 4822 2293 4893 τῷ,
2334 4821 2681 4891 Ἀγαπήσεις
2729 4822 2835 4875 τὸν
2879 4825 3143 4890 πλησίον
3188 4840 3304 4879 σου
3352 4827 3432 4893 ὡς
3477 4827 3755 4881 σεαυτόν.

2105 4908 2215 4960 Καὶ
2243 4908 2293 4961 τί
2333 4907 2437 4980 χρὴ
2470 4906 2539 4960 τά
2592 4906 2763 4978 μικρὰ
2803 4907 3000 4975 λέγειν,
3032 4910 3100 4963 τά
3149 4911 3360 4979 μεγάλα
3406 4911 3757 4975 σιωπῶνταςς

2105 4996 2182 5049 Δι’
2227 4997 2447 5065 ἀγάπην
2485 4995 2720 5063 κατῆλθε
2772 4997 2907 5064 πρὸς
2944 4998 3092 5066 ἡμᾶς
3141 4999 3171 5050 ὁ
3207 4999 3485 5068 ἀγαπητὸς
3510 4997 3637 5060 Υἱὸς
3662 4999 3758 5051 τοῦ

2105 5082 2261 5147 Θεοῦ,
2321 5084 2413 5137 καὶ
2458 5083 2759 5152 ὀμόσκηνος
2806 5084 2899 5136 καὶ
2950 5084 3252 5154 ὁμοδίαιτος
3302 5088 3411 5147 τοῖς
3457 5084 3759 5155 ἀνθρώποις

2106 5172 2346 5239 γέγονεν,
2377 5171 2464 5223 ἵνα
2484 5168 2581 5240 τὴν
2615 5168 2872 5223 πολύθεον
2904 5170 3206 5233 καταλύσας
3242 5171 3448 5239 πλάνην
3468 5209 3482 5233 ,
3530 5170 3624 5223 καὶ
3662 5173 3759 5243 τὴν

2107 5258 2281 5327 ἀληθῆ
2334 5257 2693 5325 καταγγείλας
2743 5257 3101 5325 θεογνωσίαν,
3166 5258 3265 5326 τὴν
3314 5256 3451 5327 πρὸς
3500 5257 3759 5328 ἀλλήλους

2108 5347 2323 5414 ἀγάπην
2350 5345 2532 5416 διδάξῃ
2561 5347 2688 5407 τοὺς
2718 5344 3057 5415 ἀνθρώπους,
3096 5343 3278 5405 καθὼς
3324 5342 3576 5414 Ἰωάννης
3619 5363 3760 5416 μαρ-

2106 5435 2258 5502 τυρεῖ
2299 5432 2471 5499 λέγων
2493 5448 2506 5461 ο
2533 5432 2725 5493 Οὕτως
2756 5430 3071 5500 ἠγάπησεν
3105 5432 3138 5482 ό
3169 5429 3311 5494 Θεὸς
3353 5432 3460 5482 τὸν
3508 5434 3757 5500 κόσμον,

2108 5518 2196 5572 ὅτι
2224 5518 2329 5571 τὸν
2370 5518 2501 5571 Υὶὺν
2532 5518 2715 5572 αὐτοῦ
2748 5518 2855 5570 τὸν
2892 5514 3189 5585 μονογενῆ
3221 5514 3478 5581 ἔδωκεν,
3510 5518 3610 5572 ἵνα
3642 5517 3759 5584 πᾶς

2108 5609 2142 5660 ό
2168 5606 2465 5659 πιστεύων
2495 5608 2581 5670 εις
2610 5605 2796 5659 αὐτὸν
2826 5604 2910 5673 μὴ
2953 5604 3268 5669 ἀπόληται,
3308 5604 3445 5657 ἀλλ’
3470 5605 3579 5674 ἔχῃ
3609 5605 3762 5674 ζωὴν

2108 5692 2364 5746 αἰώνιον.
2406 5694 2539 5746 Ὑπὸ
2585 5692 2786 5763 ταύτης
2834 5690 3180 5760 ὲκκαιόμενος
3219 5693 3247 5743 ὁ
3288 5691 3495 5756 Παῦλος
3539 5694 3635 5765 τήν
3668 5696 3758 5747 οὺ-

2114 5782 2294 5851 ράνιον
2319 5779 2498 5849 ἀφῆκε
2526 5779 2730 5850 φωνὴν,
2765 5777 2862 5843 Τίς
2889 5774 3043 5845 ἡμᾶς
3064 5777 3304 5845 χωρίσει
3333 5779 3450 5833 ἀπὸ
3487 5779 3594 5849 τῆς
3614 5779 3728 5845 ἀνά
3746 5809 3760 5822 ο

3206 5890 3277 5951 18
