4054 6320
321 404 419 460 281
1102 404 1160 461 S.
1195 402 1475 461 JOANNIS
1510 395 1997 459 CHRYSOSTOMI
2035 393 2356 452 ARCHIEP.
2397 393 2948 455 CONSTANTINOP.

317 535 437 588 πης
476 518 581 573 τσῦ
611 516 909 589 Χριστοῦ;
940 517 1131 588 λέγων·
1156 521 1382 589 θλίψις,
1416 519 1455 589 ἢ
1492 519 1641 592 [289]
1676 532 1973 585 στενοχωο

3636 392 3744 452 282

2086 513 2199 566 ἀλλ’
2231 514 2450 586 ὀφειλὴν
2486 515 2813 579 ἀποδιδόναι,
2848 513 3146 585 προσέταξε
3177 513 3256 585 τῷ
3285 512 3535 586 Ἀδραάμ
3562 511 3745 565 δοῦναι

315 584 433 675 ρία,
476 606 515 676 ἣ
562 584 835 676 διωγμὸς,
865 605 903 675 ἣ
940 584 1133 676 λιμὸς,
1166 605 1206 675 ἣ
1246 584 1563 677 γὶυιὶῴ-όξῆς,
1673 584 1976 670 κίνδυνος,
1996 584 2044 632 δ’
2083 600 2172 654 τὸν
2207 601 2319 653 υἱὸν
2349 584 2532 666 αὐτοῦ,
2564 604 2649 654 ἵνα
2677 602 2834 679 τοῦτο
2857 584 2951 655 καλ⁵
2973 602 3131 664 αὐτὸς
3156 584 3344 662 ποιῶν,
3484 599 3559 661 ὡς
3584 600 3745 671 χάριν

316 694 358 762 ἢ
382 693 675 763 μάχαιρα;
702 694 1137 764 Καταφρονήσας
1163 695 1221 747 δέ
1256 695 1462 748 τούτων
1485 694 1559 759 ὡς
1587 693 1839 757 εὐτελῶν,
1883 693 1977 745 καὶ

316 781 387 834 τά
416 780 594 851 πολλῷ
617 780 818 834 τούτων
849 779 1067 851 μείζονα
1095 780 1324 834 τέθεικε·
1368 783 1500 853 φησὶ
1526 781 1653 853 7&9,
1693 782 1821 835 Ὅτι
1842 782 1977 835 οὔτε

318 867 592 934 θάνατος,
623 868 766 922 οὔτε
792 865 923 936 ζωὴ,
954 869 1092 922 οὔτε
1120 868 1437 931 ἐνεστῶτα,
1477 870 1613 923 οὔτε
1637 868 1974 939 μέλλοντα,

318 957 457 1009 οὔτε
476 956 708 1025 ὕψωμα,
735 957 871 1011 οὔτε
886 956 1095 1023 βάθος,
1119 958 1260 1011 οὔτε
1283 975 1371 1023 τις
1387 961 1585 1024 κτίσις
1601 960 1771 1026 ἑτέρα
1791 959 1977 1026 δυνή-

319 1058 484 1097 σεται
516 1042 673 1111 ἡμᾶς
707 1045 955 1113 χωρίσαι
992 1043 1109 1097 ἀπὸ
1143 1043 1250 1111 τῆς
1281 1044 1516 1113 ἀγάπης
1543 1046 1648 1099 τοῦ
1684 1046 1830 1100 Θεοῦ
1869 1046 1979 1114 τῆς

318 1130 388 1181 ἐν
414 1128 643 1196 Χριστῷ
694 1128 896 1198 Ἰησοῦ
940 1128 1018 1195 τῷ
1061 1131 1255 1198 Κυρίῳ
1282 1130 1467 1199 ἡμῶν.
1516 1130 1792 1185 Ἐντεῦθεν
1826 1132 1977 1187 οὐδὲν

318 1215 543 1284 ἠδύνατο
564 1228 591 1257 α
624 1217 851 1288 χωρίσαι
879 1216 969 1270 τὸν
1004 1217 1267 1287 μακάριον
1287 1219 1490 1271 ἐκεῖνον
1522 1218 1623 1270 ὐπὸ
1638 1218 1737 1289 τῆς
1759 1219 1978 1291 ἀγάπης

319 1303 784 1374 πυρπολούμενον,
815 1304 915 1357 οὐκ
941 1304 1187 1376 οὐρανὸς,
1212 1306 1271 1358 οὐ
1311 1306 1403 1375 γῆ,
1434 1306 1494 1359 οὐ
1519 1305 1781 1372 θάλασσα,
1809 1309 1869 1359 οὐ
1910 1308 1979 1360 τά

318 1391 377 1442 ἐν
403 1393 513 1453 τοῖς
540 1391 786 1462 οὐρανοῖς
815 1390 1077 1461 βασίλεια,
1116 1391 1175 1443 οὐ
1229 1391 1297 1444 τὰ
1339 1394 1397 1444 ἐν
1446 1392 1573 1463 ᾇδου
1608 1393 1937 1465 κολαστήρια
1959 1411 1973 1425 ·

319 1476 538 1530 πάντων
567 1478 674 1547 γὰρ
706 1478 994 1549 ὑπερεώρα
1021 1479 1108 1531 διά
1131 1477 1220 1531 τὸν
1246 1480 1497 1549 Χριστόν.
1548 1483 1611 1535 Εἰ
1644 1482 1701 1535 δὲ
1733 1483 1827 1536 καὶ
1852 1484 1978 1546 τοὺς

317 1562 507 1626 ἄλλους
533 1563 779 1628 ἐξετάσαι
786 1582 883 1633 μεν
902 1566 1108 1633 ἀγίους,
1126 1566 1332 1630 πάντας
1352 1568 1653 1640 εὑρήσομεν
1673 1570 1739 1622 δι’
1759 1571 1977 1640 ἀγάπην

318 1650 817 1721 εὐαρεστήσαντας.

389 1736 458 1806 β’.
477 1739 543 1791 Ἠ
562 1738 751 1808 ἀγάπη
771 1739 1007 1793 δείκνυσί
1035 1756 1116 1794 σοι
1132 1742 1233 1795 ’τὸν
1261 1742 1488 1814 πλησίον
1513 1744 1586 1806 ὡς
1616 1745 1858 1809 σεαυτὸν,
1887 1746 1979 1799 καὶ

319 1823 528 1894 χαίρειν
566 1840 625 1876 σε
649 1824 887 1878 διδάσκει
931 1828 1021 1879 ἐπὶ
1049 1831 1162 1891 τοῖς
1189 1830 1397 1882 ἐκείνου
1430 1830 1633 1897 καλοῖς,
1671 1831 1855 1902 ὥσπερ
1885 1833 1979 1886 ἐπὶ

316 1912 428 1973 τοῖς
457 1912 590 1973 σοῖς,
626 1911 721 1966 καὶ
755 1913 940 1983 φέρειν
964 1916 1128 1969 αὐτοῦ
1163 1916 1230 1969 τά
1262 1917 1636 1988 ἐλαττώματα,
1673 1919 1860 1991 ῶσπερ
1885 1922 1979 1974 καὶ

317 1996 386 2051 τά
425 1997 511 2051 σά.
557 1999 619 2052 Ἦ
651 1999 836 2070 ἀγάπη
880 2001 938 2055 ἐν
970 2003 1128 2073 σῶμα
1169 2007 1292 2069 τούς
1316 2005 1541 2069 πολλοὺς
1586 2008 1975 2077 ἀπεργάζεται,

318 2085 412 2138 καὶ
440 2086 757 2157 Πνεύματος
790 2090 944 2157 ἁγίου
984 2091 1165 2161 δοχεῖα
1207 2094 1303 2156 τάς
1350 2094 1549 2147 τούτων
1584 2096 1979 2160 κατασκευάζει

316 2168 513 2238 ψυχάς·
544 2170 604 2223 οὐ
631 2169 739 2242 γὰρ
766 2171 1113 2244 διῃρημένοις
1143 2176 1403 2246 ἀλλήλων,
1428 2178 1726 2247 ήνωμένοις
1756 2179 1812 2232 δὲ
1838 2181 1978 2234 κατά

316 2256 492 2328 ψυχὴν
515 2256 575 2310 τὸ
594 2259 690 2329 τῆς
714 2260 936 2332 εἰρήνης
961 2264 1403 2316 ἐπαναπαύσεται
1435 2264 1676 2336 Πνεῦμα.
1705 2266 1769 2318 Ἠ
1791 2267 1978 2338 ἀγάπη

318 2344 477 2396 κοινά
513 2347 659 2398 ποιεῖ
690 2349 824 2400 πᾶσι
856 2347 925 2401 τὰ
956 2349 1183 2403 ἑκάστου
1217 2351 1543 2421 ὑπάρχοντα,
1588 2351 1770 2416 καθώς
1815 2371 1979 2425 φησιν

320 2433 352 2500 ἡ
389 2430 570 2501 βίϐλος
600 2431 708 2485 τῶν
734 2434 1011 2504 ῐῐράξεωψ
1047 2436 1155 2491 Τοῦ
1192 2437 1260 2490 δὲ
1289 2438 1558 2505 πλήθους
1594 2438 1712 2494 τῶν
1737 2453 1979 2495 πιστευ-

318 2518 559 2572 σάντων
581 2516 659 2590 ἦν
683 2522 721 2590 ἡ
752 2523 963 2591 καρδία
1004 2524 1101 2577 καί
1130 2526 1167 2594 ἠ
1200 2526 1370 2595 ψυχὴ
1392 2527 1519 2595 μίαο
1564 2527 1663 2581 καὶ
1692 2529 1894 2595 οὐδείς
1923 2547 1979 2583 τι

317 2604 438 2659 τῶν
462 2608 851 2675 ὑπαρχόντων
888 2609 1046 2676 αὐτῷ
1076 2612 1286 2681 ἔλεγεν
1337 2612 1491 2666 ἴδιον
1523 2609 1696 2679 εἶναι,
1728 2615 1867 2669 ἀλλ’
1901 2612 1980 2685 ἦν

315 2692 528 2758 αὐτοῖς
550 2694 784 2749 ἅπαντα
812 2698 1000 2750 κοινά·
1029 2699 1125 2751 καὶ
1152 2698 1440 2754 διεδίδοτο
1476 2700 1729 2765 ἑκάστῳ,
1774 2705 1979 2758 καθότι

317 2778 396 2832 ἄν
419 2798 507 2847 τις
531 2784 741 2850 χρείαν
768 2780 910 2851 εἶχε.
940 2787 1098 2838 Ποῖον
1125 2785 1266 2839 οὕτω
1291 2790 1467 2859 τεῖχος
1495 2789 1752 2861 ἀρῤαγές,
1807 2792 1979 2862 ἁρμο-

318 2868 409 2937 νίᾳ
445 2868 607 2926 λίθων
641 2870 951 2941 εὐμεγεθῶν
991 2873 1383 2945 ὠχυρωμένον,
1426 2877 1732 2948 ἀπόρθητον
1772 2879 1978 2948 γίνεται

317 2957 433 3018 ταῖς
464 2955 571 3008 τῶν
618 2957 825 3027 ἐχθρῶν
857 2959 1082 3028 ἐφόδοις,
1117 2960 1192 3025 ὼς
1222 2961 1283 3015 τὸ
1312 2963 1561 3035 σύστημα
1586 2966 1695 3022 τῶν
1720 2966 1979 3037 ἀλλήλους

317 3041 678 3110 ἀγαπώντων,
726 3045 819 3098 καὶ
865 3046 922 3100 ἐν
958 3047 1302 3120 ὁμοφροσύνῃ
1330 3054 1833 3123 περιεσφιγμένων;
1869 3056 1978 3108 Καὶ

318 3130 487 3194 αὐτὰς
514 3131 608 3185 τοῦ
642 3132 884 3186 διαϐόλου
913 3135 1215 3205 προσϐολὰς
1234 3137 1261 3175 b
1287 3138 1666 3209 ἀποκρούεται·
1704 3142 1797 3195 καὶ
1832 3143 1979 3212 μάλα

319 3218 563 3281 εἰκότως.
588 3221 649 3272 Ol
676 3220 784 3291 7&9
811 3223 926 3290 μετ’
952 3221 1198 3293 ἀλλήλων
1236 3225 1354 3277 κατ’
1394 3226 1602 3280 ἐκείνου
1628 3231 1977 3300 παρατασσό-

321 3324 491 3376 μενοι,
510 3306 603 3359 καὶ
629 3307 703 3379 μὴ
721 3312 838 3379 μετ’
860 3309 1065 3362 ἐκείνου
1090 3311 1207 3363 κατ’
1224 3311 1464 3383 ἀλλήλων
1484 3315 1755 3385 ἱστάμενοι
1774 3327 1822 3380 ε,
1846 3320 1980 3389 ἀήτ-

317 3411 467 3461 τητοι
496 3395 732 3463 γίνονται
754 3397 866 3459 τοῖς
887 3396 1053 3451 αὐτοῦ
1096 3400 1472 3470 μηχανήμασι.
1516 3400 1585 3454 τὰ
1621 3402 1846 3473 λαμπρά
1878 3404 1978 3472 τῆς

316 3479 538 3551 ἀγάπης
569 3480 871 3552 ἐγείροντες
892 3482 1149 3553 τρόπαια.
1187 3486 1296 3539 Καὶ
1327 3486 1573 3557 καθάπερ
1597 3488 1653 3540 αἱ
1678 3489 1776 3557 τῆς
1811 3488 1978 3561 λύρας

318 3568 525 3639 νευραὶ,
560 3569 752 3623 πολλαὶ
789 3570 888 3641 μὲν
926 3566 1118 3638 οὖσαι,
1160 3573 1241 3635 είς
1286 3572 1414 3643 μίαν
1451 3574 1509 3627 δὲ
1548 3574 1799 3628 νεύουσαι
1835 3594 1977 3647 συμ-

319 3656 547 3723 φωνίαν,
585 3657 944 3728 τερπνότατόν
986 3676 1037 3713 τι
1081 3659 1240 3730 μέλος
1264 3658 1486 3730 ἠχοῦσιν
1511 3678 1524 3693 ο
1561 3661 1732 3725 οὕτως
1757 3664 1806 3716 οἱ
1844 3664 1978 3737 πρὸς

323 3743 453 3813 μίαν
486 3747 918 3816 συγκεκραμένοι
939 3745 1183 3818 γνώμην,
1229 3746 1424 3819 εὐηχον
1457 3749 1847 3820 ἀνακρούονται
1880 3753 1979 3825 τῆς

318 3831 538 3902 ἀγάπης
571 3832 661 3887 τὸν
692 3833 946 3902 φθόγγον.
991 3834 1089 3888 Διά
1130 3833 1287 3889 τοῦτο
1328 3835 1679 3905 ωμῦουλεύει
1707 3841 1734 3892 ὁ
1768 3839 1979 3906 Παῦλος

320 3921 382 3972 τὸ
416 3920 545 3972 αὐτὸ
595 3924 841 3991 φρονεῖν,
887 3921 982 3976 καὶ
1023 3922 1220 3992 λέγειν,
1270 3925 1366 3978 καὶ
1414 3924 1676 3995 ἀλλήλους
1728 3927 1979 3996 ἡγεῖσθαι

322 4007 682 4080 ὑπερέχοντας
712 4008 938 4071 ἑαυτῶν,
974 4008 1113 4063 ὥστε
1149 4008 1224 4081 μὴ
1249 4013 1317 4081 τῇ
1361 4009 1640 4083 φιλοτιμίᾳ
1669 4012 1979 4069 διαλύεσθαι

321 4094 420 4166 τὴν
452 4095 691 4165 ἀγάπην,
729 4094 864 4148 ἀλλά
891 4094 989 4167 τὴν
1018 4097 1180 4168 τιμὴν
1218 4097 1805 4169 ἀντιπαραχωροῦντας
1832 4101 1859 4141 ά
1889 4102 1981 4155 ἀλ-

322 4183 523 4253 λήλοις,
570 4182 627 4234 ἐν
659 4182 878 4254 ὁμονοίᾳ
909 4182 1137 4251 διάγειν.
1178 4184 1287 4237 Καὶ
1316 4184 1477 4238 πάλιν
1522 4186 1688 4257 φησί·
1717 4189 1797 4242 Δι’
1839 4189 1980 4260 ἀγά-

324 4283 438 4335 πης
472 4267 789 4322 δουλεύετε
826 4268 1134 4336 ἀλλήλοις.
1179 4270 1243 4338 Ὀ
1274 4271 1384 4341 γὰρ
1424 4270 1543 4338 πᾶς
1578 4273 1761 4342 νόμος
1793 4274 1863 4329 ἐν
1888 4276 1981 4330 ἐνί

322 4355 481 4423 λόγῳ
529 4354 895 4423 πληροῦται,
939 4356 1009 4410 ἐν
1048 4356 1147 4424 τῷ,
1191 4357 1549 4428 Ἀγαπήσεις
1575 4361 1681 4414 τὸν
1712 4361 1982 4429 πλησίον

323 4458 440 4496 σου
468 4442 548 4506 ὡς
576 4443 855 4497 σεαυτόν.
895 4442 955 4496 '0
1001 4443 1229 4513 ἀγαπῶν
1263 4445 1363 4498 οὐκ
1394 4446 1700 4500 ἐπιτάττειν
1733 4447 1980 4517 βούλεται

329 4530 506 4599 μόνον,
525 4528 660 4581 ἀλλά
688 4531 781 4583 καὶ
796 4530 1197 4586 ἐπιτάττεσθαιο
1222 4532 1315 4585 καὶ
1344 4532 1521 4603 χαίρει
1549 4534 1748 4603 μᾶλλον
1769 4536 1982 4590 ἐπιτατ-

324 4618 567 4688 τόμενος,
596 4616 740 4687 ἥπερ
768 4618 1083 4672 ἐπιτάττων.
1128 4619 1185 4673 '0
1216 4619 1443 4687 ἀγαπῶν
1484 4620 1803 4691 χαρίζεσθαι
1854 4621 1978 4691 βού-

325 4707 475 4758 λεται
503 4702 722 4775 μᾶλλον,
757 4703 791 4775 ἢ
820 4704 978 4777 χάριν
1008 4706 1303 4777 λαμϐάνειν
1325 4725 1338 4738 ·
1372 4707 1516 4761 θέλει
1562 4707 1671 4779 γάρ
1701 4708 1980 4781 ὀφειλέτην

325 4793 466 4863 ἔχειν
488 4791 579 4845 τὸν
609 4790 777 4860 φίλον,
803 4792 946 4863 ἥπερ
971 4792 1129 4858 αὐτὸς
1149 4794 1385 4863 ὀφείλειν
1412 4797 1625 4868 ἐκείνῳ.
1662 4798 1720 4849 'O
1749 4798 1977 4865 ἀγαπῶν

327 4881 417 4933 καὶ
444 4879 690 4950 βούλεται
722 4877 1038 4950 χαρίζεσθαι
1068 4880 1144 4951 τῷ
1179 4882 1545 4954 ἀγαπωμένῳ,
1584 4884 1676 4937 καὶ
1706 4884 1766 4936 οὐ
1800 4883 1977 4953 βούλεο

324 4986 413 5022 ται
440 4968 614 5021 δοκεῖν
650 4966 1001 5038 χαρίζεσθαι,
1054 4969 1147 5022 καὶ
1183 4970 1370 5039 ἀρχειν
1420 4972 1584 5035 αὐτὸς
1631 4971 1977 5042 εὐεργεσίας,

326 5057 419 5110 καὶ
453 5056 526 5126 μὴ
560 5054 732 5109 δοκεῖν
773 5054 962 5127 ἀρχειν
1001 5054 1337 5127 εὐεργεσίας.
1384 5058 1535 5128 Τάχα
1562 5058 1705 5122 τινὲς
1730 5059 1981 5126 ἀγνοοῦσι

324 5142 386 5194 τὸ
416 5141 620 5211 λεχθέν·
644 5140 841 5196 οὐκοῦν
864 5141 930 5195 δι’
966 5139 1358 5211 ὐποδείγματος
1389 5143 1521 5197 αὐτὸ
1552 5145 1762 5215 ποιήσω
1791 5146 1977 5214 σαφές.

331 5230 590 5299 Ἐμελλεν
612 5231 639 5282 ὁ
668 5227 1043 5300 φιλάνθρωπος
1075 5227 1227 5300 [290]
1249 5231 1524 5300 Δεσπότης
1547 5230 1638 5285 τὸν
1666 5232 1792 5285 Υίὸν
1819 5233 1979 5286 αὐτοῦ

328 5316 645 5386 χαρίζεσθαι
678 5316 818 5387 ὑπὲρ
848 5317 1034 5387 ἡμῶν·
1084 5316 1199 5372 ἀλλ’
1234 5318 1320 5372 ἴνα
1357 5316 1431 5387 μὴ
1473 5315 1599 5389 δόξῃ
1639 5316 1979 5389 χαρίζεσθαι,

392 5528 423 5605 1..
446 5528 585 5605 '
609 5532 761 5605 ἡμῖν’.
788 5531 895 5601 Καὶ⁴
910 5530 1282 5605 ᾑδύνατο.

393 5584 423 5655 ξ’
445 5590 579 5655 ςξοιι).
607 5584 689 5655 τὰς
706 5593 794 5655 γὰρ
816 5591 900 5655 τοῦ
924 5584 1145 5655 διαϐόλου
1162 5592 1335 5655 προσ-ϐ.

334 5711 344 5721 ⁹
393 5654 415 5679 θ
446 5650 698 5760 Ηεξδὲξ,1ἐιαὶ
720 5650 781 5714 μή
805 5654 903 5716 μετ’
926 5654 1103 5702 ἐκείνου
1127 5650 1230 5702 κατ’
1254 5652 1470 5711 ἀλλήλων
1500 5652 1761 5715 ἱστάμενοι,
1800 5653 1983 5704 desunt

332 5726 379 5759 ιιι
407 5723 496 5757 ms.
557 5726 585 5757 ο
644 5749 653 5759 .

394 5771 525 5848 τίείς
558 5772 690 5847 Εοιδ.
713 5771 884 5847 βανὶῐ.
907 5788 1053 5848 ,τρι-ο.
1087 5774 1500 5842 παραχωροῦντας.
1550 5774 1673 5827 Infra
1705 5776 1975 5840 legendum

332 5842 450 5897 pulo
479 5837 565 5881 οὐκ
595 5837 853 5883 ἐπιτάττειν
873 5837 925 5885 οὐ
954 5837 1185 5899 βούλεταί.

2082 690 2276 755 διδοὺς,
2299 690 2411 745 ἀλλ’
2440 694 2514 756 ὡς
2564 693 2722 763 χρέος
2768 692 3049 755 ἀποδιδοὺς
3102 691 3295 761 εὐρεοῇ
3330 690 3415 742 διά
3448 688 3538 741 τὸν
3575 688 3747 760 ὐπερ-

2084 778 2345 833 ϐάλλοντα
2370 780 2597 834 πλοῦτον
2622 781 2719 850 τῆς
2754 779 2917 833 αὐτοῦ
2949 778 3299 849 ἀγαθότητος.
3330 773 3460 829 Οἶδα
3487 777 3569 829 ὃτι
3596 776 3747 843 ξένον

2085 866 2332 932 φαίνεται
2361 870 2471 930 τοῖς
2502 867 2714 931 πολλοῖς
2746 867 2806 920 τὸ
2833 866 3040 936 λεχθέν.
3068 867 3143 919 Τὸ
3180 865 3237 917 δέ
3264 866 3435 917 αίτιον
3454 904 3469 929 ,
3497 865 3580 916 ὅτι
3619 864 3749 935 περὶ

2086 955 2407 1024 πράγματος
2443 955 2759 1026 διαλέγομαι
2784 955 2875 1009 τὸν
2902 954 3127 1026 οὐρανὸν
3153 953 3427 1016 οἰκοῦντος
3462 953 3574 1005 νῦν.
3615 953 3748 1005 Ὠσ-

2085 1057 2190 1113 περ
2223 1042 2332 1112 γάρ
2373 1045 2419 1095 εί
2454 1042 2636 1111 ἔλεγον
2666 1043 2792 1113 περί
2829 1060 2971 1105 τινος
3014 1041 3181 1111 φυτοῦ
3215 1043 3271 1093 ἐν
3309 1040 3465 1112 Ἰνδίᾳ
3495 1040 3748 1109 τικτομέ-

2085 1146 2196 1189 νου,
2227 1130 2320 1183 καὶ¹
2360 1123 2421 1184 οὐ
2469 1132 2655 1201 μηδεὶς
2694 1133 2888 1202 πεῖραν
2934 1130 3161 1194 ἐλαϐεν,
3210 1130 3310 1182 οὐκ
3359 1129 3425 1182 ἂν
3476 1128 3689 1197 ἴσχυσεν
3718 1128 3749 1180 ὁ

2084 1216 2240 1286 λόγος
2263 1219 2632 1288 παραστῆσαι,
2668 1218 2770 1271 κᾶν
2803 1218 2970 1289 μυρία
3010 1219 3135 1291 περὶ
3163 1217 3326 1272 αὐτοῦ
3366 1216 3568 1284 ἔλεγον·
3602 1216 3748 1269 οὕτω

2085 1306 2179 1357 καὶ
2211 1305 2305 1359 νῦν
2329 1306 2428 1359 ὅσα
2453 1305 2517 1359 ἂν
2540 1307 2697 1370 εἴπω,
2733 1308 2906 1376 μάτην
2928 1304 3068 1376 ¹ἐρῶ·
3102 1306 3162 1357 οὐ
3191 1304 3299 1375 γάρ
3329 1303 3567 1356 συνιοῦσι
3601 1319 3749 1366 τινες

2084 1393 2151 1447 τά
2172 1392 2457 1463 λεγόμενα.
2504 1393 2591 1447 Ἐν
2610 1394 2820 1465 οὐρανῷ
2843 1395 2971 1461 γάρ,
2998 1393 3073 1456 ὡς
3102 1393 3236 1463 ἐφην
3253 1431 3267 1455 ,
3297 1391 3453 1444 τοῦτο
3480 1388 3751 1457 πεφύτευ-

2085 1498 2171 1533 ται
2208 1481 2267 1534 τὸ
2296 1482 2480 1550 φυτόν.
2518 1480 2656 1533 Ἀλλ’
2695 1482 2789 1535 ἐὰν
2831 1481 3099 1551 θέλωμεν,
3146 1480 3241 1532 καὶ
3284 1478 3413 1548 παρ’
3448 1480 3583 1548 ἡμῖν
3614 1476 3749 1530 αὐτὸ

2087 1568 2411 1639 φυτευθῆναι
2434 1568 2675 1624 δυνατόν.
2706 1568 2803 1621 Διά
2841 1568 2998 1621 τοῦτο
3042 1569 3150 1637 7&9
3189 1566 3543 1637 ἐδιδάχθημεν
3570 1565 3748 1633 λέγειν

2086 1655 2221 1727 πρὸς
2263 1656 2353 1709 τὸν
2401 1659 2458 1710 ἐν
2490 1657 2738 1727 οὐρανοῖς
2786 1656 3004 1727 Πατέρα
3026 1672 3038 1685 ⁸
3078 1653 3393 1721 Γενηθήτω
3420 1654 3485 1707 τὸ
3518 1652 3751 1723 θέλημά

2086 1758 2204 1797 σου
2231 1745 2302 1798 ἐν
2323 1743 2556 1813 οὐρανῷ
2584 1744 2681 1798 καὶ
2711 1744 2811 1797 ἐπὶ
2837 1743 2947 1812 τῆς
2970 1742 3104 1812 γῆς.

2153 1839 2222 1901 γ’.
2263 1833 2353 1903 Μὴ
2385 1833 2561 1885 τοίνυν
2592 1832 2849 1887 ἀδύνατον
2889 1828 3028 1885 εἶναι
3058 1830 3369 1902 νομίσωμεν
3400 1830 3461 1885 τὸ
3504 1830 3748 1885 τοιοῦτον

2084 1920 2286 1989 ἀγαθὸν
2326 1920 2645 1991 κτήσασθαι.
2685 1920 2918 1974 Δυνατὸν
2958 1920 3086 1991 γὰρ,
3114 1919 3282 1982 ὁντως
3320 1919 3564 1985 δυνατὸν,
3598 1920 3650 1972 εί
3680 1938 3746 1987 γε

2088 2009 2385 2079 βουλόμεθα
2433 2010 2654 2081 νήφειν⁶
2685 2008 2746 2063 οὐ
2780 2008 2934 2063 τοῦτο
2962 2009 3019 2062 δὲ
3044 2009 3219 2079 μόνον,
3260 2007 3395 2062 ἀλλά
3443 2008 3536 2063 καὶ
3569 2012 3748 2062 πᾶσαν

2087 2097 2426 2169 κατορθῶσαι
2480 2097 2579 2169 τὴν
2633 2098 2853 2169 ἀρετήν.
2914 2096 3251 2166 Δύτεξουσίῳ
3282 2096 3391 2168 7&9
3431 2096 3748 2168 προαιρέσει

2087 2184 2494 2256 κυόερνώμεθα,
2527 2186 2621 2239 καὶ
2650 2186 2747 2256 οὐχ
2776 2185 3113 2257 εἱμαρμένης
3142 2186 3375 2258 ἀνάγκῃ,
3406 2185 3545 2239 κατά
3572 2202 3745 2249 τινας,

2087 2272 2440 2343 ὐποκείμεθα,
2477 2275 2534 2326 ἐν
2563 2273 2639 2343 τῷ
2673 2274 2843 2327 θέλειν
2884 2274 2978 2327 καὶ
3009 2273 3084 2345 μὴ
3117 2273 3287 2326 Θέλειν
3316 2272 3617 2345 ὁριζόμενοι
3653 2278 3750 2325 καὶ

2086 2360 2154 2414 τὰ
2185 2360 2324 2414 καλά
2357 2361 2568 2415 κεῖσθαι
2600 2361 2695 2415 καὶ
2728 2364 2795 2416 τὰ
2819 2362 2983 2416 κακά.
3037 2360 3134 2414 Διά
3184 2360 3341 2413 τοῦτο
3388 2360 3495 2430 7&9
3540 2361 3569 2413 ὁ
3614 2360 3748 2424 Θεὸς

2087 2448 2180 2501 καὶ
2212 2447 2481 2517 βασιλείαν
2511 2449 2795 2519 ὑπέσχετο,
2833 2449 2927 2502 καὶ
2974 2448 3242 2520 τιμωρίαν
3272 2448 3587 2519 ἠπείλησεν.
3631 2449 3747 2501 Οὐκ

2085 2534 2151 2588 ἂν
2178 2535 2233 2589 δὲ
2266 2538 2376 2599 τοῖς
2402 2537 2612 2607 ἀνάγκῃ
2635 2536 2936 2607 δεδεμένοις
2968 2536 3138 2599 οὕτως
3190 2537 3410 2607 ἐποίησε
3434 2554 3447 2567 ·
3492 2536 3597 2589 τῶν
3636 2537 3749 2607 7&9

2085 2621 2192 2675 ἀπὸ
2221 2621 2442 2692 γνώμης
2470 2622 2766 2693 γινομένων
2814 2623 3078 2685 ἀντίδοσίς
3107 2624 3251 2677 ἐστιν
3292 2622 3580 2694 ἑκατέρων.
3631 2623 3748 2675 Οὐκ

2087 2710 2153 2763 ἂν
2179 2710 2373 2780 νόμους
2401 2710 2615 2781 ἔθηκεν,
2638 2712 2738 2764 οὐκ
2762 2712 2826 2765 ἂν
2851 2712 3200 2780 παραινέσεις
3224 2709 3437 2772 ἔδωκεν,
3460 2712 3507 2762 εί
3528 2709 3751 2778 δεσμοῖς

2086 2797 2422 2867 εἱμαρμένης
2450 2798 2841 2869 κεκρατημένοι
2871 2795 3035 2869 ἦμεν.
3080 2798 3217 2851 Ἀλλ’
3255 2796 3436 2867 ἐπειδὴ
3470 2796 3751 2867 ἐλεύθεροί

2086 2885 2272 2954 ἐσμεν,
2298 2886 2390 2939 καί
2421 2886 2520 2956 τῆς
2550 2885 2685 2949 ἰδίας
2712 2886 3080 2957 προαιρέσεως
3123 2886 3317 2955 κύριοι,
3352 2886 3447 2937 καὶ
3489 2884 3595 2936 ἀπὸ
3645 2884 3753 2953 μέν

2088 2972 2356 3044 ῥᾳθυμίας
2380 2974 2639 3046 γινόμεθα
2668 2974 2877 3044 φαῦλοι,
2909 2976 3014 3028 ἀπὸ
3043 2975 3098 3028 δὲ
3131 2974 3357 3044 σπουδῆς
3379 2973 3625 3045 χρηστοὶ,
3659 2974 3752 3028 διὰ

2084 3059 2243 3113 τοῦτο
2266 3060 2439 3115 ταῦτα
2468 3062 2834 3117 κατεσκεύασε
2881 3064 2950 3116 τὰ
2992 3064 3291 3134 φάρμακα,
3331 3062 3411 3133 τῷ
3454 3061 3603 3132 φόϐῳ
3648 3066 3749 3133 τῆς

2086 3148 2360 3213 κολάσεως
2400 3150 2492 3203 καὶ
2519 3153 2585 3221 τῇ
2629 3151 2919 3221 προσδοκίᾳ
2944 3150 3043 3221 τῆς
3071 3149 3346 3220 βασιλείας
3372 3150 3751 3223 διορθούμενος

2086 3237 2253 3305 ἡμᾶς,
2289 3236 2385 3289 καὶ
2416 3237 2722 3307 φιλοσοφεῖν
2760 3238 3043 3294 παιδεύων.
3069 3239 3183 3292 Οὐκ
3215 3240 3279 3291 ἐκ
3308 3237 3510 3292 τούτων
3545 3238 3601 3291 δὲ
3648 3239 3749 3308 μό-

2085 3342 2195 3389 νον,
2249 3324 2383 3379 ἀλλά
2428 3327 2522 3379 καὶ
2570 3326 2631 3391 ἐξ
2672 3320 2746 3381 ὧν
2776 3328 2933 3397 ἡμεῖς
2960 3327 3112 3380 αὐτοὶ
3146 3327 3429 3397 ποιοῦμεν,
3474 3327 3630 3397 δῆλον
3664 3329 3749 3381 ὅτι

2085 3410 2209 3465 οὐτε
2236 3414 2561 3485 εἱμαρμένη,
2593 3414 2715 3468 οὐτε
2747 3416 2906 3486 τύχη,
2947 3414 3072 3469 οὐτε
3110 3416 3358 3484 γένεσις,
3395 3414 3517 3469 οὐτε
3553 3415 3751 3486 δρόμος

2085 3500 2331 3573 ἀστέρων
2369 3503 2437 3555 τά
2469 3504 2591 3556 καθ’
2620 3505 2768 3574 ἡμᾶς
2795 3504 3006 3559 διοικεῖ.
3045 3506 3109 3558 El
3148 3505 3259 3575 7&9
3288 3505 3497 3558 ἐκεῖθεν
3515 3505 3751 3575 ἢρτηται

2084 3589 2153 3643 τά
2189 3590 2445 3661 γινόμενα
2492 3592 2688 3656 πάντα,
2735 3594 2828 3645 καὶ
2871 3593 2930 3645 οὐ
2974 3592 3076 3663 τῆς
3108 3593 3484 3665 προαιρέσεως
3522 3593 3628 3645 τῶν
3656 3594 3750 3645 ἀν-

2088 3677 2339 3747 θρώπων,
2361 3679 2504 3743 τίνος
2533 3680 2719 3733 ἐνεκεν
2752 3683 3033 3751 μαστιγοῖς
3054 3681 3144 3734 τὸν
3167 3681 3386 3750 οἰκέτην
3416 3680 3746 3748 κεκλοφότας

2085 3764 2229 3828 τίνος
2262 3766 2445 3820 ἕνεκεν
2481 3767 2854 3838 μοιχευθεῖσαν
2881 3768 2978 3839 τὴν
3003 3769 3237 3837 γυναῖκα
3280 3768 3361 3832 είς
3399 3769 3751 3838 δικαστήριον

2086 3851 2301 3916 ἐλκεις;
2334 3852 2477 3916 τίνος
2505 3853 2688 3908 ἕνεκεν
2726 3854 2953 3927 αἰσχύνῃ
2982 3856 3235 3927 πράττων
3271 3856 3339 3909 τά
3362 3858 3571 3921 ἀτοπας
3602 3856 3750 3918 τίνος

2085 3939 2270 3995 ἐνεκεν
2301 3941 2421 3994 οὐδέ
2445 3941 2512 3995 τὰ
2552 3943 2769 4013 ῥήματα
2800 3943 2985 4012 φέρεις
3018 3943 3438 4014 ὀνειδιζόμενος,
3490 3942 3605 3995 ἀλλ’
3651 3943 3749 3995 έάν

2084 4026 2169 4090 τίς
2204 4044 2261 4080 σε
2286 4027 2487 4100 καλέσῃ
2515 4028 2773 4100 μοιχὸν,ἢ
2803 4030 3019 4099 πόρνον,
3055 4030 3088 4099 ἢ
3122 4030 3383 4100 μέθυσον,
3418 4030 3451 4099 ἦ
3484 4046 3537 4081 τι
3567 4027 3751 4081 τοιοῦ-

2085 4132 2197 4180 τον,
2230 4113 2385 4187 ὐόριν
2416 4116 2477 4170 τὸ
2508 4119 2735 4187 πρᾶγμα
2764 4117 2986 4181 καλεῖς;
3018 4117 3081 4170 Εἰ
3111 4117 3216 4187 γὰρ
3248 4115 3321 4187 μὴ
3353 4116 3450 4185 τῆς
3475 4119 3575 4186 σῆς
3606 4116 3752 4185 γνώ-

2091 4220 2196 4275 μης
2219 4202 2281 4257 τὸ
2312 4204 2660 4275 ἁμαρτάνειν,
2706 4202 2832 4257 οὐτε
2873 4204 3124 4275 ἔγκλημα
3171 4204 3231 4257 τὸ
3274 4204 3573 4274 γινόμενον,
3620 4204 3751 4258 οὐτε

2088 4290 2243 4362 ὖδρις
2273 4291 2335 4345 τὸ
2374 4290 2684 4362 λεγόμενον.
2729 4290 2843 4345 Νῦν
2889 4290 2945 4345 δέ
2988 4292 3081 4345 καὶ
3112 4292 3177 4345 δι’
3210 4284 3286 4345 ὧν
3332 4293 3443 4355 τοῖς
3496 4292 3752 4362 ἀμαρτά-

2088 4396 2268 4433 νουσιν
2305 4380 2366 4432 οὐ
2415 4378 2824 4449 συγγινώσκεις,
2867 4379 2960 4432 καὶ
2995 4380 3061 4431 δι’
3103 4373 3179 4433 ὧν
3211 4381 3372 4443 αὐτὸς
3414 4379 3643 4451 αἰσχύνῃ
3678 4382 3751 4435 τὰ

2088 4466 2233 4519 κακὰ
2260 4466 2536 4537 πράττων,
2576 4466 2671 4520 καὶ⁵
2698 4467 2978 4521 λανθάνειν
3024 4467 3377 4532 σπουδάζεις,
3412 4469 3507 4521 καὶ
3551 4467 3619 4520 δι’
3672 4461 3751 4521 ὧν

2086 4555 2211 4617 τοὺς
2254 4554 2424 4608 ταῦτά
2472 4572 2551 4607 σοι
2606 4554 2973 4627 προφέροντας
3021 4554 3282 4625 ὐϐριστάς
3332 4554 3610 4623 νομίζεις,
3660 4555 3751 4609 διὰ

2088 4640 2301 4694 πάντων
2327 4641 2623 4711 ὁμολογεῖς,
2665 4643 2747 4695 ὅτι
2775 4642 2875 4694 οὐκ
2902 4642 3119 4713 ἀνάγκη
3146 4640 3351 4694 δέδεται
3380 4642 3447 4695 τὰ
3479 4643 3747 4713 ἡμέτερα,

2087 4726 2221 4781 ἀ)λά
2240 4728 2608 4799 προαιρέσεως
2626 4728 2905 4800 ἐλευθερίᾳ
2923 4729 3228 4797 τετίμηται.
3245 4729 3369 4791 Τοῖς
3384 4728 3514 4797 γοῦν
3534 4730 3750 4799 ἀνάγκη

2088 4817 2471 4885 κατεχομένοις
2494 4815 2881 4885 συγγινώσκειν
2920 4816 3161 4886 οἴδαμεν.
3207 4816 3329 4870 Κᾶν
3362 4816 3466 4869 ὐπὸ
3497 4817 3751 4886 δαίμονός

2087 4919 2168 4966 τις
2196 4903 2537 4974 ὀχλούμενος,
2561 4905 2594 4976 ἢ
2624 4905 2713 4958 τὸν
2737 4904 2938 4975 χιτῶνα
2977 4906 3239 4976 διαρῤήξῃ
3267 4906 3359 4958 τὸν
3392 4905 3680 4976 ἡμέτερον.
3713 4904 3750 4974 ἢ

2086 4990 2300 5062 πληγὰς
2336 4991 2624 5065 ἐπενέγκῃ,
2670 4992 2731 5044 οὐ
2768 4993 2926 5063 μόνον
2956 4992 3016 5044 οὐ
3047 4992 3346 5061 κολάζομεν
3376 4992 3557 5051 αὐτὸν,
3611 4990 3755 5044 ἀλλά

2088 5075 2237 5148 [291]
2269 5077 2363 5130 καί
2392 5077 2645 5147 ἐλεοῦμεν
2672 5080 2765 5131 καὶ⁵
2803 5079 3264 5148 συγγινώσκομεν.
3300 5080 3365 5131 Τί
3390 5078 3623 5149 δήποτε;
3665 5080 3752 5132 ὅτι

2087 5166 2239 5236 οὐχὴ
2267 5166 2365 5235 τῆς
2401 5167 2767 5237 προαιρέσεως
2800 5166 3101 5237 ἐλευθερία,
3144 5168 3258 5220 ἀλλ’
3288 5170 3321 5239 ἡ
3358 5168 3453 5220 τοῦ
3489 5167 3748 5237 δαίμονος

2091 5252 2182 5323 βία
2214 5253 2385 5307 ταῦτα
2416 5254 2725 5324 εἰργάσατο.
2752 5255 2912 5307 Ὥστε
2944 5256 2993 5307 εί
3014 5256 3106 5308 καὶ
3129 5256 3195 5308 τά
3226 5256 3357 5309 ἄλλα
3376 5257 3757 5326 ἁμαρτήματα

2090 5340 2195 5393 ἀπὸ
2227 5340 2327 5410 τῆς
2376 5340 2618 5411 ἀνάγκης
2650 5342 2749 5411 τῆς
2799 5342 2938 5395 κατά
2981 5342 3079 5413 τὴν
3122 5343 3458 5413 εἱμαρμένην
3500 5343 3713 5410 ἐγίνετο
3738 5386 3755 5408 ,

2091 5429 2429 5499 συνέγνωμεν
2450 5428 2535 5481 ἀν·
2557 5429 2741 5501 ἐπειδὴ
2760 5430 2816 5483 δὲ
2838 5432 2993 5500 ἴσμεν
3013 5439 3059 5496 θ,
3082 5432 3161 5484 ὅτι
3188 5431 3287 5483 οὐκ
3316 5430 3459 5482 ἐστιν
3482 5431 3757 5500 ἀνάγκης,

2088 5516 2174 5569 διά
2208 5515 2364 5570 τοῦτο
2402 5516 2462 5569 οὐ
2514 5518 2987 5586 συγγινώσκομεν,
3035 5515 3157 5569 οὐτε
3192 5517 3447 5570 δεσπόται
3490 5518 3756 5583 οἰκέταις,

2088 5603 2209 5658 οὐτε
2246 5604 2433 5675 ἀνδρες
2471 5605 2712 5673 γυναιξὶν
2740 5647 2755 5671 ,
2809 5606 2931 5659 οὐτε
2989 5608 3241 5673 γυναῖκες
3292 5605 3579 5677 ἀνδράσιν,
3631 5605 3760 5661 οὐτε

2157 5840 2180 5867 ε
2206 5837 2338 5895 Haec,
2367 5837 2526 5893 ἐπειδή
2551 5838 2601 5885 δὲ
2623 5836 2704 5899 ίσρ
2715 5855 2778 5898 εν,
2803 5837 2980 5887 desunt
3002 5849 3049 5885 ιιι
3071 5834 3204 5887 Colb.
