4126 6294
541 473 638 527 281

536 590 768 645 Joannes
797 586 1110 643 testiﬁcatur
1151 586 1331 642 dicens
1358 601 1371 638 :
1398 603 1418 637 ι
1457 584 1548 642 Sic
1568 584 1707 640 Deus
1734 583 1918 640 dilexit
1955 597 2112 637 mun-

537 681 685 746 dum,
716 691 774 735 ut
806 679 999 735 Filium
1029 693 1185 734 suum
1210 677 1538 748 unigenitum
1562 677 1805 743 daret,ut
1823 678 1996 730 omnis
2021 676 2111 745 qui

535 774 706 829 credit
730 774 783 828 in
810 774 981 845 ipsum
1006 788 1110 827 non
1138 779 1340 842 pereat,
1369 770 1463 825 sed
1513 769 1707 824 habeat
1746 769 1907 823 vitam
1951 773 2111 821 aeter-

535 880 657 921 nam
688 884 708 919 ι
751 864 933 935 (Joan.
958 864 1011 919 ὅ.
1043 863 1156 935 16).
1188 862 1297 917 Hac
1334 861 1528 917 ardens
1559 860 1753 915 Paulus
1782 859 1919 913 hanc
1946 857 2108 913 caele-

537 966 670 1012 stem
700 956 877 1010 emisit
915 969 1099 1009 vocem
1137 971 1151 1007 :
1189 952 1359 1020 (Quis
1395 966 1493 1007 nos
1538 951 1803 1021 separabit
1832 965 1862 1005 a
1889 949 2110 1004 caritate

534 1046 772 1102 Christi?
800 1046 1089 1110 tribulatio,
1121 1060 1189 1099 an
1239 1045 1504 1114 angustia,
1546 1057 1608 1097 ac
1642 1040 2002 1112 persequutio,
2040 1054 2108 1094 an

536 1136 721 1201 fames,
751 1151 818 1191 an
841 1135 1070 1203 nuditas,
1094 1150 1161 1189 an
1190 1134 1503 1204 periculum,
1527 1147 1593 1186 an
1610 1130 2033 1204 gladius»(Rom.
2052 1130 2105 1184 8.

535 1229 665 1298 55)?
692 1228 787 1283 His
829 1243 990 1297 porro
1031 1228 1181 1297 quasi
1208 1225 1480 1281 vilioribus
1523 1224 1809 1296 despectis,
1832 1224 1897 1279 iis
1940 1224 2109 1279 multo

534 1322 735 1392 majora
769 1321 961 1391 adjecit
989 1337 1003 1373 :
1036 1320 1206 1388 «Quia
1240 1334 1411 1389 neque
1435 1333 1600 1385 mors,
1626 1336 1645 1370 ι
1704 1316 1904 1388 inquit,
1965 1334 1984 1367 ι
2010 1332 2106 1371 ne-

532 1427 637 1481 que
664 1416 791 1479 vita,
819 1426 991 1481 neque
1010 1411 1282 1476 instantia,
1310 1425 1481 1481 neque
1501 1409 1696 1473 futura,
1721 1424 1894 1477 neque
1923 1408 2105 1461 altitu-

533 1502 622 1567 do,
652 1517 822 1573 neque
849 1500 1193 1573 profundum,
1218 1516 1392 1572 neque
1411 1509 1658 1557 creatura
1679 1499 1780 1553 alia
1794 1499 1989 1570 poterit
2008 1513 2107 1553 nos

532 1608 779 1664 separare
804 1608 835 1648 a
862 1594 1083 1649 caritate
1107 1593 1199 1649 Dei
1217 1634 1231 1658 ,
1254 1608 1374 1663 qua:
1398 1601 1482 1648 est
1507 1591 1563 1648 in
1588 1590 1800 1648 Christo
1846 1590 1971 1647 Jesu
2004 1590 2108 1643 Do-

533 1689 679 1741 mino
707 1695 887 1742 nostro
928 1705 947 1739 ›
980 1685 1142 1757 (Ibid.
1162 1702 1211 1740 υ.
1241 1687 1332 1742 55.
1358 1686 1474 1758 39).
1501 1685 1635 1740 Hinc
1680 1684 1811 1739 nihil
1856 1697 2105 1753 separare

533 1779 703 1847 potuit
746 1778 958 1834 beatum
986 1778 1134 1832 illum
1175 1777 1397 1832 caritate
1432 1776 1729 1840 ardentem,
1759 1789 1864 1829 non
1891 1774 2101 1841 caelum,

532 1886 638 1924 nun
668 1879 830 1937 terra,
862 1885 968 1925 non
993 1884 1140 1926 mare
1161 1909 1176 1935 ,
1200 1884 1305 1924 non
1331 1884 1553 1939 regnum
1572 1867 1822 1925 caelorum
1842 1908 1857 1932 ,
1890 1881 1995 1922 non
2024 1867 2105 1921 in-

530 1960 665 2016 ferni
694 1962 945 2031 supplicia
978 1961 1191 2016 :omnia
1232 1961 1426 2031 quippe
1452 1969 1668 2031 propter
1699 1957 1969 2013 Christum
2003 1956 2102 2012 de-

530 2054 802 2122 spiciebat.
821 2053 972 2120 Quod
1009 2054 1052 2108 si
1079 2054 1212 2108 alios
1247 2067 1457 2122 quoque
1495 2059 1708 2108 sanctos
1736 2050 2099 2118 exploremus,

530 2157 716 2199 omnes
740 2144 1199 2215 deprehendemus
1223 2145 1291 2200 ob
1316 2145 1589 2201 caritatem
1610 2144 1872 2215 placuisse
1898 2142 2026 2198 Deo.

602 2235 657 2289 2.
706 2234 904 2291 Caritas
952 2253 1071 2308 erga
1123 2237 1409 2306 proximum
1444 2251 1574 2306 quia.
1600 2266 1671 2276 —
1692 2234 1896 2290 Caritas
1924 2235 2105 2304 proxi-

530 2341 674 2381 mum
703 2328 796 2383 tibi
834 2328 1049 2383 exhibet
1089 2329 1227 2383 sicut
1258 2329 1618 2396 temetipsum,
1666 2335 1824 2397 teque
1852 2327 1920 2382 de
1958 2325 2102 2381 illius

528 2418 700 2485 bonis,
731 2419 954 2490 perinde
983 2430 1140 2490 atque
1165 2418 1232 2475 de
1261 2421 1366 2474 tuis
1395 2419 1627 2490 gaudere
1654 2418 1829 2485 docet,
1854 2417 2100 2487 illiusque

528 2510 718 2565 damna
748 2510 901 2580 quasi
928 2519 1015 2566 tua
1045 2510 1205 2566 ferre.
1237 2510 1443 2566 Caritas
1473 2510 1670 2565 multos
1714 2524 1876 2564 unum
1903 2523 2099 2578 corpus

529 2602 709 2670 efﬁcit,
742 2603 1059 2673 illorumque
1087 2603 1291 2657 animas
1329 2602 1560 2671 Spiritus
1594 2602 1761 2655 sancti
1795 2598 2099 2655 habitacula

528 2692 697 2747 reddit
721 2711 735 2747 :
764 2709 871 2748 non
896 2694 1040 2749 enim
1061 2694 1112 2748 in
1142 2693 1361 2756 divisos,
1385 2692 1479 2748 sed
1506 2692 1559 2746 in
1583 2691 1896 2761 coniunctos
1921 2690 2098 2745 animo

528 2783 753 2854 Spiritus
796 2784 942 2855 pacis
981 2784 1288 2855 requiescit.
1340 2784 1547 2840 Caritas
1592 2784 1919 2854 singulorum
1958 2780 2097 2836 bona

528 2877 771 2932 omnibus
817 2879 1119 2933 communia
1165 2877 1358 2942 reddit,
1412 2884 1472 2931 ut
1520 2877 1593 2931 ait
1645 2875 1780 2929 liber
1824 2876 2092 2928 Actuum:

536 2988 555 3019 ε
587 2967 931 3023 Multitudinis
972 2979 1148 3023 autem
1174 2968 1503 3023 credentium
1547 2975 1662 3022 erat
1688 2981 1784 3021 cor
1825 2981 2007 3030 unum,
2044 2975 2099 3020 et

530 3060 704 3113 anima
734 3076 834 3115 una
863 3078 876 3114 :
906 3075 1005 3115 nec
1043 3062 1319 3131 quisquam
1362 3074 1572 3126 eorum,
1620 3073 1738 3129 quae
1767 3058 2094 3128 possidebat,

533 3151 723 3222 aliquid
745 3167 894 3207 suum
915 3167 1035 3208 esse
1055 3152 1280 3217 dicebat,
1309 3151 1402 3206 sed
1431 3159 1585 3207 erant
1609 3150 1711 3204 illis
1739 3150 1918 3204 omnia
1944 3162 2096 3204 com-

533 3246 709 3301 munia
748 3264 763 3300 :
807 3255 861 3303 et
905 3246 1237 3303 dividebatur
1270 3246 1490 3317 singulis
1532 3254 1686 3315 prout
1722 3244 1912 3314 cuique
1962 3257 2095 3313 opus

530 3345 645 3392 erat
676 3356 695 3390 ι
739 3338 873 3408 (Act.
898 3340 951 3394 4.
982 3339 1068 3394 32.
1095 3338 1208 3409 35).
1237 3338 1418 3406 Qualis
1447 3351 1628 3391 murus
1674 3336 1744 3389 ita
1787 3334 1990 3397 ﬁrmus,
2024 3334 2093 3387 ita

529 3432 881 3487 concinnitate
924 3432 1196 3503 grandium
1235 3430 1491 3501 lapidum,
1537 3429 1769 3483 hostium
1813 3426 2094 3482 conatibus

531 3524 947 3594 inexpugnabilis
970 3532 1070 3588 est,
1101 3533 1159 3577 ut
1182 3532 1354 3579 ctetus
1389 3534 1506 3575 sese
1529 3529 1714 3574 mutuo
1737 3516 2086 3588 diligentium,

528 3625 582 3668 et
622 3615 917 3670 concordia:
957 3631 1092 3671 nexu
1124 3613 1468 3684 junctorum?
1508 3610 1678 3666 Etiam
1724 3608 1867 3678 ipsos
1895 3605 2093 3663 diaboli

528 3708 752 3777 impetus
788 3717 1028 3774 coercet;
1077 3715 1133 3762 et
1158 3706 1372 3778 quidem
1408 3704 1528 3775 jure
1574 3700 1787 3759 merito.
1829 3698 1963 3755 Nam
2000 3700 2090 3769 qui

525 3801 770 3856 concordi
798 3801 974 3857 animo
1012 3810 1196 3855 contra
1236 3799 1385 3853 illum
1428 3797 1599 3851 aciem
1624 3795 1908 3859 instruunt,
1936 3794 2007 3846 ita
2035 3800 2092 3845 ut

523 3891 681 3947 nullis
708 3906 737 3946 a
767 3902 909 3948 cmtu
952 3889 1342 3956 deﬁcientibus,
1388 3902 1511 3943 cum
1556 3886 1647 3941 illo
1687 3892 1831 3941 stent
1857 3882 2088 3947 adversi,

520 3982 636 4054 ejus
660 3983 921 4039 machinis
947 3992 1072 4038 sunt
1091 3982 1292 4048 invicti,
1319 3978 1700 4051 splendidaque
1727 3976 1962 4032 caritatis
1980 3975 2091 4030 eri-

519 4088 649 4147 gunt
692 4088 911 4148 trepaea.
955 4078 1032 4132 Ac
1070 4073 1517 4146 quemadmodum
1562 4073 1691 4145 lyra:
1731 4070 1899 4134 nervi,
1938 4068 2089 4123 multi

518 4183 639 4223 cum
682 4169 806 4233 sint,
834 4169 882 4223 si
921 4169 974 4222 in
1008 4182 1168 4223 unum
1197 4175 1514 4222 concentum
1559 4163 1798 4229 tendant,
1840 4161 2091 4217 suavissi-

518 4274 659 4312 mam
706 4258 1025 4313 cantilenam
1086 4258 1252 4313 edunt
1295 4274 1309 4310 :
1362 4257 1441 4311 sic
1484 4254 1574 4325 qui
1629 4269 1735 4309 uno
1787 4252 2092 4308 coalescunt

518 4351 717 4417 animo,
734 4349 1028 4421 jucundum
1062 4350 1299 4405 caritatis
1324 4347 1563 4419 pulsibus
1601 4360 1790 4401 sonum
1820 4343 2087 4399 emittunt.

520 4442 643 4497 Ideo
673 4453 857 4498 auctor
884 4454 966 4498 est
993 4444 1207 4509 Paulus,
1237 4452 1294 4497 ut
1319 4441 1503 4497 ﬁdeles
1528 4440 1758 4512 idipsum
1779 4436 2010 4497 sentiant
2035 4444 2092 4491 et

518 4538 712 4600 dicant,
740 4539 977 4608 aliosque
1004 4546 1187 4609 putent
1207 4553 1265 4592 se
1291 4536 1595 4606 superiores
1625 4548 1765 4600 esse,
1795 4548 1862 4588 ne
1889 4531 2090 4586 ambitu

518 4630 751 4682 solvatur
767 4629 983 4696 caritas,
1000 4629 1091 4684 sed
1105 4628 1308 4683 honore
1324 4628 1440 4683 aliis
1453 4625 1723 4691 cedentes‘,
1740 4626 1793 4678 in
1806 4623 2087 4680 concordia

524 4718 987 4792 ieganttPhilipp.
1020 4720 1072 4775 5.
1105 4720 1190 4776 16.
1222 4728 1268 4773 et
1295 4719 1349 4773 2.
1373 4718 1452 4790 5).
1479 4717 1817 4787 Rursumque
1845 4715 1956 4770 ait:
1988 4713 2090 4767 Per

519 4814 775 4867 caritatem
802 4815 979 4867 amite
1004 4814 1232 4866 invicem.
1273 4810 1449 4864 Omnis
1476 4810 1609 4864 enim
1638 4810 1718 4862 lea:
1760 4810 1813 4861 in
1838 4823 1939 4860 uno
1977 4822 2085 4859 ser-

518 4922 664 4959 mone
702 4905 938 4975 impletur
962 4918 981 4957 :
1006 4903 1198 4972 Diliges
1220 4903 1505 4974 proximum
1534 4910 1680 4954 tuum
1714 4899 1842 4952 sicut
1876 4899 2087 4967 teipsum

522 4994 687 5065 ξϐαι.
732 4996 786 5051 5.
836 4998 919 5052 13.
970 4996 1057 5051 14.
1114 4994 1271 5049 Leuit.
1306 4992 1555 5063 19.18).
1603 4992 1701 5058 Qui
1747 4991 1935 5061 diligit,
1982 5005 2087 5043 non

520 5088 680 5143 modo
717 5105 824 5144 non
852 5090 1132 5159 imperare,
1181 5087 1273 5143 sed
1317 5087 1475 5142 etiam
1503 5084 1752 5154 imperari
1792 5084 2090 5152 vult:gau-

518 5181 711 5250 detque
754 5182 920 5251 magis
948 5183 1233 5250 imperatus
1254 5194 1409 5249 quam
1452 5178 1737 5248 imperans.
1767 5175 1866 5242 Qui
1892 5174 2083 5244 diligit,

519 5274 739 5342 gratiam
791 5273 1034 5328 conferre
1081 5272 1302 5336 mavult,
1356 5284 1514 5340 quam
1566 5271 1837 5339 accipere;
1889 5267 2090 5321 mavult

516 5367 713 5436 quippe
736 5367 1031 5422 debitorem
1062 5368 1286 5421 amicum
1328 5366 1544 5431 habere,
1572 5380 1729 5435 quam
1770 5364 1884 5433 ipse
1913 5364 1960 5417 ei
1990 5363 2086 5416 de-

517 5456 657 5511 bitor
683 5473 823 5514 esse.
847 5458 945 5526 Qui
971 5458 1163 5529 diligit,
1195 5460 1366 5512 amico
1392 5458 1611 5527 gratiam
1648 5457 1886 5511 conferre
1923 5458 2086 5522 cupit,

516 5564 618 5605 nec
660 5560 840 5607 tamen
872 5553 981 5606 vult
1025 5551 1267 5606 conferre
1315 5551 1520 5604 videri:
1554 5550 1605 5604 in
1652 5548 1910 5603 beneﬁcio
1949 5563 2089 5617 prie-

517 5642 710 5698 Stando
736 5643 932 5713 primas
974 5651 1178 5709 tenere,
1215 5658 1311 5698 nec
1358 5653 1530 5697 tamen
1563 5642 1760 5712 primas
1805 5650 1983 5695 tenere
2008 5640 2088 5693 vi-

518 5734 653 5789 deri.
688 5734 799 5789 Hoc
837 5734 975 5790 forte
1003 5736 1215 5805 quidam
1247 5751 1349 5790 non
1382 5736 1678 5805 intelligunt
1704 5755 1717 5789 :
1745 5735 2088 5804 quamobrem

516 5825 571 5880 id
594 5828 844 5898 exemplo
871 5829 1211 5898 conspicuum
1242 5828 1473 5883 reddam.
1505 5829 1957 5885 Clementissimus
1989 5831 2092 5884 Βο-

520 5931 696 5976 minus
718 5934 819 5992 pro
860 5920 1012 5976 nobis
1050 5919 1239 5976 Filium
1283 5936 1434 5976 suum
1462 5920 1679 5977 daturus
1711 5933 1860 5991 erat;
1902 5933 1955 5979 ut
1997 5939 2087 5978 au-

1702 466 1791 523 DE
1831 457 2188 520 PERFEC’I‘A
2225 460 2595 524 CARITATE.

3692 482 3800 541 28?.

2222 587 2330 637 tem
2355 598 2461 638 non
2487 585 2758 642 videretur
2798 589 2849 643 id
2879 590 3079 661 largiri,
3128 593 3224 648 sed
3267 594 3503 651 debitum
3552 598 3797 664 reddere,

2217 675 2471 745 praecepit
2512 678 2817 735 Abrahamo
2861 692 2919 737 ut
2958 684 3124 740 ﬁlium
3169 700 3323 742 suum
3353 688 3524 754 daret,
3574 703 3633 746 ut
3675 707 3797 748 cum

2217 765 2444 835 idipsum
2466 769 2579 838 ipse
2603 769 2821 839 faceret,
2853 788 2957 827 non
2979 777 3199 845 gratiam
3223 788 3477 849 praestare
3504 783 3796 847 videretur,

2217 858 2310 912 sed
2339 858 2577 915 debitum
2616 862 2863 931 reddere,
2908 876 3128 935 propter
3168 873 3633 941 supereminentes
3658 876 3763 931 divi

2217 949 2315 1004 tias
2336 949 2589 1008 bonitatis
2617 969 2745 1009 suas.
2780 954 2904 1011 Scio
2934 959 3114 1013 multis
3145 959 3216 1025 id,
3251 964 3389 1033 quod
3416 965 3669 1033 diximus,
3700 984 3791 1021 no-

2214 1057 2339 1097 vum
2375 1043 2715 1118 insolensque
2742 1048 2927 1104 videri.
2957 1050 3013 1105 In
3043 1067 3200 1109 causa
3242 1067 3420 1113 autem
3457 1069 3538 1115 est
3564 1061 3702 1131 quod
3728 1063 3797 1118 de

2214 1147 2274 1187 re
2300 1132 2506 1203 loquar,
2537 1151 2654 1207 qure
2694 1154 2835 1193 nunc
2878 1140 2933 1195 in
2963 1142 3109 1196 caelis
3149 1156 3410 1202 versatur.
3441 1148 3792 1217 Quemadmo-

2213 1222 2338 1276 dum
2374 1224 2514 1278 enim
2548 1240 2591 1279 sn
2618 1226 2683 1281 de
2727 1229 2906 1298 planta
2947 1232 3194 1302 loquerer
3235 1237 3289 1291 in
3329 1237 3474 1294 India
3517 1253 3793 1303 nascente.

2218 1328 2371 1383 quam
2402 1330 2561 1370 nemo
2585 1320 2912 1387 experientia
2938 1334 3307 1393 cognosceret,
3339 1343 3445 1382 non
3474 1345 3684 1399 possem
3723 1333 3793 1386 il-

2214 1407 2315 1465 lam
2337 1421 2586 1465 sermone
2620 1412 2906 1480 explicare,
2936 1416 3147 1472 etiamsi
3173 1417 3424 1475 sexcenta
3451 1420 3519 1477 de
3546 1423 3630 1477 illa
3664 1441 3789 1479 nar-

2211 1513 2384 1555 rarem
2411 1518 2424 1554 :
2453 1503 2531 1558 sic
2573 1504 2732 1559 etiam
2774 1521 2916 1562 nunc
2955 1507 3150 1564 frustra
3177 1511 3384 1581 loquar,
3425 1528 3545 1567 cum
3576 1517 3789 1585 quidam

2211 1604 2273 1644 ea
2301 1606 2421 1661 qtue
2445 1593 2554 1662 jam
2587 1595 2707 1650 dico
2736 1612 2839 1651 non
2868 1598 3180 1671 intelligant.
3212 1603 3265 1657 In
3295 1606 3428 1660 cmlo
3453 1621 3701 1677 namque,
3734 1621 3792 1665 ut

2210 1682 2340 1747 dixi,
2369 1682 2485 1739 haec
2513 1686 2689 1756 planta
2712 1686 2956 1744 habetur.
2982 1691 3087 1747 Sed
3112 1694 3155 1748 si
3185 1695 3529 1764 voluerimus,
3553 1699 3605 1752 in
3636 1701 3791 1755 nobis

2210 1773 2368 1828 etiam
2403 1776 2493 1830 illa
2539 1777 2699 1832 inseri
2738 1789 2937 1851 potest.
2982 1782 3106 1838 Ideo
3152 1786 3295 1840 enim
3333 1787 3556 1844 instituti
3604 1804 3789 1846 sumus

2209 1877 2269 1923 ut
2292 1868 2530 1925 dicamus
2556 1871 2698 1926 Patri
2744 1873 2815 1928 illi
2855 1876 2944 1946 qui
2981 1887 3065 1931 est
3109 1879 3161 1932 in
3190 1880 3336 1934 caelis
3367 1897 3379 1933 :
3410 1880 3531 1935 Fiat
3559 1883 3789 1939 voluntas

2209 1970 2296 2014 tua
2317 1961 2368 2016 in
2392 1961 2518 2017 caelo
2542 1972 2589 2018 et
2614 1964 2666 2018 in
2695 1973 2828 2020 terra
2857 1966 3067 2038 (Matth.
3093 1969 3144 2025 6.
3181 1970 3289 2042 10).

2279 2054 2332 2109 3.
2373 2052 2554 2110 Libero
2577 2057 2807 2124 arbitrio,
2838 2074 2943 2113 non
2970 2060 3066 2129 fati
3105 2066 3395 2119 necessitate
3428 2066 3784 2137 gubernantur.

2145 2180 2148 2188 ‹
2206 2176 2277 2187 —-
2297 2145 2375 2201 Ne
2399 2163 2529 2219 ergo
2557 2158 2802 2219 putemus
2827 2166 2931 2206 non
2961 2168 3117 2223 posse
3140 2171 3235 2211 nos
3262 2156 3562 2227 hujusmodi
3588 2161 3785 2219 bomnn

2212 2238 2499 2313 possidere.
2536 2241 2825 2298 Possumus
2867 2242 3029 2309 enim,
3062 2261 3185 2303 vere
3228 2262 3532 2318 possumus,
3573 2254 3617 2307 si
3643 2255 3776 2310 veli-

2205 2343 2325 2384 mus
2343 2329 2665 2401 advigilarc;
2694 2348 2866 2404 neque
2888 2333 2987 2389 hoc
3009 2344 3236 2403 tantum,
3267 2339 3361 2394 sed
3386 2342 3545 2395 etiam
3570 2357 3783 2400 omnem

2204 2435 2461 2477 exercere
2486 2424 2754 2478 virtutem.
2783 2424 2977 2481 Libero
3000 2428 3140 2481 enim
3166 2428 3384 2485 arbitrio
3403 2432 3781 2502 gubernamur,

2204 2527 2378 2584 neque
2405 2512 2498 2569 fati
2527 2516 2851 2581 necessitati,
2894 2525 2952 2572 ut
2976 2518 3189 2589 quidam
3215 2530 3421 2591 putant,
3451 2525 3782 2595 subjicimur,

2202 2621 2321 2661 cum
2347 2607 2620 2662 delinitum
2650 2610 2717 2663 sit
2750 2620 2806 2664 ut
2835 2611 2971 2665 intra
2999 2612 3134 2667 velle
3162 2623 3215 2669 et
3242 2616 3383 2671 nolle
3408 2617 3545 2672 bona
3578 2620 3787 2677 malave

2202 2698 2299 2751 sita
2328 2700 2455 2754 sint.
2488 2700 2610 2755 Ideo
2637 2718 2864 2773 namque
2896 2704 3035 2759 Deus
3073 2713 3129 2760 et
3171 2722 3391 2778 regnum
3429 2714 3691 2781 promisit,
3730 2723 3785 2770 et

2203 2794 2517 2863 supplicium
2550 2796 2781 2851 minatus
2818 2806 2919 2853 est.
2961 2799 3121 2869 Atqui
3163 2800 3213 2853 id
3238 2806 3541 2873 numquam
3587 2807 3784 2876 egisset

2203 2899 2324 2955 erga
2364 2886 2683 2942 necessitate
2710 2889 2917 2943 vinctos
2946 2906 2958 2942 :
2990 2905 3110 2944 nam
3142 2906 3327 2946 eorum
3360 2910 3476 2963 qum
3501 2911 3565 2949 ex
3597 2898 3784 2951 volun-

2204 2986 2311 3031 tate
2335 2977 2488 3044 ﬁunt,
2517 2977 2775 3032 alterutra
2814 2994 2930 3033 sors
2971 2980 3143 3035 datur.
3186 2981 3480 3053 Numquam
3514 2986 3654 3055 leges
3682 3002 3781 3056 po-

2201 3066 2415 3133 suisset,
2447 3083 2547 3123 nec
2574 3070 2773 3123 monita
2814 3069 3075 3136 dedisset,
3108 3071 3153 3125 si
3185 3086 3283 3127 nos
3316 3074 3407 3127 fati
3436 3075 3663 3130 vinculis
3687 3077 3783 3132 de-

2202 3160 2510 3215 tineremur.
2540 3160 2647 3216 Sed
2676 3161 2799 3231 quia
2827 3162 2977 3217 liberi
3024 3178 3226 3230 sumus,
3260 3165 3537 3236 nostrique
3575 3167 3780 3223 arbitrii

2199 3251 2421 3315 domini,
2449 3262 2607 3323 atque
2635 3268 2701 3307 ex
2740 3254 2944 3323 ignavia
2986 3257 3155 3324 pravi,
3200 3272 3371 3327 exque
3399 3258 3575 3315 studio
3605 3270 3659 3315 et
3683 3277 3779 3317 co-

2199 3352 2326 3399 natu
2370 3344 2492 3400 boni
2528 3345 2807 3411 efﬁcimur,
2858 3347 3058 3402 idcirco
3112 3349 3228 3405 haec
3268 3352 3502 3406 remedia
3549 3356 3778 3423 paravit,

2198 3452 2393 3505 nempe
2429 3445 2572 3492 metu
2600 3438 2842 3506 supplicii
2874 3453 2937 3493 ac
2974 3454 3068 3508 Spe
3104 3441 3251 3510 regni
3286 3456 3384 3496 nos
3410 3445 3678 3511 emendat,
3724 3458 3779 3500 et

2196 3527 2262 3581 ad
2288 3527 2763 3596 philosophandum
2792 3528 3038 3582 instituit.
3066 3530 3249 3600 Neque
3271 3530 3396 3587 hinc
3422 3542 3647 3598 tantum,
3683 3539 3778 3591 sed

2197 3621 2356 3675 etiam
2387 3635 2453 3675 ex
2483 3621 2566 3685 iis,
2590 3635 2709 3689 quae
2734 3634 2832 3674 nos
2867 3621 2964 3689 ipsi
3009 3622 3234 3690 agimus,
3267 3622 3452 3693 liquet,
3494 3640 3665 3696 neque
3695 3627 3776 3681 fa-

2195 3720 2329 3776 tum,
2358 3727 2530 3781 neque
2556 3711 2841 3778 fortunam,
2874 3727 3044 3781 neque
3072 3715 3327 3783 genesim,
3358 3731 3532 3786 neque
3561 3734 3773 3775 cursum

2196 3811 2461 3857 astrorum
2488 3812 2670 3857 nostra
2702 3818 2904 3873 regere.
2942 3804 3070 3857 Nam
3113 3806 3157 3859 si
3185 3804 3308 3861 hinc
3334 3807 3568 3877 pendent
3596 3813 3776 3867 omnia

2196 3910 2313 3966 qua:
2339 3905 2614 3967 geruntur,
2637 3912 2744 3950 non
2776 3905 2950 3952 autem
2979 3914 3008 3950 a
3037 3898 3205 3953 libero
3234 3900 3506 3956 hominum
3528 3903 3770 3971 arbitrio,

2196 4003 2292 4043 cur
2316 3987 2548 4058 ﬂagellas
2575 4001 2788 4043 servum
2821 3988 3048 4043 furatum
3065 3991 3089 4041 ’ἔ
3112 4003 3209 4045 cur
3228 3991 3525 4049 adulteram
3553 4011 3772 4052 uxorem

2195 4080 2260 4135 ad
2288 4080 2457 4134 ferum
2490 4080 2696 4159 trahis?
2721 4097 2815 4136 cur
2843 4095 2894 4137 te
2935 4082 3115 4151 pudet,
3163 4098 3284 4139 cum
3314 4087 3546 4144 absurda
3581 4107 3771 4161 perpe-

2196 4173 2340 4228 tras?
2367 4187 2466 4243 qua
2498 4172 2566 4227 de
2610 4188 2767 4228 causa
2814 4191 2879 4228 nc
2908 4176 3067 4229 verba
3108 4176 3321 4246 quidem
3358 4179 3771 4250 vituperantium

2196 4267 2448 4332 sustines,
2487 4265 2577 4320 sed
2607 4266 2651 4319 si
2687 4267 2806 4336 quis
2837 4278 2887 4319 te
2926 4268 3216 4335 moechum,
3248 4280 3341 4325 aut
3371 4271 3769 4341 fornicatorem,

2195 4368 2288 4412 aut
2312 4358 2602 4424 ebriosum,
2631 4358 2715 4413 vel
2745 4357 2870 4429 quid
2895 4360 3069 4415 simile
3095 4368 3268 4428 vocet,
3303 4361 3354 4417 id
3391 4366 3771 4421 contumeliam

2194 4448 2467 4519 appellas?
2504 4448 2635 4503 Nam
2679 4450 2723 4503 si
2770 4464 2872 4503 non
2922 4464 2989 4505 ex
3031 4460 3121 4505 tuo
3159 4452 3379 4508 arbitrio
3418 4470 3628 4524 peccas,
3674 4473 3776 4513 nec

2195 4541 2394 4595 crimen
2423 4541 2524 4595 erit
2551 4541 2691 4611 quod
2724 4540 2932 4603 feceris,
2969 4557 3066 4596 nec
3107 4545 3426 4599 contumelia
3455 4547 3596 4617 quod
3624 4548 3773 4604 dica-

2196 4641 2300 4686 tur.
2330 4632 2481 4688 Nunc
2508 4642 2682 4687 autem
2719 4642 2773 4686 et
2802 4632 2941 4701 quod
2976 4634 3314 4701 peccantibus
3345 4652 3451 4691 non
3484 4652 3691 4707 parcas,
3720 4649 3774 4694 et

2195 4724 2336 4795 quod
2377 4738 2603 4793 peccans
2653 4724 2956 4789 erubescas,
2999 4734 3052 4779 et
3100 4726 3265 4780 latere
3306 4740 3478 4795 cures,
3528 4740 3583 4785 et
3632 4732 3773 4801 quod

2195 4815 2611 4870 contumeliosos
2643 4822 2796 4883 putes
2833 4829 2945 4876 eos,
2994 4815 3085 4885 qui
3128 4815 3244 4871 haac
3275 4818 3366 4872 tibi
3397 4820 3722 4888 exprobrant
3757 4837 3769 4849 ·

2196 4908 2280 4962 his
2306 4916 2451 4962 certe
2476 4906 2725 4962 omnibus
2753 4906 3041 4971 conﬁteris,
3075 4917 3256 4963 nostra
3302 4924 3407 4963 non
3454 4911 3771 4965 necessitate

2194 5002 2368 5055 vincta
2395 5014 2534 5064 esse,
2562 4998 2655 5054 sed
2685 4999 2885 5053 arbitrii
2919 4999 3159 5055 libertate
3187 5002 3385 5055 ornari.
3416 5001 3483 5054 lis
3508 5011 3655 5056 certe
3683 5005 3769 5071 qui
3845 5051 3860 5062 ,

2196 5093 2515 5148 necessitate
2544 5092 2848 5146 detinentur
2868 5107 3086 5160 parcere
3113 5093 3364 5149 solemus.
3385 5092 3441 5148 Si
3465 5096 3583 5163 quis
3608 5110 3636 5147 a
3664 5095 3773 5147 dae-

2194 5200 2352 5239 mone
2385 5184 2633 5253 agitatus,
2679 5193 2770 5237 aut
2815 5184 3042 5238 tunicam
3088 5192 3322 5238 nostram
3354 5183 3641 5253 discerpat,
3684 5196 3773 5239 aut

2197 5279 2378 5348 plagas
2408 5276 2619 5341 inferat,
2670 5291 2773 5329 non
2806 5276 2967 5330 modo
2995 5291 3102 5330 non
3146 5275 3451 5329 ulciscimur
3485 5292 3632 5341 eum,
3678 5278 3771 5332 sed

2196 5370 2355 5423 etiam
2386 5371 2704 5423 miseramur
2738 5368 2892 5437 eique
2920 5369 3205 5436 parcimus.
3237 5367 3452 5435 Quare?
3489 5369 3620 5436 Quia
3665 5386 3772 5423 non

2197 5458 2401 5514 arbitrii
2428 5459 2664 5522 libertas,
2698 5457 2793 5512 sed
2834 5457 3092 5511 daemonis
3119 5456 3370 5510 violentia
3412 5457 3527 5512 btec
3554 5472 3774 5528 cperata

2199 5563 2299 5609 est.
2329 5552 2511 5621 Itaque
2557 5553 2599 5606 si
2646 5552 2747 5605 alia
2790 5551 2949 5605 etiam
2982 5558 3193 5619 peccata
3226 5565 3291 5603 ex
3335 5549 3426 5604 fati
3459 5554 3776 5608 necessitate

2199 5650 2653 5715 perpetrarentur,
2687 5643 3083 5712 ignosceremus
3110 5642 3319 5709 utique;
3361 5644 3482 5712 quia
3511 5659 3640 5699 vero
3664 5646 3774 5699 sci-

2200 5753 2318 5793 mus
2342 5739 2431 5792 illa
2458 5753 2563 5792 non
2599 5752 2664 5791 ex
2706 5735 3021 5790 necessitate
3049 5732 3332 5801 proﬁcisci,
3380 5735 3501 5789 ideo
3529 5753 3626 5792 nec
3656 5738 3773 5790 heri

2198 5832 2409 5887 famulis
2432 5839 2675 5902 parcunt,
2708 5844 2808 5883 nec
2835 5826 2929 5879 viri
2970 5824 3244 5891 uxoribus,
3280 5840 3380 5882 nec
3405 5843 3598 5883 uxores
3622 5829 3769 5889 viris,

2202 5940 2373 5990 neque
2397 5933 2576 5994 patres
2621 5920 2761 5986 ﬁliis,
2805 5931 2974 5987 neque
3003 5917 3241 5986 magistri
3268 5916 3563 5989 discipulis,
3596 5930 3772 5985 neque
