4126 6294
350 454 453 512 983

359 566 622 636 principes
668 563 911 629 subditis,
961 562 1055 617 sed
1084 576 1236 617 acres
1265 561 1528 617 scelerum
1567 560 1929 629 exploratores

360 658 664 726 ultoresque
716 670 916 720 sumus,
987 654 1054 709 ad
1111 654 1393 709 tribunalia
1446 654 1704 715 sistimus.
1765 651 1931 721 plagis

356 749 685 817 subjieimus,
713 746 1140 816 correptionibus
1168 746 1385 813 utimur,
1414 744 1651 813 nihilque
1679 757 1785 799 non
1815 743 1929 813 agi-

356 856 495 904 mus,
530 848 586 893 ttt
614 838 734 893 illos
770 854 799 891 a
845 838 999 892 malis
1045 837 1353 906 eripiamus.
1390 836 1540 889 Filiis
1564 848 1693 888 vero
1733 832 1932 888 nostris

358 931 673 1001 ptedagogos
710 929 917 994 damus,
956 930 1180 998 illosque
1227 927 1293 982 ad
1339 927 1622 996 magistros
1651 924 1929 988 mittimus,

356 1022 526 1074 minas
553 1021 897 1084 intentamus,
928 1018 1148 1074 verbera
1179 1017 1487 1087 inﬂigimus,
1530 1015 1804 1084 multaque
1831 1014 1933 1068 alia

356 1110 690 1172 adhibemus,
719 1118 773 1164 ut
804 1110 951 1179 probi
979 1109 1221 1163 evadant.
1256 1107 1391 1175 Quid
1419 1121 1547 1176 ergo
1570 1120 1705 1175 opus
1730 1104 1932 1159 labori-

359 1203 459 1257 bus
524 1202 876 1257 sudoribusve
903 1201 970 1255 ad
996 1202 1241 1254 virtutem
1275 1198 1637 1256 exercendam
1657 1198 1682 1250 ?
1710 1197 1841 1252 Nam
1889 1197 1934 1250 si

359 1293 467 1347 fato
498 1293 846 1348 constitutum
876 1292 963 1356 sit,
1010 1291 1205 1345 bonum
1226 1290 1348 1346 fore
1372 1290 1707 1361 quempiam;
1753 1289 1799 1346 is
1824 1290 1937 1344 sive

362 1385 591 1438 dormiat
617 1393 710 1438 aut
736 1392 923 1437 stertat
948 1381 1120 1437 bonus
1145 1381 1245 1437 erit
1274 1399 1288 1436 :
1320 1382 1429 1436 imo
1449 1381 1625 1451 potius
1647 1380 1818 1435 bonus
1849 1379 1937 1433 ille

360 1478 632 1533 vocandus
655 1493 766 1532 non
807 1485 909 1542 est,
936 1475 1025 1546 qui
1067 1492 1133 1531 ex
1164 1476 1481 1530 necessitate
1509 1474 1632 1528 talis
1676 1474 1765 1527 sit.
1796 1470 1936 1539 Quid

363 1586 497 1639 opus
518 1568 789 1623 laboribus
818 1567 1165 1622 sudoribusve
1188 1565 1255 1621 ad
1280 1564 1566 1636 nequitiam
1594 1562 1938 1635 fugiendam?

366 1661 496 1716 Nam
539 1662 581 1715 si
610 1659 719 1714 fato
744 1660 1093 1714 constitutum
1122 1659 1211 1725 sit,
1243 1658 1437 1712 malum
1465 1658 1576 1713 fore
1596 1657 1936 1727 quempiam;

363 1756 411 1807 is
455 1752 663 1808 etiamsi
714 1759 993 1807 sescentas
1038 1750 1223 1805 subeat
1258 1750 1517 1814 miserias,
1565 1748 1737 1803 malus
1764 1756 1940 1802 tamen

366 1848 501 1901 erit:
532 1846 640 1899 imo
667 1859 773 1899 non
801 1843 998 1897 malum
1024 1856 1144 1897 eum
1172 1857 1268 1912 par
1293 1851 1373 1897 est
1402 1856 1615 1908 vocare,
1638 1841 1726 1909 qui
1755 1855 1941 1895 neces-

368 1938 524 1990 sitate
565 1934 631 1988 ad
675 1933 727 1988 id
772 1933 1092 2001 itnpellatttr.
1142 1932 1211 1987 Ut
1256 1932 1396 1987 enim
1436 1931 1841 1997 dacmoniacum,
1897 1931 1941 1986 si

368 2026 718 2081 contumelias
748 2027 1001 2094 proferat,
1033 2025 1075 2079 si
1107 2025 1368 2093 percutiat
1398 2023 1519 2095 (hoc
1558 2024 1701 2079 enim
1732 2038 1942 2078 rursum

370 2128 491 2174 utor
510 2118 799 2190 exemplo),
836 2133 940 2171 non
966 2117 1407 2171 contumeliosum
1435 2116 1764 2186 appellamus
1793 2134 1805 2169 :
1837 2129 1945 2169 non

370 2214 470 2282 ipsi
500 2213 692 2282 quippe
721 2210 1093 2265 contumeliam
1130 2210 1504 2271 adscribimus,
1551 2208 1645 2263 sed
1687 2208 1947 2263 dtemonis

372 2305 673 2361 neceSsitati
707 2321 719 2356 :
747 2303 823 2357 sic
848 2316 947 2355 nec
976 2301 1297 2371 improbum,
1326 2301 1369 2355 si
1410 2301 1520 2353 fato
1548 2300 1614 2354 ad
1656 2300 1946 2370 nequitiam

376 2398 694 2468 impellatur,
736 2409 986 2450 tocemus
1030 2392 1359 2462 improbum;
1404 2402 1463 2447 ut
1507 2406 1679 2461 neque
1726 2391 1950 2461 probum

375 2490 702 2562 appellemus
721 2487 964 2558 probum.
990 2484 1196 2538 Etenim
1214 2484 1257 2538 si
1280 2485 1382 2540 hoc
1402 2484 1749 2542 concedatur.
1770 2484 1947 2538 omnia

378 2592 559 2637 nostra
590 2594 799 2650 pessum
838 2578 1024 2640 ibunt;
1067 2575 1209 2629 nulla
1240 2576 1342 2629 erit
1380 2576 1569 2641 virtus,
1597 2576 1739 2630 nulla
1769 2575 1952 2644 nequi-

378 2673 471 2734 tia.
519 2686 623 2725 non
678 2680 844 2733 artes,
894 2684 996 2722 non
1039 2668 1201 2737 leges,
1252 2667 1487 2736 nihilque
1527 2666 1805 2736 ejusmodi.
1847 2665 1954 2721 Cur

380 2778 542 2834 porro
569 2772 767 2818 tantam
794 2778 976 2817 curam
997 2762 1183 2833 argroti
1209 2760 1544 2823 adhibemus,
1577 2757 1829 2827 pecunias
1855 2771 1953 2812 ex-

384 2854 685 2924 pendimus,
732 2854 969 2908 medicus
1015 2852 1360 2913 accersitnus,
1401 2849 1686 2920 pharmaca
1733 2848 1957 2918 apponi-

381 2961 522 3010 mus,
550 2947 722 3000 ventri
751 2944 1126 2999 abstinentiam
1167 2943 1471 3006 indicimus,
1511 2938 1958 3010 concupiscentiae.

382 3040 591 3094 frenum
621 3035 923 3107 injicimus?
944 3035 1077 3090 Nam
1104 3036 1145 3088 si
1175 3049 1242 3089 ex
1272 3034 1380 3089 fato
1411 3032 1643 3103 pendent
1679 3032 1879 3087 sanitas
1904 3039 1959 3087 et

382 3130 624 3192 morbus.
652 3128 935 3197 superfluae
961 3135 1084 3182 sunt
1107 3127 1448 3197 pecuniarum
1476 3141 1744 3197 expensas,
1773 3139 1962 3195 super-

383 3224 520 3276 fluus
550 3220 881 3275 medicorum
914 3233 1061 3283 usus,
1093 3232 1486 3287 supervacanea
1532 3215 1757 3271 inﬁrmis
1798 3230 1960 3271 accu-

383 3324 498 3369 rata
546 3314 634 3368 illa
674 3312 776 3367 cibi
823 3312 1070 3368 tenuitas.
1098 3310 1248 3366 Nune
1291 3320 1468 3365 autem
1515 3318 1569 3364 et
1595 3324 1661 3363 ex
1693 3308 1775 3362 his
1804 3316 1859 3362 et
1896 3322 1963 3362 ex

384 3407 503 3459 aliis
527 3404 883 3469 ostendimus,
928 3402 1062 3457 nihil
1103 3417 1287 3458 eorum
1316 3415 1435 3456 esse
1481 3398 1827 3469 superfluum.
1856 3398 1964 3452 Ve-

387 3512 505 3551 rum
536 3495 767 3551 facessat
797 3495 885 3549 illa
917 3495 1006 3549 fati
1037 3493 1215 3549 fabula
1245 3511 1257 3546 :
1292 3509 1414 3548 nam
1442 3508 1560 3563 quae
1604 3491 1669 3545 ad
1718 3506 1814 3545 nos
1845 3506 1967 3561 per-

390 3590 582 3655 tinent,
614 3588 743 3643 nulli
787 3587 1142 3658 subjiciuntur
1179 3585 1508 3650 necessitati,
1555 3582 1651 3638 sed
1676 3583 1877 3649 omnia,
1907 3591 1967 3637 ut

389 3682 522 3748 dixi,
548 3681 751 3736 arbitrii
781 3681 1026 3736 libertate
1050 3678 1244 3734 donata
1273 3687 1415 3732 sunt.

460 3777 516 3831 4.
558 3775 774 3829 Moralis
815 3773 1116 3828 exhortatio.
1158 3769 1417 3824 Iudicium
1460 3767 1555 3822 Dei
1592 3783 1742 3838 quant
1785 3767 1968 3819 timen-

395 3867 534 3920 dunt.
562 3896 632 3905 —
658 3866 783 3921 Ila:c
828 3879 948 3919 cum
992 3863 1242 3924 sciamus,
1288 3860 1486 3925 dilecti,
1534 3858 1642 3913 imo
1684 3856 1766 3912 his
1816 3856 1973 3928 longe

397 3959 550 4028 plura
577 3957 763 4026 (multa
791 3956 933 4011 enim
977 3954 1081 4008 alia
1128 3953 1231 4008 dici
1272 3962 1507 4022 possent,
1551 3949 1644 4005 sed
1673 3948 1788 4003 haec
1817 3954 1973 4003 erunt

397 4044 807 4117 sapientioribus
840 4043 1009 4115 satis),
1038 4042 1300 4113 fugiamus
1339 4040 1650 4109 nequitiam,
1692 4038 1974 4109 diligamus

398 4140 672 4203 virtutem,
706 4146 762 4191 ut
790 4152 854 4191 ex
884 4136 1040 4190 rebus
1081 4135 1211 4205 ipsis
1254 4133 1616 4197 ostendamus,
1661 4146 1760 4187 nos
1808 4132 1974 4188 libero

399 4229 474 4284 uti
500 4227 567 4283 ad
602 4242 663 4284 ea
692 4242 810 4298 quae
837 4227 1049 4297 placent
1086 4221 1327 4291 arbitrio,
1360 4239 1427 4279 ne
1472 4222 1859 4278 confundamur
1884 4224 1976 4278 illo

401 4320 509 4383 die,
537 4334 643 4389 quo
671 4318 996 4388 singulorum
1020 4331 1178 4388 opera
1207 4316 1602 4372 revelabuntur.
1634 4314 1818 4370 Omnes
1846 4317 1978 4370 enim

402 4428 494 4465 nos
546 4410 860 4483 ntanifestari
899 4418 1092 4476 oportet
1133 4416 1249 4463 ante
1286 4407 1504 4461 tribunal
1544 4405 1751 4471 Christi,
1800 4416 1858 4462 ut
1905 4408 1980 4461 ait

400 4503 619 4569 Paulus,
641 4511 693 4555 ut
710 4502 893 4571 referat
912 4501 1267 4570 unusquisque,
1291 4508 1439 4570 prout
1458 4499 1630 4568 gessit,
1653 4500 1754 4554 sive
1773 4500 1975 4563 bonum,

404 4598 507 4651 sive
543 4596 734 4650 malum
760 4595 836 4669 (2.
888 4594 1004 4650 Cor.
1038 4595 1090 4650 5.
1139 4594 1249 4665 10).
1291 4593 1564 4658 Tributtal,
1606 4608 1806 4664 quaeso,
1852 4592 1979 4648 illud

407 4690 686 4745 nobiscum
723 4698 1051 4759 reputemus,
1094 4688 1244 4757 quasi
1283 4687 1390 4757 jam
1438 4686 1669 4753 adesset,
1707 4685 1980 4753 Judeane

405 4782 634 4846 sederet,
664 4788 718 4836 et
744 4779 920 4833 omnia
947 4778 1327 4843 revelarentur,
1361 4778 1413 4832 in
1445 4778 1783 4848 mediumque
1808 4776 1981 4831 addu-

405 4882 675 4930 cerentur.
708 4871 824 4926 Non
866 4871 1031 4926 modo
1070 4871 1211 4925 enim
1243 4884 1341 4924 nos
1384 4869 1596 4925 adstare
1624 4878 1854 4940 oportet,
1885 4868 1981 4923 sed

406 4968 566 5022 etiam
595 4962 942 5020 manifestari.
967 4962 1157 5016 Annon
1180 4960 1530 5016 erubescitis?
1557 4976 1733 5015 annon
1764 4958 1985 5030 perhor-

318 5092 329 5109 .
406 5059 654 5115 rescitis?
685 5072 863 5111 annon
893 5071 1036 5127 saepe
1063 5054 1196 5109 mori
1221 5054 1392 5124 potius
1412 5064 1677 5124 optamus,
1708 5069 1864 5125 quam
1895 5069 1986 5109 oc-

407 5153 607 5207 cultum
659 5151 834 5205 scelus
875 5146 1268 5203 venerabiiibus
1314 5146 1497 5201 amicis
1539 5145 1735 5200 nostris
1774 5145 1984 5215 detegi?

408 5246 524 5314 Quo
553 5255 676 5299 tunc
720 5256 881 5299 sensu
913 5240 1226 5306 alﬁciemur,
1268 5253 1389 5293 cum
1416 5248 1631 5308 peccata
1674 5247 1854 5293 nostra
1889 5255 1981 5296 co-

408 5353 523 5391 ram
574 5336 821 5390 omnibus
864 5331 1065 5402 angelis
1113 5329 1522 5399 hominibusque
1572 5329 1888 5400 detegentur
1932 5340 1987 5388 et

409 5441 533 5485 ante
563 5431 746 5485 oculos
780 5428 1073 5484 sistentur?
1101 5426 1329 5496 Arguam
1371 5434 1438 5491 te,
1468 5424 1659 5495 inquit,
1692 5432 1739 5480 et
1768 5434 1986 5479 statuam

409 5532 588 5575 rontra
621 5522 799 5591 facient
828 5530 968 5574 tuam
1006 5528 1211 5590 peccata
1244 5526 1330 5569 tua
1356 5514 1525 5585 (Psal.
1570 5517 1658 5572 49.
1690 5516 1804 5587 21).
1834 5517 1987 5584 Quod

410 5614 455 5667 si
495 5628 553 5668 re
581 5613 817 5667 nondum
845 5619 1128 5681 praesente,
1162 5608 1257 5665 sed
1298 5617 1500 5663 tantum
1540 5609 1833 5679 supposita,
1867 5625 1984 5665 ser-

413 5720 678 5774 moneque
718 5705 1008 5774 descripta,
1058 5702 1385 5759 conscientia
1429 5709 1651 5771 urgente
1688 5701 1984 5768 obruimur,

414 5795 539 5868 qutd
581 5795 835 5851 faciemus
878 5810 998 5850 cum
1030 5803 1237 5865 tempus
1282 5791 1475 5859 aderit,
1507 5807 1628 5845 cum
1674 5800 1816 5846 totus
1844 5791 1990 5847 orbis

417 5900 655 5959 prmscns
691 5885 815 5951 crit,
840 5900 961 5939 cum
988 5884 1158 5955 angeli
1187 5892 1241 5939 et
1279 5881 1607 5952 archangeli,
1636 5897 1756 5937 cum
1789 5885 1985 5953 princi-

1115 449 1171 505 S.
1209 447 1483 503 JOANNIS
1518 440 1989 503 CllRYSOS'l‘OMI
2028 440 2343 500 ARCllIEP.
2385 443 2915 501 CONSTANTINOP.

3507 448 3611 506 ε’.)’ὃί

2042 564 2196 624 palus
2239 564 2292 612 et
2325 566 2637 626 potestates,
2684 575 2804 616 cum
2833 563 2975 617 tuba:
3017 561 3317 631 frequentes
3343 560 3605 631 clangent,

2038 663 2160 703 cum
2177 649 2304 719 justi
2332 652 2605 721 rapientur
2631 654 2683 708 in
2710 655 2965 722 nubibus,
2994 664 3048 710 et
3075 656 3260 722 ingens
3285 655 3387 708 erit
3412 669 3604 723 pecca-

2040 752 2213 797 torum
2243 743 2442 799 fletus?
2469 746 2598 814 Quis
2628 755 2750 802 tunc
2786 758 2958 803 terror
3001 746 3366 817 apprehendet
3405 761 3500 802 eos
3524 748 3613 817 qui

2039 833 2095 888 in
2126 844 2265 890 terra
2304 837 2625 893 manebunt?
2671 838 2805 893 Nam
2855 838 3006 907 Una,
3055 839 3244 909 inquit,
3280 839 3526 908 rapietur,
3567 848 3614 891 et

2040 944 2142 981 una
2178 928 2484 999 relinquetur
2510 945 2529 984 :
2553 947 2683 984 unus
2721 942 3022 999 assumetur,
3066 941 3113 986 et
3140 946 3271 985 unus
3310 931 3617 1001 relinquetur

2040 1018 2256 1087 (Matth.
2298 1020 2387 1075 24.
2413 1020 2524 1090 40).
2552 1021 2668 1088 Quo
2697 1030 2853 1076 erunt
2878 1021 2955 1076 illi
2986 1023 3184 1085 animo,
3227 1021 3437 1092 quando
3462 1019 3615 1074 vide-

2040 1110 2171 1165 bunt
2198 1111 2319 1166 illos
2361 1126 2554 1181 magno
2589 1128 2709 1167 eum
2750 1112 2952 1168 honore
2981 1113 3200 1178 assumi,
3233 1128 3293 1169 se
3328 1127 3458 1168 vero
3492 1126 3615 1167 cum

2041 1200 2205 1255 multa
2230 1200 2553 1270 turpitudine
2577 1202 2839 1273 relinqui?
2864 1202 2977 1257 Non
3004 1210 3194 1272 potest,
3219 1218 3349 1270 non,
3378 1204 3613 1272 inquam.

2044 1299 2240 1360 potest,
2274 1291 2476 1346 credite
2504 1292 2655 1356 mihi,
2696 1292 2860 1348 verbo
2889 1293 3148 1348 declarari
3184 1294 3382 1349 doloris
3407 1295 3615 1364 magni-

2043 1381 2189 1436 tudo.
2219 1382 2439 1437 Vidistis
2468 1398 2611 1454 satpe
2638 1400 2730 1440 eos
2761 1385 2848 1455 qui
2878 1385 2946 1440 ad
2984 1396 3212 1441 mortem
3243 1385 3617 1441 adducuntur?

2042 1472 2160 1539 Quo
2182 1473 2301 1528 illos
2326 1474 2505 1530 animo
2532 1476 2729 1545 putatis
2748 1491 2866 1531 esse
2892 1476 3017 1531 dum
3040 1476 3104 1531 ad
3129 1477 3323 1531 ostium
3350 1478 3617 1547 pergunt?

2042 1566 2177 1635 Quid
2206 1583 2309 1621 non
2337 1574 2515 1638 agere,
2560 1568 2683 1638 quid
2727 1585 2829 1624 non
2858 1571 2962 1639 pati
2992 1579 3258 1640 optarent,
3304 1579 3363 1625 ut
3402 1587 3435 1627 a
3474 1581 3617 1634 tanta

2044 1658 2271 1729 caligine
2305 1661 2671 1729 eriperentur?
2710 1661 2898 1715 Audivi
2932 1676 3031 1732 ego
3071 1662 3267 1716 multos
3292 1677 3474 1717 eorum
3503 1663 3616 1732 qui,

2045 1760 2323 1820 postquam
2370 1751 2579 1806 abducti
2629 1751 2858 1817 fuerant,
2904 1751 3287 1823 imperatorum
3335 1754 3615 1809 clementia

2046 1844 2301 1910 revocati,
2334 1843 2573 1900 dicerent
2612 1860 2670 1901 se
2708 1846 2886 1900 animo
2924 1847 2993 1899 ita
3024 1846 3354 1916 perturbato,
3387 1845 3457 1900 ita
3498 1860 3621 1914 per-

2044 1935 2197 1990 culso
2237 1935 2420 2004 fuisse,
2448 1945 2505 1991 ut
2546 1952 2719 2005 neque
2757 1936 3002 1993 homines
3027 1939 3174 2006 quasi
3204 1937 3446 1993 homines
3474 1936 3622 1993 vide-

2050 2036 2192 2083 rent.
2240 2028 2432 2083 Verum
2463 2028 2587 2098 quid
2613 2028 2679 2084 de
2711 2029 2954 2084 abductis
2981 2029 3207 2099 loquor?
3232 2028 3621 2086 Circumstabat

2049 2121 2333 2177 multitudo
2378 2122 2651 2177 hominum
2697 2138 2922 2193 quorum
2969 2138 3155 2193 magna
3197 2137 3322 2193 pars
3367 2122 3626 2179 abductos

2052 2228 2159 2269 non
2185 2222 2421 2268 noverat.
2450 2214 2638 2283 Siquis
2664 2214 2992 2284 singulorum
3032 2216 3240 2269 animos
3266 2214 3614 2284 explorasset,

2054 2308 2255 2363 nullum
2284 2308 2569 2378 reperisset
2599 2316 2703 2361 tam
2747 2308 3055 2371 immanem,
3088 2316 3194 2362 tam
3224 2307 3473 2373 ferocem,
3517 2316 3624 2362 tam

2053 2408 2324 2453 strenuum
2338 2398 2550 2468 qui,prae
2566 2407 2769 2453 terrore
2784 2408 2837 2453 et
2852 2414 3068 2469 angore,
3085 2413 3187 2454 non
3206 2399 3436 2455 demisso
3449 2399 3627 2454 animo

2055 2498 2215 2544 esset.
2237 2487 2393 2556 Quod
2426 2489 2471 2545 si
2490 2488 2615 2543 dum
2638 2489 2751 2556 alii,
2776 2489 2901 2559 ipsis
2921 2488 3064 2544 nullo
3080 2490 3485 2545 necessitudinis
3512 2490 3629 2545 vin-

2056 2580 2180 2635 culo
2228 2580 2418 2647 juncti,
2481 2589 2653 2635 morte
2705 2580 3068 2648 muletantur,
3124 2582 3194 2634 ita
3241 2580 3415 2636 affecti
3468 2590 3627 2647 sunt;

2057 2670 2267 2742 quando
2289 2685 2386 2725 nos
2406 2671 2457 2725 in
2479 2671 2717 2740 graviora
2745 2670 3054 2735 incidemus,
3082 2686 3188 2740 quo
3209 2671 3407 2725 erimus
3427 2671 3625 2734 animo,

2059 2778 2089 2817 a
2115 2762 2308 2834 gaudio
2331 2762 2421 2816 illo
2449 2761 2700 2817 ineffabili
2722 2761 2896 2832 ejecti,
2926 2769 2981 2816 et
3002 2761 3053 2815 in
3076 2763 3455 2831 sempiternum
3482 2762 3628 2817 missi

2060 2854 2411 2924 supplicium?
2440 2852 2651 2908 Etenim
2698 2851 2906 2907 etiamsi
2936 2852 3080 2905 nulla
3118 2861 3262 2908 esset
3298 2857 3562 2923 gehenna,
3595 2866 3626 2906 a

2062 2955 2212 3001 tanto
2244 2945 2530 3015 splendore
2557 2944 2699 3015 ejici,
2732 2953 2785 2998 et
2811 2944 2923 2999 sine
2952 2943 3154 2999 honore
3180 2943 3631 3014 recedere,qnam~

2065 3046 2174 3091 tum
2204 3043 2346 3090 esset
2367 3035 2713 3105 supplicium!
2743 3035 2871 3089 Nam
2897 3035 2938 3088 si
2968 3034 3230 3104 hodieque
3254 3035 3634 3105 Imperatorem

2066 3128 2455 3200 ingredientem
2484 3128 2633 3183 multi
2661 3137 2959 3192 cernentes,
2988 3141 3247 3196 suamque
3272 3135 3636 3197 paupertatem

2066 3220 2486 3287 considerantes,
2519 3235 2626 3274 non
2668 3227 2866 3274 tantam
2900 3219 3194 3289 percipiunt
3216 3233 3279 3274 ex
3309 3218 3409 3273 hoc
3434 3227 3638 3287 specta-

2067 3311 2188 3367 culo
2232 3311 2580 3381 voluptatem,
2624 3320 2879 3380 quantum
2918 3325 3203 3365 mterorem
3255 3325 3320 3365 ex
3366 3324 3452 3377 eo,
3500 3309 3639 3380 quod

2069 3402 2265 3457 nullius
2298 3401 2488 3456 horum
2527 3400 2635 3455 sint
2674 3410 2953 3456 consortes
2983 3401 3267 3467 bonorum,
3297 3416 3469 3470 neque
3503 3400 3641 3455 inter

2070 3494 2292 3548 clientes
2340 3492 2650 3562 imperantis
2678 3501 3156 3559 connumerentur,
3184 3491 3307 3561 quid
3348 3500 3474 3546 tunc
3501 3491 3643 3546 erit?

2072 3584 2206 3639 Num
2236 3599 2455 3654 parvum
2498 3598 2620 3640 esse
2652 3585 2850 3653 putatis
2885 3584 3205 3654 supplicium
3245 3584 3296 3639 in
3334 3584 3501 3638 choro
3551 3585 3645 3638 illo

2074 3693 2181 3732 non
2210 3677 2520 3733 accenseri?
2550 3678 2797 3733 ineffabili
2825 3677 2993 3748 gloria
3036 3693 3139 3733 non
3169 3677 3417 3748 dignari?
3463 3676 3529 3731 ab
3555 3676 3646 3730 illo

2076 3780 2219 3824 ctetu
2257 3778 2311 3825 et
2337 3768 2780 3823 inenarrabilibus
2810 3769 2962 3824 bonis
3000 3769 3183 3839 procul
3204 3769 3399 3838 abjici?
3421 3768 3492 3823 At
3527 3783 3647 3822 cum

2077 3871 2272 3932 praeter
2302 3863 2415 3917 haec
2438 3870 2595 3918 erunt
2626 3861 2884 3929 tenebrat,
2928 3862 3125 3917 stridor
3152 3861 3412 3929 dentium,
3440 3861 3647 3915 vincula

2078 3955 2404 4021 insolubilia,
2435 3955 2634 4010 vermis
2673 3955 2764 4026 qui
2806 3970 2915 4009 non
2960 3955 3207 4023 moritur,
3258 3955 3393 4025 ignis
3421 3953 3512 4023 qui
3543 3967 3647 4006 non

2079 4049 2454 4118 exstinguitur,
2498 4048 2663 4102 animi
2713 4062 2931 4115 mceror,
2974 4048 3215 4117 angustia
3248 4088 3264 4114 ,
3320 4046 3511 4115 linguae
3553 4044 3648 4098 ad-

2080 4150 2235 4208 ustae,
2251 4149 2307 4195 ut
2328 4140 2414 4194 illa
2441 4139 2639 4205 divitis,
2663 4154 2781 4194 cum
2810 4138 3153 4208 plorabimus,
3176 4148 3229 4193 et
3248 4151 3405 4192 nemo
3432 4136 3533 4191 erit
3562 4135 3649 4205 qui

2082 4232 2281 4296 audiat,
2311 4246 2434 4287 cum
2478 4231 2896 4302 ingemiscemus
2937 4240 2993 4286 et
3033 4231 3317 4286 frememus
3358 4244 3422 4283 ex
3450 4225 3652 4283 dolori-

2087 4323 2203 4388 bus,
2228 4331 2283 4379 et
2308 4338 2467 4379 nemo
2485 4321 2745 4390 attendet,
2770 4322 3004 4392 undique
3030 4320 3395 4389 reSpiciemns,
3421 4327 3475 4374 et
3500 4332 3655 4374 nemo

2085 4411 2256 4469 aderit
2282 4413 2373 4483 qui
2402 4414 2713 4469 consoletur
2742 4429 2755 4468 :
2789 4428 2895 4483 quo
2924 4414 2978 4467 in
3008 4412 3197 4467 ordine
3223 4410 3517 4466 locabimus
3541 4423 3657 4474 eos,

2084 4506 2176 4576 qui
2206 4506 2260 4560 in
2301 4504 2607 4575 hujusmodi
2643 4512 2787 4559 statu
2832 4502 3149 4559 versantur?
3195 4500 3321 4572 quid
3352 4499 3659 4571 hujusmodi

2086 4598 2365 4653 animabus
2386 4597 2780 4652 miserabilius?

2157 4693 2211 4748 5.
2251 4691 2307 4746 Si
2347 4704 2504 4759 porro
2538 4691 2591 4745 in
2633 4702 2877 4744 carceres
2925 4687 3144 4759 ingressi
3170 4727 3186 4755 ,
3217 4686 3342 4741 dum
3391 4684 3663 4757 squalidos

2088 4782 2207 4837 illos
2247 4780 2486 4835 videmus
2507 4820 2523 4847 ,
2550 4779 2641 4850 qui
2685 4779 2888 4834 catenis
2936 4776 3123 4833 ferreis
3151 4777 3310 4831 vineti
3341 4785 3494 4839 sunt,
3532 4775 3663 4829 alios

2090 4887 2218 4928 vero
2242 4871 2294 4926 in
2323 4870 2557 4926 tenebris
2583 4868 2896 4933 conclusos,
2927 4868 3235 4937 frangimur,
3269 4865 3626 4920 horrescimus
3646 4903 3661 4930 ,

2091 4963 2329 5033 nihilque
2352 4976 2460 5016 non
2489 4959 2694 5029 agimus
2722 4975 2789 5014 ne
2827 4959 2880 5013 in
2907 4968 3104 5013 tantam
3136 4957 3487 5011 calamitatem
3530 4954 3663 5007 inci-

2091 5053 2311 5108 damus:
2335 5066 2456 5105 cum
2485 5050 2810 5105 abducemur
2830 5050 2988 5103 vincti
3016 5050 3067 5103 in
3091 5047 3350 5118 gehenna:
3378 5054 3662 5109 tormenta,

2092 5160 2199 5215 quo
2242 5143 2444 5200 erimus
2497 5141 2719 5195 animo?
2747 5140 2873 5211 quid
2928 5138 3212 5194 faciemus?
3257 5136 3372 5191 Non
3419 5136 3561 5191 enim
3599 5148 3665 5187 ex

2094 5236 2239 5291 ferro
2278 5249 2405 5290 cusa
2445 5242 2569 5289 sunt
2613 5233 2701 5288 illa
2728 5233 2958 5298 vincula,
2983 5230 3075 5287 sed
3104 5246 3170 5287 ex
3202 5229 3341 5299 igne,
3367 5227 3455 5297 qui
3502 5242 3662 5280 num-

2094 5343 2251 5399 quam
2278 5325 2662 5396 exstinguitur,
2701 5339 2801 5379 nec
2838 5324 3066 5394 aequales
3106 5320 3258 5376 nobis
3284 5330 3406 5373 sunt
3436 5318 3545 5385 illi,
3576 5317 3662 5388 qui

2095 5418 2249 5474 nobis
2266 5413 2663 5484 praeﬁciuntur,
2681 5429 2813 5486 quos
2842 5430 2984 5483 saepe
3017 5412 3322 5468 demulcere
3356 5410 3532 5475 liceat,
3570 5406 3666 5463 sed

2096 5510 2270 5580 angeli
2302 5506 2566 5563 terribiles
2595 5516 2649 5562 et
2694 5504 3177 5571 immisericordes,
3218 5516 3351 5573 quos
3389 5517 3457 5556 ne
3498 5500 3668 5571 respi-

2097 5617 2219 5657 cere
2262 5600 2472 5670 quidem
2519 5598 2801 5668 possimus.
2843 5597 3037 5666 quique
3083 5595 3151 5650 ob
3195 5594 3569 5649 contumeliam
3614 5592 3665 5645 in

2099 5693 2381 5749 Dominum
2410 5687 3065 5760 irrogatam,vehementer
3081 5687 3323 5741 saeviunt.
3353 5685 3466 5740 Non
3488 5684 3667 5739 videre

2098 5795 2202 5848 est,
2234 5796 2291 5838 ut
2328 5782 2432 5845 hic,
2460 5782 2590 5835 alios
2617 5788 2856 5849 argento,
2897 5779 3030 5832 alios
3057 5778 3196 5840 cibo,
3227 5778 3361 5832 alios
3405 5775 3663 5841 suadela,

2103 5882 2200 5935 sibi
2231 5875 2644 5933 consolationem
2694 5886 2879 5942 parare
2899 5910 2915 5936 ,
2947 5869 3041 5926 sed
3089 5871 3267 5927 omnia
3302 5872 3372 5928 ibi
3399 5869 3550 5927 venia
3578 5882 3664 5923 ca-
