4054 6320
487 288 593 346 283

496 401 720 474 πατέρες
751 405 954 467 παισὶν,
994 403 1116 458 οὕτε
1145 405 1448 460 διδάσκαλοι
1476 407 1762 478 μαθηταῖς,
1795 407 1917 463 οὔτε
1943 409 2139 480 ἄρχον-

487 507 575 554 τες
598 491 936 561 ἀρχομένοις,
959 492 1092 546 ἀλλά
1112 495 1295 565 πικροὶ
1310 496 1416 549 τῶν
1430 497 1840 567 τετολμημένων
1859 497 2142 562 ἐξετασταὶ

486 577 579 631 καὶ
603 579 831 648 τιμωροὶ
859 580 1136 649 γινόμεθα,
1172 583 1266 636 καὶ
1287 584 1609 656 δικαστήρια
1630 585 2136 656 καταλαμϐάνομεν,

486 667 579 737 καὶ
626 665 858 735 πληγαῖς
902 668 1292 744 ὑποϐάλλομεν,
1329 671 1418 724 καὶ
1460 673 1805 743 ὲπιτιμήσεσι
1859 673 2135 744 χρώμεθα,

485 753 579 806 καὶ
616 752 793 806 πάντα
830 743 1172 826 πράττομεν,
1207 758 1354 822 ὅπως
1379 759 1774 830 ἀπαλλάξωμεν
1811 743 2005 824 αὐτοὺς
2029 762 2138 816 τῶν

485 840 688 896 κακῶν.
714 843 838 906 Τοῖς
870 842 927 896 δὲ
964 845 1120 898 παισὶ
1165 847 1277 908 τοῖς
1307 849 1595 918 ἡμετέροις
1639 850 1732 902 καὶ
1759 850 2138 919 παιδαγωγοὺς

483 929 813 998 ὲφιστῶμεν,
843 931 940 984 καὶ
969 933 1047 996 είς
1077 932 1425 998 διδασκάλους
1454 936 1764 1007 πέμπομεν,
1791 938 1884 991 καὶ
1911 939 2138 1004 ἀπειλὰς

482 1015 864 1087 προστίθεμεν,
892 1019 984 1072 καὶ
1008 1019 1278 1091 μάστιγας
1295 1023 1625 1094 έπιτίθεμεν,
1663 1026 1756 1078 καὶ
1782 1026 1950 1079 πολλὰ
1976 1027 2138 1097 ἕτερα

484 1103 809 1174 βοηθήματα
845 1107 1210 1178 προσάγομεν,
1251 1109 1337 1163 ἵνα
1380 1111 1534 1164 καλοὶ
1585 1113 1866 1181 γένωνται.
1920 1115 2016 1178 Τίς
2043 1112 2136 1170 οὖν

482 1190 639 1260 χρεία
673 1191 850 1245 πόνων
887 1194 980 1246 καὶ
1010 1194 1244 1265 ἱδρώτων
1283 1197 1419 1268 πρὸς
1462 1197 1522 1252 τὸ
1557 1201 1852 1270 κατορθοῦν
1893 1203 2132 1274 ἀρετήν;

483 1277 547 1333 Et
579 1277 688 1346 γὰρ
721 1278 979 1350 εῖμαρταί
1024 1298 1129 1336 τινι
1174 1283 1425 1350 γενέσθαι
1473 1285 1653 1349 καλὸν,
1685 1288 1779 1340 καὶ
1806 1289 2079 1344 καθεύδων
2106 1292 2136 1344 ό

481 1363 720 1427 τοιοῦτος
746 1366 840 1418 καὶ
872 1366 1083 1438 ρέγχων
1112 1366 1264 1424 ἔσται
1290 1371 1472 1435 καλός·
1508 1373 1705 1443 μᾶλλον
1734 1374 1791 1428 δὲ
1819 1375 1942 1428 οὐδὲ
1971 1376 2135 1430 καλὸν

480 1449 572 1503 τὸν
602 1450 840 1504 τοιοῦτον
891 1451 1035 1506 ἐστιν
1075 1455 1280 1519 εἰπεῖν,
1325 1458 1416 1511 τὸν
1444 1459 1502 1525 ἐξ
1531 1461 1775 1532 ἀνάγκης
1803 1463 1962 1516 τοῦτο
1987 1464 2135 1532 γινό-

485 1554 664 1608 μενον.
700 1539 797 1602 Τίς
822 1539 976 1610 χρεία
1022 1541 1198 1597 πόνων
1237 1545 1329 1597 καὶ
1356 1545 1592 1616 ἱδρώτων
1632 1548 1770 1618 πρὸς
1809 1548 1870 1602 τὺ
1913 1551 2135 1620 φεύγειν

481 1625 704 1692 κακίαν;
737 1627 800 1680 Et
819 1628 924 1698 γάρ
939 1629 1194 1701 εἵμαρται
1217 1649 1320 1685 τινι
1339 1635 1586 1702 γενέσθαι
1618 1637 1804 1702 κακὸν,
1837 1637 1942 1692 κάν
1969 1639 2136 1710 μυρία

479 1713 830 1784 ταλαιπωρῇ,
880 1716 1047 1780 κακὸς
1097 1717 1250 1772 ἔσται
1275 1735 1290 1750 ·
1348 1720 1546 1791 μᾶλλον
1581 1722 1637 1776 δὲ
1683 1724 1802 1779 οὐδὲ
1833 1725 2002 1779 κακὸν
2042 1726 2138 1780 τὸν

479 1800 718 1854 τοιοῦτον
762 1799 911 1858 ἐστιν
965 1806 1168 1870 εἰπεῖν,
1223 1807 1315 1861 τὸν
1368 1809 1458 1862 ὑπ’
1506 1811 1748 1883 ἀνάγκης
1796 1812 1932 1884 πρὸς
1975 1814 2132 1870 τοῦτο

478 1887 805 1977 ὠθούμενον.
843 1891 1053 1965 Ὥσπερ
1085 1894 1195 1965 γάρ
1237 1900 1327 1950 τὸν
1355 1897 1726 1969 δαιμονῶντα,
1755 1901 1858 1956 κᾶν
1897 1903 2130 1977 λοιδορῇ,

478 1973 582 2027 κᾶν
601 1973 777 2046 τύπτῃ
797 1977 980 2046 (πάλιν
1010 1982 1117 2052 γάρ
1137 1982 1214 2053 τῷ
1229 1984 1376 2056 αύτῷ
1395 1986 1668 2058 κέχρημαι
1690 1973 2132 2063 παραδείγματι-ᾗ.

477 2063 539 2115 οὐ
573 2066 948 2136 προσεροῦμεν
978 2069 1256 2142 ὑϐριστήν·
1286 2074 1345 2128 ού
1375 2075 1483 2147 γὰρ
1513 2077 1658 2149 αύτῷ
1689 2077 2010 2150 λογιζόμεθα
2036 2083 2133 2153 τὴν

478 2153 764 2225 λοιδορίαν,
803 2155 937 2208 ἀλλά
965 2160 1030 2228 τῇ
1061 2159 1273 2232 ἀνάγκῃ
1309 2162 1407 2215 τοῦ
1445 2164 1712 2235 δαίμονος⁸
1743 2165 1886 2221 οὕτω
1922 2169 2015 2224 καὶ
2041 2171 2132 2224 τὸν

478 2241 667 2329 κακδν,
701 2243 748 2295 εί
779 2242 883 2296 ύπδ
909 2244 1010 2314 τῆς
1041 2247 1379 2320 εἱμαρμένης
1413 2251 1633 2306 ὠθεῖται
1673 2255 1809 2325 πρὸς
1837 2256 2012 2321 τοῦτο,
2056 2257 2132 2329 μὴ

477 2327 732 2398 καλῶμεν
766 2329 927 2383 αὑτὸν
975 2333 1139 2386 κακὸν
1159 2374 1173 2396 ,
1205 2335 1392 2407 ὥσπερ
1437 2339 1559 2392 οὐδὲ
1599 2340 1691 2394 τὸν
1737 2343 1898 2396 καλὸν
1947 2327 2128 2398 καλόν.

478 2413 589 2466 Καὶ
611 2416 717 2486 γὰρ
753 2417 804 2469 εί
826 2418 983 2470 τοῦτο
1007 2419 1184 2490 δοθείη
1209 2462 1223 2484 ,
1281 2423 1456 2478 πάντα
1491 2427 1888 2498 συγχυθήσεται
1919 2429 1987 2484 τὰ
2011 2431 2132 2484 καθ’

485 2501 645 2590 ἡμᾶς,
677 2504 771 2556 καὶ
805 2503 928 2558 οὔτε
958 2507 1124 2579 ἀρετὴ
1155 2507 1304 2563 ἔσται
1347 2528 1428 2577 τι,
1460 2511 1583 2566 οὔτε
1625 2516 1810 2578 κακία,
1835 2519 1894 2569 οὐ
1924 2517 2127 2590 τέχναι,

477 2589 535 2640 οὐ
565 2590 740 2660 νόμοι,
773 2591 874 2647 οὐκ
901 2593 1030 2646 ἄλλο
1073 2595 1178 2648 τῶν
1205 2597 1456 2651 τοιούτων
1486 2601 1656 2656 οὐδέν.
1695 2604 1849 2665 Τίνος
1873 2605 1928 2657 δὲ
1951 2605 2130 2658 ἕνεκεν

477 2676 713 2748 σπουδὴν
743 2679 944 2750 πολλὴν
970 2682 1266 2754 ποιούμεθα
1303 2686 1599 2752 νοσοῦντες,
1629 2692 1722 2744 ml
1748 2693 2004 2762 χρήματα
2039 2693 2130 2747 δα-

474 2765 757 2836 πανῶμεν,
791 2767 885 2820 καὶ
933 2769 1147 2840 ἰατροὺς
1185 2772 1474 2845 καλοῦμεν,
1526 2778 1617 2830 καὶ
1657 2778 1920 2850 φάρμακα
1960 2781 2130 2834 ἐπιτί-

473 2850 659 2922 θεμεν,
681 2854 776 2907 καὶ
792 2857 1026 2928 γαστρὸς
1045 2861 1360 2932 κατέχομεν,
1379 2865 1472 2916 καὶ
1493 2864 1784 2935 ἐπιθυμίαν
1799 2868 2095 2938 κολάζομεν
2113 2887 2126 2937 ;

445 2939 542 2992 Ἐἰ
567 2939 674 3010 γάρ
699 2943 798 3012 τῆς
836 2945 1176 3018 εἱμαρμένης
1202 2949 1429 3020 ἢρτηται
1463 2954 1558 3006 καὶ
1605 2953 1783 3022 ὑγίεια
1812 2957 1905 3009 ml
1944 2959 2094 3021 νόσος
2113 2999 2126 3024 ,

476 3028 708 3115 περιττά
755 3029 865 3085 τῶν
912 3033 1208 3103 χρημάτων
1251 3037 1320 3090 τὰ
1363 3038 1724 3110 ἀναλώματα,
1766 3043 1992 3115 περιττὴ
2021 3046 2130 3098 τῶν

481 3114 746 3204 Ῠή
783 3118 1014 3184 εῖσοδος,
1058 3123 1282 3192 περιττὴ
1314 3125 1410 3196 τῆς
1442 3125 1550 3180 τῶν
1591 3130 1884 3184 νοσούντων
1923 3114 2130 3204 διαίτης

478 3201 514 3291 τι
544 3201 817 3291 ἀκρίϐεια.
846 3205 960 3260 Νῦν
980 3207 1037 3260 δὲ
1072 3211 1209 3278 μετὰ
1246 3211 1351 3268 τῶν
1381 3213 1553 3267 ἀλλων
1582 3217 1676 3269 καὶ
1710 3219 1773 3270 ἐκ
1799 3218 2004 3272 τούτων
2034 3201 2128 3291 δη-

472 3288 806 3381 λοῦμενηδτι
839 3295 989 3349 οὐδὲν
1036 3297 1214 3353 αὐτῶν
1251 3302 1501 3371 περιττόν
1550 3305 1716 3360 ἐστιν.
1756 3306 1893 3360 Ἀλλ’
1925 3288 2128 3381 οἴχεται

475 3377 762 3470 μὲνότῆς
809 3384 1146 3457 εἱμαρμένης
1187 3386 1373 3457 μῦθος·
1411 3390 1633 3462 οὐδεμιᾷ
1671 3392 1778 3465 γὰρ
1815 3377 2026 3470 ἀνάγκη
2061 3403 2130 3455 τὰ

469 3465 596 3562 καθ’
628 3469 661 3539 ή
673 3470 777 3538 μᾶς
803 3470 1107 3562 ὑπόκειται·
1148 3476 1324 3529 πάντα
1357 3476 1430 3542 δὲ,
1463 3478 1643 3543 καθὼς
1671 3480 1826 3554 ἔφην,
1850 3465 2131 3562 ἐλευθερίᾳ

472 3555 760 3626 τετίμηται
788 3559 1182 3632 προαιρέσεως.

545 3703 607 3756 δ’.
631 3704 789 3760 Ταῦτ’
815 3703 908 3762 οὖν
924 3709 1143 3775 εἰδότες,
1169 3713 1463 3783 ἀγαπητοὶ,
1485 3716 1580 3769 καὶ
1603 3716 1670 3770 τὰ
1685 3719 1887 3773 τούτων
1906 3722 2129 3778 πλείονα

475 3785 670 3855 (πολλά
714 3791 821 3861 γὰρ
866 3792 980 3846 ἔστι
1018 3795 1112 3848 καὶ
1152 3796 1286 3850 ἀλλα
1321 3799 1448 3869 περὶ
1489 3799 1694 3853 τούτων
1739 3804 1948 3869 εἰπεῖν,
1993 3806 2128 3860 ἀλλά

468 3878 586 3962 τοῖς
643 3879 1025 3952 συνετωτέροις
1075 3882 1236 3954 ἀρκεῖ
1289 3885 1517 3958 ταῦτα),
1568 3889 1826 3962 φύγωμεν
1889 3894 2125 3960 κακίαν,

467 3961 722 4034 ἑλώμεθα
765 3966 998 4039 ἀρετὴν,
1036 3969 1120 4023 ἵνα
1167 3970 1428 4044 δείξωμεν
1477 3975 1564 4030 διά
1607 3961 2128 4051 τῶνίπραγμάτων,

466 4053 550 4105 ὅτι
582 4053 926 4142 αὐτεξούσιον
953 4055 1148 4142 ἔχομεν
1172 4061 1308 4130 πρὸς
1338 4061 1408 4114 τά
1450 4062 1706 4118 δοκοῦντα
1745 4068 1844 4138 τὴν
1881 4068 2125 4142 γνώμην,

467 4139 555 4228 ίνα
599 4141 677 4211 μὴ
703 4141 1206 4228 καταισχυνθῶμεν
1252 4148 1310 4201 ἐν
1345 4151 1410 4220 τῇ
1449 4151 1632 4222 ἡμέρᾳ
1669 4155 1767 4225 τῆς
1807 4155 1914 4210 τῶν
1950 4139 2127 4228 ἔργων

465 4227 880 4298 ἀποκαλύψεως.
921 4230 1067 4297 Τοὺς
1102 4233 1211 4303 γὰρ
1256 4249 1481 4302 πάντας
1526 4237 1684 4307 ἡμᾶς
1718 4227 2128 4312 φανερωθῆναι

463 4312 563 4367 δεῖ
584 4313 924 4383 ἔμπροσθεν
952 4318 1058 4372 τοῦ
1078 4318 1352 4388 ,ϐήματος
1375 4322 1481 4376 τοῦ
1512 4325 1784 4392 Χριστοῦ,
1810 4327 1992 4391 καθώς
2025 4347 2128 4399 φη-

469 4417 553 4454 σιν
585 4405 613 4455 ὁ
654 4402 886 4470 Παῦλος,
934 4406 1036 4459 ἵνα
1071 4409 1386 4476 κομίσηται
1425 4410 1680 4478 ἕκαστος
1715 4416 1864 4481 πρὸς
1908 4414 1946 4470 ἂ
1977 4415 2128 4489 [292]

463 4493 754 4562 ἔπραξεν,
806 4497 927 4551 εἴτε
953 4499 1200 4568 ἀγαθὸν,
1232 4502 1352 4555 εῖτε
1392 4505 1600 4558 κακόν.
1631 4506 1916 4578 Λάϐωμεν,
1945 4527 2124 4581 παρα-

464 4582 638 4642 καλῶ.
683 4583 824 4641 κατά
865 4585 988 4638 νοῦν
1019 4589 1192 4640 ἐκεῖνο
1233 4589 1294 4642 τὸ
1333 4590 1712 4663 δικαστήριον,
1758 4596 1849 4649 καὶ
1898 4598 2129 4668 νομίσω-

463 4683 568 4731 μεν
598 4668 730 4721 αὐτὸ
762 4673 1010 4740 παρεῖναι
1037 4671 1132 4725 νῦν
1151 4712 1166 4736 ,
1194 4673 1286 4726 καὶ
1317 4674 1408 4727 τὸν
1438 4677 1628 4747 κριτὴν
1656 4679 1972 4742 καθέζεσθαι
1996 4721 2012 4747 ,
2035 4685 2127 4736 καὶ

463 4753 535 4807 τὰ
574 4755 754 4808 πάντα
785 4758 1274 4825 ἀνακαλύπτεσθαι,
1316 4763 1409 4814 καὶ
1444 4765 1525 4825 είς
1568 4764 1730 4834 μέσον
1769 4767 2015 4834 ἄγεσθαι.
2052 4773 2127 4826 UO

462 4841 574 4928 γὰρ
602 4843 786 4907 ἁπλῶς
809 4845 1150 4916 παραστῆναι
1168 4848 1276 4914 δεῖ,
1289 4849 1425 4904 ἀλλά
1449 4852 1538 4904 καὶ
1563 4853 1939 4925 φανερωθῆναι
1956 4860 2126 4928 ἡμᾶς.

459 4925 612 5001 ’Δρα
637 4933 740 4985 οὐκ
766 4933 1158 5006 ἠρυθριάσατε;
1195 4933 1302 5006 ἆρα
1332 4939 1436 4992 οὐκ
1463 4939 1748 5010 έφρίξατε;
1788 4939 1894 5014 ἆρα
1917 4925 2014 5015 οὐχ
2042 4949 2127 5000 αἱ-

463 5017 706 5088 ρούμεθα
747 5021 1006 5085 πολλάκις
1047 5024 1368 5091 ἀποθανεῖν,
1421 5027 1456 5096 ἢ
1494 5028 1584 5079 ἐπὶ
1632 5030 1798 5096 φίλων
1841 5031 2128 5104 αίδεσίμων

461 5109 709 5176 πταῖσμα
734 5109 974 5177 κρυπτὸν
1002 5110 1033 5179 ή
1043 5109 1158 5179 μῶν
1185 5113 1589 5184 φανερωθῆναι;
1616 5116 1737 5179 Πῶς
1759 5112 1850 5170 οῦν
1875 5119 1994 5172 τότε
2015 5121 2128 5173 δια-

460 5192 776 5262 κεισόμεθα,
809 5195 902 5247 ἐπὶ
933 5195 1146 5250 πάντων
1175 5198 1417 5266 ἀγγέλων
1453 5202 1546 5254 καὶ
1581 5203 1794 5256 πάντων
1828 5206 2127 5277 ἀνθρώπων

459 5282 884 5351 φανερουμένων
922 5283 1030 5336 τῶν
1072 5285 1354 5354 ἡμετέρων
1401 5287 1834 5360 ἁμαρτημάτων,
1885 5295 1977 5347 καὶ
2024 5297 2133 5368 πρὸ·

455 5365 568 5420 τῶν
622 5365 915 5438 ὀφθαλμῶν
969 5370 1125 5439 ήμῶν
1181 5372 1514 5443 ίσταμένων;
1577 5377 1834 5447 Ἐλέγξω
1875 5397 1949 5434 σε
1988 5365 2126 5454 γὰρ,

456 5455 630 5524 φησὶ,
701 5456 798 5508 καὶ
855 5457 1225 5524 παραστήσω
1293 5461 1441 5514 κατὰ
1490 5463 1811 5530 πρόσωπόν
1858 5484 1974 5522 σου
2025 5473 2130 5536 τὰς

454 5543 748 5610 ἁμαρτίας
789 5559 926 5597 σου.
971 5545 1036 5596 Εἰ
1073 5545 1128 5597 δὲ
1161 5547 1325 5615 μήπω
1345 5547 1439 5600 τοῦ
1473 5551 1792 5620 πράγματος
1836 5555 2126 5623 παρόντος,

455 5631 593 5683 ἀλλά
639 5631 762 5684 καθ’
799 5633 1055 5685 ὑπόθεσιν
1095 5633 1364 5697 δοθέντος,
1412 5639 1502 5690 καὶ
1539 5639 1680 5708 λόγῳ
1721 5641 2127 5712 διαγραφὼτος,

455 5720 809 5792 ἀπολλύμεθα
855 5722 965 5775 ὑπὸ
1011 5722 1106 5774 τοῦ
1167 5723 1494 5790 συνειδότος,
1548 5727 1599 5778 τί
1647 5732 1942 5800 ποιήσομεν
1998 5731 2124 5786 ὅταν

1716 291 1802 348 DE
1842 290 2205 348 PERFECTA
2240 291 2609 348 CARITATE.

3797 297 3932 351 ΞΜ.

2242 408 2642 480 παραγένηται,
2705 409 2832 462 ὅταν
2888 409 2921 478 ἡ
2983 408 3270 479 οίκουμένη
3329 409 3478 462 πᾶσα
3542 411 3719 480 παρῇ,
3776 409 3904 465 ὅταν

2237 498 2456 566 ἄγγελοι
2512 497 2607 550 καὶ
2669 497 3024 566 ἀρχάγγελοι,
3083 498 3209 551 ὅταν
3265 497 3425 568 ἀρχαὶ
3481 499 3572 550 καὶ
3631 496 3901 562 ἐξουσίαι,

2235 585 2363 638 ὅταν
2401 584 2696 652 σάλπιγγες
2734 585 2937 654 ήχῶσιν
2964 586 3020 638 αί
3057 588 3292 654 συνεχεῖς
3334 585 3428 638 καὶ
3465 585 3775 655 ἐπάλληλοι,
3809 587 3904 638 καὶ

2237 673 2458 743 ἁρπαγὴ
2490 671 2598 724 τῶν
2619 672 2840 724 δικαίων
2871 673 2962 724 ἐπὶ
2990 673 3247 741 νεφελῶν,
3273 673 3367 726 καὶ
3396 671 3560 735 πολὺς
3581 673 3688 724 τῶν
3721 674 3901 743 ήμαρ-

2233 761 2476 831 τηκότων
2498 761 2528 812 ὁ
2552 758 2856 830 κλαυθμός
2883 760 3038 822 Ποῖος
3063 760 3170 828 ἄρα
3196 760 3357 828 φόϐος
3384 759 3496 824 ἕξει
3518 760 3637 812 τότε
3659 761 3784 822 τοὺς
3809 761 3902 812 ἐπὶ

2234 849 2334 919 τῆς
2366 849 2468 918 γῆς
2499 847 2896 917 ἀπομένοντας;
2927 848 3047 900 Μία
3069 848 3197 918 γὰρ.
3224 849 3406 918 φησὶν,
3439 845 3773 916 ἀρπάζεται,
3803 847 3898 900 καί

2229 936 2338 1004 μία
2361 935 2596 1003 ἀφίεται
2617 949 2633 964 ο
2661 932 2760 988 καί
2787 928 2876 1000 εἷς
2905 933 3453 1004 παραλαμϐάνεται,
3481 935 3578 988 καὶ
3605 930 3692 1001 εἷς
3720 951 3899 989 κατα-

2232 1020 2608 1090 λιμπάνεται.
2638 1022 2734 1085 Τίς
2766 1021 2917 1075 ἔσται
2950 1024 2984 1092 ἠ
3010 1021 3156 1092 ψυχὴ
3185 1022 3428 1087 ἐκείνων,
3472 1023 3600 1076 ὅταν
3641 1023 3768 1086 τοὺς
3800 1024 3899 1093 μὲν

2231 1109 2430 1180 ὁρῶσιν
2470 1108 2848 1180 ἀπαγομένους
2895 1109 3032 1178 μετά
3069 1111 3233 1179 τιμῆς
3274 1109 3532 1180 μεγάλης,
3579 1111 3804 1172 ἑαυτοὺς
3841 1109 3898 1163 δὲ

2232 1196 2558 1266 ἀφιεμένους
2582 1195 2720 1267 μετά
2742 1195 2941 1267 πολλῆς
2967 1194 3262 1266 αίσχύνης;
3299 1196 3411 1250 Οὐκ
3439 1195 3604 1259 ἔστιν,
3638 1197 3737 1249 ούκ
3761 1195 3894 1260 ἐστι,

2232 1281 2579 1347 πιστεύσατε,
2598 1285 2945 1354 παραστῆσαι
2971 1281 3110 1350 λόγῳ
3126 1282 3391 1346 τὸπάθος.
3412 1283 3590 1336 Είδετέ
3619 1300 3746 1336 ποτε
3771 1285 3898 1346 τοὺς

2229 1370 2608 1441 ἀπαγομένους
2647 1371 2740 1423 ἐπὶ
2777 1369 3038 1434 θάνατον;
3075 1369 3239 1424 Ποίαν
3277 1370 3456 1432 αὐτοῖς
3483 1371 3728 1441 νομίζετε
3759 1367 3896 1424 εἶναι

2229 1456 2327 1526 τὴν
2355 1455 2530 1527 ψυχὴν
2559 1455 2662 1527 τὴν
2690 1456 2851 1529 μέχρι
2889 1457 2985 1527 τῆς
3023 1456 3196 1527 πύλης
3223 1456 3340 1510 ὁδὸν
3369 1456 3670 1526 βαδίζουσι;
3705 1457 3769 1509 Τί
3797 1457 3898 1510 οὐκ

2230 1541 2298 1594 ἂν
2332 1541 2537 1597 εἵλοντο
2565 1543 2659 1597 καὶ
2698 1544 2921 1613 ποιῆσαι
2958 1542 3052 1595 καὶ
3088 1542 3300 1605 παθεῖν,
3339 1541 3478 1594 ὥστε
3521 1541 3896 1610 ἀπαλλαγῆναι

2227 1628 2330 1698 τῆς
2355 1627 2551 1699 ἀχλύος
2582 1629 2824 1699 έκείνης;
2854 1629 2996 1698 Ἐγὼ
3025 1630 3232 1683 πολλῶν
3262 1630 3470 1701 ἥκουσα
3495 1629 3757 1698 λεγόντων
3787 1629 3895 1681 τῶν

2229 1716 2610 1790 φιλανθρωπίᾳ.
2642 1716 2891 1788 βασιλικῇ
2932 1718 3070 1788 μετὰ
3097 1718 3193 1788 τὴν
3219 1717 3520 1787 ἀπαγωγὴν
3549 1718 3630 1780 εἰς
3657 1717 3896 1769 τούπίσω

2229 1803 2658 1876 ἀνακληθέντων,
2698 1805 2779 1858 ὅτι
2810 1805 2928 1857 οὐδὲ
2966 1804 3280 1876 ἀνθρώπους
3315 1805 3501 1876 ἑώρων
3532 1806 3658 1867 τοὺς
3688 1805 3895 1875 ἀνθρώ-

2230 1907 2394 1954 πους,
2439 1891 2876 1962 τεθορυϐημένης
2918 1891 3018 1962 τῆς
3061 1893 3240 1963 ψυχῆς
3281 1893 3375 1946 καὶ
3417 1891 3892 1962 ὲκπεπληγμένης.

2228 1979 2337 2032 Καὶ
2363 1978 2415 2032 τί
2439 1979 2581 2048 λέγω
2618 1980 2745 2050 περὶ
2784 1979 2890 2033 τῶν
2921 1981 3312 2051 ἀπαγομένωνς
3343 1982 3533 2052 Ὄχλο;
3565 1980 3892 2051 περιέστηκε

2227 2070 2371 2132 τότε,
2416 2069 2465 2120 οῖ
2509 2067 2724 2130 πλείους
2763 2068 2862 2120 οὐκ
2905 2068 3105 2132 εἰδότες
3144 2069 3359 2132 αὐτούς.
3409 2069 3477 2122 Εἴ
3505 2087 3589 2132 τις
3625 2069 3742 2132 ἐνὸς
3773 2069 3892 2122 τότε

2228 2154 2460 2208 ἑκάστου
2488 2155 2587 2226 τὴν
2617 2153 2795 2225 ψυχὴν
2832 2157 3282 2227 περιεσκόπησεν,
3316 2156 3490 2219 οὐδεὶς
3519 2155 3688 2220 οὓτως
3721 2157 3890 2225 ώμὸς,

2225 2241 2398 2305 οὐδεὶς
2424 2257 2446 2280 ι
2479 2241 2622 2295 οὕτω
2651 2242 2876 2310 θρασὺς,
2904 2243 3076 2306 οὐδεὶς
3101 2243 3242 2297 οὕτω
3263 2247 3523 2312 γενναῖος,
3550 2245 3609 2298 ὃν
3641 2246 3702 2298 ού
3727 2262 3893 2298 κατα-

2225 2331 2575 2384 πεπτωκυῖαν
2603 2328 2770 2402 αὐτὴν
2795 2330 2987 2401 έχοντα
3010 2330 3159 2401 εΰροι
3188 2331 3282 2385 καὶ¹
3307 2334 3640 2403 παρειμένην
3671 2332 3775 2386 ὑπὸ
3795 2331 3891 2386 τοῦ

2226 2417 2390 2487 φόϐου
2426 2419 2518 2474 καὶ
2546 2419 2646 2488 τῆς
2684 2417 2941 2488 ἀθυμίας.
2983 2419 3046 2473 El
3076 2419 3134 2472 δὲ
3167 2419 3368 2491 ἑτέρων
3403 2420 3805 2492 ἀναιρουμένων
3839 2423 3890 2475 οἱ

2228 2506 2394 2577 μηδὲν
2425 2507 2608 2569 αὐτοῖς
2637 2505 3015 2570 κοινωνοῦντες
3042 2505 3184 2559 οὕτω
3207 2506 3551 2569 διατίθενται,
3572 2508 3699 2562 ὅταν
3729 2511 3890 2579 ἡμεῖς

2223 2593 2375 2646 αὐτοὶ
2405 2596 2513 2658 τοῖς
2545 2593 2751 2664 μείζοσι
2776 2593 3178 2664 περιπέσωμεν,
3210 2593 3350 2656 τίνες
3374 2593 3482 2664 ἀρα
3510 2594 3764 2664 ἐσόμεθα,
3790 2597 3890 2666 τῆς

2227 2681 2325 2750 μὲν
2353 2681 2592 2751 ἀρρήτου
2626 2681 2797 2752 χαρᾶς
2825 2680 3038 2750 ἐκείνης
3064 2680 3532 2751 ἀποπεμπόμενοι,
3560 2683 3640 2744 είς
3666 2683 3889 2736 αἰωνίαν

2223 2767 2278 2820 δὲ
2326 2767 2592 2838 τιμωρίαν
2640 2767 3164 2839 παραπεμπόμενοι;
3199 2769 3264 2822 Εἰ
3295 2767 3404 2839 γὰρ
3445 2769 3537 2822 καὶ
3577 2769 3767 2836 γέεννα
3813 2772 3886 2842 μὴ

2222 2849 2310 2925 ἦν,
2335 2856 2397 2908 τὸ
2420 2857 2484 2909 ὲκ
2507 2855 2770 2924 τοσαύτης
2798 2854 3175 2926 λαμπρότητος
3206 2855 3542 2926 ἀπωσθῆναι,
3575 2857 3667 2910 καὶ
3695 2857 3888 2928 ἀτιμον

2223 2941 2594 3012 ἀναχωρῆσαι,
2640 2942 2780 3012 πόση
2816 2942 3068 3008 κόλασις;
3108 2942 3216 2996 Καὶ
3251 2942 3358 3012 γὰρ
3397 2944 3445 2995 εί
3481 2942 3597 3005 νῦν,
3629 2943 3890 3014 βασιλέως

2224 3028 2639 3096 εἰσελαύνοντος,
2654 3029 2979 3101 θεωροῦντες
3006 3030 3206 3090 πολλοὶ,
3233 3031 3326 3085 καὶ
3347 3031 3444 3103 τὴν
3470 3031 3675 3085 ἑαυτῶν
3702 3033 3888 3086 πενίαν

2224 3116 2546 3185 ἐννοοῦντες,
2564 3118 2622 3172 ού
2642 3118 2907 3188 τοσαύτην
2923 3118 3030 3172 ἀπὸ
3042 3119 3143 3190 τῆς
3160 3120 3283 3183 θέας
3299 3120 3569 3192 λαμϐάνοι»
3577 3139 3658 3176 σιν
3676 3121 3887 3193 ἡδονὴν,

2223 3200 2356 3272 ὅσην
2396 3201 2505 3255 ἀπὸ
2541 3201 2634 3256 τοῦ
2673 3203 2896 3274 μηδενὸς
2930 3204 3175 3274 μετέχειν
3205 3205 3312 3259 τῶν
3357 3207 3484 3277 περὶ
3515 3205 3605 3259 τὸν
3646 3206 3886 3276 βασιλέα,

2228 3289 2362 3360 μηδὲ
2392 3291 2556 3358 ἐγγὺς
2585 3287 2720 3343 εἶναι
2752 3291 2846 3344 τοῦ
2881 3292 3226 3363 κρατοῦντος,
3266 3293 3502 3363 ἀθυμίαν
3538 3293 3886 3364 ὑπομένουσι,

2222 3377 2276 3429 τί
2301 3376 2422 3430 τότε
2451 3376 2636 3438 έσταις
2670 3379 2738 3430 Ἢ
2775 3379 2978 3448 μικρὰν
3008 3375 3142 3433 εἶναι
3176 3380 3422 3450 νομίζετε
3461 3381 3679 3434 κόλασιν
3719 3381 3778 3434 τὸ
3813 3382 3887 3452 μὴ

2222 3464 2646 3518 κατατάττεσθαι
2679 3467 2735 3518 ἐν
2768 3466 2956 3536 ἐκείνῳ
2985 3466 3061 3536 τῷ
3087 3467 3265 3538 χορῷ;
3303 3467 3361 3519 τὸ
3399 3467 3474 3538 μὴ
3505 3467 3887 3535 καταξιοῦσθαι

2220 3551 2318 3622 τῆς
2338 3552 2648 3624 ἀπορρήτου
2665 3551 2821 3624 δόξης
2836 3570 2848 3617 ;
2866 3553 2926 3605 τὸ
2941 3552 3037 3622 τῆς
3055 3555 3408 3625 πανηγύρεως
3428 3556 3640 3626 ἐκείνης
3668 3558 3760 3608 καὶ
3780 3555 3886 3610 τῶν

2221 3640 2514 3709 ἀφράστων
2545 3639 2764 3708 ἀγαθῶν
2793 3640 2980 3711 πόρρω
3009 3658 3108 3693 που
3145 3643 3237 3694 καὶ
3275 3643 3489 3715 μακράν
3521 3645 3884 3716 ἀπερρῖφθαι;

2226 3728 2391 3781 Ὅταν
2417 3727 2473 3780 δὲ
2499 3727 2594 3780 καὶ
2627 3727 2813 3790 σκότος
2837 3724 2892 3802 ᾗ,
2924 3728 3015 3782 καὶ
3045 3727 3283 3801 βρυγμὸς
3310 3731 3552 3794 ὀδόντων,
3592 3733 3684 3786 καὶ
3714 3734 3887 3802 δεσμὰ

2223 3814 2375 3888 [295]
2407 3815 2601 3882 ἀλυτα,
2645 3818 2738 3870 καὶ
2780 3817 2993 3888 σκώληξ
3031 3817 3410 3888 ἀτελεύτητος,
3445 3821 3538 3874 καὶ
3580 3821 3688 3894 πῦρ
3728 3821 3888 3874 ἄσϐε-

2224 3920 2366 3970 στον,
2398 3904 2491 3957 καὶ
2523 3903 2699 3974 θλίψις
2727 3905 2820 3957 καὶ
2853 3907 3196 3978 στενοχωρία,
3222 3908 3314 3959 καὶ
3343 3905 3580 3974 γλῶσσαι
3603 3909 3886 3978 τηγανιζό-

2226 4011 2405 4066 μεναι,
2442 3994 2691 4066 καθάπερ
2724 3997 2756 4067 ἡ
2789 3994 2882 4048 τοῦ
2913 3995 3185 4059 πλουσίου,
3221 3997 3316 4050 καὶ
3353 3995 3764 4068 ὀλοφυρώμεθα,
3796 4000 3886 4051 καὶ

2224 4081 2411 4152 μηδεὶς
2450 4081 2642 4155 ἀκούῃ,
2692 4084 2781 4139 καὶ
2822 4083 3111 4154 στένωμεν,
3164 4084 3257 4136 καὶ
3301 4083 3587 4155 βρύχωμεν
3634 4086 3736 4138 ὑπὸ
3778 4086 3886 4138 τῶν

2222 4169 2551 4238 ἀλγηδόνων,
2590 4171 2682 4224 καὶ
2717 4170 2903 4242 μηδεὶς
2933 4171 3191 4244 προσέχῃ,
3240 4173 3332 4225 καὶ
3375 4172 3648 4243 πανταχοῦ
3681 4173 3887 4244 βλέπω-

2227 4272 2346 4325 μεν,
2374 4257 2466 4310 ml
2498 4257 2743 4328 μηδαμοῦ
2779 4259 2964 4329 μηδεὶς
2990 4260 3018 4311 ό
3047 4259 3526 4332 παραμυθούμενος
3613 4278 3625 4289 ·
3659 4261 3760 4314 ποῦ
3794 4263 3888 4314 τά-

2225 4342 2386 4409 ξομεν
2425 4346 2549 4408 τοὺς
2590 4348 2646 4398 ὲν
2687 4346 2892 4409 τούτοις
2917 4345 3105 4413 ὄνταςς
3141 4347 3192 4399 τί
3217 4347 3274 4400 δὲ
3307 4348 3528 4403 ἐκείνων
3563 4347 3886 4418 ἀθλιώτερον

2222 4431 2330 4484 τῶν
2353 4431 2567 4502 ψυχῶν;
2594 4433 2646 4485 τί
2678 4433 2733 4486 δὲ
2762 4433 3148 4504 ἐλεεινότερον;

2294 4525 2358 4573 ε’.
2378 4521 2435 4572 Εἰ
2448 4521 2504 4573 δὲ
2521 4522 2598 4584 είς
2610 4521 2976 4592 δεσμωτήριον
2989 4523 3261 4589 εἰσιόντες,
3277 4525 3508 4588 καὶτοὺς
3526 4525 3624 4594 μὲν
3640 4527 3892 4598 αὐχμῶν-

2223 4625 2321 4672 τας
2349 4607 2610 4680 ὁρῶντες,
2631 4609 2756 4670 τοὺς
2789 4607 2846 4660 δὲ
2886 4608 3126 4680 σιδηραῖς
3156 4609 3374 4664 ἁλύσεσι
3398 4612 3729 4682 δεδεμένους,
3760 4617 3886 4679 τοὺς

2222 4696 2279 4749 δὲ
2308 4697 2483 4766 σκότῳ
2512 4696 3086 4766 κατακεκλεισμένους,
3117 4697 3534 4770 κατακλώμεθα,
3569 4702 3882 4772 φρίττομεν,

2224 4785 2399 4839 πάντα
2449 4785 2758 4855 πράττομεν
2795 4785 2934 4855 ὑπὲρ
2979 4785 3070 4839 τοῦ
3105 4787 3183 4857 μὴ
3226 4789 3484 4857 ἐμπεσεῖν
3517 4790 3596 4851 εἰς
3632 4790 3886 4860 τοιαύτην

2223 4872 2467 4942 ἀνάγκην
2499 4871 2592 4924 καὶ
2626 4870 2800 4940 θλίψιν
2825 4889 2839 4902 ·
2870 4872 2996 4924 ὅταν
3027 4873 3365 4944 ἀπαγώμεθα
3405 4877 3484 4938 εἰς
3527 4877 3666 4928 αὑτά
3692 4878 3760 4930 τά
3789 4880 3885 4948 τῆς

2222 4959 2445 5029 γεέννης
2494 4959 2883 5028 βασανιστήρια
2922 4959 3210 5030 δεδεμένοι,
3255 4963 3390 5024 τίνες
3429 4962 3692 5031 ὲσόμεθα;
3733 4964 3786 5017 τί
3827 4965 3884 5018 δὲ

2224 5047 2531 5118 πράξομεν;
2564 5047 2636 5100 Ού
2664 5045 2771 5118 γὰρ
2795 5050 2858 5100 ὲκ
2888 5049 3100 5120 σιδήρου
3129 5049 3196 5103 τά
3219 5049 3391 5119 δεσμά
3417 5050 3617 5113 ἐκεῖνα,
3641 5051 3755 5104 ἀλλ’
3779 5053 3885 5107 ἀπὸ

2223 5136 2392 5205 πυρός
2415 5136 2551 5188 εἰσιν
2575 5135 2826 5188 οὐδέποτε
2853 5136 3230 5206 σϐεννυμένου,
3259 5137 3376 5189 οὐδὲ
3401 5136 3648 5208 όμότιμοί
3668 5157 3809 5203 τινες
3835 5144 3882 5194 οἱ

2223 5223 2522 5291 ἐφεστῶτες
2539 5223 2687 5292 ἡμῖν,
2712 5221 2804 5285 οὓς
2822 5223 2914 5275 καὶ
2929 5224 3334 5294 ὲκμειλίξασθαι
3362 5223 3618 5288 πολλάκις
3645 5227 3742 5289 ἔνι,
3765 5229 3881 5282 ἀλλ’

2223 5309 2441 5377 ἄγγελοι
2487 5309 2703 5379 φοϐεροὶ
2745 5313 2838 5364 καὶ
2881 5311 3240 5380 ἀσυμπαθεῖς,
3290 5305 3369 5374 οἷς
3410 5311 3529 5364 οὐδὲ
3567 5313 3882 5384 ἀντιϐλέψαι

2223 5396 2462 5457 δυνατὸν,
2499 5397 2740 5467 σφοδρῶς
2773 5398 2912 5467 ὑπὲρ
2947 5392 3022 5449 ὧν
3049 5398 3136 5449 τδν
3169 5397 3442 5468 Δεσπότην
3471 5397 3768 5470 ὑϐρίσαμεν
3791 5403 3882 5472 ὀρ-

2225 5485 2517 5556 γιζόμενοι.
2555 5485 2668 5538 υύκ
2695 5485 2828 5550 ἐστι,
2865 5485 3110 5556 καθάπερ
3142 5485 3392 5549 ἐνταῦθα,
3423 5488 3546 5550 τοὺς
3583 5489 3680 5558 μὲν
3708 5489 3882 5561 ἀργύ-

3748 5681 3884 5733 οὐδέ-

2292 5679 2316 5706 “
2341 5679 2420 5727 Sic
2455 5680 2668 5729 Colberl.
2716 5679 2768 5728 In
2811 5680 2954 5726 Savil.
2983 5688 3146 5744 autfm
3187 5682 3351 5728 οὐδένα
3377 5685 3524 5738 οὕτως
3558 5685 3705 5744 ῶμὲν,

2231 5757 2306 5799 να,
2331 5752 2450 5802 επακ,
2473 5745 2538 5792 ila
2559 5750 2612 5791 ut
2634 5744 2878 5793 sententia
2902 5742 3188 5804 imperfecta
3209 5752 3358 5792 easet.
