4058 6344
261 232 371 289 285

264 368 396 421 ριον,
428 353 551 415 τοὺς
577 351 632 405 δὲ
660 352 896 424 τροφάς,
928 354 1052 416 τοὺς
1084 351 1139 405 δὲ
1167 353 1357 420 λόγους
1394 353 1710 420 εἰσάγοντας
1746 366 1924 421 παρα-

1037 235 1093 291 S.
1131 233 1417 292 JOANNIS
1454 232 1946 292 CHRYSOSTOMI
1983 229 2298 290 ARCHIEP.
2334 236 2876 295 CONSTANTINOP.

1952 400 2010 460 τι

3585 228 3689 285 256

2104 353 2162 416 ς’.
2190 352 2357 407 Τοῦτο
2371 353 2427 407 δέ
2448 355 2630 425 ἡλίκον
2653 356 2821 418 ἐστὶν,
2842 351 3086 406 ἐντεῦθεν
3101 346 3384 418 εἰσόμεθαο
3412 344 3609 416 μᾶλλον
3632 345 3689 397 δέ

260 438 549 507 κλητικοὺς
602 439 747 505 ἰδεῖν,
794 441 887 492 καὶ
936 439 1286 510 παραμυθίας
1326 442 1526 510 τυχεῖν,
1569 439 1704 493 ἀλλά
1749 440 1925 491 πάντα
1968 432 2010 460 ⁷
2032 439 2217 507 σαφῶς
2248 440 2347 511 μὲν
2382 441 2678 511 οὐδαμόθεν
2704 438 2959 512 εἰσόμεθα
2987 454 3001 469 ⁶
3037 436 3177 489 ῶστε
3201 435 3257 488 δέ
3287 433 3395 487 ἀπὸ
3420 432 3529 485 τῶν
3559 432 3689 502 παρ’

258 528 375 578 ἐκεῖ
410 525 788 594 ἀσύγγνωστα.
824 528 942 582 Κάν
981 529 1104 582 Νῶε
1144 525 1200 601 ᾖ,
1244 529 1347 583 κᾶν
1378 528 1519 593 Ἰὼϐ,
1563 528 1665 583 κάν
1707 527 1924 598 Δανιὴλ,

258 614 354 666 καὶ
383 616 510 687 τοὺς
545 616 775 677 οἰκείους
798 617 946 670 ἔδωσι
974 616 1384 687 κολαζομένους,
1410 619 1470 671 οὐ
1496 617 1731 688 τολμῶσι
1756 634 1924 688 παρα-

259 701 467 771 στῆναι,
495 704 587 756 καὶ
618 707 773 774 χεῖρα
800 703 1002 774 ὀρέξαι.
1037 706 1144 757 Καὶ
1175 706 1283 776 γὰρ
1317 707 1415 777 τὴν
1447 708 1512 760 ἐκ
1541 709 1753 776 φύσεως
1784 723 1922 775 συμ-

255 788 485 842 πάθειαν
514 789 851 860 ἀναιρεῖσθαι
883 792 1004 844 τότε
1037 792 1341 861 συμϐαίνει,
1384 792 1600 863 Ἐπειδὴ
1632 791 1739 862 γάρ
1771 792 1920 863 εὑρίο

258 891 474 929 σκονται
504 877 700 930 δίκαιοι
728 878 932 932 τέκνων
960 879 1298 950 ἁμαρτωλῶν
1323 880 1579 951 πατέρες,
1612 881 1706 933 καὶ
1735 880 1921 943 παῖδες

253 961 449 1029 ἀγαθοὶ
469 962 669 1030 γονέων
696 964 947 1036 πονηρῶν
970 965 1050 1035 (οὐ
1072 965 1177 1037 γὰρ
1204 965 1416 1034 φύσεώς
1438 968 1602 1029 ἐστιν,
1625 966 1758 1020 ἀλλά
1782 964 1921 1035 γνώ-

256 1065 365 1117 μης
394 1050 463 1102 τά
490 1049 677 1119 κακὰ),
710 1049 849 1103 ὥστε
888 1052 1135 1121 καθαρὰν
1160 1053 1343 1117 αὐτοῖς
1368 1049 1505 1107 εἷναι
1530 1052 1627 1123 τὴν
1654 1052 1921 1123 εὐφροσύ-

252 1151 368 1205 νην,
406 1138 499 1189 καί¹
539 1136 612 1207 μὴ
653 1140 722 1208 τῇ
761 1138 861 1209 τῆς
908 1138 1247 1208 συμπαθείας
1284 1140 1497 1211 ἀνάγκῃ
1547 1138 1917 1193 κατακλᾶσθαι

249 1223 375 1285 τοὺς
423 1223 792 1287 ἀπολαύοντας
834 1224 943 1278 τῶν
989 1226 1206 1294 ἀγαθῶν
1258 1226 1512 1294 ἐκείνων,
1566 1227 1659 1280 καὶ
1714 1226 1917 1296 ταύτην

251 1308 574 1363 σϐέννυσθαι
604 1311 724 1363 τότε
753 1311 888 1378 ἐστὶ,
915 1311 1010 1364 καὶ
1041 1313 1235 1375 αὐτοὺς
1262 1316 1691 1381 συναγανακτεῖν
1718 1313 1796 1384 τῷ
1823 1316 1917 1365 Δε-

251 1395 425 1469 σπότῃ
466 1398 606 1451 κατά
650 1397 759 1450 τῶν
800 1398 1013 1451 οἰκείων
1056 1399 1394 1469 σπλάγχνων.
1440 1401 1499 1455 Εἰ
1543 1401 1651 1472 γὰρ
1696 1403 1789 1455 καὶ
1821 1401 1916 1456 νῦν

246 1498 411 1549 τινες,
445 1483 573 1537 ὅταν
603 1484 751 1537 ῐδωσι
771 1484 1004 1553 φαύλους
1025 1487 1149 1549 τοὺς
1171 1488 1346 1541 αὐτῶν
1368 1487 1580 1553 παῖδας,
1606 1490 1916 1560 ἀποκηρύτ-

244 1585 419 1634 τουσι,
457 1570 548 1623 καὶ
580 1572 677 1636 τῆς
717 1572 1035 1641 συγγενείας
1072 1574 1462 1644 ἀποτέμνουσι,
1502 1577 1683 1647 πολλῷ
1717 1578 1914 1649 μᾶλλον

246 1656 306 1707 ἐν
332 1657 397 1726 τῇ
443 1657 619 1728 κρίσει
652 1658 809 1711 τοῦτο
848 1661 1156 1729 γενήσεται.
1199 1659 1496 1733 Τοιγαροῦν
1532 1664 1719 1735 μηδεὶς
1758 1665 1912 1718 ἐλπι-

244 1740 403 1805 ζέτω,
435 1744 644 1814 χρηστὰ
669 1746 742 1816 μὴ
767 1747 1159 1817 ἐργασάμενος,
1183 1750 1236 1801 τὶ
1269 1750 1521 1820 χρηστὸν,
1552 1752 1653 1805 κᾶν
1686 1753 1912 1823 μυρίους

242 1828 343 1903 ἔχῃ
366 1832 662 1903 προγόνους
681 1834 939 1899 δικαίους.
962 1838 1253 1906 Ἕκαστος
1270 1840 1381 1909 γὰρ
1404 1841 1729 1910 κομίσεται,
1755 1844 1909 1913 φησί,

241 1916 316 1970 τὰ
349 1917 446 1972 διὰ
482 1918 590 1972 τοῦ
626 1919 918 1990 σώματος,
952 1922 1100 1991 πρὸς
1130 1923 1168 1978 d
1203 1926 1483 1993 ἔπραξεν,
1518 1929 1637 1981 εἴτε
1664 1930 1908 1997 ἀγαθόν,

239 2003 362 2058 εἴτε
402 2008 612 2061 κακόν.
648 2008 1015 2079 Ἀκούσωμεν,
1047 2014 1367 2082 παρακαλῶ,
1398 2015 1491 2067 καὶ
1524 2017 1906 2088 σωφρονῶμεν.

244 2093 342 2144 Ἂν
369 2092 479 2165 πῦρ
507 2094 635 2167 ἐχης
652 2096 943 2167 ἐπιθυμίας
965 2101 1225 2170 πονηρᾶς,
1252 2102 1500 2173 ἐννόησον
1521 2104 1617 2174 τῆς
1639 2104 1909 2168 κολάσεως

238 2178 452 2248 ἐκείνης
474 2180 533 2233 τὸ
554 2180 682 2251 πῦρ,
712 2184 805 2235 καὶ⁸
832 2184 987 2236 τοῦτο
1016 2186 1381 2240 κατασϐεσθὲν
1408 2188 1633 2258 οἴχεται.
1667 2192 1763 2243 Ἂν
1789 2190 1908 2261 βου-

236 2263 406 2337 ληθῇς
428 2265 758 2336 φθέγξασθαί
790 2286 843 2323 τι
880 2271 984 2325 τῶν
1015 2272 1248 2335 ἀτόπων,
1276 2275 1525 2345 ἐννόησον
1549 2277 1640 2330 τὸν
1665 2277 1907 2349 βρυγμδν

235 2367 346 2422 τῶν
381 2369 627 2435 ὀδόντων,
667 2374 760 2426 καὶ
788 2374 1003 2444 χαλινὸς
1040 2375 1190 2430 ἔσται
1224 2394 1306 2429 σοι
1343 2378 1635 2448 φόϐος.“Αν
1662 2382 1905 2453 ἁρπάσαι

237 2454 489 2533 θελήσῃς,
518 2458 744 2513 ἄκουσον
772 2461 864 2513 τοῦ
897 2461 1148 2516 δικαστοῦ
1172 2464 1438 2533 λέγοντος,
1460 2467 1690 2533 Δήσατε
1720 2471 1904 2525 αὐτοῦ

232 2544 437 2615 χεῖρας
460 2545 558 2598 καὶ
581 2546 788 2613 πόδας,
813 2550 911 2602 καί
930 2549 1154 2613 ,βάλετε
1181 2552 1366 2607 αὐτὸν
1391 2555 1478 2619 εἰς
1505 2554 1571 2607 τό
1600 2556 1817 2623 σκότος
1835 2559 1904 2612 τό

231 2631 540 2701 ἐξώτερον,
568 2635 660 2687 καὶ
684 2635 886 2706 ταύτην
911 2636 1158 2701 ἐκϐαλεῖς
1179 2638 1274 2709 τὴν
1297 2639 1604 2711 ἐπιθυμίαν.
1635 2644 1731 2695 Ἀν
1755 2644 1903 2714 ὠμὸς

233 2722 330 2775 καὶ
359 2720 672 2792 ἀνελεήμων
700 2721 788 2797 ᾗς,
818 2725 1190 2796 ἀναμνήσθητι
1215 2727 1323 2780 τῶν
1349 2727 1631 2800 παρθένων
1659 2733 1898 2799 ἐκείνων,

231 2806 311 2872 αἳ,
353 2807 459 2861 τῶν
501 2808 795 2880 λαμπάδων
830 2812 1005 2865 αὐτῶν
1047 2813 1370 2868 σϐεσθεισῶν
1409 2815 1497 2869 διά
1537 2818 1599 2870 τὸ
1644 2818 1718 2891 μὴ
1758 2819 1902 2890 ἔχειν

230 2894 431 2961 ἔλαιον,
459 2895 552 2950 τοῦ
592 2898 875 2969 νυμφῶνος
905 2899 1180 2967 ἐξέπεσον,
1211 2902 1304 2954 καὶ
1335 2905 1543 2973 ταχέως
1575 2905 1675 2977 ἔσῃ
1713 2908 1899 2975 φιλάν-

230 2980 467 3054 θρωπος.
500 2986 596 3037 Ἂν
628 2986 847 3055 μεθύειν
875 2988 968 3041 καὶ
998 2990 1207 3059 τρυφᾷν
1234 2989 1525 3061 ἐπιθυμῇς,
1554 2993 1780 3047 ἄκουσον
1805 2995 1898 3049 τοῦ

230 3072 484 3126 πλουσίου
520 3074 785 3141 λέγοντος,
811 3075 1057 3144 Πέμψον
1082 3076 1364 3145 Λάζαρον,
1405 3080 1491 3131 ἵνα
1525 3079 1678 3151 ἄκρῳ
1706 3083 1782 3154 τῷ
1808 3083 1900 3138 δα-

228 3160 408 3231 κτύλῳ
449 3160 730 3233 καταψύξῃ
779 3162 876 3233 τὴν
912 3164 1342 3236 τηγανιζομένην
1386 3166 1656 3238 γλῶσσαν,
1699 3171 1794 3224 καὶ
1837 3172 1899 3225 οὐ

223 3248 582 3319 τυγχάνοντος
615 3250 715 3319 τῆς
737 3250 1024 3320 αἰτήσεως,
1052 3253 1144 3305 καὶ
1160 3254 1365 3323 ταχέως
1381 3257 1665 3329 ἀποστήσῃ
1680 3259 1773 3311 τοῦ
1794 3260 1900 3313 πά-

226 3335 351 3400 θους
383 3336 555 3410 [294].
600 3338 709 3391 Καὶ
740 3339 807 3391 τά
850 3338 984 3393 ἄλλα
1015 3339 1071 3393 δὲ
1107 3340 1283 3394 πάντα
1318 3342 1494 3413 τούτῳ
1535 3345 1898 3417 κατορθώσεις

222 3423 301 3493 τῷ
328 3425 515 3496 τρόπῳ
543 3438 556 3452 ·
589 3425 740 3478 οὐδὲν
772 3428 880 3496 γὰρ
908 3426 1161 3497 φορτικὸν
1200 3428 1460 3494 ἐπέταξεν
1485 3432 1513 3482 ό
1536 3429 1687 3494 Θεός.
1726 3432 1897 3486 Πόθεν

222 3506 316 3564 οὖν
346 3512 576 3582 φορτικά
617 3512 863 3580 φαίνεται
903 3513 972 3566 τά
1010 3514 1395 3585 ἐπιτάγματα;
1427 3516 1562 3569 Ἀπὸ
1597 3518 1698 3589 τῆς
1732 3519 1897 3592 ρᾳθυ-

224 3598 354 3669 μίας
384 3599 480 3670 τῆς
512 3600 803 3670 ἡμετέρας.
838 3601 1047 3671 Ὥσπερ
1076 3601 1202 3671 γὰρ,
1239 3602 1335 3655 ἐὰν
1370 3604 1774 3677 σπουδάζωμεν,
1803 3609 1896 3661 καὶ

219 3686 290 3740 τά
325 3686 582 3741 δοκοῦντα
623 3687 793 3759 βαρέα
834 3689 1009 3759 κοῦφα
1048 3689 1200 3745 ἔσται
1240 3692 1335 3743 καὶ
1372 3691 1549 3763 ῥᾴδια,
1578 3691 1770 3761 οὕτως,
1800 3696 1895 3749 ἐὰν

221 3790 575 3863 ῥᾳθυμῶμεν,
596 3794 689 3847 καὶ
707 3794 773 3847 τὰ
792 3795 1001 3867 φορητά
1025 3798 1271 3863 φανεῖται
1291 3795 1524 3852 δύσκολα
1543 3800 1695 3870 ήμῖν.
1718 3801 1895 3873 Ἀπερ

218 3878 436 3933 ἅπαντα
460 3880 825 3949 λογισάμενοι,
860 3884 933 3952 μὴ
968 3883 1095 3946 τοὺς
1126 3884 1447 3956 τρυφῶντας
1481 3887 1892 3959 μακαρίζωμεν,

216 3964 354 4017 ἀλλά
374 3965 434 4017 τὸ
453 3965 603 4027 τέλος
627 3966 803 4019 αὐτῶν
834 3970 1121 4039 ἐννοῶμεν.
1142 3972 1155 3992 ’
1170 3971 1415 4025 Ενταῦθα
1440 3973 1539 4044 μὲν
1563 3976 1673 4044 γάρ
1691 3975 1893 4045 κόπρος

216 4052 317 4107 καὶ
358 4052 716 4128 πολυσαρκία,
752 4056 867 4107 ἐκεῖ
894 4056 950 4108 δὲ
982 4056 1198 4128 σκώληξ
1224 4058 1317 4112 καὶ
1358 4058 1487 4131 πῦρ.
1517 4062 1610 4131 Μὴ
1638 4064 1763 4125 τοὺς
1791 4064 1892 4134 ἀρ-

216 4140 509 4205 πάζοντας,
550 4140 684 4193 ἀλλά
714 4140 767 4193 τί
796 4142 855 4195 τὸ
882 4143 1034 4207 τέλος
1066 4145 1264 4200 αὐτῶν.
1306 4146 1574 4201 Ἐνταῦθα
1614 4150 1893 4221 φροντίδες

216 4248 310 4300 καὶ
345 4246 518 4315 πόνοι,
563 4249 681 4301 ἐκεῖ
723 4248 897 4320 δεσμά
937 4249 1106 4303 ἀλυτα
1138 4251 1232 4304 καὶ
1268 4250 1457 4315 σκότος
1485 4252 1769 4325 ἐξώτερον.
1798 4255 1890 4327 Μὴ

211 4338 339 4399 τοὺς
380 4335 535 4407 δόξης
561 4337 823 4407 ἐρῶντας,
868 4336 1003 4391 ἀλλὰ
1036 4339 1088 4393 τί
1116 4339 1177 4391 τὸ
1208 4338 1359 4403 τέλος
1386 4340 1583 4395 αὐτῶν.
1628 4342 1890 4397 Ἐνταῦθα

211 4424 424 4479 δουλεία
453 4424 546 4481 καὶ
574 4425 844 4496 εἰρωνεία,
873 4428 989 4480 ἐκεῖ
1020 4426 1191 4499 ζημία
1220 4428 1385 4499 πολλὴ
1426 4430 1519 4484 καὶ
1548 4429 1609 4483 τὸ
1643 4431 1885 4503 διηνεκὲς

210 4512 627 4585 ἐμπυρίζεσθαι.
649 4514 747 4569 Ἂν
769 4512 939 4578 οὕτως
957 4517 1169 4579 ἑαυτοῖς
1189 4516 1581 4589 διαλεγώμεθα,
1605 4520 1887 4574 καὶταῦτα

210 4602 306 4655 καὶ
332 4601 403 4657 τὰ
427 4600 650 4655 τοιαῦτα
684 4602 920 4673 συνεχῶς
953 4604 1243 4674 ἐπᾴδωμεν
1273 4607 1390 4668 ταῖς
1434 4608 1695 4676 πονηραῖς
1729 4607 1886 4677 ήμῶν

208 4691 547 4763 ἐπιθυμίαις,
579 4691 789 4763 ταχέως
814 4691 908 4744 καὶ
941 4692 1139 4746 κακίαν
1173 4692 1523 4765 ἐκφύγωμεν,
1561 4693 1655 4747 καὶ
1685 4696 1884 4766 ἀρετὴν

208 4779 653 4853 κατορθώσομεν,
687 4780 781 4832 καὶ
812 4780 903 4832 τὸν
938 4780 1047 4831 τῶν
1076 4781 1355 4851 παρόντων
1382 4782 1560 4855 ἐρωτα
1594 4781 1881 4853 σϐέσομεν,

207 4871 302 4924 καὶ
333 4870 426 4923 τὸν
458 4870 566 4923 τῶν
610 4868 911 4940 μελλόντων
948 4868 1243 4938 ἀνάψομεν.
1286 4870 1351 4923 Τί
1383 4871 1491 4941 γὰρ
1522 4871 1636 4942 ἔχει
1677 4870 1748 4925 τά
1782 4890 1883 4926 πα-

210 4959 371 5030 ρόντα
406 4958 644 5030 βέϐαιον,
670 4957 703 5029 ἢ
736 4956 787 5010 τί
816 4957 964 5024 ξένον
990 4960 1078 5010 καὶ
1113 4958 1434 5029 παράδοξον,
1462 4961 1543 5016 ὅτι
1572 4962 1751 5014 πᾶσαν
1782 4960 1881 5032 τὴν

207 5047 441 5117 σπουδὴν
467 5048 547 5111 εἰς
577 5046 717 5101 αὐτὰ
743 5045 1148 5115 ἀναλίσκωμεν;
1175 5047 1308 5116 Οὐχὶ
1332 5047 1401 5101 τά
1429 5046 1569 5101 αὐτὰ
1591 5048 1879 5115 διαπαντὸς

202 5136 419 5205 ὁρῶμεν
448 5134 915 5207 ἀνακυκλούμενα,
940 5128 1051 5187 οἷον
1101 5134 1283 5207 ήμέρα
1328 5135 1423 5189 καὶ
1472 5134 1586 5200 νὺξ,
1637 5137 1731 5202 νὺξ
1784 5138 1878 5193 καὶ

201 5227 403 5295 ἡμέρα,
436 5224 641 5295 χειμὼν
670 5224 764 5278 καὶ
799 5223 974 5295 θέρος,
1011 5221 1166 5293 θέρος
1196 5222 1289 5276 καὶ
1326 5220 1550 5292 χειμὼν,
1585 5223 1679 5275 καὶ
1716 5222 1876 5278 πλέον

201 5313 381 5378 οὐδέν;
432 5312 751 5383 Ἀνάψωμεν
794 5313 970 5366 τοίνυν
1020 5310 1128 5364 τῶν
1176 5309 1473 5381 μελλόντων
1518 5309 1735 5378 ἀγαθῶν
1782 5310 1874 5365 τὸν

202 5401 385 5454 πόθον.
428 5402 651 5471 Μεγάλη
696 5401 804 5472 γάρ
849 5401 1135 5455 ἀπόκειται
1172 5398 1297 5465 δόξα
1332 5401 1442 5461 τοῖς
1484 5397 1747 5464 δικαίοις,
1779 5400 1873 5454 καὶ
1929 5445 1939 5460 ,

200 5491 267 5559 ἣν
294 5490 394 5543 οὐκ
422 5488 500 5541 ἐνι
528 5490 874 5561 παραστῆσαι
900 5489 1060 5558 λόγῳ.
1093 5486 1175 5540 Τά
1204 5486 1312 5557 γάρ
1344 5484 1572 5557 σώματα
1603 5487 1741 5558 μετά
1771 5488 1870 5558 τήν

198 5580 490 5635 ἀνάστασιν
553 5577 913 5639 ἀπολαϐόντες
968 5576 1243 5647 ἄφθαρτα,
1305 5572 1714 5643 συνδοξάζονται
1780 5578 1869 5630 καὶ

202 5664 653 5739 συμϐασιλεύουσι
682 5665 757 5737 τῷ
789 5665 1027 5737 Χριστῷ.

2030 527 2160 597 ἡμῖν
2189 529 2410 597 ἀγαθῶν
2437 528 2775 601 ἀναχθέντες,
2805 526 3007 600 μικρὰν
3030 524 3157 594 γοῦν
3178 540 3299 576 τινα
3324 520 3577 589 λάϐωμεν
3603 518 3691 571 ἐν-

2030 632 2195 681 νοιαν,
2211 616 2286 680 ώς
2308 616 2371 670 ἂν
2391 611 2499 681 οἷός
2516 635 2573 670 τε
2594 610 2659 682 ὦ,
2682 616 3024 687 παραστῆσαι
3043 611 3372 682 πειράσομαι
3396 608 3455 661 τὸ
3479 606 3689 676 λεχθέν.

2028 703 2163 757 Εἰπὲ
2189 705 2296 775 γάρ
2327 722 2437 775 μοι,
2465 704 2520 758 εῖ
2540 705 2624 768 τίς
2649 722 2708 757 σε
2731 702 3097 774 γεγηρακότα,
3127 701 3221 754 καὶ
3252 700 3308 752 ἐν
3333 696 3492 767 πενίᾳ
3513 693 3690 759 ζῶντα

2028 793 2388 864 ἐπηγγέλλετο
2410 796 2654 865 ποιήσειν
2678 792 2935 862 ἐξαίφνης
2960 790 3093 854 νέον,
3123 788 3217 842 καὶ
3244 789 3325 850 εἰς
3351 784 3519 855 αὐτὴν
3539 784 3688 847 ἄξειν

2026 879 2128 949 τῆς
2157 880 2372 950 ⁴ήλικίας
2398 882 2498 953 τὴν
2527 880 2728 952 ἀκμὴν,
2765 880 2860 933 κα)⁵
2892 878 3093 949 σφόδρα
3126 875 3343 946 ἰσχυρὸν
3367 873 3460 927 καὶ
3489 873 3687 943 ὡραῖον

2028 968 2166 1039 ὑπὲρ
2210 969 2419 1031 πάντας
2444 969 2893 1031 κατασκευάσειν,
2924 966 3017 1020 καὶ
3059 962 3332 1035 βασιλείαν
3358 959 3549 1013 δώσειν
3589 961 3689 1028 τῆς

2025 1055 2128 1126 γῆς
2157 1056 2372 1127 ἀπάσης
2393 1056 2485 1110 ἐπὶ
2509 1056 2651 1109 ἔτεσι
2684 1055 2889 1126 χιλίοις,
2917 1051 3192 1124 βασιλείαν
3214 1050 3435 1122 εἰρήνην
3461 1047 3688 1117 ἔχουσαν

2026 1142 2350 1214 βαθυτάτην,
2383 1143 2435 1195 τί
2459 1144 2558 1196 οὐκ
2582 1143 2647 1197 ἂν
2679 1142 2818 1214 ὑπὲρ
2849 1141 3049 1212 ταύτης
3076 1139 3216 1192 εἵλου
3245 1137 3343 1206 τῆς
3380 1133 3687 1196 ὑποθέσεως

2023 1230 2117 1283 καὶ
2158 1231 2380 1302 ποιῆσαι
2420 1233 2512 1284 καὶ
2552 1231 2771 1293 παθεῖνς
2815 1229 2944 1283 Ἰδοὺ
2982 1229 3177 1284 τοίνυν.
3219 1228 3248 1279 ὀ
3290 1223 3523 1294 Χριστὸς
3565 1222 3686 1290 οὐχὶ

2020 1317 2214 1381 ταῦτα,
2261 1318 2396 1371 ἀλλά
2440 1319 2617 1389 πολλῷ
2664 1318 2881 1389 μείζονα
2924 1317 3126 1371 τούτων
3165 1311 3577 1381 ἐπαγγέλλεται,
3608 1310 3683 1361 Οὐ

2021 1408 2129 1479 γάρ
2156 1410 2279 1461 ὅσον
2308 1410 2492 1479 γήρως
2513 1410 2608 1462 καὶ
2630 1408 2875 1478 νεότητος
2906 1408 2965 1461 τὸ
3000 1405 3180 1476 μέσον,
3206 1401 3454 1456 τοσοῦτον
3480 1399 3684 1469 φθορᾶς

2022 1498 2117 1550 καὶ
2145 1496 2450 1568 ἀφθαρσίας
2472 1497 2533 1549 τὸ
2559 1497 2808 1568 διάφορον
2837 1515 2852 1529 ο
2881 1495 2999 1549 οὐδὲ
3028 1495 3148 1547 ὅσον
3176 1490 3444 1562 βασιλείας
3470 1489 3565 1541 καὶ
3592 1504 3684 1538 πε-

2021 1584 2158 1648 νίας,
2185 1584 2435 1639 τοσοῦτον
2460 1585 2559 1655 τῆς
2581 1584 2735 1655 δόξης
2762 1584 2861 1656 τῆς
2892 1581 3166 1652 παρούσης
3202 1580 3296 1632 καί
3326 1578 3426 1647 τῆς
3461 1574 3685 1646 μελλού-

2021 1690 2121 1743 σης
2150 1689 2166 1703 ’
2199 1673 2315 1726 ἀλλ’
2348 1674 2471 1726 ὅσον
2500 1673 2790 1753 ὀνειράτων
2822 1671 2914 1726 καὶ
2945 1668 3222 1741 ἀληθείας.
3258 1664 3472 1720 Μᾶλλον
3502 1663 3558 1716 δέ
3590 1663 3683 1715 ού-

2017 1740 2106 1815 δέν
2136 1760 2343 1814 οὐδέπω
2375 1740 2573 1832 εἴρηκά
2604 1740 2627 1792 ’⁷
2658 1760 2777 1814 οὐδὲ
2806 1759 2915 1830 γάρ
2944 1759 3059 1810 ἐστι
3095 1756 3250 1823 λόγος
3288 1753 3468 1816 ἱκανὸς
3497 1768 3681 1821 παρα·-

2020 1851 2213 1921 στῆσαι
2253 1849 2315 1901 τὸ
2348 1849 2577 1919 μέγεθος
2600 1848 2699 1919 τῆς
2725 1848 2982 1918 διαφορᾶς
3007 1844 3115 1898 τῶν
3142 1841 3413 1913 ἐσομένων
3446 1839 3579 1910 πρὸς
3611 1839 3683 1891 τὰ

2018 1937 2277 2009 παρόντα.
2308 1937 2518 2008 Χρόνου
2564 1936 2620 1991 δέ
2667 1937 2850 1990 ἐνεκεν
2874 1974 2889 1999 ,
2929 1933 3049 1988 οὑδέ
3075 1932 3225 2004 [2951
3250 1930 3501 2001 ἐννοῆσαι
3542 1928 3680 1991 ὅλως

2018 2022 2133 2077 ἐστι
2158 2024 2435 2097 διαφοράν.
2465 2024 2591 2089 Πῶς
2621 2024 2728 2096 γάρ
2764 2024 2828 2079 ἄν
2860 2040 2945 2086 τις
2978 2020 3278 2092 παραϐάλοι
3303 2020 3415 2081 τοῖς
3444 2015 3681 2085 παροῦσι

2016 2110 2161 2183 ζωὴν
2203 2115 2377 2183 πέρας
2418 2113 2518 2167 οὐκ
2555 2112 2813 2184 ἐχουσανς
2853 2111 2963 2181 Τῆς
3003 2110 3060 2163 δέ
3096 2109 3317 2179 εἰρήνης
3353 2103 3573 2181 τοσοῦτο
3616 2101 3681 2155 τὸ

2017 2199 2200 2269 μέσον,
2230 2201 2352 2255 ὅσον
2378 2203 2599 2273 εἰρήνης
2635 2202 2728 2256 καὶ
2760 2199 2995 2271 πολέμου
3027 2199 3086 2252 τὸ
3122 2199 3375 2267 διάφορον
3406 2210 3421 2226 ο
3452 2194 3547 2248 καὶ
3580 2193 3679 2263 τῆς

2013 2287 2217 2359 φθορᾶς
2240 2289 2447 2362 καὶτῆς
2470 2289 2794 2361 ἀφθαρσίας,
2818 2289 2938 2341 ὅσον
2962 2286 3129 2357 βώλου
3151 2285 3379 2355 πηλίνης
3394 2282 3423 2335 ὁ
3440 2281 3679 2351 καθαρὸς

2015 2378 2358 2450 μαργαρίτης
2388 2379 2646 2449 ἀμείνων.
2670 2377 2882 2431 Μᾶλλον
2910 2375 2988 2438 δὲ,
3018 2376 3117 2428 ὅσα
3147 2374 3212 2428 ἂν
3235 2375 3366 2446 εἴπῃ
3396 2389 3498 2435 τις,
3524 2369 3679 2423 οὐδὲν

2012 2465 2355 2535 παραστῆσαι
2369 2464 2673 2535 δυνήσεται.
2686 2461 2802 2516 Κάν
2817 2463 2924 2533 γάρ
2935 2461 3011 2533 τῷ
3026 2461 3125 2531 τῆς
3144 2462 3359 2522 ἀκτῖνος
3377 2456 3678 2529 παραϐάλω

2010 2551 2148 2618 φωτὶ
2162 2551 2222 2603 τὸ
2247 2551 2439 2614 κάλλος
2459 2552 2564 2604 τῶν
2595 2551 2715 2605 τότε
2740 2550 3024 2621 σωμάτων,
3053 2549 3154 2604 κᾶν
3182 2550 3434 2620 ἀστραπῇ
3466 2549 3535 2616 τῇ
3569 2563 3677 2614 φα-

2009 2637 2223 2709 νοτάτη,
2241 2638 2390 2691 οὐδὲν
2405 2638 2611 2692 οὐδέπω
2625 2639 2722 2709 τῆς
2737 2638 3112 2709 λαμπρότητος
3138 2635 3350 2707 ἐκείνης
3371 2635 3517 2701 ἀξιον
3542 2633 3671 2703 ἐρῶ.

2020 2725 2191 2799 Ὑπὲρ
2214 2726 2277 2797 δὴ
2302 2726 2504 2781 τούτων
2537 2728 2678 2781 πόσα
2704 2727 2804 2781 οὐκ
2831 2727 2978 2791 ἀξιον
3006 2724 3267 2798 προέσθαι
3300 2724 3557 2795 χρήματα
3578 2720 3676 2773 καὶ

2010 2813 2233 2885 σώματα
2250 2832 2263 2880 ;
2287 2815 2483 2885 μᾶλλον
2504 2816 2560 2868 δέ
2581 2815 2751 2879 πόσας
2770 2815 2869 2868 οὐκ
2884 2814 3029 2878 ἄξιον
3048 2813 3303 2884 προέσθαι
3323 2810 3525 2881 ψυχάς;
3554 2808 3675 2863 Νῦν

2007 2901 2093 2965 δὲ,
2130 2903 2179 2955 εἰ
2225 2903 2323 2973 μέν
2366 2904 2450 2967 τίς
2490 2922 2549 2957 σε
2595 2906 2674 2967 εἰς
2712 2902 2959 2974 βασίλεια
2999 2903 3275 2974 εἰσήγαγε,
3318 2899 3409 2952 καὶ
3450 2898 3673 2951 πάντων

2008 2987 2286 3057 παρόντων
2311 2987 2647 3059 διαλεχθῆναί
2680 3005 2760 3041 σοι
2789 2986 2878 3041 τὸν
2907 2987 3125 3057 βασιλέα
3150 2982 3547 3055 παρεσκεύασε,
3575 2984 3674 3037 καὶ

2005 3075 2376 3147 ὁμοτράπεζον
2416 3075 2561 3146 αὐτῷ
2593 3077 2685 3132 καὶ
2722 3074 3021 3146 ὁμοδίαιτον
3061 3073 3307 3143 ἐποίησε,
3349 3072 3566 3126 πάντων
3606 3071 3674 3124 ἂν

2006 3160 2143 3232 ἐφης
2184 3163 2377 3216 σαυτὸν
2422 3162 2559 3217 εἶναι
2603 3162 3013 3235 μακαριώτερον
3049 3180 3063 3194 ο
3104 3163 3183 3224 εἰς
3223 3160 3280 3213 δέ
3321 3159 3413 3213 τδν
3444 3160 3675 3230 οὐρανὸν

2010 3248 2215 3319 μέλλων
2255 3249 2552 3321 ἀναϐῆναι,
2582 3251 2673 3302 καλ⁴
2709 3248 2837 3320 παρ’
2866 3248 3026 3303 αὑτὸν
3063 3246 3283 3301 ἐστάναι
3316 3247 3408 3299 τὸν
3449 3244 3674 3315 βασιλέα

2004 3333 2112 3387 τῶν
2139 3334 2294 3397 ὅλων,
2318 3336 2411 3388 καὶ
2437 3338 2551 3399 τοῖς
2575 3336 2827 3405 ἀγγέλοις
2853 3334 3228 3405 ἀντιλάμπειν,
3256 3333 3348 3387 καί
3376 3332 3477 3402 τῆς
3503 3334 3673 3403 impo-

2006 3421 2152 3474 σίτου
2182 3420 2338 3491 δόξης
2360 3423 2651 3477 ἀπολαύειν
2676 3423 2909 3493 ἐκείνης,
2935 3420 3293 3492 ἀμφιϐάλλεις
3317 3421 3366 3473 εἰ
3393 3420 3501 3473 δέοι
3534 3437 3670 3490 προ-

2006 3507 2157 3561 έσθαι
2199 3508 2483 3580 χρήματα,
2509 3509 2646 3574 δέον,
2677 3511 2724 3563 εί
2757 3509 2851 3562 καὶ
2876 3508 2973 3578 τὴν
3008 3505 3152 3577 ζωὴν
3192 3506 3360 3577 αὐτὴν
3400 3508 3672 3561 ἀποδύσα-

2004 3594 2126 3648 σθαι
2155 3595 2289 3659 ἐδει.
2326 3599 2550 3669 σκιρτᾷν
2583 3598 2674 3651 καὶ
2704 3597 3028 3665 ἀγάλλεσθαι
3070 3597 3163 3650 καὶ
3194 3595 3522 3668 πτεροῦσθαι
3567 3596 3671 3650 ὑπὸ

2000 3683 2100 3754 τῆς
2125 3684 2349 3755 ήδονῆς;
2374 3686 2446 3739 Σὺ
2475 3685 2555 3751 δέ,
2573 3685 2658 3738 ἴνα
2686 3685 2785 3756 μὲν
2811 3686 2984 3757 ἀρχὴν
3004 3685 3175 3756 λάϐῃς
3200 3684 3299 3756 τὴν
3325 3684 3669 3754 παρέχουσάν

2002 3788 2083 3825 σοι
2126 3772 2340 3826 κλοπῶν
2384 3773 2636 3845 ἀφορμὰς
2680 3774 2761 3843 (οὐ
2806 3774 2913 3843 γὰρ
2954 3773 3140 3844 κέρδος
3180 3773 3241 3826 τὸ
3280 3771 3515 3826 τοιοῦτον
3557 3770 3669 3839 ἐγὼ

2001 3877 2193 3947 καλῶ),
2219 3880 2313 3933 καὶ
2339 3878 2407 3933 τά
2438 3880 2565 3933 ὄντα
2587 3879 2883 3944 ἐκϐάλλεις,
2915 3880 3009 3933 καὶ
3038 3878 3105 3932 τὰ
3131 3880 3330 3950 ἐτέρων
3352 3878 3665 3947 δανεισάμε-

2000 3985 2110 4034 νος,
2140 3969 2188 4021 εἰ
2217 3968 2343 4032 δέοι,
2374 3969 2465 4021 καὶ
2490 3968 2589 4038 τὴν
2622 3969 2855 4035 γυναῖκα
2885 3968 2979 4021 καὶ
3001 3967 3070 4021 τὰ
3091 3967 3254 4021 τέκνα
3285 3965 3572 4019 ὑποθέσθαι
3601 3966 3664 4017 οὐ

1999 4058 2301 4120 κατοκνεῖς,
2336 4056 2435 4126 τῆς
2463 4057 2521 4109 δὲ
2555 4056 2824 4127 βασιλείας
2855 4056 2965 4109 τῶν
2996 4056 3240 4126 οὐρανῶν
3269 4054 3664 4125 προκειμένης,

1995 4143 2095 4213 τῆς
2120 4142 2311 4198 οὐδένα
2344 4143 2583 4214 διάδοχον
2622 4143 2851 4213 ἐχούσης
2879 4143 3070 4215 ἀρχῆς,
3112 4145 3287 4206 ὀκνεῖς
3327 4143 3420 4195 καὶ
3458 4141 3665 4212 ἀναδύη

1997 4231 2092 4285 καὶ
2138 4231 2273 4302 πρὸς
2307 4233 2560 4302 χρήματα
2592 4232 2852 4303 κέχηνας;
2886 4233 2979 4285 καὶ
3006 4232 3104 4284 οὐκ
3146 4232 3365 4295 ἐννοεῖς,
3395 4232 3477 4283 ὃτι
3512 4231 3562 4283 εἰ
3597 4232 3666 4283 τά

1996 4319 2133 4390 πρὸς
2161 4321 2306 4390 ἡμᾶς
2336 4320 2430 4372 τοῦ
2473 4320 2699 4392 οὐρανοῦ
2745 4322 2885 4392 μέρη
2930 4320 3071 4375 οὕτω
3119 4321 3259 4375 καλά
3297 4321 3392 4374 καί
3434 4320 3661 4391 τερπνά,

1995 4408 2157 4477 ήλίκα
2197 4407 2265 4461 τά
2307 4408 2574 4473 ἀνώτατα,
2610 4410 2703 4462 καὶ
2743 4412 2771 4463 ό
2818 4409 2911 4462 τοῦ
2956 4410 3185 4480 οὐρανοῦ
3224 4410 3485 4480 ούρανὸς;

2067 4496 2208 4547 Ἀλλ’
2262 4496 2447 4567 ἐπειδὴ
2484 4501 2810 4568 σωματικοῖς
2858 4498 3149 4568 ὀφθαλμοῖς
3192 4498 3361 4551 ταῦτα
3399 4498 3524 4551 ἰδεῖν
3566 4499 3662 4551 οὐκ

1994 4581 2159 4645 ἐστιν,
2183 4584 2411 4656 ἀνάϐηθι
2436 4585 2514 4655 τῷ
2542 4585 2803 4657 λογισμῷ,
2828 4587 2920 4640 καὶ
2949 4588 3087 4659 ὑπὲρ
3111 4586 3203 4640 τὸν
3227 4588 3453 4659 οὐρανὸν
3476 4586 3664 4642 τοῦτον

1994 4670 2144 4733 στάς,
2173 4669 2468 4740 ἀνάϐλεψον
2494 4674 2574 4736 εἰς
2589 4674 2791 4727 ἐκεῖνον
2812 4673 2903 4728 τὸν
2926 4674 3179 4747 ἀνωτέρω
3200 4674 3391 4729 τούτου
3411 4676 3660 4748 οὐρανὸν,

1992 4761 2072 4823 εἰς
2088 4757 2148 4813 τὸ
2162 4758 2293 4828 ὕψος
2316 4758 2377 4811 τὸ
2402 4759 2643 4831 ἄπειρον,
2670 4762 2749 4825 εἰς
2775 4760 2835 4814 τὸ
2863 4762 2976 4830 φῶς
2998 4762 3060 4815 τὸ
3082 4763 3396 4835 ἀπρόσιτον,
3430 4766 3511 4828 εἰς
3537 4766 3663 4829 τοὺς

1989 4865 2191 4935 δήμους
2219 4863 2327 4917 τῶν
2358 4865 2624 4932 ἀγγέλων,
2652 4867 2731 4929 εἰς
2746 4865 2843 4930 τὰς
2860 4864 3040 4931 τάξεις
3054 4868 3161 4920 τῶν
3180 4869 3556 4939 ἀρχαγγέλων,
3584 4872 3661 4933 εἰς

1987 4954 2085 5016 τὰς
2112 4952 2273 5014 ἀλλας
2297 4952 2554 5021 δυνάμεις
2578 4952 2674 5016 τάς
2706 4954 3028 5024 ἀσωμάτους
3047 4972 3062 4987 ο
3095 4956 3186 5008 καὶ
3216 4956 3378 5009 πάλιν
3400 4956 3659 5010 ἐπιλαϐοῦ

1987 5044 2083 5112 τῆς
2108 5040 2238 5110 παρ’
2266 5041 2397 5112 ἡμῖν
2430 5039 2655 5104 εἰκόνος,
2687 5041 2930 5105 καταϐάς
2964 5041 3190 5104 ἀνωθεν,
3221 5042 3317 5095 καὶ
3348 5044 3665 5114 ὑπόγραψόν

1990 5128 2171 5199 μοιτά
2200 5127 2326 5198 περὶ
2354 5126 2443 5180 τὸν
2473 5127 2694 5197 βασιλέα
2728 5129 2819 5181 τὸν
2860 5129 2951 5183 ἐπὶ
2982 5130 3105 5200 γῆς,
3135 5125 3265 5195 οἷον,
3294 5131 3495 5203 ἄνδρας
3525 5151 3658 5202 χρυ-

1986 5216 2366 5291 σοφοροῦντας,
2401 5217 2495 5269 καὶ
2522 5212 2713 5285 ζεῦγος
2736 5216 2945 5272 λευκῶν
2973 5219 3213 5288 ἡμιόνων
3239 5219 3424 5289 χρυσῷ
3451 5221 3655 5274 καλλω·

1984 5304 2288 5374 πιζομένων
2332 5304 2425 5356 καὶ
2465 5304 2647 5374 δχημα
2677 5303 3071 5374 λιθοκόλλητον,
3104 5307 3197 5359 καί
3236 5307 3446 5360 πέταλα
3478 5308 3655 5380 τούτῳ

1983 5409 2050 5445 πε
2059 5392 2226 5461 ρισειό
2233 5408 2388 5461 μενα,
2409 5392 2501 5443 καί
2514 5391 2810 5462 δράκοντας
2827 5393 2884 5446 ἐν
2904 5393 3138 5463 ἱματίοις
3152 5409 3253 5464 σχη
3262 5394 3657 5464 ματιζομένους

1982 5496 2242 5566 σηρικοῖς,
2271 5496 2363 5549 καὶ
2392 5494 2619 5557 ἀσπίδας
2655 5497 2888 5566 χρυσοῦς
2915 5496 3143 5566 ἐχούσας
3171 5498 3504 5568 ὀφθαλμοὺς,
3550 5502 3647 5553 καὶ.

1983 5581 2178 5646 ἵππους
2222 5584 2719 5654 χρυσοφοροῦντας,
2772 5584 2865 5636 καὶ
2916 5584 3165 5654 χαλινοὺς
3213 5586 3467 5655 χρυσοῦς.
3507 5588 3645 5641 Ἀλλ’

1981 5673 2107 5726 ὅταν
2140 5670 2231 5723 τὸν
2269 5670 2488 5740 βασιλέα
2532 5671 2745 5742 ἴδωμεν,
2773 5671 2923 5725 οὐδὲν
2954 5671 3155 5727 τούτων
3183 5671 3398 5741 δρῶμεν
3428 5674 3630 5731 λοιπόν·
