4126 6294
413 447 551 492 rent.
599 436 814 490 Etiamsi
846 434 958 491 Noe
1000 432 1191 499 fuerit,
1238 432 1324 488 vel
1350 431 1481 497 Job,
1514 430 1595 485 vel
1637 429 1860 495 Daniel,
1890 427 1983 498 qui

410 542 537 584 suos
577 526 812 581 viderint
865 527 1129 596 supplicio
1178 526 1433 591 affectos,
1478 538 1585 579 non
1637 521 1834 577 audent
1883 521 1987 575 illis

405 619 643 685 adstare,
671 625 727 672 et
764 630 980 670 manum
1024 616 1315 685 porrigere.
1359 614 1572 670 Naturae
1598 612 1795 683 quippe
1837 627 1986 666 com-

406 708 808 766 miserationem
831 718 957 762 tunc
977 708 1173 762 auferri
1204 706 1479 775 contingit.
1510 705 1642 773 Quia
1667 705 1809 772 enim
1834 718 1988 773 repe-

392 801 613 873 ἰι’ἰιιηιυι·
652 798 784 867 justi
843 806 1181 867 peccatorum
1236 796 1468 850 filiorum
1525 804 1741 865 patres,
1792 793 1988 863 ﬁliique

408 892 559 964 probi
584 900 863 962 parentum
893 889 1261 959 improborum
1292 890 1423 958 (non
1451 888 1593 943 enim
1639 898 1861 951 naturae,
1891 886 1987 940 sed

408 984 611 1040 arbitrii
638 984 778 1039 mala
814 981 997 1054 sunt),
1028 991 1088 1036 ut
1115 981 1187 1036 illi
1232 996 1417 1050 puram
1447 980 1676 1035 habeant
1713 979 1947 1034 laetitiam
1968 1018 1984 1043 ,

409 1091 510 1131 nec
555 1076 934 1145 misericordia:
979 1075 1029 1128 vi
1078 1073 1538 1144 frangantur,qui
1590 1072 1695 1127 illis
1743 1072 1989 1126 fruuntur

412 1165 564 1221 bonis
584 1208 600 1234 ,
633 1165 778 1221 illam
821 1174 950 1221 tunc
992 1164 1261 1236 exstingui
1303 1164 1596 1234 contingit,
1625 1163 1831 1233 ipsique
1865 1178 1986 1217 cum

412 1256 636 1313 Domino
660 1267 845 1313 contra
875 1258 1095 1328 propria
1141 1257 1345 1311 viscera
1388 1256 1747 1327 indignantur.
1779 1255 1986 1309 Etenim

412 1348 458 1403 si
488 1362 792 1413 nunc,cum
823 1348 1003 1403 vident
1051 1347 1265 1418 quidam
1317 1347 1453 1403 ﬁlios
1493 1363 1622 1403 suos
1670 1347 1946 1416 improbos
1968 1386 1985 1413 ,

414 1440 556 1508 ipsos
592 1438 915 1494 exheredant
958 1448 1012 1493 et
1052 1452 1082 1492 a
1122 1439 1320 1493 familia
1372 1454 1467 1493 sua
1523 1438 1881 1502 abscindunt,
1935 1437 1989 1492 id

413 1532 576 1587 multo
596 1531 761 1601 magis
790 1532 842 1585 in
864 1530 1066 1601 judicio
1088 1531 1319 1586 eveniet.
1344 1529 1510 1585 Nemo
1531 1530 1708 1601 igitur,
1731 1531 1820 1601 qui
1850 1530 1989 1584 bona

414 1637 519 1677 non
544 1632 818 1699 operetur,
848 1622 1048 1691 aliquid
1078 1622 1203 1677 boni
1238 1630 1439 1691 speret,
1467 1622 1676 1676 etiamsi
1707 1630 1987 1676 sexcentos

412 1713 580 1784 iustos
604 1714 966 1783 progenitores
988 1712 1180 1769 habeat
1209 1730 1222 1767 :
1256 1712 1607 1784 Unusquisque
1633 1714 1763 1767 enim
1786 1717 1984 1783 referet,

414 1803 598 1873 inquit,
628 1818 741 1872 qua:
763 1820 852 1874 per
872 1819 1057 1873 corpus
1080 1812 1198 1858 sunt
1230 1843 1245 1869 ,
1269 1817 1415 1874 prout
1442 1804 1613 1874 gessit,
1644 1804 1746 1858 sive
1776 1804 1985 1871 bonum,

412 1899 515 1951 sive
541 1898 730 1951 malum
755 1897 831 1969 (2.
865 1895 981 1952 Cor.
1010 1898 1062 1953 5.
1100 1897 1211 1967 10).
1236 1898 1560 1964 Audiamus,
1591 1912 1792 1968 quaeso,
1817 1907 1871 1952 et
1898 1912 1989 1952 re-

412 1989 747 2058 sipiscamus.
798 1989 852 2045 Si
898 2005 1074 2059 prava:
1121 1991 1563 2061 concupiscentiae
1610 1991 1733 2061 igne
1779 1991 1988 2058 ardeas,

413 2080 583 2150 cogita
608 2079 746 2134 illius
770 2080 1014 2150 supplicii
1035 2081 1229 2150 ignem,
1252 2088 1308 2135 et
1332 2080 1416 2135 hic
1442 2080 1578 2151 ignis
1600 2083 1987 2152 exstinguetur.

415 2170 471 2226 Si
500 2171 733 2226 volueris
757 2172 883 2242 quid
906 2173 1163 2227 absonum
1195 2173 1361 2243 loqui,
1388 2180 1561 2228 tecum
1584 2183 1768 2243 reputa
1797 2174 1992 2229 strido-

415 2278 526 2317 rem
574 2262 843 2329 dentium,
872 2272 927 2317 et
955 2270 1128 2319 metus
1168 2264 1260 2318 tibi
1298 2263 1432 2320 freni
1460 2266 1580 2320 loco
1609 2266 1736 2321 erit.
1771 2263 1826 2317 Si
1855 2266 1991 2320 alie-

416 2369 541 2411 num
570 2368 762 2424 rapere
784 2354 1038 2421 volueris,
1065 2354 1187 2409 audi
1216 2354 1456 2410 Judicem
1485 2356 1754 2411 dicentem
1779 2374 1791 2408 :
1815 2354 1991 2426 Ligate

417 2462 593 2499 manus
623 2455 670 2498 et
698 2448 848 2516 pedes
877 2447 1007 2517 ejus,
1039 2455 1087 2501 et
1115 2447 1346 2517 projicite
1369 2463 1482 2501 eum
1522 2448 1575 2500 in
1602 2449 1826 2502 tenebras
1851 2456 1991 2501 erste-

416 2537 571 2591 riores
600 2534 809 2606 (Matth.
840 2536 929 2590 22.
956 2537 1069 2608 15),
1095 2547 1150 2593 et
1187 2537 1322 2592 hanc
1358 2537 1575 2608 abjicies
1607 2540 1991 2609 concupiscen-

385 2671 397 2686 .
417 2629 563 2682 tiam.
605 2628 661 2685 Si
696 2628 925 2685 crudelis
955 2639 1008 2686 et
1054 2631 1435 2687 immisericors
1482 2632 1643 2687 fueris
1664 2673 1679 2699 ,
1711 2632 1992 2689 recordare

418 2721 679 2791 virginum
727 2720 937 2775 illarum
959 2764 975 2787 ,
1002 2739 1120 2792 quae
1139 2765 1154 2790 ,
1179 2724 1455 2780 exstinctis
1484 2725 1812 2794 lampadibus
1859 2726 1990 2791 suis,

416 2828 535 2868 cum
564 2830 670 2868 non
696 2813 960 2870 baberent
981 2816 1180 2883 oleum,
1207 2832 1277 2872 ex
1306 2819 1485 2887 sponsi
1509 2818 1738 2873 thalamo
1763 2820 1994 2873 exclusae

415 2914 539 2960 sunt
566 2905 780 2978 (Matth.
806 2906 900 2977 25)
924 2948 941 2972 ,
969 2923 1031 2962 ac
1056 2908 1162 2963 cito
1189 2909 1447 2981 benignus
1472 2911 1687 2965 evades.
1727 2910 1782 2967 Si
1815 2912 1991 2966 ebrie-

419 2999 512 3052 tati
538 3007 592 3053 et
612 3000 1087 3055 comessationibus
1116 3015 1332 3070 operam
1359 3001 1489 3057 dare
1516 3003 1720 3072 cupias,
1752 3002 1875 3057 audi
1901 3003 1985 3058 di-

418 3089 581 3144 vitem
630 3089 930 3156 dicentem,
961 3089 1109 3144 Mitte
1145 3090 1399 3145 Lazarum
1429 3092 1579 3162 (Luc.
1624 3093 1711 3148 t6.
1752 3090 1881 3163 24),
1906 3093 1994 3163 qui

419 3193 629 3236 summo
667 3180 832 3252 digito
880 3181 1164 3253 refrigeret
1214 3182 1457 3238 adustam
1502 3185 1773 3255 linguam,
1823 3200 1995 3256 neque

420 3279 658 3341 aptatum
684 3284 1040 3343 consequutus
1060 3284 1160 3341 est,
1188 3284 1242 3331 et
1268 3277 1446 3331 statim
1478 3276 1547 3330 ab
1567 3276 1669 3331 hoc
1687 3276 1994 3346 cupiditatis
2033 3272 2039 3278 ’

420 3363 608 3418 morbo
633 3364 908 3419 averteris.
926 3364 1131 3420 Caetera
1152 3382 1363 3437 quoque
1388 3368 1565 3423 omnia
1589 3369 1798 3424 virtutis
1817 3368 1993 3425 ofﬁcia

426 3457 506 3511 sic
534 3457 840 3526 exsequeris
873 3475 886 3511 :
917 3458 1043 3513 nihil
1074 3460 1214 3514 enim
1242 3475 1525 3515 onerosum
1553 3461 1692 3516 Deus
1722 3464 1991 3532 praecepit.

421 3549 573 3606 Unde
619 3552 777 3621 igitur
831 3563 1087 3622 praecepta
1135 3568 1360 3608 onerosa
1411 3568 1531 3609 esse
1581 3555 1871 3609 videntur?
1918 3555 1995 3609 Ex

422 3642 643 3713 segnitie
664 3651 866 3697 nostra.
887 3644 1341 3711 Quemadmodum
1369 3647 1510 3701 enim
1539 3647 1584 3699 si
1613 3646 1848 3701 studiose
1869 3647 1993 3701 dili-

418 3742 709 3803 genterque
749 3749 996 3804 agamus,
1023 3752 1141 3806 qua:
1180 3737 1428 3792 videntur
1466 3752 1586 3792 esse
1623 3738 1823 3808 gravia,
1857 3738 1993 3794 levia

418 3821 699 3893 faciliaque
739 3834 932 3879 erunt:
960 3827 1071 3890 sic,
1104 3826 1148 3881 si
1201 3827 1433 3897 segniter
1458 3843 1675 3897 agamus
1695 3868 1708 3891 ,
1741 3828 1993 3883 tolerabi-

417 3915 552 3971 liora
572 3932 783 3987 quoque
824 3917 1059 3972 difﬁcilia
1103 3918 1256 3973 nobis
1286 3917 1626 3973 videbuntur.
1658 3918 1786 3985 Qua:
1814 3920 1993 3975 omnia

416 4007 691 4062 nobiscum
714 4015 1044 4077 reputantes,
1075 4024 1143 4064 ne
1168 4009 1355 4064 beatos
1381 4010 1501 4064 illos
1531 4010 1879 4079 prtedicemus
1903 4013 1992 4081 qui

416 4098 557 4152 lauta
585 4098 833 4153 fruuntur
860 4114 1065 4163 mensa,
1089 4100 1183 4154 sed
1227 4100 1440 4154 illorum
1472 4100 1636 4156 finem
1670 4103 1989 4173 cogitemus.

416 4188 547 4244 Nam
573 4188 659 4245 hic
680 4198 887 4246 stercus
906 4201 960 4246 et
982 4190 1265 4262 pinguedo,
1298 4191 1408 4246 illic
1433 4195 1628 4247 vermis
1649 4201 1704 4247 et
1735 4193 1891 4261 ignis.
1915 4192 1993 4248 Ne

416 4292 676 4352 raptores,
697 4283 792 4340 sed
812 4300 997 4340 eorum
1019 4284 1179 4340 ﬁnem
1209 4285 1483 4341 nobiscum
1512 4296 1837 4357 reputemus.
1858 4287 1990 4342 Nam

416 4376 502 4431 hic
547 4376 936 4434 sollicitudines
964 4387 1019 4433 et
1054 4377 1283 4443 labores,
1313 4379 1422 4434 illic
1442 4379 1648 4434 vincula
1689 4381 1990 4437 insolubilia

417 4474 472 4520 et
494 4467 731 4522 tenebras
756 4469 1069 4524 exteriores.
1092 4468 1169 4524 Ne
1196 4469 1377 4540 gloriae
1409 4469 1655 4525 humanm
1683 4481 1987 4537 amatores;

416 4557 504 4614 sed
533 4558 652 4630 quis
679 4559 749 4614 sit
773 4574 956 4615 eorum
983 4561 1175 4628 exitus,
1190 4560 1608 4617 consideremus.
1634 4562 1729 4617 Hic
1753 4564 1989 4619 servitus

414 4661 469 4707 et
495 4652 665 4721 fucus,
696 4652 805 4707 illic
831 4653 1082 4708 damnum
1106 4655 1330 4709 multum
1359 4664 1413 4710 et
1444 4656 1744 4711 combustio
1764 4664 1985 4712 :eterna.

413 4742 473 4799 Si
498 4744 569 4799 ita
597 4743 738 4814 apud
783 4759 881 4800 nos
918 4746 1331 4811 ratiocinemur,
1358 4757 1518 4817 atque
1564 4749 1677 4802 htec
1701 4759 1754 4804 et
1794 4750 1988 4805 similia

417 4836 590 4903 pravis
606 4836 807 4892 nostris
828 4838 1278 4906 concupiscentiis
1294 4838 1505 4894 assidue
1531 4840 1860 4907 occinamus,
1881 4842 1989 4897 cito

415 4928 699 4997 nequitiam
722 4927 1034 4998 effugiemus
1067 4937 1122 4984 et
1144 4930 1396 4984 virtutem
1430 4945 1807 5001 exsequemur,
1842 4948 1985 5001 prae-

416 5019 638 5072 sentium
668 5032 904 5073 amorem
931 5020 1348 5090 exstinguemus,
1380 5028 1434 5075 et
1474 5019 1771 5076 futurorum
1800 5037 1989 5076 accen-

415 5105 617 5163 demus.
637 5108 775 5177 Quid
802 5109 946 5164 enim
978 5110 1241 5166 ﬁrmitatis
1268 5109 1468 5166 habent
1499 5112 1781 5181 przesentia
1804 5154 1820 5177 ,
1860 5112 1986 5183 quid

416 5210 519 5258 tam
549 5201 842 5269 insolitum,
865 5201 991 5273 quid
1013 5211 1119 5257 tam
1149 5203 1468 5273 stupendum
1490 5245 1504 5270 ,
1534 5213 1594 5259 ut
1618 5220 1833 5261 omnem
1862 5221 1987 5276 erga

414 5293 500 5347 illa
529 5308 712 5350 curam
746 5293 1121 5349 insumamus?
1147 5296 1340 5349 Annon
1370 5294 1556 5350 eadem
1590 5297 1701 5367 ipsa
1730 5308 1989 5367 perpetuo

411 5384 653 5441 videmus
677 5384 829 5455 quasi
861 5385 915 5441 in
953 5385 1214 5441 circulum
1262 5386 1596 5442 recurrentia
1619 5427 1635 5451 ,
1664 5396 1720 5442 ut
1757 5387 1898 5442 diem
1933 5399 1989 5443 et

408 5487 641 5543 noctem,
670 5486 884 5532 noctem
906 5484 960 5533 et
986 5477 1151 5544 diem,
1178 5476 1409 5534 hiemem
1434 5485 1489 5533 et
1518 5485 1759 5533 aestatem
1785 5520 1800 5545 ,
1823 5490 1986 5534 testa-

407 5580 512 5626 tem
539 5577 597 5626 et
633 5569 889 5635 hiemem,
914 5577 970 5625 et
1000 5569 1131 5624 nihil
1160 5568 1421 5625 ulterius?
1463 5569 1834 5626 Accendamus
1859 5586 1987 5642 ergo

391 5665 707 5721 futurorum
736 5662 1060 5721 desiderium
1091 5666 1373 5721 bonorum.
1406 5664 1592 5736 Magna
1618 5665 1989 5737 quippejustis

404 5756 647 5829 reposita
685 5764 768 5815 est
808 5756 997 5829 gloria,
1020 5766 1074 5815 et
1117 5772 1275 5830 quam
1306 5756 1482 5815 verbis
1531 5756 1830 5827 exprimere
1877 5773 1985 5815 non

1603 314 1691 371 DE
1730 311 2091 370 PERFECTA
2128 311 2494 368 CARITA'IE.

3558 315 3677 372 εδει

2095 441 2397 497 possumus.
2425 425 2556 481 Nam
2593 440 2816 497 corpora
2849 438 2967 498 post
3001 430 3443 485 resurrectionem
3492 434 3643 487 incor

2091 518 2359 588 ruptibilia
2398 517 2753 588 accipientes,
2780 519 2967 588 glorize
3011 521 3264 591 regnique
3291 521 3489 577 Christi
3530 538 3662 578 cono

2089 619 2262 665 εονιθε
2278 616 2457 663 erunt.

2160 702 2213 755 6.
2239 700 2555 755 Resurrectio
2583 703 2758 772 futura
2781 712 3024 772 quantum
3046 704 3507 760 bonum.Futuram
3536 708 3665 761 inter

2091 801 2138 845 et
2163 802 2453 862 praesentem
2493 794 2646 846 vitam
2689 794 2975 849 discrimen.
3007 827 3079 837 ——
3108 798 3218 853 Hoc
3259 813 3385 854 vero
3409 809 3691 870 quantumr

2091 883 2181 950 sit,
2225 883 2348 939 hinc
2393 884 2791 955 intelligemus;
2843 886 2951 941 imo
2991 889 3165 957 potius
3208 905 3491 960 numquam
3522 894 3693 947 clare,

2092 974 2479 1044 intelligemus;
2508 988 2562 1030 ut
2588 986 2764 1033 autem
2788 980 3035 1049 exemplo
3056 995 3122 1034 ex
3144 982 3295 1036 bonis
3314 985 3666 1052 praesentibus

2092 1079 2388 1138 assumpto,
2419 1086 2637 1138 parvam
2671 1072 2955 1141 quamdam
3002 1072 3117 1142 ejus
3154 1077 3395 1130 notitiam
3436 1077 3689 1146 attinga-.

2092 1174 2232 1225 mus,
2260 1176 2359 1231 pro
2400 1162 2542 1216 virili
2592 1178 2710 1218 mea
2752 1163 2805 1219 id
2851 1165 2993 1233 quod
3034 1165 3231 1221 dictum
3274 1177 3358 1223 est
3398 1169 3670 1225 declarare

2092 1250 2309 1305 curabo.
2351 1251 2446 1306 Dic
2470 1252 2623 1317 mihi,
2652 1254 2697 1307 si
2728 1255 2846 1323 quis
2878 1254 2973 1308 tibi
3002 1255 3116 1309 seni
3141 1264 3197 1310 et
3235 1258 3285 1310 in
3322 1259 3539 1326 penuria
3574 1259 3673 1314 de-

2092 1343 2235 1413 genti
2280 1344 2626 1413 polliceretur
2680 1346 2733 1400 id
2788 1348 3150 1416 praastiturum
3201 1364 3299 1415 se,
3348 1359 3407 1404 ut
3452 1362 3671 1421 repente

2090 1433 2304 1503 juvenis
2330 1450 2500 1503 esses,
2529 1445 2584 1491 et
2612 1438 2663 1491 in
2695 1438 2869 1507 ipsum
2891 1438 3063 1493 aetatis
3092 1438 3278 1494 florem
3310 1441 3667 1507 reducereris,

2095 1526 2371 1597 formaque
2406 1544 2470 1582 ac
2500 1528 2695 1585 robore
2721 1530 2964 1599 corporis
2992 1532 3197 1585 cunctis
3229 1543 3510 1599 praestares
3528 1573 3545 1600 ,
3573 1533 3670 1587 da-

2094 1626 2378 1690 turumque
2415 1621 2508 1675 tibi
2541 1622 2703 1676 totius
2731 1621 2879 1677 orbis
2927 1638 3168 1692 regnum,
3196 1624 3359 1693 idque
3411 1625 3479 1679 ad
3524 1625 3673 1680 mille

2094 1726 2285 1779 annos,
2333 1728 2591 1780 regnum,
2641 1714 2890 1783 inquam,
2942 1715 2997 1770 in
3065 1716 3479 1786 profundissima
3538 1734 3670 1788 pace

2097 1805 2528 1874 transigendutn,
2557 1804 2683 1875 quid
2729 1820 2829 1875 pro
2874 1806 2966 1861 tali
3020 1808 3359 1878 assequendo
3408 1811 3674 1879 promisso

2095 1913 2201 1952 non
2236 1898 2444 1966 facere,
2475 1900 2599 1970 quid
2621 1915 2726 1955 non
2750 1900 2856 1970 pati
2886 1900 3095 1955 velles?
3122 1901 3201 1955 En
3232 1902 3409 1973 igitur,
3435 1902 3675 1959 Christus

2095 2003 2203 2043 non
2242 1988 2378 2054 haec,
2402 1989 2496 2044 sed
2533 1989 2617 2044 bis
2639 1990 2797 2061 longe
2825 1991 3026 2059 majora
3054 1991 3351 2060 pollicetur.
3384 1992 3501 2047 Non
3531 1994 3673 2047 enim

2095 2092 2292 2152 quanta
2323 2092 2652 2138 senectutem
2682 2083 2823 2138 inter
2849 2092 2905 2138 et
2935 2084 3265 2154 juventutem
3286 2124 3302 2150 ,
3330 2093 3473 2139 tanta
3502 2085 3674 2139 solum

2095 2181 2181 2227 est
2211 2174 2349 2228 inter
2371 2174 2766 2244 corruptionem
2789 2182 2845 2228 et
2874 2173 3328 2243 incorruptionem
3354 2174 3674 2242 differentia;

2095 2277 2269 2333 neque
2310 2275 2567 2333 quantum
2614 2272 2697 2318 est
2743 2263 2883 2318 inter
2931 2279 3152 2332 regnum
3203 2274 3257 2319 et
3309 2276 3674 2335 paupertatem

2095 2355 2405 2423 discrimen,
2428 2365 2630 2410 tantum
2655 2355 2814 2411 etiam
2840 2365 2922 2411 est
2949 2355 3087 2411 inter
3112 2356 3335 2427 gloriam
3359 2367 3675 2429 prsesentem

2095 2456 2151 2503 et
2178 2446 2403 2502 futuram
2434 2465 2447 2500 :
2475 2448 2568 2503 sed
2596 2457 2853 2518 quantum
2895 2449 3035 2503 inter
3066 2449 3272 2503 somnia
3299 2459 3353 2504 et
3380 2451 3456 2505 rei
3485 2453 3678 2506 verita-

2096 2547 2226 2594 tem.
2250 2538 2361 2593 lmo
2388 2554 2516 2593 vero
2560 2539 2795 2594 nondum
2822 2540 3091 2610 quidpiam
3114 2539 3223 2595 dixi
3248 2558 3261 2594 :
3285 2542 3460 2597 nullus
3478 2543 3680 2613 quippe.

2096 2645 2277 2685 sermo
2307 2638 2481 2699 potest
2523 2630 2881 2687 differentiam
2915 2630 3059 2685 illam
3099 2632 3417 2702 exprimere,
3448 2649 3568 2703 quae
3597 2644 3681 2690 est

2097 2719 2237 2775 inter
2274 2719 2450 2776 futura
2489 2731 2544 2777 et
2578 2723 2885 2793 prtesentia.
2921 2721 2976 2777 Si
3020 2723 3155 2776 ratio
3197 2732 3371 2778 autem
3425 2724 3680 2779 habeatur

2097 2812 2378 2882 temporis,
2417 2812 2565 2866 nulla
2594 2813 2814 2867 omnino
2871 2821 3049 2882 potest
3094 2814 3315 2883 cogitari
3360 2813 3676 2869 differentia.

2098 2903 2375 2971 Quomodo
2414 2904 2555 2958 enim
2595 2903 2842 2958 conferre
2895 2904 3015 2973 quis
3060 2913 3235 2972 potest
3286 2906 3676 2975 praesentibus,

2098 2996 2259 3050 vitam
2303 2997 2502 3050 nullum
2541 2997 2829 3051 terminum
2871 2994 3216 3050 habituram?
3244 2996 3301 3051 ln
3340 3011 3471 3067 pace
3498 3007 3677 3052 autem

2099 3096 2303 3142 tantum
2327 3096 2410 3142 est
2452 3087 2764 3152 discrimen,
2792 3096 3046 3157 quantum
3087 3088 3229 3142 inter
3255 3103 3441 3157 pacem
3472 3097 3526 3144 et
3567 3090 3680 3144 bel-

2098 3178 2243 3246 lum,
2294 3180 2433 3233 inter
2468 3182 2865 3250 corruptionem
2910 3196 3037 3236 vero
3093 3190 3148 3235 et
3200 3181 3676 3252 incorruptionem,

2098 3279 2357 3341 quantum
2398 3271 2540 3325 inter
2574 3272 2773 3325 luteum
2824 3270 3051 3327 frustum
3082 3280 3138 3327 et
3175 3287 3437 3343 gemmam
3469 3290 3677 3344 puram.

2098 3363 2209 3418 lmo
2233 3378 2359 3419 vero
2388 3363 2565 3432 potius
2589 3363 2847 3433 quidquid
2873 3363 3038 3429 dicas,
3066 3363 3197 3418 nihil
3226 3365 3500 3421 declarare
3527 3375 3679 3435 pote-

2098 3456 2191 3511 ris.
2224 3455 2475 3521 Quamvis
2522 3456 2666 3511 enim
2716 3469 3002 3524 corporum
3050 3456 3330 3511 beatorum
3380 3458 3676 3528 pulchritu-

2098 3546 2276 3601 dinem
2331 3546 2481 3601 radio
2532 3546 2670 3600 lucis
2724 3546 3040 3613 conferam,
3098 3548 3341 3617 quamvis
3393 3552 3679 3619 conspicuo

2098 3634 2315 3704 fulguri,
2360 3636 2491 3689 nihil
2536 3636 2627 3689 illo
2667 3635 2951 3704 splendore
2994 3635 3211 3706 dignum
3239 3636 3432 3692 dicam.
3465 3639 3569 3695 Pro
3596 3640 3678 3697 his

2098 3739 2244 3782 certe
2271 3738 2401 3797 quot
2429 3742 2541 3781 non
2574 3728 2849 3796 pecunias,
2881 3736 3013 3797 quot
3048 3744 3155 3782 non
3184 3743 3408 3800 corpora
3456 3732 3678 3801 profun-

2098 3821 2227 3875 dere
2250 3836 2346 3890 par
2372 3820 2555 3875 esset?
2586 3822 2693 3875 imo
2713 3829 2845 3891 quot
2889 3834 2995 3874 non
3042 3821 3285 3877 animas?
3310 3822 3458 3879 Nunc
3490 3840 3673 3894 porro,

2098 3915 2143 3969 si
2169 3916 2289 3983 quis
2314 3922 2366 3968 te
2406 3914 2460 3967 in
2490 3913 2691 3983 regiam
2737 3911 3123 3974 introduceret.
3157 3914 3511 3985 omnibusque
3542 3932 3679 3985 prae-

2097 4008 2337 4062 sentibus
2367 4007 2418 4060 id
2448 4014 2665 4061 curaret
2691 4014 2747 4060 ut
2776 4004 3073 4076 Imperator
3104 4016 3156 4060 te
3182 4007 3560 4076 alloqueretur,
3594 4020 3675 4065 te-

2097 4114 2203 4169 que
2232 4108 2287 4154 et
2333 4113 2532 4153 mensae
2558 4105 2613 4153 et
2648 4097 2841 4152 aedium
2894 4108 3198 4152 consortem
3248 4097 3585 4167 admitteret,
3623 4113 3677 4157 te

2097 4192 2336 4245 omnium
2365 4190 2731 4245 beatissimum
2759 4204 2879 4245 esse
2925 4190 3300 4260 pronuntiares
3326 4208 3339 4242 :
3368 4200 3571 4246 atvcum
3620 4194 3673 4248 in

2097 4282 2285 4337 caelum
2314 4282 2389 4336 sis
2419 4296 2763 4347 ascensurus,
2797 4292 2852 4336 et
2881 4296 3002 4336 cum
3032 4282 3148 4352 ipso
3177 4283 3547 4339 universorum
3573 4287 3674 4340 lm-

2097 4384 2345 4443 peratore.
2366 4382 2697 4441 versaturus,
2721 4389 2843 4428 cum
2869 4374 3073 4443 angelis
3094 4374 3326 4428 vicissim
3356 4377 3647 4434 micaturus
3664 4417 3677 4439 ,

2096 4476 2152 4523 et
2181 4467 2453 4522 inaccessa
2485 4466 2579 4521 illa
2607 4466 2775 4537 gloria
2807 4465 3074 4520 fruiturus
3095 4508 3109 4532 ,
3139 4467 3365 4536 ambigis
3408 4485 3534 4524 num
3582 4486 3675 4541 pe-

2095 4560 2281 4614 cunias
2304 4557 2629 4628 profundere
2664 4566 2940 4628 oporteat,
2978 4572 3099 4612 cum
3148 4573 3244 4628 par
3273 4569 3436 4627 esset,
3464 4562 3673 4617 etiamsi

2096 4651 2262 4705 vitam
2315 4651 2565 4705 emittere
2613 4664 2747 4719 opus
2797 4656 2978 4714 esset,
3008 4651 3305 4717 exsultare,
3346 4652 3582 4721 gaudere
3619 4664 3675 4709 et

2095 4760 2207 4815 pra:
2234 4743 2506 4812 voluptate
2532 4742 2647 4797 alas
2673 4742 2983 4797 assumere?
3015 4745 3084 4796 At
3115 4752 3269 4807 tu,ut
3302 4746 3670 4813 praefecturam

2096 4835 2435 4906 adipiscaris,
2469 4849 2588 4903 quae
2619 4832 2720 4888 tibi
2751 4833 3012 4888 furtorum
3055 4835 3366 4890 occasiones
3392 4838 3627 4906 praebeat
3652 4855 3672 4893 ι

2096 4943 2202 4983 non
2224 4929 2368 4982 enim
2396 4927 2448 4980 id
2476 4926 2685 4981 lucrum
2708 4926 2976 4981 vocarim:
3008 4937 3063 4982 et
3084 4927 3361 4983 facultates
3384 4930 3665 4998 expendis,

2094 5017 2161 5072 ab
2188 5018 2412 5087 aliisque
2440 5017 2722 5085 mutuaris,
2753 5033 2817 5073 ac
2840 5018 2884 5074 si
2916 5028 3162 5089 oporteat
3184 5022 3343 5074 etiam
3371 5035 3592 5075 uxorem
3618 5034 3672 5076 et

2095 5110 2294 5166 liberos
2321 5111 2529 5181 pignori
2558 5111 2687 5166 dare
2736 5126 2845 5166 non
2888 5112 3111 5177 vereris,
3143 5126 3309 5182 regno
3341 5121 3520 5166 autem
3549 5127 3671 5168 cte-

2095 5202 2267 5258 lorum
2290 5204 2382 5258 tibi
2407 5203 2701 5274 proposito,
2721 5204 3052 5274 imperioque
3077 5203 3402 5258 successoris
3429 5215 3669 5272 experte,

2094 5296 2273 5365 segnis
2301 5310 2388 5359 es,
2422 5294 2638 5365 refugis,
2663 5303 2718 5350 et
2764 5295 3006 5365 pecuniis
3053 5292 3223 5347 inhias
3245 5291 3268 5344 ?
3292 5306 3392 5346 nec
3435 5293 3666 5362 cogitas,

2093 5387 2139 5441 si
2194 5388 2310 5441 caeli
2362 5397 2543 5457 partes
2599 5388 2733 5454 illae,
2774 5402 2907 5457 quas
2948 5385 3258 5454 conSpieere
3305 5385 3565 5451 valemus,
3600 5387 3671 5441 ita

2093 5476 2350 5548 pulchrae,
2399 5478 2471 5532 ita
2516 5477 2764 5547 jucunda:
2814 5485 2958 5542 sunt,
2991 5488 3203 5545 quanta:
3233 5485 3385 5529 erunt
3417 5476 3538 5530 alia:
3587 5476 3670 5532 his

2095 5572 2424 5638 superiores,
2449 5582 2705 5641 quantum
2736 5571 2923 5625 caelum
2950 5569 3063 5623 caeli
3088 5569 3111 5621 ?

2170 5659 2539 5732 Imperatorum
2590 5662 2756 5716 cultus
2793 5679 2908 5716 cum
2936 5660 3121 5715 Christi
3160 5668 3425 5715 novissimo
3448 5662 3673 5716 adventu

2098 5766 2438 5825 comparatus.
2466 5788 2531 5798 —
2560 5757 2664 5814 Sed
2695 5757 2818 5827 quia
2845 5753 3115 5825 corporeis
3144 5754 3312 5810 oculis
3352 5754 3465 5810 hzec
3488 5754 3673 5809 videro
