4102 6322
460 286 567 343 287

465 422 569 459 non
628 402 771 467 licet,
829 408 1006 455 mente
1058 394 1333 460 ascende,
1380 403 1434 449 et
1484 405 1646 461 supra
1704 391 1807 444 hoc
1850 386 2043 442 caelum

462 510 636 561 stans,
663 494 873 565 respice
898 494 952 547 in
977 490 1105 546 illud
1131 489 1380 558 superius
1401 486 1619 548 calum,
1650 485 1704 539 in
1722 487 2046 542 immensam

459 587 817 651 altitudinem,
846 586 900 639 in
926 583 1100 639 lucem
1131 582 1475 644 inaccessam,
1500 578 1552 632 in
1592 577 1898 647 angelorum
1947 589 2045 645 po-

471 682 645 752 pulos,
669 679 724 734 in
752 675 1192 747 archangelorum
1220 671 1471 736 ordines,
1515 676 1571 725 et
1599 669 1652 722 in
1694 668 1828 721 alias
1868 667 2045 720 incor-

466 788 660 844 poreas
696 772 921 826 virtutes
954 786 968 823 :
1000 782 1062 822 ac
1103 781 1287 822 rursus
1319 764 1441 818 hinc
1480 761 1813 817 descendens
1862 758 2047 826 imagi-

465 881 589 919 nem
644 864 790 918 illam
837 870 1074 916 nostram
1124 867 1387 913 terrenam
1434 855 1653 923 accipe,
1692 866 1755 906 ac
1805 849 2048 905 describe

466 957 600 1011 mihi
644 957 731 1010 illa
774 968 894 1023 quae
938 960 1206 1007 terrenum
1261 948 1636 1017 Imperatorem
1682 945 2044 1007 circumstant,

468 1057 592 1117 puta
618 1047 764 1101 viros
790 1059 923 1099 auro
944 1044 1224 1099 decoratos
1243 1082 1257 1105 ,
1282 1040 1468 1110 iugum
1505 1037 1742 1092 albarum
1785 1036 2048 1093 mularum

467 1154 600 1193 auro
629 1146 958 1199 ornatarum,
989 1148 1201 1188 currum
1248 1130 1437 1200 lapillis
1461 1135 1883 1199 coagmentatum
1908 1167 1924 1193 ,
1970 1125 2047 1179 la-

469 1230 646 1283 minas
674 1228 728 1282 iu
758 1227 850 1281 illo
879 1226 1100 1280 mobiles
1143 1232 1197 1279 et
1224 1223 1476 1293 agitatas,
1509 1220 1773 1278 dracones
1803 1219 1855 1272 in
1883 1217 2046 1272 vesti-

468 1321 667 1375 mentis
713 1318 899 1374 sericis
945 1316 1220 1386 depictos,
1270 1314 1484 1383 aspides
1532 1314 1711 1366 aureis
1763 1312 2047 1366 instructas

468 1414 638 1468 oculis
663 1453 677 1477 ,
709 1425 877 1482 equos
907 1425 1039 1465 auro
1063 1420 1284 1464 ornatos
1308 1450 1322 1474 ,
1356 1408 1503 1461 frena
1530 1399 1711 1460 aurea.
1745 1406 1813 1459 At
1838 1404 2051 1474 quando

471 1505 850 1573 Imperatorem
878 1501 1139 1563 videmus,
1171 1499 1303 1554 nihil
1327 1514 1509 1553 eorum
1536 1498 1672 1552 ultra
1698 1496 2044 1566 respicimus:

468 1596 562 1650 ille
590 1594 788 1665 quippe
811 1594 958 1649 solus
984 1608 1080 1647 nos
1108 1593 1158 1645 in
1185 1605 1242 1644 se
1270 1590 1568 1651 convertit;
1614 1603 1806 1658 nempe
1851 1603 2046 1657 purpu-

471 1700 565 1740 rea
602 1686 938 1749 vestimenta,
969 1682 1211 1736 diadema
1234 1723 1247 1745 ,
1281 1681 1432 1745 sella,
1458 1678 1639 1744 ﬁbula,
1663 1678 1847 1744 calcei,
1873 1682 2048 1732 vultus

472 1777 748 1848 splendor.
779 1777 873 1831 llis
911 1775 1157 1830 omnibus
1198 1773 1355 1828 simul
1379 1782 1626 1826 accurate
1657 1771 1952 1841 perpensis,
1980 1770 2049 1823 ab

471 1869 556 1923 his
584 1884 795 1923 rursum
823 1867 1193 1937 cogitationem
1240 1862 1469 1919 transfer
1493 1862 1559 1916 ad
1590 1876 1840 1932 superna,
1872 1861 2044 1916 diem-

469 1974 574 2031 que
618 1960 906 2015 terribilem
950 1958 1118 2028 cogita
1145 1998 1161 2024 ,
1205 1972 1307 2027 qua
1346 1956 1589 2011 Christus
1616 1954 1882 2011 adveniet.
1930 1953 2047 2009 Non

472 2053 614 2109 enim
641 2052 825 2123 jugum
856 2051 1116 2105 mularum
1161 2059 1286 2104 tunc
1315 2048 1549 2113 videbis,
1598 2063 1703 2102 non
1731 2060 1919 2103 currus
1947 2062 2045 2100 au-

468 2159 626 2210 reos,
657 2157 764 2197 non
801 2141 1065 2197 dracones
1103 2149 1159 2196 et
1200 2139 1411 2210 aspides
1430 2181 1445 2205 ,
1477 2138 1570 2193 sed
1600 2137 1740 2208 quod
1769 2137 2048 2192 horrorem

468 2235 709 2301 incutiat,
729 2243 781 2287 et
801 2242 1009 2291 tantum
1023 2241 1296 2302 stuporem
1324 2230 1543 2300 injiciat.
1571 2238 1632 2288 ut
1655 2229 1895 2285 caelestes
1916 2228 2047 2297 ipsae

468 2327 692 2381 virtutes
716 2331 859 2380 stout
882 2324 1123 2383 attonita:
1149 2340 1162 2375 :
1189 2337 1308 2376 nam
1340 2321 1553 2375 Virtutes
1574 2308 1832 2384 actorum,
1855 2320 2046 2389 inquit,

470 2416 908 2479 commovebuntur
943 2415 1172 2489 (Matth.
1201 2415 1292 2470 24.
1319 2414 1392 2470 29
1411 2415 1454 2484 ).
1485 2415 1634 2471 Tunc
1660 2415 1850 2477 caelum
1881 2423 2048 2469 totum

469 2511 769 2581 aperietur,
795 2508 1085 2565 descendet
1111 2523 1239 2563 vero
1268 2508 1571 2577 unigenitus
1601 2506 1698 2562 Dei
1721 2507 1909 2569 Filius,
1940 2521 2047 2560 non

468 2600 675 2670 viginti,
720 2613 827 2655 non
857 2607 1072 2654 centum
1121 2599 1441 2653 satellitibus
1468 2599 1713 2668 stipatus,
1747 2597 1843 2653 sed
1873 2597 2048 2653 mille-

469 2690 557 2745 nis
597 2700 652 2745 et
688 2689 869 2745 decies
909 2688 1099 2745 millies
1128 2689 1356 2744 millenis
1383 2688 1586 2759 angelis
1614 2698 1668 2743 et
1694 2688 2048 2758 archangelis,

469 2781 753 2851 omniaque
772 2790 929 2836 erunt
951 2781 1138 2835 timore
1155 2790 1207 2835 et
1228 2790 1430 2835 terrore
1451 2781 1627 2850 plena,
1644 2781 1867 2840 discissa
1889 2791 2055 2846 terra,

471 2873 825 2943 omnibusque
847 2872 1151 2930 hominibus
1169 2872 1237 2927 ab
1253 2872 1421 2926 Adam
1444 2886 1611 2942 usque
1630 2872 1697 2926 ad
1722 2873 1867 2927 illam
1886 2872 2049 2939 diem,

469 2981 541 3025 ex
570 2974 714 3021 terra
739 2964 1080 3034 surgentibus
1107 2972 1162 3019 et
1187 2965 1442 3034 abreptis,
1474 2965 1591 3034 ipso
1615 2979 1736 3019 cum
1767 2974 1907 3019 tanta
1932 2965 2052 3036 glo-

475 3057 557 3111 ria
589 3056 860 3128 fulgente,
886 3065 946 3110 ut
972 3056 1101 3111 solis
1126 3064 1180 3110 et
1205 3056 1343 3109 lunae
1374 3064 1535 3109 totam
1563 3057 1734 3111 lucem
1761 3057 2049 3121 occultent,

472 3149 639 3204 radiis
668 3150 772 3204 illis
795 3149 962 3219 ipsam
991 3148 1384 3219 superantibus.
1413 3148 1538 3216 Sed,
1567 3149 1669 3204 heu
1697 3165 1803 3215 me,
1825 3158 2055 3220 quantus

473 3248 662 3312 stupor
691 3242 810 3309 ille,
836 3256 957 3296 cum
988 3242 1110 3296 talia
1140 3250 1508 3311 exspectantes
1536 3243 1673 3297 bona
1704 3243 2056 3313 praesentibus

477 3334 744 3389 inhiamus
762 3374 779 3401 ,
827 3348 927 3389 nec
953 3334 1253 3407 cogitamus
1279 3334 1474 3392 diaboli
1504 3334 1767 3391 vafritiem
1788 3377 1804 3400 ,
1832 3337 1922 3405 qui
1963 3352 2057 3407 per

476 3440 567 3480 res
592 3424 707 3480 illas
740 3423 960 3495 exiguas
984 3426 1190 3495 magnis
1220 3440 1317 3480 nos
1344 3427 1514 3495 privat
1538 3425 1711 3492 bonis,
1747 3427 1837 3481 dat
1863 3429 2053 3494 lutum,

476 3526 537 3571 ut
562 3516 791 3587 abripiat
815 3516 1027 3583 caelum,
1057 3516 1295 3572 umbram
1324 3516 1560 3585 exhibet,
1588 3526 1648 3572 ut
1670 3518 1901 3587 expellat
1918 3520 2055 3573 veri-

477 3618 665 3676 tatem,
694 3618 852 3680 atque
876 3610 930 3664 in
951 3610 1172 3664 somniis
1192 3624 1382 3665 vanam
1404 3609 1638 3664 ostendit
1660 3625 1908 3681 pompam
1932 3611 2059 3680 (hoc

475 3704 621 3761 enim
664 3713 789 3757 sunt
815 3712 1108 3772 przesentes
1142 3701 1414 3772 divitiae),
1443 3711 1530 3769 ut,
1569 3702 1889 3758 adveniente
1918 3704 2056 3771 luce,

480 3811 578 3850 nos
619 3795 856 3850 omnium
888 3796 1253 3865 pauperrimos
1281 3794 1549 3849 exhibeat.
1591 3794 1721 3861 Qua:
1758 3810 1877 3849 cum
1920 3796 2058 3850 scia-

480 3904 601 3943 mus
621 3929 636 3953 ,
668 3887 849 3942 dilecti
874 3928 889 3953 ,
918 3887 1032 3956 ejus
1057 3887 1237 3941 dolum
1269 3886 1529 3957 fugiamus
1553 3929 1570 3954 ,
1602 3886 1654 3940 id
1682 3888 1848 3942 vitare
1900 3903 2058 3943 cure-

483 3994 626 4042 mus,
658 3993 726 4033 nc
754 3992 873 4033 cum
906 3978 996 4031 illo
1021 3978 1370 4043 damnemur,
1400 3993 1468 4032 ne
1497 3978 1651 4032 nobis
1673 3978 1843 4033 Judex
1875 3979 2015 4033 dicat
2044 3998 2059 4033 :

480 4070 736 4124 Discedite
760 4086 791 4123 a
816 4085 927 4136 me,
956 4071 1246 4136 maledicti,
1278 4072 1332 4123 in
1358 4071 1525 4140 ignem
1551 4080 1794 4125 reternum
1824 4082 2063 4142 paratum

481 4162 683 4216 diabolo
708 4171 755 4215 et
781 4163 978 4233 angelis
1006 4165 1113 4232 ejus
1144 4162 1357 4231 (Matth.
1386 4162 1477 4221 25.
1502 4164 1565 4219 4,1
1590 4163 1632 4235 ).

552 4255 607 4309 7.
646 4254 716 4307 At
744 4253 1005 4323 benignus
1028 4264 1110 4308 cst
1140 4254 1308 4319 Deus;
1342 4253 1396 4307 id
1426 4270 1531 4308 non
1563 4254 1804 4321 accidet,
1830 4257 2058 4327 inquies.

482 4346 695 4414 Ergone
725 4350 919 4399 frustra
950 4346 1203 4415 scriptum
1232 4345 1355 4400 est?
1384 4347 1727 4417 Nequaquam
1746 4390 1760 4415 ,
1788 4350 1935 4415 aies;
1966 4350 2064 4405 sed

482 4438 549 4493 ad
577 4438 1044 4494 comminationem
1070 4440 1263 4504 solum,
1295 4448 1355 4497 ut
1392 4442 1790 4512 resipiscamus.
1821 4444 1876 4500 Si
1905 4445 2063 4514 igitur

482 4546 588 4589 non
610 4532 1001 4601 resipiscamus,
1028 4534 1122 4589 sed
1142 4534 1371 4605 improbi
1399 4550 1729 4602 maneamus,
1758 4554 1956 4603 nonne,
1979 4539 2065 4593 dic

482 4623 634 4688 mihi,
652 4624 963 4692 supplicium
987 4624 1197 4681 inferet?
1222 4626 1362 4697 Ergo
1390 4643 1563 4699 neque
1590 4628 1745 4683 bonis
1764 4631 2063 4684 mercedem

410 4780 413 4783 ἰ
482 4714 782 4769 retribuet?
833 4714 1132 4783 Retribuet,
1163 4718 1369 4787 inquies
1397 4736 1412 4774 :
1442 4720 1493 4774 id
1524 4721 1664 4774 enim
1686 4720 1858 4790 ipsum
1885 4720 2060 4787 decet,

481 4807 642 4862 etiam
670 4820 827 4875 supra
852 4806 1096 4860 meritum
1119 4809 1375 4864 beneﬁcia
1416 4810 1678 4866 conferre.
1719 4811 1845 4865 llaec
1887 4811 2063 4882 itaque

482 4915 607 4955 vera
636 4910 781 4967 sunt,
808 4908 862 4955 et
879 4914 1094 4969 prorsus
1121 4903 1365 4957 evenient
1396 4922 1409 4957 :
1440 4920 1558 4973 quae
1580 4913 1755 4958 autem
1777 4904 1843 4958 ad
1860 4906 2062 4974 suppli-

483 4995 562 5052 cia
587 4994 833 5057 attinent,
857 4995 1220 5062 nequaquam?
1247 4994 1290 5048 Ο
1311 4996 1528 5049 multam
1549 4996 1743 5051 diaboli
1766 4995 2058 5052 vafritiem!

484 5087 878 5142 oinhumanam
892 5085 1009 5153 ejus
1030 5084 1443 5141 humanitatem!
1477 5087 1645 5158 Ipsius
1673 5089 1813 5143 enim
1843 5099 1925 5144 est
1950 5090 2063 5147 hare

483 5180 752 5250 cogitatio,
779 5187 839 5233 ut
862 5178 1083 5249 gratiam
1133 5177 1375 5233 conferat
1413 5179 1653 5234 inutilem
1705 5189 1761 5237 et
1788 5183 2063 5251 segniores

480 5271 690 5326 reddat.
717 5270 849 5339 Quia
874 5270 1025 5325 novit
1049 5271 1215 5335 enim,
1243 5271 1485 5340 supplicii
1508 5280 1727 5337 metum,
1769 5289 1865 5328 ceu
1892 5276 2062 5343 quod-

481 5362 606 5416 dam
632 5362 864 5427 frenum,
898 5361 948 5419 id
973 5371 1224 5432 praastare
1261 5371 1320 5417 ut
1343 5364 1534 5418 animis
1561 5379 1816 5435 angamur
1844 5375 1900 5422 et
1923 5383 1951 5420 a
1979 5369 2060 5423 vi-

485 5452 573 5504 tiis
615 5452 965 5517 retrahamur,
999 5453 1130 5507 nihil
1171 5469 1274 5509 non
1313 5455 1420 5524 agit
1461 5463 1516 5508 et
1552 5456 1797 5520 molitur,
1843 5465 1900 5511 ut.
1934 5459 2059 5513 illud

487 5542 742 5599 radicitus
765 5546 976 5610 erellat,
1006 5561 1113 5615 quo
1138 5545 1348 5600 demum
1388 5546 1505 5601 sine
1534 5547 1724 5602 timore
1752 5563 1846 5617 per
1873 5552 2059 5618 praeci-

485 5632 611 5698 pitia
654 5632 909 5689 feramur.
951 5636 1232 5701 Quomodo
1261 5636 1421 5707 igitur
1455 5635 1603 5690 illum
1644 5639 2057 5708 superabimus?

486 5724 839 5796 Quacumque
866 5744 930 5783 ex
978 5728 1265 5799 Scripturis
1294 5726 1615 5800 proferimus
1641 5731 1821 5788 dicent
1859 5734 1920 5799 ii,
1963 5738 2052 5805 qui

1206 280 1265 337 S.
1304 275 1579 336 JOANNIS
1602 272 2076 332 CHRYSOSTOMI
2113 272 2431 331 ARCIIIEP.
2471 276 3006 341 CONSTANTINOP.

3628 294 3740 351 288

2160 387 2557 456 contradicunt,
2583 394 3013 453 comminationis
3040 410 3197 455 causa
3233 398 3425 468 scripta
3451 414 3591 456 esse.
3625 402 3739 458 Ve-

2155 492 2274 533 rum
2301 477 2352 533 id
2373 479 2441 535 de
2470 482 2660 539 futuris
2688 484 2823 539 forte
2843 485 3023 541 dicere
3052 490 3276 557 possint,
3308 492 3405 545 etsi
3448 492 3743 551 admodum

2154 570 2348 640 impie;
2377 573 2445 628 de
2472 576 2757 643 prmteritis
2780 593 2931 644 vero,
2961 579 3133 650 deque
3164 581 3228 635 iis
3267 598 3385 653 qua:
3422 584 3534 654 jam
3561 586 3738 644 conti-

2153 674 2475 733 gerunt,non
2504 667 2652 722 item.
2677 668 3066 741 Interrogemus
3094 674 3251 743 igitur
3264 689 3355 729 eos
3389 693 3402 729 :
3431 678 3745 737 Audistisne

2153 755 2221 809 de
2247 756 2466 824 diluvio,
2497 758 2673 829 deque
2700 762 2933 831 pernicie
2958 762 3047 818 illa
3075 766 3399 821 universali?
3426 784 3551 824 num
3574 772 3745 828 etiam

2153 846 2283 902 illud
2308 850 2736 907 comminationis
2758 868 2915 908 causa
2940 854 3138 912 dictum
3160 856 3370 913 fuerat?
3397 875 3573 917 annon
3600 878 3741 919 coa-

2155 940 2291 1009 tigit,
2322 951 2377 996 et
2405 934 2457 996 in
2489 942 2686 1007 exitum
2711 943 2997 1001 deductum
3028 949 3150 1003 est?
3175 964 3354 1005 nonne
3382 951 3433 1006 id
3450 953 3741 1009 testiﬁcan-

2153 1040 2242 1089 tur
2265 1034 2533 1090 Armeniae
2576 1045 2807 1104 montes,
2838 1038 2927 1094 ubi
2976 1055 3097 1095 arca
3127 1043 3409 1098 consedit?
3438 1059 3613 1100 annon
3644 1062 3741 1100 re-

2154 1122 2330 1193 liquiae
2382 1126 2498 1195 ejus
2546 1127 2654 1184 illic
2716 1128 2979 1187 hactenus,
3032 1144 3315 1188 servantur
3370 1135 3433 1188 ad
3497 1147 3743 1192 nostram

2152 1214 2569 1272 admonitionem
2598 1219 2948 1291 (a)?Similia
2994 1229 3123 1278 tunc
3165 1224 3321 1278 multi
3365 1225 3631 1291 dicebant,
3672 1244 3743 1282 ac

2154 1325 2250 1378 per
2270 1320 2483 1364 centum
2539 1326 2709 1368 annos
2761 1312 2888 1369 dum
2936 1331 3056 1370 arca
3111 1326 3548 1385 construeretur,
3596 1321 3750 1388 ligna

2153 1409 2478 1469 aptareutur,
2508 1403 2788 1475 justuSQue
2807 1407 3078 1473 clamaret,
3110 1426 3266 1464 nemo
3290 1421 3404 1466 erat
3428 1414 3515 1482 qui
3547 1413 3741 1468 crede—

2152 1501 2237 1548 ret
2269 1510 2283 1546 :
2313 1494 2405 1548 sed
2434 1497 2556 1565 quia
2587 1512 2691 1551 non
2735 1499 3077 1555 crediderunt
3114 1504 3510 1560 comminatioui
3538 1506 3742 1561 verbo,

2152 1598 2293 1651 rum,
2326 1585 2581 1641 ultionem
2618 1600 2840 1658 repente
2869 1605 2932 1645 ac
2961 1594 3137 1661 reipsa
3163 1595 3459 1650 subierunt.
3484 1598 3644 1668 Atqui
3663 1598 3739 1664 is,

2152 1675 2243 1742 qui
2274 1685 2474 1730 tantum
2502 1679 2629 1747 ipsis
2650 1682 2964 1750 supplicium
2994 1684 3190 1752 intulit,
3214 1701 3390 1741 annon
3419 1688 3588 1743 multo
3616 1705 3741 1743 ma‘

2148 1766 2235 1835 jus
2290 1768 2443 1823 nobis
2473 1768 2705 1825 inferet?
2729 1787 2832 1825 non
2860 1775 3005 1829 enim
3034 1776 3237 1830 minora
3270 1790 3395 1832 sunt
3430 1779 3544 1833 haec
3582 1781 3744 1835 malis

2153 1856 2296 1912 illius
2324 1860 2597 1928 temporis.
2616 1861 2765 1916 Tunc
2788 1864 2983 1919 illicitis
3007 1867 3237 1921 coitibus
3254 1883 3473 1938 operam
3503 1870 3740 1925 dabant:

2153 1965 2276 2005 nam
2307 1950 2532 2022 lngressi
2558 1965 2696 2023 sunt,
2727 1958 2915 2028 inquit,
2960 1960 3058 2029 ﬁlii
3100 1959 3195 2016 Dei
3222 1964 3290 2020 ad
3313 1964 3452 2032 ﬁlias
3478 1965 3751 2026 hominum

2154 2040 2304 2111 (Gen.
2333 2043 2385 2098 6.
2414 2044 2470 2115 2)
2501 2063 2513 2097 :
2539 2062 2682 2102 nunc
2725 2058 2903 2104 autem
2951 2052 3155 2107 nullum
3198 2066 3281 2109 est
3327 2070 3497 2126 genus
3525 2060 3742 2127 peccati

2153 2134 2293 2204 quod
2320 2146 2466 2191 retro
2488 2140 2837 2209 relinquatur.

2225 2226 2557 2288 Maledictum
2609 2230 2950 2288 Sodomorum
3001 2252 3103 2290 non
3142 2241 3378 2308 temporis
3426 2242 3592 2309 spatio
3643 2242 3742 2295 de-

2154 2319 2328 2377 letum.
2375 2351 2447 2361 —
2492 2320 2725 2390 Verum,
2753 2325 2799 2379 si
2839 2327 3046 2395 placet,
3090 2328 3157 2382 ad
3199 2329 3302 2390 alia
3355 2333 3596 2401 supplicii
3642 2348 3743 2403 ge-

2154 2426 2282 2466 nera
2311 2428 2613 2469 sermonem
2641 2428 3043 2485 convertamus,
3080 2428 3140 2475 ut
3168 2437 3233 2476 ex
3260 2424 3541 2491 praeteritis
3567 2425 3751 2483 futura.

2152 2503 2457 2558 credantur.
2515 2505 2651 2560 Num
2704 2508 2824 2577 quis
2872 2519 3105 2565 vestrum
3154 2528 3407 2583 umquam
3460 2514 3512 2570 in
3566 2515 3743 2570 Palae-

2155 2594 2346 2648 stinam
2389 2598 2752 2665 peregrinatus
2795 2599 2914 2654 est?
2943 2600 3071 2655 Mihi
3109 2603 3321 2672 quidem
3370 2605 3601 2660 videtur.
3638 2606 3754 2661 Vos

2154 2699 2283 2756 ergo
2326 2686 2587 2742 dictorum
2631 2691 2840 2745 veritati
2881 2693 3239 2748 testimonium
3285 2694 3439 2750 ferte.
3482 2695 3613 2750 Nam
3662 2697 3743 2749 ul-

2157 2785 2236 2830 tra
2267 2777 2587 2834 Ascalonem
2612 2790 2665 2835 et
2703 2780 2896 2837 Gazam
2941 2784 3007 2838 ad
3047 2785 3218 2854 ipsum
3267 2797 3588 2856 postremum
3620 2788 3743 2843 Jor-

2155 2868 2309 2924 danis
2352 2870 2495 2925 ﬂuvii
2528 2875 2810 2929 terminum
2856 2885 2972 2931 erat
3007 2878 3252 2947 quaedam
3278 2881 3426 2950 regio
3453 2896 3642 2951 magna
3687 2891 3747 2941 et

2156 2961 2501 3029 feracissima,
2527 2981 2646 3035 quae
2688 2982 2809 3022 cum
2847 2970 3095 3038 paradiso
3134 2972 3226 3026 Dei
3256 2981 3569 3028 concertare
3618 2989 3743 3043 pos-

2157 3063 2241 3113 set
2273 3070 2286 3104 :
2316 3070 2437 3108 nam
2491 3054 2646 3121 Vidit,
2679 3059 2868 3127 inquit,
2900 3059 2997 3121 Lot
3036 3077 3235 3115 omnem
3273 3064 3527 3133 regionem
3557 3064 3747 3123 circum

2157 3146 2455 3213 Iordanem,
2497 3166 2609 3218 qua:
2652 3150 2958 3221 irrigubatur
2981 3154 3125 3223 quasi
3153 3155 3423 3224 paradisus
3447 3154 3546 3209 Dei
3573 3158 3591 3225 (
3615 3154 3739 3210 Gen.

2160 3241 2249 3294 15.
2284 3240 2396 3309 10).
2431 3241 2620 3296 Verum
2667 3243 2781 3299 hmc
2827 3260 2968 3300 nunc
3010 3254 3094 3300 est
3136 3247 3375 3301 omnium
3404 3249 3742 3302 desertorum

2160 3330 2542 3387 desertissima.
2574 3334 2725 3389 Stant
2751 3336 2893 3390 enim
2915 3336 3155 3404 arbores,
3180 3348 3233 3391 et
3262 3339 3489 3393 fructum
3520 3339 3739 3405 habent,

2160 3432 2215 3477 at
2256 3422 2458 3477 fructus
2501 3424 2590 3480 ille
2633 3426 2725 3479 irae
2771 3426 2963 3481 divinae
3012 3429 3396 3483 monimentum
3448 3439 3549 3485 est.
3594 3430 3751 3485 Stant

2160 3516 2527 3585 malograuata
2553 3518 2830 3586 splendida
2864 3519 2998 3574 facie
3025 3535 3173 3590 spem
3217 3521 3411 3579 bonam
3450 3524 3747 3592 ignoranti—7

2163 3606 2264 3661 bus
2316 3606 2642 3675 praebentia,
2683 3609 2926 3664 manibus
2953 3620 3130 3665 autem
3173 3623 3389 3681 accepta
3439 3622 3495 3667 et
3541 3614 3741 3677 fracta,

2163 3696 2394 3753 fructum
2424 3699 2638 3768 quidem
2667 3701 2899 3767 nullum,
2948 3701 3041 3755 sed
3093 3703 3363 3772 pulverem
3406 3706 3744 3774 cineremque

2164 3792 2387 3845 multum
2415 3792 2558 3846 intus
2590 3794 2817 3861 positum
2845 3793 3116 3849 exhibent.
3147 3796 3291 3850 Talis
3313 3806 3394 3851 est
3419 3806 3580 3862 terra,
3616 3799 3751 3851 tales

2164 3882 2389 3952 lapides,
2419 3883 2537 3938 talis
2563 3884 2677 3953 ipse
2706 3900 2817 3938 aer.
2849 3885 3037 3940 Omnia
3060 3886 3272 3942 incensa
3297 3897 3420 3940 sunt
3452 3929 3465 3951 ,
3492 3888 3667 3940 omnia
3691 3889 3743 3940 in

2164 3976 2399 4029 cinerem
2427 3974 2663 4041 redacta,
2694 3985 3047 4046 prmterquam
3079 3977 3173 4030 irae
3206 3980 3552 4042 monimenta,
3583 3977 3743 4030 futuri

2168 4067 2415 4135 supplicii
2437 4066 2650 4121 indicia.
2680 4066 2815 4121 Num
2843 4076 2897 4121 et
2927 4068 3041 4122 haec
3058 4077 3182 4123 sunt
3211 4068 3493 4123 verborum
3515 4069 3744 4121 commi-

2166 4158 2451 4214 nationes?
2480 4173 2608 4212 num
2638 4167 2694 4213 et
2722 4157 2836 4213 hate
2864 4173 3168 4214 sermonum
3203 4158 3496 4229 strepitus?
3530 4158 3585 4214 Si
3626 4160 3751 4228 quis

2167 4268 2281 4309 non
2296 4251 2468 4318 credit
2484 4251 2767 4322 gehennae,
2793 4250 3079 4311 Sodomam
3123 4252 3357 4323 cogitet,
3390 4251 3743 4309 Gomorrham

2167 4361 2348 4401 secum
2393 4353 2636 4415 reputet,
2688 4345 3001 4415 supplicium
3045 4344 3289 4401 videlicet
3326 4343 3436 4415 jam
3477 4355 3744 4415 sumptum

2168 4446 2221 4490 et
2247 4437 2503 4490 hactenus
2528 4450 2769 4490 manens.
2804 4434 2858 4489 ld
2886 4434 3027 4505 quod
3062 4435 3239 4491 divina
3280 4436 3553 4505 Scriptura
3588 4451 3746 4489 enar-

2168 4543 2292 4582 rans
2313 4528 2379 4583 de
2399 4528 2655 4598 sapientia
2683 4528 2761 4583 sic
2787 4528 3023 4597 loquitur
3051 4547 3063 4581 :
3101 4529 3226 4584 meo
3242 4532 3458 4600 justum,
3496 4532 3747 4600 pereunti-

2169 4620 2259 4673 bus
2284 4621 2472 4688 impiis,
2512 4620 2737 4673 liberavit
2774 4622 3046 4689 fugientem
3075 4621 3456 4675 descendentem
3490 4624 3657 4692 ignem
3694 4624 3745 4674 in

2169 4710 2493 4781 Pentapolim
2522 4712 2675 4782 (Sap.
2709 4712 2792 4766 IO.
2823 4714 2875 4767 6.
2902 4714 2979 4781 7).
3010 4713 3133 4767 llaec
3160 4714 3321 4768 etiam
3352 4728 3491 4767 nunc
3520 4714 3586 4767 In
3615 4716 3748 4768 testi-

2167 4805 2388 4857 monium
2414 4803 2644 4873 nequitia:
2665 4804 2920 4874 [mitigans
2938 4814 3036 4856 stat
3057 4803 3251 4857 deserta
3276 4814 3408 4858 terra
3426 4848 3439 4869 ,
3473 4815 3520 4858 et
3558 4806 3747 4858 incerto

2168 4904 2387 4963 tempore
2412 4898 2605 4963 fructus
2628 4896 2863 4948 arborum
2891 4897 3088 4949 emittit.
3115 4896 3345 4951 Necesse
3385 4908 3559 4951 autem
3592 4910 3672 4951 est
3697 4906 3747 4951 et

2167 5008 2383 5048 causam
2414 4994 2594 5050 dicere
2619 4997 2687 5049 ob
2720 5012 2878 5063 quam
2914 4995 3036 5049 talia
3077 4995 3218 5064 passi
3253 5003 3397 5051 sunt.
3430 4994 3604 5049 Unum
3634 5003 3748 5049 erat

2168 5100 2352 5140 eorum
2376 5086 2566 5147 scelus,
2579 5099 2741 5154 grave
2753 5086 2962 5155 quidem
2991 5094 3045 5139 et
3076 5085 3492 5150 exsecrandum;
3516 5093 3747 5138 attamen

2168 5192 2354 5231 unum.
2381 5177 2646 5231 lnsanoin
2689 5193 2883 5246 pueros
2927 5192 3111 5231 amore
3153 5176 3491 5241 ferebantur,
3525 5176 3749 5245 ideoque

2169 5269 2321 5338 ignea
2378 5268 2561 5339 pluvia
2599 5269 2861 5323 combusti
2900 5277 3063 5322 sunt:
3097 5283 3238 5323 nunc
3281 5278 3457 5321 autem
3496 5277 3746 5322 sexcenta

2167 5376 2311 5430 paria
2338 5371 2392 5414 et
2414 5361 2661 5430 graviora
2693 5370 3088 5430 perpetrantur,
3122 5376 3295 5431 neque
3322 5361 3424 5415 tale
3444 5360 3744 5415 incendium

2167 5459 2486 5507 immittitur.
2519 5452 2732 5518 Quare?
2756 5452 2888 5520 Quia
2925 5453 3063 5507 alius
3106 5453 3243 5522 ignis
3272 5461 3601 5521 prmparatus
3629 5460 3742 5517 est,

2165 5560 2451 5615 numquam
2481 5544 2916 5615 cxstingucndus.
2941 5544 3220 5611 Quomodo
3248 5544 3389 5598 enim
3414 5544 3503 5614 qui
3524 5557 3620 5613 pro
3641 5558 3744 5596 uno

2225 5680 2299 5742 (α)
2322 5676 2547 5741 Reliquiae
2570 5691 2693 5726 arcae
2715 5686 2812 5730 Nce
2835 5685 3057 5741 tempore
3080 5677 3404 5742 Cbrysostomi
3427 5678 3478 5727 in
3502 5675 3744 5727 montibus

2166 5743 2407 5795 Armeniae
2428 5742 2758 5793 servabantur.
