4058 6344
227 293 343 350 187

223 411 436 474 ἐκεῖνος
478 409 589 480 γὰρ,
628 410 776 480 ἡμᾶς
820 409 1141 482 ἐπιστρέφει
1169 412 1358 484 μόνος,
1399 414 1492 468 καὶ
1525 413 1597 467 τά
1644 414 1898 484 πορφυρᾶ

226 509 443 579 ἱμάτια,
466 508 645 562 καὶτὸ
672 508 928 579 διάδημα,
960 510 1054 564 καὶ¹
1090 513 1123 582 ἡ
1165 512 1423 582 καθέδρα,
1465 514 1559 566 καὶ
1603 512 1638 582 ἠ
1668 512 1893 584 περόνη,

1517 296 1608 353 DE
1648 295 2008 353 PERFECTA
2046 298 2415 359 CARITATE.

3563 301 3679 359 288'.

2000 414 2101 488 ὅρη
2134 423 2400 491 μαρτυρεῖ
2441 423 2540 492 τῆς
2579 422 2901 494 Ἀρμενίας,
2948 418 3075 474 ἔνθα
3103 422 3136 490 ή
3178 418 3408 482 κιϐωτὸς
3444 419 3631 490 ἱδρύθη
3653 437 3680 487 ἱ

1969 504 2121 588 ὀύχὶ
2150 518 2244 572 καὶ
2283 520 2350 573 τά
2387 517 2611 589 λείψανα
2639 520 2810 586 αὐτῆς
2835 520 2939 582 ἓως
2967 519 3062 572 νῦν
3107 519 3221 570 ἐκεῖ
3264 516 3494 581 σώξεται
3534 516 3670 587 πρὸς

224 608 324 660 καὶ
363 605 431 660 τά
463 605 802 677 ὑποδήματα,
829 608 922 660 καὶ
948 610 981 678 ἡ
1014 608 1113 677 τῆς
1145 609 1321 679 ἇψεως
1356 609 1676 679 λαμπηδὼν.
1713 609 1899 664 Ταῦτα
1962 618 2031 686 ἐή
2044 618 2274 686 μετέραν
2303 619 2645 689 ύτιόμνησινς
2672 617 2912 673 Τοιαῦτα
2942 618 3037 673 καὶ
3072 617 3194 670 τότε
3235 616 3420 669 πολλοὶ
3462 617 3666 685 ἔλεγον,

227 700 323 758 οὖν
363 705 577 759 ἅπαντα
609 705 931 774 συναγαγὼν
975 705 1235 778 ἀκριϐῶς,
1284 708 1392 760 ἀπὸ
1418 708 1620 762 τούτων
1671 709 1902 778 μετάθες

229 802 396 855 πάλιν
425 802 516 856 ἐπὶ
549 802 619 856 τὰ
643 802 755 856 ἀνω
788 803 877 857 τὸν
905 802 1182 874 λογισμὸν,
1218 805 1313 858 καὶ
1341 804 1441 875 τὴν
1470 805 1684 876 ἡμέραν
1717 806 1904 876 ἐννόησ

232 916 331 955 σονς
366 898 464 969 τὴν
509 899 764 970 φοϐεράν,
807 900 929 953 καθ’
972 901 1040 971 ἢν
1077 903 1105 955 6
1137 902 1368 972 Χριστὸς
1401 903 1784 973 παραγίνεται.
1819 904 1895 958 Ού

230 998 344 1067 γὰρ
384 997 577 1066 ζεῦγος
619 999 858 1069 ἡμιόνων
882 984 1011 1069 ὕψει
1047 1001 1188 1065 τότε,
1237 1003 1355 1056 οὒδέ
1395 1004 1647 1075 ὀχήματα
1688 1005 1900 1074 χρυσᾶ,

229 1093 354 1147 οεδέ
392 1094 687 1165 δράκοντας
719 1096 813 1149 καὶ
844 1096 1092 1161 ἀσπίδας.
1124 1099 1237 1152 ἀλλ’
1264 1100 1292 1152 6
1336 1100 1534 1172 πολλῆς
1573 1101 1734 1170 γέμει
1778 1101 1903 1172 φρί-

231 1208 360 1261 κης,
397 1192 487 1244 καὶ
514 1191 780 1261 τοσαύτην
804 1194 1022 1264 ἐμποιεῖ
1056 1195 1154 1265 τὴν
1181 1194 1457 1259 ἔκστασιν,
1501 1198 1577 1260 ὡς
1610 1198 1705 1251 καί¹
1736 1196 1905 1259 αὐτὰς

232 1288 574 1359 ἐκπλαγῆναι
602 1291 701 1353 τάς
738 1291 1021 1361 οὐρανίους
1058 1294 1343 1363 δυνάμεις·
1375 1297 1445 1349 Al
1480 1295 1588 1365 γάρ
1622 1294 1906 1363 δυνάμεις

232 1385 360 1438 τῶν
385 1386 674 1453 οἰφανῶν,
705 1388 857 1457 φησὶ,
880 1389 1385 1456 σαλευθήσονται.
1422 1389 1577 1462 [296]
1601 1392 1733 1445 Τότε
1768 1391 1907 1446 ἀνοί-

236 1497 395 1547 γεται
436 1482 534 1549 μὲν
572 1481 716 1545 ἄπας
739 1484 767 1536 6
795 1484 1050 1553 οὐρανὸς,
1093 1485 1302 1539 κάτεισι
1336 1486 1391 1539 δέ
1418 1490 1446 1540 6
1481 1488 1772 1559 μονογενὴς
1811 1489 1904 1543 τοῦ

236 1576 376 1630 Θεοῦ
418 1577 567 1641 Υίδς,
593 1579 693 1631 οὐκ
734 1581 927 1644 εἰκοσι,
958 1581 1077 1634 οὐδὲ
1106 1581 1297 1633 ἑκατὸν
1326 1582 1763 1655 δορυφορούντων
1805 1584 1907 1637 αύ-

234 1673 351 1736 τὸν,
392 1675 527 1727 ἀλλά
554 1675 804 1745 χιλιάδων
837 1678 930 1731 καὶ
966 1679 1241 1749 μυριάδων
1267 1679 1511 1747 ἀγγέλων
1546 1696 1607 1732 τε
1644 1678 1738 1732 καὶ
1769 1680 1908 1751 ἀρχ-

236 1771 490 1838 αγγέλων
514 1812 530 1834 ,
572 1773 663 1825 καὶ
708 1773 884 1827 πάντα
928 1774 1080 1828 ἔσται
1134 1775 1299 1844 φόϐου
1339 1776 1432 1829 καὶ
1466 1776 1666 1847 τρόμου
1703 1775 1903 1847 μεστά,

235 1869 341 1937 τῆς
371 1869 473 1936 γῆς
500 1869 1006 1943 ἀναρρηγνυμένης,
1047 1873 1143 1925 καὶ
1189 1873 1296 1926 τῶν
1338 1874 1558 1927 πώποτε
1601 1873 1908 1944 γενομένων

237 1962 569 2033 ἀνθρώπων,
611 1965 669 2032 ἐξ
718 1957 777 2019 οῦ
810 1966 1031 2037 γέγονεν
1072 1971 1101 2023 6
1140 1971 1308 2042 Ἀδὰμ
1355 1971 1517 2043 μέχρι
1561 1973 1661 2043 τῆς
1695 1972 1910 2044 ἡμέρας

240 2061 481 2130 ἐκείνης,
511 2063 618 2116 ἀπὸ
654 2064 756 2135 γῆς
782 2066 1175 2137 ἀνισταμένων,
1221 2071 1315 2124 καὶ
1351 2070 1770 2141 ἁρπαζομένων,
1812 2073 1911 2125 αύ-

238 2156 336 2211 τοῦ
382 2159 523 2228 μετά
567 2161 832 2234 τοσαύτης
869 2165 1189 2237 φαινομένου
1221 2166 1409 2236 δόξης,
1454 2168 1595 2222 ὥστε
1632 2169 1723 2222 τὸν
1763 2168 1914 2243 ἣλιον

244 2257 340 2309 καὶ
367 2257 467 2329 τὴν
509 2258 739 2332 σελήνην
772 2264 917 2319 ἀπαν
949 2264 1152 2337 κρύψαι
1198 2265 1259 2319 τὸ
1296 2267 1432 2335 φῶς,
1476 2266 1581 2321 ὑπὸ
1609 2267 1709 2336 τῆς
1740 2266 1914 2337 αὐγῆς

243 2352 461 2425 ἐκείνης
485 2354 989 2431 ύπερλαμπόμενον.
1028 2360 1188 2427 Ἀλλ’,
1231 2362 1376 2433 οἴμοι
1412 2364 1511 2434 τῆς
1541 2363 1740 2433 πολλῆς
1769 2363 1915 2417 ἀναι-

249 2450 496 2519 σθησίας,
521 2454 625 2516 ὅτι.
650 2453 904 2511 τοιούτων
928 2460 1391 2530 προσδοκωμένων
1411 2460 1651 2529 ἀγαθῶν,
1677 2460 1757 2513 ἔτι
1780 2459 1915 2530 πρὸς

247 2546 317 2601 τὰ
353 2550 598 2621 παρόντα
632 2554 963 2625 κεχήναμεν.
1010 2556 1105 2610 καὶ
1141 2558 1239 2611 οὐκ
1278 2558 1560 2626 ἐννοοῦμεν
1603 2556 1697 2610 τοῦ
1737 2556 1917 2611 διαϐό-

249 2646 341 2699 λου
366 2647 463 2717 τὴν
491 2650 843 2720 κακουργίαν,
868 2650 927 2716 6;
954 2652 1042 2707 διὰ
1066 2653 1174 2707 τῶν
1208 2654 1418 2726 μικρῶν
1442 2655 1506 2707 τά
1538 2654 1747 2725 μεγάλα
1775 2655 1922 2725 ἡμᾶς

250 2743 584 2813 ἀφαιρεῖται,
618 2745 711 2798 καὶ
737 2745 919 2799 δίδωσι
949 2747 1136 2819 πηλὸν,
1166 2749 1253 2802 ἵνα
1294 2749 1512 2820 ἁρπάσῃ
1546 2747 1791 2820 οὐρανὸν,
1826 2748 1921 2802 καὶ

252 2838 487 2895 δείκνυσι
524 2855 700 2905 σκιαν,
742 2842 831 2897 ἵνα
876 2842 1077 2914 ἐκϐάλῃ
1109 2847 1206 2914 τῆς
1243 2844 1524 2915 ἀληθείας,
1565 2844 1659 2898 καὶ
1688 2846 1745 2898 ἐν
1784 2844 1922 2898 ὀνεί-

256 2951 371 3002 ροις
413 2937 674 3005 φαντάζει
707 2936 897 3009 (τοῦτο
930 2939 1037 3011 γάρ
1065 2940 1093 2992 6
1125 2940 1313 3006 παρὼν
1349 2940 1624 3013 πλοῦτος),
1656 2940 1745 3007 ἵν’,
1778 2941 1920 3011 ὴμέ-

256 3049 359 3102 ρας
408 3033 724 3105 γενομένης,
761 3032 911 3107 δείξη
949 3037 1164 3091 πάντων
1203 3038 1575 3109 πενεστέρους.
1604 3038 1781 3109 ’Ἀπερ
1819 3054 1924 3108 μα-

255 3127 465 3191 θόντες,
498 3129 786 3200 ἀγαπητοὶ,
816 3130 1074 3202 φύγωμεν
1103 3131 1194 3185 τὸν
1222 3132 1426 3185 ἐκείνου
1455 3132 1624 3199 δόλον,
1663 3133 1923 3203 φύγωμεν

252 3224 356 3293 τὴν
408 3226 530 3294 μετ’
566 3227 769 3279 ἐκείνου
796 3228 1139 3299 κατάκρισιν,
1172 3228 1260 3283 ἵνα
1306 3229 1379 3300 μὴ
1426 3230 1521 3283 καὶ
1554 3230 1690 3300 πρὸς
1715 3231 1865 3300 ἡμᾶς
1895 3229 1926 3283 6

252 3320 451 3390 κριτὴς
492 3322 655 3395 εἴπῃ·
695 3324 1026 3391 Πορεύεσθε
1062 3324 1162 3379 ἀπ’
1199 3325 1366 3393 ἐμοῦ,
1408 3328 1463 3379 οἱ
1500 3326 1922 3395 κατηραμένοι,

254 3420 343 3483 είς
372 3419 440 3471 τὸ
476 3418 596 3487 πῦρ
625 3420 693 3473 τὸ
724 3418 962 3477 αἰώνιον
990 3423 1058 3477 τὸ
1087 3422 1529 3493 ἡτοιμασμένον
1565 3422 1646 3489 τῷ
1673 3423 1935 3491 διαϐόλῳ

255 3513 361 3569 καὶ
396 3515 523 3581 τοῖς
548 3516 819 3586 ἀγγέλοις
848 3518 1051 3573 αὑτοῦ.

329 3613 400 3675 ζ’.
442 3610 601 3664 Ἀλλά
632 3614 1003 3686 φιλάνθρωπός
1032 3616 1178 3670 ἐστιν
1199 3618 1228 3669 6
1262 3616 1424 3682 Θεός·
1455 3618 1553 3671 οὐκ
1578 3617 1924 3683 ἔσταιτοῦτο,

257 3707 452 3778 φησίν.
480 3706 684 3761 Οὐκοῦν
713 3711 829 3781 εἰκῆ
856 3711 1196 3781 γέγραπται;
1231 3713 1384 3782 Οὐχὶ,
1419 3714 1604 3783 φησὶν,
1632 3714 1767 3768 ἀλλά
1792 3714 1926 3785 πρὸς

260 3802 503 3872 ἀπειλὴν
536 3802 710 3873 μόνον,
755 3806 840 3859 ἵνα
874 3808 1260 3879 σωφρονῶμεν.
1286 3810 1384 3863 Ἂν
1414 3804 1506 3863 οὖν
1542 3809 1616 3881 μὴ
1647 3809 1930 3880 σωφρονῶ-

262 3915 392 3968 μεν,
421 3898 561 3952 ἀλλά
587 3900 832 3971 μένωμεν
861 3904 1042 3967 κακοὶ,
1066 3905 1166 3958 οὐκ
1192 3905 1382 3970 ἐπάξει
1408 3905 1505 3977 τὴν
1533 3906 1782 3973 κόλασιν;
1810 3906 1932 3961 είπέ

265 4012 377 4065 μοι.
409 3996 619 4050 Οὐκοῦν
653 3997 774 4050 οὐδὲ
808 4002 923 4063 τοῖς
964 4000 1188 4068 ἀγαθοῖς
1233 4002 1499 4055 ἀποδώσει
1530 4002 1629 4066 τὰς
1665 4002 1929 4071 ἀμοιϐάς;

260 4090 395 4153 Ναὶ,
426 4091 558 4161 φησί
578 4108 595 4124 ο
628 4091 787 4147 τοῦτο
816 4093 926 4164 γὰρ
957 4095 1168 4165 πρέπον
1196 4096 1344 4167 αύτῷ
1370 4098 1465 4151 κα)⁵
1492 4084 1632 4167 ὑπὲρ
1655 4099 1753 4171 τὴν
1777 4096 1941 4163 ἀξίαν.

264 4186 599 4256 εὐεργετεῖν.
628 4188 791 4243 Ὥστε
834 4191 1017 4243 ἐκεῖνα
1059 4189 1234 4261 ἀληθῆ
1265 4192 1360 4246 καὶ
1405 4194 1620 4259 πάντως
1659 4193 1831 4258 ἔσται,
1865 4194 1935 4248 τά

262 4282 320 4335 δὲ
344 4283 456 4336 τῶν
485 4282 757 4338 κολάσεων
795 4286 854 4338 οὐ
888 4286 1137 4353 πάντως;
1168 4288 1233 4341 Ὢ
1256 4287 1357 4358 τῆς
1385 4287 1586 4358 πολλῆς
1621 4287 1716 4341 τοῦ
1759 4287 1937 4342 διαϐό-

266 4374 357 4429 λου
384 4378 767 4446 κακοτεχνίας,
792 4378 838 4431 ὦ
873 4379 974 4449 τῆς
1004 4380 1365 4452 ἀπανθρώπου
1392 4380 1593 4451 ταύτης
1631 4380 1935 4453 φιλανθρω-

266 4473 420 4535 πίας.
459 4474 699 4527 Ἐκείνου
730 4475 837 4546 γάρ
862 4476 1007 4529 ἐστιν
1035 4470 1186 4539 οὗτος
1211 4478 1239 4529 6
1263 4475 1521 4547 λογισμὸς
1548 4478 1707 4547 χάριν
1746 4476 1939 4546 ἀνόνη-

266 4586 356 4623 τον
387 4570 743 4643 χαριζόμενος
777 4573 872 4627 καὶ
916 4573 1191 4645 ῥᾳθύμους
1229 4573 1414 4627 ποιῶν.
1453 4574 1672 4644 Ἐπειδὴ
1716 4574 1824 4647 γὰρ
1861 4569 1939 4627 οἷ-

268 4667 375 4731 δεν,
401 4667 484 4719 ὅτι
509 4667 609 4737 τῆς
633 4667 905 4732 κολάσεως
929 4670 957 4721 6
987 4670 1169 4739 φόϐος,
1193 4670 1441 4743 καθάπερ
1470 4688 1552 4734 τις
1575 4670 1809 4741 χαλινὸς,
1840 4671 1946 4742 τὴν

277 4763 554 4835 ἡμετέραν
602 4766 760 4835 ἀγχει
814 4766 1010 4843 ψυχὴν,
1057 4769 1150 4820 καὶ
1195 4767 1305 4820 τῶν
1362 4767 1547 4821 κακῶν
1593 4768 1936 4832 ἀναστέλλει,

277 4862 458 4915 πάντα
498 4865 645 4915 ποιεῖ
674 4864 765 4917 καὶ
813 4864 1276 4936 πραγματεύεται,
1309 4865 1446 4918 ὥστε
1482 4864 1772 4937 πρόρριζον
1811 4865 1942 4929 ἀνα-

272 4959 479 5012 σπάσαι
509 4958 718 5025 τοῦτον,
743 4961 830 5013 ἵνα
866 4961 1050 5014 λοιπὸν
1084 4961 1253 5024 ἀδεῶς
1286 4962 1426 5015 κατὰ
1454 4963 1713 5033 κρημνῶν
1759 4962 1937 5033 φερώ-

276 5046 435 5116 μεθα.
465 5047 592 5109 Πῶς
620 5043 713 5101 οὖν
744 5048 908 5101 αὐτοῦ
951 5048 1361 5120 περιγενώμεθα
1384 5067 1407 5119 ;λ
1428 5050 1567 5103 Ὅσα
1597 5050 1662 5103 ἂν
1698 5050 1943 5121 εἴπωμεν

272 5142 381 5195 ἀπὸ
406 5143 515 5196 τῶν
558 5142 808 5214 Γραφῶν,
844 5143 1059 5215 ἐροῦσιν
1088 5146 1137 5197 οἱ
1181 5145 1570 5213 ἀντιλέγοντες,
1602 5146 1685 5199 ὅτι
1718 5147 1946 5219 ἀπειλῆς

276 5239 461 5294 ἕνεκεν
491 5239 821 5311 γέγραπται.
849 5240 1008 5295 Ἀλλά
1037 5243 1164 5314 περὶ
1192 5242 1291 5313 μὲν
1313 5242 1417 5301 τῶν
1446 5243 1743 5313 μελλόντων
1770 5244 1945 5317 ἔχοιεν

277 5334 344 5389 ἀν
378 5335 539 5390 τοῦτο
570 5336 770 5406 λέγειν,
809 5339 859 5391 εἰ
893 5338 987 5392 καὶ
1012 5339 1133 5392 λίαν
1160 5339 1368 5403 ἀσεϐῶς
1386 5355 1406 5383 ·-
1437 5341 1565 5412 περὶ
1603 5340 1661 5394 δὲ
1699 5340 1807 5395 τῶν
1852 5343 1944 5396 ἐκ-

279 5429 594 5503 ϐεϐηκότων
636 5434 737 5487 οὐκ
783 5434 897 5499 ἔτι,
948 5436 1042 5489 καὶ
1088 5435 1240 5500 τέλος
1290 5437 1619 5509 ἐσχηκότων.
1664 5436 1947 5509 Ἐρώμεθα

278 5530 455 5584 τοίνυν
476 5531 679 5597 αὐτούς
698 5532 1025 5599 ’Ἠκούσατε
1043 5535 1166 5605 περὶ
1187 5533 1281 5586 τοῦ
1316 5534 1696 5605 κατακλυσμοῦ
1728 5536 1824 5588 καὶ
1848 5535 1949 5604 τῆς

282 5631 657 5704 πανωλεθρίας
695 5631 938 5703 ἐκείνης;
990 5632 1064 5703 μὴ
1108 5634 1327 5687 κάκεῖνο
1361 5634 1589 5705 ἀπειλῆς
1640 5634 1822 5687 ἕνεκεν
1870 5633 1949 5686 εί-

289 5748 446 5811 ρητο;
477 5732 603 5803 οἱ)χὲ⁸
651 5730 866 5802 γέγονε,
914 5733 1007 5786 καὶ
1038 5733 1120 5795 εἰς
1165 5730 1322 5802 ἔργον
1353 5731 1508 5799 ἐξέϐη
1538 5749 1551 5800 ;
1592 5732 1710 5803 οὐχὶ
1746 5733 1839 5787 καὶ
1881 5732 1947 5786 τά

2004 713 2097 766 καὶ
2135 715 2193 768 ἐν
2237 714 2430 769 ἑκατὸν
2474 715 2617 770 ἔτεσι
2668 716 2769 783 τῆς
2803 714 3033 769 κιϐωτοῦ
3068 716 3525 786 τεκταινομένης,
3573 717 3670 769 καὶ

2002 808 2108 863 τῶν
2137 809 2307 874 ξύλων
2340 811 2895 879 κατασκευαζομένων
2915 822 2957 877 ⁸,
2992 812 3082 865 καὶ
3110 812 3205 865 τοῦ
3245 813 3454 865 δικαίου
3507 811 3677 881 βοῶν-.

2001 923 2113 969 τος,
2156 908 2329 972 οὐδεὶς
2363 910 2391 962 6
2425 910 2693 962 πιστεύων
2721 905 2819 979 ἦν’
2854 909 2969 962 ἀλλ’
2997 911 3182 983 ἐπειδὴ
3208 913 3309 965 οὐκ
3345 909 3669 965 ἐπίστευσαν

2003 996 2069 1064 τῇ
2101 993 2187 1047 διὰ
2229 995 2337 1047 τῶν
2368 996 2625 1066 ῥημάτων
2665 997 2896 1068 ἀπειλῇ,
2936 997 3033 1068 τὴν
3061 998 3148 1051 διά
3178 998 3284 1051 τῶν
3327 998 3683 1068 πραγμάτων.

2004 1089 2314 1162 ὑπέστησαν
2344 1094 2612 1164 τιμωρίαν
2644 1092 2857 1164 ἀθρόον.
2905 1090 3036 1147 Εἶτα
3074 1096 3104 1149 6
3146 1095 3402 1163 τοιαύτην
3444 1094 3666 1147 κόλασιν

2005 1188 2157 1260 [29η
2182 1190 2475 1258 ἐπαγαγὼν
2498 1191 2744 1255 ἐκείνοις,
2769 1192 2829 1244 οὕ
2861 1191 3039 1261 πολλῷ
3070 1192 3266 1262 μᾶλλον
3291 1191 3478 1255 ἐπάξει
3506 1192 3667 1261 ἡμῖνς

2004 1287 2065 1339 οὐ
2104 1287 2211 1357 γὰρ
2240 1287 2497 1341 ἐλάττονα
2531 1289 2638 1341 τῶν
2662 1288 2782 1341 τότε
2807 1288 2990 1341 κακῶν
3015 1287 3083 1341 τὰ
3113 1286 3206 1339 νῦν
3233 1287 3509 1356 γινόμενα.
3535 1285 3673 1339 Τότε

2010 1383 2105 1452 μὲν
2134 1381 2243 1452 γάρ
2275 1382 2551 1452 ἐπιμιξίας
2593 1382 2808 1436 ἐποίουν
2846 1382 3151 1453 ἀθέσμους·
3192 1379 3498 1449 Εἰσῆλθον
3538 1382 3679 1453 γὰρ,

2007 1482 2189 1551 φησὶν,
2218 1483 2272 1535 οὶ
2299 1482 2413 1535 υΙοί
2450 1482 2555 1535 τοῦ
2586 1481 2733 1535 Θεοῦ
2761 1481 2909 1549 πρὸς
2938 1480 3044 1547 τὰς
3075 1478 3399 1549 θυγατέρας
3424 1478 3543 1533 τῶν
3568 1480 3670 1533 ἀνα

2007 1580 2281 1648 θρώπων·
2312 1579 2407 1634 νῦν
2432 1580 2489 1634 δέ
2519 1581 2618 1634 οὐκ
2655 1580 2801 1634 ἔστιν
2830 1575 2965 1643 εἶδος
3008 1579 3282 1651 ἁμαρτίας
3312 1578 3610 1649 ἄπρακτον,
3646 1578 3671 1629 ὃ

2007 1680 2490 1751 καταλιμπάνεται.

2090 1838 2249 1904 Ἀλλ’,
2279 1841 2325 1894 εί
2358 1840 2522 1903 δοκεῖ,
2554 1840 2647 1894 καὶ
2680 1840 2766 1908 ἐφ’
2802 1839 2965 1911 ἕτερα
2998 1837 3269 1900 κολάσεως
3298 1835 3409 1904 εἴδη
3449 1833 3540 1885 τὸν
3584 1832 3671 1883 λό-

2006 1956 2103 2008 γον
2138 1938 2452 2010 ἀγάγωμεν,
2478 1938 2566 1992 ’ίνα
2601 1938 2665 1991 ἐκ
2694 1938 2802 1991 τῶν
2838 1934 3141 2006 γενομένων
3181 1935 3276 1988 καὶ
3312 1932 3380 1986 τὰ
3414 1930 3683 2001 μέλλοντα

2009 2040 2290 2110 πιστευθῇ.
2325 2038 2663 2109 Ἐπεδήμησέ
2708 2054 2792 2100 τις
2834 2036 2988 2108 ὑμῶν
3028 2039 3092 2107 τῇ
3128 2034 3459 2103 Παλαιστίνῃ
3503 2029 3670 2091 ποτέ;

2012 2137 2225 2205 Ἔγωγε
2263 2132 2435 2204 οἶμαι.
2478 2132 2682 2189 Οὐκοῦν
2720 2134 2877 2204 ὑμεῖς
2913 2131 3294 2202 μαρτυρήσατε
3336 2131 3399 2199 τῇ
3446 2124 3675 2197 ἀληθείᾳ

2009 2233 2118 2287 τῶν
2159 2231 2483 2302 λεγομένων.
2520 2229 2852 2292 Ἀσκάλωνος
2894 2228 3003 2298 γὰρ
3045 2228 3137 2280 καὶ
3184 2226 3362 2295 Γάζης
3402 2222 3673 2292 ἀνώτερον

2010 2329 2091 2392 είς
2123 2326 2254 2380 αὐτὸ
2294 2326 2386 2380 τοῦ
2424 2326 2690 2397 Ἰορδάνου
2724 2322 2969 2393 ποταμοῦ
3003 2324 3064 2377 τὸ
3104 2322 3255 2380 τέλος
3298 2316 3366 2391 ἦν
3406 2337 3490 2384 τις
3524 2318 3677 2389 χώρα

2010 2424 2177 2493 πολλή
2206 2440 2262 2477 τε
2292 2423 2384 2476 καὶ
2409 2421 2656 2493 εὔφορος,
2688 2423 2781 2475 καὶ
2808 2421 2883 2490 τῷ
2908 2419 3219 2490 παραδείσῳ
3243 2418 3338 2473 τοῦ
3365 2416 3499 2471 Θεοῦ
3526 2416 3679 2488 ἀμιλ-

2009 2517 2254 2592 λωμένηο
2282 2516 2419 2575 Εἷδε
2456 2519 2585 2591 γάρ,
2610 2519 2763 2589 φησὶ,
2796 2517 2923 2572 Λὼτ
2963 2515 3170 2572 πᾶσαν
3200 2515 3314 2583 τὴν
3348 2514 3680 2583 περίχωρον

2011 2620 2118 2673 τοῦ
2146 2619 2459 2686 Ἰορδάνου,
2501 2616 2596 2671 καὶ
2628 2612 2708 2685 ἦν
2747 2612 3096 2683 ποτιζομένῃ
3135 2612 3215 2677 ὡς
3249 2614 3282 2667 ὁ
3320 2609 3681 2680 παράδεισος

2012 2719 2117 2772 τοῦ
2156 2718 2323 2771 Θεοῦ.
2361 2716 2522 2770 Ἀλλά
2568 2714 2662 2769 νῦν
2706 2712 2844 2783 αὕτη
2880 2713 3066 2766 πασῶν
3098 2711 3207 2764 τῶν
3260 2712 3485 2782 ἐρήμων
3532 2710 3682 2762 ἐστὶν

2014 2813 2338 2884 ἐρημοτέρα.
2364 2812 2600 2881 ’Ἔστηκε
2647 2810 2744 2878 μὲν
2776 2807 2884 2879 γὰρ
2908 2807 3125 2878 δένδρα,
3167 2808 3262 2860 καὶ
3300 2804 3513 2875 καρπὸν
3543 2803 3678 2873 ἔχει,

2015 2912 2044 2964 ὁ
2066 2912 2121 2964 δὲ
2149 2909 2360 2980 καρπὸς
2380 2909 2478 2978 τῆς
2504 2906 2596 2961 τοῦ
2620 2906 2752 2959 Θεοῦ
2780 2906 2949 2977 ὀργῆς
2971 2907 3117 2959 ἐστιν
3143 2904 3358 2974 ύπόμνη
3369 2921 3462 2971 μα.
3491 2903 3680 2970 Ἐστή-

2016 3024 2145 3061 κασι
2176 3006 2283 3076 γὰρ
2336 3005 2477 3076 ῥοιαὶ
2521 3003 2779 3074 λαμπρὰν
2812 3003 2909 3073 μὲν
2944 3001 3160 3072 ἔχουσαι.
3192 3001 3289 3068 τὴν
3340 3001 3679 3068 ἐπιφάνειαν,

2018 3104 2113 3158 1(a).
2143 3101 2382 3174 χρηστάς
2409 3100 2738 3171 παρέχουσαι
2769 3101 2882 3161 τοῖς
2918 3097 3200 3165 ἀγνοοῦσιν
3236 3096 3474 3159 ἐλπίδας,
3511 3098 3590 3158 είς
3627 3095 3685 3148 δὲ

2018 3202 2206 3272 χεῖρας
2248 3199 2534 3268 ληφθεῖσαι
2569 3199 2662 3250 καὶ¹
2709 3196 3152 3259 διακλασθεῖσαι,
3200 3194 3411 3265 καρπὸν
3457 3192 3554 3262 μὲν
3591 3193 3687 3246 ού·-

2019 3298 2161 3362 δένα,
2203 3298 2349 3351 κόνιν
2395 3296 2451 3349 δὲ
2490 3295 2582 3348 καὶ
2613 3295 2820 3364 τέφραν
2862 3292 3258 3346 ἐπιδείκνυνται
3305 3290 3503 3361 πολλὴν
3540 3288 3687 3345 ἔνδον

2020 3394 2403 3466 ἀποκειμένην.
2446 3390 2679 3459 Τοιαύτη
2715 3390 2829 3444 ἐστὶ
2871 3390 2965 3442 καὶ
3011 3392 3043 3460 ὴ
3082 3390 3186 3456 γῆ,
3234 3388 3463 3441 τοιοῦτοι
3502 3388 3592 3441 καὶ
3638 3390 3688 3441 οί

2019 3493 2183 3555 λίθοι,
2218 3492 2452 3553 τοιοῦτος
2485 3490 2579 3542 καὶ
2618 3490 2645 3542 6
2692 3488 2800 3558 ἀὴρ
2834 3486 3013 3549 αὐτός.
3050 3486 3236 3539 Πάντα
3275 3484 3685 3553 ἐμπέπρησται,

2022 3591 2198 3645 πάντα
2223 3589 2575 3658 τετέφρωται,
2606 3586 2703 3656 τῆς
2734 3581 3107 3653 προλαϐούσης
3133 3580 3299 3651 ὀργῆς
3328 3578 3690 3647 ὑπομνήματα

2023 3686 2177 3750 ὄντα,
2220 3687 2317 3756 τῆς
2354 3684 2650 3753 μελλούσης
2682 3679 2954 3742 κολάσεως
3004 3675 3427 3749 προμηνύματα.
3460 3674 3551 3745 Μὴ
3595 3674 3690 3728 καὶ

2022 3783 2193 3837 ταῦτα
2218 3782 2435 3835 ἀπειλαὶ
2466 3780 2752 3850 ρημάτωνς
2786 3776 2858 3848 μὴ
2892 3774 2985 3829 καὶ
3011 3772 3182 3827 ταῦτα
3205 3771 3367 3841 ψόφοι
3402 3770 3687 3841 ρημάτωνς

2024 3880 2092 3934 Εί
2111 3897 2194 3941 τις
2226 3879 2445 3931 ἀπιστεῖ
2476 3880 2541 3947 τῇ
2577 3875 2788 3946 γεέννῃ,
2814 3872 2882 3926 τὰ
2910 3871 3118 3940 Σόδομα
3150 3867 3467 3936 λογιζέσθω,
3504 3868 3571 3920 τὰ
3597 3867 3693 3919 Γό-

2029 3978 2207 4047 μορῥα
2238 3974 2508 4039 ἐννοείτω,
2537 3971 2635 4041 τὴν
2661 3969 2930 4042 τιμωρίαν
2956 3966 3049 4037 τὴν
3076 3966 3173 4035 ’ήδη
3202 3961 3571 4033 γεγενημένην
3598 3959 3697 4015 καὶ

2031 4073 2193 4144 μέχρι
2226 4069 2319 4123 νῦν
2365 4070 2650 4139 μένουσαν.
2693 4066 2869 4135 Ὅπερ
2900 4064 2993 4116 καὶ
3026 4065 3059 4131 ἡ
3103 4061 3223 4113 θεία
3252 4058 3441 4130 Γραφὴ
3475 4058 3692 4128 διηγου-

2032 4170 2167 4242 μένη
2196 4169 2323 4240 περὶ
2360 4167 2459 4233 τῆς
2491 4165 2681 4234 σοφίας
2716 4162 2910 4234 φησίν
2955 4159 3114 4227 Αὕτη
3152 4158 3405 4220 δίκαιον,
3439 4154 3695 4218 ἐξαπολ-

2029 4266 2305 4336 λυμένων
2353 4260 2617 4326 ἀσεϐῶν,
2664 4260 2958 4329 ἐρρύσατο
3007 4255 3275 4326 φυγόντα
3332 4250 3696 4307 καταϐάσιον

2031 4362 2151 4432 πῦρ
2184 4362 2629 4425 Πενταπόλεως.
2670 4356 2818 4426 Αὕτη
2857 4355 2953 4409 καὶ
2990 4352 3086 4408 νῦν
3124 4353 3202 4407 έτι
3240 4354 3322 4417 είς
3363 4350 3699 4419 Μαρτύριον

2031 4458 2144 4529 τῆς
2187 4458 2476 4527 πονηρίας
2517 4453 2909 4524 καπνιζομένη
2953 4453 3289 4519 καθέστηκε
3329 4448 3565 4518 χέρσος,
3597 4446 3697 4500 καὶ

2033 4558 2315 4612 ἀτελέσιν
2342 4555 2520 4623 ὥραις
2564 4549 3030 4622 καρποφοροῦσα
3059 4550 3131 4602 τὰ
3162 4546 3338 4617 φυτά.
3381 4545 3701 4612 Ἀναγκαῖον

2033 4656 2090 4709 δὲ
2126 4654 2220 4707 καὶ
2255 4653 2355 4725 τὴν
2381 4652 2558 4706 αἰτίαν
2586 4652 2779 4711 εἰπεῖν,
2811 4650 2877 4702 δι’
2902 4648 2970 4718 ἢν
3000 4645 3173 4699 ταῦτα
3219 4641 3568 4696 πεπόνθασιν.
3603 4641 3699 4694 Ἓν

2034 4750 2101 4826 ἦν
2125 4754 2185 4807 τὸ
2207 4754 2453 4821 πταῖσμα
2479 4749 2679 4815 αὐτῶν,
2707 4746 2940 4818 χαλεπὸν
2970 4744 3068 4814 μὲν
3106 4742 3200 4797 καὶ
3224 4740 3495 4811 ἐπάρατον
3517 4756 3531 4770 ·
3563 4738 3705 4808 πλὴν,

2035 4852 2113 4905 ἓν.
2158 4849 2402 4903 Παισὶνδ
2442 4845 2815 4916 ἐπεμαίνοντο,
2851 4841 2944 4895 καὶ
2986 4839 3073 4893 διὰ
3117 4837 3272 4891 τοῦτο
3322 4836 3534 4907 πυρίνῳ
3568 4850 3700 4886 κατ-

2038 4945 2349 5015 εκαύθησαν
2377 4940 2545 5011 ύετῷ’
2576 4938 2671 4993 νῦν
2695 4939 2752 4991 δὲ
2795 4937 2960 5008 μυρία
2990 4935 3084 4988 καὶ
3111 4934 3201 4987 ίσα
3226 4933 3320 4987 καὶ
3344 4928 3703 5001 χαλεπώτερα

2038 5045 2276 5113 γίνεται,
2335 5039 2430 5092 καὶ
2478 5036 2715 5097 τοιοῦτος
2774 5031 3104 5103 ἐμπρησμὸς
3155 5029 3215 5083 ού
3270 5026 3498 5096 γίνεται.
3546 5022 3710 5086 Τίνος

2039 5141 2255 5204 ἓνεκενς
2287 5134 2411 5189 Ὅτι
2444 5133 2555 5203 πῦρ
2591 5131 2777 5204 ἕτερον
2809 5130 3153 5201 ἡτοίμασται,
3197 5121 3459 5195 μηδέποτε
3487 5117 3703 5172 σϐεννύ.

2045 5254 2223 5309 μενον.
2279 5233 2407 5297 Πῶς
2441 5231 2549 5301 γὰρ
2578 5231 2607 5283 6
2647 5228 2787 5300 ὑπὲρ
2831 5227 2948 5291 ἐνὸς
2998 5224 3390 5309 ἁμαρτήματος
3436 5217 3710 5286 τοσαύτην.

2042 5331 2210 5404 ὀργὴν
2238 5326 2552 5397 ἐπαγαγὼν,
2583 5324 2677 5378 καὶ
2710 5323 2846 5395 μήτε
2881 5320 2975 5374 τοῦ
3013 5316 3264 5387 Ἀϐραὰμ
3294 5314 3391 5384 τὴν
3424 5312 3703 5383 ἱκετηρίαν

2044 5424 2363 5496 δεξάμενος,
2400 5421 2537 5492 μήτε
2583 5417 2674 5471 τὸν
2709 5415 2913 5469 ἐνοικον
2965 5408 3304 5477 δυσωπηθεὶς
3334 5406 3475 5471 Λὼτ,
3521 5404 3704 5459 τοσούο

2113 5678 2139 5706 ⁸
2159 5675 2313 5725 0011)..
2326 5675 2421 5722 τῶν
2441 5670 2945 5737 ,ξύλων-ὑφαινομένων.
3115 5723 3129 5737 ,
3310 5724 3317 5733 ν

2114 5741 2141 5779 b
2170 5738 2251 5788 Sic
2269 5741 2405 5787 recte
2428 5734 2563 5788 Colb.
2591 5727 2811 5784 ln'Savii.
2837 5727 3081 5791 ἐπάρατον
3110 5727 3156 5772 ἰν
3178 5727 3358 5775 παισίν.
