4058 6344
418 255 528 311 289

410 375 515 410 των
548 358 731 411 κακῶν
764 356 1062 427 γινομένων
1092 357 1337 426 φείσεται
1360 360 1553 430 ἡμῶν;
1588 362 1702 415 Οὐκ
1734 363 1849 417 ἔστι
1876 362 2071 429 ταῦτα,

407 454 507 505 ούκ
540 452 707 505 ἐστιν.

482 537 552 605 η’.
588 536 746 589 Ἀλλά
775 536 849 607 μὴ
875 537 1032 607 μέχρι
1066 537 1267 588 τούτων
1290 536 1502 606 στῶμεν
1522 554 1537 567 ο
1570 537 1723 607 φέρε,
1746 538 1963 610 ἐτέρους
1996 555 2075 600 εις

416 625 580 693 μέσον
625 624 922 694 ἀγάγωμεν
963 624 1317 687 κολασθέντας
1342 664 1355 685 ,
1391 626 1479 678 ἵνα
1514 624 1601 677 διά
1641 626 1897 679 πλειόνων
1941 628 2080 678 ἀπο-

412 710 630 775 δείξεων
691 711 933 781 πιστωθῇ
992 711 1060 763 τὰ
1124 711 1406 779 λεγόμενα.
1464 710 1566 763 Τὸν
1620 711 1818 782 Φαραὼ
1876 713 2076 774 πάντες

411 795 632 847 ἀκούετε
666 794 754 845 τὸν
790 793 1010 863 βασιλέα
1042 793 1148 847 τῶν
1176 793 1518 861 Αἰγυπτίων·
1550 794 1743 845 ούκούν
1773 795 1956 847 οἴδατε
1983 793 2077 847 καὶ

422 882 520 950 τὴν
560 880 735 949 δίκην,
783 880 848 949 ἦν
880 879 1096 942 ἔδωκεν,
1139 880 1286 942 ὅπως
1330 880 1424 932 σὺν
1472 878 1678 951 ἅρμασι
1713 881 1807 934 καὶ
1854 882 2075 947 ἵπποις,

427 967 563 1037 μετὰ
604 966 698 1020 τοῦ
744 967 1102 1036 στρατοπέδου
1148 966 1346 1029 παντὸς
1400 968 1479 1026 είς
1510 966 1572 1019 τὸ
1626 966 1908 1037 ἐρυθραῖον
1949 985 2079 1020 κατ-

417 1054 710 1125 εποντίσθη
764 1054 1014 1121 πέλαγος.
1053 1053 1169 1106 Ἵνα
1199 1053 1255 1106 δὲ
1297 1052 1518 1114 καὶτὰς
1556 1052 1821 1105 Ἰουδαίων
1872 1053 2076 1124 μάθητε

411 1139 679 1210 κολάσεις,
717 1139 880 1193 ἄκουε
908 1138 1119 1192 Παύλου
1166 1138 1445 1206 λέγοντος·
1480 1137 1646 1204 Μηδέ
1682 1139 2066 1206 πορνεύωμεν

411 1228 604 1292 καθώς
649 1243 807 1292 τινες
851 1224 1048 1280 αὐτῶν
1087 1226 1481 1292 ἐπόρνευσαν,
1518 1224 1616 1277 καὶ
1662 1223 1887 1278 ἔπεσον
1918 1223 2071 1296 [Ξ98]

411 1314 480 1365 ἑν
498 1312 605 1382 μιᾷ
634 1312 823 1381 ἡμέρᾳ
851 1312 1043 1366 εἴκοσι
1074 1311 1227 1378 τρεῖς
1266 1310 1559 1379 χιλιάδες*
1587 1310 1742 1379 μηδὲ
1790 1309 2076 1380 γογγύζω-

412 1417 544 1467 μεν,
581 1400 771 1462 καθώς
810 1415 970 1463 τινες
1006 1397 1203 1451 αὐτῶν
1228 1398 1587 1467 ἐγόγγυσαν,
1627 1398 1724 1451 καὶ
1766 1398 2080 1453 ἀπώλοντο

413 1488 531 1541 ὑπὸ
571 1488 677 1541 τοῦ
709 1485 1065 1553 ὀλοθρευτοῦ
1086 1503 1098 1515 ·
1128 1484 1285 1553 μηδὲ
1316 1484 1671 1552 πειράζωμεν
1706 1486 1812 1539 τὸν
1841 1486 2078 1553 Κύριον,

414 1572 604 1638 καθώς
649 1590 806 1637 τινες
850 1572 1048 1625 αὐτῶν
1080 1571 1424 1638 ἐπείρασαν,
1457 1571 1555 1624 καὶ
1583 1572 1703 1625 ὑπὸ
1742 1570 1861 1624 τῶν
1889 1571 2083 1640 ὄφεων

414 1661 741 1714 ἀπώλοντο.
776 1661 837 1714 Εἰ
862 1660 920 1712 δὲ
957 1660 1192 1711 κάκεῖνοι
1219 1657 1442 1710 τοιαῦτα
1473 1657 1799 1711 πεπόνθασιν
1843 1658 1981 1728 ὑπὲρ
2005 1653 2081 1711 ὧν

413 1750 677 1819 ἥμαρτον,
705 1748 756 1800 τί
781 1760 803 1787 ο
833 1748 894 1799 ού
929 1746 1223 1815 πεισόμεθα
1248 1747 1445 1815 ἡμεῖς;
1480 1743 1640 1797 Ἀλλά
1670 1744 1765 1797 νῦν
1791 1744 1943 1798 οὐδὲν
1971 1761 2076 1798 πα-

416 1836 651 1906 σχόμεθα
670 1835 859 1898 δεινὸν,
886 1834 979 1886 καὶ
999 1832 1087 1886 διὰ
1107 1831 1262 1885 τοῦτο
1291 1831 1524 1902 μάλιστα
1541 1831 1831 1885 δεδοικέναι
1850 1833 1976 1903 χρή.
2004 1832 2081 1885 Οὐ

414 1925 522 1993 γὰρ
550 1924 643 1975 ἐπὶ
671 1920 748 1993 τῷ
783 1922 857 1992 μὴ
890 1920 1072 1974 δοῦναι
1102 1920 1275 1989 δίκην,
1306 1919 1417 1972 ἀλλ’
1442 1919 1534 1971 ἐπὶ
1559 1918 1636 1989 τῷ
1665 1919 1879 1991 χείρονα
1899 1919 2082 1973 δοῦναι

413 2010 746 2080 τηρούμεθα,
780 2011 827 2062 εί
867 2009 940 2080 μὴ
973 2006 1423 2078 μεταὸαλοίμεθα.
1465 2008 1690 2060 Ἐκεῖνοι
1720 2008 1818 2078 μὲν
1850 2009 1959 2078 γὰρ
1982 2007 2083 2060 ούκ

414 2098 633 2169 ᾔδεισαν
666 2097 764 2166 τὴν
800 2096 1041 2162 γέενναν,
1072 2095 1165 2147 καὶ
1198 2098 1315 2156 ταῖς
1355 2093 1590 2147 ἐνταῦθα
1634 2094 1976 2165 παρεδίδοντο
2002 2111 2085 2146 τι-

419 2186 678 2257 μωρίαις·
716 2184 873 2253 ἡμεῖς
908 2182 964 2234 δὲ
993 2183 1092 2234 ὅσα
1126 2180 1190 2234 ἂν
1224 2181 1578 2251 ἀμάρτωμεν,
1606 2183 1708 2234 κάν
1742 2182 1905 2252 μηδὲν
1937 2183 2085 2235 ἀνια-

420 2273 510 2342 ρδν
534 2274 590 2323 ἐν
617 2270 693 2340 τῷ
723 2272 953 2341 παρόντι
984 2269 1083 2339 βίῳ
1116 2268 1392 2337 πάθωμεν,
1431 2269 1489 2319 ἐν
1516 2269 1593 2338 τῷ
1630 2268 1875 2338 μέλλοντι
1906 2270 2083 2323 πάντα.

415 2358 733 2428 πεισόμεθα.
778 2358 896 2420 Πῶς
930 2359 1035 2427 γὰρ
1082 2356 1147 2410 ἂν
1188 2355 1299 2425 ἐχοι
1344 2355 1519 2423 λόγον,
1566 2355 1807 2419 ἐκείνους
1842 2356 1940 2425 μὲν
1982 2373 2093 2426 νην·

415 2445 801 2516 πιωδεστέρους
835 2445 991 2507 ὄντας
1042 2442 1265 2496 τοιαῦτα
1300 2440 1650 2506 πεπονθέναι,
1695 2444 1843 2512 ἡμᾶς
1886 2442 1944 2494 δὲ
1992 2460 2077 2494 τεο

415 2532 696 2601 λειοτέρων
725 2531 1130 2591 ἀπολαύσαντας
1164 2528 1518 2598 μαθημάτων,
1562 2528 1655 2581 καὶ
1692 2528 1824 2581 πολὺ
1867 2528 2083 2598 χείρονα

417 2619 705 2682 πταίοντας
745 2618 988 2685 ἐκείνων,
1018 2616 1298 2684 δ;αφυγεῖν
1335 2614 1433 2677 τὰς
1465 2614 1771 2685 τιμωρίας;
1816 2615 2077 2667 Βούλεσθε

418 2708 511 2759 καὶ
538 2706 634 2768 τὰς
667 2704 856 2768 λοιπὰς
892 2703 1071 2758 αὐτῶν
1108 2702 1334 2755 ἀκοῦσαι
1369 2702 1672 2772 συμφοράς,
1709 2703 1838 2765 ὅσας
1877 2702 2077 2754 ἔπαθον

416 2795 473 2845 ὲν
506 2792 830 2862 Παλαιστίνῃ
860 2791 964 2843 ὑπὸ
991 2789 1342 2842 Βαϐυλωνίων
1380 2788 1475 2841 καὶ
1510 2788 1807 2859 Ἀσσυρίων
1840 2789 1932 2841 καλ⁵
1960 2791 2079 2842 Μα-

417 2880 672 2945 κεδόνων;
707 2880 862 2942 ὅσους
898 2877 1192 2947 ὑπέμειναν
1230 2875 1439 2945 λιμοὺς,
1485 2875 1724 2945 λοιμοὺς,
1782 2875 2078 2945 πολέμους,

417 2966 791 3037 αἰχμαλωσίας
819 2965 910 3017 ἐπὶ¹
947 2965 1103 3017 Τίτου
1141 2962 1235 3015 καὶ⁴
1269 2961 1714 3029 Οὐεσπασιανοῦ;
1750 2962 1861 3032 Τὴν
1899 2963 2082 3034 Ἰωσήο

419 3071 522 3107 που
562 3054 738 3123 βίϐλον
780 3052 1075 3120 ἀνάγνωτε,
1102 3052 1167 3121 ἣν
1201 3049 1405 3120 ἔγραψε
1439 3050 1568 3121 περὶ
1599 3049 1698 3119 τῆς
1727 3050 1834 3105 τῶν
1866 3050 2083 3121 Ἰεροσο-

418 3141 603 3211 λύμων
651 3138 930 3202 ἁλώσεως,
977 3137 1071 3190 καὶ
1106 3135 1409 3206 μαθήσεσθε
1458 3134 1560 3207 τὴν
1611 3136 1814 3206 πικρὰν
1864 3136 2080 3207 ἐκείνην

418 3227 745 3299 τραγῳδίαν.
788 3226 942 3280 Μετά
971 3225 1079 3294 γὰρ
1102 3223 1207 3277 τῶν
1235 3223 1408 3277 ἄλλων
1455 3222 1665 3288 δεινῶν,
1701 3226 1780 3287 εἰς
1812 3223 2080 3294 τοσαύτην

422 3315 580 3387 λιμοῦ
620 3314 941 3385 περιέπεσον
970 3310 1293 3382 ὑπερϐολὴν,
1317 3312 1391 3374 ὼς
1423 3312 1516 3364 καὶ⁵
1543 3310 1642 3373 τάς
1667 3310 1844 3375 ζώνας
1876 3312 2076 3377 αὐτῶν,

424 3404 515 3455 καὶ
541 3402 609 3455 τά
641 3401 978 3471 ὑποδήματα.
1006 3399 1099 3452 καὶ
1129 3398 1195 3451 τά
1231 3397 1431 3451 τούτων
1458 3397 1653 3451 ἐσθίειν
1684 3398 2078 3469 βδελυρώτερα.

425 3489 609 3544 Πάντα
661 3488 766 3558 γὰρ
802 3487 891 3539 ὑπ’
930 3484 1146 3547 ὀδόντας
1188 3480 1322 3555 ἦγεν
1366 3487 1399 3555 ἡ
1448 3484 1691 3554 ἀνάγκη.
1744 3483 1924 3547 καθώς
1973 3484 2076 3537 πού

424 3593 589 3649 φησιν
628 3577 657 3630 6
689 3573 1003 3645 προλεχθε“ις
1049 3571 1413 3643 συγγραφεύς.
1449 3571 1559 3623 Καὶ
1602 3570 1722 3623 οὐδὲ
1755 3570 1913 3641 μέχρι
1950 3570 2077 3624 τού-

425 3682 534 3717 των
570 3662 821 3735 εστησαν,
849 3662 983 3716 ἀλλά
1007 3662 1101 3715 καὶ
1135 3662 1243 3713 τῶν
1276 3660 1418 3712 ίδίων
1447 3659 1816 3726 ἀπεγεύσαντο
1845 3659 2070 3713 τέκνων.

429 3751 553 3813 Πῶς
593 3746 706 3813 οὖν,
736 3749 954 3803 ἐκείνων
992 3748 1244 3811 τοιαύτας
1286 3747 1591 3800 δεδωκότων
1624 3746 1796 3811 δίκας,
1839 3748 2001 3817 ἡμεῖς
2032 3748 2085 3799 ol.

428 3839 496 3892 τὰ
541 3838 757 3906 χείοονα
789 3836 989 3890 τούτων
1030 3836 1357 3905 πράττοντες
1393 3832 1833 3903 διαφευξώμεθα;
1877 3834 1941 3887 Εἰ
1974 3832 2085 3907 γὰρ

497 3951 527 3982 ⁸
553 3950 703 4001 Savll.
726 3951 944 4012 quaedam
963 3950 1142 4012 omisit,
1164 3962 1276 4013 qum
1296 3949 1624 3999 restituuntur
1641 3960 1707 3997 ex
1728 3946 1944 3999 Colbert.

1216 249 1270 305 S.
1308 248 1592 307 JOANNIS
1628 250 2104 310 CHRYSOSTOMI
2142 255 2459 313 ARCHIEP.
2500 256 3039 314 CONSTANTINOP.

3732 245 3843 303 290

2179 376 2375 427 ἐκεῖνοι
2419 374 2785 444 ἐκολάσθησαν
2818 372 2955 436 τότε,
3000 370 3088 424 διὰ
3118 368 3171 422 τί
3210 369 3371 439 ἡμεῖς
3410 368 3472 419 οὐ
3502 364 3836 433 κολαζόμεθα

2177 458 2304 525 νύν;
2335 460 2469 529 Οὐχὶ
2498 462 2592 514 καὶ
2621 458 2804 528 τυφλῷ
2831 459 3006 529 δῆλον,
3031 458 3111 510 ὅτι
3137 455 3225 508 διὰ
3258 455 3318 506 τὸ
3352 451 3676 507 ἀποκεῖσθαι
3706 452 3836 520 ἡμῖν

2177 548 2236 598 ἐν
2259 546 2335 617 τῷ
2364 547 2605 615 μέλλοντι
2634 546 2729 617 τὴν
2756 546 2991 607 κόλασιν,
3023 541 3202 604 καθὼς
3229 542 3363 611 ἔφην
3394 538 3683 602 πολλάκις;
3719 538 3836 607 Χρὴ

2177 633 2233 685 δὲ
2260 632 2565 702 λογίζεσθαι
2604 633 2740 705 πρὸς
2768 630 2975 693 τούτοις
3007 630 3101 683 καὶ
3136 629 3206 681 τὰ
3232 628 3327 680 νῦν
3356 630 3412 680 ἐν
3445 625 3521 695 τῷ
3561 625 3660 694 βίῳ
3698 625 3837 692 γινό-

2182 734 2335 785 μενα,
2381 716 2475 768 καὶ
2516 716 2615 768 οὐκ
2646 715 3016 785 ἀπιστήσομεν
3049 715 3116 783 τῇ
3146 711 3357 780 γεέννῃ.
3398 708 3461 762 Εί
3494 709 3601 778 γάρ
3630 708 3836 770 δίκαιός

2178 803 2323 857 ἔστιν
2356 803 2385 855 6
2406 804 2535 866 Θεὸς
2565 802 2659 855 καὶ
2685 800 3201 872 ἀπροσωπόληπτος,
3236 797 3426 867 ῶσπερ
3456 791 3547 849 οὖν
3577 796 3669 847 καὶ
3700 794 3839 858 ἐστι,

2177 892 2321 954 τίνος
2371 890 2553 943 ἕνεκεν
2584 891 2634 943 οί
2676 890 2773 961 μὲν
2809 888 3042 942 διδόασιν
3086 884 3318 939 ἐνταῦθα
3375 884 3550 953 φόνων
3586 882 3759 945 δίκας,
3790 884 3840 934 οἱ

2178 978 2236 1030 δὲ
2272 980 2331 1031 οὐ
2365 977 2633 1041 διδόασιν;
2678 977 2726 1029 οί
2776 974 2873 1045 μὲν
2906 973 3012 1027 τῶν
3049 971 3249 1043 μοιχῶν
3294 970 3675 1041 τιμωροῦνται,
3706 971 3755 1020 οί
3784 968 3842 1021 δὲ

2177 1064 2497 1118 τελευτῶσιν
2540 1061 2913 1133 ἀτιμώρητοι;
2960 1061 3114 1113 πόσοι
3166 1057 3513 1129 τυμϐωρύχοι
3551 1057 3838 1125 διέφυγονς

2179 1153 2333 1205 πόσοι
2366 1151 2591 1224 λῃσταί;
2632 1150 2786 1203 πόσοι
2833 1147 3181 1212 πλεονέκταις
3230 1147 3384 1199 πόσοι
3432 1146 3711 1215 ἆρπαγεςς
3743 1144 3841 1195 Ἂν

2178 1235 2271 1293 οὖν
2302 1239 2493 1307 γέεννα
2532 1237 2605 1309 μὴ
2636 1233 2705 1310 ᾗ,
2730 1236 2831 1289 ποῦ
2863 1235 3132 1305 τιμωρίαν
3168 1233 3459 1302 ὑφέξουσιν
3486 1250 3500 1298 ;
3529 1227 3676 1301 Ἀρα
3719 1230 3842 1282 πεί-

2180 1326 2344 1395 θομεν
2374 1325 2499 1388 τοὺς
2532 1324 2929 1391 ἀντιλέγοντας,
2953 1322 3034 1374 ὅτι
3062 1321 3162 1373 οὐκ
3190 1318 3304 1372 ἔστι
3340 1317 3507 1389 μῦθος
3530 1320 3559 1370 ὁ
3591 1317 3718 1387 περὶ
3748 1317 3847 1370 αύ-

2179 1417 2276 1484 τῆς
2307 1413 2495 1481 λόγος;
2541 1410 2695 1465 Οὕτω
2723 1411 2830 1482 γάρ
2862 1411 3008 1462 ἐστιν
3037 1407 3261 1479 ἀληθὴς,
3294 1408 3375 1460 ὅτι
3413 1407 3511 1477 οὐχ
3542 1407 3702 1476 ἡμεῖς
3746 1407 3846 1476 μό-

2179 1522 2290 1569 νον,
2317 1503 2453 1557 ἀλλά
2479 1504 2570 1556 καὶ
2598 1501 2821 1571 ποιηταὶ
2847 1500 2940 1554 καὶ
2977 1499 3253 1568 φιλόσοφοι
3292 1498 3385 1550 καὶ
3411 1497 3683 1564 λογοποιοὶ
3713 1495 3846 1566 περὶ

2180 1592 2277 1663 τῆς
2306 1592 2597 1660 μελλούσης
2629 1588 3033 1649 ἀνταποδόσεως
3065 1586 3481 1656 ἐφιλοσόφησαν,
3508 1584 3602 1637 καὶ
3626 1586 3685 1636 ἐν
3710 1583 3845 1654 ᾅδου

2175 1679 2492 1742 κολάζεσθαι
2520 1680 2644 1741 τοὺς
2680 1677 2949 1747 πονηροὺς
2984 1675 3289 1745 εἰρήκασιν.
3324 1674 3387 1726 El
3416 1673 3523 1742 γάρ
3564 1688 3657 1725 και
3703 1672 3845 1741 μετά

2174 1767 2448 1838 ἀληθείας,
2491 1767 2566 1829 ώς
2597 1765 2708 1835 ἔχει
2753 1763 2946 1827 ταῦτα,
2994 1764 3167 1815 εἰπεῖν
3204 1762 3302 1814 ούκ
3337 1760 3702 1830 ἠδυνήθησαν,
3737 1759 3837 1812 ἆτε

2173 1854 2280 1907 ἀπὸ
2305 1852 2579 1923 λογισμῶν
2611 1850 2919 1921 κινηθέντες
2944 1849 3035 1901 καὶ
3066 1848 3539 1920 παρακουσμάτων
3568 1847 3675 1899 τῶν
3709 1849 3846 1918 παρ’

2174 1943 2324 2013 ἡμῖν,
2352 1940 2464 1994 ἀλλ’
2494 1940 2641 2010 ὅμως
2670 1937 2853 1990 εἰκόνα
2888 1937 3011 1989 τινὰ
3041 1934 3273 2006 κρίσεως
3302 1935 3511 1989 ἔλαϐον.
3546 1936 3845 1999 Κωκυτοὺς

2175 2028 2281 2099 γάρ
2326 2026 2454 2096 φασί
2508 2041 2659 2087 τινας
2698 2024 2792 2076 καὶ
2842 2020 3343 2092 Πυριφλεγέθοντος
3380 2022 3694 2090 ποταμοὺς,
3747 2024 3846 2074 καὶ

2175 2117 2373 2185 Στυγὸς
2398 2115 2561 2184 ὕδωρ,
2586 2113 2679 2166 καὶ
2705 2113 2985 2183 Τάρταρον
3012 2107 3260 2165 τοσοῦτον
3284 2111 3557 2181 ἀπέχοντα
3581 2112 3683 2180 τῆς
3711 2112 3841 2180 γῆς,

2173 2204 2298 2257 ὅσον
2343 2202 2481 2271 αὕτη
2514 2199 2607 2253 τοῦ
2648 2198 2897 2269 ούρανοῦ,
2933 2200 3025 2253 καὶ
3057 2198 3280 2262 πολλοὺς
3312 2198 3532 2269 ἐτέρους
3562 2196 3842 2262 κολάσεως

2176 2292 2435 2362 τρόπους·
2474 2289 2569 2341 καὶ
2610 2286 2758 2359 [299]
2795 2287 2956 2340 πάλιν
2988 2284 3234 2338 Ἠλύσιον
3286 2286 3488 2350 πεδίον,
3528 2287 3621 2340 καὶ
3663 2288 3845 2356 μακά.

2156 2395 2283 2448 -ρων
2312 2378 2527 2447 νήσους,
2567 2379 2661 2429 καὶ
2692 2375 2960 2446 λειμῶνας
3000 2374 3260 2437 εὐανθεῖς,
3302 2375 3399 2428 καὶ
3445 2374 3671 2428 εὐωδίαν
3716 2375 3846 2428 πολ-

2173 2463 2290 2534 λὴν,
2333 2465 2426 2518 καὶ
2452 2462 2626 2534 αὔραν
2679 2463 2899 2532 λεπτὴν,
2928 2463 3021 2516 καὶ
3048 2464 3241 2532 χοροὺς
3274 2464 3391 2516 ἐκεῖ
3429 2462 3808 2534 διατρίϐοντας
3827 2504 3844 2525 ,

2174 2555 2267 2604 καὶ
2294 2549 2489 2620 λευκὴν
2518 2548 3007 2621 πριὸεὸλημένους
3034 2549 3245 2620 στολὴν,
3270 2552 3363 2605 καὶ
3392 2550 3614 2621 ᾄδοντας
3638 2550 3846 2620 ὕμνους

2170 2641 2342 2705 τινὰς,
2374 2641 2468 2693 καὶ
2495 2640 2629 2702 ὅλως
2657 2639 2749 2692 καὶ
2788 2638 3013 2706 ἀγαθοῖς
3048 2640 3143 2692 καὶ
3188 2642 3443 2709 πονηροῖς
3474 2640 3847 2708 ἀποκειμένην

2171 2728 2437 2781 ἀντίδοσιν
2472 2724 2611 2795 μετὰ
2655 2724 2751 2795 τὴν
2798 2724 3046 2778 ἐντεῦθεν
3098 2724 3292 2789 ἔξοδον.
3340 2726 3427 2796 Μὴ
3477 2725 3656 2777 τοίνυν
3706 2727 3846 2778 ἀπι-

2174 2815 2385 2884 στῶμεν
2428 2816 2494 2882 τῇ
2563 2812 2790 2881 γεέννῃ,
2847 2812 2933 2864 ἵνα
2992 2811 3065 2883 μὴ
3128 2813 3452 2882 ἐμπέσωμεν
3501 2814 3581 2875 είς
3631 2813 3845 2883 αὐτὴν·

2175 2903 2203 2954 6
2235 2902 2341 2971 γὰρ
2378 2899 2638 2963 ἀπιστῶν,
2687 2897 3053 2970 ρᾳθυμότερος
3104 2900 3348 2966 γίνεται·
3380 2901 3408 2952 6
3448 2898 3505 2951 δέ
3554 2898 3845 2970 ῥᾳθυμῶν,

2176 2991 2255 3051 είς
2288 2986 2455 3057 αὐτὴν
2488 2986 2844 3041 ἀπελεύσεται
2894 2986 3110 3049 πάντως
3131 3002 3145 3016 ⁶
3193 2986 3328 3039 ἀλλὰ
3363 2986 3455 3039 καὶ
3497 2988 3848 3056 πιστεύωμεν

2174 3074 2561 3137 ἀνενδοιάστως
2582 3113 2597 3139 ,
2647 3074 2741 3127 καὶ
2777 3072 3152 3142 διαλεγώμεθα
3184 3074 3312 3143 περὶ
3362 3074 3531 3143 αὐτῆς
3566 3074 3845 3143 συνεχῶς,

2174 3162 2270 3215 καὶ
2307 3162 2367 3214 ού
2411 3161 2615 3230 ταχέως
2658 3159 3109 3231 ἁμαρτησόμεθα.
3144 3160 3263 3211 Τῶν
3311 3159 3420 3230 γάρ
3464 3159 3727 3212 τοιούτων
3762 3160 3848 3211 λόο

2177 3267 2286 3319 γων
2326 3250 2359 3319 ἡ
2405 3248 2592 3318 μνὴμη
2617 3286 2632 3309 ,
2686 3246 2937 3314 καθάπερ
2973 3264 3026 3298 τι
3059 3245 3345 3318 φάρμακον
3397 3246 3613 3318 πικρὸν,
3660 3249 3847 3300 πᾶσαν

2177 3335 2374 3390 κακίαν
2422 3334 2734 3405 ἀπσμῆξαι
2780 3334 3097 3403 δυνήσεται,
3138 3334 3427 3397 διαπαντὸς
3460 3335 3616 3404 ἡμῶν
3665 3333 3847 3397 euga-

2176 3439 2341 3475 νουσα
2376 3424 2443 3491 τῇ
2488 3420 2651 3490 ψυχῇ.
2693 3420 3042 3491 Χρησώμεθα
3077 3421 3251 3474 τοίνυν
3292 3420 3459 3490 αὐτῷ,
3504 3422 3592 3473 ’ίνα
3636 3422 3848 3490 καθαρ-

2177 3508 2359 3572 θέντες
2408 3509 2616 3573 καλῶς,
2656 3508 2977 3578 ἀξιωθῶμεν
3025 3508 3152 3560 ίδεῖν
3196 3506 3287 3561 τόν
3320 3509 3471 3570 Θεὸν,
3514 3508 3589 3569 ὡς
3634 3508 3836 3578 ἀνθρώ-

2177 3614 2299 3654 ποις
2347 3596 2473 3649 ίδεῖν
2522 3595 2763 3660 δυνατὸν,
2814 3595 2907 3647 καὶ
2941 3593 3047 3647 τῶν
3102 3594 3400 3664 μελλόντων
3443 3594 3843 3664 ἀπολαύσωμεν

2176 3682 2415 3751 ἀγαθῶν,
2460 3683 2639 3752 χάριτι
2685 3683 2777 3735 κα)⁵
2824 3680 3203 3752 φιλανθρωπίᾳ
3250 3680 3345 3733 τοῦ
3411 3681 3617 3751 Κυρίου
3688 3682 3865 3751 ἡμῶν

2190 3770 2361 3842 Ἰησοῦ
2388 3770 2643 3841 Χριστοῦ.
2674 3769 2830 3842 Δὺτῷ
2862 3773 2897 3842 ἡ
2930 3769 3057 3836 δόξα
3086 3771 3166 3835 είς
3188 3770 3315 3834 τοὺς
3338 3769 3543 3833 αἰῶνας
3576 3768 3691 3824 τῶν
3716 3768 3853 3823 αἰώ-

2180 3875 2306 3913 νων.
2341 3858 2533 3929 Ἀμήν.

1942 4907 2005 4969 Μ
2011 4908 2321 4971 ONITUM

572 5154 949 5213 Antiochizene
996 5170 1065 5210 an
1117 5154 1584 5227 Constantinopoli
1636 5158 1776 5214 hanc
1825 5158 2104 5215 homiliam
2142 5159 2394 5218 habuerit
2415 5158 2858 5237 Chrysostomus,
2907 5163 3057 5221 nulla
3099 5180 3388 5237 possumus
3419 5166 3755 5238 conjectura

506 5297 743 5369 assequi.
773 5296 905 5353 Eam
928 5309 1092 5369 porro
1113 5293 1250 5350 dixit
1296 5294 1365 5349 ad
1398 5308 1590 5350 recens
1626 5293 1928 5367 baptizatos
1968 5306 2024 5353 et
2060 5297 2424 5368 illuminatos;
2480 5300 2666 5372 quales
2698 5312 2827 5360 sunt
2850 5303 3013 5361 etiam
3059 5304 3182 5362 duae
3214 5305 3549 5373 catecheses,
3605 5326 3754 5381 quas

506 5435 677 5495 'l‘omo
700 5437 941 5494 secundo
968 5436 1233 5493 dedimus.
1262 5433 1555 5506 Sperabam
1580 5444 1762 5491 autem
1788 5453 1873 5494 me
1898 5436 2043 5492 illam
2070 5435 2257 5493 Graec
2282 5453 2442 5509 posse
2479 5440 2717 5497 nancisci
2748 5450 2937 5507 totam,
2982 5442 3200 5513 quando
3234 5443 3289 5499 in
3317 5444 3563 5517 catalogo
3606 5462 3754 5517 quo-

506 5574 628 5626 dam
662 5571 1178 5646 Manuscriptorum,
1208 5574 1277 5631 ab
1306 5572 1640 5645 amplissimo
1658 5574 2081 5647 doctissimoque
2111 5577 2229 5634 viro
2257 5578 2450 5635 Joanni
2479 5579 2697 5637 Pottero
2742 5580 2878 5637 mihi
2912 5582 3252 5648 transmisso,
3279 5583 3398 5652 ejus
3428 5583 3655 5640 titulum
3690 5599 3744 5641 ct

506 5704 722 5763 initium
752 5707 939 5766 Graece
966 5708 1095 5768 vidi.
1152 5706 1392 5785 Rogatus
1420 5715 1601 5768 autem
1642 5724 1673 5766 ιι
1701 5725 1789 5767 me
1818 5720 1984 5768 totam
2015 5710 2246 5783 opellam
2278 5711 2465 5771 Graece
2498 5712 2823 5787 descriptam
2851 5713 3111 5781 mitteret,
3154 5697 3317 5787 opera
3343 5714 3433 5772 illc
3473 5730 3606 5773 usus
3642 5716 3753 5772 viri
