4102 6322
228 314 335 373 289

227 454 447 517 peccato
476 453 674 500 tantam
702 443 833 497 iram
857 440 1054 506 intulit,
1091 454 1262 510 neque
1289 437 1577 493 Abrahami
1601 435 1804 505 suppli-

225 538 496 592 cationem
524 535 777 604 suscepit,
806 549 980 602 neque
1004 533 1383 587 inhabitantem
1414 531 1603 584 Lotum
1649 545 1802 582 reve-

259 630 362 682 itus
386 635 488 691 est,
517 634 595 680 tot
621 625 868 679 admissis
896 624 1240 686 facinoribus,
1263 622 1417 677 nobis
1446 622 1664 692 parcet?
1687 620 1804 675 Non

225 718 304 776 ita
318 719 437 777 erit.
465 733 572 770 non
598 717 669 770 ita
696 724 861 770 certe.

299 809 354 862 8.
398 806 696 860 Peccatorea
720 806 993 875 aliquando
1021 806 1073 858 in
1101 805 1195 858 hac
1220 803 1318 857 vita
1340 805 1462 857 dant
1480 820 1672 874 partas.
1705 802 1806 871 Qui

232 898 285 952 in
313 898 410 950 hac
437 898 537 950 vita
557 913 649 966 pro
669 897 901 950 admissis
930 897 1144 965 peccatis
1178 895 1304 948 nihil
1334 896 1610 964 patiuntur,
1641 895 1694 947 in
1722 899 1805 965 fu-

233 999 398 1042 turam
429 989 668 1058 puniendi
691 998 1025 1042 reservantur.
1048 1018 1118 1028 —
1142 986 1334 1042 Verum
1366 1002 1434 1042 ne
1469 987 1554 1041 hic
1583 987 1802 1056 gradum

231 1079 506 1145 sistamus,
536 1078 630 1133 sed
660 1093 776 1148 age,
808 1078 940 1132 alios
970 1078 1021 1131 in
1050 1077 1282 1133 medium
1320 1077 1645 1132 adducamus
1673 1091 1800 1144 sup-

230 1171 393 1239 plicio
417 1170 654 1234 affectos,
681 1178 736 1223 ut
763 1169 999 1238 pluribus
1033 1167 1570 1223 demonstrationibus
1594 1181 1657 1221 ea
1685 1182 1802 1236 quae

228 1261 462 1315 diximus
508 1260 906 1314 confirmentur.
940 1260 1018 1314 De
1063 1259 1337 1313 Pharaone
1368 1273 1554 1313 omnes
1583 1258 1802 1312 audistis

228 1353 601 1424 Egyptiorum
621 1368 776 1422 rege:
810 1351 978 1406 nostis
992 1361 1138 1407 certe
1159 1366 1290 1420 quas
1314 1351 1403 1405 ille
1431 1350 1578 1404 dedit
1594 1364 1796 1419 poenas,

228 1443 499 1513 quomodo
543 1459 662 1497 eum
705 1444 946 1498 curribus
989 1453 1044 1499 et
1093 1444 1264 1514 equis,
1311 1444 1558 1512 omnique
1605 1443 1802 1512 pariter

225 1536 466 1588 exercitu
497 1535 548 1588 in
579 1534 817 1588 Rubrum
854 1549 1002 1588 mare
1052 1533 1328 1589 demersus
1375 1535 1461 1590 sit.
1515 1533 1584 1590 Ut
1621 1541 1798 1588 autem

224 1625 532 1680 Judieorum
567 1641 777 1695 quoque
823 1626 1079 1695 supplicia
1121 1626 1371 1694 discatis,
1418 1625 1543 1680 audi
1575 1626 1797 1681 Paulum

223 1719 490 1773 dicentem
523 1736 536 1771 :
575 1736 594 1770 ι
627 1718 811 1788 Neque
840 1719 1177 1783 fornicemur,
1209 1718 1344 1773 sicut
1370 1718 1581 1788 quidam
1611 1732 1796 1774 eorum

222 1809 466 1864 fornicati
494 1819 636 1873 sunt,
670 1818 721 1865 et
743 1811 1014 1879 perierunt
1037 1825 1139 1864 una
1165 1810 1252 1864 die
1272 1810 1448 1879 viginti
1477 1811 1572 1864 tria
1590 1810 1791 1864 millia:

222 1917 393 1971 neque
421 1917 830 1967 murmuremus,
867 1909 922 1955 ut
956 1900 1169 1971 quidam
1205 1916 1388 1956 eorum
1432 1917 1796 1957 murmurave-

219 2005 362 2059 runt,
392 2001 448 2047 et
470 1995 738 2063 perierunt
758 1993 827 2047 ab
852 1993 1301 2048 exterminatore:
1329 2009 1502 2062 neque
1528 2004 1794 2049 tentemus

222 2087 527 2151 Dominum,
553 2095 610 2140 ut
643 2085 858 2156 quidam
899 2100 1080 2141 eorum
1120 2094 1481 2152 tentaverunt,
1527 2096 1579 2142 et
1615 2102 1646 2142 a
1675 2103 1794 2142 ser-

220 2178 466 2246 pentibus
496 2178 766 2247 perierunt
799 2196 819 2229 ›
861 2177 946 2250 (l.
976 2177 1092 2231 Cor.
1121 2178 1208 2233 10.
1238 2177 1296 2232 8.
1333 2177 1420 2233 10.
1455 2177 1546 2247 9).
1575 2178 1726 2246 Quod
1745 2180 1791 2234 si

219 2279 272 2323 et
298 2270 373 2324 illi
404 2269 524 2323 talia
551 2284 648 2340 pro
671 2270 898 2339 peccatis
923 2269 1065 2340 passi
1085 2279 1228 2333 sunt,
1248 2269 1374 2340 quid
1401 2285 1505 2325 non
1530 2271 1791 2339 patiemur

220 2361 348 2415 nos?
380 2363 445 2414 At
475 2376 616 2415 nunc
642 2361 771 2415 nihil
795 2376 954 2431 grave
982 2363 1209 2431 patimur
1243 2402 1260 2426 ,
1306 2361 1531 2431 ideoque
1560 2362 1790 2417 maxime

219 2451 406 2505 timere
430 2460 659 2520 oportet.
692 2451 807 2505 Non
848 2452 988 2505 enim
1027 2461 1217 2506 utnon
1252 2466 1436 2521 pcenas
1462 2451 1648 2505 demus
1685 2467 1792 2505 ser-

217 2557 433 2606 vamur;
487 2541 578 2596 sed
608 2550 666 2596 ut
691 2542 958 2612 graviores
982 2541 1168 2597 demus
1190 2582 1207 2609 ,
1252 2544 1352 2597 nisi
1393 2553 1786 2598 convertamur.

218 2633 293 2687 llli
321 2634 466 2688 enim
508 2650 612 2688 non
657 2647 915 2690 noverant
951 2636 1272 2706 gehennam,
1301 2647 1354 2692 et
1382 2637 1654 2706 suppliciis
1702 2637 1790 2692 hic

217 2725 396 2779 traditi
423 2736 544 2780 sunt
573 2741 708 2782 :nos
735 2735 908 2781 autem
932 2729 1372 2798 quandocumque
1401 2744 1712 2798 peccamus,
1741 2730 1787 2784 si

214 2817 342 2872 nihil
372 2819 426 2872 in
449 2821 695 2888 praesenti
727 2821 834 2874 vita
864 2836 1027 2890 grave
1053 2823 1318 2891 patiamur
1339 2862 1353 2886 ,
1384 2823 1436 2876 in
1464 2821 1641 2876 futuro
1669 2837 1786 2877 om-

211 2911 296 2966 nia
340 2913 716 2981 perpetiemur.
775 2912 963 2969 Nonne
1006 2928 1126 2968 cum
1167 2915 1375 2969 ratione
1416 2922 1692 2984 pugnaret,
1739 2913 1785 2970 si

212 3001 338 3066 illis,
374 3001 460 3070 qui
485 3003 726 3058 rudiores
752 3013 808 3058 et
838 3004 1191 3073 imperitiores
1221 3014 1395 3070 erant,
1444 3006 1566 3059 talia
1590 3007 1781 3075 passis,

211 3106 310 3146 nos
335 3093 425 3161 qui
462 3091 868 3162 perfectioribus
916 3095 1141 3150 fruimur
1181 3096 1494 3166 disciplinis,
1533 3109 1586 3151 et
1628 3099 1784 3168 longe

207 3185 478 3254 graviora,
505 3200 660 3254 quam
684 3187 774 3250 illi,
807 3197 1172 3257 perpetranius
1191 3231 1205 3252 ,
1235 3190 1551 3259 supplicium
1588 3190 1787 3260 effuge-

206 3278 428 3332 remus?
451 3276 624 3332 Vultis
649 3279 875 3349 reliquas
901 3281 1058 3334 etiam
1099 3281 1310 3334 illorum
1353 3281 1537 3336 audire
1563 3283 1783 3336 calami-

206 3380 372 3434 tates,
416 3386 548 3440 quas
601 3373 738 3439 passi
781 3381 905 3426 sunt
952 3373 1004 3427 in
1056 3374 1334 3429 Palmstina
1378 3390 1408 3428 a
1457 3374 1781 3446 Babyloniis,

204 3461 449 3532 Assyriis
487 3469 543 3516 et.
586 3461 995 3518 Macedonibus?
1042 3465 1250 3535 quoties
1298 3465 1513 3530 famem,
1555 3475 1780 3535 pestem,

201 3552 350 3606 bella
380 3552 519 3621 passi
541 3561 683 3619 sunt,
710 3556 1109 3624 etcaptivitates
1134 3557 1232 3610 sub
1273 3556 1392 3610 Tito
1418 3566 1470 3610 et
1502 3556 1785 3627 Vespasia-

201 3642 310 3695 no?
337 3640 560 3712 Iosephi
586 3642 774 3697 librum
809 3644 966 3714 legite
987 3686 1002 3711 ,
1033 3661 1192 3715 quem
1219 3645 1286 3700 de
1323 3646 1780 3717 Jerosolymorum

202 3735 418 3790 excidio
444 3736 673 3806 scripsit,
699 3744 753 3791 et
778 3737 1021 3792 acerbam
1053 3738 1194 3792 illam
1218 3738 1523 3810 tragtndiam
1542 3739 1779 3796 discetis.

200 3827 335 3881 Cum
359 3826 488 3880 aliis
516 3827 708 3896 quippe
736 3828 1127 3884 calamitatibus
1167 3830 1220 3884 in
1249 3838 1448 3884 tantam
1475 3831 1667 3886 famem
1695 3832 1781 3885 in-

197 3917 467 3983 ciderunt,
503 3926 560 3971 ut
590 3918 793 3974 balteos
820 3921 980 3974 etiam
1027 3935 1172 3985 suos,
1201 3930 1256 3976 et
1278 3922 1486 3977 calceos
1525 3922 1777 3989 ederent,

195 4008 368 4077 iisque
421 4009 586 4063 etiam
632 4008 966 4067 borribiliora
999 4030 1014 4067 :
1043 4014 1218 4067 omnia
1278 4014 1473 4084 quippe
1533 4015 1779 4071 dentibus

194 4101 479 4172 subigebat
526 4103 818 4157 necessitas
841 4144 856 4170 ,
892 4114 950 4159 ut
989 4106 1274 4174 praedictus
1310 4109 1537 4178 scriptor
1581 4108 1673 4162 ait.
1702 4110 1780 4165 Ac

195 4209 368 4263 neque
400 4194 455 4248 in
481 4193 567 4248 bis
591 4204 873 4264 steterunt,
897 4199 1022 4267 quin
1046 4200 1206 4254 etiam
1239 4203 1482 4271 proprios
1514 4201 1653 4257 filios
1680 4201 1776 4258 de-

193 4295 498 4357 gustarunt.
549 4287 829 4356 Quomodo
877 4306 1025 4363 ergo,
1077 4308 1196 4347 eum
1245 4294 1318 4348 illi
1355 4296 1486 4351 tales
1534 4295 1778 4352 dederint

1397 322 1482 376 DE
1521 320 1604 376 PE
1613 319 1882 375 RFECTA
1920 319 2284 376 CARITATE.

3387 337 3491 393 290

1912 449 2122 504 pinnas,
2154 450 2270 503 nos,
2316 436 2404 507 qui
2437 440 2677 507 graviora
2715 440 2796 494 bis
2827 453 3215 512 perpetramus,
3263 448 3486 511 eflngia-

1910 525 2066 580 mus?
2090 524 2220 580 Nam
2247 527 2291 580 si
2320 535 2447 581 tunc
2476 527 2549 581 illi
2581 529 2719 597 plexi
2756 540 2910 596 sunt,
2965 549 3061 586 cur
3101 551 3199 589 nos
3223 539 3331 606 jam
3380 555 3484 592 non

1910 617 2231 685 plectimur?
2259 621 2452 674 Annon
2487 622 2569 676 vel
2599 637 2742 677 caeco
2773 626 3109 682 manifestum
3140 639 3222 683 est
3261 631 3378 686 ideo
3405 634 3483 686 sic

1909 711 2014 779 agi,
2039 720 2096 764 ut
2124 727 2265 780 saepe
2290 712 2421 778 dixi,
2448 714 2588 781 quod
2619 714 2770 771 nobis
2792 719 3108 787 supplicium
3157 721 3208 774 in
3249 722 3480 776 futurum

1907 803 2250 858 reservetur?
2271 803 2353 858 Ad
2398 806 2512 860 hinc
2535 821 2660 860 vero
2687 809 3068 866 Consideranda
3111 822 3235 867 sunt
3265 830 3326 870 ea
3364 833 3484 886 quae

1907 909 2050 949 nunc
2079 895 2131 949 in
2158 893 2259 950 hoc
2289 899 2486 952 mundo
2508 908 2766 968 geruntur
2787 943 2802 967 ,
2831 912 2884 957 et
2902 905 3158 972 gehennae
3190 908 3344 963 fidem
3371 927 3478 964 non

1907 987 2236 1056 negabimus.
2266 989 2395 1042 Nam
2420 991 2464 1043 si
2487 991 2660 1060 justus
2686 1003 2768 1047 est
2797 994 2957 1061 Deus,
2983 1012 3080 1051 nec
3110 1013 3363 1067 personas
3391 1017 3482 1055 ac-

1906 1075 2053 1145 cipit,
2079 1088 2135 1132 ut
2159 1090 2306 1134 certe
2335 1096 2516 1134 verum
2560 1092 2662 1148 est,
2707 1099 2805 1138 cur
2846 1084 2931 1139 hic
2979 1087 3066 1140 alii
3096 1089 3318 1144 caedium
3350 1091 3480 1146 dant

1907 1181 2113 1235 ptL-nas,
2137 1171 2223 1224 alii
2252 1188 2357 1226 non
2378 1173 2547 1229 dant?
2572 1191 2667 1229 cur
2687 1194 2752 1231 ex
2779 1180 3002 1234 timebis
3029 1181 3118 1235 alii
3147 1185 3438 1252 puniuntur
3459 1228 3474 1252 ,

1904 1259 1992 1311 alii
2025 1275 2127 1313 non
2162 1262 2298 1330 plexi
2331 1265 2660 1321 moriuntur?
2684 1277 2812 1338 quot
2857 1269 3223 1340 sepulcrorum
3258 1275 3478 1330 effosso-

1903 1363 1990 1403 res
2017 1365 2226 1420 poenam
2271 1355 2693 1428 vitarunthuot
2734 1361 2904 1416 iures!
2965 1373 3092 1432 quot
3135 1368 3480 1437 avari!an

1903 1451 2143 1510 raptores
2169 1445 2180 1496 ι
2205 1445 2258 1501 Si
2285 1461 2413 1516 ergo
2439 1450 2680 1518 gehenna
2713 1468 2815 1505 non
2840 1464 3000 1519 esset,
3031 1456 3243 1510 ubinam
3268 1460 3340 1511 illi
3366 1478 3477 1526 pue-

1903 1549 2026 1589 nam
2058 1535 2300 1598 dabunt!
2343 1538 2479 1594 Num
2531 1544 3016 1600 contradicentibus
3074 1551 3473 1618 persuademus,

1901 1643 2020 1697 quae
2067 1628 2132 1684 de
2160 1630 2250 1684 illa
2303 1643 2590 1688 narrantur
2617 1650 2721 1689 non
2766 1652 2886 1692 esse
2930 1638 3201 1696 fabulam?
3228 1642 3303 1696 Ita
3333 1647 3478 1699 enim

1899 1735 2024 1775 vera
2053 1732 2198 1787 sunt,
2224 1734 2279 1778 ut
2307 1741 2411 1779 non
2447 1742 2543 1781 nos
2572 1737 2793 1796 tantum,
2817 1731 2911 1785 sed
2941 1732 3099 1786 etiam
3132 1746 3322 1803 poetae,
3353 1739 3473 1806 phi-

1899 1813 2107 1884 losophi
2137 1825 2193 1870 et
2219 1816 2512 1873 fabularum
2538 1823 2825 1891 scriptores
2853 1823 2920 1878 de
2948 1823 3117 1880 futura
3153 1845 3247 1896 pro
3284 1832 3475 1884 merito

1897 1917 2042 1960 sorte
2072 1907 2426 1978 philosophati
2461 1913 2568 1964 sint
2602 1953 2616 1977 ,
2651 1923 2703 1966 et
2732 1914 3002 1982 improbos
3034 1917 3084 1971 in
3116 1917 3323 1974 inferno
3352 1937 3474 1976 cru-

1897 1998 2023 2051 ciari
2055 1999 2311 2055 dixerint.
2332 2002 2462 2057 Nam
2489 2005 2695 2059 etiamsi
2727 2005 2841 2062 haec
2857 2024 2981 2063 vere
2999 2021 3053 2063 ut
3074 2021 3194 2065 sunt
3220 2029 3470 2071 enarrare

1895 2105 2000 2145 non
2031 2100 2329 2160 potuerunt,
2360 2105 2540 2164 utpote
2565 2097 2653 2167 qui
2675 2112 2741 2152 ex
2765 2100 3040 2154 ratiocinio
3067 2111 3266 2156 tantum
3299 2120 3472 2175 exque

1895 2193 2076 2238 nostra
2103 2184 2343 2240 doctrina
2372 2188 2511 2243 male
2550 2197 2766 2259 accepta
2814 2191 2878 2244 ad
2911 2191 2962 2246 id
2989 2196 3211 2260 permoti
3238 2195 3465 2263 fuerint,

1893 2285 2127 2331 attamen
2150 2279 2222 2332 illi
2247 2279 2525 2348 imaginem
2539 2282 2818 2351 quamdam
2841 2283 3028 2353 judicii
3049 2286 3223 2356 adepti
3239 2290 3468 2348 fuerant.

1893 2366 2119 2438 Cocytos
2149 2369 2289 2424 enim
2311 2381 2641 2436 memorant,
2687 2373 3217 2446 Pyriphlegethontas
3243 2380 3429 2436 ﬂuvios
3449 2425 3469 2450 ,

1893 2467 1944 2511 et
1965 2457 2140 2530 Stygis
2167 2475 2378 2531 aquam,
2408 2470 2464 2516 et
2490 2461 2768 2518 Tartarum
2801 2473 3003 2521 tantum
3029 2483 3059 2522 a
3082 2477 3220 2524 terra
3252 2469 3460 2527 distan-

1893 2559 2021 2619 tem,
2049 2561 2304 2622 quantum
2332 2553 2442 2624 ipsa
2469 2571 2497 2608 a
2520 2556 2671 2622 cmlo,
2701 2558 2896 2613 multos
2925 2575 3132 2631 quoque
3158 2561 3292 2617 alios
3311 2565 3470 2619 ultio-

1892 2645 1975 2699 nis
2000 2644 2185 2699 modos
2215 2664 2230 2700 :
2260 2661 2578 2719 rursumque
2601 2648 2838 2720 Elysium
2858 2665 3126 2722 campum,
3151 2662 3206 2710 et
3229 2654 3466 2710 fortuna-

1893 2744 2065 2789 turum
2111 2735 2331 2803 insulas,
2385 2748 2532 2808 prata
2577 2737 2785 2806 ﬂorida,
2843 2741 3180 2810 fragrantiazn
3223 2746 3464 2812 multant,

1891 2839 2075 2880 auram
2100 2835 2310 2882 tenuem
2339 2837 2390 2882 et
2416 2828 2611 2884 choros
2633 2831 2740 2885 illic
2767 2843 3062 2901 verszintes,
3106 2835 3229 2891 albo
3251 2838 3470 2895 indutos

1889 2918 2107 2985 amictu,
2156 2919 2410 2989 quasdam
2438 2921 2772 2978 modulantes
2797 2925 3116 2994 cantilenas,
3163 2928 3217 2984 in
3254 2944 3459 2984 summa

1889 3009 2047 3067 bonis
2074 3021 2129 3068 et
2153 3013 2307 3068 malis
2333 3023 2451 3083 post
2487 3014 2691 3069 exitum
2717 3031 2782 3071 ex
2813 3017 2912 3071 hac
2940 3019 3045 3072 vita
3075 3028 3312 3088 paratam
3350 3037 3464 3076 sor-

1890 3110 1996 3158 tem
2022 3105 2386 3174 promeritam.
2416 3104 2495 3160 Ne
2515 3105 2693 3176 itaque
2709 3107 2968 3179 gehennae
3000 3109 3156 3166 fidem
3189 3127 3460 3184 negemus,

1890 3212 1958 3252 ne
1986 3196 2039 3252 in
2066 3197 2211 3252 illam
2252 3197 2546 3253 incidamus
2568 3215 2584 3254 :
2610 3215 2730 3254 nam
2757 3202 2846 3271 qui
2876 3218 2981 3256 non
3007 3204 3206 3271 credit,
3253 3207 3465 3276 segnior

1889 3288 2122 3344 eflicitur
2146 3305 2162 3355 ;
2197 3290 2286 3360 qui
2315 3290 2492 3358 segnis
2512 3297 2614 3354 est,
2646 3291 2696 3345 in
2725 3290 2866 3347 illam
2911 3294 3094 3364 procul
3133 3294 3294 3350 dubio
3323 3297 3417 3352 ibit
3445 3316 3464 3350 :

1890 3384 1998 3434 imo
2022 3381 2304 3435 credamus
2334 3380 2450 3435 sine
2479 3379 2811 3436 dubitatione
2837 3423 2854 3450 ,
2896 3383 3067 3454 deque
3099 3385 3186 3439 illa
3218 3385 3462 3457 frequen-

1888 3480 1973 3528 ter
1996 3471 2381 3541 colloquamut',
2427 3479 2483 3527 et
2525 3487 2632 3526 non
2666 3472 2819 3527 facile
2871 3475 3224 3544 peccabimus.
3269 3477 3461 3547 llujus-

1887 3564 2029 3618 modi
2057 3580 2283 3634 namque
2303 3580 2609 3619 sermonum
2638 3566 3093 3631 commemoratio,
3131 3567 3278 3636 quasi
3309 3583 3460 3623 acer-

1886 3657 2011 3710 bum
2041 3656 2304 3727 quoddam
2329 3655 2644 3721 remedium,
2676 3656 2966 3727 nequitiam
2997 3672 3212 3711 onmem
3248 3659 3459 3713 abster-

1886 3765 2010 3820 gere
2036 3748 2250 3819 poterit,
2281 3749 2325 3803 si
2354 3744 2550 3803 nostris
2574 3759 2836 3820 perpetuo
2861 3747 3056 3804 animis
3076 3748 3323 3804 insideat.
3349 3750 3464 3806 Hoc

1886 3843 2065 3912 itaque
2108 3840 2345 3896 remedio
2376 3850 2606 3907 utamur,
2662 3849 2720 3895 ut
2763 3840 2927 3911 probe
2967 3842 3274 3912 expurgati,
3317 3843 3460 3913 digni

1886 3934 2055 3988 simus
2073 3933 2162 4003 qui
2207 3933 2374 3987 Deum
2403 3932 2678 3987 videamus
2699 3973 2716 3998 ,
2746 3941 2805 3988 ut
2845 3932 2913 3987 ab
2961 3934 3265 3990 hominibus
3292 3935 3459 3991 videri

1885 4034 2080 4095 potest,
2108 4032 2164 4078 et
2186 4023 2377 4079 futuris
2401 4023 2638 4080 fruamur
2670 4023 2844 4090 bonis,
2862 4024 3031 4094 gratia
3059 4034 3114 4082 et
3137 4026 3462 4097 benignitate

1886 4115 2096 4170 Domini
2125 4115 2291 4170 nostri
2318 4115 2447 4171 Jesu
2475 4112 2691 4170 Christi.
2718 4112 2822 4187 Ipsi
2847 4115 3017 4188 gloria
3045 4115 3099 4171 in
3128 4119 3322 4174 smcula
3351 4135 3452 4174 sa:-

1884 4206 2147 4264 culorum.
2175 4207 2366 4261 Amen.

838 4957 946 5019 AD
993 4953 1407 5017 HOMILIAM
1448 4951 1529 5011 ΙΝ
1583 4946 1878 5016 JOSE-PH
1931 4947 2033 5007 ET
2094 4946 2200 5007 DE
2249 4944 2814 5005 CONTINENTIA.

192 5215 336 5271 docti
364 5224 423 5270 et
444 5208 697 5269 accurati
731 5206 931 5279 Josepb
964 5203 1285 5270 Boevvlesii,
1313 5196 1870 5273 protobibliotbecarii
1896 5194 2169 5250 Bodleiani
2191 5233 2206 5260 ,
2238 5210 2358 5264 quae
2400 5193 2721 5265 paucissima
2753 5192 2807 5245 in
2842 5189 3209 5259 Manuscripto
3241 5201 3428 5254 super-

189 5368 348 5413 erant
379 5357 625 5414 exseribi
662 5354 907 5425 mihique
939 5348 1233 5410 transmitti
1260 5345 1485 5403 curavit.
1515 5342 1720 5398 Caetera
1757 5339 1902 5395 enim
1940 5338 2139 5394 avulsis
2180 5336 2321 5394 foliis
2355 5336 2655 5408 perierunt,
2691 5345 2750 5389 ut
2777 5333 2989 5388 monuit
3021 5331 3138 5401 ipse
3181 5324 3439 5382 laudatus

192 5496 276 5550 vir
308 5493 700 5552 Boevvlesius.

265 5629 666 5705 lnterprctatio
691 5625 901 5693 Latina,
929 5623 1030 5680 etsi
1061 5631 1234 5688 vetus,
1270 5629 1353 5676 sat
1377 5619 1514 5674 bene
1541 5613 1864 5670 concinnata
1889 5617 1988 5663 est.

1704 5799 1974 5818 ...ιιι-...ιι
