  <div class='ocr_page' id='page_1' title='image "/cluster/home/n/w/nwhite01/storage/ocr_20150623/56/mdp.39015028574351/295.png"; bbox 0 0 4102 6322; ppageno 0'>
   <div class='ocr_carea' id='block_1_1' title="bbox 644 268 730 326">
    <p class='ocr_par' dir='ltr' id='par_1_1' title="bbox 644 268 730 326">
     <span class='ocr_line' id='line_1_1' title="bbox 644 268 730 326; baseline -0.058 0"><span class='ocrx_word' id='word_1_1' title='bbox 644 268 730 326; x_wconf 69' lang='grc'><strong>291</strong></span> 
     </span>
    </p>
   </div>
   <div class='ocr_carea' id='block_1_2' title="bbox 714 680 1393 752">
    <p class='ocr_par' dir='ltr' id='par_1_2' title="bbox 714 680 1393 752">
     <span class='ocr_line' id='line_1_2' title="bbox 714 680 1393 752; baseline 0.009 -20"><span class='ocrx_word' id='word_1_2' title='bbox 714 692 741 721; x_wconf 79' lang='grc' dir='ltr'>ι</span> <span class='ocrx_word' id='word_1_3' title='bbox 783 680 895 734; x_wconf 75' lang='grc' dir='ltr'><strong>’Δεὶ</strong></span> <span class='ocrx_word' id='word_1_4' title='bbox 932 680 1033 750; x_wconf 84' lang='grc' dir='ltr'><strong>μὲν</strong></span> <span class='ocrx_word' id='word_1_5' title='bbox 1079 682 1206 752; x_wconf 71' lang='grc' dir='ltr'>ἑμοὶ</span> <span class='ocrx_word' id='word_1_6' title='bbox 1246 681 1393 738; x_wconf 83' lang='grc' dir='ltr'><strong>δοκεί</strong></span> 
     </span>
    </p>
   </div>
   <div class='ocr_carea' id='block_1_3' title="bbox 642 771 1393 843">
    <p class='ocr_par' dir='ltr' id='par_1_3' title="bbox 642 771 1393 843">
     <span class='ocr_line' id='line_1_3' title="bbox 642 771 1393 843; baseline 0.007 -19"><span class='ocrx_word' id='word_1_7' title='bbox 642 772 1061 843; x_wconf 78' lang='grc' dir='ltr'><strong>χρησιμώτατος</strong></span> <span class='ocrx_word' id='word_1_8' title='bbox 1115 771 1253 829; x_wconf 76' lang='grc' dir='ltr'>εἶναι</span> <span class='ocrx_word' id='word_1_9' title='bbox 1299 777 1393 829; x_wconf 79' lang='grc' dir='ltr'>καὶ</span> 
     </span>
    </p>
   </div>
   <div class='ocr_carea' id='block_1_4' title="bbox 644 866 1396 939">
    <p class='ocr_par' dir='ltr' id='par_1_4' title="bbox 644 866 1396 939">
     <span class='ocr_line' id='line_1_4' title="bbox 644 866 1396 939; baseline 0.004 -23"><span class='ocrx_word' id='word_1_10' title='bbox 644 866 870 933; x_wconf 70' lang='grc' dir='ltr'><strong>⁸πρέπων</strong></span> <span class='ocrx_word' id='word_1_11' title='bbox 942 868 1055 929; x_wconf 83' lang='grc' dir='ltr'>τοῖς</span> <span class='ocrx_word' id='word_1_12' title='bbox 1104 866 1199 920; x_wconf 81' lang='grc' dir='ltr'>τοῦ</span> <span class='ocrx_word' id='word_1_13' title='bbox 1258 869 1396 939; x_wconf 77' lang='grc' dir='ltr'>Χριι-</span> 
     </span>
    </p>
   </div>
   <div class='ocr_carea' id='block_1_5' title="bbox 648 957 1395 1029">
    <p class='ocr_par' dir='ltr' id='par_1_5' title="bbox 648 957 1395 1029">
     <span class='ocr_line' id='line_1_5' title="bbox 648 957 1395 1029; baseline 0.008 -21"><span class='ocrx_word' id='word_1_14' title='bbox 648 957 776 1010; x_wconf 82' lang='grc' dir='ltr'><strong>στοῦ</strong></span> <span class='ocrx_word' id='word_1_15' title='bbox 826 957 1031 1023; x_wconf 86' lang='grc' dir='ltr'>δούλοις</span> <span class='ocrx_word' id='word_1_16' title='bbox 1055 959 1086 1012; x_wconf 85' lang='grc' dir='ltr'>ὁ</span> <span class='ocrx_word' id='word_1_17' title='bbox 1119 960 1250 1029; x_wconf 79' lang='grc' dir='ltr'>περὶ</span> <span class='ocrx_word' id='word_1_18' title='bbox 1290 978 1395 1015; x_wconf 90' lang='grc' dir='ltr'>σω-</span> 
     </span>
    </p>
   </div>
   <div class='ocr_carea' id='block_1_6' title="bbox 645 1051 1394 1126">
    <p class='ocr_par' dir='ltr' id='par_1_6' title="bbox 645 1051 1394 1126">
     <span class='ocr_line' id='line_1_6' title="bbox 645 1051 1394 1126; baseline 0.008 -23"><span class='ocrx_word' id='word_1_19' title='bbox 645 1051 920 1123; x_wconf 78' lang='grc' dir='ltr'>φροσύνης</span> <span class='ocrx_word' id='word_1_20' title='bbox 934 1055 1091 1122; x_wconf 81' lang='grc' dir='ltr'><strong>λόγος</strong></span> <span class='ocrx_word' id='word_1_21' title='bbox 1119 1072 1133 1087; x_wconf 71' lang='grc' dir='ltr'><strong>ο</strong></span> <span class='ocrx_word' id='word_1_22' title='bbox 1159 1056 1394 1126; x_wconf 75' lang='grc' dir='ltr'>μάλιατα</span> 
     </span>
    </p>
   </div>
   <div class='ocr_carea' id='block_1_7' title="bbox 647 1143 1399 1218">
    <p class='ocr_par' dir='ltr' id='par_1_7' title="bbox 647 1143 1399 1218">
     <span class='ocr_line' id='line_1_7' title="bbox 647 1143 1399 1218; baseline 0.008 -21"><span class='ocrx_word' id='word_1_23' title='bbox 647 1143 705 1197; x_wconf 83' lang='grc' dir='ltr'><strong>δὲ</strong></span> <span class='ocrx_word' id='word_1_24' title='bbox 738 1144 833 1198; x_wconf 83' lang='grc' dir='ltr'>νῦν</span> <span class='ocrx_word' id='word_1_25' title='bbox 879 1146 938 1199; x_wconf 84' lang='grc' dir='ltr'>ὲν</span> <span class='ocrx_word' id='word_1_26' title='bbox 983 1147 1161 1218; x_wconf 82' lang='grc' dir='ltr'>καιρῷ</span> <span class='ocrx_word' id='word_1_27' title='bbox 1206 1147 1399 1205; x_wconf 80' lang='grc' dir='ltr'>τοῦτον</span> 
     </span>
    </p>
   </div>
   <div class='ocr_carea' id='block_1_8' title="bbox 653 1237 1392 1311">
    <p class='ocr_par' dir='ltr' id='par_1_8' title="bbox 653 1237 1392 1311">
     <span class='ocr_line' id='line_1_8' title="bbox 653 1237 1392 1311; baseline 0.007 -22"><span class='ocrx_word' id='word_1_28' title='bbox 653 1237 994 1309; x_wconf 81' lang='grc' dir='ltr'><strong>ποιησόμεθα</strong></span> <span class='ocrx_word' id='word_1_29' title='bbox 1043 1240 1178 1311; x_wconf 81' lang='grc' dir='ltr'>πρὸς</span> <span class='ocrx_word' id='word_1_30' title='bbox 1226 1241 1392 1311; x_wconf 74' lang='grc' dir='ltr'>ὑμᾶς,</span> 
     </span>
    </p>
   </div>
   <div class='ocr_carea' id='block_1_9' title="bbox 646 1334 1395 1406">
    <p class='ocr_par' dir='ltr' id='par_1_9' title="bbox 646 1334 1395 1406">
     <span class='ocr_line' id='line_1_9' title="bbox 646 1334 1395 1406; baseline 0.012 -21"><span class='ocrx_word' id='word_1_31' title='bbox 646 1334 734 1386; x_wconf 85' lang='grc' dir='ltr'>ὅτε</span> <span class='ocrx_word' id='word_1_32' title='bbox 780 1334 871 1387; x_wconf 78' lang='grc' dir='ltr'><strong>τὸν</strong></span> <span class='ocrx_word' id='word_1_33' title='bbox 896 1335 1130 1406; x_wconf 84' lang='grc' dir='ltr'>Χριστὸν</span> <span class='ocrx_word' id='word_1_34' title='bbox 1172 1339 1395 1394; x_wconf 78' lang='grc' dir='ltr'>ἐνδυσά-</span> 
     </span>
    </p>
   </div>
   <div class='ocr_carea' id='block_1_10' title="bbox 650 1429 1393 1501">
    <p class='ocr_par' dir='ltr' id='par_1_10' title="bbox 650 1429 1393 1501">
     <span class='ocr_line' id='line_1_10' title="bbox 650 1429 1393 1501; baseline 0.013 -24"><span class='ocrx_word' id='word_1_35' title='bbox 650 1443 800 1494; x_wconf 81' lang='grc' dir='ltr'>μενοι</span> <span class='ocrx_word' id='word_1_36' title='bbox 847 1429 943 1498; x_wconf 81' lang='grc' dir='ltr'>τῆς</span> <span class='ocrx_word' id='word_1_37' title='bbox 987 1430 1311 1501; x_wconf 82' lang='grc' dir='ltr'>Ἐκκλησίας</span> <span class='ocrx_word' id='word_1_38' title='bbox 1345 1436 1393 1487; x_wconf 83' lang='grc' dir='ltr'>οἱ</span> 
     </span>
    </p>
   </div>
   <div class='ocr_carea' id='block_1_11' title="bbox 646 1520 1393 1594">
    <p class='ocr_par' dir='ltr' id='par_1_11' title="bbox 646 1520 1393 1594">
     <span class='ocr_line' id='line_1_11' title="bbox 646 1520 1393 1594; baseline 0.015 -24"><span class='ocrx_word' id='word_1_39' title='bbox 646 1520 869 1585; x_wconf 80' lang='grc' dir='ltr'>παῖδες,</span> <span class='ocrx_word' id='word_1_40' title='bbox 904 1523 1254 1593; x_wconf 82' lang='grc' dir='ltr'>σωφροσύνην</span> <span class='ocrx_word' id='word_1_41' title='bbox 1287 1527 1393 1594; x_wconf 81' lang='grc' dir='ltr'><strong>μά-</strong></span> 
     </span>
    </p>
   </div>
   <div class='ocr_carea' id='block_1_12' title="bbox 646 1612 1393 1690">
    <p class='ocr_par' dir='ltr' id='par_1_12' title="bbox 646 1612 1393 1690">
     <span class='ocr_line' id='line_1_12' title="bbox 646 1612 1393 1690; baseline 0.012 -24"><span class='ocrx_word' id='word_1_42' title='bbox 646 1614 801 1669; x_wconf 83' lang='grc' dir='ltr'>λιστα</span> <span class='ocrx_word' id='word_1_43' title='bbox 830 1612 1126 1687; x_wconf 75' lang='grc' dir='ltr'>κεκτῆσθαι</span> <span class='ocrx_word' id='word_1_44' title='bbox 1149 1621 1254 1690; x_wconf 81' lang='grc' dir='ltr'><strong>πρὸ</strong></span> <span class='ocrx_word' id='word_1_45' title='bbox 1283 1622 1393 1675; x_wconf 84' lang='grc' dir='ltr'><strong>τῶν</strong></span> 
     </span>
    </p>
   </div>
   <div class='ocr_carea' id='block_1_13' title="bbox 644 1712 1392 1786">
    <p class='ocr_par' dir='ltr' id='par_1_13' title="bbox 644 1712 1392 1786">
     <span class='ocr_line' id='line_1_13' title="bbox 644 1712 1392 1786; baseline 0.011 -21"><span class='ocrx_word' id='word_1_46' title='bbox 644 1712 819 1766; x_wconf 79' lang='grc' dir='ltr'>ἄλλων</span> <span class='ocrx_word' id='word_1_47' title='bbox 883 1714 1187 1782; x_wconf 66' lang='grc' dir='ltr'>ὀφείλουσιν</span> <span class='ocrx_word' id='word_1_48' title='bbox 1254 1719 1392 1786; x_wconf 83' lang='grc' dir='ltr'>ἀγα-</span> 
     </span>
    </p>
   </div>
   <div class='ocr_carea' id='block_1_14' title="bbox 645 1805 1393 1873">
    <p class='ocr_par' dir='ltr' id='par_1_14' title="bbox 645 1805 1393 1873">
     <span class='ocr_line' id='line_1_14' title="bbox 645 1805 1393 1873; baseline 0.011 -16"><span class='ocrx_word' id='word_1_49' title='bbox 645 1805 776 1860; x_wconf 81' lang='grc' dir='ltr'>θῶν.</span> <span class='ocrx_word' id='word_1_50' title='bbox 821 1809 972 1860; x_wconf 76' lang='grc' dir='ltr'>Ἐπεὶ</span> <span class='ocrx_word' id='word_1_51' title='bbox 1005 1810 1098 1863; x_wconf 77' lang='grc' dir='ltr'>καὶ</span> <span class='ocrx_word' id='word_1_52' title='bbox 1138 1811 1285 1873; x_wconf 79' lang='grc' dir='ltr'>ὅστις</span> <span class='ocrx_word' id='word_1_53' title='bbox 1316 1808 1393 1864; x_wconf 78' lang='grc' dir='ltr'><strong>εἴ·</strong></span> 
     </span>
    </p>
   </div>
   <div class='ocr_carea' id='block_1_15' title="bbox 645 1897 1384 1971">
    <p class='ocr_par' dir='ltr' id='par_1_15' title="bbox 645 1897 1384 1971">
     <span class='ocr_line' id='line_1_15' title="bbox 645 1897 1384 1971; baseline 0.011 -22"><span class='ocrx_word' id='word_1_54' title='bbox 645 1897 734 1950; x_wconf 85' lang='grc' dir='ltr'><strong>δεν</strong></span> <span class='ocrx_word' id='word_1_55' title='bbox 763 1899 1000 1969; x_wconf 79' lang='grc' dir='ltr'>ἀθλητὰς</span> <span class='ocrx_word' id='word_1_56' title='bbox 1018 1943 1033 1967; x_wconf 85' lang='grc'><em>,</em></span> <span class='ocrx_word' id='word_1_57' title='bbox 1071 1902 1384 1971; x_wconf 78' lang='grc' dir='ltr'>Ὀλυμπίοις</span> 
     </span>
    </p>
   </div>
   <div class='ocr_carea' id='block_1_16' title="bbox 649 1993 1387 2066">
    <p class='ocr_par' dir='ltr' id='par_1_16' title="bbox 649 1993 1387 2066">
     <span class='ocr_line' id='line_1_16' title="bbox 649 1993 1387 2066; baseline 0.014 -24"><span class='ocrx_word' id='word_1_58' title='bbox 649 1993 1001 2061; x_wconf 72' lang='grc' dir='ltr'>νομισθέντας</span> <span class='ocrx_word' id='word_1_59' title='bbox 1102 1999 1334 2066; x_wconf 78' lang='grc' dir='ltr'>πρέπειν</span> <span class='ocrx_word' id='word_1_60' title='bbox 1372 2039 1387 2062; x_wconf 84' lang='grc'><em>,</em></span> 
     </span>
    </p>
   </div>
   <div class='ocr_carea' id='block_1_17' title="bbox 648 2081 1390 2152">
    <p class='ocr_par' dir='ltr' id='par_1_17' title="bbox 648 2081 1390 2152">
     <span class='ocr_line' id='line_1_17' title="bbox 648 2081 1390 2152; baseline 0.016 -20"><span class='ocrx_word' id='word_1_61' title='bbox 648 2081 1039 2152; x_wconf 77' lang='grc' dir='ltr'>ἁλειψαμὲνους</span> <span class='ocrx_word' id='word_1_62' title='bbox 1064 2086 1156 2139; x_wconf 75' lang='grc' dir='ltr'>ἐπὶ</span> <span class='ocrx_word' id='word_1_63' title='bbox 1176 2088 1236 2141; x_wconf 74' lang='grc' dir='ltr'><strong>τὸ</strong></span> <span class='ocrx_word' id='word_1_64' title='bbox 1264 2092 1390 2147; x_wconf 81' lang='grc' dir='ltr'>στά-</span> 
     </span>
    </p>
   </div>
   <div class='ocr_carea' id='block_1_18' title="bbox 644 2171 1391 2243">
    <p class='ocr_par' dir='ltr' id='par_1_18' title="bbox 644 2171 1391 2243">
     <span class='ocr_line' id='line_1_18' title="bbox 644 2171 1391 2243; baseline 0.017 -21"><span class='ocrx_word' id='word_1_65' title='bbox 644 2171 757 2224; x_wconf 79' lang='grc' dir='ltr'>διον</span> <span class='ocrx_word' id='word_1_66' title='bbox 785 2176 1211 2242; x_wconf 73' lang='grc' dir='ltr'>καταϐαίνοντας</span> <span class='ocrx_word' id='word_1_67' title='bbox 1229 2224 1241 2243; x_wconf 90' lang='grc'>,</span> <span class='ocrx_word' id='word_1_68' title='bbox 1272 2178 1391 2235; x_wconf 79' lang='grc' dir='ltr'>εἶτα</span> 
     </span>
    </p>
   </div>
   <div class='ocr_carea' id='block_1_19' title="bbox 642 2264 1394 2338">
    <p class='ocr_par' dir='ltr' id='par_1_19' title="bbox 642 2264 1394 2338">
     <span class='ocr_line' id='line_1_19' title="bbox 642 2264 1394 2338; baseline 0.02 -26"><span class='ocrx_word' id='word_1_69' title='bbox 642 2264 770 2332; x_wconf 77' lang='grc' dir='ltr'>περὶ</span> <span class='ocrx_word' id='word_1_70' title='bbox 833 2266 1229 2338; x_wconf 77' lang='grc' dir='ltr'>παλαισμάτων</span> <span class='ocrx_word' id='word_1_71' title='bbox 1299 2276 1394 2327; x_wconf 80' lang='grc' dir='ltr'><strong>καὶ</strong></span> 
     </span>
    </p>
   </div>
   <div class='ocr_carea' id='block_1_20' title="bbox 643 2359 1393 2433">
    <p class='ocr_par' dir='ltr' id='par_1_20' title="bbox 643 2359 1393 2433">
     <span class='ocr_line' id='line_1_20' title="bbox 643 2359 1393 2433; baseline 0.016 -25"><span class='ocrx_word' id='word_1_72' title='bbox 643 2359 937 2428; x_wconf 80' lang='grc' dir='ltr'>καρτερίας</span> <span class='ocrx_word' id='word_1_73' title='bbox 966 2362 1063 2421; x_wconf 20' lang='grc' dir='ltr'>καὶ»</span> <span class='ocrx_word' id='word_1_74' title='bbox 1088 2363 1241 2433; x_wconf 82' lang='grc' dir='ltr'>νίκης</span> <span class='ocrx_word' id='word_1_75' title='bbox 1287 2366 1393 2419; x_wconf 87' lang='grc' dir='ltr'>διε-</span> 
     </span>
    </p>
   </div>
   <div class='ocr_carea' id='block_1_21' title="bbox 646 2446 1397 2521">
    <p class='ocr_par' dir='ltr' id='par_1_21' title="bbox 646 2446 1397 2521">
     <span class='ocr_line' id='line_1_21' title="bbox 646 2446 1397 2521; baseline 0.016 -23"><span class='ocrx_word' id='word_1_76' title='bbox 646 2446 809 2519; x_wconf 80' lang='grc' dir='ltr'><strong>λέχθη</strong></span> <span class='ocrx_word' id='word_1_77' title='bbox 857 2451 992 2521; x_wconf 76' lang='grc' dir='ltr'>πρὸς</span> <span class='ocrx_word' id='word_1_78' title='bbox 1040 2454 1272 2519; x_wconf 75' lang='grc' dir='ltr'>αὐτοὺς,</span> <span class='ocrx_word' id='word_1_79' title='bbox 1331 2459 1397 2510; x_wconf 85' lang='grc' dir='ltr'><strong>ἐν</strong></span> 
     </span>
    </p>
   </div>
   <div class='ocr_carea' id='block_1_22' title="bbox 643 2541 1391 2619">
    <p class='ocr_par' dir='ltr' id='par_1_22' title="bbox 643 2541 1391 2619">
     <span class='ocr_line' id='line_1_22' title="bbox 643 2541 1391 2619; baseline 0.016 -28"><span class='ocrx_word' id='word_1_80' title='bbox 643 2541 821 2611; x_wconf 82' lang='grc' dir='ltr'>καιρῷ</span> <span class='ocrx_word' id='word_1_81' title='bbox 837 2543 994 2597; x_wconf 81' lang='grc' dir='ltr'>τοῦτο</span> <span class='ocrx_word' id='word_1_82' title='bbox 1029 2551 1391 2619; x_wconf 77' lang='grc' dir='ltr'>πεποιηκέναι</span> 
     </span>
    </p>
   </div>
   <div class='ocr_carea' id='block_1_23' title="bbox 646 2634 1388 2709">
    <p class='ocr_par' dir='ltr' id='par_1_23' title="bbox 646 2634 1388 2709">
     <span class='ocr_line' id='line_1_23' title="bbox 646 2634 1388 2709; baseline 0.016 -23"><span class='ocrx_word' id='word_1_83' title='bbox 646 2634 872 2701; x_wconf 81' lang='grc' dir='ltr'>δικαίως</span> <span class='ocrx_word' id='word_1_84' title='bbox 899 2638 963 2692; x_wconf 85' lang='grc' dir='ltr'><strong>ἂν</strong></span> <span class='ocrx_word' id='word_1_85' title='bbox 990 2642 1138 2709; x_wconf 77' lang='grc' dir='ltr'>παρὰ</span> <span class='ocrx_word' id='word_1_86' title='bbox 1174 2643 1388 2698; x_wconf 79' lang='grc' dir='ltr'>πάντων</span> 
     </span>
    </p>
   </div>
   <div class='ocr_carea' id='block_1_24' title="bbox 643 2729 1389 2807">
    <p class='ocr_par' dir='ltr' id='par_1_24' title="bbox 643 2729 1389 2807">
     <span class='ocr_line' id='line_1_24' title="bbox 643 2729 1389 2807; baseline 0.009 -24"><span class='ocrx_word' id='word_1_87' title='bbox 643 2729 937 2798; x_wconf 70' lang='grc' dir='ltr'>νομίζοιτο.</span> <span class='ocrx_word' id='word_1_88' title='bbox 990 2734 1099 2786; x_wconf 75' lang='grc' dir='ltr'>Καὶ</span> <span class='ocrx_word' id='word_1_89' title='bbox 1167 2735 1231 2807; x_wconf 79' lang='grc' dir='ltr'><strong>δὴ</strong></span> <span class='ocrx_word' id='word_1_90' title='bbox 1292 2739 1389 2791; x_wconf 82' lang='grc' dir='ltr'>καὶ</span> 
     </span>
    </p>
   </div>
   <div class='ocr_carea' id='block_1_25' title="bbox 641 2822 1389 2894">
    <p class='ocr_par' dir='ltr' id='par_1_25' title="bbox 641 2822 1389 2894">
     <span class='ocr_line' id='line_1_25' title="bbox 641 2822 1389 2894; baseline 0.023 -24"><span class='ocrx_word' id='word_1_91' title='bbox 641 2822 802 2890; x_wconf 82' lang='grc' dir='ltr'>ἡμεῖς</span> <span class='ocrx_word' id='word_1_92' title='bbox 824 2824 1126 2894; x_wconf 78' lang='grc' dir='ltr'>ἑωρακότες</span> <span class='ocrx_word' id='word_1_93' title='bbox 1150 2831 1274 2894; x_wconf 73' lang='grc' dir='ltr'>τοὺς</span> <span class='ocrx_word' id='word_1_94' title='bbox 1297 2834 1389 2887; x_wconf 79' lang='grc' dir='ltr'>τοῦ</span> 
     </span>
    </p>
   </div>
   <div class='ocr_carea' id='block_1_26' title="bbox 649 2913 1382 2994">
    <p class='ocr_par' dir='ltr' id='par_1_26' title="bbox 649 2913 1382 2994">
     <span class='ocr_line' id='line_1_26' title="bbox 649 2913 1382 2994; baseline 0.015 -28"><span class='ocrx_word' id='word_1_95' title='bbox 649 2913 799 2986; x_wconf 72' lang='grc'><strong>[500]</strong></span> <span class='ocrx_word' id='word_1_96' title='bbox 832 2919 1080 2988; x_wconf 84' lang='grc' dir='ltr'>Σωτῆρος</span> <span class='ocrx_word' id='word_1_97' title='bbox 1106 2922 1343 2994; x_wconf 75' lang='grc' dir='ltr'>ἀθλητὰς</span> <span class='ocrx_word' id='word_1_98' title='bbox 1369 2968 1382 2990; x_wconf 87' lang='grc'><em>,</em></span> 
     </span>
    </p>
   </div>
   <div class='ocr_carea' id='block_1_27' title="bbox 644 3004 1392 3089">
    <p class='ocr_par' dir='ltr' id='par_1_27' title="bbox 644 3004 1392 3089">
     <span class='ocr_line' id='line_1_27' title="bbox 644 3004 1392 3089; baseline 0.024 -34"><span class='ocrx_word' id='word_1_99' title='bbox 644 3004 872 3074; x_wconf 79' lang='grc' dir='ltr'>δύναμιν</span> <span class='ocrx_word' id='word_1_100' title='bbox 920 3009 1183 3077; x_wconf 79' lang='grc' dir='ltr'>λαϐόντας</span> <span class='ocrx_word' id='word_1_101' title='bbox 1240 3019 1392 3089; x_wconf 74' lang='grc' dir='ltr'>παρὰ</span> 
     </span>
    </p>
   </div>
   <div class='ocr_carea' id='block_1_28' title="bbox 641 3096 1391 3170">
    <p class='ocr_par' dir='ltr' id='par_1_28' title="bbox 641 3096 1391 3170">
     <span class='ocr_line' id='line_1_28' title="bbox 641 3096 1391 3170; baseline 0.024 -24"><span class='ocrx_word' id='word_1_102' title='bbox 641 3096 736 3149; x_wconf 79' lang='grc' dir='ltr'>τοῦ</span> <span class='ocrx_word' id='word_1_103' title='bbox 784 3099 1101 3170; x_wconf 79' lang='grc' dir='ltr'>Πνεύματος</span> <span class='ocrx_word' id='word_1_104' title='bbox 1137 3106 1225 3161; x_wconf 76' lang='grc' dir='ltr'>διὰ</span> <span class='ocrx_word' id='word_1_105' title='bbox 1281 3111 1391 3164; x_wconf 85' lang='grc' dir='ltr'><strong>τῶν</strong></span> 
     </span>
    </p>
   </div>
   <div class='ocr_carea' id='block_1_29' title="bbox 641 3186 1389 3267">
    <p class='ocr_par' dir='ltr' id='par_1_29' title="bbox 641 3186 1389 3267">
     <span class='ocr_line' id='line_1_29' title="bbox 641 3186 1389 3267; baseline 0.023 -28"><span class='ocrx_word' id='word_1_106' title='bbox 641 3186 801 3242; x_wconf 81' lang='grc' dir='ltr'>θείων</span> <span class='ocrx_word' id='word_1_107' title='bbox 822 3196 1153 3265; x_wconf 82' lang='grc' dir='ltr'>μυστηρίων,</span> <span class='ocrx_word' id='word_1_108' title='bbox 1170 3200 1389 3267; x_wconf 83' lang='grc' dir='ltr'>εἰκότως</span> 
     </span>
    </p>
   </div>
   <div class='ocr_carea' id='block_1_30' title="bbox 640 3280 1390 3361">
    <p class='ocr_par' dir='ltr' id='par_1_30' title="bbox 640 3280 1390 3361">
     <span class='ocr_line' id='line_1_30' title="bbox 640 3280 1390 3361; baseline 0.021 -28"><span class='ocrx_word' id='word_1_109' title='bbox 640 3280 708 3335; x_wconf 88' lang='grc' dir='ltr'><strong>ἂν</strong></span> <span class='ocrx_word' id='word_1_110' title='bbox 739 3283 879 3354; x_wconf 81' lang='grc' dir='ltr'>ὑπὲρ</span> <span class='ocrx_word' id='word_1_111' title='bbox 902 3291 1253 3361; x_wconf 77' lang='grc' dir='ltr'>σωφροσύνης</span> <span class='ocrx_word' id='word_1_112' title='bbox 1274 3295 1390 3347; x_wconf 87' lang='grc' dir='ltr'>δια-</span> 
     </span>
    </p>
   </div>
   <div class='ocr_carea' id='block_1_31' title="bbox 636 3375 1388 3456">
    <p class='ocr_par' dir='ltr' id='par_1_31' title="bbox 636 3375 1388 3456">
     <span class='ocr_line' id='line_1_31' title="bbox 636 3375 1388 3456; baseline 0.028 -33"><span class='ocrx_word' id='word_1_113' title='bbox 636 3375 935 3446; x_wconf 64' lang='grc' dir='ltr'>λεχθέντες,</span> <span class='ocrx_word' id='word_1_114' title='bbox 964 3382 1054 3433; x_wconf 75' lang='grc' dir='ltr'>ἐπὶ</span> <span class='ocrx_word' id='word_1_115' title='bbox 1084 3384 1173 3437; x_wconf 75' lang='grc' dir='ltr'><strong>τὸν</strong></span> <span class='ocrx_word' id='word_1_116' title='bbox 1204 3387 1388 3456; x_wconf 79' lang='grc' dir='ltr'>ἀγῶνα</span> 
     </span>
    </p>
   </div>
   <div class='ocr_carea' id='block_1_32' title="bbox 637 3465 1387 3549">
    <p class='ocr_par' dir='ltr' id='par_1_32' title="bbox 637 3465 1387 3549">
     <span class='ocr_line' id='line_1_32' title="bbox 637 3465 1387 3549; baseline 0.019 -30"><span class='ocrx_word' id='word_1_117' title='bbox 637 3465 728 3519; x_wconf 82' lang='grc' dir='ltr'><strong>τὸν</strong></span> <span class='ocrx_word' id='word_1_118' title='bbox 777 3475 1143 3541; x_wconf 74' lang='grc' dir='ltr'>πνευματικὸν</span> <span class='ocrx_word' id='word_1_119' title='bbox 1206 3495 1387 3549; x_wconf 80' lang='grc' dir='ltr'>παρα-</span> 
     </span>
    </p>
   </div>
   <div class='ocr_carea' id='block_1_33' title="bbox 642 3560 1385 3637">
    <p class='ocr_par' dir='ltr' id='par_1_33' title="bbox 642 3560 1385 3637">
     <span class='ocr_line' id='line_1_33' title="bbox 642 3560 1385 3637; baseline 0.017 -25"><span class='ocrx_word' id='word_1_120' title='bbox 642 3560 972 3632; x_wconf 78' lang='grc' dir='ltr'>πέμψωμεν.</span> <span class='ocrx_word' id='word_1_121' title='bbox 1023 3566 1110 3619; x_wconf 89' lang='grc' dir='ltr'>Ἐν</span> <span class='ocrx_word' id='word_1_122' title='bbox 1144 3569 1244 3637; x_wconf 81' lang='grc' dir='ltr'><strong>μὲν</strong></span> <span class='ocrx_word' id='word_1_123' title='bbox 1294 3567 1385 3626; x_wconf 81' lang='grc' dir='ltr'><strong>οὖν</strong></span> 
     </span>
    </p>
   </div>
   <div class='ocr_carea' id='block_1_34' title="bbox 637 3655 1160 3727">
    <p class='ocr_par' dir='ltr' id='par_1_34' title="bbox 637 3655 1160 3727">
     <span class='ocr_line' id='line_1_34' title="bbox 637 3655 1160 3727; baseline 0.023 -22"><span class='ocrx_word' id='word_1_124' title='bbox 637 3656 751 3715; x_wconf 82' lang='grc' dir='ltr'>τοῖς</span> <span class='ocrx_word' id='word_1_125' title='bbox 780 3655 1028 3727; x_wconf 80' lang='grc' dir='ltr'>ἀνορωπί</span> <span class='ocrx_word' id='word_1_126' title='bbox 1050 3702 1062 3713; x_wconf 67' lang='lat'><strong><em>,</em></strong></span> <span class='ocrx_word' id='word_1_127' title='bbox 1100 3701 1114 3714; x_wconf 92' lang='lat'><strong>.</strong></span> <span class='ocrx_word' id='word_1_128' title='bbox 1146 3703 1160 3717; x_wconf 94' lang='lat'><strong>.</strong></span> 
     </span>
    </p>
   </div>
   <div class='ocr_carea' id='block_1_35' title="bbox 1371 261 3167 337">
    <p class='ocr_par' dir='ltr' id='par_1_35' title="bbox 1371 261 3167 337">
     <span class='ocr_line' id='line_1_35' title="bbox 1371 261 3167 337; baseline 0.011 -18"><span class='ocrx_word' id='word_1_129' title='bbox 1371 261 1427 319; x_wconf 89' lang='lat' dir='ltr'><strong>S.</strong></span> <span class='ocrx_word' id='word_1_130' title='bbox 1465 261 1739 319; x_wconf 68' lang='lat' dir='ltr'><strong>JOANNIS</strong></span> <span class='ocrx_word' id='word_1_131' title='bbox 1774 262 2247 324; x_wconf 73' lang='lat' dir='ltr'><strong>CHRYSOSTOMI</strong></span> <span class='ocrx_word' id='word_1_132' title='bbox 2284 268 2597 327; x_wconf 79' lang='lat' dir='ltr'><strong>ARCIIIEP.</strong></span> <span class='ocrx_word' id='word_1_133' title='bbox 2639 275 3167 337; x_wconf 71' lang='lat' dir='ltr'><strong>CONSTAN&#39;I’lNOP.</strong></span> 
     </span>
    </p>
   </div>
   <div class='ocr_carea' id='block_1_36' title="bbox 3805 289 3917 350">
    <p class='ocr_par' dir='ltr' id='par_1_36' title="bbox 3805 289 3917 350">
     <span class='ocr_line' id='line_1_36' title="bbox 3805 289 3917 350; baseline 0 -3"><span class='ocrx_word' id='word_1_134' title='bbox 3805 289 3917 350; x_wconf 67' lang='lat'><strong>293</strong></span> 
     </span>
    </p>
   </div>
   <div class='ocr_carea' id='block_1_37' title="bbox 2019 411 3881 443">
    <p class='ocr_par' dir='ltr' id='par_1_37' title="bbox 2019 411 3881 443">
     <span class='ocr_line' id='line_1_37' title="bbox 2019 411 3881 443; baseline 0.006 -23"><span class='ocrx_word' id='word_1_135' title='bbox 2019 411 3881 443; x_wconf 41' lang='grc' dir='ltr'>Μ</span> 
     </span>
    </p>
   </div>
   <div class='ocr_carea' id='block_1_38' title="bbox 1540 526 3037 610">
    <p class='ocr_par' dir='ltr' id='par_1_38' title="bbox 1540 526 3037 610">
     <span class='ocr_line' id='line_1_38' title="bbox 1540 526 3037 610; baseline 0.009 -13"><span class='ocrx_word' id='word_1_136' title='bbox 1540 526 2031 598; x_wconf 81' lang='lat' dir='ltr'><strong>EJUSDEM</strong></span> <span class='ocrx_word' id='word_1_137' title='bbox 2089 530 2229 599; x_wconf 86' lang='lat' dir='ltr'><strong>DE</strong></span> <span class='ocrx_word' id='word_1_138' title='bbox 2282 526 3037 610; x_wconf 64' lang='lat' dir='ltr'><strong>CONTINENTIA.</strong></span> 
     </span>
    </p>
   </div>
   <div class='ocr_carea' id='block_1_39' title="bbox 1530 684 2208 758">
    <p class='ocr_par' dir='ltr' id='par_1_39' title="bbox 1530 684 2208 758">
     <span class='ocr_line' id='line_1_39' title="bbox 1530 684 2208 758; baseline 0.007 -20"><span class='ocrx_word' id='word_1_139' title='bbox 1530 684 1661 740; x_wconf 86' lang='lat' dir='ltr'><strong>Mihi</strong></span> <span class='ocrx_word' id='word_1_140' title='bbox 1710 686 1934 755; x_wconf 86' lang='lat' dir='ltr'><strong>quidem</strong></span> <span class='ocrx_word' id='word_1_141' title='bbox 1988 703 2208 758; x_wconf 85' lang='lat' dir='ltr'><strong>semper</strong></span> 
     </span>
    </p>
   </div>
   <div class='ocr_carea' id='block_1_40' title="bbox 1461 778 2211 845">
    <p class='ocr_par' dir='ltr' id='par_1_40' title="bbox 1461 778 2211 845">
     <span class='ocr_line' id='line_1_40' title="bbox 1461 778 2211 845; baseline 0.011 -15"><span class='ocrx_word' id='word_1_142' title='bbox 1461 778 1786 833; x_wconf 90' lang='lat' dir='ltr'><strong>utilissimus</strong></span> <span class='ocrx_word' id='word_1_143' title='bbox 1833 780 2087 845; x_wconf 91' lang='lat' dir='ltr'><strong>videtur,</strong></span> <span class='ocrx_word' id='word_1_144' title='bbox 2154 792 2211 838; x_wconf 91' lang='lat' dir='ltr'><strong>et</strong></span> 
     </span>
    </p>
   </div>
   <div class='ocr_carea' id='block_1_41' title="bbox 1461 871 2213 945">
    <p class='ocr_par' dir='ltr' id='par_1_41' title="bbox 1461 871 2213 945">
     <span class='ocr_line' id='line_1_41' title="bbox 1461 871 2213 945; baseline 0.005 -19"><span class='ocrx_word' id='word_1_145' title='bbox 1461 871 1663 927; x_wconf 77' lang='lat' dir='ltr'><strong>Christi</strong></span> <span class='ocrx_word' id='word_1_146' title='bbox 1684 875 1856 928; x_wconf 83' lang='lat' dir='ltr'><strong>servis</strong></span> <span class='ocrx_word' id='word_1_147' title='bbox 1879 875 2078 945; x_wconf 84' lang='lat' dir='ltr'><strong>dignus</strong></span> <span class='ocrx_word' id='word_1_148' title='bbox 2096 891 2213 930; x_wconf 90' lang='lat' dir='ltr'><strong>ser-</strong></span> 
     </span>
    </p>
   </div>
   <div class='ocr_carea' id='block_1_42' title="bbox 1463 966 2211 1027">
    <p class='ocr_par' dir='ltr' id='par_1_42' title="bbox 1463 966 2211 1027">
     <span class='ocr_line' id='line_1_42' title="bbox 1463 966 2211 1027; baseline 0.012 -8"><span class='ocrx_word' id='word_1_149' title='bbox 1463 981 1554 1019; x_wconf 89' lang='lat' dir='ltr'><strong>mo</strong></span> <span class='ocrx_word' id='word_1_150' title='bbox 1582 966 1650 1022; x_wconf 90' lang='lat' dir='ltr'><strong>de</strong></span> <span class='ocrx_word' id='word_1_151' title='bbox 1678 969 2016 1027; x_wconf 89' lang='lat' dir='ltr'><strong>continentia</strong></span> <span class='ocrx_word' id='word_1_152' title='bbox 2050 987 2063 1023; x_wconf 91' lang='lat'><strong>:</strong></span> <span class='ocrx_word' id='word_1_153' title='bbox 2092 987 2211 1027; x_wconf 88' lang='lat' dir='ltr'><strong>ma-</strong></span> 
     </span>
    </p>
   </div>
   <div class='ocr_carea' id='block_1_43' title="bbox 1464 1059 2212 1133">
    <p class='ocr_par' dir='ltr' id='par_1_43' title="bbox 1464 1059 2212 1133">
     <span class='ocr_line' id='line_1_43' title="bbox 1464 1059 2212 1133; baseline 0.012 -22"><span class='ocrx_word' id='word_1_154' title='bbox 1464 1059 1607 1113; x_wconf 80' lang='lat' dir='ltr'><strong>xime</strong></span> <span class='ocrx_word' id='word_1_155' title='bbox 1623 1069 1804 1115; x_wconf 90' lang='lat' dir='ltr'><strong>autem</strong></span> <span class='ocrx_word' id='word_1_156' title='bbox 1825 1065 2212 1133; x_wconf 78' lang='lat' dir='ltr'><strong>temporehoc,</strong></span> 
     </span>
    </p>
   </div>
   <div class='ocr_carea' id='block_1_44' title="bbox 1463 1146 2212 1220">
    <p class='ocr_par' dir='ltr' id='par_1_44' title="bbox 1463 1146 2212 1220">
     <span class='ocr_line' id='line_1_44' title="bbox 1463 1146 2212 1220; baseline 0.009 -16"><span class='ocrx_word' id='word_1_157' title='bbox 1463 1153 1684 1220; x_wconf 83' lang='lat' dir='ltr'><strong>quando</strong></span> <span class='ocrx_word' id='word_1_158' title='bbox 1726 1154 2006 1209; x_wconf 78' lang='lat' dir='ltr'><strong>Christum</strong></span> <span class='ocrx_word' id='word_1_159' title='bbox 2034 1146 2212 1211; x_wconf 80' lang='lat' dir='ltr'><strong>induti</strong></span> 
     </span>
    </p>
   </div>
   <div class='ocr_carea' id='block_1_45' title="bbox 1464 1246 2220 1318">
    <p class='ocr_par' dir='ltr' id='par_1_45' title="bbox 1464 1246 2220 1318">
     <span class='ocr_line' id='line_1_45' title="bbox 1464 1246 2220 1318; baseline 0.009 -21"><span class='ocrx_word' id='word_1_160' title='bbox 1464 1246 1619 1313; x_wconf 90' lang='lat' dir='ltr'><strong>pueri</strong></span> <span class='ocrx_word' id='word_1_161' title='bbox 1654 1246 1911 1302; x_wconf 58' lang='lat' dir='ltr'><strong>Ecclesiae</strong></span> <span class='ocrx_word' id='word_1_162' title='bbox 1955 1264 2068 1318; x_wconf 66' lang='lat' dir='ltr'><strong>pra:</strong></span> <span class='ocrx_word' id='word_1_163' title='bbox 2089 1250 2220 1305; x_wconf 81' lang='lat' dir='ltr'><strong>aliis</strong></span> 
     </span>
    </p>
   </div>
   <div class='ocr_carea' id='block_1_46' title="bbox 1463 1336 2213 1412">
    <p class='ocr_par' dir='ltr' id='par_1_46' title="bbox 1463 1336 2213 1412">
     <span class='ocr_line' id='line_1_46' title="bbox 1463 1336 2213 1412; baseline 0.009 -22"><span class='ocrx_word' id='word_1_164' title='bbox 1463 1336 1623 1391; x_wconf 89' lang='lat' dir='ltr'><strong>bonis</strong></span> <span class='ocrx_word' id='word_1_165' title='bbox 1658 1339 2053 1394; x_wconf 84' lang='lat' dir='ltr'><strong>continentiam</strong></span> <span class='ocrx_word' id='word_1_166' title='bbox 2082 1358 2213 1412; x_wconf 83' lang='lat' dir='ltr'><strong>pos-</strong></span> 
     </span>
    </p>
   </div>
   <div class='ocr_carea' id='block_1_47' title="bbox 1464 1433 2213 1497">
    <p class='ocr_par' dir='ltr' id='par_1_47' title="bbox 1464 1433 2213 1497">
     <span class='ocr_line' id='line_1_47' title="bbox 1464 1433 2213 1497; baseline 0.011 -11"><span class='ocrx_word' id='word_1_167' title='bbox 1464 1433 1644 1487; x_wconf 85' lang='lat' dir='ltr'><strong>sidere</strong></span> <span class='ocrx_word' id='word_1_168' title='bbox 1699 1436 1935 1490; x_wconf 89' lang='lat' dir='ltr'><strong>maxime</strong></span> <span class='ocrx_word' id='word_1_169' title='bbox 1985 1437 2213 1497; x_wconf 84' lang='lat' dir='ltr'><strong>debent.</strong></span> 
     </span>
    </p>
   </div>
   <div class='ocr_carea' id='block_1_48' title="bbox 1462 1532 2212 1604">
    <p class='ocr_par' dir='ltr' id='par_1_48' title="bbox 1462 1532 2212 1604">
     <span class='ocr_line' id='line_1_48' title="bbox 1462 1532 2212 1604; baseline 0.007 -19"><span class='ocrx_word' id='word_1_170' title='bbox 1462 1532 1633 1587; x_wconf 82' lang='lat' dir='ltr'><strong>Nemo</strong></span> <span class='ocrx_word' id='word_1_171' title='bbox 1661 1532 1861 1604; x_wconf 87' lang='lat' dir='ltr'><strong>injuste</strong></span> <span class='ocrx_word' id='word_1_172' title='bbox 1899 1535 1984 1588; x_wconf 92' lang='lat' dir='ltr'><strong>vel</strong></span> <span class='ocrx_word' id='word_1_173' title='bbox 2011 1535 2212 1591; x_wconf 87' lang='lat' dir='ltr'><strong>intem-</strong></span> 
     </span>
    </p>
   </div>
   <div class='ocr_carea' id='block_1_49' title="bbox 1463 1625 2208 1693">
    <p class='ocr_par' dir='ltr' id='par_1_49' title="bbox 1463 1625 2208 1693">
     <span class='ocr_line' id='line_1_49' title="bbox 1463 1625 2208 1693; baseline 0.003 -14"><span class='ocrx_word' id='word_1_174' title='bbox 1463 1627 1671 1693; x_wconf 89' lang='lat' dir='ltr'><strong>pestive</strong></span> <span class='ocrx_word' id='word_1_175' title='bbox 1706 1625 1773 1679; x_wconf 91' lang='lat' dir='ltr'><strong>de</strong></span> <span class='ocrx_word' id='word_1_176' title='bbox 1798 1625 2124 1681; x_wconf 69' lang='lat' dir='ltr'><strong>fortitudine</strong></span> <span class='ocrx_word' id='word_1_177' title='bbox 2151 1634 2208 1682; x_wconf 88' lang='lat' dir='ltr'><strong>et</strong></span> 
     </span>
    </p>
   </div>
   <div class='ocr_carea' id='block_1_50' title="bbox 1462 1722 2214 1777">
    <p class='ocr_par' dir='ltr' id='par_1_50' title="bbox 1462 1722 2214 1777">
     <span class='ocr_line' id='line_1_50' title="bbox 1462 1722 2214 1777; baseline 0.005 -4"><span class='ocrx_word' id='word_1_178' title='bbox 1462 1722 1761 1776; x_wconf 78' lang='lat' dir='ltr'><strong>certamine</strong></span> <span class='ocrx_word' id='word_1_179' title='bbox 1786 1722 1988 1776; x_wconf 90' lang='lat' dir='ltr'><strong>factum</strong></span> <span class='ocrx_word' id='word_1_180' title='bbox 2015 1722 2214 1777; x_wconf 87' lang='lat' dir='ltr'><strong>dixerit</strong></span> 
     </span>
    </p>
   </div>
   <div class='ocr_carea' id='block_1_51' title="bbox 1462 1815 2215 1879">
    <p class='ocr_par' dir='ltr' id='par_1_51' title="bbox 1462 1815 2215 1879">
     <span class='ocr_line' id='line_1_51' title="bbox 1462 1815 2215 1879; baseline 0.005 -13"><span class='ocrx_word' id='word_1_181' title='bbox 1462 1828 1771 1867; x_wconf 89' lang='lat' dir='ltr'><strong>sermonem</strong></span> <span class='ocrx_word' id='word_1_182' title='bbox 1795 1855 1809 1879; x_wconf 89' lang='lat'><strong>,</strong></span> <span class='ocrx_word' id='word_1_183' title='bbox 1845 1830 1968 1869; x_wconf 91' lang='lat' dir='ltr'><strong>cum</strong></span> <span class='ocrx_word' id='word_1_184' title='bbox 1997 1815 2215 1871; x_wconf 71' lang='lat' dir='ltr'><strong>athleta:</strong></span> 
     </span>
    </p>
   </div>
   <div class='ocr_carea' id='block_1_52' title="bbox 1457 1905 2212 1977">
    <p class='ocr_par' dir='ltr' id='par_1_52' title="bbox 1457 1905 2212 1977">
     <span class='ocr_line' id='line_1_52' title="bbox 1457 1905 2212 1977; baseline 0.005 -20"><span class='ocrx_word' id='word_1_185' title='bbox 1457 1905 1610 1973; x_wconf 89' lang='lat' dir='ltr'><strong>juxta</strong></span> <span class='ocrx_word' id='word_1_186' title='bbox 1686 1905 1993 1977; x_wconf 79' lang='lat' dir='ltr'><strong>Olympicas</strong></span> <span class='ocrx_word' id='word_1_187' title='bbox 2067 1908 2212 1977; x_wconf 81' lang='lat' dir='ltr'><strong>leges</strong></span> 
     </span>
    </p>
   </div>
   <div class='ocr_carea' id='block_1_53' title="bbox 1461 1998 2215 2067">
    <p class='ocr_par' dir='ltr' id='par_1_53' title="bbox 1461 1998 2215 2067">
     <span class='ocr_line' id='line_1_53' title="bbox 1461 1998 2215 2067; baseline 0.004 -17"><span class='ocrx_word' id='word_1_188' title='bbox 1461 2008 1808 2052; x_wconf 79' lang='lat' dir='ltr'><strong>exercentur.</strong></span> <span class='ocrx_word' id='word_1_189' title='bbox 1836 1998 2023 2067; x_wconf 87' lang='lat' dir='ltr'><strong>Itaque</strong></span> <span class='ocrx_word' id='word_1_190' title='bbox 2043 2009 2097 2053; x_wconf 93' lang='lat' dir='ltr'><strong>et</strong></span> <span class='ocrx_word' id='word_1_191' title='bbox 2116 2016 2215 2053; x_wconf 90' lang='lat' dir='ltr'><strong>nos</strong></span> 
     </span>
    </p>
   </div>
   <div class='ocr_carea' id='block_1_54' title="bbox 1461 2091 2215 2161">
    <p class='ocr_par' dir='ltr' id='par_1_54' title="bbox 1461 2091 2215 2161">
     <span class='ocr_line' id='line_1_54' title="bbox 1461 2091 2215 2161; baseline 0.005 -20"><span class='ocrx_word' id='word_1_192' title='bbox 1461 2105 1608 2143; x_wconf 90' lang='lat' dir='ltr'><strong>nunc</strong></span> <span class='ocrx_word' id='word_1_193' title='bbox 1622 2091 1895 2146; x_wconf 88' lang='lat' dir='ltr'><strong>athletasC</strong></span> <span class='ocrx_word' id='word_1_194' title='bbox 1903 2092 1936 2145; x_wconf 94' lang='lat' dir='ltr'><strong>h</strong></span> <span class='ocrx_word' id='word_1_195' title='bbox 1945 2091 1985 2144; x_wconf 89' lang='lat' dir='ltr'><strong>ri</strong></span> <span class='ocrx_word' id='word_1_196' title='bbox 1995 2092 2063 2145; x_wconf 92' lang='lat' dir='ltr'><strong>sli</strong></span> <span class='ocrx_word' id='word_1_197' title='bbox 2077 2108 2215 2161; x_wconf 90' lang='lat' dir='ltr'><strong>quos</strong></span> 
     </span>
    </p>
   </div>
   <div class='ocr_carea' id='block_1_55' title="bbox 1465 2183 2215 2252">
    <p class='ocr_par' dir='ltr' id='par_1_55' title="bbox 1465 2183 2215 2252">
     <span class='ocr_line' id='line_1_55' title="bbox 1465 2183 2215 2252; baseline 0.005 -19"><span class='ocrx_word' id='word_1_198' title='bbox 1465 2183 1715 2237; x_wconf 90' lang='lat' dir='ltr'><strong>videmus</strong></span> <span class='ocrx_word' id='word_1_199' title='bbox 1745 2183 2023 2252; x_wconf 90' lang='lat' dir='ltr'><strong>accepisse</strong></span> <span class='ocrx_word' id='word_1_200' title='bbox 2044 2184 2215 2238; x_wconf 87' lang='lat' dir='ltr'><strong>virtu-</strong></span> 
     </span>
    </p>
   </div>
   <div class='ocr_carea' id='block_1_56' title="bbox 1469 2274 2216 2345">
    <p class='ocr_par' dir='ltr' id='par_1_56' title="bbox 1469 2274 2216 2345">
     <span class='ocr_line' id='line_1_56' title="bbox 1469 2274 2216 2345; baseline 0.003 -18"><span class='ocrx_word' id='word_1_201' title='bbox 1469 2282 1575 2327; x_wconf 92' lang='lat' dir='ltr'><strong>tcm</strong></span> <span class='ocrx_word' id='word_1_202' title='bbox 1594 2290 1623 2327; x_wconf 90' lang='lat' dir='ltr'><strong>a</strong></span> <span class='ocrx_word' id='word_1_203' title='bbox 1641 2274 1845 2344; x_wconf 89' lang='lat' dir='ltr'><strong>Spiritu</strong></span> <span class='ocrx_word' id='word_1_204' title='bbox 1885 2285 2110 2345; x_wconf 87' lang='lat' dir='ltr'><strong>prepter</strong></span> <span class='ocrx_word' id='word_1_205' title='bbox 2130 2276 2216 2329; x_wconf 85' lang='lat' dir='ltr'><strong>di-</strong></span> 
     </span>
    </p>
   </div>
   <div class='ocr_carea' id='block_1_57' title="bbox 1468 2366 2208 2437">
    <p class='ocr_par' dir='ltr' id='par_1_57' title="bbox 1468 2366 2208 2437">
     <span class='ocr_line' id='line_1_57' title="bbox 1468 2366 2208 2437; baseline 0.005 -20"><span class='ocrx_word' id='word_1_206' title='bbox 1468 2366 1594 2420; x_wconf 91' lang='lat' dir='ltr'><strong>vina</strong></span> <span class='ocrx_word' id='word_1_207' title='bbox 1617 2375 1979 2431; x_wconf 85' lang='lat' dir='ltr'><strong>sacramenta,</strong></span> <span class='ocrx_word' id='word_1_208' title='bbox 2000 2367 2067 2420; x_wconf 90' lang='lat' dir='ltr'><strong>ad</strong></span> <span class='ocrx_word' id='word_1_209' title='bbox 2086 2382 2208 2437; x_wconf 86' lang='lat' dir='ltr'><strong>ago-</strong></span> 
     </span>
    </p>
   </div>
   <div class='ocr_carea' id='block_1_58' title="bbox 1468 2459 2221 2528">
    <p class='ocr_par' dir='ltr' id='par_1_58' title="bbox 1468 2459 2221 2528">
     <span class='ocr_line' id='line_1_58' title="bbox 1468 2459 2221 2528; baseline 0.003 -17"><span class='ocrx_word' id='word_1_210' title='bbox 1468 2474 1590 2511; x_wconf 92' lang='lat' dir='ltr'><strong>nem</strong></span> <span class='ocrx_word' id='word_1_211' title='bbox 1608 2459 1951 2528; x_wconf 90' lang='lat' dir='ltr'><strong>spiritualcm</strong></span> <span class='ocrx_word' id='word_1_212' title='bbox 1972 2460 2221 2527; x_wconf 70' lang='lat' dir='ltr'><strong>missuri,</strong></span> 
     </span>
    </p>
   </div>
   <div class='ocr_carea' id='block_1_59' title="bbox 1466 2550 2192 2605">
    <p class='ocr_par' dir='ltr' id='par_1_59' title="bbox 1466 2550 2192 2605">
     <span class='ocr_line' id='line_1_59' title="bbox 1466 2550 2192 2605; baseline 0.003 -2"><span class='ocrx_word' id='word_1_213' title='bbox 1466 2550 1664 2603; x_wconf 88' lang='lat' dir='ltr'><strong>merito</strong></span> <span class='ocrx_word' id='word_1_214' title='bbox 1676 2550 1743 2605; x_wconf 93' lang='lat' dir='ltr'><strong>de</strong></span> <span class='ocrx_word' id='word_1_215' title='bbox 1758 2551 2093 2605; x_wconf 87' lang='lat' dir='ltr'><strong>continentia</strong></span> <span class='ocrx_word' id='word_1_216' title='bbox 2106 2552 2192 2605; x_wconf 92' lang='lat' dir='ltr'><strong>dis</strong></span> 
     </span>
    </p>
   </div>
   <div class='ocr_carea' id='block_1_60' title="bbox 1466 2640 2217 2697">
    <p class='ocr_par' dir='ltr' id='par_1_60' title="bbox 1466 2640 2217 2697">
     <span class='ocr_line' id='line_1_60' title="bbox 1466 2640 2217 2697; baseline 0.005 -4"><span class='ocrx_word' id='word_1_217' title='bbox 1466 2640 1719 2694; x_wconf 89' lang='lat' dir='ltr'><strong>serimus.</strong></span> <span class='ocrx_word' id='word_1_218' title='bbox 1805 2640 1865 2694; x_wconf 88' lang='lat' dir='ltr'><strong>In</strong></span> <span class='ocrx_word' id='word_1_219' title='bbox 1922 2642 2217 2697; x_wconf 87' lang='lat' dir='ltr'><strong>mundanis</strong></span> 
     </span>
    </p>
   </div>
   <div class='ocr_carea' id='block_1_61' title="bbox 1466 2731 2215 2804">
    <p class='ocr_par' dir='ltr' id='par_1_61' title="bbox 1466 2731 2215 2804">
     <span class='ocr_line' id='line_1_61' title="bbox 1466 2731 2215 2804; baseline 0.005 -20"><span class='ocrx_word' id='word_1_220' title='bbox 1466 2731 1613 2784; x_wconf 90' lang='lat' dir='ltr'><strong>enim</strong></span> <span class='ocrx_word' id='word_1_221' title='bbox 1658 2732 2049 2788; x_wconf 88' lang='lat' dir='ltr'><strong>certaminibus</strong></span> <span class='ocrx_word' id='word_1_222' title='bbox 2094 2743 2215 2804; x_wconf 89' lang='lat' dir='ltr'><strong>post</strong></span> 
     </span>
    </p>
   </div>
   <div class='ocr_carea' id='block_1_62' title="bbox 1464 2823 2214 2891">
    <p class='ocr_par' dir='ltr' id='par_1_62' title="bbox 1464 2823 2214 2891">
     <span class='ocr_line' id='line_1_62' title="bbox 1464 2823 2214 2891; baseline 0.009 -16"><span class='ocrx_word' id='word_1_223' title='bbox 1464 2823 1751 2878; x_wconf 81' lang='lat' dir='ltr'><strong>victoriam</strong></span> <span class='ocrx_word' id='word_1_224' title='bbox 1816 2840 2075 2891; x_wconf 72' lang='lat' dir='ltr'><strong>COI‘ODIB;</strong></span> <span class='ocrx_word' id='word_1_225' title='bbox 2158 2828 2214 2881; x_wconf 92' lang='lat' dir='ltr'><strong>in</strong></span> 
     </span>
    </p>
   </div>
   <div class='ocr_carea' id='block_1_63' title="bbox 1462 2916 2231 2972">
    <p class='ocr_par' dir='ltr' id='par_1_63' title="bbox 1462 2916 2231 2972">
     <span class='ocr_line' id='line_1_63' title="bbox 1462 2916 2231 2972; baseline 0 0"><span class='ocrx_word' id='word_1_226' title='bbox 1462 2916 1663 2972; x_wconf 82' lang='lat' dir='ltr'><strong>Christi</strong></span> <span class='ocrx_word' id='word_1_227' title='bbox 1755 2925 1934 2970; x_wconf 83' lang='lat' dir='ltr'><strong>autem</strong></span> <span class='ocrx_word' id='word_1_228' title='bbox 2026 2917 2231 2972; x_wconf 85' lang='lat' dir='ltr'><strong>stadiis</strong></span> 
     </span>
    </p>
   </div>
   <div class='ocr_carea' id='block_1_64' title="bbox 1463 3006 2215 3065">
    <p class='ocr_par' dir='ltr' id='par_1_64' title="bbox 1463 3006 2215 3065">
     <span class='ocr_line' id='line_1_64' title="bbox 1463 3006 2215 3065; baseline 0.008 -6"><span class='ocrx_word' id='word_1_229' title='bbox 1463 3018 1587 3061; x_wconf 89' lang='lat' dir='ltr'><strong>ante</strong></span> <span class='ocrx_word' id='word_1_230' title='bbox 1643 3006 1925 3061; x_wconf 80' lang='lat' dir='ltr'><strong>victoriam</strong></span> <span class='ocrx_word' id='word_1_231' title='bbox 1979 3024 2215 3065; x_wconf 70' lang='lat' dir='ltr'><strong>cereum.</strong></span> 
     </span>
    </p>
   </div>
   <div class='ocr_carea' id='block_1_65' title="bbox 1463 3098 2217 3166">
    <p class='ocr_par' dir='ltr' id='par_1_65' title="bbox 1463 3098 2217 3166">
     <span class='ocr_line' id='line_1_65' title="bbox 1463 3098 2217 3166; baseline 0.008 -14"><span class='ocrx_word' id='word_1_232' title='bbox 1463 3098 1639 3166; x_wconf 88' lang='lat' dir='ltr'><strong>Quare</strong></span> <span class='ocrx_word' id='word_1_233' title='bbox 1691 3109 1872 3155; x_wconf 91' lang='lat' dir='ltr'><strong>autem</strong></span> <span class='ocrx_word' id='word_1_234' title='bbox 1926 3112 2217 3158; x_wconf 90' lang='lat' dir='ltr'><strong>coronatos</strong></span> 
     </span>
    </p>
   </div>
   <div class='ocr_carea' id='block_1_66' title="bbox 1464 3193 2225 3262">
    <p class='ocr_par' dir='ltr' id='par_1_66' title="bbox 1464 3193 2225 3262">
     <span class='ocr_line' id='line_1_66' title="bbox 1464 3193 2225 3262; baseline 0.004 -16"><span class='ocrx_word' id='word_1_235' title='bbox 1464 3193 1518 3246; x_wconf 92' lang='lat' dir='ltr'><strong>in</strong></span> <span class='ocrx_word' id='word_1_236' title='bbox 1599 3208 1826 3262; x_wconf 91' lang='lat' dir='ltr'><strong>agonem</strong></span> <span class='ocrx_word' id='word_1_237' title='bbox 1889 3194 2055 3249; x_wconf 91' lang='lat' dir='ltr'><strong>mittit</strong></span> <span class='ocrx_word' id='word_1_238' title='bbox 2114 3211 2225 3249; x_wconf 86' lang='lat' dir='ltr'><strong>nos</strong></span> 
     </span>
    </p>
   </div>
   <div class='ocr_carea' id='block_1_67' title="bbox 1460 3286 2213 3343">
    <p class='ocr_par' dir='ltr' id='par_1_67' title="bbox 1460 3286 2213 3343">
     <span class='ocr_line' id='line_1_67' title="bbox 1460 3286 2213 3343; baseline 0.005 -4"><span class='ocrx_word' id='word_1_239' title='bbox 1460 3286 1736 3340; x_wconf 86' lang='lat' dir='ltr'><strong>Christus?</strong></span> <span class='ocrx_word' id='word_1_240' title='bbox 1767 3288 1837 3343; x_wconf 91' lang='lat' dir='ltr'><strong>Ut</strong></span> <span class='ocrx_word' id='word_1_241' title='bbox 1875 3298 2079 3342; x_wconf 90' lang='lat' dir='ltr'><strong>metum</strong></span> <span class='ocrx_word' id='word_1_242' title='bbox 2126 3290 2213 3343; x_wconf 87' lang='lat' dir='ltr'><strong>in-</strong></span> 
     </span>
    </p>
   </div>
   <div class='ocr_carea' id='block_1_68' title="bbox 1461 3384 2213 3450">
    <p class='ocr_par' dir='ltr' id='par_1_68' title="bbox 1461 3384 2213 3450">
     <span class='ocr_line' id='line_1_68' title="bbox 1461 3384 2213 3450; baseline 0.007 -14"><span class='ocrx_word' id='word_1_243' title='bbox 1461 3384 1631 3437; x_wconf 91' lang='lat' dir='ltr'><strong>cutiat</strong></span> <span class='ocrx_word' id='word_1_244' title='bbox 1678 3384 2031 3450; x_wconf 87' lang='lat' dir='ltr'><strong>adversariis,</strong></span> <span class='ocrx_word' id='word_1_245' title='bbox 2085 3402 2213 3441; x_wconf 84' lang='lat' dir='ltr'><strong>sen-</strong></span> 
     </span>
    </p>
   </div>
   <div class='ocr_carea' id='block_1_69' title="bbox 1460 3478 2209 3549">
    <p class='ocr_par' dir='ltr' id='par_1_69' title="bbox 1460 3478 2209 3549">
     <span class='ocr_line' id='line_1_69' title="bbox 1460 3478 2209 3549; baseline 0.011 -23"><span class='ocrx_word' id='word_1_246' title='bbox 1460 3489 1660 3542; x_wconf 82' lang='lat' dir='ltr'><strong>susque</strong></span> <span class='ocrx_word' id='word_1_247' title='bbox 1710 3483 1926 3531; x_wconf 88' lang='lat' dir='ltr'><strong>nostros</strong></span> <span class='ocrx_word' id='word_1_248' title='bbox 1978 3478 2151 3549; x_wconf 78' lang='lat' dir='ltr'><strong>erigat</strong></span> <span class='ocrx_word' id='word_1_249' title='bbox 2194 3496 2209 3534; x_wconf 88' lang='lat'><strong>:</strong></span> 
     </span>
    </p>
   </div>
   <div class='ocr_carea' id='block_1_70' title="bbox 1461 3569 2215 3627">
    <p class='ocr_par' dir='ltr' id='par_1_70' title="bbox 1461 3569 2215 3627">
     <span class='ocr_line' id='line_1_70' title="bbox 1461 3569 2215 3627; baseline 0.009 -6"><span class='ocrx_word' id='word_1_250' title='bbox 1461 3578 1521 3623; x_wconf 91' lang='lat' dir='ltr'><strong>ut</strong></span> <span class='ocrx_word' id='word_1_251' title='bbox 1575 3569 1639 3622; x_wconf 86' lang='lat' dir='ltr'><strong>ad</strong></span> <span class='ocrx_word' id='word_1_252' title='bbox 1696 3570 1957 3623; x_wconf 87' lang='lat' dir='ltr'><strong>honorem</strong></span> <span class='ocrx_word' id='word_1_253' title='bbox 2012 3588 2041 3625; x_wconf 90' lang='lat' dir='ltr'><strong>a</strong></span> <span class='ocrx_word' id='word_1_254' title='bbox 2102 3574 2215 3627; x_wconf 86' lang='lat' dir='ltr'><strong>Deo</strong></span> 
     </span>
    </p>
   </div>
   <div class='ocr_carea' id='block_1_71' title="bbox 1458 3660 2206 3729">
    <p class='ocr_par' dir='ltr' id='par_1_71' title="bbox 1458 3660 2206 3729">
     <span class='ocr_line' id='line_1_71' title="bbox 1458 3660 2206 3729; baseline 0.004 -16"><span class='ocrx_word' id='word_1_255' title='bbox 1458 3660 1617 3714; x_wconf 89' lang='lat' dir='ltr'><strong>nobis</strong></span> <span class='ocrx_word' id='word_1_256' title='bbox 1646 3660 1829 3714; x_wconf 90' lang='lat' dir='ltr'><strong>datum</strong></span> <span class='ocrx_word' id='word_1_257' title='bbox 1865 3672 2206 3729; x_wconf 89' lang='lat' dir='ltr'><strong>spectantes,</strong></span> 
     </span>
    </p>
   </div>
   <div class='ocr_carea' id='block_1_72' title="bbox 635 3736 2209 3809">
    <p class='ocr_par' dir='ltr' id='par_1_72' title="bbox 635 3736 2209 3809">
     <span class='ocr_line' id='line_1_72' title="bbox 635 3736 2209 3809; baseline -0.003 -17"><span class='ocrx_word' id='word_1_258' title='bbox 635 3739 769 3794; x_wconf 86' lang='lat' dir='ltr'><strong>nihil</strong></span> <span class='ocrx_word' id='word_1_259' title='bbox 832 3739 1101 3809; x_wconf 84' lang='lat' dir='ltr'><strong>indignum</strong></span> <span class='ocrx_word' id='word_1_260' title='bbox 1145 3736 1368 3789; x_wconf 90' lang='lat' dir='ltr'><strong>Domino</strong></span> <span class='ocrx_word' id='word_1_261' title='bbox 1428 3736 1513 3788; x_wconf 89' lang='lat' dir='ltr'><strong>vel</strong></span> <span class='ocrx_word' id='word_1_262' title='bbox 1562 3736 1876 3803; x_wconf 85' lang='lat' dir='ltr'><strong>loquamur,</strong></span> <span class='ocrx_word' id='word_1_263' title='bbox 1920 3738 2001 3789; x_wconf 84' lang='lat' dir='ltr'><strong>vcl</strong></span> <span class='ocrx_word' id='word_1_264' title='bbox 2050 3740 2209 3788; x_wconf 86' lang='lat' dir='ltr'><strong>faeta-</strong></span> 
     </span>
    </p>
   </div>
   <div class='ocr_carea' id='block_1_73' title="bbox 635 3827 2217 3897">
    <p class='ocr_par' dir='ltr' id='par_1_73' title="bbox 635 3827 2217 3897">
     <span class='ocr_line' id='line_1_73' title="bbox 635 3827 2217 3897; baseline -0.006 -15"><span class='ocrx_word' id='word_1_265' title='bbox 635 3844 775 3883; x_wconf 87' lang='lat' dir='ltr'><strong>mus.</strong></span> <span class='ocrx_word' id='word_1_266' title='bbox 836 3827 967 3885; x_wconf 82' lang='lat' dir='ltr'><strong>Nam</strong></span> <span class='ocrx_word' id='word_1_267' title='bbox 1008 3828 1051 3881; x_wconf 89' lang='lat' dir='ltr'><strong>si</strong></span> <span class='ocrx_word' id='word_1_268' title='bbox 1102 3844 1196 3882; x_wconf 86' lang='lat' dir='ltr'><strong>rex</strong></span> <span class='ocrx_word' id='word_1_269' title='bbox 1226 3827 1415 3896; x_wconf 81' lang='lat' dir='ltr'><strong>aliquis</strong></span> <span class='ocrx_word' id='word_1_270' title='bbox 1445 3841 1673 3897; x_wconf 86' lang='lat' dir='ltr'><strong>purpura</strong></span> <span class='ocrx_word' id='word_1_271' title='bbox 1702 3827 1923 3879; x_wconf 87' lang='lat' dir='ltr'><strong>amictus</strong></span> <span class='ocrx_word' id='word_1_272' title='bbox 1947 3868 1962 3890; x_wconf 94' lang='lat'><strong>,</strong></span> <span class='ocrx_word' id='word_1_273' title='bbox 1994 3841 2217 3880; x_wconf 77' lang='lat' dir='ltr'><strong>corona.</strong></span> 
     </span>
    </p>
   </div>
   <div class='ocr_carea' id='block_1_74' title="bbox 635 3917 2206 3990">
    <p class='ocr_par' dir='ltr' id='par_1_74' title="bbox 635 3917 2206 3990">
     <span class='ocr_line' id='line_1_74' title="bbox 635 3917 2206 3990; baseline 0 -19"><span class='ocrx_word' id='word_1_274' title='bbox 635 3937 739 3990; x_wconf 92' lang='lat' dir='ltr'><strong>que</strong></span> <span class='ocrx_word' id='word_1_275' title='bbox 775 3930 931 3989; x_wconf 90' lang='lat' dir='ltr'><strong>caput</strong></span> <span class='ocrx_word' id='word_1_276' title='bbox 976 3929 1225 3983; x_wconf 87' lang='lat' dir='ltr'><strong>ornatus,</strong></span> <span class='ocrx_word' id='word_1_277' title='bbox 1258 3928 1311 3973; x_wconf 92' lang='lat' dir='ltr'><strong>et</strong></span> <span class='ocrx_word' id='word_1_278' title='bbox 1366 3919 1535 3973; x_wconf 90' lang='lat' dir='ltr'><strong>victus</strong></span> <span class='ocrx_word' id='word_1_279' title='bbox 1564 3926 1764 3971; x_wconf 74' lang='lat' dir='ltr'><strong>natura:</strong></span> <span class='ocrx_word' id='word_1_280' title='bbox 1812 3917 2206 3979; x_wconf 81' lang='lat' dir='ltr'><strong>affectionibus.</strong></span> 
     </span>
    </p>
   </div>
   <div class='ocr_carea' id='block_1_75' title="bbox 637 4009 2206 4079">
    <p class='ocr_par' dir='ltr' id='par_1_75' title="bbox 637 4009 2206 4079">
     <span class='ocr_line' id='line_1_75' title="bbox 637 4009 2206 4079; baseline 0.001 -17"><span class='ocrx_word' id='word_1_281' title='bbox 637 4010 905 4079; x_wconf 84' lang='lat' dir='ltr'><strong>indignum</strong></span> <span class='ocrx_word' id='word_1_282' title='bbox 935 4010 1179 4079; x_wconf 86' lang='lat' dir='ltr'><strong>quiddam</strong></span> <span class='ocrx_word' id='word_1_283' title='bbox 1200 4010 1341 4079; x_wconf 88' lang='lat' dir='ltr'><strong>regia</strong></span> <span class='ocrx_word' id='word_1_284' title='bbox 1373 4010 1649 4078; x_wconf 87' lang='lat' dir='ltr'><strong>majestate</strong></span> <span class='ocrx_word' id='word_1_285' title='bbox 1680 4009 1884 4075; x_wconf 80' lang='lat' dir='ltr'><strong>fecerit,</strong></span> <span class='ocrx_word' id='word_1_286' title='bbox 1915 4023 2036 4063; x_wconf 79' lang='lat' dir='ltr'><strong>mox</strong></span> <span class='ocrx_word' id='word_1_287' title='bbox 2070 4019 2127 4062; x_wconf 91' lang='lat' dir='ltr'><strong>ut</strong></span> <span class='ocrx_word' id='word_1_288' title='bbox 2155 4010 2206 4063; x_wconf 91' lang='lat' dir='ltr'><strong>in</strong></span> 
     </span>
    </p>
   </div>
   <div class='ocr_carea' id='block_1_76' title="bbox 636 4101 2212 4171">
    <p class='ocr_par' dir='ltr' id='par_1_76' title="bbox 636 4101 2212 4171">
     <span class='ocr_line' id='line_1_76' title="bbox 636 4101 2212 4171; baseline 0 -17"><span class='ocrx_word' id='word_1_289' title='bbox 636 4102 835 4171; x_wconf 84' lang='lat' dir='ltr'><strong>regiam</strong></span> <span class='ocrx_word' id='word_1_290' title='bbox 875 4104 1062 4154; x_wconf 88' lang='lat' dir='ltr'><strong>stolam</strong></span> <span class='ocrx_word' id='word_1_291' title='bbox 1109 4102 1396 4170; x_wconf 89' lang='lat' dir='ltr'><strong>aspexerit,</strong></span> <span class='ocrx_word' id='word_1_292' title='bbox 1451 4101 1701 4156; x_wconf 86' lang='lat' dir='ltr'><strong>emendat</strong></span> <span class='ocrx_word' id='word_1_293' title='bbox 1752 4115 1843 4163; x_wconf 90' lang='lat' dir='ltr'><strong>se,</strong></span> <span class='ocrx_word' id='word_1_294' title='bbox 1891 4115 2212 4171; x_wconf 85' lang='lat' dir='ltr'><strong>operamque</strong></span> 
     </span>
    </p>
   </div>
   <div class='ocr_carea' id='block_1_77' title="bbox 635 4192 2211 4262">
    <p class='ocr_par' dir='ltr' id='par_1_77' title="bbox 635 4192 2211 4262">
     <span class='ocr_line' id='line_1_77' title="bbox 635 4192 2211 4262; baseline 0.003 -17"><span class='ocrx_word' id='word_1_295' title='bbox 635 4192 726 4245; x_wconf 88' lang='lat' dir='ltr'><strong>dat</strong></span> <span class='ocrx_word' id='word_1_296' title='bbox 753 4207 818 4244; x_wconf 89' lang='lat' dir='ltr'><strong>ne</strong></span> <span class='ocrx_word' id='word_1_297' title='bbox 846 4193 1064 4260; x_wconf 84' lang='lat' dir='ltr'><strong>posthac</strong></span> <span class='ocrx_word' id='word_1_298' title='bbox 1106 4207 1135 4245; x_wconf 89' lang='lat' dir='ltr'><strong>a</strong></span> <span class='ocrx_word' id='word_1_299' title='bbox 1174 4192 1327 4245; x_wconf 75' lang='lat' dir='ltr'><strong>fmdis</strong></span> <span class='ocrx_word' id='word_1_300' title='bbox 1367 4193 1608 4247; x_wconf 67' lang='lat' dir='ltr'><strong>vincatur</strong></span> <span class='ocrx_word' id='word_1_301' title='bbox 1637 4193 2033 4262; x_wconf 83' lang='lat' dir='ltr'><strong>cupiditatibus.</strong></span> <span class='ocrx_word' id='word_1_302' title='bbox 2065 4193 2129 4247; x_wconf 88' lang='lat' dir='ltr'><strong>Et</strong></span> <span class='ocrx_word' id='word_1_303' title='bbox 2157 4204 2211 4249; x_wconf 84' lang='lat' dir='ltr'><strong>tu</strong></span> 
     </span>
    </p>
   </div>
   <div class='ocr_carea' id='block_1_78' title="bbox 633 4284 2210 4355">
    <p class='ocr_par' dir='ltr' id='par_1_78' title="bbox 633 4284 2210 4355">
     <span class='ocr_line' id='line_1_78' title="bbox 633 4284 2210 4355; baseline 0.004 -21"><span class='ocrx_word' id='word_1_304' title='bbox 633 4299 841 4351; x_wconf 88' lang='lat' dir='ltr'><strong>quoque</strong></span> <span class='ocrx_word' id='word_1_305' title='bbox 887 4284 1100 4338; x_wconf 89' lang='lat' dir='ltr'><strong>indutus</strong></span> <span class='ocrx_word' id='word_1_306' title='bbox 1129 4285 1436 4349; x_wconf 83' lang='lat' dir='ltr'><strong>Christum,</strong></span> <span class='ocrx_word' id='word_1_307' title='bbox 1470 4286 1628 4339; x_wconf 91' lang='lat' dir='ltr'><strong>vitata</strong></span> <span class='ocrx_word' id='word_1_308' title='bbox 1678 4287 1812 4355; x_wconf 89' lang='lat' dir='ltr'><strong>turpi</strong></span> <span class='ocrx_word' id='word_1_309' title='bbox 1848 4286 2040 4340; x_wconf 67' lang='lat' dir='ltr'><strong>anima:</strong></span> <span class='ocrx_word' id='word_1_310' title='bbox 2077 4300 2210 4340; x_wconf 87' lang='lat' dir='ltr'><strong>cou-</strong></span> 
     </span>
    </p>
   </div>
   <div class='ocr_carea' id='block_1_79' title="bbox 632 4375 2201 4445">
    <p class='ocr_par' dir='ltr' id='par_1_79' title="bbox 632 4375 2201 4445">
     <span class='ocr_line' id='line_1_79' title="bbox 632 4375 2201 4445; baseline 0.003 -18"><span class='ocrx_word' id='word_1_311' title='bbox 632 4375 953 4442; x_wconf 78' lang='lat' dir='ltr'><strong>rupiscentia</strong></span> <span class='ocrx_word' id='word_1_312' title='bbox 981 4416 994 4437; x_wconf 94' lang='lat'><strong>,</strong></span> <span class='ocrx_word' id='word_1_313' title='bbox 1024 4375 1088 4428; x_wconf 90' lang='lat' dir='ltr'><strong>ad</strong></span> <span class='ocrx_word' id='word_1_314' title='bbox 1121 4376 1351 4429; x_wconf 83' lang='lat' dir='ltr'><strong>divinam</strong></span> <span class='ocrx_word' id='word_1_315' title='bbox 1398 4375 1575 4430; x_wconf 90' lang='lat' dir='ltr'><strong>statim</strong></span> <span class='ocrx_word' id='word_1_316' title='bbox 1604 4377 1791 4429; x_wconf 90' lang='lat' dir='ltr'><strong>stolam</strong></span> <span class='ocrx_word' id='word_1_317' title='bbox 1826 4378 2053 4445; x_wconf 89' lang='lat' dir='ltr'><strong>respice,</strong></span> <span class='ocrx_word' id='word_1_318' title='bbox 2088 4393 2201 4431; x_wconf 74' lang='lat' dir='ltr'><strong>me-</strong></span> 
     </span>
    </p>
   </div>
   <div class='ocr_carea' id='block_1_80' title="bbox 632 4466 2201 4537">
    <p class='ocr_par' dir='ltr' id='par_1_80' title="bbox 632 4466 2201 4537">
     <span class='ocr_line' id='line_1_80' title="bbox 632 4466 2201 4537; baseline 0.001 -19"><span class='ocrx_word' id='word_1_319' title='bbox 632 4466 835 4534; x_wconf 91' lang='lat' dir='ltr'><strong>liorque</strong></span> <span class='ocrx_word' id='word_1_320' title='bbox 865 4467 1039 4519; x_wconf 83' lang='lat' dir='ltr'><strong>statim</strong></span> <span class='ocrx_word' id='word_1_321' title='bbox 1072 4468 1195 4531; x_wconf 88' lang='lat' dir='ltr'><strong>eris,</strong></span> <span class='ocrx_word' id='word_1_322' title='bbox 1228 4482 1397 4534; x_wconf 92' lang='lat' dir='ltr'><strong>neque</strong></span> <span class='ocrx_word' id='word_1_323' title='bbox 1420 4468 1629 4537; x_wconf 79' lang='lat' dir='ltr'><strong>maligni</strong></span> <span class='ocrx_word' id='word_1_324' title='bbox 1661 4468 1862 4521; x_wconf 89' lang='lat' dir='ltr'><strong>artibus</strong></span> <span class='ocrx_word' id='word_1_325' title='bbox 1892 4468 2201 4523; x_wconf 74' lang='lat' dir='ltr'><strong>offenderis.</strong></span> 
     </span>
    </p>
   </div>
   <div class='ocr_carea' id='block_1_81' title="bbox 631 4556 2204 4627">
    <p class='ocr_par' dir='ltr' id='par_1_81' title="bbox 631 4556 2204 4627">
     <span class='ocr_line' id='line_1_81' title="bbox 631 4556 2204 4627; baseline 0.004 -19"><span class='ocrx_word' id='word_1_326' title='bbox 631 4556 791 4624; x_wconf 83' lang='lat' dir='ltr'><strong>Igitur</strong></span> <span class='ocrx_word' id='word_1_327' title='bbox 835 4556 1111 4625; x_wconf 91' lang='lat' dir='ltr'><strong>pulchrum</strong></span> <span class='ocrx_word' id='word_1_328' title='bbox 1141 4558 1351 4627; x_wconf 82' lang='lat' dir='ltr'><strong>quidem</strong></span> <span class='ocrx_word' id='word_1_329' title='bbox 1399 4560 1780 4614; x_wconf 75' lang='lat' dir='ltr'><strong>continentiam</strong></span> <span class='ocrx_word' id='word_1_330' title='bbox 1826 4560 2204 4615; x_wconf 72' lang='lat' dir='ltr'><strong>comn‘tendare</strong></span> 
     </span>
    </p>
   </div>
   <div class='ocr_carea' id='block_1_82' title="bbox 629 4645 2207 4720">
    <p class='ocr_par' dir='ltr' id='par_1_82' title="bbox 629 4645 2207 4720">
     <span class='ocr_line' id='line_1_82' title="bbox 629 4645 2207 4720; baseline 0.003 -20"><span class='ocrx_word' id='word_1_331' title='bbox 629 4645 892 4712; x_wconf 86' lang='lat' dir='ltr'><strong>laudibus,</strong></span> <span class='ocrx_word' id='word_1_332' title='bbox 920 4646 1184 4715; x_wconf 88' lang='lat' dir='ltr'><strong>pulchrius</strong></span> <span class='ocrx_word' id='word_1_333' title='bbox 1205 4657 1381 4702; x_wconf 85' lang='lat' dir='ltr'><strong>autem</strong></span> <span class='ocrx_word' id='word_1_334' title='bbox 1416 4648 1713 4717; x_wconf 88' lang='lat' dir='ltr'><strong>possidere.</strong></span> <span class='ocrx_word' id='word_1_335' title='bbox 1745 4649 1808 4701; x_wconf 78' lang='lat' dir='ltr'><strong>Et</strong></span> <span class='ocrx_word' id='word_1_336' title='bbox 1836 4664 1965 4703; x_wconf 88' lang='lat' dir='ltr'><strong>sane</strong></span> <span class='ocrx_word' id='word_1_337' title='bbox 1987 4665 2089 4704; x_wconf 92' lang='lat' dir='ltr'><strong>non</strong></span> <span class='ocrx_word' id='word_1_338' title='bbox 2114 4666 2207 4720; x_wconf 82' lang='lat' dir='ltr'><strong>pa-</strong></span> 
     </span>
    </p>
   </div>
   <div class='ocr_carea' id='block_1_83' title="bbox 628 4738 2200 4812">
    <p class='ocr_par' dir='ltr' id='par_1_83' title="bbox 628 4738 2200 4812">
     <span class='ocr_line' id='line_1_83' title="bbox 628 4738 2200 4812; baseline 0.004 -21"><span class='ocrx_word' id='word_1_339' title='bbox 628 4754 745 4792; x_wconf 89' lang='lat' dir='ltr'><strong>rum</strong></span> <span class='ocrx_word' id='word_1_340' title='bbox 776 4738 841 4792; x_wconf 90' lang='lat' dir='ltr'><strong>ad</strong></span> <span class='ocrx_word' id='word_1_341' title='bbox 883 4740 1262 4794; x_wconf 84' lang='lat' dir='ltr'><strong>continentiam</strong></span> <span class='ocrx_word' id='word_1_342' title='bbox 1308 4743 1592 4796; x_wconf 88' lang='lat' dir='ltr'><strong>incitantur</strong></span> <span class='ocrx_word' id='word_1_343' title='bbox 1613 4782 1627 4807; x_wconf 92' lang='lat'><strong>,</strong></span> <span class='ocrx_word' id='word_1_344' title='bbox 1656 4743 1745 4812; x_wconf 92' lang='lat' dir='ltr'><strong>qui</strong></span> <span class='ocrx_word' id='word_1_345' title='bbox 1785 4742 2007 4796; x_wconf 92' lang='lat' dir='ltr'><strong>multum</strong></span> <span class='ocrx_word' id='word_1_346' title='bbox 2037 4743 2103 4797; x_wconf 92' lang='lat' dir='ltr'><strong>de</strong></span> <span class='ocrx_word' id='word_1_347' title='bbox 2137 4758 2200 4798; x_wconf 87' lang='lat' dir='ltr'><strong>ea</strong></span> 
     </span>
    </p>
   </div>
   <div class='ocr_carea' id='block_1_84' title="bbox 628 4828 2205 4901">
    <p class='ocr_par' dir='ltr' id='par_1_84' title="bbox 628 4828 2205 4901">
     <span class='ocr_line' id='line_1_84' title="bbox 628 4828 2205 4901; baseline 0.003 -19"><span class='ocrx_word' id='word_1_348' title='bbox 628 4828 912 4899; x_wconf 84' lang='lat' dir='ltr'><strong>loquuntur</strong></span> <span class='ocrx_word' id='word_1_349' title='bbox 937 4839 990 4882; x_wconf 82' lang='lat' dir='ltr'><strong>et</strong></span> <span class='ocrx_word' id='word_1_350' title='bbox 1013 4831 1249 4884; x_wconf 82' lang='lat' dir='ltr'><strong>audiunt.</strong></span> <span class='ocrx_word' id='word_1_351' title='bbox 1276 4833 1446 4901; x_wconf 68' lang='lat' dir='ltr'><strong>Atque</strong></span> <span class='ocrx_word' id='word_1_352' title='bbox 1465 4849 1578 4887; x_wconf 90' lang='lat' dir='ltr'><strong>cam</strong></span> <span class='ocrx_word' id='word_1_353' title='bbox 1599 4833 1666 4885; x_wconf 86' lang='lat' dir='ltr'><strong>ob</strong></span> <span class='ocrx_word' id='word_1_354' title='bbox 1694 4848 1803 4885; x_wconf 86' lang='lat' dir='ltr'><strong>rem</strong></span> <span class='ocrx_word' id='word_1_355' title='bbox 1833 4832 2051 4887; x_wconf 85' lang='lat' dir='ltr'><strong>virtutes</strong></span> <span class='ocrx_word' id='word_1_356' title='bbox 2079 4849 2205 4887; x_wconf 87' lang='lat' dir='ltr'><strong>san-</strong></span> 
     </span>
    </p>
   </div>
   <div class='ocr_carea' id='block_1_85' title="bbox 627 4922 2207 4993">
    <p class='ocr_par' dir='ltr' id='par_1_85' title="bbox 627 4922 2207 4993">
     <span class='ocr_line' id='line_1_85' title="bbox 627 4922 2207 4993; baseline 0 -14"><span class='ocrx_word' id='word_1_357' title='bbox 627 4933 831 4979; x_wconf 79' lang='lat' dir='ltr'><strong>etorum</strong></span> <span class='ocrx_word' id='word_1_358' title='bbox 883 4922 1145 4977; x_wconf 76' lang='lat' dir='ltr'><strong>celebrati</strong></span> <span class='ocrx_word' id='word_1_359' title='bbox 1202 4924 1364 4976; x_wconf 81' lang='lat' dir='ltr'><strong>sacris</strong></span> <span class='ocrx_word' id='word_1_360' title='bbox 1408 4925 1694 4993; x_wconf 79' lang='lat' dir='ltr'><strong>Scriptttris</strong></span> <span class='ocrx_word' id='word_1_361' title='bbox 1721 4924 1889 4977; x_wconf 90' lang='lat' dir='ltr'><strong>voluit</strong></span> <span class='ocrx_word' id='word_1_362' title='bbox 1936 4924 2097 4989; x_wconf 87' lang='lat' dir='ltr'><strong>Deus,</strong></span> <span class='ocrx_word' id='word_1_363' title='bbox 2150 4936 2207 4979; x_wconf 93' lang='lat' dir='ltr'><strong>ut</strong></span> 
     </span>
    </p>
   </div>
   <div class='ocr_carea' id='block_1_86' title="bbox 626 5010 2202 5079">
    <p class='ocr_par' dir='ltr' id='par_1_86' title="bbox 626 5010 2202 5079">
     <span class='ocr_line' id='line_1_86' title="bbox 626 5010 2202 5079; baseline 0.002 -14"><span class='ocrx_word' id='word_1_364' title='bbox 626 5028 813 5066; x_wconf 84' lang='lat' dir='ltr'><strong>omnes</strong></span> <span class='ocrx_word' id='word_1_365' title='bbox 866 5011 1111 5064; x_wconf 87' lang='lat' dir='ltr'><strong>homines</strong></span> <span class='ocrx_word' id='word_1_366' title='bbox 1145 5010 1199 5063; x_wconf 91' lang='lat' dir='ltr'><strong>in</strong></span> <span class='ocrx_word' id='word_1_367' title='bbox 1236 5012 1448 5066; x_wconf 88' lang='lat' dir='ltr'><strong>illorum</strong></span> <span class='ocrx_word' id='word_1_368' title='bbox 1500 5014 1773 5067; x_wconf 88' lang='lat' dir='ltr'><strong>trahantur</strong></span> <span class='ocrx_word' id='word_1_369' title='bbox 1820 5014 2202 5079; x_wconf 85' lang='lat' dir='ltr'><strong>imitationem,</strong></span> 
     </span>
    </p>
   </div>
   <div class='ocr_carea' id='block_1_87' title="bbox 626 5103 2202 5176">
    <p class='ocr_par' dir='ltr' id='par_1_87' title="bbox 626 5103 2202 5176">
     <span class='ocr_line' id='line_1_87' title="bbox 626 5103 2202 5176; baseline 0.004 -20"><span class='ocrx_word' id='word_1_370' title='bbox 626 5105 948 5174; x_wconf 79' lang='lat' dir='ltr'><strong>vestigiaqnc</strong></span> <span class='ocrx_word' id='word_1_371' title='bbox 976 5103 1181 5156; x_wconf 88' lang='lat' dir='ltr'><strong>illorum</strong></span> <span class='ocrx_word' id='word_1_372' title='bbox 1214 5104 1494 5173; x_wconf 80' lang='lat' dir='ltr'><strong>diligenter</strong></span> <span class='ocrx_word' id='word_1_373' title='bbox 1515 5106 1784 5175; x_wconf 84' lang='lat' dir='ltr'><strong>sequendo</strong></span> <span class='ocrx_word' id='word_1_374' title='bbox 1808 5109 2043 5176; x_wconf 85' lang='lat' dir='ltr'><strong>persuasi</strong></span> <span class='ocrx_word' id='word_1_375' title='bbox 2070 5124 2202 5162; x_wconf 89' lang='lat' dir='ltr'><strong>con-</strong></span> 
     </span>
    </p>
   </div>
   <div class='ocr_carea' id='block_1_88' title="bbox 630 5196 2201 5267">
    <p class='ocr_par' dir='ltr' id='par_1_88' title="bbox 630 5196 2201 5267">
     <span class='ocr_line' id='line_1_88' title="bbox 630 5196 2201 5267; baseline 0.003 -18"><span class='ocrx_word' id='word_1_376' title='bbox 630 5196 908 5250; x_wconf 89' lang='lat' dir='ltr'><strong>tinentiam</strong></span> <span class='ocrx_word' id='word_1_377' title='bbox 948 5205 1153 5264; x_wconf 90' lang='lat' dir='ltr'><strong>parent.</strong></span> <span class='ocrx_word' id='word_1_378' title='bbox 1186 5196 1394 5250; x_wconf 88' lang='lat' dir='ltr'><strong>Etenim</strong></span> <span class='ocrx_word' id='word_1_379' title='bbox 1425 5198 1468 5248; x_wconf 88' lang='lat' dir='ltr'><strong>si</strong></span> <span class='ocrx_word' id='word_1_380' title='bbox 1506 5198 1557 5249; x_wconf 92' lang='lat' dir='ltr'><strong>in</strong></span> <span class='ocrx_word' id='word_1_381' title='bbox 1599 5198 1861 5267; x_wconf 78' lang='lat' dir='ltr'><strong>gymnicis</strong></span> <span class='ocrx_word' id='word_1_382' title='bbox 1890 5200 2201 5256; x_wconf 86' lang='lat' dir='ltr'><strong>certamini-</strong></span> 
     </span>
    </p>
   </div>
   <div class='ocr_carea' id='block_1_89' title="bbox 625 5287 2203 5358">
    <p class='ocr_par' dir='ltr' id='par_1_89' title="bbox 625 5287 2203 5358">
     <span class='ocr_line' id='line_1_89' title="bbox 625 5287 2203 5358; baseline 0.003 -18"><span class='ocrx_word' id='word_1_383' title='bbox 625 5288 724 5342; x_wconf 91' lang='lat' dir='ltr'><strong>bus</strong></span> <span class='ocrx_word' id='word_1_384' title='bbox 755 5289 1024 5358; x_wconf 90' lang='lat' dir='ltr'><strong>plerique,</strong></span> <span class='ocrx_word' id='word_1_385' title='bbox 1052 5288 1179 5341; x_wconf 81' lang='lat' dir='ltr'><strong>visis</strong></span> <span class='ocrx_word' id='word_1_386' title='bbox 1201 5287 1417 5341; x_wconf 82' lang='lat' dir='ltr'><strong>athletis</strong></span> <span class='ocrx_word' id='word_1_387' title='bbox 1443 5289 1708 5341; x_wconf 79' lang='lat' dir='ltr'><strong>coronatis</strong></span> <span class='ocrx_word' id='word_1_388' title='bbox 1728 5331 1741 5351; x_wconf 88' lang='lat'><strong>,</strong></span> <span class='ocrx_word' id='word_1_389' title='bbox 1770 5291 2013 5357; x_wconf 91' lang='lat' dir='ltr'><strong>accensi,</strong></span> <span class='ocrx_word' id='word_1_390' title='bbox 2043 5292 2203 5346; x_wconf 87' lang='lat' dir='ltr'><strong>etiam</strong></span> 
     </span>
    </p>
   </div>
   <div class='ocr_carea' id='block_1_90' title="bbox 623 5380 2203 5453">
    <p class='ocr_par' dir='ltr' id='par_1_90' title="bbox 623 5380 2203 5453">
     <span class='ocr_line' id='line_1_90' title="bbox 623 5380 2203 5453; baseline 0.002 -19"><span class='ocrx_word' id='word_1_391' title='bbox 623 5381 720 5449; x_wconf 83' lang='lat' dir='ltr'><strong>ipsi</strong></span> <span class='ocrx_word' id='word_1_392' title='bbox 750 5398 808 5435; x_wconf 92' lang='lat' dir='ltr'><strong>se</strong></span> <span class='ocrx_word' id='word_1_393' title='bbox 836 5389 1098 5435; x_wconf 85' lang='lat' dir='ltr'><strong>exuerunt</strong></span> <span class='ocrx_word' id='word_1_394' title='bbox 1121 5422 1135 5445; x_wconf 95' lang='lat'><strong>,</strong></span> <span class='ocrx_word' id='word_1_395' title='bbox 1167 5391 1222 5435; x_wconf 92' lang='lat' dir='ltr'><strong>et</strong></span> <span class='ocrx_word' id='word_1_396' title='bbox 1248 5380 1442 5434; x_wconf 91' lang='lat' dir='ltr'><strong>multos</strong></span> <span class='ocrx_word' id='word_1_397' title='bbox 1474 5381 1701 5434; x_wconf 88' lang='lat' dir='ltr'><strong>sudores</strong></span> <span class='ocrx_word' id='word_1_398' title='bbox 1739 5382 2051 5453; x_wconf 84' lang='lat' dir='ltr'><strong>laboresque</strong></span> <span class='ocrx_word' id='word_1_399' title='bbox 2083 5399 2203 5453; x_wconf 90' lang='lat' dir='ltr'><strong>per-</strong></span> 
     </span>
    </p>
   </div>
   <div class='ocr_carea' id='block_1_91' title="bbox 622 5473 2197 5538">
    <p class='ocr_par' dir='ltr' id='par_1_91' title="bbox 622 5473 2197 5538">
     <span class='ocr_line' id='line_1_91' title="bbox 622 5473 2197 5538; baseline 0.002 -11"><span class='ocrx_word' id='word_1_400' title='bbox 622 5475 878 5538; x_wconf 90' lang='lat' dir='ltr'><strong>tulerunt,</strong></span> <span class='ocrx_word' id='word_1_401' title='bbox 914 5483 969 5526; x_wconf 95' lang='lat' dir='ltr'><strong>ut</strong></span> <span class='ocrx_word' id='word_1_402' title='bbox 999 5476 1160 5527; x_wconf 80' lang='lat' dir='ltr'><strong>ramis</strong></span> <span class='ocrx_word' id='word_1_403' title='bbox 1193 5473 1271 5527; x_wconf 90' lang='lat' dir='ltr'><strong>vel</strong></span> <span class='ocrx_word' id='word_1_404' title='bbox 1302 5475 1434 5527; x_wconf 80' lang='lat' dir='ltr'><strong>olea:</strong></span> <span class='ocrx_word' id='word_1_405' title='bbox 1474 5476 1552 5526; x_wconf 86' lang='lat' dir='ltr'><strong>vel</strong></span> <span class='ocrx_word' id='word_1_406' title='bbox 1604 5474 1733 5527; x_wconf 91' lang='lat' dir='ltr'><strong>lauri</strong></span> <span class='ocrx_word' id='word_1_407' title='bbox 1765 5486 2150 5529; x_wconf 89' lang='lat' dir='ltr'><strong>coronarentur</strong></span> <span class='ocrx_word' id='word_1_408' title='bbox 2184 5495 2197 5529; x_wconf 91' lang='lat'><strong>:</strong></span> 
     </span>
    </p>
   </div>
   <div class='ocr_carea' id='block_1_92' title="bbox 622 5565 2201 5635">
    <p class='ocr_par' dir='ltr' id='par_1_92' title="bbox 622 5565 2201 5635">
     <span class='ocr_line' id='line_1_92' title="bbox 622 5565 2201 5635; baseline 0.004 -20"><span class='ocrx_word' id='word_1_409' title='bbox 622 5575 813 5633; x_wconf 89' lang='lat' dir='ltr'><strong>quanta</strong></span> <span class='ocrx_word' id='word_1_410' title='bbox 842 5581 969 5635; x_wconf 84' lang='lat' dir='ltr'><strong>ergo</strong></span> <span class='ocrx_word' id='word_1_411' title='bbox 998 5581 1095 5620; x_wconf 93' lang='lat' dir='ltr'><strong>nos</strong></span> <span class='ocrx_word' id='word_1_412' title='bbox 1132 5569 1379 5620; x_wconf 82' lang='lat' dir='ltr'><strong>convenit</strong></span> <span class='ocrx_word' id='word_1_413' title='bbox 1414 5565 1691 5619; x_wconf 89' lang='lat' dir='ltr'><strong>alacritate</strong></span> <span class='ocrx_word' id='word_1_414' title='bbox 1737 5582 1831 5635; x_wconf 91' lang='lat' dir='ltr'><strong>pro</strong></span> <span class='ocrx_word' id='word_1_415' title='bbox 1877 5568 2201 5622; x_wconf 84' lang='lat' dir='ltr'><strong>continentia</strong></span> 
     </span>
    </p>
   </div>
   <div class='ocr_carea' id='block_1_93' title="bbox 622 5657 2196 5727">
    <p class='ocr_par' dir='ltr' id='par_1_93' title="bbox 622 5657 2196 5727">
     <span class='ocr_line' id='line_1_93' title="bbox 622 5657 2196 5727; baseline 0.005 -19"><span class='ocrx_word' id='word_1_416' title='bbox 622 5657 842 5710; x_wconf 88' lang='lat' dir='ltr'><strong>sudores</strong></span> <span class='ocrx_word' id='word_1_417' title='bbox 868 5658 1022 5721; x_wconf 87' lang='lat' dir='ltr'><strong>ferre,</strong></span> <span class='ocrx_word' id='word_1_418' title='bbox 1048 5660 1257 5727; x_wconf 89' lang='lat' dir='ltr'><strong>quando</strong></span> <span class='ocrx_word' id='word_1_419' title='bbox 1277 5659 1407 5713; x_wconf 91' lang='lat' dir='ltr'><strong>alios</strong></span> <span class='ocrx_word' id='word_1_420' title='bbox 1431 5673 1460 5712; x_wconf 93' lang='lat' dir='ltr'><strong>a</strong></span> <span class='ocrx_word' id='word_1_421' title='bbox 1490 5659 1599 5712; x_wconf 89' lang='lat' dir='ltr'><strong>Deo</strong></span> <span class='ocrx_word' id='word_1_422' title='bbox 1628 5671 1911 5714; x_wconf 89' lang='lat' dir='ltr'><strong>coronatos</strong></span> <span class='ocrx_word' id='word_1_423' title='bbox 1933 5662 2196 5725; x_wconf 89' lang='lat' dir='ltr'><strong>videmus,</strong></span> 
     </span>
    </p>
   </div>
   <div class='ocr_carea' id='block_1_94' title="bbox 622 5750 2199 5822">
    <p class='ocr_par' dir='ltr' id='par_1_94' title="bbox 622 5750 2199 5822">
     <span class='ocr_line' id='line_1_94' title="bbox 622 5750 2199 5822; baseline 0.005 -24"><span class='ocrx_word' id='word_1_424' title='bbox 622 5759 677 5798; x_wconf 89' lang='lat' dir='ltr'><strong>ut</strong></span> <span class='ocrx_word' id='word_1_425' title='bbox 729 5750 1026 5802; x_wconf 83' lang='lat' dir='ltr'><strong>e.rlestibus</strong></span> <span class='ocrx_word' id='word_1_426' title='bbox 1092 5751 1431 5805; x_wconf 84' lang='lat' dir='ltr'><strong>reditniamur</strong></span> <span class='ocrx_word' id='word_1_427' title='bbox 1487 5753 1740 5818; x_wconf 83' lang='lat' dir='ltr'><strong>coronis,</strong></span> <span class='ocrx_word' id='word_1_428' title='bbox 1798 5762 2016 5822; x_wconf 87' lang='lat' dir='ltr'><strong>propter</strong></span> <span class='ocrx_word' id='word_1_429' title='bbox 2064 5754 2199 5806; x_wconf 87' lang='lat' dir='ltr'><strong>bona</strong></span> 
     </span>
    </p>
   </div>
   <div class='ocr_carea' id='block_1_95' title="bbox 620 5838 2189 5913">
    <p class='ocr_par' dir='ltr' id='par_1_95' title="bbox 620 5838 2189 5913">
     <span class='ocr_line' id='line_1_95' title="bbox 620 5838 2189 5913; baseline 0.003 -21"><span class='ocrx_word' id='word_1_430' title='bbox 620 5839 973 5908; x_wconf 72' lang='lat' dir='ltr'><strong>salutariaque</strong></span> <span class='ocrx_word' id='word_1_431' title='bbox 1002 5838 1276 5897; x_wconf 69' lang='lat' dir='ltr'><strong>facinora?</strong></span> <span class='ocrx_word' id='word_1_432' title='bbox 1303 5842 1581 5909; x_wconf 83' lang='lat' dir='ltr'><strong>Quomodo</strong></span> <span class='ocrx_word' id='word_1_433' title='bbox 1612 5858 1719 5899; x_wconf 90' lang='lat' dir='ltr'><strong>non</strong></span> <span class='ocrx_word' id='word_1_434' title='bbox 1748 5858 1910 5913; x_wconf 80' lang='lat' dir='ltr'><strong>grave</strong></span> <span class='ocrx_word' id='word_1_435' title='bbox 1932 5852 1983 5898; x_wconf 89' lang='lat' dir='ltr'><strong>et</strong></span> <span class='ocrx_word' id='word_1_436' title='bbox 2027 5842 2189 5897; x_wconf 88' lang='lat' dir='ltr'><strong>multa</strong></span> 
     </span>
    </p>
   </div>
   <div class='ocr_carea' id='block_1_96' title="bbox 2320 691 3908 763">
    <p class='ocr_par' dir='ltr' id='par_1_96' title="bbox 2320 691 3908 763">
     <span class='ocr_line' id='line_1_96' title="bbox 2320 691 3908 763; baseline 0.001 -13"><span class='ocrx_word' id='word_1_437' title='bbox 2320 693 2399 750; x_wconf 88' lang='lat' dir='ltr'><strong>ira</strong></span> <span class='ocrx_word' id='word_1_438' title='bbox 2453 692 2704 763; x_wconf 83' lang='lat' dir='ltr'><strong>dignum,</strong></span> <span class='ocrx_word' id='word_1_439' title='bbox 2757 691 2802 747; x_wconf 91' lang='lat' dir='ltr'><strong>si</strong></span> <span class='ocrx_word' id='word_1_440' title='bbox 2862 691 3087 746; x_wconf 84' lang='lat' dir='ltr'><strong>athletas</strong></span> <span class='ocrx_word' id='word_1_441' title='bbox 3137 691 3351 747; x_wconf 86' lang='lat' dir='ltr'><strong>allectet</strong></span> <span class='ocrx_word' id='word_1_442' title='bbox 3406 692 3589 748; x_wconf 82' lang='lat' dir='ltr'><strong>folium</strong></span> <span class='ocrx_word' id='word_1_443' title='bbox 3637 694 3770 751; x_wconf 89' lang='lat' dir='ltr'><strong>lauri</strong></span> <span class='ocrx_word' id='word_1_444' title='bbox 3818 697 3908 751; x_wconf 84' lang='lat' dir='ltr'><strong>vel</strong></span> 
     </span>
    </p>
   </div>
   <div class='ocr_carea' id='block_1_97' title="bbox 2319 785 3899 856">
    <p class='ocr_par' dir='ltr' id='par_1_97' title="bbox 2319 785 3899 856">
     <span class='ocr_line' id='line_1_97' title="bbox 2319 785 3899 856; baseline 0.003 -15"><span class='ocrx_word' id='word_1_445' title='bbox 2319 787 2496 851; x_wconf 78' lang='lat' dir='ltr'><strong>olivae,</strong></span> <span class='ocrx_word' id='word_1_446' title='bbox 2524 794 2579 840; x_wconf 90' lang='lat' dir='ltr'><strong>et</strong></span> <span class='ocrx_word' id='word_1_447' title='bbox 2610 785 2777 856; x_wconf 82' lang='lat' dir='ltr'><strong>gloria</strong></span> <span class='ocrx_word' id='word_1_448' title='bbox 2826 785 3142 839; x_wconf 74' lang='lat' dir='ltr'><strong>transitoria:</strong></span> <span class='ocrx_word' id='word_1_449' title='bbox 3185 786 3342 856; x_wconf 91' lang='lat' dir='ltr'><strong>hujus</strong></span> <span class='ocrx_word' id='word_1_450' title='bbox 3393 789 3514 843; x_wconf 74' lang='lat' dir='ltr'><strong>vita:</strong></span> <span class='ocrx_word' id='word_1_451' title='bbox 3544 806 3556 841; x_wconf 92' lang='lat'><strong>:</strong></span> <span class='ocrx_word' id='word_1_452' title='bbox 3594 806 3692 845; x_wconf 89' lang='lat' dir='ltr'><strong>nos</strong></span> <span class='ocrx_word' id='word_1_453' title='bbox 3720 801 3899 847; x_wconf 86' lang='lat' dir='ltr'><strong>autem</strong></span> 
     </span>
    </p>
   </div>
   <div class='ocr_carea' id='block_1_98' title="bbox 2321 875 3909 952">
    <p class='ocr_par' dir='ltr' id='par_1_98' title="bbox 2321 875 3909 952">
     <span class='ocr_line' id='line_1_98' title="bbox 2321 875 3909 952; baseline 0.006 -21"><span class='ocrx_word' id='word_1_454' title='bbox 2321 877 2450 931; x_wconf 91' lang='lat' dir='ltr'><strong>nihil</strong></span> <span class='ocrx_word' id='word_1_455' title='bbox 2481 888 2729 932; x_wconf 81' lang='lat' dir='ltr'><strong>moveant</strong></span> <span class='ocrx_word' id='word_1_456' title='bbox 2753 875 2948 933; x_wconf 86' lang='lat' dir='ltr'><strong>Christi</strong></span> <span class='ocrx_word' id='word_1_457' title='bbox 2971 893 3210 945; x_wconf 86' lang='lat' dir='ltr'><strong>munera,</strong></span> <span class='ocrx_word' id='word_1_458' title='bbox 3242 888 3299 932; x_wconf 93' lang='grc' dir='ltr'><strong>ιιι</strong></span> <span class='ocrx_word' id='word_1_459' title='bbox 3321 894 3534 935; x_wconf 91' lang='lat' dir='ltr'><strong>omnem</strong></span> <span class='ocrx_word' id='word_1_460' title='bbox 3576 883 3909 952; x_wconf 83' lang='lat' dir='ltr'><strong>voluptatem</strong></span> 
     </span>
    </p>
   </div>
   <div class='ocr_carea' id='block_1_99' title="bbox 2312 969 3902 1045">
    <p class='ocr_par' dir='ltr' id='par_1_99' title="bbox 2312 969 3902 1045">
     <span class='ocr_line' id='line_1_99' title="bbox 2312 969 3902 1045; baseline 0.006 -25"><span class='ocrx_word' id='word_1_461' title='bbox 2312 981 2681 1033; x_wconf 67' lang='lat' dir='ltr'><strong>auroveamus,</strong></span> <span class='ocrx_word' id='word_1_462' title='bbox 2728 975 2783 1022; x_wconf 91' lang='lat' dir='ltr'><strong>et</strong></span> <span class='ocrx_word' id='word_1_463' title='bbox 2826 970 3080 1023; x_wconf 86' lang='lat' dir='ltr'><strong>timorem.</strong></span> <span class='ocrx_word' id='word_1_464' title='bbox 3128 969 3220 1023; x_wconf 89' lang='lat' dir='ltr'><strong>Dei</strong></span> <span class='ocrx_word' id='word_1_465' title='bbox 3264 972 3606 1039; x_wconf 77' lang='lat' dir='ltr'><strong>przeferamus</strong></span> <span class='ocrx_word' id='word_1_466' title='bbox 3648 978 3902 1045; x_wconf 86' lang='lat' dir='ltr'><strong>concupi-</strong></span> 
     </span>
    </p>
   </div>
   <div class='ocr_carea' id='block_1_100' title="bbox 2319 1059 3899 1124">
    <p class='ocr_par' dir='ltr' id='par_1_100' title="bbox 2319 1059 3899 1124">
     <span class='ocr_line' id='line_1_100' title="bbox 2319 1059 3899 1124; baseline 0.008 -13"><span class='ocrx_word' id='word_1_467' title='bbox 2319 1059 2579 1113; x_wconf 85' lang='lat' dir='ltr'><strong>scentiis?</strong></span> <span class='ocrx_word' id='word_1_468' title='bbox 2606 1059 2773 1115; x_wconf 88' lang='lat' dir='ltr'><strong>Porro</strong></span> <span class='ocrx_word' id='word_1_469' title='bbox 2798 1060 2979 1115; x_wconf 92' lang='lat' dir='ltr'><strong>nonin</strong></span> <span class='ocrx_word' id='word_1_470' title='bbox 3005 1063 3130 1116; x_wconf 86' lang='lat' dir='ltr'><strong>solis</strong></span> <span class='ocrx_word' id='word_1_471' title='bbox 3158 1064 3457 1121; x_wconf 88' lang='lat' dir='ltr'><strong>hominibus</strong></span> <span class='ocrx_word' id='word_1_472' title='bbox 3482 1066 3724 1123; x_wconf 87' lang='lat' dir='ltr'><strong>videmus</strong></span> <span class='ocrx_word' id='word_1_473' title='bbox 3746 1070 3899 1124; x_wconf 88' lang='lat' dir='ltr'><strong>simi-</strong></span> 
     </span>
    </p>
   </div>
   <div class='ocr_carea' id='block_1_101' title="bbox 2321 1150 3901 1217">
    <p class='ocr_par' dir='ltr' id='par_1_101' title="bbox 2321 1150 3901 1217">
     <span class='ocr_line' id='line_1_101' title="bbox 2321 1150 3901 1217; baseline 0.009 -14"><span class='ocrx_word' id='word_1_474' title='bbox 2321 1150 2449 1204; x_wconf 90' lang='lat' dir='ltr'><strong>lium</strong></span> <span class='ocrx_word' id='word_1_475' title='bbox 2480 1151 2849 1217; x_wconf 85' lang='lat' dir='ltr'><strong>imitationem,</strong></span> <span class='ocrx_word' id='word_1_476' title='bbox 2876 1152 2969 1207; x_wconf 87' lang='lat' dir='ltr'><strong>sed</strong></span> <span class='ocrx_word' id='word_1_477' title='bbox 2991 1162 3046 1206; x_wconf 92' lang='lat' dir='ltr'><strong>et</strong></span> <span class='ocrx_word' id='word_1_478' title='bbox 3092 1153 3143 1207; x_wconf 91' lang='lat' dir='ltr'><strong>in</strong></span> <span class='ocrx_word' id='word_1_479' title='bbox 3175 1153 3363 1210; x_wconf 88' lang='lat' dir='ltr'><strong>brutis.</strong></span> <span class='ocrx_word' id='word_1_480' title='bbox 3396 1156 3527 1211; x_wconf 88' lang='lat' dir='ltr'><strong>Nam</strong></span> <span class='ocrx_word' id='word_1_481' title='bbox 3555 1168 3611 1213; x_wconf 91' lang='lat' dir='ltr'><strong>et</strong></span> <span class='ocrx_word' id='word_1_482' title='bbox 3635 1161 3901 1217; x_wconf 77' lang='lat' dir='ltr'><strong>columba:</strong></span> 
     </span>
    </p>
   </div>
   <div class='ocr_carea' id='block_1_102' title="bbox 2318 1240 3905 1316">
    <p class='ocr_par' dir='ltr' id='par_1_102' title="bbox 2318 1240 3905 1316">
     <span class='ocr_line' id='line_1_102' title="bbox 2318 1240 3905 1316; baseline 0.008 -21"><span class='ocrx_word' id='word_1_483' title='bbox 2318 1256 2484 1312; x_wconf 68' lang='lat' dir='ltr'><strong>swpe,</strong></span> <span class='ocrx_word' id='word_1_484' title='bbox 2540 1240 2650 1296; x_wconf 86' lang='lat' dir='ltr'><strong>visa</strong></span> <span class='ocrx_word' id='word_1_485' title='bbox 2676 1258 2776 1297; x_wconf 91' lang='lat' dir='ltr'><strong>una</strong></span> <span class='ocrx_word' id='word_1_486' title='bbox 2813 1244 3076 1309; x_wconf 84' lang='lat' dir='ltr'><strong>avolante,</strong></span> <span class='ocrx_word' id='word_1_487' title='bbox 3104 1246 3285 1301; x_wconf 88' lang='lat' dir='ltr'><strong>statim</strong></span> <span class='ocrx_word' id='word_1_488' title='bbox 3329 1258 3621 1316; x_wconf 87' lang='lat' dir='ltr'><strong>sequuntur</strong></span> <span class='ocrx_word' id='word_1_489' title='bbox 3657 1266 3848 1308; x_wconf 86' lang='lat' dir='ltr'><strong>omnes</strong></span> <span class='ocrx_word' id='word_1_490' title='bbox 3883 1272 3905 1308; x_wconf 56' lang='grc' dir='ltr'><strong>εν</strong></span> 
     </span>
    </p>
   </div>
   <div class='ocr_carea' id='block_1_103' title="bbox 2319 1335 3900 1411">
    <p class='ocr_par' dir='ltr' id='par_1_103' title="bbox 2319 1335 3900 1411">
     <span class='ocr_line' id='line_1_103' title="bbox 2319 1335 3900 1411; baseline 0.006 -19"><span class='ocrx_word' id='word_1_491' title='bbox 2319 1346 2373 1392; x_wconf 88' lang='lat' dir='ltr'><strong>et</strong></span> <span class='ocrx_word' id='word_1_492' title='bbox 2412 1335 2588 1405; x_wconf 91' lang='lat' dir='ltr'><strong>pullus</strong></span> <span class='ocrx_word' id='word_1_493' title='bbox 2614 1342 2929 1405; x_wconf 79' lang='lat' dir='ltr'><strong>generosus,</strong></span> <span class='ocrx_word' id='word_1_494' title='bbox 2961 1337 3014 1391; x_wconf 92' lang='lat' dir='ltr'><strong>in</strong></span> <span class='ocrx_word' id='word_1_495' title='bbox 3035 1353 3291 1408; x_wconf 91' lang='lat' dir='ltr'><strong>equorum</strong></span> <span class='ocrx_word' id='word_1_496' title='bbox 3336 1351 3588 1398; x_wconf 86' lang='lat' dir='ltr'><strong>armento</strong></span> <span class='ocrx_word' id='word_1_497' title='bbox 3606 1346 3862 1401; x_wconf 79' lang='lat' dir='ltr'><strong>exsiliens</strong></span> <span class='ocrx_word' id='word_1_498' title='bbox 3882 1388 3900 1411; x_wconf 84' lang='lat'><strong>,</strong></span> 
     </span>
    </p>
   </div>
   <div class='ocr_carea' id='block_1_104' title="bbox 2318 1429 3905 1499">
    <p class='ocr_par' dir='ltr' id='par_1_104' title="bbox 2318 1429 3905 1499">
     <span class='ocr_line' id='line_1_104' title="bbox 2318 1429 3905 1499; baseline 0.003 -17"><span class='ocrx_word' id='word_1_499' title='bbox 2318 1443 2499 1483; x_wconf 85' lang='lat' dir='ltr'><strong>secum</strong></span> <span class='ocrx_word' id='word_1_500' title='bbox 2528 1429 2665 1499; x_wconf 87' lang='lat' dir='ltr'><strong>rapit</strong></span> <span class='ocrx_word' id='word_1_501' title='bbox 2691 1444 2851 1485; x_wconf 91' lang='lat' dir='ltr'><strong>omne</strong></span> <span class='ocrx_word' id='word_1_502' title='bbox 2869 1439 3192 1486; x_wconf 89' lang='lat' dir='ltr'><strong>armentum.</strong></span> <span class='ocrx_word' id='word_1_503' title='bbox 3225 1432 3293 1487; x_wconf 86' lang='lat' dir='ltr'><strong>Et</strong></span> <span class='ocrx_word' id='word_1_504' title='bbox 3324 1434 3464 1488; x_wconf 91' lang='lat' dir='ltr'><strong>inter</strong></span> <span class='ocrx_word' id='word_1_505' title='bbox 3490 1452 3605 1499; x_wconf 82' lang='lat' dir='ltr'><strong>vos,</strong></span> <span class='ocrx_word' id='word_1_506' title='bbox 3639 1446 3698 1491; x_wconf 94' lang='lat' dir='ltr'><strong>ut</strong></span> <span class='ocrx_word' id='word_1_507' title='bbox 3725 1438 3778 1492; x_wconf 91' lang='lat' dir='ltr'><strong>in</strong></span> <span class='ocrx_word' id='word_1_508' title='bbox 3807 1455 3905 1493; x_wconf 54' lang='lat' dir='ltr'><strong>ar.</strong></span> 
     </span>
    </p>
   </div>
   <div class='ocr_carea' id='block_1_105' title="bbox 2317 1518 3904 1594">
    <p class='ocr_par' dir='ltr' id='par_1_105' title="bbox 2317 1518 3904 1594">
     <span class='ocr_line' id='line_1_105' title="bbox 2317 1518 3904 1594; baseline 0.006 -21"><span class='ocrx_word' id='word_1_509' title='bbox 2317 1530 2499 1573; x_wconf 90' lang='lat' dir='ltr'><strong>mento</strong></span> <span class='ocrx_word' id='word_1_510' title='bbox 2524 1518 2740 1584; x_wconf 83' lang='lat' dir='ltr'><strong>Christi,</strong></span> <span class='ocrx_word' id='word_1_511' title='bbox 2782 1520 2955 1575; x_wconf 90' lang='lat' dir='ltr'><strong>bonus</strong></span> <span class='ocrx_word' id='word_1_512' title='bbox 2989 1529 3073 1576; x_wconf 85' lang='lat' dir='ltr'><strong>est</strong></span> <span class='ocrx_word' id='word_1_513' title='bbox 3102 1522 3273 1591; x_wconf 86' lang='lat' dir='ltr'><strong>pullus</strong></span> <span class='ocrx_word' id='word_1_514' title='bbox 3315 1523 3511 1594; x_wconf 84' lang='lat' dir='ltr'><strong>.loseph</strong></span> <span class='ocrx_word' id='word_1_515' title='bbox 3552 1529 3904 1585; x_wconf 82' lang='lat' dir='ltr'><strong>continentis.-</strong></span> 
     </span>
    </p>
   </div>
   <div class='ocr_carea' id='block_1_106' title="bbox 2318 1610 3903 1677">
    <p class='ocr_par' dir='ltr' id='par_1_106' title="bbox 2318 1610 3903 1677">
     <span class='ocr_line' id='line_1_106' title="bbox 2318 1610 3903 1677; baseline 0.007 -12"><span class='ocrx_word' id='word_1_516' title='bbox 2318 1611 2505 1677; x_wconf 86' lang='lat' dir='ltr'><strong>simus,</strong></span> <span class='ocrx_word' id='word_1_517' title='bbox 2532 1610 2835 1666; x_wconf 67' lang='lat' dir='ltr'><strong>ctelestibus</strong></span> <span class='ocrx_word' id='word_1_518' title='bbox 2862 1613 3319 1676; x_wconf 40' lang='lat' dir='ltr'><strong>exsultationibus&#39;</strong></span> <span class='ocrx_word' id='word_1_519' title='bbox 3338 1618 3409 1671; x_wconf 90' lang='lat' dir='ltr'><strong>ad</strong></span> <span class='ocrx_word' id='word_1_520' title='bbox 3432 1619 3517 1676; x_wconf 91' lang='lat' dir='ltr'><strong>sui</strong></span> <span class='ocrx_word' id='word_1_521' title='bbox 3547 1619 3903 1676; x_wconf 87' lang='lat' dir='ltr'><strong>imitationem</strong></span> 
     </span>
    </p>
   </div>
   <div class='ocr_carea' id='block_1_107' title="bbox 2317 1704 3902 1776">
    <p class='ocr_par' dir='ltr' id='par_1_107' title="bbox 2317 1704 3902 1776">
     <span class='ocr_line' id='line_1_107' title="bbox 2317 1704 3902 1776; baseline 0.007 -20"><span class='ocrx_word' id='word_1_522' title='bbox 2317 1718 2417 1757; x_wconf 87' lang='lat' dir='ltr'><strong>nos</strong></span> <span class='ocrx_word' id='word_1_523' title='bbox 2437 1716 2725 1757; x_wconf 81' lang='lat' dir='ltr'><strong>conservos</strong></span> <span class='ocrx_word' id='word_1_524' title='bbox 2748 1718 2965 1758; x_wconf 89' lang='lat' dir='ltr'><strong>vocans.</strong></span> <span class='ocrx_word' id='word_1_525' title='bbox 2987 1704 3253 1760; x_wconf 90' lang='lat' dir='ltr'><strong>Saltemus</strong></span> <span class='ocrx_word' id='word_1_526' title='bbox 3278 1707 3435 1776; x_wconf 79' lang='lat' dir='ltr'><strong>igitur</strong></span> <span class='ocrx_word' id='word_1_527' title='bbox 3460 1723 3580 1763; x_wconf 89' lang='lat' dir='ltr'><strong>cum</strong></span> <span class='ocrx_word' id='word_1_528' title='bbox 3616 1710 3758 1767; x_wconf 92' lang='lat' dir='ltr'><strong>bono</strong></span> <span class='ocrx_word' id='word_1_529' title='bbox 3799 1716 3869 1767; x_wconf 87' lang='lat' dir='ltr'><strong>ad</strong></span> <span class='ocrx_word' id='word_1_530' title='bbox 3884 1745 3902 1755; x_wconf 83' lang='grc'><strong><em>-</em></strong></span> 
     </span>
    </p>
   </div>
   <div class='ocr_carea' id='block_1_108' title="bbox 2318 1794 3911 1871">
    <p class='ocr_par' dir='ltr' id='par_1_108' title="bbox 2318 1794 3911 1871">
     <span class='ocr_line' id='line_1_108' title="bbox 2318 1794 3911 1871; baseline 0.004 -23"><span class='ocrx_word' id='word_1_531' title='bbox 2318 1795 2583 1849; x_wconf 86' lang='lat' dir='ltr'><strong>olescente</strong></span> <span class='ocrx_word' id='word_1_532' title='bbox 2607 1794 2934 1863; x_wconf 85' lang='lat' dir='ltr'><strong>spiritualcm</strong></span> <span class='ocrx_word' id='word_1_533' title='bbox 2954 1798 3203 1852; x_wconf 87' lang='lat' dir='ltr'><strong>choream</strong></span> <span class='ocrx_word' id='word_1_534' title='bbox 3222 1839 3238 1864; x_wconf 94' lang='lat'><strong>,</strong></span> <span class='ocrx_word' id='word_1_535' title='bbox 3267 1799 3539 1855; x_wconf 88' lang='lat' dir='ltr'><strong>laudantes</strong></span> <span class='ocrx_word' id='word_1_536' title='bbox 3581 1805 3747 1871; x_wconf 87' lang='lat' dir='ltr'><strong>ipsius</strong></span> <span class='ocrx_word' id='word_1_537' title='bbox 3770 1821 3911 1861; x_wconf 41' lang='lat' dir='ltr'><strong>cons</strong></span> 
     </span>
    </p>
   </div>
   <div class='ocr_carea' id='block_1_109' title="bbox 2321 1885 3902 1964">
    <p class='ocr_par' dir='ltr' id='par_1_109' title="bbox 2321 1885 3902 1964">
     <span class='ocr_line' id='line_1_109' title="bbox 2321 1885 3902 1964; baseline 0.008 -24"><span class='ocrx_word' id='word_1_538' title='bbox 2321 1885 2592 1940; x_wconf 75' lang='lat' dir='ltr'><strong>tinetttiam</strong></span> <span class='ocrx_word' id='word_1_539' title='bbox 2614 1926 2629 1949; x_wconf 87' lang='lat'><strong>,</strong></span> <span class='ocrx_word' id='word_1_540' title='bbox 2662 1902 2766 1939; x_wconf 91' lang='lat' dir='ltr'><strong>non</strong></span> <span class='ocrx_word' id='word_1_541' title='bbox 2811 1888 2985 1941; x_wconf 86' lang='lat' dir='ltr'><strong>verbis</strong></span> <span class='ocrx_word' id='word_1_542' title='bbox 3013 1889 3183 1943; x_wconf 91' lang='lat' dir='ltr'><strong>solum</strong></span> <span class='ocrx_word' id='word_1_543' title='bbox 3210 1930 3226 1957; x_wconf 91' lang='lat'><strong>,</strong></span> <span class='ocrx_word' id='word_1_544' title='bbox 3259 1891 3353 1947; x_wconf 87' lang='lat' dir='ltr'><strong>sed</strong></span> <span class='ocrx_word' id='word_1_545' title='bbox 3377 1902 3430 1947; x_wconf 89' lang='lat' dir='ltr'><strong>et</strong></span> <span class='ocrx_word' id='word_1_546' title='bbox 3472 1909 3692 1964; x_wconf 87' lang='lat' dir='ltr'><strong>operum</strong></span> <span class='ocrx_word' id='word_1_547' title='bbox 3721 1898 3902 1952; x_wconf 85' lang='lat' dir='ltr'><strong>imita-</strong></span> 
     </span>
    </p>
   </div>
   <div class='ocr_carea' id='block_1_110' title="bbox 2319 1976 3901 2055">
    <p class='ocr_par' dir='ltr' id='par_1_110' title="bbox 2319 1976 3901 2055">
     <span class='ocr_line' id='line_1_110' title="bbox 2319 1976 3901 2055; baseline 0.006 -24"><span class='ocrx_word' id='word_1_548' title='bbox 2319 1977 2483 2032; x_wconf 83' lang='lat' dir='ltr'><strong>tione.</strong></span> <span class='ocrx_word' id='word_1_549' title='bbox 2516 1976 2608 2030; x_wconf 91' lang='lat' dir='ltr'><strong>llle</strong></span> <span class='ocrx_word' id='word_1_550' title='bbox 2636 1977 2813 2045; x_wconf 82' lang='lat' dir='ltr'><strong>igitur,</strong></span> <span class='ocrx_word' id='word_1_551' title='bbox 2845 1979 2934 2033; x_wconf 91' lang='lat' dir='ltr'><strong>ille</strong></span> <span class='ocrx_word' id='word_1_552' title='bbox 2955 1988 3070 2034; x_wconf 89' lang='lat' dir='ltr'><strong>erat</strong></span> <span class='ocrx_word' id='word_1_553' title='bbox 3094 1980 3318 2051; x_wconf 83' lang='lat' dir='ltr'><strong>diligens</strong></span> <span class='ocrx_word' id='word_1_554' title='bbox 3335 1993 3390 2038; x_wconf 90' lang='lat' dir='ltr'><strong>et</strong></span> <span class='ocrx_word' id='word_1_555' title='bbox 3411 1997 3696 2055; x_wconf 83' lang='lat' dir='ltr'><strong>perpetuus</strong></span> <span class='ocrx_word' id='word_1_556' title='bbox 3721 1992 3901 2043; x_wconf 78' lang='lat' dir='ltr'><strong>conti-</strong></span> 
     </span>
    </p>
   </div>
   <div class='ocr_carea' id='block_1_111' title="bbox 2316 2067 3912 2147">
    <p class='ocr_par' dir='ltr' id='par_1_111' title="bbox 2316 2067 3912 2147">
     <span class='ocr_line' id='line_1_111' title="bbox 2316 2067 3912 2147; baseline 0.013 -28"><span class='ocrx_word' id='word_1_557' title='bbox 2316 2067 2509 2121; x_wconf 70' lang='lat' dir='ltr'><strong>sentite</strong></span> <span class='ocrx_word' id='word_1_558' title='bbox 2529 2077 2708 2124; x_wconf 77' lang='lat' dir='ltr'><strong>custos</strong></span> <span class='ocrx_word' id='word_1_559' title='bbox 2732 2110 2747 2134; x_wconf 95' lang='lat'><strong>,</strong></span> <span class='ocrx_word' id='word_1_560' title='bbox 2773 2083 2893 2125; x_wconf 89' lang='lat' dir='ltr'><strong>cum</strong></span> <span class='ocrx_word' id='word_1_561' title='bbox 2920 2081 3101 2141; x_wconf 87' lang='lat' dir='ltr'><strong>posset</strong></span> <span class='ocrx_word' id='word_1_562' title='bbox 3128 2074 3325 2144; x_wconf 65' lang='lat' dir='ltr'><strong>regina;</strong></span> <span class='ocrx_word' id='word_1_563' title='bbox 3349 2074 3447 2145; x_wconf 92' lang='lat' dir='ltr'><strong>ipsi</strong></span> <span class='ocrx_word' id='word_1_564' title='bbox 3471 2077 3737 2147; x_wconf 84' lang='lat' dir='ltr'><strong>imperare</strong></span> <span class='ocrx_word' id='word_1_565' title='bbox 3758 2090 3813 2137; x_wconf 88' lang='lat' dir='ltr'><strong>et</strong></span> <span class='ocrx_word' id='word_1_566' title='bbox 3848 2084 3912 2139; x_wconf 61' lang='lat' dir='ltr'><strong>in</strong></span> 
     </span>
    </p>
   </div>
   <div class='ocr_carea' id='block_1_112' title="bbox 2309 2158 3896 2244">
    <p class='ocr_par' dir='ltr' id='par_1_112' title="bbox 2309 2158 3896 2244">
     <span class='ocr_line' id='line_1_112' title="bbox 2309 2158 3896 2244; baseline 0.009 -31"><span class='ocrx_word' id='word_1_567' title='bbox 2309 2158 2515 2215; x_wconf 90' lang='lat' dir='ltr'><strong>deliciis</strong></span> <span class='ocrx_word' id='word_1_568' title='bbox 2565 2169 2724 2232; x_wconf 90' lang='lat' dir='ltr'><strong>atque</strong></span> <span class='ocrx_word' id='word_1_569' title='bbox 2768 2162 2893 2218; x_wconf 80' lang='lat' dir='ltr'><strong>luxu</strong></span> <span class='ocrx_word' id='word_1_570' title='bbox 2931 2163 3147 2220; x_wconf 88' lang='lat' dir='ltr'><strong>divitem</strong></span> <span class='ocrx_word' id='word_1_571' title='bbox 3205 2176 3260 2222; x_wconf 91' lang='lat' dir='ltr'><strong>et</strong></span> <span class='ocrx_word' id='word_1_572' title='bbox 3308 2169 3659 2239; x_wconf 88' lang='lat' dir='ltr'><strong>voluptarium</strong></span> <span class='ocrx_word' id='word_1_573' title='bbox 3706 2188 3896 2244; x_wconf 82' lang='lat' dir='ltr'><strong>agere.</strong></span> 
     </span>
    </p>
   </div>
   <div class='ocr_carea' id='block_1_113' title="bbox 2311 2249 3894 2326">
    <p class='ocr_par' dir='ltr' id='par_1_113' title="bbox 2311 2249 3894 2326">
     <span class='ocr_line' id='line_1_113' title="bbox 2311 2249 3894 2326; baseline 0.012 -25"><span class='ocrx_word' id='word_1_574' title='bbox 2311 2249 2685 2306; x_wconf 83' lang='lat' dir='ltr'><strong>Verumtamen</strong></span> <span class='ocrx_word' id='word_1_575' title='bbox 2723 2257 2964 2324; x_wconf 88' lang='lat' dir='ltr'><strong>quamvis</strong></span> <span class='ocrx_word' id='word_1_576' title='bbox 3014 2258 3194 2313; x_wconf 89' lang='lat' dir='ltr'><strong>talium</strong></span> <span class='ocrx_word' id='word_1_577' title='bbox 3237 2268 3289 2314; x_wconf 92' lang='lat' dir='ltr'><strong>et</strong></span> <span class='ocrx_word' id='word_1_578' title='bbox 3321 2269 3585 2318; x_wconf 87' lang='lat' dir='ltr'><strong>tantorum</strong></span> <span class='ocrx_word' id='word_1_579' title='bbox 3636 2264 3894 2326; x_wconf 81' lang='lat' dir='ltr'><strong>dominus</strong></span> 
     </span>
    </p>
   </div>
   <div class='ocr_carea' id='block_1_114' title="bbox 2310 2338 3887 2426">
    <p class='ocr_par' dir='ltr' id='par_1_114' title="bbox 2310 2338 3887 2426">
     <span class='ocr_line' id='line_1_114' title="bbox 2310 2338 3887 2426; baseline 0.013 -35"><span class='ocrx_word' id='word_1_580' title='bbox 2310 2338 2544 2408; x_wconf 88' lang='lat' dir='ltr'><strong>futurus,</strong></span> <span class='ocrx_word' id='word_1_581' title='bbox 2574 2358 2692 2396; x_wconf 92' lang='lat' dir='ltr'><strong>cum</strong></span> <span class='ocrx_word' id='word_1_582' title='bbox 2718 2348 3005 2414; x_wconf 88' lang='lat' dir='ltr'><strong>cogitasset</strong></span> <span class='ocrx_word' id='word_1_583' title='bbox 3025 2348 3168 2417; x_wconf 91' lang='lat' dir='ltr'><strong>quod</strong></span> <span class='ocrx_word' id='word_1_584' title='bbox 3204 2348 3402 2405; x_wconf 72' lang='lat' dir='ltr'><strong>divitia:</strong></span> <span class='ocrx_word' id='word_1_585' title='bbox 3444 2354 3657 2422; x_wconf 88' lang='lat' dir='ltr'><strong>quidem</strong></span> <span class='ocrx_word' id='word_1_586' title='bbox 3701 2365 3758 2411; x_wconf 90' lang='lat' dir='ltr'><strong>et</strong></span> <span class='ocrx_word' id='word_1_587' title='bbox 3781 2372 3887 2426; x_wconf 77' lang='lat' dir='ltr'><strong>po-</strong></span> 
     </span>
    </p>
   </div>
   <div class='ocr_carea' id='block_1_115' title="bbox 2307 2433 3892 2511">
    <p class='ocr_par' dir='ltr' id='par_1_115' title="bbox 2307 2433 3892 2511">
     <span class='ocr_line' id='line_1_115' title="bbox 2307 2433 3892 2511; baseline 0.013 -28"><span class='ocrx_word' id='word_1_588' title='bbox 2307 2433 2469 2485; x_wconf 82' lang='lat' dir='ltr'><strong>tentia</strong></span> <span class='ocrx_word' id='word_1_589' title='bbox 2498 2448 2560 2488; x_wconf 90' lang='lat' dir='ltr'><strong>ac</strong></span> <span class='ocrx_word' id='word_1_590' title='bbox 2585 2435 2750 2504; x_wconf 86' lang='lat' dir='ltr'><strong>gloria</strong></span> <span class='ocrx_word' id='word_1_591' title='bbox 2780 2452 2899 2492; x_wconf 90' lang='lat' dir='ltr'><strong>cum</strong></span> <span class='ocrx_word' id='word_1_592' title='bbox 2928 2441 3174 2507; x_wconf 69' lang='lat' dir='ltr'><strong>praesenti</strong></span> <span class='ocrx_word' id='word_1_593' title='bbox 3204 2442 3313 2495; x_wconf 86' lang='lat' dir='ltr'><strong>vita</strong></span> <span class='ocrx_word' id='word_1_594' title='bbox 3341 2452 3633 2511; x_wconf 89' lang='lat' dir='ltr'><strong>transeant,</strong></span> <span class='ocrx_word' id='word_1_595' title='bbox 3664 2458 3720 2501; x_wconf 91' lang='lat' dir='ltr'><strong>et</strong></span> <span class='ocrx_word' id='word_1_596' title='bbox 3749 2459 3892 2503; x_wconf 88' lang='lat' dir='ltr'><strong>tem-</strong></span> 
     </span>
    </p>
   </div>
   <div class='ocr_carea' id='block_1_116' title="bbox 2308 2528 3907 2600">
    <p class='ocr_par' dir='ltr' id='par_1_116' title="bbox 2308 2528 3907 2600">
     <span class='ocr_line' id='line_1_116' title="bbox 2308 2528 3907 2600; baseline 0.013 -24"><span class='ocrx_word' id='word_1_597' title='bbox 2308 2528 2565 2595; x_wconf 89' lang='lat' dir='ltr'><strong>poralium</strong></span> <span class='ocrx_word' id='word_1_598' title='bbox 2612 2530 2813 2583; x_wconf 91' lang='lat' dir='ltr'><strong>lucrum</strong></span> <span class='ocrx_word' id='word_1_599' title='bbox 2862 2531 3137 2588; x_wconf 78' lang='lat' dir='ltr'><strong>dumtaxat</strong></span> <span class='ocrx_word' id='word_1_600' title='bbox 3179 2534 3444 2600; x_wconf 88' lang='lat' dir='ltr'><strong>habeant,</strong></span> <span class='ocrx_word' id='word_1_601' title='bbox 3492 2538 3659 2595; x_wconf 80' lang='lat' dir='ltr'><strong>solias</strong></span> <span class='ocrx_word' id='word_1_602' title='bbox 3705 2549 3907 2596; x_wconf 79' lang='lat' dir='ltr'><strong>autem</strong></span> 
     </span>
    </p>
   </div>
   <div class='ocr_carea' id='block_1_117' title="bbox 2308 2621 3903 2697">
    <p class='ocr_par' dir='ltr' id='par_1_117' title="bbox 2308 2621 3903 2697">
     <span class='ocr_line' id='line_1_117' title="bbox 2308 2621 3903 2697; baseline 0.011 -25"><span class='ocrx_word' id='word_1_603' title='bbox 2308 2621 2519 2675; x_wconf 86' lang='lat' dir='ltr'><strong>virtutis</strong></span> <span class='ocrx_word' id='word_1_604' title='bbox 2557 2623 2731 2676; x_wconf 89' lang='lat' dir='ltr'><strong>nullus</strong></span> <span class='ocrx_word' id='word_1_605' title='bbox 2774 2626 2841 2677; x_wconf 91' lang='lat' dir='ltr'><strong>sit</strong></span> <span class='ocrx_word' id='word_1_606' title='bbox 2872 2625 3029 2691; x_wconf 90' lang='lat' dir='ltr'><strong>linis,</strong></span> <span class='ocrx_word' id='word_1_607' title='bbox 3077 2625 3197 2681; x_wconf 90' lang='lat' dir='ltr'><strong>ideo</strong></span> <span class='ocrx_word' id='word_1_608' title='bbox 3236 2628 3593 2697; x_wconf 86' lang='lat' dir='ltr'><strong>voluptatibus</strong></span> <span class='ocrx_word' id='word_1_609' title='bbox 3643 2632 3903 2688; x_wconf 84' lang='lat' dir='ltr'><strong>timorem</strong></span> 
     </span>
    </p>
   </div>
   <div class='ocr_carea' id='block_1_118' title="bbox 2303 2714 3901 2789">
    <p class='ocr_par' dir='ltr' id='par_1_118' title="bbox 2303 2714 3901 2789">
     <span class='ocr_line' id='line_1_118' title="bbox 2303 2714 3901 2789; baseline 0.004 -21"><span class='ocrx_word' id='word_1_610' title='bbox 2303 2714 2501 2769; x_wconf 89' lang='lat' dir='ltr'><strong>Christi</strong></span> <span class='ocrx_word' id='word_1_611' title='bbox 2531 2756 2546 2780; x_wconf 93' lang='lat'><strong>,</strong></span> <span class='ocrx_word' id='word_1_612' title='bbox 2575 2725 2632 2770; x_wconf 93' lang='lat' dir='ltr'><strong>ut</strong></span> <span class='ocrx_word' id='word_1_613' title='bbox 2659 2716 2866 2771; x_wconf 80' lang='lat' dir='ltr'><strong>frenum</strong></span> <span class='ocrx_word' id='word_1_614' title='bbox 2892 2719 3183 2787; x_wconf 88' lang='lat' dir='ltr'><strong>quoddam,</strong></span> <span class='ocrx_word' id='word_1_615' title='bbox 3212 2720 3412 2789; x_wconf 87' lang='lat' dir='ltr'><strong>injecit.</strong></span> <span class='ocrx_word' id='word_1_616' title='bbox 3465 2722 3681 2778; x_wconf 86' lang='lat' dir='ltr'><strong>Divitias</strong></span> <span class='ocrx_word' id='word_1_617' title='bbox 3705 2734 3901 2782; x_wconf 80' lang='lat' dir='ltr'><strong>autem</strong></span> 
     </span>
    </p>
   </div>
   <div class='ocr_carea' id='block_1_119' title="bbox 2305 2806 3887 2878">
    <p class='ocr_par' dir='ltr' id='par_1_119' title="bbox 2305 2806 3887 2878">
     <span class='ocr_line' id='line_1_119' title="bbox 2305 2806 3887 2878; baseline 0.007 -19"><span class='ocrx_word' id='word_1_618' title='bbox 2305 2814 2360 2859; x_wconf 93' lang='lat' dir='ltr'><strong>et</strong></span> <span class='ocrx_word' id='word_1_619' title='bbox 2397 2806 2637 2871; x_wconf 88' lang='lat' dir='ltr'><strong>delicias,</strong></span> <span class='ocrx_word' id='word_1_620' title='bbox 2666 2823 2728 2862; x_wconf 90' lang='lat' dir='ltr'><strong>ac</strong></span> <span class='ocrx_word' id='word_1_621' title='bbox 2774 2809 3155 2878; x_wconf 88' lang='lat' dir='ltr'><strong>promissiones</strong></span> <span class='ocrx_word' id='word_1_622' title='bbox 3197 2810 3426 2865; x_wconf 75' lang='lat' dir='ltr'><strong>domiuze</strong></span> <span class='ocrx_word' id='word_1_623' title='bbox 3469 2811 3671 2871; x_wconf 86' lang='lat' dir='ltr'><strong>derisit.</strong></span> <span class='ocrx_word' id='word_1_624' title='bbox 3716 2816 3887 2870; x_wconf 87' lang='lat' dir='ltr'><strong>mise-</strong></span> 
     </span>
    </p>
   </div>
   <div class='ocr_carea' id='block_1_120' title="bbox 2304 2897 3888 2972">
    <p class='ocr_par' dir='ltr' id='par_1_120' title="bbox 2304 2897 3888 2972">
     <span class='ocr_line' id='line_1_120' title="bbox 2304 2897 3888 2972; baseline 0.006 -23"><span class='ocrx_word' id='word_1_625' title='bbox 2304 2897 2435 2950; x_wconf 91' lang='lat' dir='ltr'><strong>riam</strong></span> <span class='ocrx_word' id='word_1_626' title='bbox 2466 2897 2517 2951; x_wconf 94' lang='lat' dir='ltr'><strong>iu</strong></span> <span class='ocrx_word' id='word_1_627' title='bbox 2544 2913 2760 2953; x_wconf 90' lang='lat' dir='ltr'><strong>carcere</strong></span> <span class='ocrx_word' id='word_1_628' title='bbox 2779 2900 3070 2955; x_wconf 89' lang='lat' dir='ltr'><strong>dulciorem</strong></span> <span class='ocrx_word' id='word_1_629' title='bbox 3093 2918 3318 2956; x_wconf 82' lang='lat' dir='ltr'><strong>censeas</strong></span> <span class='ocrx_word' id='word_1_630' title='bbox 3357 2904 3628 2972; x_wconf 66' lang='lat' dir='ltr'><strong>praeclaris</strong></span> <span class='ocrx_word' id='word_1_631' title='bbox 3654 2903 3888 2959; x_wconf 81' lang='lat' dir='ltr'><strong>domici-</strong></span> 
     </span>
    </p>
   </div>
   <div class='ocr_carea' id='block_1_121' title="bbox 2304 2989 3889 3063">
    <p class='ocr_par' dir='ltr' id='par_1_121' title="bbox 2304 2989 3889 3063">
     <span class='ocr_line' id='line_1_121' title="bbox 2304 2989 3889 3063; baseline 0.009 -22"><span class='ocrx_word' id='word_1_632' title='bbox 2304 2989 2405 3049; x_wconf 84' lang='lat' dir='ltr'><strong>liis,</strong></span> <span class='ocrx_word' id='word_1_633' title='bbox 2438 2991 2643 3044; x_wconf 87' lang='lat' dir='ltr'><strong>tametsi</strong></span> <span class='ocrx_word' id='word_1_634' title='bbox 2675 2991 2755 3045; x_wconf 91' lang='lat' dir='ltr'><strong>his</strong></span> <span class='ocrx_word' id='word_1_635' title='bbox 2784 2993 2870 3061; x_wconf 92' lang='lat' dir='ltr'><strong>qui</strong></span> <span class='ocrx_word' id='word_1_636' title='bbox 2900 2996 3225 3050; x_wconf 85' lang='lat' dir='ltr'><strong>excellenter</strong></span> <span class='ocrx_word' id='word_1_637' title='bbox 3253 2996 3466 3050; x_wconf 86' lang='lat' dir='ltr'><strong>formosi</strong></span> <span class='ocrx_word' id='word_1_638' title='bbox 3497 3008 3639 3063; x_wconf 86' lang='lat' dir='ltr'><strong>sunt,</strong></span> <span class='ocrx_word' id='word_1_639' title='bbox 3670 2999 3889 3055; x_wconf 87' lang='lat' dir='ltr'><strong>difficile</strong></span> 
     </span>
    </p>
   </div>
   <div class='ocr_carea' id='block_1_122' title="bbox 2301 3081 3900 3158">
    <p class='ocr_par' dir='ltr' id='par_1_122' title="bbox 2301 3081 3900 3158">
     <span class='ocr_line' id='line_1_122' title="bbox 2301 3081 3900 3158; baseline 0.009 -26"><span class='ocrx_word' id='word_1_640' title='bbox 2301 3089 2384 3132; x_wconf 87' lang='lat' dir='ltr'><strong>est</strong></span> <span class='ocrx_word' id='word_1_641' title='bbox 2409 3081 2671 3148; x_wconf 83' lang='lat' dir='ltr'><strong>imperare</strong></span> <span class='ocrx_word' id='word_1_642' title='bbox 2700 3084 2974 3152; x_wconf 78' lang='lat' dir='ltr'><strong>voluptati.</strong></span> <span class='ocrx_word' id='word_1_643' title='bbox 3007 3085 3103 3140; x_wconf 81' lang='lat' dir='ltr'><strong>Hic</strong></span> <span class='ocrx_word' id='word_1_644' title='bbox 3139 3097 3315 3140; x_wconf 91' lang='lat' dir='ltr'><strong>autem</strong></span> <span class='ocrx_word' id='word_1_645' title='bbox 3365 3096 3565 3141; x_wconf 88' lang='lat' dir='ltr'><strong>tantum</strong></span> <span class='ocrx_word' id='word_1_646' title='bbox 3610 3089 3900 3158; x_wconf 77' lang='lat' dir='ltr'><strong>Speeimen</strong></span> 
     </span>
    </p>
   </div>
   <div class='ocr_carea' id='block_1_123' title="bbox 2303 3171 3887 3248">
    <p class='ocr_par' dir='ltr' id='par_1_123' title="bbox 2303 3171 3887 3248">
     <span class='ocr_line' id='line_1_123' title="bbox 2303 3171 3887 3248; baseline 0.004 -22"><span class='ocrx_word' id='word_1_647' title='bbox 2303 3171 2537 3226; x_wconf 87' lang='lat' dir='ltr'><strong>exhibuit</strong></span> <span class='ocrx_word' id='word_1_648' title='bbox 2574 3175 2936 3240; x_wconf 76' lang='lat' dir='ltr'><strong>continentiae,</strong></span> <span class='ocrx_word' id='word_1_649' title='bbox 2965 3186 3018 3229; x_wconf 94' lang='lat' dir='ltr'><strong>ut</strong></span> <span class='ocrx_word' id='word_1_650' title='bbox 3040 3177 3426 3246; x_wconf 85' lang='lat' dir='ltr'><strong>pulchritudine</strong></span> <span class='ocrx_word' id='word_1_651' title='bbox 3449 3180 3637 3233; x_wconf 74' lang='lat' dir='ltr'><strong>anima:</strong></span> <span class='ocrx_word' id='word_1_652' title='bbox 3656 3180 3887 3248; x_wconf 81' lang='lat' dir='ltr'><strong>pulchri-</strong></span> 
     </span>
    </p>
   </div>
   <div class='ocr_carea' id='block_1_124' title="bbox 2302 3263 3883 3338">
    <p class='ocr_par' dir='ltr' id='par_1_124' title="bbox 2302 3263 3883 3338">
     <span class='ocr_line' id='line_1_124' title="bbox 2302 3263 3883 3338; baseline 0.007 -23"><span class='ocrx_word' id='word_1_653' title='bbox 2302 3263 2540 3319; x_wconf 86' lang='lat' dir='ltr'><strong>tudinem</strong></span> <span class='ocrx_word' id='word_1_654' title='bbox 2577 3267 2821 3335; x_wconf 88' lang='lat' dir='ltr'><strong>corporis</strong></span> <span class='ocrx_word' id='word_1_655' title='bbox 2852 3271 3159 3331; x_wconf 88' lang='lat' dir='ltr'><strong>occultaret,</strong></span> <span class='ocrx_word' id='word_1_656' title='bbox 3204 3270 3372 3323; x_wconf 77' lang='lat' dir='ltr'><strong>stella:</strong></span> <span class='ocrx_word' id='word_1_657' title='bbox 3402 3271 3611 3324; x_wconf 88' lang='lat' dir='ltr'><strong>cuidam</strong></span> <span class='ocrx_word' id='word_1_658' title='bbox 3642 3273 3883 3338; x_wconf 74' lang='lat' dir='ltr'><strong>pulchra:</strong></span> 
     </span>
    </p>
   </div>
   <div class='ocr_carea' id='block_1_125' title="bbox 2303 3353 3895 3429">
    <p class='ocr_par' dir='ltr' id='par_1_125' title="bbox 2303 3353 3895 3429">
     <span class='ocr_line' id='line_1_125' title="bbox 2303 3353 3895 3429; baseline 0.006 -22"><span class='ocrx_word' id='word_1_659' title='bbox 2303 3353 2633 3411; x_wconf 73' lang='lat' dir='ltr'><strong>formositate</strong></span> <span class='ocrx_word' id='word_1_660' title='bbox 2660 3358 2919 3424; x_wconf 84' lang='lat' dir='ltr'><strong>corporis.</strong></span> <span class='ocrx_word' id='word_1_661' title='bbox 2947 3360 3147 3429; x_wconf 81' lang='lat' dir='ltr'><strong>angelis</strong></span> <span class='ocrx_word' id='word_1_662' title='bbox 3173 3369 3350 3414; x_wconf 86' lang='lat' dir='ltr'><strong>autem</strong></span> <span class='ocrx_word' id='word_1_663' title='bbox 3384 3371 3661 3415; x_wconf 79' lang='lat' dir='ltr'><strong>venustate</strong></span> <span class='ocrx_word' id='word_1_664' title='bbox 3688 3365 3895 3417; x_wconf 66' lang='lat' dir='ltr'><strong>anima:-</strong></span> 
     </span>
    </p>
   </div>
   <div class='ocr_carea' id='block_1_126' title="bbox 2304 3445 3894 3516">
    <p class='ocr_par' dir='ltr' id='par_1_126' title="bbox 2304 3445 3894 3516">
     <span class='ocr_line' id='line_1_126' title="bbox 2304 3445 3894 3516; baseline 0.004 -17"><span class='ocrx_word' id='word_1_665' title='bbox 2304 3445 2679 3500; x_wconf 85' lang='lat' dir='ltr'><strong>conl&#39;erendus.</strong></span> <span class='ocrx_word' id='word_1_666' title='bbox 2710 3446 2817 3502; x_wconf 84' lang='lat' dir='ltr'><strong>Nos</strong></span> <span class='ocrx_word' id='word_1_667' title='bbox 2864 3458 3040 3502; x_wconf 85' lang='lat' dir='ltr'><strong>autem</strong></span> <span class='ocrx_word' id='word_1_668' title='bbox 3075 3448 3228 3503; x_wconf 79' lang='lat' dir='ltr'><strong>decet</strong></span> <span class='ocrx_word' id='word_1_669' title='bbox 3253 3450 3500 3504; x_wconf 89' lang='lat' dir='ltr'><strong>admirari</strong></span> <span class='ocrx_word' id='word_1_670' title='bbox 3526 3491 3541 3516; x_wconf 93' lang='lat'><strong>,</strong></span> <span class='ocrx_word' id='word_1_671' title='bbox 3576 3467 3679 3506; x_wconf 89' lang='lat' dir='ltr'><strong>non</strong></span> <span class='ocrx_word' id='word_1_672' title='bbox 3706 3452 3894 3506; x_wconf 82' lang='lat' dir='ltr'><strong>solum</strong></span> 
     </span>
    </p>
   </div>
   <div class='ocr_carea' id='block_1_127' title="bbox 2297 3539 3895 3612">
    <p class='ocr_par' dir='ltr' id='par_1_127' title="bbox 2297 3539 3895 3612">
     <span class='ocr_line' id='line_1_127' title="bbox 2297 3539 3895 3612; baseline 0.001 -21"><span class='ocrx_word' id='word_1_673' title='bbox 2297 3539 2656 3593; x_wconf 90' lang='lat' dir='ltr'><strong>adolescentis</strong></span> <span class='ocrx_word' id='word_1_674' title='bbox 2694 3540 3074 3595; x_wconf 89' lang='lat' dir='ltr'><strong>continentiam</strong></span> <span class='ocrx_word' id='word_1_675' title='bbox 3101 3583 3115 3607; x_wconf 93' lang='lat'><strong>,</strong></span> <span class='ocrx_word' id='word_1_676' title='bbox 3145 3541 3234 3594; x_wconf 79' lang='lat' dir='ltr'><strong>sed</strong></span> <span class='ocrx_word' id='word_1_677' title='bbox 3264 3552 3316 3595; x_wconf 83' lang='lat' dir='ltr'><strong>et</strong></span> <span class='ocrx_word' id='word_1_678' title='bbox 3344 3544 3571 3611; x_wconf 82' lang='lat' dir='ltr'><strong>pericula</strong></span> <span class='ocrx_word' id='word_1_679' title='bbox 3596 3585 3609 3607; x_wconf 89' lang='lat'><strong>,</strong></span> <span class='ocrx_word' id='word_1_680' title='bbox 3640 3560 3757 3612; x_wconf 74' lang='lat' dir='ltr'><strong>qua:</strong></span> <span class='ocrx_word' id='word_1_681' title='bbox 3786 3560 3895 3612; x_wconf 71' lang='lat' dir='ltr'><strong>pro.</strong></span> 
     </span>
    </p>
   </div>
   <div class='ocr_carea' id='block_1_128' title="bbox 2302 3631 3884 3703">
    <p class='ocr_par' dir='ltr' id='par_1_128' title="bbox 2302 3631 3884 3703">
     <span class='ocr_line' id='line_1_128' title="bbox 2302 3631 3884 3703; baseline 0.003 -20"><span class='ocrx_word' id='word_1_682' title='bbox 2302 3631 2389 3683; x_wconf 90' lang='lat' dir='ltr'><strong>illa</strong></span> <span class='ocrx_word' id='word_1_683' title='bbox 2438 3632 2725 3698; x_wconf 90' lang='lat' dir='ltr'><strong>sustinuit,</strong></span> <span class='ocrx_word' id='word_1_684' title='bbox 2757 3633 2845 3700; x_wconf 91' lang='lat' dir='ltr'><strong>qui</strong></span> <span class='ocrx_word' id='word_1_685' title='bbox 2874 3642 3042 3686; x_wconf 86' lang='lat' dir='ltr'><strong>morte</strong></span> <span class='ocrx_word' id='word_1_686' title='bbox 3084 3633 3296 3702; x_wconf 87' lang='lat' dir='ltr'><strong>gravius</strong></span> <span class='ocrx_word' id='word_1_687' title='bbox 3321 3649 3384 3687; x_wconf 89' lang='lat' dir='ltr'><strong>ac</strong></span> <span class='ocrx_word' id='word_1_688' title='bbox 3412 3635 3695 3688; x_wconf 85' lang='lat' dir='ltr'><strong>terribilius</strong></span> <span class='ocrx_word' id='word_1_689' title='bbox 3738 3636 3884 3703; x_wconf 82' lang='lat' dir='ltr'><strong>judi-</strong></span> 
     </span>
    </p>
   </div>
   <div class='ocr_carea' id='block_1_129' title="bbox 2298 3721 3891 3796">
    <p class='ocr_par' dir='ltr' id='par_1_129' title="bbox 2298 3721 3891 3796">
     <span class='ocr_line' id='line_1_129' title="bbox 2298 3721 3891 3796; baseline 0.002 -22"><span class='ocrx_word' id='word_1_690' title='bbox 2298 3721 2437 3774; x_wconf 82' lang='lat' dir='ltr'><strong>cavit</strong></span> <span class='ocrx_word' id='word_1_691' title='bbox 2467 3724 2671 3776; x_wconf 89' lang='lat' dir='ltr'><strong>scrvirc</strong></span> <span class='ocrx_word' id='word_1_692' title='bbox 2708 3723 3085 3792; x_wconf 87' lang='lat' dir='ltr'><strong>voluptatibus.</strong></span> <span class='ocrx_word' id='word_1_693' title='bbox 3124 3724 3485 3779; x_wconf 81' lang='lat' dir='ltr'><strong>Admirabitur</strong></span> <span class='ocrx_word' id='word_1_694' title='bbox 3530 3737 3737 3791; x_wconf 88' lang='lat' dir='ltr'><strong>antem,</strong></span> <span class='ocrx_word' id='word_1_695' title='bbox 3784 3728 3891 3796; x_wconf 86' lang='lat' dir='ltr'><strong>qui.</strong></span> 
     </span>
    </p>
   </div>
   <div class='ocr_carea' id='block_1_130' title="bbox 2300 3815 3877 3887">
    <p class='ocr_par' dir='ltr' id='par_1_130' title="bbox 2300 3815 3877 3887">
     <span class='ocr_line' id='line_1_130' title="bbox 2300 3815 3877 3887; baseline 0.004 -19"><span class='ocrx_word' id='word_1_696' title='bbox 2300 3815 2547 3869; x_wconf 84' lang='lat' dir='ltr'><strong>virtutem</strong></span> <span class='ocrx_word' id='word_1_697' title='bbox 2599 3817 2763 3885; x_wconf 89' lang='lat' dir='ltr'><strong>ipsius</strong></span> <span class='ocrx_word' id='word_1_698' title='bbox 2815 3817 3093 3885; x_wconf 86' lang='lat' dir='ltr'><strong>diligenter</strong></span> <span class='ocrx_word' id='word_1_699' title='bbox 3137 3820 3483 3887; x_wconf 88' lang='lat' dir='ltr'><strong>cognoverit,</strong></span> <span class='ocrx_word' id='word_1_700' title='bbox 3535 3828 3586 3872; x_wconf 91' lang='lat' dir='ltr'><strong>et</strong></span> <span class='ocrx_word' id='word_1_701' title='bbox 3635 3828 3877 3887; x_wconf 80' lang='lat' dir='ltr'><strong>tempora</strong></span> 
     </span>
    </p>
   </div>
   <div class='ocr_carea' id='block_1_131' title="bbox 2302 3907 3891 3979">
    <p class='ocr_par' dir='ltr' id='par_1_131' title="bbox 2302 3907 3891 3979">
     <span class='ocr_line' id='line_1_131' title="bbox 2302 3907 3891 3979; baseline -0.001 -18"><span class='ocrx_word' id='word_1_702' title='bbox 2302 3908 2614 3975; x_wconf 85' lang='lat' dir='ltr'><strong>cxpendcrit</strong></span> <span class='ocrx_word' id='word_1_703' title='bbox 2646 3909 2698 3961; x_wconf 92' lang='lat' dir='ltr'><strong>in</strong></span> <span class='ocrx_word' id='word_1_704' title='bbox 2726 3907 2920 3975; x_wconf 85' lang='lat' dir='ltr'><strong>quibus</strong></span> <span class='ocrx_word' id='word_1_705' title='bbox 2957 3910 3186 3966; x_wconf 82' lang='lat' dir='ltr'><strong>animam</strong></span> <span class='ocrx_word' id='word_1_706' title='bbox 3228 3925 3414 3979; x_wconf 89' lang='lat' dir='ltr'><strong>puram</strong></span> <span class='ocrx_word' id='word_1_707' title='bbox 3458 3912 3710 3965; x_wconf 83' lang='lat' dir='ltr'><strong>servavit.</strong></span> <span class='ocrx_word' id='word_1_708' title='bbox 3740 3910 3891 3965; x_wconf 28' lang='lat' dir='ltr'><strong>Nam.</strong></span> 
     </span>
    </p>
   </div>
   <div class='ocr_carea' id='block_1_132' title="bbox 2301 4000 3894 4071">
    <p class='ocr_par' dir='ltr' id='par_1_132' title="bbox 2301 4000 3894 4071">
     <span class='ocr_line' id='line_1_132' title="bbox 2301 4000 3894 4071; baseline 0.003 -19"><span class='ocrx_word' id='word_1_709' title='bbox 2301 4000 2605 4069; x_wconf 87' lang='lat' dir='ltr'><strong>priusquam</strong></span> <span class='ocrx_word' id='word_1_710' title='bbox 2662 4000 2712 4052; x_wconf 92' lang='lat' dir='ltr'><strong>in</strong></span> <span class='ocrx_word' id='word_1_711' title='bbox 2761 4011 2898 4055; x_wconf 89' lang='lat' dir='ltr'><strong>terra</strong></span> <span class='ocrx_word' id='word_1_712' title='bbox 2926 4010 2979 4055; x_wconf 93' lang='lat' dir='ltr'><strong>et</strong></span> <span class='ocrx_word' id='word_1_713' title='bbox 3031 4001 3285 4055; x_wconf 90' lang='lat' dir='ltr'><strong>Dominus</strong></span> <span class='ocrx_word' id='word_1_714' title='bbox 3312 4011 3366 4055; x_wconf 92' lang='lat' dir='ltr'><strong>et</strong></span> <span class='ocrx_word' id='word_1_715' title='bbox 3408 4001 3593 4071; x_wconf 78' lang='lat' dir='ltr'><strong>Opifes</strong></span> <span class='ocrx_word' id='word_1_716' title='bbox 3642 4001 3894 4057; x_wconf 74' lang='lat' dir='ltr'><strong>universi</strong></span> 
     </span>
    </p>
   </div>
   <div class='ocr_carea' id='block_1_133' title="bbox 2300 4091 3881 4161">
    <p class='ocr_par' dir='ltr' id='par_1_133' title="bbox 2300 4091 3881 4161">
     <span class='ocr_line' id='line_1_133' title="bbox 2300 4091 3881 4161; baseline 0.002 -18"><span class='ocrx_word' id='word_1_717' title='bbox 2300 4093 2560 4161; x_wconf 88' lang='lat' dir='ltr'><strong>apparuit,</strong></span> <span class='ocrx_word' id='word_1_718' title='bbox 2609 4091 2904 4146; x_wconf 89' lang='lat' dir='ltr'><strong>libertatem</strong></span> <span class='ocrx_word' id='word_1_719' title='bbox 2929 4091 3213 4146; x_wconf 90' lang='lat' dir='ltr'><strong>cnstodivit</strong></span> <span class='ocrx_word' id='word_1_720' title='bbox 3240 4093 3452 4146; x_wconf 89' lang='lat' dir='ltr'><strong>mentis.</strong></span> <span class='ocrx_word' id='word_1_721' title='bbox 3508 4092 3562 4145; x_wconf 94' lang='lat' dir='ltr'><strong>ln</strong></span> <span class='ocrx_word' id='word_1_722' title='bbox 3589 4092 3749 4147; x_wconf 82' lang='lat' dir='ltr'><strong>domo</strong></span> <span class='ocrx_word' id='word_1_723' title='bbox 3774 4092 3881 4146; x_wconf 85' lang='lat' dir='ltr'><strong>im-</strong></span> 
     </span>
    </p>
   </div>
   <div class='ocr_carea' id='block_1_134' title="bbox 2300 4184 3880 4255">
    <p class='ocr_par' dir='ltr' id='par_1_134' title="bbox 2300 4184 3880 4255">
     <span class='ocr_line' id='line_1_134' title="bbox 2300 4184 3880 4255; baseline 0.001 -17"><span class='ocrx_word' id='word_1_724' title='bbox 2300 4186 2507 4255; x_wconf 88' lang='lat' dir='ltr'><strong>piorum</strong></span> <span class='ocrx_word' id='word_1_725' title='bbox 2557 4186 2921 4252; x_wconf 81' lang='lat' dir='ltr'><strong>educabatur,</strong></span> <span class='ocrx_word' id='word_1_726' title='bbox 2970 4186 3167 4240; x_wconf 91' lang='lat' dir='ltr'><strong>multos</strong></span> <span class='ocrx_word' id='word_1_727' title='bbox 3221 4185 3449 4240; x_wconf 84' lang='lat' dir='ltr'><strong>habebat</strong></span> <span class='ocrx_word' id='word_1_728' title='bbox 3493 4185 3560 4239; x_wconf 90' lang='lat' dir='ltr'><strong>ad</strong></span> <span class='ocrx_word' id='word_1_729' title='bbox 3611 4184 3880 4240; x_wconf 83' lang='lat' dir='ltr'><strong>deteriora</strong></span> 
     </span>
    </p>
   </div>
   <div class='ocr_carea' id='block_1_135' title="bbox 2299 4276 3887 4347">
    <p class='ocr_par' dir='ltr' id='par_1_135' title="bbox 2299 4276 3887 4347">
     <span class='ocr_line' id='line_1_135' title="bbox 2299 4276 3887 4347; baseline 0.002 -17"><span class='ocrx_word' id='word_1_730' title='bbox 2299 4276 2663 4341; x_wconf 86' lang='lat' dir='ltr'><strong>adhortantes,</strong></span> <span class='ocrx_word' id='word_1_731' title='bbox 2708 4278 2923 4333; x_wconf 87' lang='lat' dir='ltr'><strong>carebat</strong></span> <span class='ocrx_word' id='word_1_732' title='bbox 2967 4278 3307 4332; x_wconf 59' lang='lat' dir='ltr'><strong>continentiae</strong></span> <span class='ocrx_word' id='word_1_733' title='bbox 3351 4279 3620 4347; x_wconf 86' lang='lat' dir='ltr'><strong>magistro.</strong></span> <span class='ocrx_word' id='word_1_734' title='bbox 3673 4277 3887 4333; x_wconf 77' lang='lat' dir='ltr'><strong>Omnes</strong></span> 
     </span>
    </p>
   </div>
   <div class='ocr_carea' id='block_1_136' title="bbox 2300 4370 3879 4441">
    <p class='ocr_par' dir='ltr' id='par_1_136' title="bbox 2300 4370 3879 4441">
     <span class='ocr_line' id='line_1_136' title="bbox 2300 4370 3879 4441; baseline 0 -18"><span class='ocrx_word' id='word_1_735' title='bbox 2300 4370 2555 4439; x_wconf 88' lang='lat' dir='ltr'><strong>voluptati</strong></span> <span class='ocrx_word' id='word_1_736' title='bbox 2586 4371 2907 4436; x_wconf 82' lang='lat' dir='ltr'><strong>serviebant,</strong></span> <span class='ocrx_word' id='word_1_737' title='bbox 2939 4372 3112 4426; x_wconf 91' lang='lat' dir='ltr'><strong>ventri</strong></span> <span class='ocrx_word' id='word_1_738' title='bbox 3145 4370 3508 4441; x_wconf 81' lang='lat' dir='ltr'><strong>indulgebant,</strong></span> <span class='ocrx_word' id='word_1_739' title='bbox 3539 4370 3667 4424; x_wconf 92' lang='lat' dir='ltr'><strong>nihil</strong></span> <span class='ocrx_word' id='word_1_740' title='bbox 3708 4371 3879 4439; x_wconf 90' lang='lat' dir='ltr'><strong>pium,</strong></span> 
     </span>
    </p>
   </div>
   <div class='ocr_carea' id='block_1_137' title="bbox 2300 4459 3882 4516">
    <p class='ocr_par' dir='ltr' id='par_1_137' title="bbox 2300 4459 3882 4516">
     <span class='ocr_line' id='line_1_137' title="bbox 2300 4459 3882 4516; baseline 0.002 -3"><span class='ocrx_word' id='word_1_741' title='bbox 2300 4459 2429 4513; x_wconf 86' lang='lat' dir='ltr'><strong>nihil</strong></span> <span class='ocrx_word' id='word_1_742' title='bbox 2456 4471 2701 4515; x_wconf 90' lang='lat' dir='ltr'><strong>sanctum</strong></span> <span class='ocrx_word' id='word_1_743' title='bbox 2724 4461 3018 4516; x_wconf 89' lang='lat' dir='ltr'><strong>faciebant:</strong></span> <span class='ocrx_word' id='word_1_744' title='bbox 3047 4472 3280 4516; x_wconf 89' lang='lat' dir='ltr'><strong>attamen</strong></span> <span class='ocrx_word' id='word_1_745' title='bbox 3306 4462 3354 4515; x_wconf 93' lang='lat' dir='ltr'><strong>in</strong></span> <span class='ocrx_word' id='word_1_746' title='bbox 3379 4470 3639 4514; x_wconf 86' lang='lat' dir='ltr'><strong>tantorqu</strong></span> <span class='ocrx_word' id='word_1_747' title='bbox 3666 4460 3882 4516; x_wconf 87' lang='lat' dir='ltr'><strong>talium-</strong></span> 
     </span>
    </p>
   </div>
   <div class='ocr_carea' id='block_1_138' title="bbox 2300 4553 3880 4622">
    <p class='ocr_par' dir='ltr' id='par_1_138' title="bbox 2300 4553 3880 4622">
     <span class='ocr_line' id='line_1_138' title="bbox 2300 4553 3880 4622; baseline 0.001 -18"><span class='ocrx_word' id='word_1_748' title='bbox 2300 4568 2403 4622; x_wconf 90' lang='lat' dir='ltr'><strong>que</strong></span> <span class='ocrx_word' id='word_1_749' title='bbox 2433 4553 2710 4622; x_wconf 90' lang='lat' dir='ltr'><strong>impiorum</strong></span> <span class='ocrx_word' id='word_1_750' title='bbox 2737 4568 2954 4620; x_wconf 87' lang='lat' dir='ltr'><strong>corona,</strong></span> <span class='ocrx_word' id='word_1_751' title='bbox 2991 4554 3171 4608; x_wconf 90' lang='lat' dir='ltr'><strong>videns</strong></span> <span class='ocrx_word' id='word_1_752' title='bbox 3196 4554 3465 4609; x_wconf 91' lang='lat' dir='ltr'><strong>dominam</strong></span> <span class='ocrx_word' id='word_1_753' title='bbox 3509 4554 3880 4621; x_wconf 82' lang='lat' dir='ltr'><strong>intemperan-</strong></span> 
     </span>
    </p>
   </div>
   <div class='ocr_carea' id='block_1_139' title="bbox 2304 4642 3884 4713">
    <p class='ocr_par' dir='ltr' id='par_1_139' title="bbox 2304 4642 3884 4713">
     <span class='ocr_line' id='line_1_139' title="bbox 2304 4642 3884 4713; baseline 0.003 -19"><span class='ocrx_word' id='word_1_754' title='bbox 2304 4652 2407 4696; x_wconf 90' lang='lat' dir='ltr'><strong>tem</strong></span> <span class='ocrx_word' id='word_1_755' title='bbox 2433 4642 2607 4712; x_wconf 86' lang='lat' dir='ltr'><strong>jacere</strong></span> <span class='ocrx_word' id='word_1_756' title='bbox 2627 4684 2642 4709; x_wconf 89' lang='lat'><strong>,</strong></span> <span class='ocrx_word' id='word_1_757' title='bbox 2671 4644 2957 4697; x_wconf 70' lang='lat' dir='ltr'><strong>etelestium</strong></span> <span class='ocrx_word' id='word_1_758' title='bbox 2989 4644 3358 4698; x_wconf 89' lang='lat' dir='ltr'><strong>thesaurorum</strong></span> <span class='ocrx_word' id='word_1_759' title='bbox 3398 4643 3635 4713; x_wconf 88' lang='lat' dir='ltr'><strong>proditor</strong></span> <span class='ocrx_word' id='word_1_760' title='bbox 3664 4659 3767 4697; x_wconf 91' lang='lat' dir='ltr'><strong>non</strong></span> <span class='ocrx_word' id='word_1_761' title='bbox 3797 4653 3884 4698; x_wconf 91' lang='lat' dir='ltr'><strong>est</strong></span> 
     </span>
    </p>
   </div>
   <div class='ocr_carea' id='block_1_140' title="bbox 2302 4732 3884 4805">
    <p class='ocr_par' dir='ltr' id='par_1_140' title="bbox 2302 4732 3884 4805">
     <span class='ocr_line' id='line_1_140' title="bbox 2302 4732 3884 4805; baseline 0.001 -19"><span class='ocrx_word' id='word_1_762' title='bbox 2302 4732 2491 4799; x_wconf 84' lang='lat' dir='ltr'><strong>factus,</strong></span> <span class='ocrx_word' id='word_1_763' title='bbox 2530 4734 2622 4788; x_wconf 90' lang='lat' dir='ltr'><strong>sed</strong></span> <span class='ocrx_word' id='word_1_764' title='bbox 2669 4734 2897 4802; x_wconf 89' lang='lat' dir='ltr'><strong>Spiritus</strong></span> <span class='ocrx_word' id='word_1_765' title='bbox 2941 4735 3197 4805; x_wconf 85' lang='lat' dir='ltr'><strong>templum</strong></span> <span class='ocrx_word' id='word_1_766' title='bbox 3242 4734 3657 4803; x_wconf 69' lang='lat' dir='ltr'><strong>iudcprmdabile</strong></span> <span class='ocrx_word' id='word_1_767' title='bbox 3699 4744 3884 4788; x_wconf 87' lang='lat' dir='ltr'><strong>custo-</strong></span> 
     </span>
    </p>
   </div>
   <div class='ocr_carea' id='block_1_141' title="bbox 2301 4826 3891 4896">
    <p class='ocr_par' dir='ltr' id='par_1_141' title="bbox 2301 4826 3891 4896">
     <span class='ocr_line' id='line_1_141' title="bbox 2301 4826 3891 4896; baseline -0.003 -13"><span class='ocrx_word' id='word_1_768' title='bbox 2301 4829 2451 4893; x_wconf 90' lang='lat' dir='ltr'><strong>divit,</strong></span> <span class='ocrx_word' id='word_1_769' title='bbox 2482 4830 2680 4883; x_wconf 90' lang='lat' dir='ltr'><strong>malens</strong></span> <span class='ocrx_word' id='word_1_770' title='bbox 2710 4830 2843 4883; x_wconf 92' lang='lat' dir='ltr'><strong>mori</strong></span> <span class='ocrx_word' id='word_1_771' title='bbox 2866 4870 2879 4892; x_wconf 91' lang='lat'><strong>,</strong></span> <span class='ocrx_word' id='word_1_772' title='bbox 2912 4845 3069 4896; x_wconf 88' lang='lat' dir='ltr'><strong>quam</strong></span> <span class='ocrx_word' id='word_1_773' title='bbox 3097 4830 3300 4885; x_wconf 90' lang='lat' dir='ltr'><strong>servire</strong></span> <span class='ocrx_word' id='word_1_774' title='bbox 3344 4828 3725 4896; x_wconf 88' lang='lat' dir='ltr'><strong>voluptatibus.</strong></span> <span class='ocrx_word' id='word_1_775' title='bbox 3762 4826 3891 4881; x_wconf 86' lang='lat' dir='ltr'><strong>Non</strong></span> 
     </span>
    </p>
   </div>
   <div class='ocr_carea' id='block_1_142' title="bbox 2301 4920 3884 4991">
    <p class='ocr_par' dir='ltr' id='par_1_142' title="bbox 2301 4920 3884 4991">
     <span class='ocr_line' id='line_1_142' title="bbox 2301 4920 3884 4991; baseline -0.002 -15"><span class='ocrx_word' id='word_1_776' title='bbox 2301 4922 2540 4976; x_wconf 89' lang='lat' dir='ltr'><strong>audierat</strong></span> <span class='ocrx_word' id='word_1_777' title='bbox 2570 4922 2787 4977; x_wconf 84' lang='lat' dir='ltr'><strong>Paulum</strong></span> <span class='ocrx_word' id='word_1_778' title='bbox 2826 4922 3090 4978; x_wconf 80' lang='lat' dir='ltr'><strong>dicentem</strong></span> <span class='ocrx_word' id='word_1_779' title='bbox 3115 4964 3128 4983; x_wconf 82' lang='lat'><strong>.</strong></span> <span class='ocrx_word' id='word_1_780' title='bbox 3172 4937 3394 4991; x_wconf 89' lang='lat' dir='ltr'><strong>corpora</strong></span> <span class='ocrx_word' id='word_1_781' title='bbox 3424 4930 3603 4975; x_wconf 89' lang='lat' dir='ltr'><strong>nostra</strong></span> <span class='ocrx_word' id='word_1_782' title='bbox 3643 4920 3884 4974; x_wconf 89' lang='lat' dir='ltr'><strong>membra</strong></span> 
     </span>
    </p>
   </div>
   <div class='ocr_carea' id='block_1_143' title="bbox 2300 4997 3891 5085">
    <p class='ocr_par' dir='ltr' id='par_1_143' title="bbox 2300 4997 3891 5085">
     <span class='ocr_line' id='line_1_143' title="bbox 2300 4997 3891 5085; baseline -0.001 -18"><span class='ocrx_word' id='word_1_783' title='bbox 2300 4997 2495 5067; x_wconf 82' lang='lat' dir='ltr'><strong>Christi</strong></span> <span class='ocrx_word' id='word_1_784' title='bbox 2551 5029 2672 5069; x_wconf 86' lang='lat' dir='ltr'><strong>esse</strong></span> <span class='ocrx_word' id='word_1_785' title='bbox 2725 5014 2815 5082; x_wconf 89' lang='lat' dir='ltr'><strong>(l.</strong></span> <span class='ocrx_word' id='word_1_786' title='bbox 2848 5014 2964 5068; x_wconf 90' lang='lat' dir='ltr'><strong>Cor.</strong></span> <span class='ocrx_word' id='word_1_787' title='bbox 2993 5015 3045 5068; x_wconf 83' lang='grc'>6.</span> <span class='ocrx_word' id='word_1_788' title='bbox 3071 5012 3178 5085; x_wconf 76' lang='grc'><strong>15.)</strong></span> <span class='ocrx_word' id='word_1_789' title='bbox 3210 5031 3222 5066; x_wconf 90' lang='lat'>:</span> <span class='ocrx_word' id='word_1_790' title='bbox 3252 5023 3303 5067; x_wconf 93' lang='lat' dir='ltr'><strong>et</strong></span> <span class='ocrx_word' id='word_1_791' title='bbox 3341 5014 3645 5082; x_wconf 89' lang='lat' dir='ltr'><strong>priusquam</strong></span> <span class='ocrx_word' id='word_1_792' title='bbox 3673 5011 3891 5066; x_wconf 87' lang='lat' dir='ltr'><strong>audiret</strong></span> 
     </span>
    </p>
   </div>
   <div class='ocr_carea' id='block_1_144' title="bbox 2303 5105 3886 5176">
    <p class='ocr_par' dir='ltr' id='par_1_144' title="bbox 2303 5105 3886 5176">
     <span class='ocr_line' id='line_1_144' title="bbox 2303 5105 3886 5176; baseline 0 -19"><span class='ocrx_word' id='word_1_793' title='bbox 2303 5122 2486 5159; x_wconf 91' lang='lat' dir='ltr'><strong>vocem</strong></span> <span class='ocrx_word' id='word_1_794' title='bbox 2514 5106 2765 5169; x_wconf 89' lang='lat' dir='ltr'><strong>divinam,</strong></span> <span class='ocrx_word' id='word_1_795' title='bbox 2794 5123 2897 5160; x_wconf 93' lang='lat' dir='ltr'><strong>non</strong></span> <span class='ocrx_word' id='word_1_796' title='bbox 2927 5108 3100 5160; x_wconf 90' lang='lat' dir='ltr'><strong>minor</strong></span> <span class='ocrx_word' id='word_1_797' title='bbox 3120 5107 3365 5176; x_wconf 89' lang='lat' dir='ltr'><strong>apparuit</strong></span> <span class='ocrx_word' id='word_1_798' title='bbox 3388 5106 3452 5159; x_wconf 92' lang='lat' dir='ltr'><strong>iis</strong></span> <span class='ocrx_word' id='word_1_799' title='bbox 3473 5105 3561 5175; x_wconf 91' lang='lat' dir='ltr'><strong>qui</strong></span> <span class='ocrx_word' id='word_1_800' title='bbox 3581 5105 3886 5157; x_wconf 80' lang='lat' dir='ltr'><strong>ca-lcstlbus</strong></span> 
     </span>
    </p>
   </div>
   <div class='ocr_carea' id='block_1_145' title="bbox 2304 5195 3889 5267">
    <p class='ocr_par' dir='ltr' id='par_1_145' title="bbox 2304 5195 3889 5267">
     <span class='ocr_line' id='line_1_145' title="bbox 2304 5195 3889 5267; baseline 0 -16"><span class='ocrx_word' id='word_1_801' title='bbox 2304 5200 2744 5267; x_wconf 87' lang='lat' dir='ltr'><strong>promissiouibus</strong></span> <span class='ocrx_word' id='word_1_802' title='bbox 2776 5199 3019 5253; x_wconf 88' lang='lat' dir='ltr'><strong>honorati</strong></span> <span class='ocrx_word' id='word_1_803' title='bbox 3042 5209 3186 5261; x_wconf 87' lang='lat' dir='ltr'><strong>sunt,</strong></span> <span class='ocrx_word' id='word_1_804' title='bbox 3206 5199 3408 5253; x_wconf 88' lang='lat' dir='ltr'><strong>docens</strong></span> <span class='ocrx_word' id='word_1_805' title='bbox 3430 5213 3527 5252; x_wconf 87' lang='lat' dir='ltr'><strong>nos</strong></span> <span class='ocrx_word' id='word_1_806' title='bbox 3554 5197 3605 5250; x_wconf 90' lang='lat' dir='ltr'><strong>in</strong></span> <span class='ocrx_word' id='word_1_807' title='bbox 3629 5195 3889 5251; x_wconf 77' lang='lat' dir='ltr'><strong>Ecclesiis</strong></span> 
     </span>
    </p>
   </div>
   <div class='ocr_carea' id='block_1_146' title="bbox 2303 5290 3885 5360">
    <p class='ocr_par' dir='ltr' id='par_1_146' title="bbox 2303 5290 3885 5360">
     <span class='ocr_line' id='line_1_146' title="bbox 2303 5290 3885 5360; baseline -0.003 -17"><span class='ocrx_word' id='word_1_808' title='bbox 2303 5306 2461 5358; x_wconf 90' lang='lat' dir='ltr'><strong>quam</strong></span> <span class='ocrx_word' id='word_1_809' title='bbox 2493 5300 2737 5360; x_wconf 89' lang='lat' dir='ltr'><strong>oporteat</strong></span> <span class='ocrx_word' id='word_1_810' title='bbox 2766 5305 2865 5344; x_wconf 89' lang='lat' dir='ltr'><strong>nos</strong></span> <span class='ocrx_word' id='word_1_811' title='bbox 2893 5302 3101 5345; x_wconf 90' lang='lat' dir='ltr'><strong>certare</strong></span> <span class='ocrx_word' id='word_1_812' title='bbox 3122 5332 3137 5357; x_wconf 95' lang='lat'><strong>,</strong></span> <span class='ocrx_word' id='word_1_813' title='bbox 3170 5302 3223 5345; x_wconf 91' lang='lat' dir='ltr'><strong>et</strong></span> <span class='ocrx_word' id='word_1_814' title='bbox 3269 5290 3636 5357; x_wconf 88' lang='lat' dir='ltr'><strong>incorruptam</strong></span> <span class='ocrx_word' id='word_1_815' title='bbox 3664 5302 3885 5340; x_wconf 86' lang='lat' dir='ltr'><strong>servare</strong></span> 
     </span>
    </p>
   </div>
   <div class='ocr_carea' id='block_1_147' title="bbox 2304 5378 3889 5451">
    <p class='ocr_par' dir='ltr' id='par_1_147' title="bbox 2304 5378 3889 5451">
     <span class='ocr_line' id='line_1_147' title="bbox 2304 5378 3889 5451; baseline -0.001 -20"><span class='ocrx_word' id='word_1_816' title='bbox 2304 5382 2555 5433; x_wconf 89' lang='lat' dir='ltr'><strong>animam.</strong></span> <span class='ocrx_word' id='word_1_817' title='bbox 2585 5381 2715 5435; x_wconf 87' lang='lat' dir='ltr'><strong>Nam</strong></span> <span class='ocrx_word' id='word_1_818' title='bbox 2757 5383 2799 5436; x_wconf 93' lang='lat' dir='ltr'><strong>si</strong></span> <span class='ocrx_word' id='word_1_819' title='bbox 2827 5397 2951 5451; x_wconf 85' lang='lat' dir='ltr'><strong>ego,</strong></span> <span class='ocrx_word' id='word_1_820' title='bbox 2984 5381 3167 5436; x_wconf 90' lang='lat' dir='ltr'><strong>dicere</strong></span> <span class='ocrx_word' id='word_1_821' title='bbox 3194 5389 3369 5451; x_wconf 86' lang='lat' dir='ltr'><strong>potest</strong></span> <span class='ocrx_word' id='word_1_822' title='bbox 3393 5378 3613 5447; x_wconf 86' lang='lat' dir='ltr'><strong>.losepb,</strong></span> <span class='ocrx_word' id='word_1_823' title='bbox 3647 5378 3733 5447; x_wconf 90' lang='lat' dir='ltr'><strong>qui</strong></span> <span class='ocrx_word' id='word_1_824' title='bbox 3762 5385 3889 5429; x_wconf 88' lang='lat' dir='ltr'><strong>ante</strong></span> 
     </span>
    </p>
   </div>
   <div class='ocr_carea' id='block_1_148' title="bbox 2304 5468 3886 5538">
    <p class='ocr_par' dir='ltr' id='par_1_148' title="bbox 2304 5468 3886 5538">
     <span class='ocr_line' id='line_1_148' title="bbox 2304 5468 3886 5538; baseline -0.006 -12"><span class='ocrx_word' id='word_1_825' title='bbox 2304 5484 2483 5526; x_wconf 89' lang='lat' dir='ltr'><strong>natum</strong></span> <span class='ocrx_word' id='word_1_826' title='bbox 2515 5474 2783 5528; x_wconf 90' lang='lat' dir='ltr'><strong>Christum</strong></span> <span class='ocrx_word' id='word_1_827' title='bbox 2821 5475 2911 5538; x_wconf 85' lang='lat' dir='ltr'><strong>fui,</strong></span> <span class='ocrx_word' id='word_1_828' title='bbox 2941 5490 3039 5528; x_wconf 85' lang='lat' dir='ltr'><strong>nec</strong></span> <span class='ocrx_word' id='word_1_829' title='bbox 3072 5473 3248 5526; x_wconf 89' lang='lat' dir='ltr'><strong>audivi</strong></span> <span class='ocrx_word' id='word_1_830' title='bbox 3288 5472 3554 5526; x_wconf 83' lang='lat' dir='ltr'><strong>excelsum</strong></span> <span class='ocrx_word' id='word_1_831' title='bbox 3585 5468 3886 5538; x_wconf 73' lang='lat' dir='ltr'><strong>apostolum</strong></span> 
     </span>
    </p>
   </div>
   <div class='ocr_carea' id='block_1_149' title="bbox 2306 5556 3889 5633">
    <p class='ocr_par' dir='ltr' id='par_1_149' title="bbox 2306 5556 3889 5633">
     <span class='ocr_line' id='line_1_149' title="bbox 2306 5556 3889 5633; baseline -0.009 -12"><span class='ocrx_word' id='word_1_832' title='bbox 2306 5566 2522 5621; x_wconf 79' lang='lat' dir='ltr'><strong>l’aulum</strong></span> <span class='ocrx_word' id='word_1_833' title='bbox 2538 5567 2872 5629; x_wconf 87' lang='lat' dir='ltr'><strong>clamantem,</strong></span> <span class='ocrx_word' id='word_1_834' title='bbox 2895 5581 3114 5633; x_wconf 86' lang='lat' dir='ltr'><strong>corpora</strong></span> <span class='ocrx_word' id='word_1_835' title='bbox 3142 5575 3317 5616; x_wconf 84' lang='lat' dir='ltr'><strong>nostra</strong></span> <span class='ocrx_word' id='word_1_836' title='bbox 3340 5563 3577 5615; x_wconf 89' lang='lat' dir='ltr'><strong>membra</strong></span> <span class='ocrx_word' id='word_1_837' title='bbox 3602 5576 3718 5612; x_wconf 83' lang='lat' dir='ltr'><strong>esse</strong></span> <span class='ocrx_word' id='word_1_838' title='bbox 3740 5556 3889 5609; x_wconf 86' lang='lat' dir='ltr'><strong>Chri-</strong></span> 
     </span>
    </p>
   </div>
   <div class='ocr_carea' id='block_1_150' title="bbox 2305 5648 3883 5725">
    <p class='ocr_par' dir='ltr' id='par_1_150' title="bbox 2305 5648 3883 5725">
     <span class='ocr_line' id='line_1_150' title="bbox 2305 5648 3883 5725; baseline -0.008 -14"><span class='ocrx_word' id='word_1_839' title='bbox 2305 5660 2405 5721; x_wconf 82' lang='lat' dir='ltr'><strong>sti,</strong></span> <span class='ocrx_word' id='word_1_840' title='bbox 2439 5658 2611 5725; x_wconf 88' lang='lat' dir='ltr'><strong>putavi</strong></span> <span class='ocrx_word' id='word_1_841' title='bbox 2650 5658 2741 5710; x_wconf 86' lang='lat' dir='ltr'><strong>Dei</strong></span> <span class='ocrx_word' id='word_1_842' title='bbox 2773 5670 2957 5711; x_wconf 88' lang='lat' dir='ltr'><strong>servos</strong></span> <span class='ocrx_word' id='word_1_843' title='bbox 2996 5658 3184 5709; x_wconf 83' lang='lat' dir='ltr'><strong>decere</strong></span> <span class='ocrx_word' id='word_1_844' title='bbox 3230 5665 3283 5706; x_wconf 89' lang='grc' dir='ltr'><strong>ιιι</strong></span> <span class='ocrx_word' id='word_1_845' title='bbox 3316 5655 3577 5721; x_wconf 83' lang='lat' dir='ltr'><strong>imperent</strong></span> <span class='ocrx_word' id='word_1_846' title='bbox 3608 5648 3883 5717; x_wconf 87' lang='lat' dir='ltr'><strong>voluptati,</strong></span> 
     </span>
    </p>
   </div>
   <div class='ocr_carea' id='block_1_151' title="bbox 2307 5741 3887 5815">
    <p class='ocr_par' dir='ltr' id='par_1_151' title="bbox 2307 5741 3887 5815">
     <span class='ocr_line' id='line_1_151' title="bbox 2307 5741 3887 5815; baseline -0.007 -12"><span class='ocrx_word' id='word_1_847' title='bbox 2307 5767 2402 5804; x_wconf 89' lang='lat' dir='ltr'><strong>nec</strong></span> <span class='ocrx_word' id='word_1_848' title='bbox 2422 5749 2791 5802; x_wconf 78' lang='lat' dir='ltr'><strong>inventusstun</strong></span> <span class='ocrx_word' id='word_1_849' title='bbox 2813 5749 3147 5802; x_wconf 76' lang='lat' dir='ltr'><strong>continentia:</strong></span> <span class='ocrx_word' id='word_1_850' title='bbox 3164 5747 3434 5813; x_wconf 81' lang='lat' dir='ltr'><strong>decoctor,</strong></span> <span class='ocrx_word' id='word_1_851' title='bbox 3456 5745 3693 5815; x_wconf 81' lang='lat' dir='ltr'><strong>quamvis</strong></span> <span class='ocrx_word' id='word_1_852' title='bbox 3720 5741 3887 5795; x_wconf 86' lang='lat' dir='ltr'><strong>multa</strong></span> 
     </span>
    </p>
   </div>
   <div class='ocr_carea' id='block_1_152' title="bbox 2306 5833 3888 5921">
    <p class='ocr_par' dir='ltr' id='par_1_152' title="bbox 2306 5833 3888 5921">
     <span class='ocr_line' id='line_1_152' title="bbox 2306 5833 3888 5921; baseline -0.005 -28"><span class='ocrx_word' id='word_1_853' title='bbox 2306 5839 2535 5910; x_wconf 83' lang='lat' dir='ltr'><strong>pericula</strong></span> <span class='ocrx_word' id='word_1_854' title='bbox 2559 5849 2740 5911; x_wconf 84' lang='lat' dir='ltr'><strong>parata</strong></span> <span class='ocrx_word' id='word_1_855' title='bbox 2769 5838 3007 5894; x_wconf 87' lang='lat' dir='ltr'><strong>viderem</strong></span> <span class='ocrx_word' id='word_1_856' title='bbox 3039 5856 3049 5892; x_wconf 93' lang='lat'><strong>:</strong></span> <span class='ocrx_word' id='word_1_857' title='bbox 3082 5846 3335 5921; x_wconf 68' lang='lat' dir='ltr'><strong>quantum</strong></span> <span class='ocrx_word' id='word_1_858' title='bbox 3362 5851 3457 5892; x_wconf 90' lang='lat' dir='ltr'><strong>vos</strong></span> <span class='ocrx_word' id='word_1_859' title='bbox 3487 5833 3733 5892; x_wconf 87' lang='lat' dir='ltr'><strong>convenit</strong></span> <span class='ocrx_word' id='word_1_860' title='bbox 3758 5846 3888 5888; x_wconf 87' lang='lat' dir='ltr'><strong>cum</strong></span> 
     </span>
    </p>
   </div>
  </div>
