4102 6322
596 401 700 458 295

595 511 808 565 oculum
840 510 1057 576 mentis,
1089 517 1144 564 et
1169 507 1443 566 doloribus
1466 510 1755 576 cruciatur,
1786 510 1954 580 magis
1999 511 2172 566 inten-

597 615 680 656 tus
715 602 783 656 sit
825 610 884 656 ut
926 602 1128 671 aperiat
1155 602 1367 655 oculum
1410 601 1475 656 ad
1505 601 1898 670 suscipiendum
1925 602 2172 657 salutaris

597 694 742 748 verbi
788 694 1068 764 collyrium
1092 734 1108 759 ,
1139 709 1245 763 quo
1269 708 1375 747 non
1403 692 1573 747 solum
1606 693 2043 758 consolationem,
2073 695 2168 750 sed

593 787 752 841 etiam
794 787 1089 841 remedium
1138 793 1510 854 consequatur.
1560 785 1774 840 Certum
1821 796 1902 841 est
1947 795 2164 846 autem.

592 879 714 946 quia
740 878 784 931 is
814 879 902 947 qui
932 877 1077 932 dolet
1123 878 1354 943 oculum,
1397 876 1440 930 si
1467 891 1587 930 eum
1616 876 1822 931 medico
1871 877 2167 932 infundenti

590 968 867 1040 collyrium
916 968 1126 1038 aperire
1170 968 1438 1032 noluerit,
1489 968 1764 1038 collyrium
1794 968 2006 1038 quidem
2037 968 2165 1024 foris

592 1072 743 1114 extra
773 1062 1020 1130 pupillam
1051 1061 1306 1126 inliditur,
1347 1061 1532 1115 oculus
1573 1077 1699 1115 vero
1730 1072 1970 1117 remanet
1993 1063 2044 1118 in
2065 1064 2164 1117 do-

593 1154 707 1207 lore
739 1171 754 1207 :
780 1155 856 1206 sic
882 1162 936 1207 et
961 1169 1109 1207 mens
1136 1153 1384 1219 dolentis,
1418 1154 1463 1208 si
1495 1164 1713 1223 propter
1743 1155 1957 1209 nimiam
1988 1157 2163 1211 tristi-

590 1245 716 1296 tiam
742 1244 903 1297 verbo
935 1258 992 1296 se
1017 1243 1286 1308 clauserit,
1325 1260 1428 1297 non
1465 1253 1677 1314 recepta
1708 1246 1905 1300 salubri
1929 1247 2164 1301 admoni-

589 1336 752 1398 tione,
782 1333 992 1402 incipiet
1022 1333 1138 1402 plus
1177 1333 1377 1399 dolere,
1406 1343 1458 1388 et
1479 1334 1693 1388 forsitan
1721 1337 1827 1404 pati
1858 1336 1984 1390 illud
2022 1337 2161 1406 quod

592 1427 647 1481 in
677 1426 947 1495 Scriptura
980 1427 1283 1480 continetur
1311 1416 1343 1492 ,'
1367 1427 1500 1494 Quia
1523 1429 1724 1481 tristitia
1759 1430 1930 1482 mundi
1954 1441 2161 1485 mortem

587 1530 825 1589 operatur
851 1517 939 1589 (2.
972 1517 1089 1573 Cor.
1117 1519 1170 1574 7.
1226 1519 1354 1592 10).
1409 1520 1601 1574 Beatus
1630 1521 1824 1576 Paulus
1868 1524 2158 1591 apostolus,

591 1612 823 1666 fidelium
854 1611 1041 1665 doctor
1066 1652 1081 1677 ,
1125 1610 1364 1665 medicus
1406 1612 1673 1675 salutaris,
1702 1612 1834 1666 duas
1860 1628 1978 1668 esse
2031 1613 2162 1668 dixit

589 1701 832 1755 tristitias
865 1721 879 1755 :
929 1716 1088 1754 unam
1129 1701 1344 1764 bonam,
1401 1701 1695 1754 etalteram
1726 1703 1956 1768 malam;
1998 1718 2158 1757 unam

585 1796 788 1859 utilem,
813 1803 864 1849 et
885 1794 1106 1848 alteram
1136 1793 1405 1858 inutilem;
1441 1810 1599 1848 unam
1628 1811 1746 1864 qua:
1775 1796 1963 1863 salvat,
1993 1806 2046 1851 et
2075 1798 2156 1851 al-

595 1894 763 1942 teram
801 1901 918 1955 quzc
962 1884 1153 1954 perdit.
1184 1885 1248 1938 Et
1276 1899 1342 1938 ne
1378 1883 1592 1938 dubium
1634 1886 1791 1940 alicui
1828 1887 2068 1942 videatur
2104 1888 2155 1943 id

588 1979 728 2048 quod
757 1978 894 2042 dico,
940 1976 1051 2046 ipsa
1087 1977 1202 2044 ejus
1229 1977 1389 2030 verba
1428 1977 1686 2031 recitabo.
1721 1978 1807 2032 Ait
1835 1979 2000 2045 enim,
2029 1981 2155 2046 Quae

581 2070 856 2124 secundum
875 2067 1036 2121 Deum
1053 2078 1123 2122 est
1153 2069 1373 2133 tristitia,
1397 2069 1735 2138 pmnitentiam
1762 2071 1812 2123 in
1830 2071 2040 2125 salutem
2059 2083 2155 2126 sta-

578 2162 724 2215 bilem
751 2171 987 2230 operatur
1040 2159 1226 2231 (lbid.)
1275 2160 1429 2215 :hrec
1474 2169 1557 2216 est
1602 2163 1689 2216 illa
1735 2162 1873 2218 bona
1919 2166 2148 2221 tristitia.

577 2254 824 2322 Sequitur
862 2251 1052 2306 deinde
1081 2269 1094 2305 :
1127 2251 1266 2305 Nam
1319 2254 1491 2307 steculi
1521 2255 1672 2324 hujus
1701 2257 1902 2311 tristitia
1941 2269 2151 2313 mortem

577 2354 813 2410 Operatur
835 2358 853 2396 :
875 2342 986 2395 ha:c
1015 2351 1096 2396 est
1118 2342 1201 2395 illa
1230 2343 1384 2398 mala.

653 2436 707 2488 2.
742 2433 930 2487 Luctus
956 2450 1024 2487 an
1060 2435 1236 2503 prosit,
1261 2451 1430 2488 necne.
1459 2434 1741 2490 Videamus
1765 2451 1912 2506 ergo,
1934 2436 2142 2505 fratres,

579 2529 678 2583 ista
706 2527 911 2582 tristitia
936 2541 1054 2596 quae
1083 2541 1225 2580 nunc
1248 2527 1403 2580 estin
1433 2527 1694 2593 manibus,
1719 2544 1836 2598 quae
1871 2545 2009 2584 nunc
2033 2531 2146 2600 agi-

576 2627 660 2672 tur
685 2617 738 2672 in
767 2627 996 2688 pectore,
1029 2626 1086 2673 et
1129 2617 1337 2672 auditur
1357 2632 1487 2672 voce
1509 2660 1521 2682 ,
1556 2618 1697 2673 utilis
1721 2619 1791 2674 sit
1828 2636 1895 2674 an
1924 2621 2142 2691 inutilis,

573 2710 826 2780 prodesse
852 2710 1023 2764 valeat
1042 2726 1108 2763 an
1133 2724 1348 2763 nocere.
1370 2708 1516 2764 Jacet
1530 2725 1653 2764 erce
1672 2725 1864 2780 corpus
1881 2713 2137 2780 exanime,

571 2804 712 2873 jacet
741 2804 793 2857 in
831 2802 1007 2856 tabula
1044 2800 1205 2855 homo
1254 2801 1369 2856 sine
1411 2800 1626 2855 homine
1655 2842 1669 2865 ,
1705 2803 1939 2857 membra
1967 2805 2145 2874 utique

572 2898 688 2950 sine
729 2896 954 2964 spiritu;
985 2894 1244 2948 clamatur
1268 2934 1282 2959 ,
1330 2909 1430 2948 nec
1460 2895 1780 2963 respondet;
1813 2905 2027 2950 vocatur
2052 2938 2067 2962 ,
2091 2907 2144 2951 et

578 3003 686 3041 non
709 2986 892 3053 audit;
920 2986 1063 3054 jacet
1113 2985 1268 3039 facies
1298 2986 1510 3054 pallida,
1563 2985 1730 3039 forma
1774 2996 1995 3053 mutata,
2049 3004 2144 3058 per

574 3096 731 3149 quam
761 3095 900 3133 mors
928 3080 1040 3150 ipsa
1069 3079 1303 3134 cernitur
1323 3079 1397 3151 (a)
1420 3096 1435 3144 ;
1459 3081 1718 3150 cogitatur
1744 3091 1999 3150 praeterea
2024 3083 2139 3151 ejus

571 3180 888 3241 perpetuum
937 3171 1204 3224 silentium
1233 3211 1246 3234 ,
1279 3171 1541 3240 cogitatur
1567 3173 1866 3239 delectatio,
1899 3183 1991 3228 aut
2023 3192 2141 3244 quas

574 3261 688 3324 fuit,
718 3269 807 3314 aut
838 3276 958 3328 qua:
989 3259 1160 3314 futura
1185 3272 1300 3314 erat
1322 3261 1550 3326 utilitas;
1579 3264 1876 3332 cogitantur
1902 3265 2137 3319 necessi-

573 3364 730 3418 tates,
768 3352 991 3406 veniunt
1044 3353 1096 3406 in
1142 3362 1372 3408 mentem
1419 3354 1579 3409 verba
1609 3355 1911 3410 dulcissima
1937 3398 1952 3421 ,
1984 3358 2138 3427 longa

571 3446 904 3501 consuetudo
944 3445 1249 3514 requiritur.
1312 3445 1436 3500 llaec
1484 3455 1605 3499 sunt
1647 3447 1761 3500 sine
1805 3445 1966 3500 dubio
2021 3465 2138 3517 qua:

567 3547 782 3592 movent
823 3539 1103 3607 lacrymas,
1153 3537 1372 3590 incitant
1401 3536 1688 3604 ululatum,
1721 3547 1775 3591 et
1804 3547 1970 3591 totum
2014 3539 2134 3593 ani-

567 3648 707 3685 mum
739 3631 791 3684 in
807 3629 1132 3700 profundam
1148 3630 1420 3686 tristitiam
1440 3629 1770 3699 demergunt.
1801 3630 1998 3686 Contra
2024 3633 2139 3686 inec

564 3735 671 3779 tam
697 3724 897 3791 valida,
929 3733 1033 3778 tam
1071 3719 1228 3777 fortia
1277 3722 1476 3777 doloris
1501 3737 1647 3777 arma
1690 3723 1817 3777 illud
1849 3724 2018 3794 primo
2062 3723 2136 3796 (b)

567 3817 801 3870 omnium
854 3816 1227 3886 opponendum
1251 3823 1350 3881 est,
1376 3815 1495 3883 quia
1524 3831 1680 3870 omne
1698 3858 1713 3882 ,
1741 3816 1879 3886 quod
1907 3819 2138 3873 nascitur

565 3909 616 3962 in
649 3910 750 3962 hoc
775 3908 990 3975 mundo,
1009 3923 1226 3964 necesse
1241 3917 1323 3962 est
1347 3909 1502 3962 mori.
1529 3908 1654 3963 Haec
1670 3910 1904 3963 estenim
1932 3911 2012 3964 lex
2047 3912 2134 3965 Dei

561 4007 615 4052 et
639 4000 894 4053 sententia
921 4000 1280 4066 immutabilis,
1303 4015 1457 4069 quam
1483 4009 1600 4068 post
1621 3999 1865 4054 delictum
1895 4003 2136 4071 princeps

562 4093 773 4164 generis
828 4095 1040 4149 humani
1085 4093 1325 4162 accepit,
1373 4092 1580 4147 dicente
1612 4093 1719 4148 Deo
1752 4135 1766 4157 ,
1795 4093 1953 4146 Terra
1978 4111 2048 4159 es,
2089 4106 2136 4149 et

561 4187 612 4238 in
651 4195 838 4239 terram
863 4186 954 4239 ibis
980 4185 1134 4257 (Gen.
1181 4184 1235 4239 3.
1269 4184 1392 4254 19).
1432 4184 1563 4251 Quid
1589 4199 1715 4254 ergo
1737 4186 1854 4238 novi
1883 4188 2133 4255 contigit,

560 4276 603 4328 si
633 4278 790 4328 homo
818 4275 881 4329 ad
909 4276 1016 4335 hoc
1043 4284 1194 4330 natus
1223 4275 1412 4329 divina:
1442 4275 1542 4344 legi
1574 4290 1636 4329 ac
1666 4277 1941 4330 sententitc
1975 4278 2132 4331 satis-

562 4365 863 4434 fecit?quid
895 4364 1015 4417 novi
1043 4365 1254 4427 accidit,
1274 4366 1318 4419 si
1338 4381 1400 4420 ex
1426 4366 1731 4420 mortalibus
1762 4377 1913 4420 natus
1934 4376 2134 4423 naturai

566 4458 812 4527 proprize,
839 4459 959 4526 quia
990 4474 1088 4513 nec
1120 4465 1326 4529 'poterat
1347 4474 1599 4513 excusare
1623 4499 1637 4523 ,
1673 4461 1986 4528 respondit?
2017 4459 2130 4514 Non

563 4558 648 4601 est
676 4549 976 4602 inusitatum
1007 4551 1146 4620 quod
1167 4552 1437 4620 antiquum
1467 4561 1578 4615 est,
1611 4565 1714 4604 non
1731 4560 1809 4604 est
1840 4551 2130 4606 inauditum

562 4638 701 4706 quod
737 4639 1106 4707 quotidianum
1129 4653 1233 4707 est,
1269 4656 1372 4694 non
1398 4651 1478 4695 est
1503 4639 1772 4710 proprium
1815 4640 1952 4709 quod
1981 4656 2130 4694 com-

564 4745 724 4784 mune
769 4739 868 4783 est.
922 4729 976 4785 Si
1031 4745 1156 4784 avos
1200 4741 1252 4786 et
1308 4748 1528 4800 proavos
1575 4732 1814 4786 novimus
1855 4749 1947 4800 per
1995 4733 2132 4789 hanc

567 4822 704 4875 viam
728 4821 912 4876 mortis
939 4823 1201 4890 profectos
1231 4864 1246 4888 ,
1282 4824 1326 4878 si
1358 4825 1499 4893 ipsos
1547 4823 1773 4892 denique
1802 4823 2129 4892 patriarchas

557 4923 614 4970 et
665 4915 946 4983 praplietas
970 4915 1037 4968 ab
1063 4915 1230 4969 Adam
1273 4916 1596 4984 protoplasto
1635 4931 1738 4970 non
1782 4915 1896 4970 sine
1938 4932 2129 4973 occasu

560 5006 856 5060 audivimus
885 5006 1137 5074 migrasse
1157 5006 1223 5060 de
1249 5007 1463 5070 Steculo,
1494 5006 1762 5060 elevemus
1787 5008 2019 5062 animum
2057 5009 2126 5065 de

563 5097 826 5169 profundo
855 5098 1080 5152 tristitia:
1108 5115 1120 5152 :
1153 5099 1272 5167 quia
1294 5098 1433 5166 quod
1476 5097 1721 5166 debebat,
1748 5099 1849 5154 hoc
1873 5101 2120 5157 reddidit.

559 5189 626 5242 Et
653 5189 831 5257 utique
855 5187 1088 5242 debitum
1107 5204 1224 5240 cum
1248 5187 1508 5252 redditur,
1533 5203 1688 5256 quam
1713 5197 1886 5258 potest
1927 5190 2121 5248 habere

557 5278 824 5332 tristitiam
850 5276 872 5330 i
918 5275 1034 5330 Hoc
1057 5285 1140 5331 est
1175 5291 1296 5330 vere
1321 5276 1554 5330 debitum
1573 5319 1586 5340 ,
1616 5279 1752 5346 quod
1785 5281 1923 5333 nulla
1951 5291 2126 5350 potest

559 5373 780 5440 pecunia
811 5371 1039 5426 redimi:
1081 5369 1182 5424 hoc
1208 5378 1290 5423 est
1314 5368 1548 5423 debitum
1573 5411 1587 5435 ,
1644 5370 1782 5439 quod
1815 5388 1912 5426 nec
1957 5374 2123 5428 virtus

559 5470 794 5527 excusat,
826 5478 927 5515 nec
953 5463 1228 5532 sapientia,
1247 5475 1345 5516 nec
1372 5471 1623 5529 potestas,
1649 5478 1746 5516 nec
1772 5463 1868 5532 ipsi
1898 5464 2124 5535 denique

553 5569 708 5623 reges
760 5563 1016 5620 poterunt
1056 5553 1346 5610 declinare.
1402 5553 1566 5608 Plane
1617 5554 1860 5611 hortarer
1915 5571 2013 5626 ego
2065 5566 2124 5612 ut

614 5667 665 5726 (a
721 5674 834 5722 Post
873 5677 1102 5730 cemitur,
1119 5670 1309 5732 quidam
1331 5669 1448 5718 Editi
1468 5669 1663 5727 addunt,
1688 5677 1733 5720 et
1755 5671 1995 5741 horretur.

615 5669 688 5788 (bi
716 5713 1060 5788 mili'uuiam.
1082 5741 1206 5788 post,
1232 5730 1409 5780 doloris
1432 5744 1584 5788 arma,
1626 5731 1806 5788 ferunt,
1831 5739 1995 5788 spmta

635 5729 683 5788 )
716 5729 1060 5802 mili'quiam,
1232 5730 1409 5802 doloris
1432 5744 1584 5788 arma,
1626 5731 1806 5792 ferunt,
1831 5731 2122 5795 spiritalibus

553 5789 775 5840 debemus
787 5789 1248 5859 arniaripftsidiis.
1279 5792 1401 5841 Illud
1424 5805 1552 5853 ergo,
1581 5801 1672 5843 etc.

1305 399 1362 454 S.
1401 398 1676 455 JOANNIS
1710 394 2181 454 CHRYSOSTOMI
2219 395 2533 454 ARCHIEP.
2573 401 3101 459 CONSTANTINOP.

3748 415 3860 472 296

2269 522 2495 578 augeres
2518 513 2785 568 tristitiam
2816 555 2831 580 ,
2859 516 2905 568 si
2933 515 3123 572 fuisset
3151 518 3268 573 talis
3298 535 3405 584 res,
3435 537 3554 592 qua:
3576 538 3858 597 cum-pos-

2273 609 2355 654 set
2384 609 2472 656 tua
2498 603 2789 658 substantia
2818 607 3028 673 redimi,
3047 609 3132 663 vel
3157 610 3378 679 differri,
3401 615 3724 686 negligentia
3752 629 3856 674 aut

2273 693 2530 759 parcitate
2550 695 2900 762 provenisset.
2926 697 3057 751 Cum
3076 714 3206 754 vero
3227 701 3321 756 Dei
3341 703 3615 760 decretum
3635 707 3852 764 firmum

2271 781 2342 834 sit
2392 793 2445 836 et
2497 783 2869 852 immutabile,
2928 786 3124 842 frustra
3176 790 3439 858 dolemus,
3487 803 3542 849 et
3585 795 3653 851 de
3693 799 3854 855 nobis

2270 875 2556 943 quaerimus
2582 892 2748 947 quare
2775 879 2844 932 sit
2870 889 3132 947 mortuus,
3162 896 3284 937 cum
3327 885 3582 955 scriptum
3609 888 3697 952 sit,
3730 890 3850 945 Do-

2270 965 2394 1018 mini
2439 965 2533 1020 Dei
2559 978 2676 1021 sunt
2705 969 2866 1023 exitus
2913 973 3089 1026 mortis
3116 972 3288 1042 (Psal.
3312 975 3399 1029 67.
3429 977 3490 1031 2|
3521 978 3560 1047 ).
3593 979 3695 1034 Ista
3715 996 3851 1053 ergo

2269 1059 2567 1112 communis
2597 1059 2717 1114 vita:
2771 1061 3006 1118 conditio
3035 1064 3079 1118 si
3122 1066 3405 1136 recipiatur
3430 1070 3481 1122 in
3529 1072 3727 1138 animo,
3759 1077 3846 1130 in-

2269 1147 2428 1217 cipiet
2467 1159 2712 1218 gravatus
2751 1152 2928 1208 cordis
2957 1155 3162 1228 oculus,
3187 1159 3337 1226 quasi
3380 1160 3547 1228 prima
3581 1163 3848 1222 iufusione

2267 1240 2511 1294 relevari.

2337 1332 2389 1384 3.
2414 1329 2601 1385 Luctus
2641 1334 2825 1389 nimius
2865 1353 2896 1388 a
2932 1338 3129 1390 ratione
3155 1340 3348 1394 alienus
3371 1344 3617 1414 etiamque
3640 1348 3843 1415 pericu-

2266 1421 2422 1476 losus.
2546 1423 2650 1478 Sed
2697 1425 2848 1492 dicis,
2877 1428 2987 1482 scio
3028 1444 3362 1486 communem
3405 1450 3524 1490 esse
3563 1437 3700 1492 hunc
3745 1455 3842 1494 ca-

2267 1526 2413 1577 som;
2445 1515 2557 1567 scio
2581 1515 2702 1584 quia
2730 1517 2793 1582 is,
2825 1518 2912 1586 qui
2940 1529 3181 1576 mortuus
3208 1531 3330 1589 est,
3363 1524 3602 1581 debitum
3642 1529 3838 1596 solvit;

2263 1605 2356 1658 sed
2377 1605 2780 1662 delectationem
2801 1613 2994 1681 cogito,
3024 1616 3365 1671 necessitates
3385 1629 3588 1689 repeto,
3609 1637 3806 1680 consue
3823 1656 3842 1667 -

2263 1695 2495 1749 tudinem
2541 1699 2774 1767 requiro.
2814 1701 2869 1756 Si
2910 1713 3124 1773 propter
3173 1705 3288 1761 haec
3327 1710 3538 1766 tristitia
3582 1713 3835 1782 afficeris,

2261 1800 2444 1841 errore
2481 1789 2691 1844 duceris
2718 1832 2730 1855 ,
2755 1807 2870 1846 non
2900 1795 3106 1851 ratione
3143 1799 3477 1867 gubernaris.
3503 1803 3650 1861 Scire
3692 1809 3837 1864 enim

2259 1874 2444 1942 debes,
2475 1879 2595 1947 quia
2647 1881 2902 1938 Dominus
2929 1925 2943 1949 ,
2977 1887 3066 1955 qui
3112 1887 3251 1944 hanc
3275 1891 3496 1948 dederat
3522 1895 3836 1954 delectatio

2259 1984 2402 2034 nem,
2429 1970 2558 2026 dare
2582 1982 2754 2042 potest
2791 1985 2845 2030 et
2869 1978 3022 2032 aliam
3053 1982 3310 2050 potiorem
3337 2027 3351 2052 ,
3384 1997 3437 2041 et
3458 1991 3547 2058 qui
3573 1992 3666 2046 tibi
3693 1993 3833 2051 hanc

2258 2059 2431 2115 intulit
2459 2066 2850 2134 necessitatem,
2884 2069 3157 2127 sufficiens
3182 2084 3261 2128 est
3288 2090 3383 2143 per
3405 2079 3565 2135 aliam
3594 2087 3834 2142 occasio-

2258 2167 2380 2207 nem
2433 2157 2700 2224 supplere.
2753 2159 3042 2216 Utilitatem
3118 2181 3243 2219 vero
3268 2209 3283 2234 ,
3314 2170 3449 2224 sicut
3477 2181 3619 2227 tuam
3653 2176 3824 2244 vides,

2254 2243 2417 2299 debes
2432 2254 2486 2300 et
2512 2248 2627 2316 ejus
2653 2250 2741 2319 qui
2785 2250 3066 2309 defunctus
3089 2266 3170 2310 est
3211 2260 3446 2329 cogitare
3479 2281 3493 2316 :
3523 2266 3646 2334 quia
3671 2269 3750 2323 sic
3777 2243 3830 2326 ei

2253 2336 2471 2392 forsitan
2514 2342 2844 2411 expediebat,
2877 2346 3015 2400 sicut
3056 2349 3310 2418 scriptum
3341 2362 3458 2407 est:
3489 2356 3685 2428 Raptus
3727 2372 3823 2428 est,

2252 2442 2314 2479 ne
2335 2428 2528 2481 malitia
2553 2441 2764 2485 mutaret
2821 2435 2931 2501 eius
2969 2437 3290 2496 intellectum.
3323 2442 3525 2500 Placita
3563 2451 3692 2503 enim
3717 2464 3827 2507 erat

2251 2515 2358 2571 Deo
2383 2519 2551 2573 anima
2576 2523 2702 2592 ejus,
2729 2525 2938 2595 ideoque
2981 2533 3263 2599 praperavit
3292 2534 3355 2587 de
3379 2539 3542 2592 media
3569 2541 3827 2612 iniquitate

2251 2610 2457 2666 educere
2478 2629 2588 2667 eum
2616 2616 2766 2686 (Sap.
2794 2621 2848 2674 4.
2879 2621 2962 2675 11.
2995 2622 3104 2693 14).
3136 2626 3207 2680 De
3240 2633 3618 2689 consuetudine
3646 2610 3822 2693 autem

2249 2700 2374 2768 quid
2420 2702 2613 2769 dicam,
2657 2723 2814 2776 quam
2854 2709 2978 2764 dum
3012 2720 3260 2785 tempus'
3286 2719 3363 2774 sic
3385 2723 3510 2777 facit
3555 2726 3818 2793 oblivisci,

2252 2799 2308 2843 ut
2367 2807 2650 2863 numquam
2705 2796 2871 2854 fuisse
2917 2802 3198 2859 videatur?
3241 2809 3389 2874 Quod
3439 2827 3566 2883 ergo
3611 2825 3822 2888 tempus

2249 2893 2463 2949 praestat
2506 2895 2558 2940 et
2612 2888 2746 2954 dies,
2783 2893 2950 2948 multo
2997 2897 3164 2966 magis
3208 2900 3366 2956 debet
3408 2907 3542 2960 ratio
3595 2919 3648 2962 et
3679 2911 3819 2967 bona

2253 2984 2504 3041 prmstare
2533 2982 2802 3048 cogitatio.
2838 2983 2906 3037 Et
2933 2985 3019 3041 vel
3050 2987 3178 3043 illud
3208 2993 3436 3048 maxime
3477 2998 3816 3066 cogitandum

2251 3075 2352 3130 est,
2385 3069 2526 3136 quod
2573 3070 2750 3124 divina
2791 3087 2886 3142 per
2913 3076 3223 3145 Apostolum
3254 3087 3515 3140 sententia
3545 3089 3812 3160 diffiuivit,

2249 3156 2380 3221 Quia
2407 3161 2605 3214 tristitia
2642 3165 2816 3217 mundi
2862 3177 3069 3222 mortem
3095 3182 3329 3240 aperatur
3356 3175 3428 3245 (2.
3459 3177 3575 3233 Cor.
3605 3181 3656 3233 '7.
3688 3156 3811 3254 l0).

2246 3249 2397 3315 Quod
2449 3253 2494 3305 si
2542 3261 2646 3307 tam
2690 3254 2987 3324 oblectatio,
3023 3275 3180 3328 quam
3209 3265 3401 3321 utilitas
3427 3285 3675 3338 praesens,
3701 3249 3814 3330 sive

2244 3343 2569 3398 consuetudo
2591 3383 2606 3407 ,
2635 3360 2722 3400 res
2749 3347 2933 3402 mundi
2974 3361 3098 3406 sunt
3125 3362 3178 3407 et
3200 3357 3386 3423 gaudia
3414 3363 3591 3416 saeculi
3622 3367 3813 3420 transi-

2245 3433 2398 3498 toria,
2448 3446 2664 3507 prepler
2716 3439 2830 3495 haec
2879 3444 3114 3499 animum
3166 3449 3420 3518 dejicere,
3470 3463 3523 3508 et
3568 3458 3809 3523 spiritum

2243 3528 2561 3596 contristari,
2593 3531 2713 3588 vide
2739 3549 2806 3589 ne
2845 3536 2916 3591 sit
2945 3554 3068 3594 vere
3119 3544 3385 3599 mortifera
3413 3548 3677 3603 valetudo.
3704 3551 3809 3606 Re-

2244 3629 2431 3687 petens
2457 3631 2632 3676 autem
2667 3625 2857 3681 iterum
2886 3639 3043 3699 atque
3075 3633 3265 3687 iterum
3300 3635 3470 3691 dicam
3501 3657 3516 3693 :
3559 3639 3690 3706 Quia
3717 3644 3809 3695 tri-

2241 3711 2374 3762 stitia
2419 3715 2594 3767 mundi
2628 3727 2836 3772 mortem
2889 3734 3125 3792 operatur
3155 3724 3361 3798 (Ibid.).
3406 3729 3580 3797 Quare
3627 3743 3804 3789 autem

2241 3810 2463 3855 mortem
2517 3810 2802 3874 operatur?
2854 3811 2985 3878 Quia
3040 3815 3178 3869 solet
3229 3817 3390 3872 nimia
3437 3821 3649 3878 tristitia
3714 3837 3806 3880 aut

2239 3891 2304 3944 ad
2328 3892 2712 3952 dubitationem
2734 3939 2750 3966 ,
2777 3908 2869 3955 aut
2890 3902 2958 3956 ad
2983 3905 3329 3972 perniciosam
3354 3910 3642 3980 perducere
3668 3913 3806 3970 blas-

2241 3984 2528 4053 phemiam.

2308 4078 2362 4130 4.
2393 4077 2580 4134 Luctus
2605 4082 2666 4136 iis
2691 4085 2776 4154 qui
2818 4095 2933 4139 ante
2956 4085 3208 4142 Christum
3238 4092 3420 4146 licitas.
3453 4094 3556 4148 Cur
3576 4095 3805 4153 Christus

2237 4165 2426 4234 everit
2453 4167 2722 4224 Lazarum.
2751 4171 2947 4244 Lugere
2967 4187 3187 4233 mortuos
3204 4181 3318 4249 jam
3347 4201 3446 4237 non
3475 4185 3680 4240 licet.
3698 4189 3803 4245 Sed

2237 4255 2378 4311 dicet
2404 4259 2591 4328 aliquis
2617 4278 2629 4313 :
2653 4262 2909 4320 Prohibes
2940 4267 3120 4337 lugere
3149 4282 3417 4342 mortuos,
3456 4290 3574 4330 cum
3613 4288 3666 4332 et
3708 4295 3802 4348 pa-

2236 4349 2479 4405 triarchae
2522 4352 2710 4422 plorati
2755 4365 2897 4422 sunt,
2944 4368 2997 4412 et
3041 4359 3247 4431 Moyses
3295 4365 3382 4419 ille
3422 4366 3644 4423 famulus
3676 4370 3799 4438 Dei,

2235 4448 2290 4494 et
2316 4442 2464 4496 multi
2491 4441 2684 4499 deinde
2710 4447 2998 4517 prophetae,
3016 4455 3309 4520 praesertim
3331 4471 3450 4511 cum
3472 4457 3572 4514 Job
3591 4476 3804 4531 quoque

2231 4533 2554 4600 justissimus
2583 4547 2780 4591 vestem
2825 4555 2972 4595 suam
3019 4559 3176 4612 supra
3221 4547 3444 4603 filiorum
3486 4553 3804 4610 consciderit

2235 4637 2419 4677 necem
2447 4624 2582 4693 (Job.
2617 4627 2666 4679 l.
2701 4627 2832 4698 20)?
2861 4628 2975 4684 Non
3011 4648 3108 4702 ego
3149 4635 3402 4701 prohibeo
3445 4639 3626 4710 lugere
3652 4659 3801 4698 mor-

2236 4721 2353 4772 tuos
2371 4753 2386 4778 ,
2426 4714 2519 4768 sed
2545 4718 2774 4784 gentium
2807 4719 3131 4776 illuminator
3144 4725 3446 4794 Apostolus,
3474 4733 3562 4799 qui
3591 4733 3667 4787 sic
3693 4736 3797 4788 ait:

2233 4799 2372 4856 Nolo
2414 4819 2498 4857 vos
2534 4806 2784 4875 ignorare,
2825 4809 3037 4877 fratres,
3083 4813 3145 4866 de
3180 4815 3566 4886 dormientibus,
3606 4831 3662 4874 ut
3698 4841 3802 4879 non

2233 4895 2587 4949 contristemini
2604 4937 2619 4960 ,
2647 4899 2774 4951 sicut
2801 4900 2886 4968 qui
2921 4892 3059 4970 spem
3098 4920 3195 4957 non
3223 4906 3401 4960 habent
3427 4910 3500 4979 (l.
3537 4909 3708 4966 Thess.
3741 4916 3796 4969 4.

2233 4982 2342 5054 12).
2506 4991 2973 5059 potestEvangelii
3004 4993 3214 5048 claritas
3242 4996 3535 5063 obscurari,
3566 5002 3612 5054 si
3643 5003 3676 5056 ii
3707 5005 3799 5072 qui

2228 5086 2351 5131 ante
2381 5077 2544 5146 legem
2569 5120 2584 5144 ,
2613 5090 2705 5132 aut
2732 5081 2830 5134 sub
2856 5083 2985 5152 legis
3012 5086 3194 5140 umbra
3221 5090 3376 5156 positi
3406 5089 3643 5157 fuerant,
3673 5109 3801 5153 suos

2229 5178 2463 5223 mortuos
2491 5172 2702 5226 flebant.
2733 5173 2798 5226 Et
2826 5176 3015 5228 merito
3049 5176 3244 5231 ebant
3263 5219 3278 5240 ,
3307 5181 3428 5249 quia
3467 5185 3701 5238 nondum
3732 5188 3801 5241 de

2228 5261 2370 5314 caelis
2399 5271 2612 5315 venerat
2633 5261 2895 5328 Christus,
2925 5266 3013 5332 qui
3043 5265 3242 5321 fontem
3272 5269 3413 5322 illum
3447 5271 3800 5342 lacrymarum

2228 5364 2319 5404 sua
2350 5352 2737 5406 resurrectione
2763 5353 2997 5408 siccavit.
3026 5353 3212 5410 Merito
3234 5357 3450 5427 ebant,
3479 5365 3598 5431 quia
3624 5365 3799 5421 adhuc

2342 5525 2494 5576 Aliam
2537 5527 2810 5606 lectionem
2861 5529 3028 5606 hab_et_
3061 5532 3232 5606 Editio
3253 5534 3471 5606 quaedam
3516 5541 3799 5606 Augustini,

2227 5601 2425 5650 nempe,
2449 5589 2691 5650 potiorem,
2716 5598 2759 5638 et
2782 5591 3104 5640 necessitatem
3125 5589 3298 5650 suicit
3339 5595 3436 5644 alia
3456 5589 3700 5650 occasione
3725 5589 3800 5650 "ei

2225 5647 2373 5712 plere.
2405 5647 2788 5712 Ulilitatem,retc.
2810 5652 2899 5699 Sed
2923 5647 3222 5712 prtel'erenda
3241 5658 3432 5707 videtur
3456 5647 3607 5708 altera
3652 5647 3800 5712 lectio

2226 5722 2335 5772 quae
2360 5711 2408 5757 in
2431 5713 2647 5772 margine
2670 5711 2884 5760 affertur.

2343 5799 2480 5840 Forte
2505 5790 2692 5851 mebus,
2714 5806 2854 5855 meum
2872 5792 3110 5847 interdum
3135 5805 3332 5860 tempus.
