4102 6322
393 366 500 424 397

392 485 581 541 mortis
607 484 873 541 sententia
902 486 1270 557 permanebat.
1301 484 1487 541 Merito
1516 484 1974 553 lamentabantur,

391 578 513 649 quia
566 578 801 632 nondum
859 578 1183 633 resurrectio
1224 575 1630 648 pmdicabatur.
1680 576 1979 647 Sperabam

391 668 601 740 quidem
627 669 798 723 sancti
818 668 1018 739 quique
1039 669 1322 723 adventum
1352 668 1580 734 Domini,
1611 667 1710 722 sed
1736 676 1978 723 mortuos

392 755 599 814 interibi
629 759 856 825 ﬂebant,
906 761 1028 831 quia
1071 759 1305 815 nondum
1332 759 1579 815 viderant
1602 774 1759 830 quem
1789 775 1975 830 spera-

392 853 537 907 bant.
572 854 810 924 Denique
836 853 1052 908 Simeon
1083 868 1220 908 unus
1245 852 1313 908 de
1340 853 1609 909 veteribus
1635 853 1854 915 sanctis,
1885 853 1975 923 qui

393 947 541 1016 prius
568 945 743 1001 fuerat
769 946 836 1000 de
861 960 954 1000 sua
982 955 1153 1000 morte
1178 946 1456 1012 sollicitus,
1486 957 1763 1015 postquam
1790 944 1973 1000 Jesum

394 1039 673 1093 Dominum
705 1037 879 1092 adhuc
919 1053 1141 1107 puerum
1170 1038 1461 1092 secundum
1491 1053 1709 1091 carnem
1739 1038 1974 1107 suscepit

394 1130 449 1182 in
474 1130 741 1195 manibus,
771 1129 837 1184 de
864 1144 962 1183 suo
988 1130 1130 1184 exitu
1157 1130 1454 1199 gratulatur
1478 1129 1679 1196 dicens,
1709 1129 1864 1183 Nunc
1888 1129 1972 1182 di-

392 1220 578 1285 mittis,
620 1219 868 1283 Domine,
916 1237 1112 1275 servum
1151 1230 1289 1274 tuum
1327 1222 1382 1274 in
1412 1238 1565 1290 pace,
1598 1223 1717 1291 quia
1743 1222 1973 1275 viderunt

391 1313 526 1367 oculi
556 1314 651 1367 mei
677 1314 899 1367 salutare
926 1324 1069 1367 tuum
1089 1313 1242 1384 (Luc.
1271 1313 1327 1367 2.
1354 1315 1443 1370 29.
1609 1315 1652 1369 Ο
1677 1316 1860 1370 beatus
1881 1315 1971 1369 ille

392 1406 646 1461 Simeon!
679 1406 811 1473 Quia
841 1406 981 1477 quod
1021 1406 1270 1476 sperabat
1312 1406 1548 1470 viderat,
1588 1407 1698 1475 jam
1742 1413 1967 1461 mortem

390 1513 540 1553 suam
568 1513 749 1567 pacem
780 1506 834 1553 et
863 1499 1096 1568 requiem
1118 1498 1476 1568 computabat.
1501 1498 1605 1554 Sed
1631 1499 1775 1555 dices
1796 1517 1810 1555 :
1830 1500 1969 1554 Ecce

390 1590 441 1643 in
473 1590 761 1659 Evangelia
806 1591 1028 1659 legitur,
1074 1590 1473 1662 archisynagogi
1506 1592 1764 1660 ploratam
1805 1592 1966 1645 illiam

391 1679 539 1749 (Luc.
564 1680 617 1735 8.
640 1680 753 1748 52),
781 1689 836 1735 et
860 1696 1071 1737 sorores
1088 1681 1271 1736 Lazari
1288 1682 1544 1736 Lazarum
1563 1681 1771 1738 ﬂevisse
1786 1681 1965 1755 (Joan.

390 1772 477 1826 11.
507 1771 622 1842 51).
656 1772 761 1826 Sed
791 1771 865 1825 illi
894 1772 1070 1827 adhuc
1095 1773 1383 1827 secundum
1413 1783 1648 1829 veterem
1678 1775 1845 1844 legem
1876 1791 1968 1829 Sa-

388 1862 624 1932 piebant,
642 1863 762 1933 quia
786 1863 1009 1919 necdum
1031 1879 1060 1916 a
1085 1864 1305 1919 mortuis
1319 1863 1587 1919 Christum
1606 1865 1968 1920 resurrexisse

391 1961 799 2024 conspexerant.
827 1956 999 2010 Flevit
1027 1956 1182 2025 plane
1205 1964 1261 2012 et
1288 1957 1401 2024 ipse
1430 1956 1681 2011 Dominus
1709 1956 1964 2011 Lazarum

387 2047 496 2116 jam
525 2047 787 2116 sepultura
812 2089 828 2114 ,
862 2061 966 2101 non
998 2047 1177 2116 utique
1203 2057 1260 2101 ut
1287 2045 1449 2101 ﬂendi
1477 2054 1715 2102 mortuos
1741 2046 1965 2101 formam

388 2138 573 2201 daret,
614 2137 706 2192 sed
751 2147 806 2191 ut
837 2148 889 2192 et
914 2153 973 2192 se
1003 2154 1095 2207 per
1123 2138 1383 2208 lacrymas
1408 2152 1531 2193 suas
1559 2154 1743 2195 verum
1774 2155 1966 2208 corpus

389 2230 744 2298 assumpsisse
770 2238 1108 2284 monstraret.
1155 2229 1247 2284 Vel
1288 2241 1434 2285 certe
1472 2230 1615 2285 ﬂevit
1656 2246 1840 2288 amore
1864 2233 1967 2286 hu-

389 2321 583 2375 mano‘
607 2319 841 2384 Judzeos,
873 2321 994 2390 quia
1025 2335 1124 2375 nec
1151 2320 1238 2375 tali
1268 2320 1419 2392 signo
1446 2329 1740 2375 monstrato
1766 2323 1818 2376 in
1844 2338 1966 2377 eum

391 2410 596 2466 fuerant
620 2411 893 2467 credituri.
920 2412 1099 2481 Neque
1120 2412 1261 2468 enim
1289 2428 1431 2467 mors
1452 2412 1635 2467 Lazari
1661 2428 1818 2468 causa
1849 2429 1967 2469 esse

391 2511 597 2572 poterat
634 2505 987 2575 lacrymarum
1009 2546 1025 2572 ,
1065 2521 1222 2576 quem
1255 2506 1368 2576 ipse
1392 2507 1546 2562 Jesus
1572 2517 1625 2562 et
1654 2506 1969 2563 dormivisse

390 2594 615 2657 dixerat,
644 2606 699 2650 et
718 2596 1094 2651 suscitaturum
1124 2612 1183 2651 se
1211 2598 1545 2667 promiserat,
1576 2600 1713 2653 sicut
1738 2609 1791 2653 et
1820 2598 1962 2653 fecit.

460 2686 511 2740 5.
540 2685 850 2741 Habuerunt
877 2703 1004 2759 ergo
1037 2697 1247 2744 veteres
1275 2705 1428 2745 suum
1458 2706 1681 2756 morem,
1713 2706 1967 2761 suamque

390 2776 726 2846 fragilitatem
752 2819 766 2843 ,
818 2779 1015 2834 Christi
1061 2780 1344 2835 adventum
1388 2781 1751 2851 praeedentes
1778 2784 1821 2835 ³.
1848 2782 1966 2837 Jam

389 2883 516 2923 vero
539 2884 607 2923 ex
631 2885 739 2939 quo
770 2870 1001 2926 Verbum
1040 2887 1167 2927 caro
1192 2872 1386 2928 factum
1409 2883 1521 2941 est,
1552 2884 1606 2930 et
1633 2875 1887 2930 habitavit
1912 2878 1966 2931 in

394 2958 568 3023 nobis,
609 2974 675 3012 ex
713 2976 819 3029 quo
862 2962 1037 3031 primo
1078 2964 1208 3016 Adae
1232 2962 1410 3018 datam
1453 2966 1769 3020 sententiam
1796 2966 1965 3021 Adam

394 3051 709 3106 novissimus
731 3053 905 3120 solvit,
933 3069 1000 3108 ex
1020 3069 1128 3124 quo
1153 3066 1389 3109 nostram
1419 3066 1644 3111 mortem
1670 3072 1765 3112 sua
1796 3067 1965 3113 morte

391 3142 670 3209 destruxit,
699 3154 751 3199 et
778 3145 845 3199 ab
871 3146 1052 3201 inferis
1080 3146 1167 3201 die
1194 3148 1347 3202 tertia
1371 3148 1625 3204 Dominus
1653 3152 1961 3219 resurrexit,

390 3232 500 3303 jam
541 3250 645 3289 non
686 3245 768 3291 est
808 3239 1056 3293 terribilis
1097 3253 1243 3294 mors
1281 3239 1525 3296 ﬂdelihus
1559 3258 1705 3297 :non
1751 3244 1963 3298 timetur

392 3341 632 3394 occasus,
658 3328 776 3397 quia
796 3330 983 3386 Oriens
1010 3332 1155 3387 venit
1183 3348 1249 3387 ex
1281 3334 1406 3387 alto.
1428 3333 1634 3388 Clamat
1654 3335 1765 3404 ipse
1788 3335 1963 3389 Domi-

393 3435 496 3472 nus
517 3420 606 3489 qui
647 3423 855 3475 mentiri
883 3424 1050 3478 nescit
1073 3442 1086 3479 :
1108 3423 1222 3496 Ego
1251 3442 1390 3490 sum,
1425 3426 1625 3495 inquit,
1667 3428 1961 3481 resurrectio

391 3520 440 3563 et
467 3512 563 3564 vita
581 3513 697 3582 :qui
728 3515 885 3567 credit
911 3516 962 3569 in
999 3532 1096 3580 me,
1120 3518 1315 3570 etiamsi
1340 3532 1567 3571 mortuus
1592 3520 1762 3589 fuerit,
1794 3520 1917 3572 vivet
1942 3534 1961 3573 :

390 3614 438 3657 et
476 3606 636 3659 omnis
668 3607 756 3675 qui
797 3608 909 3661 vivit
950 3620 996 3663 et
1024 3610 1183 3664 credit
1209 3611 1263 3664 in
1289 3628 1384 3677 me,
1415 3623 1623 3666 mortem
1657 3629 1755 3666 non
1782 3614 1961 3666 videbit

387 3696 443 3750 in
467 3708 706 3751 veternum
736 3699 913 3769 (Joan.
946 3703 1032 3756 11.
1062 3704 1151 3757 25.
1185 3703 1299 3775 26).
1330 3703 1601 3759 Manifesta
1627 3716 1708 3759 est
1728 3746 1742 3765 .
1771 3704 1960 3760 fratres

385 3790 669 3857 carissimi,
701 3807 801 3847 vox
830 3794 1025 3862 divina,
1056 3797 1178 3866 quia
1206 3797 1293 3866 qui
1317 3797 1487 3853 credit
1504 3798 1736 3865 Christo,
1764 3808 1819 3853 et
1844 3802 1959 3867 ejus

386 3882 633 3935 mandata
657 3885 919 3947 custodit,
951 3889 994 3940 si
1028 3898 1268 3942 mortuus
1295 3887 1473 3955 fuerit,
1502 3889 1660 3945 vivet.
1695 3890 1841 3944 llanc
1867 3906 1959 3945 vo-

384 3987 501 4028 cem
531 3975 715 4030 beatus
745 3976 939 4033 Paulus
976 3980 1249 4049 apostolus
1285 3981 1569 4051 accipiens,
1601 3990 1655 4037 et
1684 3984 1806 4037 totis
1835 3983 1955 4037 fidei

382 4065 582 4122 viribus
607 4070 877 4134 retinens,
910 4070 1237 4133 instruebat:
1266 4072 1402 4128 Nolo
1420 4116 1435 4141 ,
1468 4074 1672 4145 inquit,
1701 4092 1786 4129 vos
1808 4077 1955 4147 igno-

382 4175 529 4224 rare,
570 4159 785 4229 fratres,
828 4161 893 4216 de
916 4163 1274 4219 dormientibus
1293 4207 1308 4231 ,
1347 4175 1401 4219 ut
1429 4183 1529 4220 non
1556 4168 1719 4222 tristes
1743 4168 1851 4221 sitis
1878 4168 1952 4237 (l.

382 4248 557 4305 Thess.
587 4252 640 4306 4.
666 4251 777 4323 12).
799 4252 845 4308 0
864 4255 995 4309 mira
1009 4255 1249 4326 Apostoli
1280 4260 1665 4327 pronuntiatio!
1691 4259 1809 4315 Uno
1837 4276 1955 4315 ser-

381 4357 559 4408 mone,
580 4352 863 4414 antequam
885 4346 1175 4402 doctrinam
1202 4348 1490 4419 proferat',
1511 4352 1955 4407 resurrectionem

382 4435 737 4491 commendat.
780 4437 1112 4494 Dormientes
1154 4457 1380 4512 namque
1409 4444 1641 4513 appellat
1667 4446 1814 4511 illos,
1864 4446 1953 4515 qui

384 4530 572 4583 mortui
598 4538 742 4597 sunt,
775 4542 828 4585 ut
858 4532 982 4586 dum
1010 4533 1242 4589 dormire
1268 4550 1363 4590 eos
1385 4536 1532 4603 dicit,
1558 4549 1952 4595 resurrectnros

382 4621 498 4675 sine
525 4620 853 4678 dubitatione
882 4625 1175 4694 consignet.
1224 4625 1374 4692 Non,
1417 4628 1617 4696 inquit,
1652 4630 1814 4682 tristes
1844 4631 1952 4684 sitis

380 4712 444 4763 de
467 4711 843 4780 dormientibus,
871 4715 999 4768 sicut
1024 4725 1069 4768 et
1095 4717 1279 4770 cieteri.
1303 4717 1404 4783 Qui
1431 4733 1580 4787 spem
1606 4734 1708 4773 non
1733 4720 1949 4786 habent,

379 4802 796 4856 contristentur:
819 4819 917 4858 nos
944 4815 1120 4860 autem
1152 4806 1239 4876 qui
1269 4808 1379 4876 spei
1414 4807 1503 4862 filii
1534 4823 1734 4873 sumus,
1768 4810 1949 4863 colla:-

379 4901 568 4945 temur.
591 4892 721 4959 Quae
737 4902 914 4949 autem
932 4897 1086 4951 nobis
1100 4912 1222 4967 spes
1236 4899 1324 4965 sit,
1345 4900 1456 4968 ipse
1471 4912 1852 4955 commemorat
1871 4902 1953 4955 di-

375 4997 522 5037 cens:
539 4984 598 5038 Si
610 4985 879 5052 credimus,
892 4988 1008 5056 quia
1019 4985 1246 5042 Christus
1256 5000 1483 5043 mortuus
1495 5000 1586 5055 est,
1601 5002 1645 5044 et
1656 4993 1952 5045 resurrexit:

372 5078 447 5128 ita
474 5087 520 5130 et
539 5075 680 5132 Deus
698 5095 801 5145 eos,
830 5081 917 5147 qui
939 5081 1263 5147 dormierunt,
1294 5098 1383 5151 per
1400 5080 1575 5136 Jesum
1598 5084 1808 5138 adducet
1835 5102 1950 5139 cum

369 5184 432 5221 eo
448 5168 496 5237 (1
514 5206 526 5219 .
543 5167 722 5223 Thess.
749 5170 802 5224 4.
825 5171 938 5242 15).
958 5170 1111 5226 Iesus
1131 5172 1271 5226 enim
1294 5172 1446 5227 nobis
1469 5181 1522 5227 et
1542 5172 1627 5227 hic
1652 5174 1948 5229 viventibus

367 5260 517 5314 salus
544 5268 646 5329 est,
674 5270 729 5316 et
750 5260 875 5316 hinc
907 5263 1279 5319 recedentibus
1302 5265 1405 5318 vita
1435 5273 1534 5319 est.
1569 5265 1733 5332 Mihi,
1782 5267 1948 5336 inquit

340 5358 383 5408 Α
402 5353 846 5421 postolus,vivere
862 5351 1092 5409 Christus
1114 5363 1204 5421 est,
1234 5364 1281 5408 et
1310 5356 1437 5408 mori
1463 5355 1659 5409 lucrum
1688 5356 1944 5427 (Philipp.

357 5446 408 5496 l.
454 5437 565 5509 21),
602 5442 829 5497 Lucrum
851 5443 1024 5513 plane,
1046 5446 1167 5514 quia
1187 5445 1455 5516 angustias
1474 5453 1528 5501 et
1548 5446 1937 5511 tribulationes,

431 5642 449 5673 ι
484 5646 566 5689 Its.
594 5640 921 5701 Corbeiensis,
945 5654 1076 5691 more
1099 5641 1317 5693 humano.

433 5706 453 5769 ξ
489 5710 568 5769 Ms.
591 5702 922 5769 Corbeiensis.
941 5703 1119 5753 Christi
1142 5707 1342 5754 adventu
1364 5708 1615 5769 pendente.

434 5765 456 5797 ⁸
488 5763 605 5816 mliti
624 5765 840 5829 quidam,
865 5779 957 5815 uno
973 5778 1187 5819 sermone
1210 5774 1259 5817 ut
1277 5763 1526 5833 utramque
1549 5768 1816 5819 doctrtnam
1839 5784 1944 5834 pro-

1546 363 1638 421 DE
1673 359 2191 421 CONSOLATIONE
2227 363 2501 424 MORTIS.

3563 379 3671 437 298

2090 500 2221 555 quas
2264 487 2424 542 habet
2451 488 2659 559 longior
2684 489 2828 559 vita,
2877 506 3023 549 mors
3051 492 3357 554 accelerans
3384 494 3669 557 lucrifacit.

2086 572 2205 628 Jam
2233 592 2359 630 vero
2386 578 2628 633 ordinem
2669 588 2723 634 et
2764 580 3003 637 habitum
3042 587 3155 655 spei
3185 596 3382 644 nostra:
3410 587 3672 645 describit

2079 661 2393 733 Apostolus.
2420 668 2636 736 «Hoc,s
2680 672 2870 741 inquit,
2918 675 3104 731 «vobis
3144 678 3372 736 dicimus
3412 680 3463 734 in
3506 683 3671 735 verbo

2085 755 2317 826 Domini,
2348 761 2469 831 quia
2502 777 2601 817 nos
2626 766 2715 834 qui
2742 766 2988 831 vivimus,
3015 769 3105 839 qui
3136 771 3332 826 residui
3364 787 3550 829 sumus
3570 816 3584 839 ,
3616 776 3668 829 in

2082 848 2315 904 adventu
2357 851 2474 920 ejus
2498 868 2603 908 non
2632 856 3020 925 praeveniemus
3055 874 3148 914 eos
3173 862 3262 931 qui
3290 864 3621 920 dormierunt
3648 881 3663 919 :

2080 940 2202 1010 quia
2230 941 2343 1010 ipse
2368 943 2624 1000 Dominus
2648 948 2700 999 in
2726 946 2873 1014 jussu
2903 956 2957 1003 et
2983 964 3113 1004 voce
3137 953 3440 1024 archangeli
3465 997 3481 1023 ,
3526 965 3582 1010 et
3610 956 3665 1012 in

2081 1033 2203 1087 tuba
2232 1032 2324 1088 Dei
2350 1033 2639 1091 descendet
2658 1037 2725 1092 de
2752 1039 2903 1103 czelo,
2938 1049 2991 1094 et
3033 1044 3225 1098 mortui
3254 1047 3343 1113 qui
3375 1048 3427 1101 in
3451 1047 3667 1103 Christo

2078 1132 2203 1177 sunt
2233 1136 2513 1195 resurgent
2537 1128 2692 1196 primi
2722 1147 2733 1182 :
2764 1128 2957 1185 deinde
2987 1147 3085 1186 nos
3111 1134 3199 1203 qui
3231 1136 3477 1204 vivimus,
3502 1141 3662 1196 simul

2075 1226 2194 1267 cum
2218 1214 2323 1268 illis
2347 1216 2615 1286 rapiemur
2635 1220 2685 1273 in
2713 1220 2938 1276 nubibus
2953 1222 3161 1277 obviam
3189 1223 3404 1282 Christo
3434 1230 3484 1283 in
3509 1245 3657 1300 aera,

2076 1311 2130 1357 et
2156 1302 2230 1357 ita
2259 1319 2471 1376 semper
2494 1322 2613 1362 cum
2637 1308 2861 1365 Domino
2889 1312 3088 1367 erimus
3112 1333 3132 1366 ι
3160 1314 3236 1386 (1.
3260 1315 3437 1372 Thess.
3466 1322 3517 1374 4.
3550 1324 3661 1376 14-

2076 1392 2187 1463 16).
2218 1393 2331 1449 Hoc
2370 1404 2453 1451 est
2478 1398 2617 1466 quod
2644 1398 2803 1465 dicit,
2833 1402 2955 1473 quia
2984 1418 3104 1459 cum
3137 1409 3340 1463 venerit
3371 1410 3621 1467 Dominus
3642 1454 3660 1479 ,

2074 1484 2308 1541 inveniet
2349 1489 2547 1544 multos
2575 1492 2627 1545 in
2659 1506 2883 1562 corpore
2920 1494 3270 1563 Christianos,
3305 1501 3394 1570 qui
3424 1504 3657 1559 nondum

2072 1579 2283 1646 experti
2309 1589 2433 1635 sunt
2455 1590 2681 1637 mortem
2707 1600 2720 1636 :
2744 1596 2797 1639 et
2824 1594 2998 1641 tamen
3022 1603 3126 1643 non
3151 1600 3275 1645 ante
3298 1592 3571 1661 rapientur
3592 1596 3660 1650 ad

2076 1669 2303 1738 caalum,
2349 1688 2507 1743 quam
2546 1677 2740 1730 mortui
2780 1679 2948 1732 sancti
2985 1679 3053 1734 de
3094 1685 3453 1740 monumentis
3479 1699 3659 1741 resur-

2076 1764 2333 1831 rexerint,
2366 1767 2488 1821 tuba
2519 1767 2609 1822 Dei
2652 1777 2705 1822 et
2750 1785 2878 1825 voce
2908 1771 3209 1843 archangeli
3240 1777 3496 1832 suscitati.
3522 1779 3657 1834 Cum

2072 1862 2250 1909 autem
2290 1854 2488 1912 fuerint
2515 1861 2771 1926 suscitati,
2795 1861 2965 1931 juncti
2994 1866 3190 1933 pariter
3212 1882 3332 1922 cum
3360 1870 3659 1927 viventibus

2073 1945 2349 2014 rapientur
2393 1948 2444 2001 in
2476 1949 2704 2005 nubibus
2733 1952 2941 2007 obviam
2970 1954 3186 2011 Christo
3212 1958 3265 2011 in
3297 1974 3420 2014 aera
3443 2002 3457 2025 ,
3490 1970 3544 2016 et
3580 1965 3657 2018 sic

2074 2049 2289 2106 semper
2312 2052 2433 2093 cum
2460 2039 2577 2110 ipso
2616 2044 2929 2112 regnabant.
2957 2045 3066 2100 Nec
3091 2062 3219 2102 sane
3244 2050 3410 2117 possit
3429 2050 3658 2108 dubitari

2071 2129 2211 2197 quod
2254 2132 2457 2199 possint
2495 2147 2717 2201 corpora
2737 2174 2751 2196 ,
2782 2137 3020 2204 quamvis
3054 2138 3159 2191 sint
3186 2140 3361 2207 gravia
3386 2180 3401 2205 ,
3450 2140 3501 2195 in
3532 2157 3656 2196 aera

2070 2219 2339 2275 sublevari
2366 2240 2379 2276 :
2403 2237 2524 2277 cum
2549 2224 2769 2293 jubente
2803 2226 3027 2281 Domino
3054 2226 3242 2283 Petrus
3267 2231 3435 2300 ipsum
3462 2247 3657 2303 corpus

2072 2309 2271 2366 habens
2311 2329 2472 2383 super
2516 2318 2684 2372 undas
2723 2320 3074 2377 ambulaverit
3118 2326 3278 2381 maris
3309 2326 3521 2399 (Matth.
3563 2330 3652 2383 14.

2071 2399 2190 2472 29),
2215 2402 2359 2457 Elias
2384 2420 2596 2477 quoque
2622 2409 2685 2462 ad
2716 2409 2873 2478 hujus
2898 2413 3009 2480 spei
3038 2414 3498 2471 confirmationem
3516 2459 3531 2484 ,
3560 2433 3658 2487 per

2073 2489 2214 2546 hunc
2240 2508 2363 2548 aera
2390 2511 2549 2550 curru
2580 2496 2827 2556 ﬂammeo
2847 2502 2913 2556 sit
2936 2513 3117 2573 raptus
3134 2506 3199 2560 ad
3216 2508 3401 2562 caelum
3420 2508 3497 2579 (4.
3520 2510 3649 2583 Reg.

2068 2581 2123 2635 ε.
2156 2584 2270 2654 11).

2142 2674 2196 2729 6.
2247 2677 2435 2743 Quales
2471 2682 2636 2752 futuri
2669 2685 2826 2737 simus
2865 2696 2976 2755 post
3016 2691 3653 2751 resurrectionem—Sed

2070 2769 2268 2836 quieris
2295 2769 2434 2825 forte
2460 2789 2472 2823 :
2496 2772 2692 2838 Quales
2720 2785 2875 2830 erunt
2914 2780 2999 2848 qui
3028 2794 3057 2832 a
3088 2784 3309 2838 mortuis
3347 2800 3654 2841 resurrexe-

2068 2858 2212 2913 rint?
2258 2862 2394 2915 Audi
2441 2864 2611 2931 ipsum
2661 2867 2924 2922 dicentem
2970 2870 3249 2927 Dominum
3283 2884 3427 2931 tuum
3455 2875 3650 2943 :Tunc,

2067 2949 2256 3019 inquit,
2300 2953 2425 3021 iusti
2466 2955 2760 3025 fulgebunt,
2805 2961 2935 3014 sicut
2974 2962 3051 3016 sol
3091 2963 3145 3016 in
3184 2981 3336 3036 regno
3366 2965 3536 3022 Patris
3571 2971 3653 3023 sui

2067 3039 2281 3111 (Matth.
2306 3044 2392 3097 15.
2416 3044 2528 3116 45).
2548 3046 2684 3113 Quid
2706 3049 3043 3118 splendorem
3058 3069 3469 3113 commemorem
3490 3062 3652 3115 solis?

2064 3133 2198 3189 Cum
2228 3135 2411 3192 fideles
2440 3140 2802 3212 transfigurari
2828 3160 3048 3201 necesse
3073 3156 3153 3202 est
3178 3149 3244 3203 ad
3272 3150 3437 3219 ipsius
3456 3151 3651 3209 Christi

2067 3228 2281 3284 Domini
2326 3232 2659 3300 claritatem,
2712 3245 2770 3290 ut
2822 3245 3048 3293 testatur
3096 3242 3368 3309 apostolus
3414 3244 3647 3300 Paulus:

2069 3320 2315 3389 «Nostra,
2345 3342 2365 3376 ι
2400 3325 2588 3395 inquit,
2623 3345 2643 3379 ι
2665 3331 3000 3385 conversatio
3026 3332 3076 3385 in
3108 3333 3255 3386 caelis
3279 3344 3359 3387 est
3385 3352 3396 3385 :
3424 3336 3564 3391 unde
3592 3347 3649 3392 et

2062 3411 2234 3480 ipsum
2255 3411 2580 3470 Salvatorem
2602 3428 2975 3486 exspectamus
2999 3420 3276 3476 Dominum
3299 3422 3478 3478 Jesum
3496 3421 3650 3479 Chri-

2062 3511 2221 3579 stum,
2251 3505 2340 3575 qui
2368 3505 2767 3561 transformabit
2794 3523 2987 3579 corpus
3014 3511 3328 3567 humilitatis
3354 3524 3549 3569 nostra:
3574 3518 3640 3571 ad

2060 3578 2535 3651 conformationem
2560 3599 2797 3668 corporis
2818 3578 3003 3668 gloriae
3028 3617 3135 3655 sum
3164 3622 3181 3654 ι
3209 3602 3530 3676 (ΡΙιὶιίρρ.5.
3551 3607 3643 3663 20.

2059 3683 2670 3756 2|):transligurabitur
2709 3689 2823 3743 sine
2863 3689 3024 3744 dubio
3075 3707 3200 3747 caro
3244 3695 3339 3748 ista
3401 3700 3642 3750 mortalis

2059 3776 2125 3830 ad
2153 3778 2627 3834 conformationem
2650 3780 2845 3835 Christi
2869 3782 3140 3847 claritatis,
3167 3784 3348 3840 induet
3374 3788 3389 3818 ¹
3424 3790 3645 3845 mortale

2061 3869 2510 3926 immortalitatem
2531 3890 2543 3927 :
2563 3874 2684 3944 quia
2719 3874 2871 3940 Quod
2894 3877 3195 3932 seminatum
3220 3879 3386 3950 fuerat
3415 3883 3466 3935 in
3496 3884 3642 3951 inﬁr-

2059 3963 2249 4027 mitate,
2280 3964 2516 4033 protinus
2541 3976 2708 4037 surget
2734 3968 2787 4020 in
2813 3968 2991 4021 virtute
3016 3966 3092 4043 (l.
3120 3969 3237 4024 Cor.
3261 3972 3347 4026 15.
3377 3972 3490 4043 45).
3524 3973 3639 4030 Non

2060 4052 2267 4109 timebit
2294 4069 2420 4109 caro
2447 4056 2674 4126 amplius
2712 4058 3102 4129 corruptionem
3126 4103 3139 4127 ,
3171 4077 3274 4116 non
3306 4064 3531 4131 patietur
3559 4065 3639 4121 fa-

2060 4159 2220 4207 mem,
2250 4158 2354 4199 non
2376 4146 2517 4200 sitim
2538 4188 2553 4214 ,
2587 4163 2691 4202 non
2722 4149 3061 4218 aegritudines
3084 4194 3099 4217 ,
3132 4168 3236 4206 non
3264 4168 3419 4209 casus
3447 4157 3642 4213 adver-

2059 4253 2168 4292 sos.
2198 4238 2307 4292 Pax
2331 4240 2472 4293 enim
2502 4247 2609 4294 tuta
2634 4282 2647 4303 ,
2680 4250 2733 4295 et
2764 4241 2913 4296 firma
2954 4244 3210 4298 securitas
3242 4245 3363 4300 vitm
3387 4258 3487 4302 est.
3522 4250 3637 4307 Alia

2058 4328 2237 4398 utique
2262 4329 2487 4385 caelestis
2516 4339 2597 4386 est
2622 4332 2787 4403 gloria
2811 4373 2830 4399 ,
2858 4331 2946 4387 ubi
2987 4343 3041 4388 et
3068 4335 3315 4405 gaudium
3345 4337 3460 4393 sine
3487 4339 3637 4397 defc-

2057 4421 2234 4476 ctione
2264 4422 2619 4492 praestabitur.

2130 4514 2180 4567 7.
2217 4514 2357 4569 Mors
2386 4517 2546 4587 magis
2569 4517 2812 4587 optanda,
2845 4534 2995 4588 quam
3021 4518 3259 4591 lugenda,
3290 4523 3378 4576 sed
3411 4541 3510 4578 non
3543 4526 3638 4580 sibi

2055 4603 2567 4674 inferenda—Hice
2612 4607 2663 4660 in
2712 4622 2873 4661 sensu
2917 4616 2969 4661 et
3010 4609 3177 4663 oculis
3216 4626 3407 4681 gerens
3449 4614 3635 4669 beatus

2057 4697 2249 4751 Paulus
2277 4697 2519 4764 diccbat,
2558 4717 2576 4750 ι
2602 4698 2858 4769 Optabam
2904 4699 3143 4768 dissolvi,
3177 4712 3231 4756 et
3270 4718 3389 4759 cum
3421 4705 3635 4763 Christo

2054 4802 2172 4842 esse
2201 4789 2368 4842 multo
2390 4790 2554 4858 magis
2579 4790 2765 4843 melius
2784 4792 2803 4821 ³
2829 4810 2847 4841 ›
2875 4788 3131 4863 (Philipp.
3162 4794 3326 4864 1.23)
3346 4837 3356 4847 .
3376 4794 3443 4849 Et
3462 4796 3633 4851 adhuc

2054 4886 2235 4945 aperte
2261 4877 2490 4943 docens,
2531 4898 2551 4930 ι
2576 4879 2708 4932 Dum
2739 4894 2941 4945 sumus,
2966 4898 2985 4931 ι
3021 4883 3208 4952 inquit,
3241 4903 3258 4935 ι
3282 4886 3332 4938 in
3364 4900 3591 4953 corpore
3614 4930 3629 4950 ,

2054 4968 2451 5037 peregrinantur
2471 4983 2498 5022 a
2524 4969 2747 5024 Domino
2772 4988 2785 5023 :
2811 4986 2904 5039 per
2927 4971 3082 5026 fidem
3109 4974 3249 5026 enim
3277 4973 3629 5039 ambulamus,

2054 5066 2107 5111 et
2135 5072 2236 5111 non
2270 5074 2361 5126 per
2380 5059 2629 5129 speciem.
2669 5058 2936 5114 Habemus
2957 5070 3131 5116 autem
3157 5064 3341 5131 magis,
3369 5081 3387 5114 ι
3429 5063 3627 5130 inquit,

2058 5169 2078 5204 ι
2097 5152 2286 5207 bonam
2299 5153 2619 5207 voluntatem
2636 5154 2958 5223 peregrinari
2974 5170 3002 5207 a
3015 5170 3256 5224 corpore,
3272 5166 3324 5207 et
3336 5164 3629 5221 prmsentes

2052 5260 2171 5300 esse
2194 5245 2256 5299 ad
2278 5246 2560 5300 Dominum
2583 5266 2601 5297 ι
2642 5247 2715 5316 (2.
2751 5246 2864 5300 Cor.
2892 5247 2945 5301 5.
2965 5245 3105 5315 6-8).
3130 5246 3263 5311 Quid
3294 5245 3499 5313 agimus
3530 5260 3625 5299 nos

2054 5353 2228 5408 parva:
2259 5338 2378 5393 fidei
2420 5339 2683 5403 homines,
2729 5340 2819 5409 qui
2849 5338 3127 5392 anxiamur
3151 5346 3206 5391 ει
3243 5337 3514 5391 deficimus
3534 5377 3550 5401 ,
3582 5339 3625 5390 si

2052 5428 2243 5499 aliquis
2281 5429 2349 5484 de
2387 5431 2525 5484 caris
2560 5430 2759 5485 nostris
2804 5430 2996 5500 migret
3036 5429 3100 5482 ad
3135 5427 3453 5481 Dominum?
3486 5428 3624 5494 Quid

2115 5647 2561 5717 ἓθῖδεηίπάέιετέινε
2660 5709 2670 5717 .
2755 5707 2869 5717 _...
3137 5705 3179 5717 ..
3409 5704 3438 5717 .-
3564 5707 3575 5717 .

2114 5712 2134 5741 ²
2168 5711 2241 5759 sic
2282 5704 2357 5757 its.
2392 5709 2716 5759 Corbeiensis.
2755 5707 2871 5756 Editi
2917 5719 3036 5753 vero
3068 5705 3293 5765 quidam,
3319 5704 3468 5755 multo
3498 5707 3629 5757 enim

2049 5769 2235 5841 melius.
2262 5770 2388 5820 Infra
2412 5778 2490 5821 Ms.
2526 5769 2689 5829 Corb.,
2729 5775 2985 5833 prasentes
3021 5781 3121 5817 esse
3165 5773 3208 5815 et
3240 5766 3498 5819 adventare
3532 5778 3619 5820 Do-

2051 5846 2197 5886 muto.
