4102 6322
473 357 580 412 299

472 472 678 541 agimus
697 511 714 539 ,
755 482 895 541 quos
918 466 1274 539 peregrinatio
1302 468 1355 521 in
1384 465 1486 521 hoc
1517 464 1718 521 mundo
1761 462 1929 533 magis
1952 461 2048 516 de—

474 566 668 630 lectat,
711 577 869 633 quam
919 559 1292 629 repraesentari
1336 558 1401 612 ad
1439 558 1635 615 Christi
1675 555 2058 624 conspectum?

477 654 634 719 Vere,
666 668 796 709 vere
826 650 1182 721 peregrinatio
1206 659 1289 704 est
1310 664 1469 704 omne
1488 648 1627 718 quod
1650 648 1876 702 vivimus
1900 665 1913 700 :
1938 661 2059 700 nam

477 746 614 800 sicut
657 744 919 814 peregrini
955 744 1005 795 in
1033 742 1267 808 saeculo,
1307 741 1464 796 sedes
1510 741 1765 794 habemus
1790 737 2056 802 incertas,

476 837 812 900 laboramus,
858 834 1183 890 desudamus
1205 874 1217 898 ,
1264 833 1375 886 vias
1410 832 1743 886 ambulantes
1776 828 2018 886 difﬁciles
2041 872 2057 897 ,

480 931 731 1001 periculis
760 930 982 1000 plenas:
1010 927 1240 997 undique
1285 925 1488 980 insidiae
1515 968 1529 991 ,
1578 939 1608 977 a
1654 923 1998 993 spiritalibus,
2030 938 2060 977 a

474 1020 843 1091 corporalibus
866 1018 1148 1082 inimicis‘,
1174 1016 1408 1085 undique
1430 1030 1671 1071 errorum
1692 1014 1922 1069 calliculi
1940 1022 2064 1069 sunt

476 1112 781 1184 praeparati.
828 1112 895 1166 Et
933 1126 1055 1167 cum
1101 1110 1262 1164 tantis
1291 1108 1543 1179 periculis
1582 1123 1903 1179 urgeamur,
1956 1124 2063 1163 non

477 1205 651 1261 solum
678 1204 779 1274 ipsi
819 1217 925 1257 non
953 1203 1197 1273 cupimus
1220 1202 1473 1266 liberari,
1505 1201 1597 1255 sed
1626 1201 1782 1255 etiam
1815 1202 2064 1255 liberatos

479 1308 747 1367 tamquam
776 1295 1013 1364 perditos
1043 1295 1284 1363 lugemus
1312 1302 1364 1347 et
1397 1291 1715 1362 plangimus.
1743 1279 1886 1356 Quid
1908 1290 2064 1347 nobis

480 1389 729 1460 praestitit
753 1388 893 1443 Deus
917 1403 1010 1456 per
1036 1402 1187 1441 suum
1217 1384 1581 1454 Unigenitum,
1609 1385 1653 1439 si
1680 1383 1855 1439 adhuc
1880 1385 2066 1438 mortis

478 1482 732 1534 timemus
765 1478 980 1532 casum?
1010 1476 1145 1545 Quid
1176 1492 1274 1530 nos
1300 1484 1516 1529 renatos
1540 1490 1602 1528 ex
1631 1482 1766 1544 aqua
1792 1483 1842 1529 et
1868 1474 2066 1543 Spiritu

482 1575 787 1643 gloriamur,
808 1584 943 1640 quos
964 1569 1314 1639 peregrinatio
1332 1568 1402 1622 de
1418 1567 1521 1621 hoc
1543 1565 1739 1621 mundo
1755 1566 2066 1621 contristat?

484 1667 600 1736 Ipse
633 1665 887 1718 Dominus
912 1663 1126 1726 clamat,
1162 1660 1222 1714 Si
1248 1660 1358 1726 quis
1384 1658 1507 1711 mihi
1535 1658 1804 1719 ministrat,
1832 1666 2069 1726 sequatur

483 1772 597 1810 me:
620 1765 666 1809 et
692 1754 776 1807 ubi
800 1770 888 1825 ego
916 1769 1050 1820 sum,
1075 1752 1143 1805 ibi
1166 1752 1259 1805 erit
1279 1760 1324 1803 et
1352 1750 1578 1804 minister
1602 1764 1742 1802 meus
1767 1747 1947 1819 (Joan.
1976 1746 2068 1802 η.

483 1849 599 1919 Ἡ).
651 1848 811 1901 Putas
859 1848 902 1900 si
948 1862 1043 1901 rex
1077 1845 1344 1899 terrestris
1385 1842 1451 1898 ad
1498 1854 1650 1897 suum
1693 1842 1945 1912 palatium
1986 1840 2069 1895 vel

479 1940 787 1995 convivium
814 1939 1044 2008 aliquem
1072 1946 1246 2002 vocet,
1273 1950 1377 1989 non
1398 1946 1523 1990 cum
1549 1935 1836 2005 gratiarum
1861 1935 2070 1989 actione

482 2032 830 2105 properabit?
860 2030 1068 2098 Quanto
1108 2030 1276 2099 magis
1321 2028 1386 2082 ad
1434 2028 1701 2082 cmlcslem
1748 2025 2068 2081 currendum

486 2134 568 2178 est
593 2139 796 2193 regem,
827 2124 915 2191 qui
946 2136 1080 2192 quos
1109 2125 1391 2188 receperit,
1433 2135 1538 2173 non
1584 2118 1753 2172 solum
1783 2118 2069 2182 convivas,

487 2217 580 2271 sed
606 2218 765 2271 etiam
793 2213 1243 2284 conregnatores'
1264 2210 1477 2269 efficiet.
1512 2211 1647 2264 sicut
1670 2210 1923 2277 scriptum
1954 2218 2069 2263 est:

489 2306 551 2363 Si
580 2307 878 2361 commortui
912 2321 1108 2364 sumus,
1150 2314 1194 2356 et
1226 2304 1573 2364 convivemus;
1602 2302 1647 2355 si
1675 2303 1993 2365 sustinemus,
2026 2309 2074 2354 et

489 2401 902 2471 conregnabimus
945 2397 1019 2467 ('2.
1064 2394 1198 2450 Tim.
1247 2396 1282 2449 Ξ
1355 2396 1440 2449 Η.
1496 2395 1606 2465 12).
1658 2394 1765 2449 Nec
1820 2394 1923 2448 hoc
1974 2404 2075 2464 ego

492 2495 638 2560 dico,
682 2502 737 2547 ut
765 2494 882 2562 quis
917 2501 1107 2545 manus
1142 2489 1239 2543 sibi
1287 2489 1507 2551 inferat,
1558 2498 1646 2540 aut
1690 2502 1750 2542 se
1794 2486 2074 2542 interﬁciat

493 2596 676 2641 contra
707 2585 1031 2638 voluntatem
1081 2581 1172 2635 Dei
1201 2581 1458 2635 creatoris
1478 2621 1493 2641 ,
1534 2590 1623 2633 ant
1668 2580 1895 2632 animam
1925 2588 1984 2633 ut
2009 2579 2076 2634 de

487 2678 732 2748 corporis
758 2678 837 2733 sui
864 2675 1095 2745 expellat
1125 2673 1387 2745 hospitio:
1420 2671 1511 2727 sed
1541 2672 1644 2727 hoc
1668 2672 1808 2737 dico,
1836 2680 1897 2726 nt
1923 2671 2077 2725 laetus

490 2782 546 2827 et
568 2770 825 2842 gaudens,
846 2783 968 2824 cum
994 2776 1085 2822 aut
1108 2768 1222 2836 ipse
1247 2774 1467 2819 vocatur
1485 2772 1539 2819 et
1560 2764 1856 2833 proximus,
1883 2771 1937 2816 et
1964 2762 2078 2832 ipse

491 2865 667 2927 vadat.
692 2872 746 2918 et
763 2862 1013 2917 euntibus
1029 2859 1343 2931 gratuletur.
1363 2857 1486 2912 llmc
1504 2858 1644 2911 enim
1666 2855 2079 2911 estChristiantc

492 2957 612 3012 ﬁdei
640 2969 845 3009 summa
864 2995 878 3019 ,
924 2952 1085 3007 vitam
1113 2965 1290 3004 veram
1322 2953 1635 3017 exspectare
1663 2957 1784 3016 post
1809 2955 2033 3000 mortem
2060 2986 2076 3011 ,

495 3049 725 3104 reditum
772 3061 989 3114 sperare
1035 3052 1154 3113 post
1202 3043 1421 3097 exitum.
1473 3043 1704 3110 Accepta
1750 3041 1906 3110 igitur
1949 3055 2081 3095 voce

498 3139 767 3212 Apostoli,
790 3149 923 3192 cum
955 3132 1152 3192 ﬁducia
1190 3136 1298 3205 jam
1327 3134 1568 3189 dicamus
1595 3135 1790 3203 gratias
1816 3134 1958 3197 Deo,
1990 3132 2081 3202 qui

495 3231 653 3286 nobis
681 3239 866 3285 contra
907 3239 1131 3283 mortem
1176 3228 1447 3282 victoriam
1476 3226 1654 3294 dedit,
1693 3242 1789 3297 per
1812 3226 2081 3282 Christum

497 3325 780 3380 Dominum
810 3332 1070 3388 nostrum,
1104 3322 1188 3378 cui
1216 3330 1298 3377 est
1326 3322 1491 3392 gloria
1515 3329 1571 3377 et
1599 3329 1835 3391 potestas
1861 3336 2002 3376 nunc
2027 3329 2085 3377 et

498 3418 552 3473 in
582 3417 773 3471 saecula
800 3414 1142 3471 saeculorum.
1169 3414 1360 3468 Amen.

1138 3521 1365 3580 SERMO
1391 3515 1461 3579 ll.

576 3645 627 3698 l.
656 3642 974 3696 Resurrectio
1014 3638 1149 3693 unde
1187 3636 1325 3709 apud
1360 3634 1591 3708 inﬁdeles
1613 3638 1785 3691 dubia.
1813 3668 1885 3678 —
1914 3631 2089 3706 Supe-

502 3735 631 3792 riori
657 3733 869 3804 quidem
899 3731 1079 3786 libello
1111 3730 1520 3799 perstrinximus
1541 3731 1774 3786 breviter
1795 3731 1862 3786 de
1889 3746 2088 3786 conso-

502 3828 704 3882 latione
743 3824 1085 3880 mortalitatis
1109 3822 1165 3889 ⁸,
1215 3822 1284 3878 de
1322 3838 1418 3893 spe
1464 3824 1872 3880 resurrectionis
1904 3842 1916 3878 :
1947 3839 2091 3880 nunc

503 3917 714 3988 plenius
750 3926 805 3971 et
828 3915 1056 3970 validius
1086 3913 1155 3969 de
1180 3912 1380 3968 eisdem
1411 3914 1590 3969 dicere
1616 3930 1986 3984 properamus.
2028 3915 2087 3971 Si

504 4008 716 4079 quidem
768 4006 919 4073 haec,
962 4021 1082 4077 quae
1119 4005 1366 4076 loquutus
1403 4020 1542 4073 sum,
1586 4006 1828 4063 ﬁdelibus
1874 4007 2089 4078 quidem

505 4113 647 4157 certe
690 4111 846 4164 sunt,
880 4100 1177 4155 infidelibus
1205 4110 1379 4154 autem
1410 4115 1473 4154 ac
1496 4100 1669 4155 dubiis
1690 4102 1935 4157 videntur
1969 4118 2090 4160 esse

508 4192 769 4257 fabulosa,
814 4191 879 4246 ad
911 4207 1043 4261 quos
1075 4206 1240 4259 pauca
1268 4191 1501 4246 strictius
1533 4192 1883 4260 proferamus.
1927 4194 2089 4250 Certe

509 4283 829 4354 quicumque
856 4284 983 4339 estis
1013 4283 1267 4338 increduli
1293 4326 1308 4351 ,
1358 4299 1574 4339 omnem
1614 4284 1997 4343 dubitationem
2023 4287 2091 4343 de

509 4374 803 4429 substantia
825 4375 1062 4444 corporis
1088 4376 1377 4429 sustinetis.
1404 4374 1727 4430 Discreditur
1751 4377 1892 4431 enim
1921 4394 1949 4431 a
1971 4379 2093 4447 qui-

512 4464 755 4531 busdam,
772 4480 987 4520 carnem
1011 4480 1319 4520 conversam
1336 4464 1387 4519 in
1406 4466 1699 4534 pulverem,
1726 4468 1919 4522 iterum
1937 4482 2094 4536 posse

511 4574 824 4629 resurgere,
875 4561 1063 4613 iterum
1109 4560 1447 4613 reviviscere.
1496 4558 1761 4613 Cmterum
1807 4560 1874 4614 de
1918 4561 2092 4615 anima

512 4653 717 4707 nullum
748 4669 902 4721 posse
918 4653 1187 4707 hominum
1215 4653 1489 4707 dubitare:
1513 4654 1556 4708 si
1582 4654 1795 4724 quidem
1815 4655 1883 4710 de
1901 4657 2093 4712 animae

515 4745 911 4798 immortalitate
943 4759 1041 4799 nec
1070 4744 1366 4813 philosophi
1404 4744 1541 4813 ipsi,
1585 4759 1708 4799 cum
1746 4747 1852 4800 sint
1877 4749 2090 4818 pagani,

515 4836 858 4891 dissentiunt.
912 4834 1039 4888 Nam
1067 4835 1191 4904 quid
1221 4844 1303 4889 est
1330 4850 1509 4900 mors,
1557 4838 1658 4891 nisi
1685 4840 1947 4907 separatio
1973 4854 2095 4896 cor-

518 4927 663 4998 poris
691 4925 1028 4996 animchuc?
1059 4926 1359 4982 Reccdente
1387 4928 1529 4982 enim
1560 4930 1767 4997 anima,
1799 4946 1920 4999 quae
1948 4946 2093 4986 sem-

519 5036 615 5090 per
644 5020 811 5082 vivit,
855 5034 972 5088 qu:c
1003 5018 1136 5071 mori
1177 5018 1384 5085 nescit,
1428 5021 1549 5089 quia
1580 5020 1647 5074 de
1676 5020 1801 5074 flatu
1830 5022 1922 5076 Dei
1946 5032 2028 5077 est
2049 5023 2091 5087 ‘,

518 5112 690 5167 solum
714 5125 908 5181 corpus
934 5110 1190 5164 emoritur
1215 5127 1231 5163 :
1255 5110 1377 5178 quia
1403 5110 1544 5165 aliud
1587 5113 1638 5165 in
1670 5111 1822 5167 nobis
1851 5115 2095 5181 mortale,

521 5203 663 5259 aliud
690 5202 990 5258 immortale
1015 5208 1114 5255 est.
1140 5198 1246 5255 Sed
1268 5200 1523 5255 recedens
1547 5202 1743 5268 anima,
1765 5220 1885 5274 qua:
1906 5221 2097 5261 carna.

521 5295 662 5350 libus
700 5294 870 5348 oculis
899 5309 1004 5347 non
1048 5290 1296 5357 videtur,
1337 5291 1406 5345 ab
1446 5293 1649 5361 angelis
1691 5297 1999 5364 suscipitur,
2045 5308 2098 5353 et

584 5434 717 5499 ius.
742 5430 905 5485 Corb..
929 5443 961 5479 a
982 5426 1278 5491 spiritalibus
1292 5425 1527 5499 inimicis,
1572 5433 1778 5499 tantum,
1825 5441 1877 5483 et
1898 5435 2095 5497 ibidem,

521 5492 730 5555 turdique
751 5505 967 5542 errorum
991 5490 1132 5540 casus
1154 5490 1319 5540 surculi
1341 5490 1622 5553 praeparati.

587 5557 607 5585 ³
641 5561 741 5603 Ms..
760 5560 1145 5603 conretmaturos.

588 5566 607 5585 -
641 5566 741 5612 us.,
760 5566 1145 5614 conregnaturos.

588 5615 609 5645 ³
641 5615 758 5662 Editi
795 5625 994 5663 veteres
1031 5613 1298 5675 Augustini,
1340 5612 1401 5662 de
1438 5612 1750 5675 consolatione
1786 5624 2097 5671 mortuorum.

524 5674 668 5724 norb.
693 5676 874 5733 Codex,
900 5676 960 5725 de
983 5674 1294 5726 consolatione
1314 5674 1637 5724 mortalitatis.

590 5746 611 5766 ο
643 5737 759 5785 ιωιί
785 5745 998 5807 veteres,
1019 5738 1080 5807 (te
1100 5735 1219 5807 ﬂatu
1244 5736 1333 5804 lgei
1352 5741 1422 5785 est
1455 5736 1707 5807 irwpirata,
1734 5744 1786 5790 et
1809 5741 1948 5804 paulo
1970 5751 2093 5807 post,

529 5807 636 5857 qlia:
658 5797 926 5849 carnalibus
946 5797 1108 5849 oculis
1119 5797 1273 5849 videri
1289 5811 1381 5848 non
1410 5805 1573 5862 potest.

1172 352 1236 410 'S.
1278 346 1555 410 JOANNIS
1591 346 2070 408 CIIRYSOSTOMI
2106 342 2422 407 ARCHIEP.
2462 342 2998 409 CONSTANTINOP.

3648 344 3756 414 300

2170 462 2459 518 collocatur
2500 474 2592 518 aut
2633 467 2684 519 in
2713 466 2835 519 sinu
2871 464 3135 532 Abrahae,
3176 465 3221 521 si
3248 464 3419 523 ﬁdelis
3439 474 3553 530 est;
3580 476 3675 523 aut
3699 468 3758 523 in

2165 558 2395 611 carceris
2424 556 2616 612 inferni
2653 558 2894 612 custodia
2916 599 2932 625 ,
2964 559 3009 613 si
3039 559 3307 627 peccatrix
3334 567 3455 613 est:
3486 559 3611 614 dum
3642 568 3758 614 sta-

2167 656 2312 703 tutus
2335 650 2514 704 veniat
2537 648 2653 705 dies
2672 692 2687 716 ,
2719 667 2826 719 quo
2852 665 3005 705 suum
3037 650 3259 719 recipiat
3287 666 3506 722 corpus,
3536 659 3591 707 et
3613 652 3759 721 apud

2170 739 2397 794 tribunal
2437 738 2635 795 Christi
2674 741 2867 810 judicis
2904 742 3015 796 veri
3056 738 3244 797 reddat
3287 756 3503 796 suorum
3532 748 3760 813 operum

2166 831 2451 888 rationem.
2500 833 2639 901 Ergo
2685 834 2806 902 quia
2846 833 2915 886 de
2954 845 3118 887 carne
3163 841 3272 886 tota
3298 833 3571 887 cunctatio
3600 844 3681 888 est
3713 836 3758 899 ι,

2168 922 2324 993 hujus
2349 933 2431 978 est
2459 925 2739 980 inﬁrmitas
2780 924 3145 993 defendenda,
3178 935 3233 981 et
3267 926 3590 983 resurrectio
3624 943 3762 982 cono

2168 1013 2442 1083 signanda.

2238 1105 2295 1159 2.
2325 1106 2518 1159 Μονιαὶ
2548 1106 2797 1176 quomodo
2832 1117 3112 1178 resurgant.
3157 1108 3410 1163 Probatur
3434 1108 3597 1164 Deum
3625 1126 3764 1163 mor-

2171 1208 2283 1251 tuos
2320 1214 2467 1268 posse
2495 1200 2759 1251 suscitare.
2800 1228 2869 1239 -—
2911 1198 3063 1265 Quod
3103 1199 3149 1254 si
3193 1201 3311 1269 quis
3355 1202 3590 1271 requirat
3615 1216 3647 1257 a
3672 1216 3763 1255 me

2170 1290 2359 1345 dubius
2384 1300 2439 1345 et
2464 1291 2766 1345 incredulus
2790 1332 2804 1354 ,
2839 1292 3100 1359 Quomodo
3136 1295 3320 1347 mortui
3346 1305 3626 1364 resurgant,
3659 1311 3761 1364 quo

2171 1393 2336 1434 autem
2377 1398 2587 1451 corpore
2628 1382 2860 1437 venient?
2907 1383 3243 1452 respondebo
3282 1386 3328 1438 ei
3357 1401 3450 1439 ore
3480 1400 3542 1439 ac
3580 1386 3763 1440 Verbis

2175 1466 2439 1546 Apostoli,
2479 1474 2759 1547 Insipicns,
2790 1484 2842 1527 tu
2878 1475 3010 1545 quod
3048 1477 3287 1541 seminus,
3330 1494 3429 1532 non
3456 1479 3758 1548 viviﬁcatur,

2173 1565 2273 1618 nisi
2307 1568 2446 1634 prius
2489 1565 2735 1619 moriatur
2761 1582 2778 1617 :
2804 1575 2850 1619 et
2886 1568 3020 1634 quod
3042 1569 3291 1635 seminus,
3333 1569 3521 1623 nudum
3542 1573 3764 1624 seminus

2172 1674 2385 1727 granum
2412 1658 2562 1711 tritici
2594 1668 2681 1711 aut
2711 1660 2917 1713 alterius
2950 1659 3167 1729 alicujus
3189 1662 3392 1715 seminis
3422 1661 3496 1733 (l.
3520 1661 3636 1717 Cor.
3670 1664 3761 1717 15.

2174 1749 2365 1818 35-57)
2390 1790 2406 1814 ,
2439 1757 2703 1804 mortuum
2746 1760 2799 1803 et
2832 1749 3041 1804 aridum
3079 1752 3193 1806 sine
3236 1753 3495 1819 humore;
3548 1762 3601 1808 et
3638 1770 3763 1809 cum

2171 1839 2524 1910 putrefactum
2567 1840 2745 1907 fuerit,
2776 1840 3051 1896 fecundius
3077 1844 3280 1913 surgit,
3318 1846 3479 1915 fitque
3513 1850 3765 1901 vestitum

2176 1930 2456 1995 folliculis,
2501 1932 2680 1985 aristis
2721 1942 3003 1987 armatum.
3054 1933 3155 2001 Qui
3198 1946 3326 2004 ergo
3353 1951 3573 2005 granum
3602 1938 3763 1992 tritici

2177 2023 2396 2077 suscitat
2451 2032 2667 2093 propter
2715 2033 2805 2090 te,
2859 2025 3029 2095 ipsum
3074 2035 3127 2083 te
3183 2042 3288 2081 non
3341 2029 3537 2097 poterit
3590 2031 3765 2084 susci-

2177 2126 2290 2171 tare
2321 2128 2540 2187 pr0pter
2581 2132 2641 2172 se
2685 2116 2803 2187 (a)?
2850 2119 2940 2188 qui
2994 2119 3162 2173 solem
3209 2122 3444 2190 quotidie
3493 2123 3643 2192 quasi
3694 2123 3766 2177 de

2177 2208 2422 2276 sepulcro
2461 2209 2634 2263 noctis
2664 2212 2917 2276 suscitat,
2956 2219 3011 2266 et
3050 2210 3228 2266 lunam
3268 2214 3418 2282 quasi
3447 2214 3512 2268 de
3544 2216 3767 2273 interitu

2177 2308 2425 2368 reparat,
2459 2310 2513 2355 et
2543 2309 2780 2371 tempora
2806 2302 3109 2357 recedentia
3148 2315 3364 2358 revocat
3388 2306 3455 2359 ad
3484 2306 3762 2361 utilitatem

2180 2391 2383 2446 scilicet
2408 2402 2643 2446 nostram
2678 2411 2691 2447 :
2732 2393 2874 2462 ipsos
2914 2409 3013 2449 nos
3032 2434 3047 2457 ,
3076 2403 3293 2467 propter
3311 2411 3446 2464 quos
3474 2398 3648 2451 omnia
3679 2414 3767 2453 re-

2179 2490 2365 2554 parat,
2408 2498 2514 2537 non
2555 2485 2828 2554 requiret,
2859 2495 2914 2541 et
2953 2487 3120 2542 semel
3167 2489 3393 2557 patietur
3428 2490 3686 2556 exstingui
3718 2491 3764 2554 ’,

2178 2592 2314 2647 quos
2340 2592 2436 2631 suo
2463 2576 2590 2631 ﬂatu
2619 2578 2895 2645 accendit,
2942 2595 3075 2649 quos
3114 2594 3214 2636 suo
3253 2581 3441 2652 Spiritu
3473 2582 3765 2635 animavit?

2182 2678 2235 2723 et
2264 2669 2315 2722 in
2345 2677 2658 2739 perpetuum
2684 2668 2793 2738 jam
2821 2684 2923 2724 non
2960 2671 3059 2726 erit
3090 2671 3271 2734 homo,
3303 2673 3393 2742 qui
3427 2673 3570 2727 illum
3601 2676 3685 2743 pie
3711 2684 3767 2727 ct

2183 2761 2396 2830 agnovit
2420 2769 2475 2814 et
2514 2760 2720 2814 coluit?
2762 2760 2866 2816 Sed
2915 2761 3105 2815 iterum
3149 2762 3380 2827 dubitas,
3424 2763 3563 2832 quod
3594 2766 3766 2832 possis

2184 2851 2420 2923 reparari
2450 2860 2571 2921 post
2608 2861 2870 2918 mortem,
2918 2854 3126 2907 restitui
3157 2863 3275 2922 post
3300 2854 3531 2908 cinerem
3561 2864 3615 2908 et
3642 2870 3767 2908 ossa

2185 2943 2540 3013 consumpta?
2566 2944 2610 2998 Ο
2638 2943 2819 3008 homo,
2847 2942 2933 2999 dic
2954 2944 3103 3007 mihi,
3135 2943 3261 3012 quid
3294 2944 3432 2999 fuisti
3458 2955 3581 2999 ante
3605 2959 3765 3015 quam

2186 3035 2241 3089 in
2271 3034 2454 3089 matris
2478 3041 2632 3088 utero
2647 3034 3041 3103 concipereris?
3066 3033 3207 3088 Nihil
3236 3034 3434 3104 utique.
3458 3035 3594 3090 Deus
3613 3051 3762 3106 ergo,

2186 3128 2276 3196 qui
2297 3136 2349 3182 te
2367 3126 2568 3181 creavit
2589 3141 2655 3181 ex
2685 3125 2870 3193 nihilo,
2889 3140 3067 3180 nonne
3084 3126 3288 3183 facilius
3316 3129 3771 3198 poteritreparare

2188 3219 2255 3275 de
2283 3219 2503 3288 aliquo?
2541 3219 2669 3274 Mihi
2694 3219 2852 3274 crede
2874 3261 2887 3284 ,
2919 3218 3125 3275 facilius
3155 3221 3349 3290 poterit
3374 3222 3593 3275 reﬁcere
3630 3222 3769 3290 quod

2189 3322 2315 3368 ante
2334 3313 2441 3382 jam
2469 3312 2599 3379 fuit,
2644 3314 2732 3383 qui
2763 3314 2937 3383 potuit
2962 3313 2982 3343 ³
3011 3328 3194 3369 creare
3214 3314 3354 3384 quod
3381 3330 3487 3369 non
3513 3315 3625 3369 fuit.
3670 3316 3771 3383 Qui

2192 3412 2245 3459 te
2278 3419 2343 3458 ex
2380 3412 2526 3473 gutta
2564 3402 2805 3458 informis
2835 3404 3053 3471 liquoris
3094 3404 3147 3459 in
3191 3414 3292 3459 tuae
3320 3406 3506 3461 matris
3536 3415 3688 3461 utero
3717 3407 3769 3461 in

2192 3510 2405 3562 nervos,
2434 3508 2595 3549 venas
2621 3498 2675 3550 et
2699 3511 2820 3550 ossa
2850 3496 3008 3566 jussit
3028 3511 3359 3563 excrescere,
3404 3499 3616 3565 poterit,
3645 3499 3772 3552 mihi

2191 3586 2372 3652 crede,
2403 3586 2469 3642 de
2493 3596 2644 3641 utero
2672 3598 2830 3642 terra:
2855 3588 3045 3642 iterum
3072 3603 3353 3659 generare.
3392 3587 3499 3644 Sed
3528 3589 3683 3644 times
3707 3606 3775 3644 ne

2194 3677 2332 3735 forte
2360 3693 2479 3733 ossa
2519 3688 2605 3733 tua
2649 3679 2800 3733 arida
2829 3680 3007 3734 vestiri
3049 3679 3268 3749 pristina
3311 3694 3475 3736 carne
3512 3698 3618 3736 non
3649 3692 3775 3752 pos.

2196 3771 2341 3826 sint?
2387 3758 2539 3837 Noli,
2574 3771 2713 3837 noli,
2749 3771 3037 3825 secundum
3078 3780 3219 3825 luant
3248 3774 3644 3843 impotentiam,
3682 3775 3775 3829 Dei

2197 3862 2464 3917 aestimare
2500 3862 2853 3932 majestatem.
2902 3863 3042 3918 Deus
3071 3864 3161 3918 ille
3191 3879 3369 3919 rerum
3396 3867 3633 3921 omnium
3655 3880 3777 3935 pro~

2197 3962 2427 4019 creator,
2480 3954 2567 4023 qui
2616 3956 2773 4008 vestit
2815 3955 3037 4010 arbores
3063 3955 3232 4023 foliis,
3278 3966 3332 4012 et
3359 3966 3503 4028 prata
3534 3956 3776 4021 floribus,

2198 4047 2396 4117 poterit
2422 4054 2477 4100 et
2516 4053 2605 4100 tua
2650 4060 2769 4100 ossa
2815 4046 2956 4101 illico
2994 4047 3136 4104 veris
3178 4047 3465 4120 tempore"
3492 4048 3543 4102 in
3591 4063 3776 4102 resur-

2200 4136 2437 4191 rcctione
2468 4137 2685 4190 vestire.
2740 4136 3083 4191 Dubitaverat
3112 4138 3397 4208 aliquando
3423 4137 3490 4192 de
3524 4138 3622 4192 hoc
3663 4138 3778 4207 ipse

2200 4227 2460 4296 propheta
2492 4225 2739 4295 Ezechiel
2764 4268 2778 4293 ,
2808 4237 2863 4282 et
2890 4229 3245 4298 interrogatus
3275 4246 3303 4283 a
3330 4230 3572 4291 Domino.
3602 4238 3778 4284 utrum

2203 4319 2445 4372 viverent
2464 4332 2586 4371 ossa
2612 4318 2758 4372 arida
2778 4360 2793 4384 ,
2822 4334 2941 4388 quae
2960 4319 3275 4375 videbantur
3301 4336 3482 4390 sparsa
3514 4336 3610 4387 per
3630 4336 3779 4376 cam-

2204 4421 2348 4477 pum,
2378 4408 2653 4477 respondit
2673 4449 2688 4473 ,
2722 4407 2797 4461 Tu
2823 4410 2939 4477 scis,
2968 4408 3185 4465 Domine
3216 4409 3422 4479 (Ezech.
3449 4412 3537 4465 57.
3566 4410 3639 4484 5).
3674 4413 3779 4467 Sed

2203 4509 2481 4569 postquam
2514 4500 2621 4553 Deo
2656 4499 2878 4569 jubente
2900 4540 2914 4565 ,
2947 4509 2999 4553 et
3025 4501 3202 4568 seipso
3230 4501 3582 4570 prophetante
3606 4544 3621 4568 ,
3653 4502 3783 4557 vidit

2203 4606 2323 4644 ossa
2364 4589 2430 4644 ad
2458 4604 2551 4644 sua
2583 4590 2699 4644 loca
2732 4599 2787 4644 et
2822 4590 3100 4660 juncturas
3147 4591 3414 4645 currentia
3438 4634 3453 4659 ,
3504 4603 3780 4661 postquam

2203 4680 2335 4735 vidit
2362 4695 2481 4735 ossa
2504 4681 2649 4734 arida
2678 4684 2853 4735 nervis
2877 4681 3046 4750 ligari,
3080 4683 3227 4737 venis
3261 4683 3443 4750 intexi,
3467 4699 3627 4738 carne
3652 4698 3782 4738 con-

2205 4773 2337 4844 tegi,
2385 4782 2505 4827 cute
2543 4773 2755 4839 vestiri,
2804 4782 2988 4843 postea
3032 4774 3367 4843 prephetavit
3396 4775 3448 4829 in
3477 4777 3662 4845 spiritu
3683 4817 3699 4842 ,
3731 4785 3783 4830 ct

2203 4863 2424 4917 veniens
2465 4862 2684 4932 spiritus
2724 4864 3135 4933 uniuscujusque
3186 4864 3421 4919 introivit
3468 4867 3519 4920 in
3558 4881 3782 4935 corpora

2206 4954 2292 5008 illa
2315 4954 2542 5023 jacentia
2563 4995 2578 5020 ,
2619 4964 2673 5008 et
2707 4964 3140 5020 resurrexerunt,
3182 4963 3236 5010 et
3275 4973 3397 5011 mox
3427 4967 3689 5013 steterunt
3718 4958 3739 4988 ³
3770 4976 3781 5011 :

2205 5046 2284 5100 sic
2310 5045 2651 5100 conﬁrmatus
2681 5045 2751 5100 de
2794 5047 3185 5100 resurrectione
3230 5046 3485 5116 propheta
3512 5089 3527 5115 ,
3575 5049 3784 5118 scripsit

2207 5138 2465 5192 visionem
2487 5177 2504 5205 ,
2535 5145 2593 5191 ut
2619 5136 2686 5192 ad
2714 5146 2958 5208 posteros
2991 5144 3154 5192 tantae
3178 5139 3255 5194 rei
3284 5139 3515 5208 cognitio
3544 5141 3785 5208 perveni-

2272 5290 2288 5320 ι
2324 5288 2450 5398 ﬁdit:i
2478 5295 2709 5347 veteres,
2748 5292 2842 5338 tota
2876 5286 3191 5339 contradictio
3229 5295 3331 5349 est,
3372 5301 3483 5351 quae
3514 5287 3662 5340 lectio
3692 5304 3785 5341 non

2272 5364 2420 5400 ernen
2455 5363 2500 5400 a.

2207 5364 2500 5412 spernenda.

2272 5416 2291 5476 ξ
2324 5412 2496 5472 tidem,
2519 5417 2563 5459 et
2583 5409 2765 5476 cineres
2785 5411 2988 5471 patietur
3005 5411 3262 5476 exstingui.

2273 5474 2294 5536 Ξ
2327 5481 2404 5522 Ms.
2426 5473 2637 5536 secunda
2659 5486 2827 5536 manu,
2844 5486 2986 5535 quam
3006 5473 3170 5536 potuit.

2271 5535 2294 5566 ἰ
2327 5540 2454 5593 Mss,
2470 5534 2555 5583 illo
2575 5541 2704 5583 certo
2726 5535 2843 5583 veri.

2271 5596 2293 5627 ⁸
2327 5602 2454 5654 Haec,
2478 5602 2524 5645 et
2546 5608 2658 5645 mox
2680 5600 2924 5655 steterunt,
2947 5595 3125 5646 desunt
3157 5599 3208 5645 in
3232 5604 3337 5646 Mss.

2273 5679 2345 5744 (ᾳ)
2378 5687 2510 5744 Haec,
2530 5679 2688 5744 ipsum
2710 5685 2755 5728 te
2770 5692 2863 5729 non
2883 5679 3057 5744 poterit
3076 5680 3305 5744 suscitare
3322 5686 3517 5744 propter
3540 5693 3609 5740 se,
3633 5694 3681 5729 in
3706 5691 3780 5728 ve-

2211 5741 2399 5791 teribus
2436 5741 2590 5804 Editi’s
2617 5741 2891 5804 habentur,
2915 5749 2966 5790 et
3000 5742 3061 5804 ad
3096 5741 3364 5803 marginem
3399 5741 3584 5804 rejects
3605 5749 3717 5793 sunt
3737 5753 3783 5790 ut

2216 5812 2458 5866 postrema
2479 5802 2711 5851 editione.
2736 5802 2824 5851 Sed
2838 5811 2954 5866 puto
2973 5803 3032 5853 ad
3055 5802 3235 5855 seriem
3262 5802 3513 5867 quadrare.
