  <div class='ocr_page' id='page_1' title='image "/cluster/home/n/w/nwhite01/storage/ocr_20150623/56/mdp.39015028574351/300.png"; bbox 0 0 4102 6322; ppageno 0'>
   <div class='ocr_carea' id='block_1_1' title="bbox 378 341 474 398">
    <p class='ocr_par' dir='ltr' id='par_1_1' title="bbox 378 341 474 398">
     <span class='ocr_line' id='line_1_1' title="bbox 378 341 474 398; baseline -0.021 0"><span class='ocrx_word' id='word_1_1' title='bbox 378 341 474 398; x_wconf 71' lang='grc' dir='ltr'><strong>ὅθί</strong></span> 
     </span>
    </p>
   </div>
   <div class='ocr_carea' id='block_1_2' title="bbox 377 446 1944 520">
    <p class='ocr_par' dir='ltr' id='par_1_2' title="bbox 377 446 1944 520">
     <span class='ocr_line' id='line_1_2' title="bbox 377 446 1944 520; baseline -0.006 -11"><span class='ocrx_word' id='word_1_2' title='bbox 377 465 477 509; x_wconf 89' lang='lat' dir='ltr'><strong>ret.</strong></span> <span class='ocrx_word' id='word_1_3' title='bbox 519 452 704 508; x_wconf 83' lang='lat' dir='ltr'><strong>Merito</strong></span> <span class='ocrx_word' id='word_1_4' title='bbox 734 465 858 520; x_wconf 85' lang='lat' dir='ltr'><strong>ergo</strong></span> <span class='ocrx_word' id='word_1_5' title='bbox 884 453 1077 506; x_wconf 91' lang='lat' dir='ltr'><strong>clamat</strong></span> <span class='ocrx_word' id='word_1_6' title='bbox 1109 447 1269 505; x_wconf 78' lang='lat' dir='ltr'><strong>Isaias</strong></span> <span class='ocrx_word' id='word_1_7' title='bbox 1298 467 1312 505; x_wconf 86' lang='lat'>:</span> <span class='ocrx_word' id='word_1_8' title='bbox 1343 446 1629 519; x_wconf 73' lang='lat' dir='ltr'><strong>Exsurgent</strong></span> <span class='ocrx_word' id='word_1_9' title='bbox 1653 455 1864 513; x_wconf 86' lang='lat' dir='ltr'><strong>mortui,</strong></span> <span class='ocrx_word' id='word_1_10' title='bbox 1897 456 1944 500; x_wconf 84' lang='lat' dir='ltr'><strong>et</strong></span> 
     </span>
    </p>
   </div>
   <div class='ocr_carea' id='block_1_3' title="bbox 377 537 1948 614">
    <p class='ocr_par' dir='ltr' id='par_1_3' title="bbox 377 537 1948 614">
     <span class='ocr_line' id='line_1_3' title="bbox 377 537 1948 614; baseline -0.005 -16"><span class='ocrx_word' id='word_1_11' title='bbox 377 552 632 614; x_wconf 83' lang='lat' dir='ltr'><strong>resurgent</strong></span> <span class='ocrx_word' id='word_1_12' title='bbox 672 543 756 613; x_wconf 84' lang='lat' dir='ltr'><strong>qui</strong></span> <span class='ocrx_word' id='word_1_13' title='bbox 793 553 907 595; x_wconf 86' lang='lat' dir='ltr'><strong>sunt</strong></span> <span class='ocrx_word' id='word_1_14' title='bbox 944 543 996 595; x_wconf 90' lang='lat' dir='ltr'><strong>in</strong></span> <span class='ocrx_word' id='word_1_15' title='bbox 1035 541 1395 604; x_wconf 79' lang='lat' dir='ltr'><strong>monumentis,</strong></span> <span class='ocrx_word' id='word_1_16' title='bbox 1440 550 1484 592; x_wconf 90' lang='lat' dir='ltr'><strong>et</strong></span> <span class='ocrx_word' id='word_1_17' title='bbox 1525 540 1825 592; x_wconf 80' lang='lat' dir='ltr'><strong>lwtabuntur</strong></span> <span class='ocrx_word' id='word_1_18' title='bbox 1861 537 1948 606; x_wconf 88' lang='lat' dir='ltr'><strong>qui</strong></span> 
     </span>
    </p>
   </div>
   <div class='ocr_carea' id='block_1_4' title="bbox 377 630 1946 700">
    <p class='ocr_par' dir='ltr' id='par_1_4' title="bbox 377 630 1946 700">
     <span class='ocr_line' id='line_1_4' title="bbox 377 630 1946 700; baseline -0.004 -12"><span class='ocrx_word' id='word_1_19' title='bbox 377 645 486 688; x_wconf 87' lang='lat' dir='ltr'><strong>sunt</strong></span> <span class='ocrx_word' id='word_1_20' title='bbox 510 637 562 688; x_wconf 91' lang='lat' dir='ltr'><strong>in</strong></span> <span class='ocrx_word' id='word_1_21' title='bbox 594 644 744 687; x_wconf 83' lang='lat' dir='ltr'><strong>terra.</strong></span> <span class='ocrx_word' id='word_1_22' title='bbox 793 634 897 688; x_wconf 85' lang='lat' dir='ltr'><strong>Ros</strong></span> <span class='ocrx_word' id='word_1_23' title='bbox 925 635 1076 698; x_wconf 89' lang='lat' dir='ltr'><strong>enim,</strong></span> <span class='ocrx_word' id='word_1_24' title='bbox 1111 633 1196 700; x_wconf 80' lang='lat' dir='ltr'><strong>qui</strong></span> <span class='ocrx_word' id='word_1_25' title='bbox 1221 632 1306 684; x_wconf 87' lang='lat' dir='ltr'><strong>abs</strong></span> <span class='ocrx_word' id='word_1_26' title='bbox 1329 641 1374 685; x_wconf 87' lang='lat' dir='ltr'><strong>te</strong></span> <span class='ocrx_word' id='word_1_27' title='bbox 1399 641 1499 696; x_wconf 85' lang='lat' dir='ltr'><strong>est,</strong></span> <span class='ocrx_word' id='word_1_28' title='bbox 1539 632 1724 684; x_wconf 77' lang='lat' dir='ltr'><strong>sanitas</strong></span> <span class='ocrx_word' id='word_1_29' title='bbox 1756 639 1826 682; x_wconf 91' lang='lat' dir='ltr'><strong>est</strong></span> <span class='ocrx_word' id='word_1_30' title='bbox 1845 630 1946 682; x_wconf 79' lang='lat' dir='ltr'><strong>illis</strong></span> 
     </span>
    </p>
   </div>
   <div class='ocr_carea' id='block_1_5' title="bbox 376 719 1947 796">
    <p class='ocr_par' dir='ltr' id='par_1_5' title="bbox 376 719 1947 796">
     <span class='ocr_line' id='line_1_5' title="bbox 376 719 1947 796; baseline -0.003 -18"><span class='ocrx_word' id='word_1_31' title='bbox 376 725 527 796; x_wconf 80' lang='lat' dir='ltr'><strong>(lsai.</strong></span> <span class='ocrx_word' id='word_1_32' title='bbox 545 725 636 779; x_wconf 74' lang='lat'><strong>‘26.</strong></span> <span class='ocrx_word' id='word_1_33' title='bbox 663 724 774 794; x_wconf 83' lang='lat' dir='ltr'><strong>l9).</strong></span> <span class='ocrx_word' id='word_1_34' title='bbox 794 723 931 778; x_wconf 84' lang='lat' dir='ltr'><strong>Vere</strong></span> <span class='ocrx_word' id='word_1_35' title='bbox 951 724 1114 788; x_wconf 90' lang='lat' dir='ltr'><strong>enim,</strong></span> <span class='ocrx_word' id='word_1_36' title='bbox 1139 723 1275 776; x_wconf 90' lang='lat' dir='ltr'><strong>sicut</strong></span> <span class='ocrx_word' id='word_1_37' title='bbox 1293 737 1414 775; x_wconf 91' lang='lat' dir='ltr'><strong>rore</strong></span> <span class='ocrx_word' id='word_1_38' title='bbox 1433 719 1722 774; x_wconf 87' lang='lat' dir='ltr'><strong>madefacta</strong></span> <span class='ocrx_word' id='word_1_39' title='bbox 1746 720 1947 774; x_wconf 85' lang='lat' dir='ltr'><strong>semina</strong></span> 
     </span>
    </p>
   </div>
   <div class='ocr_carea' id='block_1_6' title="bbox 377 812 1948 886">
    <p class='ocr_par' dir='ltr' id='par_1_6' title="bbox 377 812 1948 886">
     <span class='ocr_line' id='line_1_6' title="bbox 377 812 1948 886; baseline -0.002 -15"><span class='ocrx_word' id='word_1_40' title='bbox 377 817 676 886; x_wconf 75' lang='lat' dir='ltr'><strong>germinant</strong></span> <span class='ocrx_word' id='word_1_41' title='bbox 706 825 758 870; x_wconf 91' lang='lat' dir='ltr'><strong>et</strong></span> <span class='ocrx_word' id='word_1_42' title='bbox 786 823 1108 884; x_wconf 83' lang='lat' dir='ltr'><strong>exsurgunt,</strong></span> <span class='ocrx_word' id='word_1_43' title='bbox 1156 814 1234 870; x_wconf 91' lang='lat' dir='ltr'><strong>sic</strong></span> <span class='ocrx_word' id='word_1_44' title='bbox 1263 829 1384 868; x_wconf 90' lang='lat' dir='ltr'><strong>rore</strong></span> <span class='ocrx_word' id='word_1_45' title='bbox 1414 813 1639 883; x_wconf 80' lang='lat' dir='ltr'><strong>Spiritus</strong></span> <span class='ocrx_word' id='word_1_46' title='bbox 1665 828 1785 868; x_wconf 91' lang='lat' dir='ltr'><strong>ossa</strong></span> <span class='ocrx_word' id='word_1_47' title='bbox 1815 812 1948 868; x_wconf 80' lang='lat' dir='ltr'><strong>ﬁde-</strong></span> 
     </span>
    </p>
   </div>
   <div class='ocr_carea' id='block_1_7' title="bbox 380 908 966 979">
    <p class='ocr_par' dir='ltr' id='par_1_7' title="bbox 380 908 966 979">
     <span class='ocr_line' id='line_1_7' title="bbox 380 908 966 979; baseline -0.003 -16"><span class='ocrx_word' id='word_1_48' title='bbox 380 908 504 963; x_wconf 92' lang='lat' dir='ltr'><strong>lium</strong></span> <span class='ocrx_word' id='word_1_49' title='bbox 529 909 966 979; x_wconf 60' lang='lat' dir='ltr'><strong>germiriabunt&quot;.</strong></span> 
     </span>
    </p>
   </div>
   <div class='ocr_carea' id='block_1_8' title="bbox 451 994 1948 1068">
    <p class='ocr_par' dir='ltr' id='par_1_8' title="bbox 451 994 1948 1068">
     <span class='ocr_line' id='line_1_8' title="bbox 451 994 1948 1068; baseline -0.003 -12"><span class='ocrx_word' id='word_1_50' title='bbox 451 1002 504 1057; x_wconf 75' lang='grc'><strong>5.</strong></span> <span class='ocrx_word' id='word_1_51' title='bbox 535 996 684 1053; x_wconf 81' lang='lat' dir='ltr'><strong><em>Aliud</em></strong></span> <span class='ocrx_word' id='word_1_52' title='bbox 717 1009 1082 1068; x_wconf 80' lang='lat' dir='ltr'><strong>argumentum.</strong></span> <span class='ocrx_word' id='word_1_53' title='bbox 1109 1026 1181 1038; x_wconf 90' lang='grc'><strong><em>--</em></strong></span> <span class='ocrx_word' id='word_1_54' title='bbox 1204 996 1308 1052; x_wconf 89' lang='lat' dir='ltr'><strong>Sed</strong></span> <span class='ocrx_word' id='word_1_55' title='bbox 1332 996 1558 1061; x_wconf 79' lang='lat' dir='ltr'><strong>dubitas,</strong></span> <span class='ocrx_word' id='word_1_56' title='bbox 1590 994 1854 1065; x_wconf 91' lang='lat' dir='ltr'><strong>quomodo</strong></span> <span class='ocrx_word' id='word_1_57' title='bbox 1882 995 1948 1051; x_wconf 90' lang='lat' dir='ltr'><strong>de</strong></span> 
     </span>
    </p>
   </div>
   <div class='ocr_carea' id='block_1_9' title="bbox 381 1087 1950 1160">
    <p class='ocr_par' dir='ltr' id='par_1_9' title="bbox 381 1087 1950 1160">
     <span class='ocr_line' id='line_1_9' title="bbox 381 1087 1950 1160; baseline -0.003 -15"><span class='ocrx_word' id='word_1_58' title='bbox 381 1091 557 1160; x_wconf 80' lang='lat' dir='ltr'><strong>parvis</strong></span> <span class='ocrx_word' id='word_1_59' title='bbox 589 1088 796 1145; x_wconf 88' lang='lat' dir='ltr'><strong>ossibus</strong></span> <span class='ocrx_word' id='word_1_60' title='bbox 832 1099 972 1144; x_wconf 88' lang='lat' dir='ltr'><strong>totus</strong></span> <span class='ocrx_word' id='word_1_61' title='bbox 1013 1089 1173 1143; x_wconf 93' lang='lat' dir='ltr'><strong>homo</strong></span> <span class='ocrx_word' id='word_1_62' title='bbox 1198 1089 1402 1142; x_wconf 73' lang='lat' dir='ltr'><strong>restitui</strong></span> <span class='ocrx_word' id='word_1_63' title='bbox 1430 1087 1636 1158; x_wconf 88' lang='lat' dir='ltr'><strong>possit?</strong></span> <span class='ocrx_word' id='word_1_64' title='bbox 1664 1087 1868 1142; x_wconf 82' lang='lat' dir='ltr'><strong>Revera</strong></span> <span class='ocrx_word' id='word_1_65' title='bbox 1894 1095 1950 1141; x_wconf 91' lang='lat' dir='ltr'><strong>tu</strong></span> 
     </span>
    </p>
   </div>
   <div class='ocr_carea' id='block_1_10' title="bbox 383 1175 1946 1248">
    <p class='ocr_par' dir='ltr' id='par_1_10' title="bbox 383 1175 1946 1248">
     <span class='ocr_line' id='line_1_10' title="bbox 383 1175 1946 1248; baseline -0.003 -13"><span class='ocrx_word' id='word_1_66' title='bbox 383 1195 452 1235; x_wconf 80' lang='lat' dir='ltr'><strong>ex</strong></span> <span class='ocrx_word' id='word_1_67' title='bbox 475 1179 678 1234; x_wconf 89' lang='lat' dir='ltr'><strong>modica</strong></span> <span class='ocrx_word' id='word_1_68' title='bbox 707 1179 934 1234; x_wconf 83' lang='lat' dir='ltr'><strong>scintilla</strong></span> <span class='ocrx_word' id='word_1_69' title='bbox 955 1178 1088 1248; x_wconf 84' lang='lat' dir='ltr'><strong>ignis</strong></span> <span class='ocrx_word' id='word_1_70' title='bbox 1110 1179 1377 1247; x_wconf 83' lang='lat' dir='ltr'><strong>ingentem</strong></span> <span class='ocrx_word' id='word_1_71' title='bbox 1397 1178 1621 1232; x_wconf 84' lang='lat' dir='ltr'><strong>suscitas</strong></span> <span class='ocrx_word' id='word_1_72' title='bbox 1645 1175 1946 1241; x_wconf 85' lang='lat' dir='ltr'><strong>ﬂammam;</strong></span> 
     </span>
    </p>
   </div>
   <div class='ocr_carea' id='block_1_11' title="bbox 384 1270 1950 1342">
    <p class='ocr_par' dir='ltr' id='par_1_11' title="bbox 384 1270 1950 1342">
     <span class='ocr_line' id='line_1_11' title="bbox 384 1270 1950 1342; baseline -0.002 -15"><span class='ocrx_word' id='word_1_73' title='bbox 384 1273 522 1328; x_wconf 89' lang='lat' dir='ltr'><strong>Deus</strong></span> <span class='ocrx_word' id='word_1_74' title='bbox 552 1286 658 1326; x_wconf 91' lang='lat' dir='ltr'><strong>non</strong></span> <span class='ocrx_word' id='word_1_75' title='bbox 687 1272 877 1342; x_wconf 89' lang='lat' dir='ltr'><strong>poterit</strong></span> <span class='ocrx_word' id='word_1_76' title='bbox 915 1286 980 1326; x_wconf 79' lang='lat' dir='ltr'><strong>ex</strong></span> <span class='ocrx_word' id='word_1_77' title='bbox 1011 1270 1221 1325; x_wconf 89' lang='lat' dir='ltr'><strong>modico</strong></span> <span class='ocrx_word' id='word_1_78' title='bbox 1247 1270 1440 1326; x_wconf 90' lang='lat' dir='ltr'><strong>cineris</strong></span> <span class='ocrx_word' id='word_1_79' title='bbox 1484 1270 1556 1324; x_wconf 92' lang='lat' dir='ltr'><strong>tui</strong></span> <span class='ocrx_word' id='word_1_80' title='bbox 1584 1270 1840 1324; x_wconf 86' lang='lat' dir='ltr'><strong>fermento</strong></span> <span class='ocrx_word' id='word_1_81' title='bbox 1867 1277 1950 1324; x_wconf 86' lang='lat' dir='ltr'><strong>to-</strong></span> 
     </span>
    </p>
   </div>
   <div class='ocr_carea' id='block_1_12' title="bbox 383 1360 1950 1433">
    <p class='ocr_par' dir='ltr' id='par_1_12' title="bbox 383 1360 1950 1433">
     <span class='ocr_line' id='line_1_12' title="bbox 383 1360 1950 1433; baseline -0.002 -16"><span class='ocrx_word' id='word_1_82' title='bbox 383 1373 492 1417; x_wconf 92' lang='lat' dir='ltr'><strong>tum</strong></span> <span class='ocrx_word' id='word_1_83' title='bbox 520 1363 818 1433; x_wconf 82' lang='lat' dir='ltr'><strong>corpusculi</strong></span> <span class='ocrx_word' id='word_1_84' title='bbox 864 1362 936 1416; x_wconf 92' lang='lat' dir='ltr'><strong>tui</strong></span> <span class='ocrx_word' id='word_1_85' title='bbox 985 1361 1350 1432; x_wconf 80' lang='lat' dir='ltr'><strong>redintegrare</strong></span> <span class='ocrx_word' id='word_1_86' title='bbox 1387 1361 1776 1431; x_wconf 85' lang='lat' dir='ltr'><strong>conspersum?</strong></span> <span class='ocrx_word' id='word_1_87' title='bbox 1819 1360 1950 1415; x_wconf 88' lang='lat' dir='ltr'><strong>Nam</strong></span> 
     </span>
    </p>
   </div>
   <div class='ocr_carea' id='block_1_13' title="bbox 384 1452 1950 1524">
    <p class='ocr_par' dir='ltr' id='par_1_13' title="bbox 384 1452 1950 1524">
     <span class='ocr_line' id='line_1_13' title="bbox 384 1452 1950 1524; baseline -0.003 -14"><span class='ocrx_word' id='word_1_88' title='bbox 384 1456 483 1510; x_wconf 89' lang='lat' dir='ltr'><strong>etsi</strong></span> <span class='ocrx_word' id='word_1_89' title='bbox 528 1455 674 1510; x_wconf 88' lang='lat' dir='ltr'><strong>dicas</strong></span> <span class='ocrx_word' id='word_1_90' title='bbox 705 1473 718 1509; x_wconf 94' lang='lat'>:</span> <span class='ocrx_word' id='word_1_91' title='bbox 748 1455 1014 1524; x_wconf 83' lang='lat' dir='ltr'><strong>Nusquam</strong></span> <span class='ocrx_word' id='word_1_92' title='bbox 1057 1463 1365 1524; x_wconf 83' lang='lat' dir='ltr'><strong>comparent</strong></span> <span class='ocrx_word' id='word_1_93' title='bbox 1402 1455 1576 1509; x_wconf 86' lang='lat' dir='ltr'><strong>carnis</strong></span> <span class='ocrx_word' id='word_1_94' title='bbox 1618 1453 1782 1523; x_wconf 83' lang='lat' dir='ltr'><strong>ipsius</strong></span> <span class='ocrx_word' id='word_1_95' title='bbox 1822 1452 1950 1507; x_wconf 87' lang='lat' dir='ltr'><strong>reli-</strong></span> 
     </span>
    </p>
   </div>
   <div class='ocr_carea' id='block_1_14' title="bbox 384 1545 1950 1616">
    <p class='ocr_par' dir='ltr' id='par_1_14' title="bbox 384 1545 1950 1616">
     <span class='ocr_line' id='line_1_14' title="bbox 384 1545 1950 1616; baseline -0.003 -16"><span class='ocrx_word' id='word_1_96' title='bbox 384 1547 554 1616; x_wconf 68' lang='lat' dir='ltr'><strong>quiae;</strong></span> <span class='ocrx_word' id='word_1_97' title='bbox 595 1545 813 1600; x_wconf 79' lang='lat' dir='ltr'><strong>forsitan</strong></span> <span class='ocrx_word' id='word_1_98' title='bbox 841 1549 981 1600; x_wconf 90' lang='lat' dir='ltr'><strong>enim</strong></span> <span class='ocrx_word' id='word_1_99' title='bbox 1011 1553 1102 1599; x_wconf 87' lang='lat' dir='ltr'><strong>aut</strong></span> <span class='ocrx_word' id='word_1_100' title='bbox 1125 1546 1244 1614; x_wconf 83' lang='lat' dir='ltr'><strong>igne</strong></span> <span class='ocrx_word' id='word_1_101' title='bbox 1277 1553 1604 1614; x_wconf 76' lang='lat' dir='ltr'><strong>consumpta:</strong></span> <span class='ocrx_word' id='word_1_102' title='bbox 1629 1551 1771 1610; x_wconf 89' lang='lat' dir='ltr'><strong>sunt,</strong></span> <span class='ocrx_word' id='word_1_103' title='bbox 1801 1550 1891 1597; x_wconf 90' lang='lat' dir='ltr'><strong>aut</strong></span> <span class='ocrx_word' id='word_1_104' title='bbox 1919 1555 1950 1596; x_wconf 90' lang='lat' dir='ltr'><strong>a</strong></span> 
     </span>
    </p>
   </div>
   <div class='ocr_carea' id='block_1_15' title="bbox 385 1631 1952 1705">
    <p class='ocr_par' dir='ltr' id='par_1_15' title="bbox 385 1631 1952 1705">
     <span class='ocr_line' id='line_1_15' title="bbox 385 1631 1952 1705; baseline -0.003 -14"><span class='ocrx_word' id='word_1_105' title='bbox 385 1635 566 1691; x_wconf 87' lang='lat' dir='ltr'><strong>bestiis</strong></span> <span class='ocrx_word' id='word_1_106' title='bbox 610 1635 873 1690; x_wconf 72' lang='lat' dir='ltr'><strong>devorata:</strong></span> <span class='ocrx_word' id='word_1_107' title='bbox 903 1654 916 1689; x_wconf 92' lang='lat'><strong>:</strong></span> <span class='ocrx_word' id='word_1_108' title='bbox 950 1635 1050 1690; x_wconf 92' lang='lat' dir='ltr'><strong>hoc</strong></span> <span class='ocrx_word' id='word_1_109' title='bbox 1079 1635 1303 1705; x_wconf 90' lang='lat' dir='ltr'><strong>primum</strong></span> <span class='ocrx_word' id='word_1_110' title='bbox 1333 1635 1496 1700; x_wconf 89' lang='lat' dir='ltr'><strong>scito,</strong></span> <span class='ocrx_word' id='word_1_111' title='bbox 1537 1633 1657 1703; x_wconf 88' lang='lat' dir='ltr'><strong>quia</strong></span> <span class='ocrx_word' id='word_1_112' title='bbox 1701 1631 1952 1702; x_wconf 88' lang='lat' dir='ltr'><strong>quidquid</strong></span> 
     </span>
    </p>
   </div>
   <div class='ocr_carea' id='block_1_16' title="bbox 385 1722 1953 1795">
    <p class='ocr_par' dir='ltr' id='par_1_16' title="bbox 385 1722 1953 1795">
     <span class='ocr_line' id='line_1_16' title="bbox 385 1722 1953 1795; baseline -0.004 -11"><span class='ocrx_word' id='word_1_113' title='bbox 385 1728 745 1795; x_wconf 86' lang='lat' dir='ltr'><strong>consumitur,</strong></span> <span class='ocrx_word' id='word_1_114' title='bbox 799 1728 853 1781; x_wconf 91' lang='lat' dir='ltr'><strong>in</strong></span> <span class='ocrx_word' id='word_1_115' title='bbox 900 1736 1054 1782; x_wconf 74' lang='lat' dir='ltr'><strong>terra:</strong></span> <span class='ocrx_word' id='word_1_116' title='bbox 1098 1726 1390 1782; x_wconf 83' lang='lat' dir='ltr'><strong>visceribus</strong></span> <span class='ocrx_word' id='word_1_117' title='bbox 1435 1727 1764 1790; x_wconf 86' lang='lat' dir='ltr'><strong>continetur,</strong></span> <span class='ocrx_word' id='word_1_118' title='bbox 1813 1722 1953 1779; x_wconf 88' lang='lat' dir='ltr'><strong>unde</strong></span> 
     </span>
    </p>
   </div>
   <div class='ocr_carea' id='block_1_17' title="bbox 386 1817 1946 1892">
    <p class='ocr_par' dir='ltr' id='par_1_17' title="bbox 386 1817 1946 1892">
     <span class='ocr_line' id='line_1_17' title="bbox 386 1817 1946 1892; baseline -0.003 -17"><span class='ocrx_word' id='word_1_119' title='bbox 386 1835 567 1876; x_wconf 87' lang='lat' dir='ltr'><strong>rursus</strong></span> <span class='ocrx_word' id='word_1_120' title='bbox 596 1822 788 1891; x_wconf 89' lang='lat' dir='ltr'><strong>poterit</strong></span> <span class='ocrx_word' id='word_1_121' title='bbox 818 1822 924 1876; x_wconf 92' lang='lat' dir='ltr'><strong>Deo</strong></span> <span class='ocrx_word' id='word_1_122' title='bbox 950 1821 1290 1892; x_wconf 62' lang='lat' dir='ltr'><strong>praecipiente</strong></span> <span class='ocrx_word' id='word_1_123' title='bbox 1332 1819 1569 1889; x_wconf 91' lang='lat' dir='ltr'><strong>produci.</strong></span> <span class='ocrx_word' id='word_1_124' title='bbox 1625 1817 1757 1873; x_wconf 87' lang='lat' dir='ltr'><strong>Nam</strong></span> <span class='ocrx_word' id='word_1_125' title='bbox 1787 1826 1841 1873; x_wconf 89' lang='lat' dir='ltr'><strong>et</strong></span> <span class='ocrx_word' id='word_1_126' title='bbox 1871 1826 1946 1882; x_wconf 91' lang='lat' dir='ltr'><strong>tu,</strong></span> 
     </span>
    </p>
   </div>
   <div class='ocr_carea' id='block_1_18' title="bbox 387 1910 1954 1984">
    <p class='ocr_par' dir='ltr' id='par_1_18' title="bbox 387 1910 1954 1984">
     <span class='ocr_line' id='line_1_18' title="bbox 387 1910 1954 1984; baseline -0.002 -17"><span class='ocrx_word' id='word_1_127' title='bbox 387 1927 504 1967; x_wconf 92' lang='lat' dir='ltr'><strong>cum</strong></span> <span class='ocrx_word' id='word_1_128' title='bbox 533 1929 638 1968; x_wconf 92' lang='lat' dir='ltr'><strong>non</strong></span> <span class='ocrx_word' id='word_1_129' title='bbox 663 1923 912 1984; x_wconf 87' lang='lat' dir='ltr'><strong>appareat</strong></span> <span class='ocrx_word' id='word_1_130' title='bbox 937 1915 1071 1984; x_wconf 85' lang='lat' dir='ltr'><strong>ignis</strong></span> <span class='ocrx_word' id='word_1_131' title='bbox 1095 1955 1110 1978; x_wconf 92' lang='lat'><strong>,</strong></span> <span class='ocrx_word' id='word_1_132' title='bbox 1153 1913 1372 1968; x_wconf 86' lang='lat' dir='ltr'><strong>adhibes</strong></span> <span class='ocrx_word' id='word_1_133' title='bbox 1404 1912 1641 1982; x_wconf 87' lang='lat' dir='ltr'><strong>lapillum</strong></span> <span class='ocrx_word' id='word_1_134' title='bbox 1660 1952 1674 1976; x_wconf 93' lang='lat'><strong>,</strong></span> <span class='ocrx_word' id='word_1_135' title='bbox 1703 1920 1757 1966; x_wconf 92' lang='lat' dir='ltr'><strong>et</strong></span> <span class='ocrx_word' id='word_1_136' title='bbox 1783 1910 1954 1966; x_wconf 90' lang='lat' dir='ltr'><strong>modi-</strong></span> 
     </span>
    </p>
   </div>
   <div class='ocr_carea' id='block_1_19' title="bbox 387 2003 1951 2072">
    <p class='ocr_par' dir='ltr' id='par_1_19' title="bbox 387 2003 1951 2072">
     <span class='ocr_line' id='line_1_19' title="bbox 387 2003 1951 2072; baseline -0.002 -14"><span class='ocrx_word' id='word_1_137' title='bbox 387 2019 509 2059; x_wconf 91' lang='lat' dir='ltr'><strong>cum</strong></span> <span class='ocrx_word' id='word_1_138' title='bbox 547 2004 712 2069; x_wconf 87' lang='lat' dir='ltr'><strong>ferri,</strong></span> <span class='ocrx_word' id='word_1_139' title='bbox 760 2013 813 2060; x_wconf 88' lang='lat' dir='ltr'><strong>et</strong></span> <span class='ocrx_word' id='word_1_140' title='bbox 840 2006 1043 2060; x_wconf 80' lang='lat' dir='ltr'><strong>excutis</strong></span> <span class='ocrx_word' id='word_1_141' title='bbox 1073 2005 1138 2058; x_wconf 89' lang='lat' dir='ltr'><strong>de</strong></span> <span class='ocrx_word' id='word_1_142' title='bbox 1167 2003 1458 2059; x_wconf 87' lang='lat' dir='ltr'><strong>visceribus</strong></span> <span class='ocrx_word' id='word_1_143' title='bbox 1505 2003 1664 2072; x_wconf 88' lang='lat' dir='ltr'><strong>lapilli</strong></span> <span class='ocrx_word' id='word_1_144' title='bbox 1698 2011 1951 2072; x_wconf 90' lang='lat' dir='ltr'><strong>quantum</strong></span> 
     </span>
    </p>
   </div>
   <div class='ocr_carea' id='block_1_20' title="bbox 388 2093 1954 2166">
    <p class='ocr_par' dir='ltr' id='par_1_20' title="bbox 388 2093 1954 2166">
     <span class='ocr_line' id='line_1_20' title="bbox 388 2093 1954 2166; baseline -0.003 -16"><span class='ocrx_word' id='word_1_145' title='bbox 388 2110 519 2164; x_wconf 91' lang='lat' dir='ltr'><strong>opus</strong></span> <span class='ocrx_word' id='word_1_146' title='bbox 547 2104 630 2150; x_wconf 90' lang='lat' dir='ltr'><strong>est</strong></span> <span class='ocrx_word' id='word_1_147' title='bbox 671 2095 822 2166; x_wconf 83' lang='lat' dir='ltr'><strong>ignis.</strong></span> <span class='ocrx_word' id='word_1_148' title='bbox 871 2095 1021 2163; x_wconf 89' lang='lat' dir='ltr'><strong>Quod</strong></span> <span class='ocrx_word' id='word_1_149' title='bbox 1057 2110 1184 2165; x_wconf 88' lang='lat' dir='ltr'><strong>ergo</strong></span> <span class='ocrx_word' id='word_1_150' title='bbox 1223 2110 1316 2164; x_wconf 89' lang='lat' dir='ltr'><strong>per</strong></span> <span class='ocrx_word' id='word_1_151' title='bbox 1362 2104 1504 2149; x_wconf 90' lang='lat' dir='ltr'><strong>tuam</strong></span> <span class='ocrx_word' id='word_1_152' title='bbox 1547 2093 1856 2148; x_wconf 90' lang='lat' dir='ltr'><strong>industriam</strong></span> <span class='ocrx_word' id='word_1_153' title='bbox 1901 2101 1954 2147; x_wconf 92' lang='lat' dir='ltr'><strong>et</strong></span> 
     </span>
    </p>
   </div>
   <div class='ocr_carea' id='block_1_21' title="bbox 389 2184 1954 2256">
    <p class='ocr_par' dir='ltr' id='par_1_21' title="bbox 389 2184 1954 2256">
     <span class='ocr_line' id='line_1_21' title="bbox 389 2184 1954 2256; baseline -0.001 -17"><span class='ocrx_word' id='word_1_154' title='bbox 389 2187 720 2256; x_wconf 87' lang='lat' dir='ltr'><strong>sapientiam,</strong></span> <span class='ocrx_word' id='word_1_155' title='bbox 748 2202 903 2256; x_wconf 92' lang='lat' dir='ltr'><strong>quam</strong></span> <span class='ocrx_word' id='word_1_156' title='bbox 949 2186 1049 2240; x_wconf 87' lang='lat' dir='ltr'><strong>tibi.</strong></span> <span class='ocrx_word' id='word_1_157' title='bbox 1089 2187 1225 2241; x_wconf 89' lang='lat' dir='ltr'><strong>Deus</strong></span> <span class='ocrx_word' id='word_1_158' title='bbox 1251 2186 1364 2256; x_wconf 89' lang='lat' dir='ltr'><strong>ipse</strong></span> <span class='ocrx_word' id='word_1_159' title='bbox 1389 2185 1669 2248; x_wconf 84' lang='lat' dir='ltr'><strong>concessit,</strong></span> <span class='ocrx_word' id='word_1_160' title='bbox 1701 2184 1859 2251; x_wconf 88' lang='lat' dir='ltr'><strong>facis,</strong></span> <span class='ocrx_word' id='word_1_161' title='bbox 1895 2191 1954 2238; x_wconf 89' lang='lat' dir='ltr'><strong>ut</strong></span> 
     </span>
    </p>
   </div>
   <div class='ocr_carea' id='block_1_22' title="bbox 391 2274 1954 2348">
    <p class='ocr_par' dir='ltr' id='par_1_22' title="bbox 391 2274 1954 2348">
     <span class='ocr_line' id='line_1_22' title="bbox 391 2274 1954 2348; baseline -0.003 -16"><span class='ocrx_word' id='word_1_162' title='bbox 391 2277 648 2347; x_wconf 85' lang='lat' dir='ltr'><strong>producas</strong></span> <span class='ocrx_word' id='word_1_163' title='bbox 673 2279 810 2347; x_wconf 90' lang='lat' dir='ltr'><strong>quod</strong></span> <span class='ocrx_word' id='word_1_164' title='bbox 837 2293 940 2332; x_wconf 91' lang='lat' dir='ltr'><strong>non</strong></span> <span class='ocrx_word' id='word_1_165' title='bbox 960 2287 1175 2348; x_wconf 86' lang='lat' dir='ltr'><strong>apparet</strong></span> <span class='ocrx_word' id='word_1_166' title='bbox 1202 2279 1222 2310; x_wconf 82' lang='grc'>¹</span> <span class='ocrx_word' id='word_1_167' title='bbox 1244 2320 1259 2345; x_wconf 91' lang='grc'><em>,</em></span> <span class='ocrx_word' id='word_1_168' title='bbox 1293 2277 1539 2348; x_wconf 89' lang='lat' dir='ltr'><strong>majestas</strong></span> <span class='ocrx_word' id='word_1_169' title='bbox 1568 2278 1654 2331; x_wconf 91' lang='lat' dir='ltr'><strong>illa</strong></span> <span class='ocrx_word' id='word_1_170' title='bbox 1681 2277 1854 2331; x_wconf 90' lang='lat' dir='ltr'><strong>divina</strong></span> <span class='ocrx_word' id='word_1_171' title='bbox 1875 2274 1954 2329; x_wconf 87' lang='lat' dir='ltr'><strong>fa-</strong></span> 
     </span>
    </p>
   </div>
   <div class='ocr_carea' id='block_1_23' title="bbox 391 2368 1950 2439">
    <p class='ocr_par' dir='ltr' id='par_1_23' title="bbox 391 2368 1950 2439">
     <span class='ocr_line' id='line_1_23' title="bbox 391 2368 1950 2439; baseline 0 -17"><span class='ocrx_word' id='word_1_172' title='bbox 391 2381 513 2422; x_wconf 86' lang='lat' dir='ltr'><strong>cere</strong></span> <span class='ocrx_word' id='word_1_173' title='bbox 535 2382 628 2423; x_wconf 90' lang='lat' dir='ltr'><strong>sua</strong></span> <span class='ocrx_word' id='word_1_174' title='bbox 653 2369 846 2424; x_wconf 89' lang='lat' dir='ltr'><strong>virtute</strong></span> <span class='ocrx_word' id='word_1_175' title='bbox 873 2385 975 2423; x_wconf 91' lang='lat' dir='ltr'><strong>non</strong></span> <span class='ocrx_word' id='word_1_176' title='bbox 1001 2370 1224 2438; x_wconf 86' lang='lat' dir='ltr'><strong>poterit,</strong></span> <span class='ocrx_word' id='word_1_177' title='bbox 1269 2378 1327 2423; x_wconf 92' lang='lat' dir='ltr'><strong>ut</strong></span> <span class='ocrx_word' id='word_1_178' title='bbox 1350 2385 1466 2439; x_wconf 73' lang='lat' dir='ltr'><strong>qua:</strong></span> <span class='ocrx_word' id='word_1_179' title='bbox 1493 2369 1704 2424; x_wconf 90' lang='lat' dir='ltr'><strong>interim</strong></span> <span class='ocrx_word' id='word_1_180' title='bbox 1730 2383 1834 2422; x_wconf 92' lang='lat' dir='ltr'><strong>non</strong></span> <span class='ocrx_word' id='word_1_181' title='bbox 1868 2368 1950 2422; x_wconf 85' lang='lat' dir='ltr'><strong>vi-</strong></span> 
     </span>
    </p>
   </div>
   <div class='ocr_carea' id='block_1_24' title="bbox 391 2457 1820 2528">
    <p class='ocr_par' dir='ltr' id='par_1_24' title="bbox 391 2457 1820 2528">
     <span class='ocr_line' id='line_1_24' title="bbox 391 2457 1820 2528; baseline 0.001 -15"><span class='ocrx_word' id='word_1_182' title='bbox 391 2457 580 2514; x_wconf 88' lang='lat' dir='ltr'><strong>dentur</strong></span> <span class='ocrx_word' id='word_1_183' title='bbox 603 2459 873 2513; x_wconf 83' lang='lat' dir='ltr'><strong>excutiat?</strong></span> <span class='ocrx_word' id='word_1_184' title='bbox 899 2459 1024 2513; x_wconf 82' lang='lat' dir='ltr'><strong>Mihi</strong></span> <span class='ocrx_word' id='word_1_185' title='bbox 1055 2459 1234 2523; x_wconf 89' lang='lat' dir='ltr'><strong>crede,</strong></span> <span class='ocrx_word' id='word_1_186' title='bbox 1263 2466 1437 2528; x_wconf 88' lang='lat' dir='ltr'><strong>potest</strong></span> <span class='ocrx_word' id='word_1_187' title='bbox 1459 2459 1633 2512; x_wconf 89' lang='lat' dir='ltr'><strong>omnia</strong></span> <span class='ocrx_word' id='word_1_188' title='bbox 1660 2459 1820 2514; x_wconf 89' lang='lat' dir='ltr'><strong>Deus.</strong></span> 
     </span>
    </p>
   </div>
   <div class='ocr_carea' id='block_1_25' title="bbox 459 2548 1953 2621">
    <p class='ocr_par' dir='ltr' id='par_1_25' title="bbox 459 2548 1953 2621">
     <span class='ocr_line' id='line_1_25' title="bbox 459 2548 1953 2621; baseline 0 -17"><span class='ocrx_word' id='word_1_189' title='bbox 459 2550 514 2604; x_wconf 74' lang='grc'><strong>4.</strong></span> <span class='ocrx_word' id='word_1_190' title='bbox 538 2548 762 2604; x_wconf 77' lang='lat' dir='ltr'><strong>Christus</strong></span> <span class='ocrx_word' id='word_1_191' title='bbox 786 2553 1007 2621; x_wconf 84' lang='lat' dir='ltr'><strong>futuram</strong></span> <span class='ocrx_word' id='word_1_192' title='bbox 1034 2551 1438 2604; x_wconf 81' lang='lat' dir='ltr'><strong>resurrectionem</strong></span> <span class='ocrx_word' id='word_1_193' title='bbox 1469 2550 1778 2618; x_wconf 79' lang='lat' dir='ltr'><strong>testiﬁcatur.</strong></span> <span class='ocrx_word' id='word_1_194' title='bbox 1825 2549 1953 2604; x_wconf 89' lang='lat' dir='ltr'><strong>Item</strong></span> 
     </span>
    </p>
   </div>
   <div class='ocr_carea' id='block_1_26' title="bbox 390 2640 1955 2722">
    <p class='ocr_par' dir='ltr' id='par_1_26' title="bbox 390 2640 1955 2722">
     <span class='ocr_line' id='line_1_26' title="bbox 390 2640 1955 2722; baseline 0.003 -30"><span class='ocrx_word' id='word_1_195' title='bbox 390 2641 604 2708; x_wconf 81' lang='lat' dir='ltr'><strong>apostoli</strong></span> <span class='ocrx_word' id='word_1_196' title='bbox 630 2649 678 2694; x_wconf 87' lang='lat' dir='ltr'><strong>et</strong></span> <span class='ocrx_word' id='word_1_197' title='bbox 704 2649 944 2710; x_wconf 79' lang='lat' dir='ltr'><strong>martyres</strong></span> <span class='ocrx_word' id='word_1_198' title='bbox 964 2681 978 2705; x_wconf 96' lang='lat'><strong>,</strong></span> <span class='ocrx_word' id='word_1_199' title='bbox 1013 2650 1058 2693; x_wconf 89' lang='lat' dir='ltr'><strong>et</strong></span> <span class='ocrx_word' id='word_1_200' title='bbox 1091 2640 1495 2695; x_wconf 73' lang='lat' dir='ltr'><strong>Machabteorum</strong></span> <span class='ocrx_word' id='word_1_201' title='bbox 1522 2650 1700 2722; x_wconf 78' lang='lat' dir='ltr'><strong>mater.</strong></span> <span class='ocrx_word' id='word_1_202' title='bbox 1733 2671 1802 2682; x_wconf 91' lang='lat'><strong>-—</strong></span> <span class='ocrx_word' id='word_1_203' title='bbox 1845 2641 1955 2696; x_wconf 88' lang='lat' dir='ltr'><strong>Hoc</strong></span> 
     </span>
    </p>
   </div>
   <div class='ocr_carea' id='block_1_27' title="bbox 396 2729 1949 2800">
    <p class='ocr_par' dir='ltr' id='par_1_27' title="bbox 396 2729 1949 2800">
     <span class='ocr_line' id='line_1_27' title="bbox 396 2729 1949 2800; baseline 0.002 -17"><span class='ocrx_word' id='word_1_204' title='bbox 396 2737 591 2784; x_wconf 90' lang='lat' dir='ltr'><strong>tantum</strong></span> <span class='ocrx_word' id='word_1_205' title='bbox 635 2730 846 2800; x_wconf 87' lang='lat' dir='ltr'><strong>require</strong></span> <span class='ocrx_word' id='word_1_206' title='bbox 869 2772 885 2798; x_wconf 94' lang='lat'><strong>,</strong></span> <span class='ocrx_word' id='word_1_207' title='bbox 927 2739 1104 2784; x_wconf 91' lang='lat' dir='ltr'><strong>utrum</strong></span> <span class='ocrx_word' id='word_1_208' title='bbox 1148 2731 1448 2800; x_wconf 88' lang='lat' dir='ltr'><strong>promiserit</strong></span> <span class='ocrx_word' id='word_1_209' title='bbox 1483 2745 1542 2786; x_wconf 88' lang='lat' dir='ltr'><strong>se</strong></span> <span class='ocrx_word' id='word_1_210' title='bbox 1569 2729 1744 2787; x_wconf 86' lang='lat' dir='ltr'><strong>facere</strong></span> <span class='ocrx_word' id='word_1_211' title='bbox 1770 2746 1949 2786; x_wconf 91' lang='lat' dir='ltr'><strong>resur-</strong></span> 
     </span>
    </p>
   </div>
   <div class='ocr_carea' id='block_1_28' title="bbox 394 2822 1955 2892">
    <p class='ocr_par' dir='ltr' id='par_1_28' title="bbox 394 2822 1955 2892">
     <span class='ocr_line' id='line_1_28' title="bbox 394 2822 1955 2892; baseline 0.001 -16"><span class='ocrx_word' id='word_1_212' title='bbox 394 2824 685 2878; x_wconf 88' lang='lat' dir='ltr'><strong>rectionem</strong></span> <span class='ocrx_word' id='word_1_213' title='bbox 729 2841 742 2878; x_wconf 93' lang='lat'><strong>:</strong></span> <span class='ocrx_word' id='word_1_214' title='bbox 781 2833 836 2878; x_wconf 92' lang='lat' dir='ltr'><strong>et</strong></span> <span class='ocrx_word' id='word_1_215' title='bbox 876 2836 995 2877; x_wconf 92' lang='lat' dir='ltr'><strong>cum</strong></span> <span class='ocrx_word' id='word_1_216' title='bbox 1043 2823 1356 2892; x_wconf 87' lang='lat' dir='ltr'><strong>promissam</strong></span> <span class='ocrx_word' id='word_1_217' title='bbox 1407 2830 1665 2877; x_wconf 87' lang='lat' dir='ltr'><strong>tantorum</strong></span> <span class='ocrx_word' id='word_1_218' title='bbox 1709 2822 1955 2878; x_wconf 89' lang='lat' dir='ltr'><strong>didiceris</strong></span> 
     </span>
    </p>
   </div>
   <div class='ocr_carea' id='block_1_29' title="bbox 395 2913 1947 2982">
    <p class='ocr_par' dir='ltr' id='par_1_29' title="bbox 395 2913 1947 2982">
     <span class='ocr_line' id='line_1_29' title="bbox 395 2913 1947 2982; baseline 0.001 -16"><span class='ocrx_word' id='word_1_219' title='bbox 395 2913 707 2968; x_wconf 88' lang='lat' dir='ltr'><strong>testimoniis</strong></span> <span class='ocrx_word' id='word_1_220' title='bbox 729 2953 744 2979; x_wconf 92' lang='lat'><strong>,</strong></span> <span class='ocrx_word' id='word_1_221' title='bbox 791 2914 899 2968; x_wconf 91' lang='lat' dir='ltr'><strong>imo</strong></span> <span class='ocrx_word' id='word_1_222' title='bbox 922 2927 1042 2967; x_wconf 92' lang='lat' dir='ltr'><strong>cum</strong></span> <span class='ocrx_word' id='word_1_223' title='bbox 1071 2913 1233 2982; x_wconf 88' lang='lat' dir='ltr'><strong>ipsius</strong></span> <span class='ocrx_word' id='word_1_224' title='bbox 1259 2913 1454 2968; x_wconf 88' lang='lat' dir='ltr'><strong>Christi</strong></span> <span class='ocrx_word' id='word_1_225' title='bbox 1481 2913 1687 2967; x_wconf 89' lang='lat' dir='ltr'><strong>Domini</strong></span> <span class='ocrx_word' id='word_1_226' title='bbox 1725 2913 1947 2968; x_wconf 87' lang='lat' dir='ltr'><strong>certissi-</strong></span> 
     </span>
    </p>
   </div>
   <div class='ocr_carea' id='block_1_30' title="bbox 395 3003 1954 3070">
    <p class='ocr_par' dir='ltr' id='par_1_30' title="bbox 395 3003 1954 3070">
     <span class='ocr_line' id='line_1_30' title="bbox 395 3003 1954 3070; baseline 0.001 -14"><span class='ocrx_word' id='word_1_227' title='bbox 395 3018 536 3056; x_wconf 88' lang='lat' dir='ltr'><strong>mam</strong></span> <span class='ocrx_word' id='word_1_228' title='bbox 563 3003 755 3059; x_wconf 89' lang='lat' dir='ltr'><strong>habeas</strong></span> <span class='ocrx_word' id='word_1_229' title='bbox 779 3004 1075 3058; x_wconf 87' lang='lat' dir='ltr'><strong>cautionem</strong></span> <span class='ocrx_word' id='word_1_230' title='bbox 1101 3045 1114 3068; x_wconf 94' lang='lat'><strong>,</strong></span> <span class='ocrx_word' id='word_1_231' title='bbox 1162 3004 1500 3059; x_wconf 90' lang='lat' dir='ltr'><strong>conﬁrmatus</strong></span> <span class='ocrx_word' id='word_1_232' title='bbox 1543 3004 1646 3060; x_wconf 87' lang='lat' dir='ltr'><strong>ﬁde</strong></span> <span class='ocrx_word' id='word_1_233' title='bbox 1667 3046 1681 3070; x_wconf 93' lang='lat'><strong>,</strong></span> <span class='ocrx_word' id='word_1_234' title='bbox 1730 3015 1954 3060; x_wconf 92' lang='lat' dir='ltr'><strong>mortem</strong></span> 
     </span>
    </p>
   </div>
   <div class='ocr_carea' id='block_1_31' title="bbox 394 3095 1955 3164">
    <p class='ocr_par' dir='ltr' id='par_1_31' title="bbox 394 3095 1955 3164">
     <span class='ocr_line' id='line_1_31' title="bbox 394 3095 1955 3164; baseline 0.001 -14"><span class='ocrx_word' id='word_1_235' title='bbox 394 3095 577 3150; x_wconf 87' lang='lat' dir='ltr'><strong>desine</strong></span> <span class='ocrx_word' id='word_1_236' title='bbox 593 3095 700 3164; x_wconf 85' lang='lat' dir='ltr'><strong>jam</strong></span> <span class='ocrx_word' id='word_1_237' title='bbox 726 3097 931 3152; x_wconf 91' lang='lat' dir='ltr'><strong>timere.</strong></span> <span class='ocrx_word' id='word_1_238' title='bbox 960 3097 1058 3164; x_wconf 91' lang='lat' dir='ltr'><strong>Qui</strong></span> <span class='ocrx_word' id='word_1_239' title='bbox 1085 3096 1228 3152; x_wconf 91' lang='lat' dir='ltr'><strong>enim</strong></span> <span class='ocrx_word' id='word_1_240' title='bbox 1254 3097 1404 3152; x_wconf 91' lang='lat' dir='ltr'><strong>timet</strong></span> <span class='ocrx_word' id='word_1_241' title='bbox 1426 3096 1597 3152; x_wconf 88' lang='lat' dir='ltr'><strong>adhuc</strong></span> <span class='ocrx_word' id='word_1_242' title='bbox 1615 3137 1630 3162; x_wconf 89' lang='lat'><strong>,</strong></span> <span class='ocrx_word' id='word_1_243' title='bbox 1661 3096 1913 3152; x_wconf 92' lang='lat' dir='ltr'><strong>discredit</strong></span> <span class='ocrx_word' id='word_1_244' title='bbox 1941 3112 1955 3151; x_wconf 90' lang='lat'><strong>:</strong></span> 
     </span>
    </p>
   </div>
   <div class='ocr_carea' id='block_1_32' title="bbox 395 3185 1956 3261">
    <p class='ocr_par' dir='ltr' id='par_1_32' title="bbox 395 3185 1956 3261">
     <span class='ocr_line' id='line_1_32' title="bbox 395 3185 1956 3261; baseline 0.003 -22"><span class='ocrx_word' id='word_1_245' title='bbox 395 3187 486 3256; x_wconf 86' lang='lat' dir='ltr'><strong>qui</strong></span> <span class='ocrx_word' id='word_1_246' title='bbox 530 3185 813 3255; x_wconf 90' lang='lat' dir='ltr'><strong>discredit,</strong></span> <span class='ocrx_word' id='word_1_247' title='bbox 862 3197 1132 3259; x_wconf 89' lang='lat' dir='ltr'><strong>peccatum</strong></span> <span class='ocrx_word' id='word_1_248' title='bbox 1175 3189 1440 3244; x_wconf 85' lang='lat' dir='ltr'><strong>contrahit</strong></span> <span class='ocrx_word' id='word_1_249' title='bbox 1483 3189 1806 3256; x_wconf 85' lang='lat' dir='ltr'><strong>insanabile,</strong></span> <span class='ocrx_word' id='word_1_250' title='bbox 1834 3190 1956 3261; x_wconf 88' lang='lat' dir='ltr'><strong>quia</strong></span> 
     </span>
    </p>
   </div>
   <div class='ocr_carea' id='block_1_33' title="bbox 394 3278 1958 3352">
    <p class='ocr_par' dir='ltr' id='par_1_33' title="bbox 394 3278 1958 3352">
     <span class='ocr_line' id='line_1_33' title="bbox 394 3278 1958 3352; baseline 0.003 -22"><span class='ocrx_word' id='word_1_251' title='bbox 394 3293 490 3331; x_wconf 89' lang='lat' dir='ltr'><strong>sua</strong></span> <span class='ocrx_word' id='word_1_252' title='bbox 530 3278 894 3335; x_wconf 88' lang='lat' dir='ltr'><strong>incredulitate</strong></span> <span class='ocrx_word' id='word_1_253' title='bbox 932 3280 1090 3336; x_wconf 87' lang='lat' dir='ltr'><strong>audet</strong></span> <span class='ocrx_word' id='word_1_254' title='bbox 1131 3281 1295 3336; x_wconf 89' lang='lat' dir='ltr'><strong>Deum</strong></span> <span class='ocrx_word' id='word_1_255' title='bbox 1339 3290 1431 3336; x_wconf 87' lang='lat' dir='ltr'><strong>aut</strong></span> <span class='ocrx_word' id='word_1_256' title='bbox 1476 3281 1820 3352; x_wconf 89' lang='lat' dir='ltr'><strong>impotentem</strong></span> <span class='ocrx_word' id='word_1_257' title='bbox 1865 3290 1958 3335; x_wconf 90' lang='lat' dir='ltr'><strong>aut</strong></span> 
     </span>
    </p>
   </div>
   <div class='ocr_carea' id='block_1_34' title="bbox 394 3371 1959 3443">
    <p class='ocr_par' dir='ltr' id='par_1_34' title="bbox 394 3371 1959 3443">
     <span class='ocr_line' id='line_1_34' title="bbox 394 3371 1959 3443; baseline 0.004 -21"><span class='ocrx_word' id='word_1_258' title='bbox 394 3377 542 3422; x_wconf 89' lang='lat' dir='ltr'><strong>certe</strong></span> <span class='ocrx_word' id='word_1_259' title='bbox 582 3383 882 3425; x_wconf 88' lang='lat' dir='ltr'><strong>asseverare</strong></span> <span class='ocrx_word' id='word_1_260' title='bbox 915 3371 1242 3427; x_wconf 86' lang='lat' dir='ltr'><strong>mendacem.</strong></span> <span class='ocrx_word' id='word_1_261' title='bbox 1292 3373 1395 3428; x_wconf 90' lang='lat' dir='ltr'><strong>Sed</strong></span> <span class='ocrx_word' id='word_1_262' title='bbox 1425 3387 1530 3428; x_wconf 90' lang='lat' dir='ltr'><strong>non</strong></span> <span class='ocrx_word' id='word_1_263' title='bbox 1559 3374 1630 3428; x_wconf 91' lang='lat' dir='ltr'><strong>ita</strong></span> <span class='ocrx_word' id='word_1_264' title='bbox 1656 3374 1797 3428; x_wconf 91' lang='lat' dir='ltr'><strong>beati</strong></span> <span class='ocrx_word' id='word_1_265' title='bbox 1834 3389 1959 3443; x_wconf 88' lang='lat' dir='ltr'><strong>apo-</strong></span> 
     </span>
    </p>
   </div>
   <div class='ocr_carea' id='block_1_35' title="bbox 395 3461 1958 3536">
    <p class='ocr_par' dir='ltr' id='par_1_35' title="bbox 395 3461 1958 3536">
     <span class='ocr_line' id='line_1_35' title="bbox 395 3461 1958 3536; baseline 0.003 -21"><span class='ocrx_word' id='word_1_266' title='bbox 395 3461 542 3526; x_wconf 88' lang='lat' dir='ltr'><strong>stoli,</strong></span> <span class='ocrx_word' id='word_1_267' title='bbox 571 3477 676 3515; x_wconf 91' lang='lat' dir='ltr'><strong>non</strong></span> <span class='ocrx_word' id='word_1_268' title='bbox 702 3462 770 3516; x_wconf 91' lang='lat' dir='ltr'><strong>ita</strong></span> <span class='ocrx_word' id='word_1_269' title='bbox 806 3465 968 3518; x_wconf 88' lang='lat' dir='ltr'><strong>sancti</strong></span> <span class='ocrx_word' id='word_1_270' title='bbox 996 3473 1256 3536; x_wconf 85' lang='lat' dir='ltr'><strong>martyres</strong></span> <span class='ocrx_word' id='word_1_271' title='bbox 1276 3465 1521 3535; x_wconf 75' lang='lat' dir='ltr'><strong>probant.</strong></span> <span class='ocrx_word' id='word_1_272' title='bbox 1546 3465 1804 3534; x_wconf 84' lang='lat' dir='ltr'><strong>Apostoli,</strong></span> <span class='ocrx_word' id='word_1_273' title='bbox 1835 3481 1958 3536; x_wconf 81' lang='lat' dir='ltr'><strong>pro-</strong></span> 
     </span>
    </p>
   </div>
   <div class='ocr_carea' id='block_1_36' title="bbox 396 3551 1956 3623">
    <p class='ocr_par' dir='ltr' id='par_1_36' title="bbox 396 3551 1956 3623">
     <span class='ocr_line' id='line_1_36' title="bbox 396 3551 1956 3623; baseline 0.003 -18"><span class='ocrx_word' id='word_1_274' title='bbox 396 3561 518 3620; x_wconf 88' lang='lat' dir='ltr'><strong>pter</strong></span> <span class='ocrx_word' id='word_1_275' title='bbox 557 3551 696 3607; x_wconf 89' lang='lat' dir='ltr'><strong>hanc</strong></span> <span class='ocrx_word' id='word_1_276' title='bbox 737 3553 1160 3622; x_wconf 65' lang='lat' dir='ltr'><strong>prmdicationem</strong></span> <span class='ocrx_word' id='word_1_277' title='bbox 1206 3556 1606 3616; x_wconf 86' lang='lat' dir='ltr'><strong>resurrectionis</strong></span> <span class='ocrx_word' id='word_1_278' title='bbox 1631 3597 1646 3623; x_wconf 93' lang='lat'><strong>,</strong></span> <span class='ocrx_word' id='word_1_279' title='bbox 1691 3556 1956 3611; x_wconf 86' lang='lat' dir='ltr'><strong>Christum</strong></span> 
     </span>
    </p>
   </div>
   <div class='ocr_carea' id='block_1_37' title="bbox 396 3643 1962 3716">
    <p class='ocr_par' dir='ltr' id='par_1_37' title="bbox 396 3643 1962 3716">
     <span class='ocr_line' id='line_1_37' title="bbox 396 3643 1962 3716; baseline 0.001 -18"><span class='ocrx_word' id='word_1_280' title='bbox 396 3643 753 3698; x_wconf 84' lang='lat' dir='ltr'><strong>resurrexisse</strong></span> <span class='ocrx_word' id='word_1_281' title='bbox 781 3643 1099 3714; x_wconf 75' lang='lat' dir='ltr'><strong>praedicant,</strong></span> <span class='ocrx_word' id='word_1_282' title='bbox 1143 3655 1196 3700; x_wconf 93' lang='lat' dir='ltr'><strong>et</strong></span> <span class='ocrx_word' id='word_1_283' title='bbox 1221 3647 1273 3700; x_wconf 91' lang='lat' dir='ltr'><strong>in</strong></span> <span class='ocrx_word' id='word_1_284' title='bbox 1301 3646 1414 3716; x_wconf 91' lang='lat' dir='ltr'><strong>ipso</strong></span> <span class='ocrx_word' id='word_1_285' title='bbox 1443 3654 1679 3701; x_wconf 90' lang='lat' dir='ltr'><strong>mortuos</strong></span> <span class='ocrx_word' id='word_1_286' title='bbox 1704 3647 1962 3701; x_wconf 90' lang='lat' dir='ltr'><strong>suscitan—</strong></span> 
     </span>
    </p>
   </div>
   <div class='ocr_carea' id='block_1_38' title="bbox 397 3734 1960 3801">
    <p class='ocr_par' dir='ltr' id='par_1_38' title="bbox 397 3734 1960 3801">
     <span class='ocr_line' id='line_1_38' title="bbox 397 3734 1960 3801; baseline 0.002 -14"><span class='ocrx_word' id='word_1_287' title='bbox 397 3734 495 3788; x_wconf 90' lang='lat' dir='ltr'><strong>dos</strong></span> <span class='ocrx_word' id='word_1_288' title='bbox 523 3736 869 3801; x_wconf 91' lang='lat' dir='ltr'><strong>annuntiant,</strong></span> <span class='ocrx_word' id='word_1_289' title='bbox 910 3751 1009 3791; x_wconf 89' lang='lat' dir='ltr'><strong>nec</strong></span> <span class='ocrx_word' id='word_1_290' title='bbox 1045 3746 1270 3793; x_wconf 89' lang='lat' dir='ltr'><strong>mortem</strong></span> <span class='ocrx_word' id='word_1_291' title='bbox 1315 3753 1411 3793; x_wconf 88' lang='lat' dir='ltr'><strong>nec</strong></span> <span class='ocrx_word' id='word_1_292' title='bbox 1459 3746 1717 3793; x_wconf 87' lang='lat' dir='ltr'><strong>tormenta</strong></span> <span class='ocrx_word' id='word_1_293' title='bbox 1745 3752 1960 3793; x_wconf 89' lang='lat' dir='ltr'><strong>recusa-</strong></span> 
     </span>
    </p>
   </div>
   <div class='ocr_carea' id='block_1_39' title="bbox 397 3827 1960 3899">
    <p class='ocr_par' dir='ltr' id='par_1_39' title="bbox 397 3827 1960 3899">
     <span class='ocr_line' id='line_1_39' title="bbox 397 3827 1960 3899; baseline 0.003 -20"><span class='ocrx_word' id='word_1_294' title='bbox 397 3835 587 3879; x_wconf 88' lang='lat' dir='ltr'><strong>verunt</strong></span> <span class='ocrx_word' id='word_1_295' title='bbox 615 3840 715 3880; x_wconf 89' lang='lat' dir='ltr'><strong>nec</strong></span> <span class='ocrx_word' id='word_1_296' title='bbox 747 3841 949 3882; x_wconf 89' lang='lat' dir='ltr'><strong>cruces.</strong></span> <span class='ocrx_word' id='word_1_297' title='bbox 998 3827 1053 3883; x_wconf 89' lang='lat' dir='ltr'><strong>Si</strong></span> <span class='ocrx_word' id='word_1_298' title='bbox 1083 3844 1208 3899; x_wconf 90' lang='lat' dir='ltr'><strong>ergo</strong></span> <span class='ocrx_word' id='word_1_299' title='bbox 1234 3830 1287 3883; x_wconf 90' lang='lat' dir='ltr'><strong>in</strong></span> <span class='ocrx_word' id='word_1_300' title='bbox 1313 3845 1405 3884; x_wconf 90' lang='lat' dir='ltr'><strong>ore</strong></span> <span class='ocrx_word' id='word_1_301' title='bbox 1433 3830 1657 3885; x_wconf 91' lang='lat' dir='ltr'><strong>duorum</strong></span> <span class='ocrx_word' id='word_1_302' title='bbox 1682 3830 1764 3885; x_wconf 85' lang='lat' dir='ltr'><strong>vel</strong></span> <span class='ocrx_word' id='word_1_303' title='bbox 1805 3831 1960 3884; x_wconf 91' lang='lat' dir='ltr'><strong>trium</strong></span> 
     </span>
    </p>
   </div>
   <div class='ocr_carea' id='block_1_40' title="bbox 398 3916 1956 3990">
    <p class='ocr_par' dir='ltr' id='par_1_40' title="bbox 398 3916 1956 3990">
     <span class='ocr_line' id='line_1_40' title="bbox 398 3916 1956 3990; baseline 0.004 -21"><span class='ocrx_word' id='word_1_304' title='bbox 398 3916 607 3971; x_wconf 86' lang='lat' dir='ltr'><strong>testium</strong></span> <span class='ocrx_word' id='word_1_305' title='bbox 636 3926 738 3972; x_wconf 88' lang='lat' dir='ltr'><strong>stat</strong></span> <span class='ocrx_word' id='word_1_306' title='bbox 767 3933 924 3974; x_wconf 92' lang='lat' dir='ltr'><strong>omne</strong></span> <span class='ocrx_word' id='word_1_307' title='bbox 953 3920 1174 3974; x_wconf 90' lang='lat' dir='ltr'><strong>verbum</strong></span> <span class='ocrx_word' id='word_1_308' title='bbox 1205 3937 1217 3972; x_wconf 93' lang='lat'>:</span> <span class='ocrx_word' id='word_1_309' title='bbox 1259 3922 1577 3976; x_wconf 88' lang='lat' dir='ltr'><strong>resurrectio</strong></span> <span class='ocrx_word' id='word_1_310' title='bbox 1604 3931 1956 3990; x_wconf 90' lang='lat' dir='ltr'><strong>mortuorum,</strong></span> 
     </span>
    </p>
   </div>
   <div class='ocr_carea' id='block_1_41' title="bbox 398 4008 1962 4079">
    <p class='ocr_par' dir='ltr' id='par_1_41' title="bbox 398 4008 1962 4079">
     <span class='ocr_line' id='line_1_41' title="bbox 398 4008 1962 4079; baseline 0.005 -18"><span class='ocrx_word' id='word_1_311' title='bbox 398 4008 481 4062; x_wconf 90' lang='lat' dir='ltr'><strong>cui</strong></span> <span class='ocrx_word' id='word_1_312' title='bbox 519 4018 593 4063; x_wconf 91' lang='lat' dir='ltr'><strong>tot</strong></span> <span class='ocrx_word' id='word_1_313' title='bbox 620 4019 671 4064; x_wconf 89' lang='lat' dir='ltr'><strong>et</strong></span> <span class='ocrx_word' id='word_1_314' title='bbox 701 4018 804 4064; x_wconf 89' lang='lat' dir='ltr'><strong>tam</strong></span> <span class='ocrx_word' id='word_1_315' title='bbox 835 4011 1008 4066; x_wconf 91' lang='lat' dir='ltr'><strong>idonei</strong></span> <span class='ocrx_word' id='word_1_316' title='bbox 1041 4021 1201 4067; x_wconf 86' lang='lat' dir='ltr'><strong>testes</strong></span> <span class='ocrx_word' id='word_1_317' title='bbox 1228 4014 1518 4079; x_wconf 83' lang='lat' dir='ltr'><strong>exsistunt,</strong></span> <span class='ocrx_word' id='word_1_318' title='bbox 1562 4015 1644 4068; x_wconf 91' lang='lat' dir='ltr'><strong>cui</strong></span> <span class='ocrx_word' id='word_1_319' title='bbox 1683 4030 1800 4069; x_wconf 94' lang='lat' dir='ltr'><strong>cum</strong></span> <span class='ocrx_word' id='word_1_320' title='bbox 1831 4015 1962 4069; x_wconf 44' lang='lat' dir='ltr'><strong>emi;</strong></span> 
     </span>
    </p>
   </div>
   <div class='ocr_carea' id='block_1_42' title="bbox 401 4098 1963 4175">
    <p class='ocr_par' dir='ltr' id='par_1_42' title="bbox 401 4098 1963 4175">
     <span class='ocr_line' id='line_1_42' title="bbox 401 4098 1963 4175; baseline 0.006 -25"><span class='ocrx_word' id='word_1_321' title='bbox 401 4098 544 4153; x_wconf 88' lang='lat' dir='ltr'><strong>sione</strong></span> <span class='ocrx_word' id='word_1_322' title='bbox 572 4101 840 4170; x_wconf 88' lang='lat' dir='ltr'><strong>sanguinis</strong></span> <span class='ocrx_word' id='word_1_323' title='bbox 868 4102 1222 4156; x_wconf 90' lang='lat' dir='ltr'><strong>testimonium</strong></span> <span class='ocrx_word' id='word_1_324' title='bbox 1249 4104 1460 4169; x_wconf 88' lang='lat' dir='ltr'><strong>dicunt,</strong></span> <span class='ocrx_word' id='word_1_325' title='bbox 1497 4105 1762 4174; x_wconf 89' lang='lat' dir='ltr'><strong>quomodo</strong></span> <span class='ocrx_word' id='word_1_326' title='bbox 1789 4115 1963 4175; x_wconf 89' lang='lat' dir='ltr'><strong>potest</strong></span> 
     </span>
    </p>
   </div>
   <div class='ocr_carea' id='block_1_43' title="bbox 402 4189 1962 4267">
    <p class='ocr_par' dir='ltr' id='par_1_43' title="bbox 402 4189 1962 4267">
     <span class='ocr_line' id='line_1_43' title="bbox 402 4189 1962 4267; baseline 0.006 -25"><span class='ocrx_word' id='word_1_327' title='bbox 402 4189 451 4242; x_wconf 92' lang='lat' dir='ltr'><strong>in</strong></span> <span class='ocrx_word' id='word_1_328' title='bbox 481 4190 699 4245; x_wconf 90' lang='lat' dir='ltr'><strong>dubium</strong></span> <span class='ocrx_word' id='word_1_329' title='bbox 737 4193 1014 4247; x_wconf 89' lang='lat' dir='ltr'><strong>revocari?</strong></span> <span class='ocrx_word' id='word_1_330' title='bbox 1056 4194 1190 4263; x_wconf 86' lang='lat' dir='ltr'><strong>Quid</strong></span> <span class='ocrx_word' id='word_1_331' title='bbox 1238 4204 1412 4250; x_wconf 89' lang='lat' dir='ltr'><strong>autem</strong></span> <span class='ocrx_word' id='word_1_332' title='bbox 1454 4197 1620 4250; x_wconf 91' lang='lat' dir='ltr'><strong>sancti</strong></span> <span class='ocrx_word' id='word_1_333' title='bbox 1668 4198 1962 4267; x_wconf 85' lang='lat' dir='ltr'><strong>martyres?</strong></span> 
     </span>
    </p>
   </div>
   <div class='ocr_carea' id='block_1_44' title="bbox 402 4279 1961 4354">
    <p class='ocr_par' dir='ltr' id='par_1_44' title="bbox 402 4279 1961 4354">
     <span class='ocr_line' id='line_1_44' title="bbox 402 4279 1961 4354; baseline 0.005 -20"><span class='ocrx_word' id='word_1_334' title='bbox 402 4279 693 4336; x_wconf 88' lang='lat' dir='ltr'><strong>habuerunt</strong></span> <span class='ocrx_word' id='word_1_335' title='bbox 718 4292 917 4338; x_wconf 88' lang='lat' dir='ltr'><strong>certam</strong></span> <span class='ocrx_word' id='word_1_336' title='bbox 962 4300 1108 4354; x_wconf 90' lang='lat' dir='ltr'><strong>spem</strong></span> <span class='ocrx_word' id='word_1_337' title='bbox 1155 4287 1589 4351; x_wconf 79' lang='lat' dir='ltr'><strong>resurrccﬁonis,</strong></span> <span class='ocrx_word' id='word_1_338' title='bbox 1635 4289 1850 4342; x_wconf 90' lang='lat' dir='ltr'><strong>annon?</strong></span> <span class='ocrx_word' id='word_1_339' title='bbox 1906 4288 1961 4342; x_wconf 88' lang='lat' dir='ltr'><strong>Si</strong></span> 
     </span>
    </p>
   </div>
   <div class='ocr_carea' id='block_1_45' title="bbox 403 4373 1964 4446">
    <p class='ocr_par' dir='ltr' id='par_1_45' title="bbox 403 4373 1964 4446">
     <span class='ocr_line' id='line_1_45' title="bbox 403 4373 1964 4446; baseline 0.005 -20"><span class='ocrx_word' id='word_1_340' title='bbox 403 4388 506 4426; x_wconf 89' lang='lat' dir='ltr'><strong>non</strong></span> <span class='ocrx_word' id='word_1_341' title='bbox 535 4373 877 4441; x_wconf 90' lang='lat' dir='ltr'><strong>habuissent,</strong></span> <span class='ocrx_word' id='word_1_342' title='bbox 922 4393 1024 4430; x_wconf 91' lang='lat' dir='ltr'><strong>non</strong></span> <span class='ocrx_word' id='word_1_343' title='bbox 1055 4378 1231 4446; x_wconf 90' lang='lat' dir='ltr'><strong>utique</strong></span> <span class='ocrx_word' id='word_1_344' title='bbox 1274 4393 1367 4446; x_wconf 89' lang='lat' dir='ltr'><strong>per</strong></span> <span class='ocrx_word' id='word_1_345' title='bbox 1406 4387 1580 4433; x_wconf 90' lang='lat' dir='ltr'><strong>tantos</strong></span> <span class='ocrx_word' id='word_1_346' title='bbox 1618 4379 1882 4434; x_wconf 89' lang='lat' dir='ltr'><strong>cruciatus</strong></span> <span class='ocrx_word' id='word_1_347' title='bbox 1911 4388 1964 4434; x_wconf 85' lang='lat' dir='ltr'><strong>et</strong></span> 
     </span>
    </p>
   </div>
   <div class='ocr_carea' id='block_1_46' title="bbox 405 4471 1961 4540">
    <p class='ocr_par' dir='ltr' id='par_1_46' title="bbox 405 4471 1961 4540">
     <span class='ocr_line' id='line_1_46' title="bbox 405 4471 1961 4540; baseline 0.004 -20"><span class='ocrx_word' id='word_1_348' title='bbox 405 4482 582 4535; x_wconf 75' lang='lat' dir='ltr'><strong>pmnas</strong></span> <span class='ocrx_word' id='word_1_349' title='bbox 615 4478 837 4523; x_wconf 88' lang='lat' dir='ltr'><strong>mortem</strong></span> <span class='ocrx_word' id='word_1_350' title='bbox 868 4485 964 4538; x_wconf 91' lang='lat' dir='ltr'><strong>pro</strong></span> <span class='ocrx_word' id='word_1_351' title='bbox 993 4471 1136 4524; x_wconf 87' lang='lat' dir='ltr'><strong>lucro</strong></span> <span class='ocrx_word' id='word_1_352' title='bbox 1181 4472 1408 4524; x_wconf 82' lang='lat' dir='ltr'><strong>maximo</strong></span> <span class='ocrx_word' id='word_1_353' title='bbox 1433 4473 1826 4540; x_wconf 89' lang='lat' dir='ltr'><strong>suscepissent:</strong></span> <span class='ocrx_word' id='word_1_354' title='bbox 1856 4488 1961 4526; x_wconf 89' lang='lat' dir='ltr'><strong>non</strong></span> 
     </span>
    </p>
   </div>
   <div class='ocr_carea' id='block_1_47' title="bbox 403 4561 1960 4634">
    <p class='ocr_par' dir='ltr' id='par_1_47' title="bbox 403 4561 1960 4634">
     <span class='ocr_line' id='line_1_47' title="bbox 403 4561 1960 4634; baseline 0.004 -22"><span class='ocrx_word' id='word_1_355' title='bbox 403 4561 695 4628; x_wconf 85' lang='lat' dir='ltr'><strong>cogitabant</strong></span> <span class='ocrx_word' id='word_1_356' title='bbox 720 4562 972 4629; x_wconf 89' lang='lat' dir='ltr'><strong>supplicia</strong></span> <span class='ocrx_word' id='word_1_357' title='bbox 996 4561 1292 4630; x_wconf 66' lang='lat' dir='ltr'><strong>praesentia,</strong></span> <span class='ocrx_word' id='word_1_358' title='bbox 1313 4563 1404 4616; x_wconf 88' lang='lat' dir='ltr'><strong>sed</strong></span> <span class='ocrx_word' id='word_1_359' title='bbox 1429 4565 1639 4631; x_wconf 65' lang='lat' dir='ltr'><strong>praemia</strong></span> <span class='ocrx_word' id='word_1_360' title='bbox 1661 4574 1960 4634; x_wconf 79' lang='lat' dir='ltr'><strong>sequutum.</strong></span> 
     </span>
    </p>
   </div>
   <div class='ocr_carea' id='block_1_48' title="bbox 406 4648 1964 4726">
    <p class='ocr_par' dir='ltr' id='par_1_48' title="bbox 406 4648 1964 4726">
     <span class='ocr_line' id='line_1_48' title="bbox 406 4648 1964 4726; baseline 0.003 -21"><span class='ocrx_word' id='word_1_361' title='bbox 406 4648 645 4705; x_wconf 83' lang='lat' dir='ltr'><strong>Sciebant</strong></span> <span class='ocrx_word' id='word_1_362' title='bbox 667 4651 862 4704; x_wconf 89' lang='lat' dir='ltr'><strong>dictum</strong></span> <span class='ocrx_word' id='word_1_363' title='bbox 884 4693 898 4715; x_wconf 90' lang='lat'><strong>,</strong></span> <span class='ocrx_word' id='word_1_364' title='bbox 931 4652 1052 4718; x_wconf 66' lang='lat' dir='ltr'><strong>Qui:</strong></span> <span class='ocrx_word' id='word_1_365' title='bbox 1072 4653 1298 4705; x_wconf 84' lang='lat' dir='ltr'><strong>videntur</strong></span> <span class='ocrx_word' id='word_1_366' title='bbox 1318 4695 1331 4718; x_wconf 94' lang='lat'><strong>,</strong></span> <span class='ocrx_word' id='word_1_367' title='bbox 1363 4653 1429 4705; x_wconf 85' lang='lat' dir='ltr'><strong>ad</strong></span> <span class='ocrx_word' id='word_1_368' title='bbox 1452 4663 1643 4724; x_wconf 87' lang='lat' dir='ltr'><strong>tempus</strong></span> <span class='ocrx_word' id='word_1_369' title='bbox 1668 4665 1818 4719; x_wconf 85' lang='lat' dir='ltr'><strong>sunt;</strong></span> <span class='ocrx_word' id='word_1_370' title='bbox 1852 4673 1964 4726; x_wconf 79' lang='lat' dir='ltr'><strong>qua:</strong></span> 
     </span>
    </p>
   </div>
   <div class='ocr_carea' id='block_1_49' title="bbox 407 4743 1964 4815">
    <p class='ocr_par' dir='ltr' id='par_1_49' title="bbox 407 4743 1964 4815">
     <span class='ocr_line' id='line_1_49' title="bbox 407 4743 1964 4815; baseline 0.005 -21"><span class='ocrx_word' id='word_1_371' title='bbox 407 4753 566 4795; x_wconf 84' lang='lat' dir='ltr'><strong>autem</strong></span> <span class='ocrx_word' id='word_1_372' title='bbox 593 4760 693 4796; x_wconf 85' lang='lat' dir='ltr'><strong>non</strong></span> <span class='ocrx_word' id='word_1_373' title='bbox 735 4744 994 4808; x_wconf 68' lang='lat' dir='ltr'><strong>videntur,</strong></span> <span class='ocrx_word' id='word_1_374' title='bbox 1032 4754 1217 4797; x_wconf 79' lang='lat' dir='ltr'><strong>wterna</strong></span> <span class='ocrx_word' id='word_1_375' title='bbox 1244 4754 1355 4798; x_wconf 86' lang='lat' dir='ltr'><strong>sunt</strong></span> <span class='ocrx_word' id='word_1_376' title='bbox 1387 4745 1459 4814; x_wconf 74' lang='lat'><strong>(‘2.</strong></span> <span class='ocrx_word' id='word_1_377' title='bbox 1485 4743 1602 4801; x_wconf 86' lang='lat' dir='ltr'><strong>Cor.</strong></span> <span class='ocrx_word' id='word_1_378' title='bbox 1626 4747 1677 4800; x_wconf 73' lang='lat'><strong>4.</strong></span> <span class='ocrx_word' id='word_1_379' title='bbox 1710 4747 1821 4815; x_wconf 82' lang='lat' dir='ltr'><strong>l8).</strong></span> <span class='ocrx_word' id='word_1_380' title='bbox 1857 4750 1964 4801; x_wconf 90' lang='lat' dir='ltr'><strong>Au-</strong></span> 
     </span>
    </p>
   </div>
   <div class='ocr_carea' id='block_1_50' title="bbox 407 4831 1963 4906">
    <p class='ocr_par' dir='ltr' id='par_1_50' title="bbox 407 4831 1963 4906">
     <span class='ocr_line' id='line_1_50' title="bbox 407 4831 1963 4906; baseline 0.005 -22"><span class='ocrx_word' id='word_1_381' title='bbox 407 4831 509 4886; x_wconf 90' lang='lat' dir='ltr'><strong>dite</strong></span> <span class='ocrx_word' id='word_1_382' title='bbox 529 4874 542 4895; x_wconf 92' lang='lat'><strong>,</strong></span> <span class='ocrx_word' id='word_1_383' title='bbox 573 4833 761 4887; x_wconf 81' lang='lat' dir='ltr'><strong>fratres</strong></span> <span class='ocrx_word' id='word_1_384' title='bbox 785 4874 798 4900; x_wconf 91' lang='lat'><strong>,</strong></span> <span class='ocrx_word' id='word_1_385' title='bbox 826 4836 1031 4888; x_wconf 86' lang='lat' dir='ltr'><strong>virtutis</strong></span> <span class='ocrx_word' id='word_1_386' title='bbox 1060 4836 1379 4904; x_wconf 77' lang='lat' dir='ltr'><strong>exemplum.</strong></span> <span class='ocrx_word' id='word_1_387' title='bbox 1410 4836 1571 4890; x_wconf 87' lang='lat' dir='ltr'><strong>Mater</strong></span> <span class='ocrx_word' id='word_1_388' title='bbox 1593 4847 1796 4906; x_wconf 89' lang='lat' dir='ltr'><strong>septem</strong></span> <span class='ocrx_word' id='word_1_389' title='bbox 1825 4837 1963 4893; x_wconf 92' lang='lat' dir='ltr'><strong>ﬁlios</strong></span> 
     </span>
    </p>
   </div>
   <div class='ocr_carea' id='block_1_51' title="bbox 406 4920 1962 4994">
    <p class='ocr_par' dir='ltr' id='par_1_51' title="bbox 406 4920 1962 4994">
     <span class='ocr_line' id='line_1_51' title="bbox 406 4920 1962 4994; baseline 0.007 -22"><span class='ocrx_word' id='word_1_390' title='bbox 406 4920 736 4988; x_wconf 85' lang='lat' dir='ltr'><strong>hortabatur,</strong></span> <span class='ocrx_word' id='word_1_391' title='bbox 786 4933 840 4977; x_wconf 91' lang='lat' dir='ltr'><strong>et</strong></span> <span class='ocrx_word' id='word_1_392' title='bbox 882 4940 982 4977; x_wconf 91' lang='lat' dir='ltr'><strong>non</strong></span> <span class='ocrx_word' id='word_1_393' title='bbox 1028 4925 1276 4994; x_wconf 81' lang='lat' dir='ltr'><strong>lugebat,</strong></span> <span class='ocrx_word' id='word_1_394' title='bbox 1329 4925 1421 4978; x_wconf 88' lang='lat' dir='ltr'><strong>sed</strong></span> <span class='ocrx_word' id='word_1_395' title='bbox 1451 4926 1624 4994; x_wconf 83' lang='lat' dir='ltr'><strong>petius</strong></span> <span class='ocrx_word' id='word_1_396' title='bbox 1653 4927 1962 4983; x_wconf 83' lang='lat' dir='ltr'><strong>laetabatur:</strong></span> 
     </span>
    </p>
   </div>
   <div class='ocr_carea' id='block_1_52' title="bbox 403 5010 1964 5084">
    <p class='ocr_par' dir='ltr' id='par_1_52' title="bbox 403 5010 1964 5084">
     <span class='ocr_line' id='line_1_52' title="bbox 403 5010 1964 5084; baseline 0.007 -23"><span class='ocrx_word' id='word_1_397' title='bbox 403 5010 609 5066; x_wconf 82' lang='lat' dir='ltr'><strong>videbat</strong></span> <span class='ocrx_word' id='word_1_398' title='bbox 633 5012 768 5066; x_wconf 87' lang='lat' dir='ltr'><strong>ﬁlios</strong></span> <span class='ocrx_word' id='word_1_399' title='bbox 797 5028 920 5067; x_wconf 90' lang='lat' dir='ltr'><strong>suos</strong></span> <span class='ocrx_word' id='word_1_400' title='bbox 947 5016 1152 5084; x_wconf 84' lang='lat' dir='ltr'><strong>ungulis</strong></span> <span class='ocrx_word' id='word_1_401' title='bbox 1192 5015 1342 5078; x_wconf 88' lang='lat' dir='ltr'><strong>radi,</strong></span> <span class='ocrx_word' id='word_1_402' title='bbox 1391 5014 1533 5069; x_wconf 89' lang='lat' dir='ltr'><strong>ferro</strong></span> <span class='ocrx_word' id='word_1_403' title='bbox 1571 5019 1807 5084; x_wconf 89' lang='lat' dir='ltr'><strong>concidi,</strong></span> <span class='ocrx_word' id='word_1_404' title='bbox 1852 5034 1964 5072; x_wconf 89' lang='lat' dir='ltr'><strong>sar-</strong></span> 
     </span>
    </p>
   </div>
   <div class='ocr_carea' id='block_1_53' title="bbox 404 5103 1964 5174">
    <p class='ocr_par' dir='ltr' id='par_1_53' title="bbox 404 5103 1964 5174">
     <span class='ocr_line' id='line_1_53' title="bbox 404 5103 1964 5174; baseline 0.004 -21"><span class='ocrx_word' id='word_1_405' title='bbox 404 5103 573 5169; x_wconf 85' lang='lat' dir='ltr'><strong>tagine</strong></span> <span class='ocrx_word' id='word_1_406' title='bbox 601 5104 796 5169; x_wconf 83' lang='lat' dir='ltr'><strong>assari;</strong></span> <span class='ocrx_word' id='word_1_407' title='bbox 838 5114 889 5157; x_wconf 88' lang='lat' dir='ltr'><strong>et</strong></span> <span class='ocrx_word' id='word_1_408' title='bbox 917 5119 1020 5156; x_wconf 92' lang='lat' dir='ltr'><strong>non</strong></span> <span class='ocrx_word' id='word_1_409' title='bbox 1048 5105 1304 5174; x_wconf 88' lang='lat' dir='ltr'><strong>lacrymas</strong></span> <span class='ocrx_word' id='word_1_410' title='bbox 1330 5104 1611 5169; x_wconf 85' lang='lat' dir='ltr'><strong>fundebat,</strong></span> <span class='ocrx_word' id='word_1_411' title='bbox 1656 5123 1762 5161; x_wconf 87' lang='lat' dir='ltr'><strong>non</strong></span> <span class='ocrx_word' id='word_1_412' title='bbox 1798 5109 1964 5162; x_wconf 92' lang='lat' dir='ltr'><strong>ulula-</strong></span> 
     </span>
    </p>
   </div>
   <div class='ocr_carea' id='block_1_54' title="bbox 403 5193 1962 5257">
    <p class='ocr_par' dir='ltr' id='par_1_54' title="bbox 403 5193 1962 5257">
     <span class='ocr_line' id='line_1_54' title="bbox 403 5193 1962 5257; baseline 0.005 -13"><span class='ocrx_word' id='word_1_413' title='bbox 403 5203 482 5248; x_wconf 90' lang='lat' dir='ltr'><strong>tus</strong></span> <span class='ocrx_word' id='word_1_414' title='bbox 511 5193 762 5257; x_wconf 88' lang='lat' dir='ltr'><strong>tollebat,</strong></span> <span class='ocrx_word' id='word_1_415' title='bbox 809 5195 900 5249; x_wconf 88' lang='lat' dir='ltr'><strong>sed</strong></span> <span class='ocrx_word' id='word_1_416' title='bbox 927 5196 1150 5250; x_wconf 87' lang='lat' dir='ltr'><strong>sollicite</strong></span> <span class='ocrx_word' id='word_1_417' title='bbox 1171 5196 1236 5250; x_wconf 91' lang='lat' dir='ltr'><strong>ad</strong></span> <span class='ocrx_word' id='word_1_418' title='bbox 1266 5197 1597 5253; x_wconf 87' lang='lat' dir='ltr'><strong>tolerantiam</strong></span> <span class='ocrx_word' id='word_1_419' title='bbox 1621 5199 1754 5253; x_wconf 91' lang='lat' dir='ltr'><strong>ﬁlios</strong></span> <span class='ocrx_word' id='word_1_420' title='bbox 1780 5199 1962 5254; x_wconf 89' lang='lat' dir='ltr'><strong>horta-</strong></span> 
     </span>
    </p>
   </div>
   <div class='ocr_carea' id='block_1_55' title="bbox 401 5284 1960 5360">
    <p class='ocr_par' dir='ltr' id='par_1_55' title="bbox 401 5284 1960 5360">
     <span class='ocr_line' id='line_1_55' title="bbox 401 5284 1960 5360; baseline 0.006 -24"><span class='ocrx_word' id='word_1_421' title='bbox 401 5284 566 5339; x_wconf 81' lang='lat' dir='ltr'><strong>batur.</strong></span> <span class='ocrx_word' id='word_1_422' title='bbox 599 5285 716 5340; x_wconf 84' lang='lat' dir='ltr'><strong>Non</strong></span> <span class='ocrx_word' id='word_1_423' title='bbox 743 5288 880 5341; x_wconf 89' lang='lat' dir='ltr'><strong>enim</strong></span> <span class='ocrx_word' id='word_1_424' title='bbox 907 5298 1020 5341; x_wconf 86' lang='lat' dir='ltr'><strong>erat</strong></span> <span class='ocrx_word' id='word_1_425' title='bbox 1049 5289 1136 5342; x_wconf 92' lang='lat' dir='ltr'><strong>illa</strong></span> <span class='ocrx_word' id='word_1_426' title='bbox 1163 5288 1389 5344; x_wconf 91' lang='lat' dir='ltr'><strong>crudelis</strong></span> <span class='ocrx_word' id='word_1_427' title='bbox 1414 5290 1612 5360; x_wconf 88' lang='lat' dir='ltr'><strong>utique,</strong></span> <span class='ocrx_word' id='word_1_428' title='bbox 1642 5293 1732 5345; x_wconf 89' lang='lat' dir='ltr'><strong>sed</strong></span> <span class='ocrx_word' id='word_1_429' title='bbox 1761 5294 1960 5347; x_wconf 87' lang='lat' dir='ltr'><strong>ﬁdelis:</strong></span> 
     </span>
    </p>
   </div>
   <div class='ocr_carea' id='block_1_56' title="bbox 400 5379 1965 5446">
    <p class='ocr_par' dir='ltr' id='par_1_56' title="bbox 400 5379 1965 5446">
     <span class='ocr_line' id='line_1_56' title="bbox 400 5379 1965 5446; baseline 0.008 -20"><span class='ocrx_word' id='word_1_430' title='bbox 400 5379 607 5431; x_wconf 85' lang='lat' dir='ltr'><strong>amabat</strong></span> <span class='ocrx_word' id='word_1_431' title='bbox 635 5379 798 5442; x_wconf 91' lang='lat' dir='ltr'><strong>ﬁlios,</strong></span> <span class='ocrx_word' id='word_1_432' title='bbox 841 5394 945 5432; x_wconf 89' lang='lat' dir='ltr'><strong>non</strong></span> <span class='ocrx_word' id='word_1_433' title='bbox 969 5380 1188 5433; x_wconf 89' lang='lat' dir='ltr'><strong>delicate</strong></span> <span class='ocrx_word' id='word_1_434' title='bbox 1212 5421 1226 5446; x_wconf 94' lang='lat'><strong>,</strong></span> <span class='ocrx_word' id='word_1_435' title='bbox 1255 5381 1345 5434; x_wconf 92' lang='lat' dir='ltr'><strong>sed</strong></span> <span class='ocrx_word' id='word_1_436' title='bbox 1374 5380 1602 5437; x_wconf 79' lang='lat' dir='ltr'><strong>fortiter.</strong></span> <span class='ocrx_word' id='word_1_437' title='bbox 1650 5382 1965 5438; x_wconf 82' lang='lat' dir='ltr'><strong>llortabatur</strong></span> 
     </span>
    </p>
   </div>
   <div class='ocr_carea' id='block_1_57' title="bbox 364 5489 1966 5563">
    <p class='ocr_par' dir='ltr' id='par_1_57' title="bbox 364 5489 1966 5563">
     <span class='ocr_line' id='line_1_57' title="bbox 364 5489 1966 5563; baseline 0.007 -27"><span class='ocrx_word' id='word_1_438' title='bbox 364 5529 369 5536; x_wconf 91' lang='lat'><strong>.</strong></span> <span class='ocrx_word' id='word_1_439' title='bbox 408 5547 432 5563; x_wconf 49' lang='grc' dir='ltr'><em>μ</em></span> <span class='ocrx_word' id='word_1_440' title='bbox 461 5492 475 5520; x_wconf 79' lang='grc'>⁸</span> <span class='ocrx_word' id='word_1_441' title='bbox 515 5489 845 5563; x_wconf 63' lang='lat' dir='ltr'><strong>Inveteribus</strong></span> <span class='ocrx_word' id='word_1_442' title='bbox 866 5495 1027 5550; x_wconf 82' lang='lat' dir='ltr'><strong>Editis,</strong></span> <span class='ocrx_word' id='word_1_443' title='bbox 1051 5492 1119 5543; x_wconf 86' lang='lat' dir='ltr'><strong>sic</strong></span> <span class='ocrx_word' id='word_1_444' title='bbox 1157 5507 1266 5563; x_wconf 79' lang='lat' dir='ltr'><strong>rore</strong></span> <span class='ocrx_word' id='word_1_445' title='bbox 1289 5497 1442 5545; x_wconf 80' lang='lat' dir='ltr'><strong>sancti</strong></span> <span class='ocrx_word' id='word_1_446' title='bbox 1483 5496 1695 5563; x_wconf 77' lang='lat' dir='ltr'><strong>Spiritus</strong></span> <span class='ocrx_word' id='word_1_447' title='bbox 1717 5512 1825 5548; x_wconf 83' lang='lat' dir='ltr'><strong>ossa</strong></span> <span class='ocrx_word' id='word_1_448' title='bbox 1847 5497 1966 5563; x_wconf 78' lang='lat' dir='ltr'><strong>ﬁde-</strong></span> 
     </span>
    </p>
   </div>
   <div class='ocr_carea' id='block_1_58' title="bbox 401 5547 1965 5662">
    <p class='ocr_par' dir='ltr' id='par_1_58' title="bbox 401 5547 1965 5662">
     <span class='ocr_line' id='line_1_58' title="bbox 401 5547 1965 5662; baseline 0.009 -66"><span class='ocrx_word' id='word_1_449' title='bbox 401 5547 512 5660; x_wconf 59' lang='lat' dir='ltr'><strong>liugt</strong></span> <span class='ocrx_word' id='word_1_450' title='bbox 535 5553 723 5662; x_wconf 46' lang='lat' dir='ltr'><strong>gisitata</strong></span> <span class='ocrx_word' id='word_1_451' title='bbox 747 5567 857 5601; x_wconf 88' lang='lat' dir='ltr'><strong>cum</strong></span> <span class='ocrx_word' id='word_1_452' title='bbox 891 5569 972 5603; x_wconf 75' lang='lat' dir='ltr'><strong>suo</strong></span> <span class='ocrx_word' id='word_1_453' title='bbox 997 5547 1195 5617; x_wconf 67' lang='lat' dir='ltr'><strong>corpore</strong></span> <span class='ocrx_word' id='word_1_454' title='bbox 1236 5558 1284 5606; x_wconf 87' lang='lat' dir='ltr'><strong>in</strong></span> <span class='ocrx_word' id='word_1_455' title='bbox 1321 5547 1550 5608; x_wconf 68' lang='lat' dir='ltr'><strong>ceternain</strong></span> <span class='ocrx_word' id='word_1_456' title='bbox 1572 5547 1965 5624; x_wconf 62' lang='lat' dir='ltr'><strong>gloriamge&#39;rmi-</strong></span> 
     </span>
     <span class='ocr_line' id='line_1_59' title="bbox 401 5624 588 5661; baseline 0.011 -2"><span class='ocrx_word' id='word_1_457' title='bbox 401 5624 457 5659; x_wconf 84' lang='lat' dir='ltr'><strong>na</strong></span> <span class='ocrx_word' id='word_1_458' title='bbox 490 5627 534 5660; x_wconf 89' lang='lat' dir='ltr'><strong><em>m</em></strong></span> <span class='ocrx_word' id='word_1_459' title='bbox 577 5651 588 5661; x_wconf 94' lang='lat'><strong>.</strong></span> 
     </span>
    </p>
   </div>
   <div class='ocr_carea' id='block_1_59' title="bbox 399 5624 588 5661">
    <p class='ocr_par' dir='ltr' id='par_1_59' title="bbox 399 5624 588 5661">
     <span class='ocr_line' id='line_1_60' title="bbox 399 5624 588 5661; baseline 0.011 -2"><span class='ocrx_word' id='word_1_460' title='bbox 399 5624 570 5661; x_wconf 80' lang='lat' dir='ltr'><strong>nanum</strong></span> <span class='ocrx_word' id='word_1_461' title='bbox 577 5651 588 5661; x_wconf 93' lang='lat'><strong>.</strong></span> 
     </span>
    </p>
   </div>
   <div class='ocr_carea' id='block_1_60' title="bbox 403 5672 1965 5747">
    <p class='ocr_par' dir='ltr' id='par_1_60' title="bbox 403 5672 1965 5747">
     <span class='ocr_line' id='line_1_61' title="bbox 403 5672 1965 5747; baseline 0.009 -26"><span class='ocrx_word' id='word_1_462' title='bbox 403 5733 414 5742; x_wconf 44' lang='lat'><strong>.</strong></span> <span class='ocrx_word' id='word_1_463' title='bbox 512 5683 638 5742; x_wconf 52' lang='lat' dir='ltr'><strong>tunc,</strong></span> <span class='ocrx_word' id='word_1_464' title='bbox 666 5681 715 5723; x_wconf 88' lang='lat' dir='ltr'><strong>ut</strong></span> <span class='ocrx_word' id='word_1_465' title='bbox 738 5672 972 5747; x_wconf 68' lang='lat' dir='ltr'><strong>producas</strong></span> <span class='ocrx_word' id='word_1_466' title='bbox 997 5676 1126 5747; x_wconf 62' lang='lat' dir='ltr'><strong>quod</strong></span> <span class='ocrx_word' id='word_1_467' title='bbox 1146 5690 1252 5747; x_wconf 52' lang='lat' dir='ltr'><strong>uari</strong></span> <span class='ocrx_word' id='word_1_468' title='bbox 1271 5685 1484 5747; x_wconf 76' lang='lat' dir='ltr'><strong>apparet,</strong></span> <span class='ocrx_word' id='word_1_469' title='bbox 1512 5689 1582 5743; x_wconf 6' lang='lat' dir='ltr'><strong>get.</strong></span> <span class='ocrx_word' id='word_1_470' title='bbox 1614 5696 1744 5744; x_wconf 83' lang='lat' dir='ltr'><strong>mox,</strong></span> <span class='ocrx_word' id='word_1_471' title='bbox 1779 5690 1828 5734; x_wconf 85' lang='lat' dir='ltr'><strong>ut</strong></span> <span class='ocrx_word' id='word_1_472' title='bbox 1857 5697 1965 5747; x_wconf 73' lang='lat' dir='ltr'><strong>qua:</strong></span> 
     </span>
    </p>
   </div>
   <div class='ocr_carea' id='block_1_61' title="bbox 396 5739 1574 5798">
    <p class='ocr_par' dir='ltr' id='par_1_61' title="bbox 396 5739 1574 5798">
     <span class='ocr_line' id='line_1_62' title="bbox 396 5739 1574 5798; baseline 0.003 -11"><span class='ocrx_word' id='word_1_473' title='bbox 396 5739 588 5789; x_wconf 78' lang='lat' dir='ltr'><strong>interim</strong></span> <span class='ocrx_word' id='word_1_474' title='bbox 609 5749 702 5786; x_wconf 84' lang='lat' dir='ltr'><strong>non</strong></span> <span class='ocrx_word' id='word_1_475' title='bbox 726 5739 942 5784; x_wconf 78' lang='lat' dir='ltr'><strong>ridentur</strong></span> <span class='ocrx_word' id='word_1_476' title='bbox 965 5741 1192 5798; x_wconf 71' lang='lat' dir='ltr'><strong>excutiat,</strong></span> <span class='ocrx_word' id='word_1_477' title='bbox 1224 5739 1401 5791; x_wconf 87' lang='lat' dir='ltr'><strong>desunt</strong></span> <span class='ocrx_word' id='word_1_478' title='bbox 1423 5743 1471 5790; x_wconf 88' lang='lat' dir='ltr'><strong>in</strong></span> <span class='ocrx_word' id='word_1_479' title='bbox 1497 5741 1574 5791; x_wconf 81' lang='lat' dir='ltr'><strong>Ms.</strong></span> 
     </span>
    </p>
   </div>
   <div class='ocr_carea' id='block_1_62' title="bbox 698 5829 1338 5894">
    <p class='ocr_par' dir='ltr' id='par_1_62' title="bbox 698 5829 1338 5894">
     <span class='ocr_line' id='line_1_63' title="bbox 698 5829 1338 5894; baseline 0.011 -6"><span class='ocrx_word' id='word_1_480' title='bbox 698 5829 969 5891; x_wconf 72' lang='lat' dir='ltr'><strong>PATBOL.</strong></span> <span class='ocrx_word' id='word_1_481' title='bbox 1019 5832 1135 5891; x_wconf 82' lang='lat' dir='ltr'><strong>(in.</strong></span> <span class='ocrx_word' id='word_1_482' title='bbox 1184 5831 1338 5894; x_wconf 69' lang='lat' dir='ltr'><strong>LVI.</strong></span> 
     </span>
    </p>
   </div>
   <div class='ocr_carea' id='block_1_63' title="bbox 1530 330 2461 420">
    <p class='ocr_par' dir='ltr' id='par_1_63' title="bbox 1530 330 2461 420">
     <span class='ocr_line' id='line_1_64' title="bbox 1530 330 2461 420; baseline -0.006 -26"><span class='ocrx_word' id='word_1_483' title='bbox 1530 336 1619 394; x_wconf 87' lang='lat' dir='ltr'><strong>DE</strong></span> <span class='ocrx_word' id='word_1_484' title='bbox 1657 330 2159 420; x_wconf 68' lang='lat' dir='ltr'><strong>CONSOLATIONE</strong></span> <span class='ocrx_word' id='word_1_485' title='bbox 2196 332 2461 392; x_wconf 79' lang='lat' dir='ltr'><strong>MORTIS.</strong></span> 
     </span>
    </p>
   </div>
   <div class='ocr_carea' id='block_1_64' title="bbox 3519 340 3624 396">
    <p class='ocr_par' dir='ltr' id='par_1_64' title="bbox 3519 340 3624 396">
     <span class='ocr_line' id='line_1_65' title="bbox 3519 340 3624 396; baseline 0 0"><span class='ocrx_word' id='word_1_486' title='bbox 3519 340 3624 396; x_wconf 67' lang='lat'><strong>303</strong></span> 
     </span>
    </p>
   </div>
   <div class='ocr_carea' id='block_1_65' title="bbox 2050 449 3621 523">
    <p class='ocr_par' dir='ltr' id='par_1_65' title="bbox 2050 449 3621 523">
     <span class='ocr_line' id='line_1_66' title="bbox 2050 449 3621 523; baseline 0.006 -23"><span class='ocrx_word' id='word_1_487' title='bbox 2050 449 2187 504; x_wconf 86' lang='lat' dir='ltr'><strong>filios</strong></span> <span class='ocrx_word' id='word_1_488' title='bbox 2211 449 2274 503; x_wconf 91' lang='lat' dir='ltr'><strong>ad</strong></span> <span class='ocrx_word' id='word_1_489' title='bbox 2303 450 2600 520; x_wconf 88' lang='lat' dir='ltr'><strong>passionem</strong></span> <span class='ocrx_word' id='word_1_490' title='bbox 2626 491 2641 517; x_wconf 95' lang='lat'><strong>,</strong></span> <span class='ocrx_word' id='word_1_491' title='bbox 2683 464 2836 521; x_wconf 89' lang='lat' dir='ltr'><strong>quam</strong></span> <span class='ocrx_word' id='word_1_492' title='bbox 2865 451 3098 521; x_wconf 86' lang='lat' dir='ltr'><strong>gaudens</strong></span> <span class='ocrx_word' id='word_1_493' title='bbox 3127 453 3237 523; x_wconf 91' lang='lat' dir='ltr'><strong>ipsa</strong></span> <span class='ocrx_word' id='word_1_494' title='bbox 3266 467 3477 523; x_wconf 90' lang='lat' dir='ltr'><strong>quoque</strong></span> <span class='ocrx_word' id='word_1_495' title='bbox 3502 471 3621 511; x_wconf 81' lang='lat' dir='ltr'><strong>sus-</strong></span> 
     </span>
    </p>
   </div>
   <div class='ocr_carea' id='block_1_66' title="bbox 2048 540 3620 610">
    <p class='ocr_par' dir='ltr' id='par_1_66' title="bbox 2048 540 3620 610">
     <span class='ocr_line' id='line_1_67' title="bbox 2048 540 3620 610; baseline 0.006 -17"><span class='ocrx_word' id='word_1_496' title='bbox 2048 540 2206 610; x_wconf 91' lang='lat' dir='ltr'><strong>cepit.</strong></span> <span class='ocrx_word' id='word_1_497' title='bbox 2255 541 2381 594; x_wconf 87' lang='lat' dir='ltr'><strong>Erat</strong></span> <span class='ocrx_word' id='word_1_498' title='bbox 2413 542 2554 596; x_wconf 90' lang='lat' dir='ltr'><strong>enim</strong></span> <span class='ocrx_word' id='word_1_499' title='bbox 2610 541 2676 594; x_wconf 92' lang='lat' dir='ltr'><strong>de</strong></span> <span class='ocrx_word' id='word_1_500' title='bbox 2715 556 2808 595; x_wconf 90' lang='lat' dir='ltr'><strong>sua</strong></span> <span class='ocrx_word' id='word_1_501' title='bbox 2839 551 2893 596; x_wconf 90' lang='lat' dir='ltr'><strong>et</strong></span> <span class='ocrx_word' id='word_1_502' title='bbox 2929 558 3144 598; x_wconf 88' lang='lat' dir='ltr'><strong>suorum</strong></span> <span class='ocrx_word' id='word_1_503' title='bbox 3183 545 3409 600; x_wconf 90' lang='lat' dir='ltr'><strong>ﬁliorum</strong></span> <span class='ocrx_word' id='word_1_504' title='bbox 3437 561 3620 602; x_wconf 88' lang='lat' dir='ltr'><strong>resur-</strong></span> 
     </span>
    </p>
   </div>
   <div class='ocr_carea' id='block_1_67' title="bbox 2049 631 3621 706">
    <p class='ocr_par' dir='ltr' id='par_1_67' title="bbox 2049 631 3621 706">
     <span class='ocr_line' id='line_1_68' title="bbox 2049 631 3621 706; baseline 0.004 -21"><span class='ocrx_word' id='word_1_505' title='bbox 2049 632 2285 686; x_wconf 90' lang='lat' dir='ltr'><strong>rectione</strong></span> <span class='ocrx_word' id='word_1_506' title='bbox 2324 647 2532 687; x_wconf 88' lang='lat' dir='ltr'><strong>secura.</strong></span> <span class='ocrx_word' id='word_1_507' title='bbox 2591 631 2726 698; x_wconf 90' lang='lat' dir='ltr'><strong>Quid</strong></span> <span class='ocrx_word' id='word_1_508' title='bbox 2770 633 2956 702; x_wconf 90' lang='lat' dir='ltr'><strong>loquar</strong></span> <span class='ocrx_word' id='word_1_509' title='bbox 2993 634 3154 702; x_wconf 91' lang='lat' dir='ltr'><strong>viros,</strong></span> <span class='ocrx_word' id='word_1_510' title='bbox 3203 636 3326 706; x_wconf 91' lang='lat' dir='ltr'><strong>quid</strong></span> <span class='ocrx_word' id='word_1_511' title='bbox 3374 637 3621 703; x_wconf 85' lang='lat' dir='ltr'><strong>feminas,</strong></span> 
     </span>
    </p>
   </div>
   <div class='ocr_carea' id='block_1_68' title="bbox 2051 722 3623 794">
    <p class='ocr_par' dir='ltr' id='par_1_68' title="bbox 2051 722 3623 794">
     <span class='ocr_line' id='line_1_69' title="bbox 2051 722 3623 794; baseline 0.004 -19"><span class='ocrx_word' id='word_1_512' title='bbox 2051 722 2174 791; x_wconf 91' lang='lat' dir='ltr'><strong>quid</strong></span> <span class='ocrx_word' id='word_1_513' title='bbox 2192 737 2404 790; x_wconf 90' lang='lat' dir='ltr'><strong>pueros,</strong></span> <span class='ocrx_word' id='word_1_514' title='bbox 2428 722 2551 792; x_wconf 89' lang='lat' dir='ltr'><strong>quid</strong></span> <span class='ocrx_word' id='word_1_515' title='bbox 2583 723 2818 792; x_wconf 82' lang='lat' dir='ltr'><strong>puellas?</strong></span> <span class='ocrx_word' id='word_1_516' title='bbox 2846 725 3112 794; x_wconf 88' lang='lat' dir='ltr'><strong>quomodo</strong></span> <span class='ocrx_word' id='word_1_517' title='bbox 3134 726 3232 781; x_wconf 89' lang='lat' dir='ltr'><strong>sibi</strong></span> <span class='ocrx_word' id='word_1_518' title='bbox 3257 727 3323 782; x_wconf 92' lang='lat' dir='ltr'><strong>de</strong></span> <span class='ocrx_word' id='word_1_519' title='bbox 3340 728 3437 782; x_wconf 88' lang='lat' dir='ltr'><strong>ista</strong></span> <span class='ocrx_word' id='word_1_520' title='bbox 3451 738 3623 783; x_wconf 88' lang='lat' dir='ltr'><strong>morte</strong></span> 
     </span>
    </p>
   </div>
   <div class='ocr_carea' id='block_1_69' title="bbox 2051 812 3620 884">
    <p class='ocr_par' dir='ltr' id='par_1_69' title="bbox 2051 812 3620 884">
     <span class='ocr_line' id='line_1_70' title="bbox 2051 812 3620 884; baseline 0.004 -18"><span class='ocrx_word' id='word_1_521' title='bbox 2051 812 2321 880; x_wconf 89' lang='lat' dir='ltr'><strong>luserunt,</strong></span> <span class='ocrx_word' id='word_1_522' title='bbox 2371 814 2636 884; x_wconf 91' lang='lat' dir='ltr'><strong>quomodo</strong></span> <span class='ocrx_word' id='word_1_523' title='bbox 2679 830 2889 870; x_wconf 89' lang='lat' dir='ltr'><strong>summa</strong></span> <span class='ocrx_word' id='word_1_524' title='bbox 2935 817 3206 873; x_wconf 87' lang='lat' dir='ltr'><strong>celeritate</strong></span> <span class='ocrx_word' id='word_1_525' title='bbox 3246 817 3314 872; x_wconf 92' lang='lat' dir='ltr'><strong>ad</strong></span> <span class='ocrx_word' id='word_1_526' title='bbox 3355 819 3620 874; x_wconf 59' lang='lat' dir='ltr'><strong>caelestem</strong></span> 
     </span>
    </p>
   </div>
   <div class='ocr_carea' id='block_1_70' title="bbox 2051 905 3624 980">
    <p class='ocr_par' dir='ltr' id='par_1_70' title="bbox 2051 905 3624 980">
     <span class='ocr_line' id='line_1_71' title="bbox 2051 905 3624 980; baseline 0.004 -22"><span class='ocrx_word' id='word_1_527' title='bbox 2051 905 2292 959; x_wconf 89' lang='lat' dir='ltr'><strong>militiam</strong></span> <span class='ocrx_word' id='word_1_528' title='bbox 2340 906 2698 961; x_wconf 83' lang='lat' dir='ltr'><strong>transierunt?</strong></span> <span class='ocrx_word' id='word_1_529' title='bbox 2744 906 2998 962; x_wconf 90' lang='lat' dir='ltr'><strong>Poterant</strong></span> <span class='ocrx_word' id='word_1_530' title='bbox 3044 908 3227 977; x_wconf 90' lang='lat' dir='ltr'><strong>utique</strong></span> <span class='ocrx_word' id='word_1_531' title='bbox 3277 909 3344 964; x_wconf 91' lang='lat' dir='ltr'><strong>ad</strong></span> <span class='ocrx_word' id='word_1_532' title='bbox 3387 924 3624 980; x_wconf 60' lang='lat' dir='ltr'><strong>praesens</strong></span> 
     </span>
    </p>
   </div>
   <div class='ocr_carea' id='block_1_71' title="bbox 2049 999 3730 1071">
    <p class='ocr_par' dir='ltr' id='par_1_71' title="bbox 2049 999 3730 1071">
     <span class='ocr_line' id='line_1_72' title="bbox 2049 999 3730 1071; baseline 0.004 -19"><span class='ocrx_word' id='word_1_533' title='bbox 2049 999 2233 1054; x_wconf 89' lang='lat' dir='ltr'><strong>vivere</strong></span> <span class='ocrx_word' id='word_1_534' title='bbox 2253 1000 2298 1054; x_wconf 91' lang='lat' dir='ltr'><strong>si</strong></span> <span class='ocrx_word' id='word_1_535' title='bbox 2327 1000 2637 1066; x_wconf 90' lang='lat' dir='ltr'><strong>voluissent,</strong></span> <span class='ocrx_word' id='word_1_536' title='bbox 2662 1001 2782 1071; x_wconf 88' lang='lat' dir='ltr'><strong>quia</strong></span> <span class='ocrx_word' id='word_1_537' title='bbox 2809 1001 2862 1056; x_wconf 92' lang='lat' dir='ltr'><strong>in</strong></span> <span class='ocrx_word' id='word_1_538' title='bbox 2892 1001 3019 1071; x_wconf 91' lang='lat' dir='ltr'><strong>ipsis</strong></span> <span class='ocrx_word' id='word_1_539' title='bbox 3042 1009 3157 1058; x_wconf 91' lang='lat' dir='ltr'><strong>erat</strong></span> <span class='ocrx_word' id='word_1_540' title='bbox 3184 1002 3408 1071; x_wconf 90' lang='lat' dir='ltr'><strong>positum</strong></span> <span class='ocrx_word' id='word_1_541' title='bbox 3431 1043 3447 1070; x_wconf 93' lang='lat'><strong>,</strong></span> <span class='ocrx_word' id='word_1_542' title='bbox 3470 1002 3623 1058; x_wconf 90' lang='lat' dir='ltr'><strong>Chri-</strong></span> <span class='ocrx_word' id='word_1_543' title='bbox 3709 1018 3730 1065; x_wconf 65' lang='grc' dir='ltr'>ε,</span> 
     </span>
    </p>
   </div>
   <div class='ocr_carea' id='block_1_72' title="bbox 2052 1091 3614 1162">
    <p class='ocr_par' dir='ltr' id='par_1_72' title="bbox 2052 1091 3614 1162">
     <span class='ocr_line' id='line_1_73' title="bbox 2052 1091 3614 1162; baseline 0.001 -17"><span class='ocrx_word' id='word_1_544' title='bbox 2052 1100 2191 1146; x_wconf 87' lang='lat' dir='ltr'><strong>stum</strong></span> <span class='ocrx_word' id='word_1_545' title='bbox 2220 1091 2460 1162; x_wconf 83' lang='lat' dir='ltr'><strong>negando</strong></span> <span class='ocrx_word' id='word_1_546' title='bbox 2486 1093 2764 1157; x_wconf 90' lang='lat' dir='ltr'><strong>viverent,</strong></span> <span class='ocrx_word' id='word_1_547' title='bbox 2794 1102 2883 1147; x_wconf 89' lang='lat' dir='ltr'><strong>aut</strong></span> <span class='ocrx_word' id='word_1_548' title='bbox 2911 1092 3212 1148; x_wconf 90' lang='lat' dir='ltr'><strong>conﬁtendo</strong></span> <span class='ocrx_word' id='word_1_549' title='bbox 3234 1104 3570 1150; x_wconf 87' lang='lat' dir='ltr'><strong>morerentur</strong></span> <span class='ocrx_word' id='word_1_550' title='bbox 3599 1111 3614 1147; x_wconf 88' lang='lat'><strong>:</strong></span> 
     </span>
    </p>
   </div>
   <div class='ocr_carea' id='block_1_73' title="bbox 2053 1176 3620 1256">
    <p class='ocr_par' dir='ltr' id='par_1_73' title="bbox 2053 1176 3620 1256">
     <span class='ocr_line' id='line_1_74' title="bbox 2053 1176 3620 1256; baseline 0.003 -19"><span class='ocrx_word' id='word_1_551' title='bbox 2053 1182 2148 1238; x_wconf 90' lang='lat' dir='ltr'><strong>sed</strong></span> <span class='ocrx_word' id='word_1_552' title='bbox 2195 1183 2362 1252; x_wconf 88' lang='lat' dir='ltr'><strong>magis</strong></span> <span class='ocrx_word' id='word_1_553' title='bbox 2405 1176 2680 1254; x_wconf 88' lang='lat' dir='ltr'><strong>elegerunt</strong></span> <span class='ocrx_word' id='word_1_554' title='bbox 2704 1185 2867 1239; x_wconf 90' lang='lat' dir='ltr'><strong>vitam</strong></span> <span class='ocrx_word' id='word_1_555' title='bbox 2905 1183 3166 1256; x_wconf 84' lang='lat' dir='ltr'><strong>projicere</strong></span> <span class='ocrx_word' id='word_1_556' title='bbox 3203 1195 3620 1255; x_wconf 89' lang='lat' dir='ltr'><strong>temporaneam,</strong></span> 
     </span>
    </p>
   </div>
   <div class='ocr_carea' id='block_1_74' title="bbox 2053 1274 3626 1346">
    <p class='ocr_par' dir='ltr' id='par_1_74' title="bbox 2053 1274 3626 1346">
     <span class='ocr_line' id='line_1_75' title="bbox 2053 1274 3626 1346; baseline 0.002 -17"><span class='ocrx_word' id='word_1_557' title='bbox 2053 1282 2108 1330; x_wconf 88' lang='lat' dir='ltr'><strong>et</strong></span> <span class='ocrx_word' id='word_1_558' title='bbox 2127 1274 2286 1328; x_wconf 91' lang='lat' dir='ltr'><strong>vitam</strong></span> <span class='ocrx_word' id='word_1_559' title='bbox 2312 1289 2583 1330; x_wconf 88' lang='lat' dir='ltr'><strong>assumere</strong></span> <span class='ocrx_word' id='word_1_560' title='bbox 2609 1276 2986 1346; x_wconf 90' lang='lat' dir='ltr'><strong>sempiternam</strong></span> <span class='ocrx_word' id='word_1_561' title='bbox 3011 1317 3026 1344; x_wconf 92' lang='lat'><strong>,</strong></span> <span class='ocrx_word' id='word_1_562' title='bbox 3058 1276 3267 1332; x_wconf 84' lang='lat' dir='ltr'><strong>excludi</strong></span> <span class='ocrx_word' id='word_1_563' title='bbox 3293 1277 3359 1332; x_wconf 89' lang='lat' dir='ltr'><strong>de</strong></span> <span class='ocrx_word' id='word_1_564' title='bbox 3382 1286 3542 1346; x_wconf 90' lang='lat' dir='ltr'><strong>terra,</strong></span> <span class='ocrx_word' id='word_1_565' title='bbox 3572 1286 3626 1334; x_wconf 92' lang='lat' dir='ltr'><strong>et</strong></span> 
     </span>
    </p>
   </div>
   <div class='ocr_carea' id='block_1_75' title="bbox 2053 1367 2991 1437">
    <p class='ocr_par' dir='ltr' id='par_1_75' title="bbox 2053 1367 2991 1437">
     <span class='ocr_line' id='line_1_76' title="bbox 2053 1367 2991 1437; baseline 0.005 -15"><span class='ocrx_word' id='word_1_566' title='bbox 2053 1367 2285 1424; x_wconf 89' lang='lat' dir='ltr'><strong>incolere</strong></span> <span class='ocrx_word' id='word_1_567' title='bbox 2304 1370 2512 1425; x_wconf 67' lang='lat' dir='ltr'><strong>caelum.</strong></span> <span class='ocrx_word' id='word_1_568' title='bbox 2858 1435 2861 1437; x_wconf 97' lang='lat'><em>_</em></span> <span class='ocrx_word' id='word_1_569' title='bbox 2984 1427 2991 1436; x_wconf 85' lang='grc'>,</span> 
     </span>
    </p>
   </div>
   <div class='ocr_carea' id='block_1_76' title="bbox 2123 1459 3625 1530">
    <p class='ocr_par' dir='ltr' id='par_1_76' title="bbox 2123 1459 3625 1530">
     <span class='ocr_line' id='line_1_77' title="bbox 2123 1459 3625 1530; baseline 0.001 -15"><span class='ocrx_word' id='word_1_570' title='bbox 2123 1461 2177 1515; x_wconf 78' lang='lat'><strong>5.</strong></span> <span class='ocrx_word' id='word_1_571' title='bbox 2206 1459 2448 1516; x_wconf 84' lang='lat' dir='ltr'><strong>Formido</strong></span> <span class='ocrx_word' id='word_1_572' title='bbox 2469 1463 2642 1518; x_wconf 89' lang='lat' dir='ltr'><strong>mortis</strong></span> <span class='ocrx_word' id='word_1_573' title='bbox 2665 1462 2968 1517; x_wconf 72' lang='lat' dir='ltr'><strong>excluditur.</strong></span> <span class='ocrx_word' id='word_1_574' title='bbox 2994 1493 3067 1504; x_wconf 90' lang='lat'><strong>—</strong></span> <span class='ocrx_word' id='word_1_575' title='bbox 3088 1462 3228 1518; x_wconf 82' lang='lat' dir='ltr'><strong>Inter</strong></span> <span class='ocrx_word' id='word_1_576' title='bbox 3245 1463 3381 1529; x_wconf 65' lang='lat' dir='ltr'><strong>haec,</strong></span> <span class='ocrx_word' id='word_1_577' title='bbox 3413 1462 3625 1530; x_wconf 81' lang='lat' dir='ltr'><strong>fratres,</strong></span> 
     </span>
    </p>
   </div>
   <div class='ocr_carea' id='block_1_77' title="bbox 2055 1552 3630 1626">
    <p class='ocr_par' dir='ltr' id='par_1_77' title="bbox 2055 1552 3630 1626">
     <span class='ocr_line' id='line_1_78' title="bbox 2055 1552 3630 1626; baseline 0.003 -21"><span class='ocrx_word' id='word_1_578' title='bbox 2055 1552 2173 1621; x_wconf 92' lang='lat' dir='ltr'><strong>quis</strong></span> <span class='ocrx_word' id='word_1_579' title='bbox 2199 1552 2541 1609; x_wconf 89' lang='lat' dir='ltr'><strong>dubitationis</strong></span> <span class='ocrx_word' id='word_1_580' title='bbox 2569 1564 2652 1611; x_wconf 90' lang='lat' dir='ltr'><strong>est</strong></span> <span class='ocrx_word' id='word_1_581' title='bbox 2684 1555 2871 1612; x_wconf 80' lang='lat' dir='ltr'><strong>locus?</strong></span> <span class='ocrx_word' id='word_1_582' title='bbox 2914 1555 3004 1611; x_wconf 92' lang='lat' dir='ltr'><strong>ubi</strong></span> <span class='ocrx_word' id='word_1_583' title='bbox 3034 1566 3217 1626; x_wconf 89' lang='lat' dir='ltr'><strong>potest</strong></span> <span class='ocrx_word' id='word_1_584' title='bbox 3239 1555 3412 1612; x_wconf 89' lang='lat' dir='ltr'><strong>adhuc</strong></span> <span class='ocrx_word' id='word_1_585' title='bbox 3440 1555 3630 1610; x_wconf 90' lang='lat' dir='ltr'><strong>mortis</strong></span> 
     </span>
    </p>
   </div>
   <div class='ocr_carea' id='block_1_78' title="bbox 2055 1645 3628 1722">
    <p class='ocr_par' dir='ltr' id='par_1_78' title="bbox 2055 1645 3628 1722">
     <span class='ocr_line' id='line_1_79' title="bbox 2055 1645 3628 1722; baseline 0.001 -22"><span class='ocrx_word' id='word_1_586' title='bbox 2055 1645 2293 1702; x_wconf 90' lang='lat' dir='ltr'><strong>residere</strong></span> <span class='ocrx_word' id='word_1_587' title='bbox 2320 1645 2586 1703; x_wconf 89' lang='lat' dir='ltr'><strong>formido?</strong></span> <span class='ocrx_word' id='word_1_588' title='bbox 2617 1648 2673 1702; x_wconf 91' lang='lat' dir='ltr'><strong>Si</strong></span> <span class='ocrx_word' id='word_1_589' title='bbox 2700 1658 2992 1722; x_wconf 86' lang='lat' dir='ltr'><strong>martyrum</strong></span> <span class='ocrx_word' id='word_1_590' title='bbox 3018 1664 3201 1703; x_wconf 92' lang='lat' dir='ltr'><strong>sumus</strong></span> <span class='ocrx_word' id='word_1_591' title='bbox 3231 1649 3345 1713; x_wconf 83' lang='lat' dir='ltr'><strong>ﬁlii,</strong></span> <span class='ocrx_word' id='word_1_592' title='bbox 3376 1648 3420 1702; x_wconf 91' lang='lat' dir='ltr'><strong>si</strong></span> <span class='ocrx_word' id='word_1_593' title='bbox 3441 1661 3628 1702; x_wconf 91' lang='lat' dir='ltr'><strong>eorum</strong></span> 
     </span>
    </p>
   </div>
   <div class='ocr_carea' id='block_1_79' title="bbox 2055 1737 3630 1807">
    <p class='ocr_par' dir='ltr' id='par_1_79' title="bbox 2055 1737 3630 1807">
     <span class='ocr_line' id='line_1_80' title="bbox 2055 1737 3630 1807; baseline 0.001 -19"><span class='ocrx_word' id='word_1_594' title='bbox 2055 1737 2184 1790; x_wconf 90' lang='lat' dir='ltr'><strong>socii</strong></span> <span class='ocrx_word' id='word_1_595' title='bbox 2205 1737 2446 1792; x_wconf 90' lang='lat' dir='ltr'><strong>volumus</strong></span> <span class='ocrx_word' id='word_1_596' title='bbox 2473 1739 2717 1807; x_wconf 88' lang='lat' dir='ltr'><strong>inveniri,</strong></span> <span class='ocrx_word' id='word_1_597' title='bbox 2760 1755 2867 1794; x_wconf 89' lang='lat' dir='ltr'><strong>non</strong></span> <span class='ocrx_word' id='word_1_598' title='bbox 2894 1740 3272 1795; x_wconf 91' lang='lat' dir='ltr'><strong>contristemur</strong></span> <span class='ocrx_word' id='word_1_599' title='bbox 3301 1745 3495 1803; x_wconf 89' lang='lat' dir='ltr'><strong>morte,</strong></span> <span class='ocrx_word' id='word_1_600' title='bbox 3523 1752 3630 1790; x_wconf 90' lang='lat' dir='ltr'><strong>non</strong></span> 
     </span>
    </p>
   </div>
   <div class='ocr_carea' id='block_1_80' title="bbox 2056 1826 3628 1900">
    <p class='ocr_par' dir='ltr' id='par_1_80' title="bbox 2056 1826 3628 1900">
     <span class='ocr_line' id='line_1_81' title="bbox 2056 1826 3628 1900; baseline 0.002 -21"><span class='ocrx_word' id='word_1_601' title='bbox 2056 1826 2328 1896; x_wconf 86' lang='lat' dir='ltr'><strong>lugeamus</strong></span> <span class='ocrx_word' id='word_1_602' title='bbox 2372 1842 2553 1894; x_wconf 89' lang='lat' dir='ltr'><strong>caros,</strong></span> <span class='ocrx_word' id='word_1_603' title='bbox 2602 1830 2691 1899; x_wconf 89' lang='lat' dir='ltr'><strong>qui</strong></span> <span class='ocrx_word' id='word_1_604' title='bbox 2739 1845 2836 1885; x_wconf 88' lang='lat' dir='ltr'><strong>nos</strong></span> <span class='ocrx_word' id='word_1_605' title='bbox 2874 1830 3180 1900; x_wconf 84' lang='lat' dir='ltr'><strong>praecedunt</strong></span> <span class='ocrx_word' id='word_1_606' title='bbox 3219 1829 3286 1884; x_wconf 89' lang='lat' dir='ltr'><strong>ad</strong></span> <span class='ocrx_word' id='word_1_607' title='bbox 3323 1829 3628 1884; x_wconf 88' lang='lat' dir='ltr'><strong>Dominum.</strong></span> 
     </span>
    </p>
   </div>
   <div class='ocr_carea' id='block_1_81' title="bbox 2055 1915 3634 1988">
    <p class='ocr_par' dir='ltr' id='par_1_81' title="bbox 2055 1915 3634 1988">
     <span class='ocr_line' id='line_1_82' title="bbox 2055 1915 3634 1988; baseline 0.002 -18"><span class='ocrx_word' id='word_1_608' title='bbox 2055 1915 2186 1970; x_wconf 88' lang='lat' dir='ltr'><strong>Nam</strong></span> <span class='ocrx_word' id='word_1_609' title='bbox 2217 1918 2260 1971; x_wconf 92' lang='lat' dir='ltr'><strong>si</strong></span> <span class='ocrx_word' id='word_1_610' title='bbox 2299 1917 2547 1988; x_wconf 83' lang='lat' dir='ltr'><strong>plangere</strong></span> <span class='ocrx_word' id='word_1_611' title='bbox 2577 1919 2935 1986; x_wconf 88' lang='lat' dir='ltr'><strong>voluerimus,</strong></span> <span class='ocrx_word' id='word_1_612' title='bbox 2984 1920 3082 1988; x_wconf 91' lang='lat' dir='ltr'><strong>ipsi</strong></span> <span class='ocrx_word' id='word_1_613' title='bbox 3122 1920 3276 1976; x_wconf 88' lang='lat' dir='ltr'><strong>nobis</strong></span> <span class='ocrx_word' id='word_1_614' title='bbox 3303 1919 3634 1974; x_wconf 87' lang='lat' dir='ltr'><strong>insultabunt</strong></span> 
     </span>
    </p>
   </div>
   <div class='ocr_carea' id='block_1_82' title="bbox 2057 2008 3632 2081">
    <p class='ocr_par' dir='ltr' id='par_1_82' title="bbox 2057 2008 3632 2081">
     <span class='ocr_line' id='line_1_83' title="bbox 2057 2008 3632 2081; baseline 0.001 -18"><span class='ocrx_word' id='word_1_615' title='bbox 2057 2008 2198 2063; x_wconf 88' lang='lat' dir='ltr'><strong>beati</strong></span> <span class='ocrx_word' id='word_1_616' title='bbox 2236 2017 2517 2080; x_wconf 87' lang='lat' dir='ltr'><strong>martyres,</strong></span> <span class='ocrx_word' id='word_1_617' title='bbox 2562 2017 2617 2064; x_wconf 89' lang='lat' dir='ltr'><strong>et</strong></span> <span class='ocrx_word' id='word_1_618' title='bbox 2640 2009 2816 2065; x_wconf 88' lang='lat' dir='ltr'><strong>dicent</strong></span> <span class='ocrx_word' id='word_1_619' title='bbox 2846 2027 2860 2063; x_wconf 90' lang='lat'><strong>:</strong></span> <span class='ocrx_word' id='word_1_620' title='bbox 2889 2010 2934 2065; x_wconf 91' lang='grc' dir='ltr'><strong>Ο</strong></span> <span class='ocrx_word' id='word_1_621' title='bbox 2964 2010 3147 2066; x_wconf 90' lang='lat' dir='ltr'><strong>ﬁdeles</strong></span> <span class='ocrx_word' id='word_1_622' title='bbox 3173 2012 3185 2065; x_wconf 86' lang='lat'><strong>!</strong></span> <span class='ocrx_word' id='word_1_623' title='bbox 3232 2025 3264 2066; x_wconf 92' lang='grc' dir='ltr'>ο</span> <span class='ocrx_word' id='word_1_624' title='bbox 3289 2025 3510 2081; x_wconf 87' lang='lat' dir='ltr'><strong>regnum</strong></span> <span class='ocrx_word' id='word_1_625' title='bbox 3535 2009 3632 2064; x_wconf 87' lang='lat' dir='ltr'><strong>Dei</strong></span> 
     </span>
    </p>
   </div>
   <div class='ocr_carea' id='block_1_83' title="bbox 2057 2101 3631 2172">
    <p class='ocr_par' dir='ltr' id='par_1_83' title="bbox 2057 2101 3631 2172">
     <span class='ocr_line' id='line_1_84' title="bbox 2057 2101 3631 2172; baseline 0 -17"><span class='ocrx_word' id='word_1_626' title='bbox 2057 2101 2328 2171; x_wconf 90' lang='lat' dir='ltr'><strong>cupientes</strong></span> <span class='ocrx_word' id='word_1_627' title='bbox 2354 2101 2368 2154; x_wconf 89' lang='lat'><strong>!</strong></span> <span class='ocrx_word' id='word_1_628' title='bbox 2418 2116 2513 2157; x_wconf 93' lang='lat' dir='ltr'><strong>vos</strong></span> <span class='ocrx_word' id='word_1_629' title='bbox 2552 2103 2642 2172; x_wconf 91' lang='lat' dir='ltr'><strong>qui</strong></span> <span class='ocrx_word' id='word_1_630' title='bbox 2674 2118 2829 2160; x_wconf 87' lang='lat' dir='ltr'><strong>caros</strong></span> <span class='ocrx_word' id='word_1_631' title='bbox 2852 2112 3061 2159; x_wconf 90' lang='lat' dir='ltr'><strong>vestros</strong></span> <span class='ocrx_word' id='word_1_632' title='bbox 3089 2104 3315 2160; x_wconf 90' lang='lat' dir='ltr'><strong>delicate</strong></span> <span class='ocrx_word' id='word_1_633' title='bbox 3341 2104 3631 2159; x_wconf 86' lang='lat' dir='ltr'><strong>morientes</strong></span> 
     </span>
    </p>
   </div>
   <div class='ocr_carea' id='block_1_84' title="bbox 2059 2195 3631 2267">
    <p class='ocr_par' dir='ltr' id='par_1_84' title="bbox 2059 2195 3631 2267">
     <span class='ocr_line' id='line_1_85' title="bbox 2059 2195 3631 2267; baseline 0 -18"><span class='ocrx_word' id='word_1_634' title='bbox 2059 2195 2110 2249; x_wconf 89' lang='lat' dir='ltr'><strong>in</strong></span> <span class='ocrx_word' id='word_1_635' title='bbox 2141 2196 2290 2250; x_wconf 90' lang='lat' dir='ltr'><strong>lectis</strong></span> <span class='ocrx_word' id='word_1_636' title='bbox 2319 2196 2499 2266; x_wconf 89' lang='lat' dir='ltr'><strong>utique</strong></span> <span class='ocrx_word' id='word_1_637' title='bbox 2527 2203 2581 2251; x_wconf 91' lang='lat' dir='ltr'><strong>et</strong></span> <span class='ocrx_word' id='word_1_638' title='bbox 2603 2197 2797 2267; x_wconf 87' lang='lat' dir='ltr'><strong>plumis</strong></span> <span class='ocrx_word' id='word_1_639' title='bbox 2815 2237 2832 2264; x_wconf 94' lang='lat'><strong>,</strong></span> <span class='ocrx_word' id='word_1_640' title='bbox 2875 2212 2996 2252; x_wconf 89' lang='lat' dir='ltr'><strong>cum</strong></span> <span class='ocrx_word' id='word_1_641' title='bbox 3036 2212 3269 2252; x_wconf 61' lang='lat' dir='ltr'><strong>maerore</strong></span> <span class='ocrx_word' id='word_1_642' title='bbox 3297 2197 3547 2267; x_wconf 85' lang='lat' dir='ltr'><strong>plangitis</strong></span> <span class='ocrx_word' id='word_1_643' title='bbox 3574 2204 3631 2249; x_wconf 91' lang='lat' dir='ltr'><strong>et</strong></span> 
     </span>
    </p>
   </div>
   <div class='ocr_carea' id='block_1_85' title="bbox 2057 2284 3634 2358">
    <p class='ocr_par' dir='ltr' id='par_1_85' title="bbox 2057 2284 3634 2358">
     <span class='ocr_line' id='line_1_86' title="bbox 2057 2284 3634 2358; baseline 0.001 -20"><span class='ocrx_word' id='word_1_644' title='bbox 2057 2284 2266 2355; x_wconf 84' lang='lat' dir='ltr'><strong>lugetis,</strong></span> <span class='ocrx_word' id='word_1_645' title='bbox 2293 2286 2338 2340; x_wconf 90' lang='lat' dir='ltr'><strong>si</strong></span> <span class='ocrx_word' id='word_1_646' title='bbox 2361 2301 2454 2341; x_wconf 88' lang='lat' dir='ltr'><strong>eos</strong></span> <span class='ocrx_word' id='word_1_647' title='bbox 2481 2302 2512 2342; x_wconf 88' lang='lat' dir='ltr'><strong>a</strong></span> <span class='ocrx_word' id='word_1_648' title='bbox 2536 2289 2818 2358; x_wconf 84' lang='lat' dir='ltr'><strong>gentilibus</strong></span> <span class='ocrx_word' id='word_1_649' title='bbox 2839 2298 3055 2357; x_wconf 88' lang='lat' dir='ltr'><strong>propter</strong></span> <span class='ocrx_word' id='word_1_650' title='bbox 3067 2303 3259 2344; x_wconf 89' lang='lat' dir='ltr'><strong>nomen</strong></span> <span class='ocrx_word' id='word_1_651' title='bbox 3285 2287 3490 2342; x_wconf 88' lang='lat' dir='ltr'><strong>Domini</strong></span> <span class='ocrx_word' id='word_1_652' title='bbox 3510 2302 3634 2342; x_wconf 48' lang='lat' dir='ltr'><strong>cru.</strong></span> 
     </span>
    </p>
   </div>
   <div class='ocr_carea' id='block_1_86' title="bbox 2056 2374 3631 2449">
    <p class='ocr_par' dir='ltr' id='par_1_86' title="bbox 2056 2374 3631 2449">
     <span class='ocr_line' id='line_1_87' title="bbox 2056 2374 3631 2449; baseline 0 -19"><span class='ocrx_word' id='word_1_653' title='bbox 2056 2374 2183 2430; x_wconf 89' lang='lat' dir='ltr'><strong>ciari</strong></span> <span class='ocrx_word' id='word_1_654' title='bbox 2205 2384 2258 2430; x_wconf 90' lang='lat' dir='ltr'><strong>et</strong></span> <span class='ocrx_word' id='word_1_655' title='bbox 2277 2377 2780 2444; x_wconf 89' lang='lat' dir='ltr'><strong>interﬁcivideretis,</strong></span> <span class='ocrx_word' id='word_1_656' title='bbox 2794 2378 2918 2449; x_wconf 91' lang='lat' dir='ltr'><strong>quid</strong></span> <span class='ocrx_word' id='word_1_657' title='bbox 2934 2378 3119 2433; x_wconf 89' lang='lat' dir='ltr'><strong>facturi</strong></span> <span class='ocrx_word' id='word_1_658' title='bbox 3135 2378 3366 2434; x_wconf 85' lang='lat' dir='ltr'><strong>essetis?</strong></span> <span class='ocrx_word' id='word_1_659' title='bbox 3391 2378 3497 2432; x_wconf 83' lang='lat' dir='ltr'><strong>Aut</strong></span> <span class='ocrx_word' id='word_1_660' title='bbox 3526 2392 3631 2431; x_wconf 92' lang='lat' dir='ltr'><strong>non</strong></span> 
     </span>
    </p>
   </div>
   <div class='ocr_carea' id='block_1_87' title="bbox 2055 2468 3630 2541">
    <p class='ocr_par' dir='ltr' id='par_1_87' title="bbox 2055 2468 3630 2541">
     <span class='ocr_line' id='line_1_88' title="bbox 2055 2468 3630 2541; baseline 0.001 -20"><span class='ocrx_word' id='word_1_661' title='bbox 2055 2468 2206 2523; x_wconf 87' lang='lat' dir='ltr'><strong>vobis</strong></span> <span class='ocrx_word' id='word_1_662' title='bbox 2221 2469 2490 2538; x_wconf 73' lang='lat' dir='ltr'><strong>prmcessit</strong></span> <span class='ocrx_word' id='word_1_663' title='bbox 2507 2470 2842 2541; x_wconf 83' lang='lat' dir='ltr'><strong>exemplum?</strong></span> <span class='ocrx_word' id='word_1_664' title='bbox 2862 2469 3127 2525; x_wconf 85' lang='lat' dir='ltr'><strong>Abraham</strong></span> <span class='ocrx_word' id='word_1_665' title='bbox 3153 2468 3448 2540; x_wconf 88' lang='lat' dir='ltr'><strong>patriarcha</strong></span> <span class='ocrx_word' id='word_1_666' title='bbox 3465 2469 3630 2524; x_wconf 90' lang='lat' dir='ltr'><strong>ﬁlium</strong></span> 
     </span>
    </p>
   </div>
   <div class='ocr_carea' id='block_1_88' title="bbox 2058 2559 3629 2632">
    <p class='ocr_par' dir='ltr' id='par_1_88' title="bbox 2058 2559 3629 2632">
     <span class='ocr_line' id='line_1_89' title="bbox 2058 2559 3629 2632; baseline -0.001 -18"><span class='ocrx_word' id='word_1_667' title='bbox 2058 2559 2272 2614; x_wconf 91' lang='lat' dir='ltr'><strong>unicum</strong></span> <span class='ocrx_word' id='word_1_668' title='bbox 2299 2561 2528 2617; x_wconf 77' lang='lat' dir='ltr'><strong>offerens</strong></span> <span class='ocrx_word' id='word_1_669' title='bbox 2549 2561 2868 2618; x_wconf 86' lang='lat' dir='ltr'><strong>sacriﬁcium</strong></span> <span class='ocrx_word' id='word_1_670' title='bbox 2889 2602 2906 2629; x_wconf 95' lang='lat'><strong>,</strong></span> <span class='ocrx_word' id='word_1_671' title='bbox 2937 2561 3111 2632; x_wconf 87' lang='lat' dir='ltr'><strong>gladio</strong></span> <span class='ocrx_word' id='word_1_672' title='bbox 3135 2561 3452 2616; x_wconf 64' lang='lat' dir='ltr'><strong>obedientiae</strong></span> <span class='ocrx_word' id='word_1_673' title='bbox 3468 2559 3629 2630; x_wconf 88' lang='lat' dir='ltr'><strong>jugu-</strong></span> 
     </span>
    </p>
   </div>
   <div class='ocr_carea' id='block_1_89' title="bbox 2058 2652 3628 2726">
    <p class='ocr_par' dir='ltr' id='par_1_89' title="bbox 2058 2652 3628 2726">
     <span class='ocr_line' id='line_1_90' title="bbox 2058 2652 3628 2726; baseline -0.001 -20"><span class='ocrx_word' id='word_1_674' title='bbox 2058 2653 2182 2707; x_wconf 89' lang='lat' dir='ltr'><strong>lavit</strong></span> <span class='ocrx_word' id='word_1_675' title='bbox 2210 2652 2359 2724; x_wconf 85' lang='lat' dir='ltr'><strong>(Gen.</strong></span> <span class='ocrx_word' id='word_1_676' title='bbox 2387 2654 2477 2708; x_wconf 70' lang='grc'><strong>22.</strong></span> <span class='ocrx_word' id='word_1_677' title='bbox 2511 2654 2598 2726; x_wconf 77' lang='grc'><strong>10)</strong></span> <span class='ocrx_word' id='word_1_678' title='bbox 2632 2671 2646 2709; x_wconf 89' lang='lat'><strong>:</strong></span> <span class='ocrx_word' id='word_1_679' title='bbox 2673 2670 2772 2711; x_wconf 88' lang='lat' dir='ltr'><strong>nec</strong></span> <span class='ocrx_word' id='word_1_680' title='bbox 2791 2655 2860 2721; x_wconf 88' lang='lat' dir='ltr'><strong>ei,</strong></span> <span class='ocrx_word' id='word_1_681' title='bbox 2878 2671 3033 2725; x_wconf 90' lang='lat' dir='ltr'><strong>quem</strong></span> <span class='ocrx_word' id='word_1_682' title='bbox 3059 2662 3203 2709; x_wconf 88' lang='lat' dir='ltr'><strong>tanto</strong></span> <span class='ocrx_word' id='word_1_683' title='bbox 3223 2669 3404 2709; x_wconf 91' lang='lat' dir='ltr'><strong>amore</strong></span> <span class='ocrx_word' id='word_1_684' title='bbox 3424 2653 3628 2717; x_wconf 85' lang='lat' dir='ltr'><strong>dilexit,</strong></span> 
     </span>
    </p>
   </div>
   <div class='ocr_carea' id='block_1_90' title="bbox 2057 2741 3626 2815">
    <p class='ocr_par' dir='ltr' id='par_1_90' title="bbox 2057 2741 3626 2815">
     <span class='ocr_line' id='line_1_91' title="bbox 2057 2741 3626 2815; baseline -0.002 -17"><span class='ocrx_word' id='word_1_685' title='bbox 2057 2745 2359 2814; x_wconf 68' lang='lat' dir='ltr'><strong>pepercit’,</strong></span> <span class='ocrx_word' id='word_1_686' title='bbox 2407 2752 2464 2798; x_wconf 89' lang='lat' dir='ltr'><strong>ut</strong></span> <span class='ocrx_word' id='word_1_687' title='bbox 2509 2745 2733 2800; x_wconf 91' lang='lat' dir='ltr'><strong>Domino</strong></span> <span class='ocrx_word' id='word_1_688' title='bbox 2770 2745 3024 2800; x_wconf 89' lang='lat' dir='ltr'><strong>obediens</strong></span> <span class='ocrx_word' id='word_1_689' title='bbox 3051 2746 3390 2815; x_wconf 89' lang='lat' dir='ltr'><strong>probaretur.</strong></span> <span class='ocrx_word' id='word_1_690' title='bbox 3447 2741 3552 2798; x_wconf 90' lang='lat' dir='ltr'><strong>Sed</strong></span> <span class='ocrx_word' id='word_1_691' title='bbox 3582 2743 3626 2796; x_wconf 89' lang='lat' dir='ltr'><strong>si</strong></span> 
     </span>
    </p>
   </div>
   <div class='ocr_carea' id='block_1_91' title="bbox 2060 2836 3630 2909">
    <p class='ocr_par' dir='ltr' id='par_1_91' title="bbox 2060 2836 3630 2909">
     <span class='ocr_line' id='line_1_92' title="bbox 2060 2836 3630 2909; baseline -0.001 -19"><span class='ocrx_word' id='word_1_692' title='bbox 2060 2836 2285 2903; x_wconf 88' lang='lat' dir='ltr'><strong>dicatis,</strong></span> <span class='ocrx_word' id='word_1_693' title='bbox 2335 2838 2478 2892; x_wconf 90' lang='lat' dir='ltr'><strong>illum</strong></span> <span class='ocrx_word' id='word_1_694' title='bbox 2525 2847 2745 2908; x_wconf 91' lang='lat' dir='ltr'><strong>propter</strong></span> <span class='ocrx_word' id='word_1_695' title='bbox 2788 2839 2882 2894; x_wconf 91' lang='lat' dir='ltr'><strong>Dei</strong></span> <span class='ocrx_word' id='word_1_696' title='bbox 2913 2839 3014 2893; x_wconf 92' lang='lat' dir='ltr'><strong>hoc</strong></span> <span class='ocrx_word' id='word_1_697' title='bbox 3039 2839 3229 2894; x_wconf 86' lang='lat' dir='ltr'><strong>fecisse</strong></span> <span class='ocrx_word' id='word_1_698' title='bbox 3260 2846 3584 2909; x_wconf 74' lang='lat' dir='ltr'><strong>prmceptum</strong></span> <span class='ocrx_word' id='word_1_699' title='bbox 3617 2851 3630 2888; x_wconf 93' lang='lat'><strong>:</strong></span> 
     </span>
    </p>
   </div>
   <div class='ocr_carea' id='block_1_92' title="bbox 2058 2927 3633 3000">
    <p class='ocr_par' dir='ltr' id='par_1_92' title="bbox 2058 2927 3633 3000">
     <span class='ocr_line' id='line_1_93' title="bbox 2058 2927 3633 3000; baseline -0.001 -18"><span class='ocrx_word' id='word_1_700' title='bbox 2058 2937 2111 2982; x_wconf 90' lang='lat' dir='ltr'><strong>et</strong></span> <span class='ocrx_word' id='word_1_701' title='bbox 2135 2943 2230 2982; x_wconf 91' lang='lat' dir='ltr'><strong>vos</strong></span> <span class='ocrx_word' id='word_1_702' title='bbox 2252 2927 2457 2984; x_wconf 89' lang='lat' dir='ltr'><strong>habetis</strong></span> <span class='ocrx_word' id='word_1_703' title='bbox 2486 2938 2828 3000; x_wconf 63' lang='lat' dir='ltr'><strong>praeceptum,</strong></span> <span class='ocrx_word' id='word_1_704' title='bbox 2857 2939 2914 2984; x_wconf 92' lang='lat' dir='ltr'><strong>ut</strong></span> <span class='ocrx_word' id='word_1_705' title='bbox 2939 2945 3042 2984; x_wconf 91' lang='lat' dir='ltr'><strong>non</strong></span> <span class='ocrx_word' id='word_1_706' title='bbox 3071 2931 3246 2986; x_wconf 91' lang='lat' dir='ltr'><strong>tristes</strong></span> <span class='ocrx_word' id='word_1_707' title='bbox 3270 2931 3387 2984; x_wconf 92' lang='lat' dir='ltr'><strong>sitis</strong></span> <span class='ocrx_word' id='word_1_708' title='bbox 3412 2929 3480 2984; x_wconf 90' lang='lat' dir='ltr'><strong>de</strong></span> <span class='ocrx_word' id='word_1_709' title='bbox 3508 2928 3633 2983; x_wconf 57' lang='lat' dir='ltr'><strong>dor.</strong></span> 
     </span>
    </p>
   </div>
   <div class='ocr_carea' id='block_1_93' title="bbox 2059 3020 3630 3093">
    <p class='ocr_par' dir='ltr' id='par_1_93' title="bbox 2059 3020 3630 3093">
     <span class='ocr_line' id='line_1_94' title="bbox 2059 3020 3630 3093; baseline 0 -19"><span class='ocrx_word' id='word_1_710' title='bbox 2059 3020 2363 3076; x_wconf 89' lang='lat' dir='ltr'><strong>mientibus.</strong></span> <span class='ocrx_word' id='word_1_711' title='bbox 2415 3021 2512 3088; x_wconf 89' lang='lat' dir='ltr'><strong>Qui</strong></span> <span class='ocrx_word' id='word_1_712' title='bbox 2553 3038 2680 3093; x_wconf 90' lang='lat' dir='ltr'><strong>ergo</strong></span> <span class='ocrx_word' id='word_1_713' title='bbox 2727 3023 2944 3077; x_wconf 88' lang='lat' dir='ltr'><strong>minima</strong></span> <span class='ocrx_word' id='word_1_714' title='bbox 2989 3040 3094 3079; x_wconf 91' lang='lat' dir='ltr'><strong>non</strong></span> <span class='ocrx_word' id='word_1_715' title='bbox 3140 3033 3382 3088; x_wconf 90' lang='lat' dir='ltr'><strong>servant,</strong></span> <span class='ocrx_word' id='word_1_716' title='bbox 3430 3022 3630 3091; x_wconf 85' lang='lat' dir='ltr'><strong>majora</strong></span> 
     </span>
    </p>
   </div>
   <div class='ocr_carea' id='block_1_94' title="bbox 2060 3111 3629 3185">
    <p class='ocr_par' dir='ltr' id='par_1_94' title="bbox 2060 3111 3629 3185">
     <span class='ocr_line' id='line_1_95' title="bbox 2060 3111 3629 3185; baseline 0.001 -22"><span class='ocrx_word' id='word_1_717' title='bbox 2060 3111 2271 3180; x_wconf 87' lang='lat' dir='ltr'><strong>quando</strong></span> <span class='ocrx_word' id='word_1_718' title='bbox 2298 3112 2625 3167; x_wconf 87' lang='lat' dir='ltr'><strong>servabunt?</strong></span> <span class='ocrx_word' id='word_1_719' title='bbox 2674 3115 2755 3168; x_wconf 82' lang='lat' dir='ltr'><strong>An</strong></span> <span class='ocrx_word' id='word_1_720' title='bbox 2797 3115 3044 3180; x_wconf 90' lang='lat' dir='ltr'><strong>nescitis,</strong></span> <span class='ocrx_word' id='word_1_721' title='bbox 3082 3114 3205 3185; x_wconf 89' lang='lat' dir='ltr'><strong>quia</strong></span> <span class='ocrx_word' id='word_1_722' title='bbox 3228 3117 3436 3169; x_wconf 88' lang='lat' dir='ltr'><strong>animus</strong></span> <span class='ocrx_word' id='word_1_723' title='bbox 3465 3115 3549 3182; x_wconf 91' lang='lat' dir='ltr'><strong>qui</strong></span> <span class='ocrx_word' id='word_1_724' title='bbox 3579 3113 3629 3166; x_wconf 91' lang='lat' dir='ltr'><strong>in</strong></span> 
     </span>
    </p>
   </div>
   <div class='ocr_carea' id='block_1_95' title="bbox 2065 3202 3631 3276">
    <p class='ocr_par' dir='ltr' id='par_1_95' title="bbox 2065 3202 3631 3276">
     <span class='ocr_line' id='line_1_96' title="bbox 2065 3202 3631 3276; baseline 0.001 -21"><span class='ocrx_word' id='word_1_725' title='bbox 2065 3202 2256 3256; x_wconf 89' lang='lat' dir='ltr'><strong>talibus</strong></span> <span class='ocrx_word' id='word_1_726' title='bbox 2307 3202 2582 3274; x_wconf 86' lang='lat' dir='ltr'><strong>frangitur,</strong></span> <span class='ocrx_word' id='word_1_727' title='bbox 2631 3205 2699 3259; x_wconf 90' lang='lat' dir='ltr'><strong>ad</strong></span> <span class='ocrx_word' id='word_1_728' title='bbox 2742 3205 2963 3261; x_wconf 88' lang='lat' dir='ltr'><strong>fortiora</strong></span> <span class='ocrx_word' id='word_1_729' title='bbox 3016 3207 3277 3276; x_wconf 87' lang='lat' dir='ltr'><strong>reprobus</strong></span> <span class='ocrx_word' id='word_1_730' title='bbox 3326 3206 3631 3260; x_wconf 84' lang='lat' dir='ltr'><strong>invenitur?</strong></span> 
     </span>
    </p>
   </div>
   <div class='ocr_carea' id='block_1_96' title="bbox 2063 3293 3631 3367">
    <p class='ocr_par' dir='ltr' id='par_1_96' title="bbox 2063 3293 3631 3367">
     <span class='ocr_line' id='line_1_97' title="bbox 2063 3293 3631 3367; baseline 0.001 -21"><span class='ocrx_word' id='word_1_731' title='bbox 2063 3293 2193 3358; x_wconf 88' lang='lat' dir='ltr'><strong>Quis</strong></span> <span class='ocrx_word' id='word_1_732' title='bbox 2219 3294 2409 3348; x_wconf 89' lang='lat' dir='ltr'><strong>timens</strong></span> <span class='ocrx_word' id='word_1_733' title='bbox 2435 3295 2606 3348; x_wconf 90' lang='lat' dir='ltr'><strong>rivum</strong></span> <span class='ocrx_word' id='word_1_734' title='bbox 2625 3336 2640 3360; x_wconf 95' lang='lat'><strong>,</strong></span> <span class='ocrx_word' id='word_1_735' title='bbox 2681 3309 2828 3350; x_wconf 91' lang='lat' dir='ltr'><strong>mare</strong></span> <span class='ocrx_word' id='word_1_736' title='bbox 2859 3297 3157 3367; x_wconf 87' lang='lat' dir='ltr'><strong>aliquando</strong></span> <span class='ocrx_word' id='word_1_737' title='bbox 3184 3295 3517 3364; x_wconf 81' lang='lat' dir='ltr'><strong>ingreditur?</strong></span> <span class='ocrx_word' id='word_1_738' title='bbox 3543 3295 3631 3348; x_wconf 92' lang='lat' dir='ltr'><strong>Sic</strong></span> 
     </span>
    </p>
   </div>
   <div class='ocr_carea' id='block_1_97' title="bbox 2062 3383 3631 3456">
    <p class='ocr_par' dir='ltr' id='par_1_97' title="bbox 2062 3383 3631 3456">
     <span class='ocr_line' id='line_1_98' title="bbox 2062 3383 3631 3456; baseline 0.001 -20"><span class='ocrx_word' id='word_1_739' title='bbox 2062 3383 2150 3453; x_wconf 91' lang='lat' dir='ltr'><strong>qui</strong></span> <span class='ocrx_word' id='word_1_740' title='bbox 2181 3383 2380 3454; x_wconf 88' lang='lat' dir='ltr'><strong>plangit</strong></span> <span class='ocrx_word' id='word_1_741' title='bbox 2409 3385 2747 3454; x_wconf 89' lang='lat' dir='ltr'><strong>impatienter</strong></span> <span class='ocrx_word' id='word_1_742' title='bbox 2770 3386 3052 3450; x_wconf 89' lang='lat' dir='ltr'><strong>amissum,</strong></span> <span class='ocrx_word' id='word_1_743' title='bbox 3097 3386 3308 3456; x_wconf 92' lang='lat' dir='ltr'><strong>quando</strong></span> <span class='ocrx_word' id='word_1_744' title='bbox 3335 3386 3530 3455; x_wconf 86' lang='lat' dir='ltr'><strong>poterit</strong></span> <span class='ocrx_word' id='word_1_745' title='bbox 3564 3384 3631 3438; x_wconf 88' lang='lat' dir='ltr'><strong>ad</strong></span> 
     </span>
    </p>
   </div>
   <div class='ocr_carea' id='block_1_98' title="bbox 2061 3475 3631 3546">
    <p class='ocr_par' dir='ltr' id='par_1_98' title="bbox 2061 3475 3631 3546">
     <span class='ocr_line' id='line_1_99' title="bbox 2061 3475 3631 3546; baseline 0.001 -18"><span class='ocrx_word' id='word_1_746' title='bbox 2061 3475 2300 3546; x_wconf 82' lang='lat' dir='ltr'><strong>martyrii</strong></span> <span class='ocrx_word' id='word_1_747' title='bbox 2341 3475 2617 3545; x_wconf 89' lang='lat' dir='ltr'><strong>pervenire</strong></span> <span class='ocrx_word' id='word_1_748' title='bbox 2657 3478 2966 3532; x_wconf 87' lang='lat' dir='ltr'><strong>certamen?</strong></span> <span class='ocrx_word' id='word_1_749' title='bbox 3011 3477 3141 3532; x_wconf 87' lang='lat' dir='ltr'><strong>Nam</strong></span> <span class='ocrx_word' id='word_1_750' title='bbox 3169 3478 3256 3545; x_wconf 88' lang='lat' dir='ltr'><strong>qui</strong></span> <span class='ocrx_word' id='word_1_751' title='bbox 3285 3478 3338 3531; x_wconf 90' lang='lat' dir='ltr'><strong>in</strong></span> <span class='ocrx_word' id='word_1_752' title='bbox 3382 3477 3465 3532; x_wconf 80' lang='lat' dir='ltr'><strong>his</strong></span> <span class='ocrx_word' id='word_1_753' title='bbox 3499 3492 3631 3532; x_wconf 63' lang='lat' dir='ltr'><strong>cono</strong></span> 
     </span>
    </p>
   </div>
   <div class='ocr_carea' id='block_1_99' title="bbox 2062 3567 3630 3638">
    <p class='ocr_par' dir='ltr' id='par_1_99' title="bbox 2062 3567 3630 3638">
     <span class='ocr_line' id='line_1_100' title="bbox 2062 3567 3630 3638; baseline 0.002 -19"><span class='ocrx_word' id='word_1_754' title='bbox 2062 3574 2208 3619; x_wconf 91' lang='lat' dir='ltr'><strong>stans</strong></span> <span class='ocrx_word' id='word_1_755' title='bbox 2246 3575 2297 3621; x_wconf 92' lang='lat' dir='ltr'><strong>et</strong></span> <span class='ocrx_word' id='word_1_756' title='bbox 2343 3568 2708 3637; x_wconf 88' lang='lat' dir='ltr'><strong>magnanimus</strong></span> <span class='ocrx_word' id='word_1_757' title='bbox 2754 3567 2992 3632; x_wconf 82' lang='lat' dir='ltr'><strong>exsistit,</strong></span> <span class='ocrx_word' id='word_1_758' title='bbox 3036 3570 3147 3638; x_wconf 87' lang='lat' dir='ltr'><strong>jam</strong></span> <span class='ocrx_word' id='word_1_759' title='bbox 3185 3569 3284 3624; x_wconf 90' lang='lat' dir='ltr'><strong>sibi</strong></span> <span class='ocrx_word' id='word_1_760' title='bbox 3322 3568 3541 3638; x_wconf 87' lang='lat' dir='ltr'><strong>gradum</strong></span> <span class='ocrx_word' id='word_1_761' title='bbox 3565 3568 3630 3622; x_wconf 88' lang='lat' dir='ltr'><strong>ad</strong></span> 
     </span>
    </p>
   </div>
   <div class='ocr_carea' id='block_1_100' title="bbox 2062 3658 2601 3726">
    <p class='ocr_par' dir='ltr' id='par_1_100' title="bbox 2062 3658 2601 3726">
     <span class='ocr_line' id='line_1_101' title="bbox 2062 3658 2601 3726; baseline 0.004 -16"><span class='ocrx_word' id='word_1_762' title='bbox 2062 3658 2267 3726; x_wconf 88' lang='lat' dir='ltr'><strong>potiora</strong></span> <span class='ocrx_word' id='word_1_763' title='bbox 2296 3658 2601 3713; x_wconf 89' lang='lat' dir='ltr'><strong>substernit.</strong></span> 
     </span>
    </p>
   </div>
   <div class='ocr_carea' id='block_1_101' title="bbox 2135 3748 3634 3823">
    <p class='ocr_par' dir='ltr' id='par_1_101' title="bbox 2135 3748 3634 3823">
     <span class='ocr_line' id='line_1_102' title="bbox 2135 3748 3634 3823; baseline 0.001 -21"><span class='ocrx_word' id='word_1_764' title='bbox 2135 3749 2188 3802; x_wconf 85' lang='lat'><strong>6.</strong></span> <span class='ocrx_word' id='word_1_765' title='bbox 2234 3748 2505 3820; x_wconf 85' lang='lat' dir='ltr'><strong>Egregium</strong></span> <span class='ocrx_word' id='word_1_766' title='bbox 2547 3748 2760 3805; x_wconf 84' lang='lat' dir='ltr'><strong>Dauidis</strong></span> <span class='ocrx_word' id='word_1_767' title='bbox 2804 3751 3104 3820; x_wconf 75' lang='lat' dir='ltr'><strong>exemptum.</strong></span> <span class='ocrx_word' id='word_1_768' title='bbox 3171 3750 3340 3806; x_wconf 84' lang='lat' dir='ltr'><strong>Vestes</strong></span> <span class='ocrx_word' id='word_1_769' title='bbox 3381 3752 3540 3823; x_wconf 75' lang='lat' dir='ltr'><strong>nigrae</strong></span> <span class='ocrx_word' id='word_1_770' title='bbox 3580 3751 3634 3804; x_wconf 83' lang='lat' dir='ltr'><strong>iu</strong></span> 
     </span>
    </p>
   </div>
   <div class='ocr_carea' id='block_1_102' title="bbox 2068 3837 3633 3908">
    <p class='ocr_par' dir='ltr' id='par_1_102' title="bbox 2068 3837 3633 3908">
     <span class='ocr_line' id='line_1_103' title="bbox 2068 3837 3633 3908; baseline 0.004 -18"><span class='ocrx_word' id='word_1_771' title='bbox 2068 3837 2297 3893; x_wconf 85' lang='lat' dir='ltr'><strong>luctibus.</strong></span> <span class='ocrx_word' id='word_1_772' title='bbox 2336 3869 2407 3879; x_wconf 90' lang='lat'><strong>—-</strong></span> <span class='ocrx_word' id='word_1_773' title='bbox 2447 3839 2723 3896; x_wconf 78' lang='lat' dir='ltr'><strong>Sufﬁciunt</strong></span> <span class='ocrx_word' id='word_1_774' title='bbox 2752 3846 2896 3908; x_wconf 67' lang='lat' dir='ltr'><strong>hate,</strong></span> <span class='ocrx_word' id='word_1_775' title='bbox 2944 3842 3134 3897; x_wconf 88' lang='lat' dir='ltr'><strong>fratres</strong></span> <span class='ocrx_word' id='word_1_776' title='bbox 3153 3885 3167 3907; x_wconf 91' lang='lat'><strong>,</strong></span> <span class='ocrx_word' id='word_1_777' title='bbox 3197 3843 3264 3897; x_wconf 92' lang='lat' dir='ltr'><strong>ad</strong></span> <span class='ocrx_word' id='word_1_778' title='bbox 3290 3845 3478 3898; x_wconf 89' lang='lat' dir='ltr'><strong>mortis</strong></span> <span class='ocrx_word' id='word_1_779' title='bbox 3504 3859 3633 3898; x_wconf 82' lang='lat' dir='ltr'><strong>con-</strong></span> 
     </span>
    </p>
   </div>
   <div class='ocr_carea' id='block_1_103' title="bbox 2067 3926 3639 4008">
    <p class='ocr_par' dir='ltr' id='par_1_103' title="bbox 2067 3926 3639 4008">
     <span class='ocr_line' id='line_1_104' title="bbox 2067 3926 3639 4008; baseline 0.008 -24"><span class='ocrx_word' id='word_1_780' title='bbox 2067 3939 2344 3999; x_wconf 89' lang='lat' dir='ltr'><strong>temptnm,</strong></span> <span class='ocrx_word' id='word_1_781' title='bbox 2367 3939 2420 3985; x_wconf 89' lang='lat' dir='ltr'><strong>et</strong></span> <span class='ocrx_word' id='word_1_782' title='bbox 2437 3932 2501 3985; x_wconf 90' lang='lat' dir='ltr'><strong>ad</strong></span> <span class='ocrx_word' id='word_1_783' title='bbox 2529 3933 2640 4001; x_wconf 91' lang='lat' dir='ltr'><strong>spei</strong></span> <span class='ocrx_word' id='word_1_784' title='bbox 2666 3926 2854 3989; x_wconf 63' lang='lat' dir='ltr'><strong>futurae</strong></span> <span class='ocrx_word' id='word_1_785' title='bbox 2878 3932 3352 3989; x_wconf 87' lang='lat' dir='ltr'><strong>conﬁrmationem.</strong></span> <span class='ocrx_word' id='word_1_786' title='bbox 3379 3935 3639 4008; x_wconf 85' lang='lat' dir='ltr'><strong>Superest</strong></span> 
     </span>
    </p>
   </div>
   <div class='ocr_carea' id='block_1_104' title="bbox 2066 4022 3633 4096">
    <p class='ocr_par' dir='ltr' id='par_1_104' title="bbox 2066 4022 3633 4096">
     <span class='ocr_line' id='line_1_105' title="bbox 2066 4022 3633 4096; baseline 0.003 -20"><span class='ocrx_word' id='word_1_787' title='bbox 2066 4032 2124 4076; x_wconf 89' lang='lat' dir='ltr'><strong>ut</strong></span> <span class='ocrx_word' id='word_1_788' title='bbox 2170 4039 2328 4076; x_wconf 91' lang='lat' dir='ltr'><strong>unum</strong></span> <span class='ocrx_word' id='word_1_789' title='bbox 2373 4022 2441 4079; x_wconf 90' lang='lat' dir='ltr'><strong>de</strong></span> <span class='ocrx_word' id='word_1_790' title='bbox 2485 4024 2753 4079; x_wconf 89' lang='lat' dir='ltr'><strong>veteribus</strong></span> <span class='ocrx_word' id='word_1_791' title='bbox 2798 4025 3097 4095; x_wconf 82' lang='lat' dir='ltr'><strong>exemplum</strong></span> <span class='ocrx_word' id='word_1_792' title='bbox 3139 4026 3440 4096; x_wconf 87' lang='lat' dir='ltr'><strong>proferam,</strong></span> <span class='ocrx_word' id='word_1_793' title='bbox 3491 4026 3633 4096; x_wconf 90' lang='lat' dir='ltr'><strong>quod</strong></span> 
     </span>
    </p>
   </div>
   <div class='ocr_carea' id='block_1_105' title="bbox 2066 4117 3634 4190">
    <p class='ocr_par' dir='ltr' id='par_1_105' title="bbox 2066 4117 3634 4190">
     <span class='ocr_line' id='line_1_106' title="bbox 2066 4117 3634 4190; baseline 0.003 -20"><span class='ocrx_word' id='word_1_794' title='bbox 2066 4131 2278 4171; x_wconf 91' lang='lat' dir='ltr'><strong>omnem</strong></span> <span class='ocrx_word' id='word_1_795' title='bbox 2304 4117 2717 4173; x_wconf 88' lang='lat' dir='ltr'><strong>consolationem</strong></span> <span class='ocrx_word' id='word_1_796' title='bbox 2747 4118 2923 4186; x_wconf 89' lang='lat' dir='ltr'><strong>faciat,</strong></span> <span class='ocrx_word' id='word_1_797' title='bbox 2959 4129 3012 4175; x_wconf 91' lang='lat' dir='ltr'><strong>et</strong></span> <span class='ocrx_word' id='word_1_798' title='bbox 3033 4121 3173 4189; x_wconf 88' lang='lat' dir='ltr'><strong>quod</strong></span> <span class='ocrx_word' id='word_1_799' title='bbox 3199 4123 3357 4176; x_wconf 88' lang='lat' dir='ltr'><strong>etiam</strong></span> <span class='ocrx_word' id='word_1_800' title='bbox 3390 4122 3634 4190; x_wconf 87' lang='lat' dir='ltr'><strong>patienti-</strong></span> 
     </span>
    </p>
   </div>
   <div class='ocr_carea' id='block_1_106' title="bbox 2066 4208 3634 4267">
    <p class='ocr_par' dir='ltr' id='par_1_106' title="bbox 2066 4208 3634 4267">
     <span class='ocr_line' id='line_1_107' title="bbox 2066 4208 3634 4267; baseline 0.002 -4"><span class='ocrx_word' id='word_1_801' title='bbox 2066 4208 2358 4264; x_wconf 91' lang='lat' dir='ltr'><strong>bus-cordis</strong></span> <span class='ocrx_word' id='word_1_802' title='bbox 2383 4209 2598 4264; x_wconf 86' lang='lat' dir='ltr'><strong>auribus</strong></span> <span class='ocrx_word' id='word_1_803' title='bbox 2617 4210 2737 4265; x_wconf 93' lang='lat' dir='ltr'><strong>volo</strong></span> <span class='ocrx_word' id='word_1_804' title='bbox 2765 4225 2950 4266; x_wconf 91' lang='lat' dir='ltr'><strong>omnes</strong></span> <span class='ocrx_word' id='word_1_805' title='bbox 2969 4211 3174 4266; x_wconf 89' lang='lat' dir='ltr'><strong>audire.</strong></span> <span class='ocrx_word' id='word_1_806' title='bbox 3216 4212 3375 4265; x_wconf 89' lang='lat' dir='ltr'><strong>David</strong></span> <span class='ocrx_word' id='word_1_807' title='bbox 3405 4227 3498 4267; x_wconf 82' lang='lat' dir='ltr'><strong>rex</strong></span> <span class='ocrx_word' id='word_1_808' title='bbox 3523 4228 3634 4266; x_wconf 86' lang='lat' dir='ltr'><strong>ma-</strong></span> 
     </span>
    </p>
   </div>
   <div class='ocr_carea' id='block_1_107' title="bbox 2064 4300 3632 4372">
    <p class='ocr_par' dir='ltr' id='par_1_107' title="bbox 2064 4300 3632 4372">
     <span class='ocr_line' id='line_1_108' title="bbox 2064 4300 3632 4372; baseline 0.003 -20"><span class='ocrx_word' id='word_1_809' title='bbox 2064 4315 2198 4369; x_wconf 92' lang='lat' dir='ltr'><strong>gnus</strong></span> <span class='ocrx_word' id='word_1_810' title='bbox 2222 4300 2384 4354; x_wconf 91' lang='lat' dir='ltr'><strong>ﬁlium</strong></span> <span class='ocrx_word' id='word_1_811' title='bbox 2412 4301 2661 4356; x_wconf 89' lang='lat' dir='ltr'><strong>dilectum</strong></span> <span class='ocrx_word' id='word_1_812' title='bbox 2682 4343 2696 4366; x_wconf 95' lang='lat'><strong>,</strong></span> <span class='ocrx_word' id='word_1_813' title='bbox 2737 4317 2893 4372; x_wconf 91' lang='lat' dir='ltr'><strong>quem</strong></span> <span class='ocrx_word' id='word_1_814' title='bbox 2931 4303 3069 4357; x_wconf 88' lang='lat' dir='ltr'><strong>sicut</strong></span> <span class='ocrx_word' id='word_1_815' title='bbox 3101 4304 3330 4356; x_wconf 85' lang='lat' dir='ltr'><strong>animam</strong></span> <span class='ocrx_word' id='word_1_816' title='bbox 3367 4304 3632 4372; x_wconf 89' lang='lat' dir='ltr'><strong>propriam</strong></span> 
     </span>
    </p>
   </div>
   <div class='ocr_carea' id='block_1_108' title="bbox 2066 4391 3634 4463">
    <p class='ocr_par' dir='ltr' id='par_1_108' title="bbox 2066 4391 3634 4463">
     <span class='ocr_line' id='line_1_109' title="bbox 2066 4391 3634 4463; baseline 0.003 -19"><span class='ocrx_word' id='word_1_817' title='bbox 2066 4391 2335 4461; x_wconf 88' lang='lat' dir='ltr'><strong>diligebat,</strong></span> <span class='ocrx_word' id='word_1_818' title='bbox 2367 4392 2670 4447; x_wconf 88' lang='lat' dir='ltr'><strong>inﬁrmitate</strong></span> <span class='ocrx_word' id='word_1_819' title='bbox 2703 4409 3014 4463; x_wconf 90' lang='lat' dir='ltr'><strong>percussum</strong></span> <span class='ocrx_word' id='word_1_820' title='bbox 3076 4393 3534 4463; x_wconf 89' lang='lat' dir='ltr'><strong>impatientissime</strong></span> <span class='ocrx_word' id='word_1_821' title='bbox 3561 4394 3634 4449; x_wconf 88' lang='lat' dir='ltr'><strong>fc-</strong></span> 
     </span>
    </p>
   </div>
   <div class='ocr_carea' id='block_1_109' title="bbox 2066 4483 3634 4555">
    <p class='ocr_par' dir='ltr' id='par_1_109' title="bbox 2066 4483 3634 4555">
     <span class='ocr_line' id='line_1_110' title="bbox 2066 4483 3634 4555; baseline 0.001 -19"><span class='ocrx_word' id='word_1_822' title='bbox 2066 4483 2214 4537; x_wconf 89' lang='lat' dir='ltr'><strong>rebat</strong></span> <span class='ocrx_word' id='word_1_823' title='bbox 2244 4484 2318 4554; x_wconf 75' lang='lat'><strong>(2.</strong></span> <span class='ocrx_word' id='word_1_824' title='bbox 2351 4483 2477 4554; x_wconf 80' lang='lat' dir='ltr'><strong>Reg.</strong></span> <span class='ocrx_word' id='word_1_825' title='bbox 2511 4483 2711 4539; x_wconf 67' lang='lat'><strong>12.16.</strong></span> <span class='ocrx_word' id='word_1_826' title='bbox 2740 4484 2900 4555; x_wconf 85' lang='lat' dir='ltr'><strong>seqq.)</strong></span> <span class='ocrx_word' id='word_1_827' title='bbox 2934 4503 2946 4538; x_wconf 90' lang='lat'><strong>:</strong></span> <span class='ocrx_word' id='word_1_828' title='bbox 2989 4494 3042 4539; x_wconf 89' lang='lat' dir='ltr'><strong>et</strong></span> <span class='ocrx_word' id='word_1_829' title='bbox 3083 4499 3203 4540; x_wconf 91' lang='lat' dir='ltr'><strong>cum</strong></span> <span class='ocrx_word' id='word_1_830' title='bbox 3257 4484 3488 4538; x_wconf 90' lang='lat' dir='ltr'><strong>humana</strong></span> <span class='ocrx_word' id='word_1_831' title='bbox 3525 4485 3634 4553; x_wconf 90' lang='lat' dir='ltr'><strong>jam</strong></span> 
     </span>
    </p>
   </div>
   <div class='ocr_carea' id='block_1_110' title="bbox 2066 4575 3637 4645">
    <p class='ocr_par' dir='ltr' id='par_1_110' title="bbox 2066 4575 3637 4645">
     <span class='ocr_line' id='line_1_111' title="bbox 2066 4575 3637 4645; baseline 0 -18"><span class='ocrx_word' id='word_1_832' title='bbox 2066 4575 2257 4628; x_wconf 83' lang='lat' dir='ltr'><strong>auxilia</strong></span> <span class='ocrx_word' id='word_1_833' title='bbox 2285 4575 2413 4628; x_wconf 92' lang='lat' dir='ltr'><strong>nihil</strong></span> <span class='ocrx_word' id='word_1_834' title='bbox 2443 4576 2783 4643; x_wconf 89' lang='lat' dir='ltr'><strong>prodessent,</strong></span> <span class='ocrx_word' id='word_1_835' title='bbox 2829 4577 3059 4645; x_wconf 89' lang='lat' dir='ltr'><strong>seipsum</strong></span> <span class='ocrx_word' id='word_1_836' title='bbox 3083 4576 3345 4631; x_wconf 87' lang='lat' dir='ltr'><strong>convertit</strong></span> <span class='ocrx_word' id='word_1_837' title='bbox 3367 4575 3433 4629; x_wconf 90' lang='lat' dir='ltr'><strong>ad</strong></span> <span class='ocrx_word' id='word_1_838' title='bbox 3460 4575 3637 4629; x_wconf 81' lang='lat' dir='ltr'><strong>Domi-</strong></span> 
     </span>
    </p>
   </div>
   <div class='ocr_carea' id='block_1_111' title="bbox 2067 4664 3633 4735">
    <p class='ocr_par' dir='ltr' id='par_1_111' title="bbox 2067 4664 3633 4735">
     <span class='ocr_line' id='line_1_112' title="bbox 2067 4664 3633 4735; baseline 0.001 -17"><span class='ocrx_word' id='word_1_839' title='bbox 2067 4681 2214 4732; x_wconf 90' lang='lat' dir='ltr'><strong>num,</strong></span> <span class='ocrx_word' id='word_1_840' title='bbox 2243 4664 2480 4734; x_wconf 90' lang='lat' dir='ltr'><strong>deposita</strong></span> <span class='ocrx_word' id='word_1_841' title='bbox 2512 4665 2675 4734; x_wconf 88' lang='lat' dir='ltr'><strong>regali</strong></span> <span class='ocrx_word' id='word_1_842' title='bbox 2710 4666 2893 4734; x_wconf 88' lang='lat' dir='ltr'><strong>gloria,</strong></span> <span class='ocrx_word' id='word_1_843' title='bbox 2935 4666 3071 4720; x_wconf 89' lang='lat' dir='ltr'><strong>sedit</strong></span> <span class='ocrx_word' id='word_1_844' title='bbox 3109 4666 3161 4720; x_wconf 90' lang='lat' dir='ltr'><strong>in</strong></span> <span class='ocrx_word' id='word_1_845' title='bbox 3194 4675 3362 4732; x_wconf 88' lang='lat' dir='ltr'><strong>terra,</strong></span> <span class='ocrx_word' id='word_1_846' title='bbox 3387 4665 3555 4735; x_wconf 87' lang='lat' dir='ltr'><strong>jacuit</strong></span> <span class='ocrx_word' id='word_1_847' title='bbox 3582 4666 3633 4719; x_wconf 90' lang='lat' dir='ltr'><strong>in</strong></span> 
     </span>
    </p>
   </div>
   <div class='ocr_carea' id='block_1_112' title="bbox 2066 4757 3633 4828">
    <p class='ocr_par' dir='ltr' id='par_1_112' title="bbox 2066 4757 3633 4828">
     <span class='ocr_line' id='line_1_113' title="bbox 2066 4757 3633 4828; baseline 0.001 -18"><span class='ocrx_word' id='word_1_848' title='bbox 2066 4757 2258 4823; x_wconf 90' lang='lat' dir='ltr'><strong>cilicio,</strong></span> <span class='ocrx_word' id='word_1_849' title='bbox 2282 4773 2386 4811; x_wconf 93' lang='lat' dir='ltr'><strong>non</strong></span> <span class='ocrx_word' id='word_1_850' title='bbox 2405 4758 2758 4824; x_wconf 88' lang='lat' dir='ltr'><strong>manducavit,</strong></span> <span class='ocrx_word' id='word_1_851' title='bbox 2782 4773 2886 4812; x_wconf 91' lang='lat' dir='ltr'><strong>non</strong></span> <span class='ocrx_word' id='word_1_852' title='bbox 2908 4759 3058 4824; x_wconf 92' lang='lat' dir='ltr'><strong>bibit,</strong></span> <span class='ocrx_word' id='word_1_853' title='bbox 3081 4769 3282 4828; x_wconf 90' lang='lat' dir='ltr'><strong>septem</strong></span> <span class='ocrx_word' id='word_1_854' title='bbox 3303 4759 3490 4814; x_wconf 89' lang='lat' dir='ltr'><strong>diebus</strong></span> <span class='ocrx_word' id='word_1_855' title='bbox 3509 4773 3633 4814; x_wconf 86' lang='lat' dir='ltr'><strong>con-</strong></span> 
     </span>
    </p>
   </div>
   <div class='ocr_carea' id='block_1_113' title="bbox 2068 4851 3634 4915">
    <p class='ocr_par' dir='ltr' id='par_1_113' title="bbox 2068 4851 3634 4915">
     <span class='ocr_line' id='line_1_114' title="bbox 2068 4851 3634 4915; baseline 0.001 -13"><span class='ocrx_word' id='word_1_856' title='bbox 2068 4851 2226 4904; x_wconf 87' lang='lat' dir='ltr'><strong>tinuis</strong></span> <span class='ocrx_word' id='word_1_857' title='bbox 2272 4866 2430 4905; x_wconf 91' lang='lat' dir='ltr'><strong>orans</strong></span> <span class='ocrx_word' id='word_1_858' title='bbox 2475 4851 2670 4915; x_wconf 91' lang='lat' dir='ltr'><strong>Deum,</strong></span> <span class='ocrx_word' id='word_1_859' title='bbox 2724 4852 2768 4905; x_wconf 92' lang='lat' dir='ltr'><strong>si</strong></span> <span class='ocrx_word' id='word_1_860' title='bbox 2819 4851 2952 4906; x_wconf 87' lang='lat' dir='ltr'><strong>forte</strong></span> <span class='ocrx_word' id='word_1_861' title='bbox 2999 4853 3099 4906; x_wconf 91' lang='lat' dir='ltr'><strong>sibi</strong></span> <span class='ocrx_word' id='word_1_862' title='bbox 3146 4853 3286 4906; x_wconf 86' lang='lat' dir='ltr'><strong>ﬁlius</strong></span> <span class='ocrx_word' id='word_1_863' title='bbox 3325 4851 3634 4906; x_wconf 87' lang='lat' dir='ltr'><strong>donaretur.</strong></span> 
     </span>
    </p>
   </div>
   <div class='ocr_carea' id='block_1_114' title="bbox 2067 4940 3667 5011">
    <p class='ocr_par' dir='ltr' id='par_1_114' title="bbox 2067 4940 3667 5011">
     <span class='ocr_line' id='line_1_115' title="bbox 2067 4940 3667 5011; baseline 0.001 -19"><span class='ocrx_word' id='word_1_864' title='bbox 2067 4940 2418 4994; x_wconf 83' lang='lat' dir='ltr'><strong>Accesserunt</strong></span> <span class='ocrx_word' id='word_1_865' title='bbox 2451 4941 2689 4995; x_wconf 88' lang='lat' dir='ltr'><strong>seniores</strong></span> <span class='ocrx_word' id='word_1_866' title='bbox 2714 4940 2904 4994; x_wconf 87' lang='lat' dir='ltr'><strong>domus</strong></span> <span class='ocrx_word' id='word_1_867' title='bbox 2930 4941 3043 5009; x_wconf 84' lang='lat' dir='ltr'><strong>ejus</strong></span> <span class='ocrx_word' id='word_1_868' title='bbox 3066 4983 3081 5008; x_wconf 94' lang='lat'><strong>,</strong></span> <span class='ocrx_word' id='word_1_869' title='bbox 3113 4941 3448 4996; x_wconf 89' lang='lat' dir='ltr'><strong>consolantes</strong></span> <span class='ocrx_word' id='word_1_870' title='bbox 3475 4954 3633 5011; x_wconf 84' lang='lat' dir='ltr'><strong>roga-</strong></span> <span class='ocrx_word' id='word_1_871' title='bbox 3657 4973 3667 5010; x_wconf 57' lang='grc' dir='ltr'><em>ε</em></span> 
     </span>
    </p>
   </div>
   <div class='ocr_carea' id='block_1_115' title="bbox 2067 5026 3666 5104">
    <p class='ocr_par' dir='ltr' id='par_1_115' title="bbox 2067 5026 3666 5104">
     <span class='ocr_line' id='line_1_116' title="bbox 2067 5026 3666 5104; baseline 0.003 -22"><span class='ocrx_word' id='word_1_872' title='bbox 2067 5039 2257 5084; x_wconf 90' lang='lat' dir='ltr'><strong>verunt</strong></span> <span class='ocrx_word' id='word_1_873' title='bbox 2282 5040 2338 5083; x_wconf 92' lang='lat' dir='ltr'><strong>ut</strong></span> <span class='ocrx_word' id='word_1_874' title='bbox 2363 5045 2550 5099; x_wconf 90' lang='lat' dir='ltr'><strong>panem</strong></span> <span class='ocrx_word' id='word_1_875' title='bbox 2583 5039 2835 5096; x_wconf 89' lang='lat' dir='ltr'><strong>sumeret,</strong></span> <span class='ocrx_word' id='word_1_876' title='bbox 2860 5032 3014 5085; x_wconf 86' lang='lat' dir='ltr'><strong>veriti</strong></span> <span class='ocrx_word' id='word_1_877' title='bbox 3043 5046 3110 5086; x_wconf 90' lang='lat' dir='ltr'><strong>ne</strong></span> <span class='ocrx_word' id='word_1_878' title='bbox 3139 5031 3291 5095; x_wconf 83' lang='lat' dir='ltr'><strong>forte,</strong></span> <span class='ocrx_word' id='word_1_879' title='bbox 3321 5029 3447 5082; x_wconf 92' lang='lat' dir='ltr'><strong>dum</strong></span> <span class='ocrx_word' id='word_1_880' title='bbox 3470 5026 3634 5086; x_wconf 89' lang='lat' dir='ltr'><strong>ﬁlium</strong></span> <span class='ocrx_word' id='word_1_881' title='bbox 3659 5097 3666 5104; x_wconf 90' lang='lat'><em>_</em></span> 
     </span>
    </p>
   </div>
   <div class='ocr_carea' id='block_1_116' title="bbox 2070 5121 3634 5191">
    <p class='ocr_par' dir='ltr' id='par_1_116' title="bbox 2070 5121 3634 5191">
     <span class='ocr_line' id='line_1_117' title="bbox 2070 5121 3634 5191; baseline -0.002 -17"><span class='ocrx_word' id='word_1_882' title='bbox 2070 5121 2225 5176; x_wconf 90' lang='lat' dir='ltr'><strong>vellet</strong></span> <span class='ocrx_word' id='word_1_883' title='bbox 2249 5123 2457 5188; x_wconf 90' lang='lat' dir='ltr'><strong>vivere,</strong></span> <span class='ocrx_word' id='word_1_884' title='bbox 2492 5123 2603 5190; x_wconf 90' lang='lat' dir='ltr'><strong>ipse</strong></span> <span class='ocrx_word' id='word_1_885' title='bbox 2628 5131 2750 5178; x_wconf 87' lang='lat' dir='ltr'><strong>ante</strong></span> <span class='ocrx_word' id='word_1_886' title='bbox 2778 5122 3047 5178; x_wconf 90' lang='lat' dir='ltr'><strong>deﬁceret.</strong></span> <span class='ocrx_word' id='word_1_887' title='bbox 3091 5122 3204 5177; x_wconf 85' lang='lat' dir='ltr'><strong>Non</strong></span> <span class='ocrx_word' id='word_1_888' title='bbox 3237 5126 3520 5191; x_wconf 89' lang='lat' dir='ltr'><strong>potuerunt</strong></span> <span class='ocrx_word' id='word_1_889' title='bbox 3543 5132 3634 5172; x_wconf 80' lang='lat' dir='ltr'><strong>ex-</strong></span> 
     </span>
    </p>
   </div>
   <div class='ocr_carea' id='block_1_117' title="bbox 2068 5210 3634 5282">
    <p class='ocr_par' dir='ltr' id='par_1_117' title="bbox 2068 5210 3634 5282">
     <span class='ocr_line' id='line_1_118' title="bbox 2068 5210 3634 5282; baseline 0 -17"><span class='ocrx_word' id='word_1_890' title='bbox 2068 5220 2330 5281; x_wconf 89' lang='lat' dir='ltr'><strong>torquere,</strong></span> <span class='ocrx_word' id='word_1_891' title='bbox 2373 5229 2478 5267; x_wconf 92' lang='lat' dir='ltr'><strong>non</strong></span> <span class='ocrx_word' id='word_1_892' title='bbox 2517 5229 2739 5282; x_wconf 86' lang='lat' dir='ltr'><strong>cogere;</strong></span> <span class='ocrx_word' id='word_1_893' title='bbox 2787 5230 2939 5269; x_wconf 90' lang='lat' dir='ltr'><strong>amor</strong></span> <span class='ocrx_word' id='word_1_894' title='bbox 2979 5215 3122 5270; x_wconf 91' lang='lat' dir='ltr'><strong>enim</strong></span> <span class='ocrx_word' id='word_1_895' title='bbox 3181 5211 3460 5282; x_wconf 89' lang='lat' dir='ltr'><strong>impatiens</strong></span> <span class='ocrx_word' id='word_1_896' title='bbox 3497 5210 3634 5265; x_wconf 84' lang='lat' dir='ltr'><strong>solet</strong></span> 
     </span>
    </p>
   </div>
   <div class='ocr_carea' id='block_1_118' title="bbox 2066 5302 3635 5372">
    <p class='ocr_par' dir='ltr' id='par_1_118' title="bbox 2066 5302 3635 5372">
     <span class='ocr_line' id='line_1_119' title="bbox 2066 5302 3635 5372; baseline 0 -16"><span class='ocrx_word' id='word_1_897' title='bbox 2066 5303 2299 5371; x_wconf 87' lang='lat' dir='ltr'><strong>pericula</strong></span> <span class='ocrx_word' id='word_1_898' title='bbox 2328 5304 2438 5372; x_wconf 89' lang='lat' dir='ltr'><strong>ipsa</strong></span> <span class='ocrx_word' id='word_1_899' title='bbox 2467 5313 2827 5360; x_wconf 90' lang='lat' dir='ltr'><strong>contemnere.</strong></span> <span class='ocrx_word' id='word_1_900' title='bbox 2877 5306 3022 5360; x_wconf 90' lang='lat' dir='ltr'><strong>Jacet</strong></span> <span class='ocrx_word' id='word_1_901' title='bbox 3045 5320 3137 5358; x_wconf 81' lang='lat' dir='ltr'><strong>rex</strong></span> <span class='ocrx_word' id='word_1_902' title='bbox 3164 5305 3216 5358; x_wconf 92' lang='lat' dir='ltr'><strong>in</strong></span> <span class='ocrx_word' id='word_1_903' title='bbox 3243 5302 3487 5372; x_wconf 88' lang='lat' dir='ltr'><strong>squalore</strong></span> <span class='ocrx_word' id='word_1_904' title='bbox 3520 5303 3635 5357; x_wconf 82' lang='lat' dir='ltr'><strong>cili-</strong></span> 
     </span>
    </p>
   </div>
   <div class='ocr_carea' id='block_1_119' title="bbox 2067 5393 3635 5462">
    <p class='ocr_par' dir='ltr' id='par_1_119' title="bbox 2067 5393 3635 5462">
     <span class='ocr_line' id='line_1_120' title="bbox 2067 5393 3635 5462; baseline 0.001 -15"><span class='ocrx_word' id='word_1_905' title='bbox 2067 5393 2136 5447; x_wconf 91' lang='lat' dir='ltr'><strong>cii</strong></span> <span class='ocrx_word' id='word_1_906' title='bbox 2164 5403 2451 5462; x_wconf 77' lang='lat' dir='ltr'><strong>tegrotante</strong></span> <span class='ocrx_word' id='word_1_907' title='bbox 2481 5395 2588 5449; x_wconf 94' lang='lat' dir='ltr'><strong>ﬁlio</strong></span> <span class='ocrx_word' id='word_1_908' title='bbox 2617 5414 2629 5448; x_wconf 73' lang='grc' dir='ltr'><strong>ε</strong></span> <span class='ocrx_word' id='word_1_909' title='bbox 2659 5411 2756 5450; x_wconf 91' lang='lat' dir='ltr'><strong>nec</strong></span> <span class='ocrx_word' id='word_1_910' title='bbox 2786 5396 2944 5449; x_wconf 90' lang='lat' dir='ltr'><strong>verba</strong></span> <span class='ocrx_word' id='word_1_911' title='bbox 2972 5394 3173 5448; x_wconf 90' lang='lat' dir='ltr'><strong>faciunt</strong></span> <span class='ocrx_word' id='word_1_912' title='bbox 3197 5393 3635 5460; x_wconf 87' lang='lat' dir='ltr'><strong>consolationem,</strong></span> 
     </span>
    </p>
   </div>
   <div class='ocr_carea' id='block_1_120' title="bbox 2071 5485 3633 5554">
    <p class='ocr_par' dir='ltr' id='par_1_120' title="bbox 2071 5485 3633 5554">
     <span class='ocr_line' id='line_1_121' title="bbox 2071 5485 3633 5554; baseline 0.003 -17"><span class='ocrx_word' id='word_1_913' title='bbox 2071 5499 2168 5539; x_wconf 89' lang='lat' dir='ltr'><strong>nec</strong></span> <span class='ocrx_word' id='word_1_914' title='bbox 2211 5485 2322 5554; x_wconf 88' lang='lat' dir='ltr'><strong>ipsa</strong></span> <span class='ocrx_word' id='word_1_915' title='bbox 2371 5499 2611 5540; x_wconf 88' lang='lat' dir='ltr'><strong>escarum</strong></span> <span class='ocrx_word' id='word_1_916' title='bbox 2665 5486 2955 5548; x_wconf 86' lang='lat' dir='ltr'><strong>necessitas</strong></span> <span class='ocrx_word' id='word_1_917' title='bbox 2997 5493 3169 5540; x_wconf 91' lang='lat' dir='ltr'><strong>vocat.</strong></span> <span class='ocrx_word' id='word_1_918' title='bbox 3227 5485 3373 5540; x_wconf 82' lang='lat' dir='ltr'><strong>Mens</strong></span> <span class='ocrx_word' id='word_1_919' title='bbox 3425 5486 3633 5541; x_wconf 79' lang='lat' dir='ltr'><strong>tristitia</strong></span> 
     </span>
    </p>
   </div>
   <div class='ocr_carea' id='block_1_121' title="bbox 2137 5749 2953 5809">
    <p class='ocr_par' dir='ltr' id='par_1_121' title="bbox 2137 5749 2953 5809">
     <span class='ocr_line' id='line_1_122' title="bbox 2137 5749 2953 5809; baseline -0.004 -15"><span class='ocrx_word' id='word_1_920' title='bbox 2137 5750 2150 5778; x_wconf 76' lang='grc' dir='ltr'>ί</span> <span class='ocrx_word' id='word_1_921' title='bbox 2188 5752 2289 5805; x_wconf 63' lang='lat' dir='ltr'><strong>m,</strong></span> <span class='ocrx_word' id='word_1_922' title='bbox 2315 5759 2399 5798; x_wconf 80' lang='lat' dir='ltr'><strong>nec</strong></span> <span class='ocrx_word' id='word_1_923' title='bbox 2423 5752 2550 5796; x_wconf 83' lang='lat' dir='ltr'><strong>tanto</strong></span> <span class='ocrx_word' id='word_1_924' title='bbox 2573 5759 2703 5796; x_wconf 74' lang='lat' dir='ltr'><strong>(tutor</strong></span> <span class='ocrx_word' id='word_1_925' title='bbox 2728 5749 2953 5809; x_wconf 72' lang='lat' dir='ltr'><strong>peperat.</strong></span> 
     </span>
    </p>
   </div>
   <div class='ocr_carea' id='block_1_122' title="bbox 3195 5811 3265 5868">
    <p class='ocr_par' dir='ltr' id='par_1_122' title="bbox 3195 5811 3265 5868">
     <span class='ocr_line' id='line_1_123' title="bbox 3195 5811 3265 5868; baseline 0 0"><span class='ocrx_word' id='word_1_926' title='bbox 3195 5811 3265 5868; x_wconf 79' lang='grc'><strong>10</strong></span> 
     </span>
    </p>
   </div>
  </div>
