4102 6322
556 402 654 458 305

559 534 792 604 pascitur
816 536 852 599 ',
884 541 1067 604 pectus
1091 533 1553 602 dolore'reﬂcitnr,
1581 537 1716 590 oculi
1753 535 2013 606 lacrymas
2027 548 2137 604 pro

557 625 768 694 potibus
797 625 983 680 fluunt.
1016 625 1158 681 Inter
1188 627 1300 680 haec
1326 626 1519 682 factum
1548 636 1628 682 est
1660 627 1797 696 quod
1827 625 2137 680 decreverat

558 718 698 773 Deus
728 737 744 774 :
773 719 996 773 moritur
1036 734 1188 789 puer.
1232 718 1378 775 Uxor
1422 720 1471 774 in
1510 720 1686 784 luctu,
1728 726 1836 772 tota
1866 718 2054 772 domus
2083 718 2133 771 in

559 810 787 880 planctu,
814 811 1006 866 servuli
1034 811 1225 882 pavidi,
1242 811 1368 881 quid
1390 813 1540 867 ﬁeret
1563 820 1916 866 exaestuantes
1941 829 1954 865 :
1979 824 2136 865 nemo

555 901 696 955 enim
727 900 1206 956 audebat-domino
1236 901 1399 956 ﬁlium
1426 911 1697 956 mortuum
1733 901 1978 955 nuntiare
2001 942 2017 966 ,
2065 901 2136 954 ti-

555 1001 764 1048 mentes
805 993 987 1061 utique
1008 1035 1024 1059 ,
1064 1008 1132 1049 ne
1162 993 1250 1048 ille
1275 994 1365 1063 qui
1389 995 1466 1048 sic
1495 995 1832 1063 impatienter
1857 991 2029 1046 adhuc
2058 991 2136 1045 vi-

554 1100 676 1137 vum
700 1083 933 1155 lugebat,
957 1085 1002 1140 si
1028 1084 1262 1141 audisset
1280 1096 1565 1152 mortuum,
1590 1089 1710 1140 vitm
1735 1085 1930 1142 faceret
1951 1086 2132 1141 ﬁnem.

555 1175 692 1230 Dum
741 1186 986 1246 strepunt
1032 1177 1214 1234 famuli
1244 1178 1382 1234 inter
1407 1179 1638 1241 se,'dum
1667 1179 1862 1234 tristes
1899 1179 2037 1233 alter
2069 1177 2134 1231 ad

553 1266 780 1321 alterum
808 1267 987 1323 dicere
1011 1279 1100 1323 aut
1130 1269 1317 1325 suadet
1342 1279 1433 1324 aut
1462 1279 1638 1334 vetat,
1673 1271 1925 1325 intellexit
1948 1270 2131 1334 David,
2174 1295 2181 1303 -

553 1361 812 1428 praevenit
840 1362 1086 1428 nuntios,
1129 1378 1196 1417 an
1237 1364 1397 1418 vitam
1442 1363 1581 1418 ﬁlius
1621 1365 1925 1419 exhalasset
1974 1365 2138 1420 inter-

555 1460 725 1520 rogat.
769 1450 972 1522 Negare
999 1467 1102 1509 non
1134 1463 1385 1522 possunt,
1416 1454 1611 1510 factum
1645 1456 1855 1511 ﬁetibus
1883 1457 2131 1511 indicant.

555 1542 642 1598 Fit
667 1559 960 1600 concursus
987 1547 1232 1600 insolitus
1259 1549 1301 1612 ³,
1347 1550 1677 1618 exspectatio
1704 1549 1917 1618 grandis
1943 1557 1998 1604 et
2023 1565 2136 1604 me-

557 1642 642 1689 tus
662 1675 676 1700 ,
717 1651 782 1690 ne
809 1637 932 1706 quid
962 1637 1062 1691 sibi
1093 1637 1311 1706 periculi
1340 1639 1456 1706 pius
1502 1648 1654 1708 pater
1703 1639 1919 1696 inferat.
1961 1640 2139 1710 Surgit

550 1727 810 1781 continuo
849 1742 943 1782 rex
985 1727 1146 1782 David
1176 1727 1242 1782 de
1279 1728 1450 1782 cilicio
1476 1771 1489 1792 ,
1534 1729 1702 1797 surgit
1737 1729 1952 1792 hilaris,
1987 1730 2134 1798 quasi

557 1817 722 1872 ﬁlium
761 1834 916 1873 suum
959 1819 1193 1875 audisset
1231 1819 1547 1875 incolumem
1581 1838 1594 1874 :
1627 1820 1768 1876 vadit
1795 1821 1860 1875 ad
1898 1821 2134 1886 balneas,

557 1907 700 1962 lavat
722 1910 1122 1979 corpusculum,
1165 1911 1308 1966 vadit
1332 1910 1399 1966 ad
1428 1912 1703 1980 templum,
1732 1912 1919 1967 adorat
1948 1913 2134 1979 Deum,

555 1999 802 2068 epulatur
835 2017 956 2056 cum
999 2003 1222 2069 amicis,
1266 2003 1591 2072 compressis
1630 2004 1892 2073 suspiriis,
1939 2005 2138 2075 gemitu

557 2091 704 2148 omni
733 2093 1011 2164 deposito,
1054 2095 1202 2150 vultu
1227 2095 1336 2164 jam
1361 2097 1502 2150 laeto.
1553 2095 1807 2150 Mirantur
1835 2095 2135 2162 domestici,

557 2194 772 2255 stupent
815 2189 968 2242 amici
1017 2203 1212 2244 novam
1257 2197 1311 2244 et
1354 2189 1582 2244 subitam
1630 2191 2034 2245 conversionem
2063 2189 2084 2220 ³
2121 2207 2134 2243 :

555 2279 751 2334 audent
779 2280 1008 2352 denique
1031 2282 1366 2353 interrogare
1389 2323 1403 2346 ,
1430 2281 1556 2352 quid
1586 2283 1684 2338 sibi
1715 2283 1878 2338 vellet
1913 2282 2014 2338 hoc
2033 2324 2049 2350 ,
2079 2289 2140 2336 ut

553 2386 677 2426 cum
704 2373 914 2429 vivente
943 2374 1052 2428 ﬁlio
1080 2375 1156 2430 sic
1179 2374 1446 2442 doluerit,
1493 2386 1705 2430 mortuo
1747 2391 1852 2431 non
1890 2373 2140 2431 doleret?

559 2464 856 2535 Respondit
901 2467 982 2522 vir
1033 2467 1124 2522 ille
1174 2468 1612 2538 magnanimitate
1657 2469 1995 2539 praecipuus:
2036 2468 2142 2524 Ne-

558 2573 711 2614 cesse
757 2559 854 2614 fuit
896 2574 1016 2615 cum
1043 2560 1217 2616 adhuc
1242 2561 1445 2616 viveret
1468 2560 1609 2616 filius
1633 2601 1648 2627 ,
1678 2569 1733 2616 et
1759 2559 2059 2625 humiliari,
2087 2569 2142 2615 et

555 2653 800 2722 jejunare
820 2693 834 2717 ,
877 2663 930 2708 et
959 2653 1140 2724 lugere
1169 2654 1223 2707 in
1251 2662 1539 2724 conspectu
1568 2653 1808 2720 Domini;
1856 2661 1971 2708 erat
1999 2653 2139 2708 enim

560 2759 682 2814 spes
708 2745 1024 2816 impetrandi
1061 2753 1392 2800 commeatus
1419 2744 1542 2799 vitae
1572 2761 1587 2798 :
1619 2751 1675 2798 at
1705 2758 1832 2799 vero
1864 2751 2140 2814 postquam

559 2838 802 2892 voluntas
835 2837 1040 2892 Domini
1087 2835 1222 2892 facta
1262 2844 1378 2903 est,
1419 2836 1638 2891 stultum
1684 2841 1769 2890 est
1801 2843 1857 2891 et
1895 2834 2138 2904 impium,

560 2930 795 2984 animum
838 2930 1214 2984 lamentatione
1248 2927 1424 2984 inutili
1468 2928 1724 2983 macerari
1757 2942 1773 2981 :
1805 2927 1883 2981 sic
1920 2926 2140 2981 dicens:

562 3021 674 3092 Ego
699 3023 778 3075 ibo
808 3020 875 3074 ad
900 3021 1063 3087 illum,
1081 3019 1178 3073 ille
1204 3036 1306 3074 non
1332 3027 1600 3074 revertetur
1627 3019 1695 3072 ad
1711 3034 1786 3072 me
1807 3017 1883 3089 (2.
1901 3016 2029 3088 Reg.
2051 3015 2137 3070 l2.

559 3114 676 3185 28).
729 3114 867 3169 Ecce
911 3113 1212 3181 exemplum
1241 3110 1690 3182 magnanimitatis
1719 3119 1880 3180 atque
1907 3108 2137 3164 virtutis.

561 3207 709 3274 Quod
739 3207 782 3260 si
798 3207 899 3260 'ille
930 3205 1091 3260 David
1112 3245 1128 3272 ,
1157 3203 1331 3259 adhuc
1355 3203 1454 3259 sub
1483 3203 1598 3273 lege
1634 3203 1835 3273 positus
1859 3242 1873 3266 ,
1905 3200 2005 3256 sub
2029 3201 2140 3265 illa,

562 3314 666 3353 non
690 3298 812 3352 dico
841 3298 1082 3362 licentia,
1132 3296 1226 3351 sed
1263 3296 1581 3351 necessitate
1609 3294 2036 3359 lamentationis,
2063 3293 2142 3348 sic

562 3389 797 3444 animum
825 3403 854 3441 a
879 3388 1022 3444 luctu
1041 3387 1385 3443 irrationabili
1409 3385 1736 3457 separavit‘,
1765 3385 1842 3440 sic
1873 3385 2138 3440 tristitiam

563 3500 712 3540 suam
742 3498 1067 3554 suorumque
1095 3481 1418 3552 compescuit
1452 3499 1464 3536 :
1490 3494 1586 3534 nos
1614 3479 1703 3550 qui
1723 3479 1833 3550 jam
1854 3478 1953 3533 sub
1976 3479 2140 3548 gratia

563 3591 744 3630 sumus
771 3617 783 3637 ,
815 3575 916 3630 sub
942 3581 1087 3630 certa
1111 3589 1205 3644 spe
1245 3571 1652 3627 resurrectionis
1675 3610 1691 3634 ,
1742 3569 1932 3639 quibus
1968 3570 2142 3623 omnis

565 3668 771 3722 tristitia
795 3666 1148 3728 interdicitur.
1179 3680 1283 3737 qua
1313 3665 1485 3719 fronte
1512 3674 1750 3717 mortuos
1775 3670 1984 3716 nostros
2011 3675 2143 3730 gen-

563 3761 732 3814 tilium
761 3774 909 3814 more
948 3758 1277 3828 plangimus,
1323 3756 1554 3811 ululatus
1579 3755 1800 3809 insanos
1825 3753 2137 3816 attollimus,

564 3841 722 3906 veluti
751 3851 857 3905 alio
896 3864 1090 3920 genere
1135 3848 1490 3913 bacchantes,
1524 3847 1807 3902 consciss-is
1831 3845 2020 3899 tunicis
2045 3859 2140 3913 pe-

561 3951 708 3996 ctora
734 3941 1012 4006 nudamus,
1044 3939 1205 3995 verba
1233 3939 1404 3992 inania
1432 3947 1486 3993 et
1518 3937 1717 3990 menius
1745 3937 1883 3991 circa
1906 3936 2142 4004 l“corpus

564 4043 620 4088 et
653 4034 910 4088 tumidum
951 4031 1186 4087 defuncti
1210 4030 1518 4086 cantamus?
1544 4030 1820 4084 Postremo
1849 4028 2009 4084 etiam
2040 4043 2141 4097 qua

565 4127 771 4182 ratione
813 4136 987 4183 vestes
1016 4127 1194 4197 nigras
1223 4127 1472 4197 tingimus
1495 4166 1509 4190 ,
1544 4125 1642 4178 nisi
1671 4133 1729 4179 ut
1765 4138 1863 4179 nos
1906 4138 2033 4178 vere
2061 4123 2142 4176 in-

567 4218 749 4273 fideles
791 4228 845 4273 et
888 4219 1114 4273 miseros
1139 4233 1244 4271 non
1294 4227 1495 4270 tantum
1546 4215 1792 4277 ﬂetibus,
1843 4214 1937 4270 sed
1981 4215 2140 4270 etiam

565 4310 801 4365 vestibus
823 4309 1220 4380 approbemus?
1249 4311 1431 4364 Aliena
1460 4317 1583 4362 sunt
1612 4310 1750 4375 ista,
1775 4307 1970 4363 fratres
1990 4350 2003 4370 ,
2047 4323 2144 4362 ex-

567 4411 748 4457 tranea
772 4411 912 4467 sunt,
942 4402 1238 4456 noniicent
1269 4418 1281 4453 :
1315 4409 1369 4455 et
1395 4401 1441 4454 si
1468 4400 1707 4466 licerent,
1739 4414 1842 4454 non
1869 4399 2139 4454 decereut.

565 4494 670 4551 Sed
701 4495 998 4566 aliquantos
1023 4495 1091 4550 de
1121 4494 1372 4549 fratribus
1401 4502 1455 4548 et
1493 4494 1765 4548 sororibus
1785 4535 1800 4552 .
1851 4493 1975 4547 licet
2013 4492 2142 4544 litlcs

567 4588 780 4657 propria
808 4597 862 4642 et
892 4596 1214 4658 praeceptum
1243 4587 1451 4642 Domini
1475 4585 1640 4640 fortes
1659 4586 1833 4651 faciat,
1865 4594 2142 4654 parentum

570 4687 748 4733 tamen
791 4687 844 4734 et
889 4679 1181 4734 vicinorum
1223 4678 1403 4746 Opinio
1441 4677 1682 4732 debilitat
1722 4685 1775 4730 et
1812 4675 2045 4744 frangit:
2079 4693 2145 4728 ne

573 4769 767 4840 lapidei
793 4780 846 4825 et
885 4771 1128 4826 crudeles
1169 4772 1500 4841 iudicentur,
1546 4771 1588 4824 si
1626 4768 1960 4839 pepercerim
1986 4771 2146 4821 vesti-

571 4861 826 4926 mento",
871 4861 916 4916 si
956 4877 1062 4916 non
1105 4861 1307 4917 insanis
1334 4857 2142 4915 luctibus'fuerintdebacchati.

572 4957 640 5011 Et
663 4956 765 5010 hoc
789 4970 945 5026 quam
977 4969 1169 5009 vanum
1196 4963 1312 5020 est,
1359 4969 1518 5024 quam
1566 4954 1819 5021 ineptum,
1869 4951 2146 5019 opiniones
2195 4999 2204 5007 .

571 5047 845 5105 hominum
871 5047 1162 5102 errantium
1193 5046 1445 5115 cogitare,
1471 5053 1526 5098 et
1554 5059 1656 5097 non
1692 5042 1894 5105 timere,
1928 5055 1994 5094 ne
2022 5041 2146 5110 quid

571 5143 746 5196 minus
765 5139 930 5195 faciat
951 5140 1017 5194 de
1049 5138 1150 5192 ﬁde
1175 5152 1332 5207 quam
1358 5137 1622 5205 suscepit!
1653 5134 1826 5200 Quare
1853 5147 1957 5186 non
1979 5132 2147 5201 magis

573 5236 727 5289 discit
757 5232 1090 5288 tolerantiam
1130 5229 1219 5285 ille
1245 5229 1334 5299 qui
1361 5229 1484 5282 talis
1512 5228 1636 5282 est?
1674 5242 1837 5296 quare
1867 5241 1971 5280 non
2001 5240 2147 5280 a-me

637 5393 650 5422 ι
690 5390 825 5448 miti,
868 5385 1123 5438 necessitas
1142 5382 1367 5448 avocqvit,
1408 5381 1651 5448 tristitiam
1686 5381 1882 5446 patitur,
1902 5390 1973 5448 _et
2005 5395 2145 5448 mox,

571 5450 697 5501 oculi
721 5442 948 5514 tacrymis
962 5445 1425 5512 perpetibusﬂuunt.
1460 5445 1588 5494 Infra
1611 5442 1744 5502 vero,
1774 5444 1970 5494 Domino
1993 5442 2148 5501 ﬁlium

573 5520 810 5562 mortuum
832 5515 1092 5562 nominare.

635 5577 656 5606 ³
689 5582 793 5633 Ms.,
819 5572 897 5624 Fit
915 5585 1176 5623 concursus
1198 5569 1378 5622 solitus.
1404 5568 1552 5629 Infra,
1575 5581 1634 5618 ne
1657 5567 1772 5631 quid
1789 5567 1878 5618 sibi
1893 5565 1982 5632 ﬁlii
1999 5567 2148 5632 ipsius

574 5642 727 5695 pater.

640 5697 661 5728 ³
695 5696 798 5752 Alii,
823 5695 1242 5756 com-ersationcm,
1267 5697 1426 5745 minus
1446 5701 1603 5755 recte,
1627 5693 1675 5743 ni
1699 5692 1851 5743 fallor.

638 5757 660 5788 ⁸
693 5761 827 5814 aditi,
853 5757 1108 5820 superavit.

637 5821 659 5848 ⁸
696 5827 795 5873 κίε..
818 5825 862 5866 ct
880 5832 1000 5867 vana
1023 5819 1169 5868 circa.

641 5885 662 5915 ο
687 5880 821 5940 Haec,
847 5879 890 5930 si
911 5880 1208 5944 pepercerim
1234 5879 1518 5941 rcstimcnto,
1542 5879 1717 5928 desunt
1743 5880 1788 5928 iu
1815 5886 1891 5926 its.

1103 396 1167 454 Β.
1202 391 1489 451 JOANNIS
1519 388 2012 448 CHRYSOSTOMI
2053 388 2374 448 ARCHIEP.
2415 389 2522 447 ΟΡ.
2555 387 2644 446 DE
2673 389 2961 449 CONSOL.
3003 392 3283 450 MOR‘I’IS.

3706 394 3827 451 ’3οῑ

2239 532 2396 589 discit
2437 532 2595 589 ﬁdem
2635 533 2725 590 ille
2762 533 2852 605 qui
2901 533 3095 590 dubius
3137 534 3261 590 est?
3300 532 3540 602 .Quando
3572 533 3734 590 etiam
3766 537 3810 591 si

2242 633 2418 679 tantus
2455 625 2524 680 sit
2579 625 2731 680 dolor
2781 625 3041 695 ejusmodi
3093 627 3357 695 pectoris,
3413 626 3574 681 tacite
3620 626 3820 682 debeat

2242 717 2437 770 luctum
2474 733 2631 772 sensu
2668 717 2907 788 digerere
2936 719 2951 750 ¹
2975 758 2990 784 ,
3034 727 3224 774 etnon
3265 718 3481 774 levitate
3524 717 3608 772 sui
3649 718 3816 773 animi

2241 807 2528 877 publicare.

2310 901 2363 954 7.
2393 898 2599 955 Ethnici
2630 901 2804 956 audita
2829 902 2927 972 ﬁlii
2956 911 3113 958 morte
3153 901 3362 956 dictum.
3390 899 3679 973 Plangendi
3705 901 3817 955 etla-

2237 993 2377 1058 nici,
2438 991 2651 1058 Judwi,
2719 1002 2764 1049 et
2809 995 3149 1050 catechumeni
3194 995 3478 1048 morientes.
3525 1023 3597 1036 —
3639 992 3816 1050 Unum

2241 1082 2413 1139 adhuc
2444 1085 2567 1139 volo
2608 1099 2904 1156 pr0ponere
2932 1085 3232 1155 exemplum
3260 1085 3326 1140 ad
3354 1084 3696 1156 corrigendos
3723 1099 3818 1140 eos

2241 1175 2328 1246 qui
2356 1175 2527 1246 plangi
2559 1178 3166 1234 mortuos-arbitrantur.
3205 1178 3518 1248 Exemplum
3547 1177 3819 1232 autem-de

2243 1283 2566 1338 paganorum
2604 1269 2822 1325 historia
2861 1279 2960 1325 est.
2999 1270 3118 1325 Fuit
3145 1271 3358 1342 quidam
3388 1271 3633 1341 princeps
3655 1284 3819 1340 paga-

2244 1375 2340 1414 nus
2386 1359 2495 1433 (α),
2535 1361 2624 1432 qui
2668 1362 2895 1418 habebat
2931 1362 3096 1418 ﬁlium
3136 1363 3385 1429 unicum,
3413 1363 3648 1433 satisque
3683 1362 3820 1417 dile-

2242 1461 2406 1507 ctum.
2454 1452 2550 1508 Hic
2591 1467 2712 1508 cum
2751 1454 2804 1507 in
2833 1453 3092 1523 Capitolio
3121 1453 3272 1509 idolis
3299 1454 3407 1508 suis
3431 1454 3613 1524 gentili
3638 1468 3821 1510 errore

2242 1544 2598 1612 sacriﬁcaret,
2642 1545 2913 1599 nuntiatur
2959 1545 3010 1600 ei
3050 1544 3190 1616 quod
3229 1545 3368 1600 ﬁlius
3392 1545 3480 1600 ille
3509 1544 3696 1600 unicus
3719 1545 3819 1599 de-

2245 1633 2431 1691 fuisset
2482 1633 2578 1708 (b).
2618 1633 2734 1690 Non
2766 1635 2978 1706 reliquit
3004 1649 3174 1702 sacra,
3197 1651 3314 1706 qua:
3334 1635 3552 1706 gerebat
3571 1637 3625 1690 in
3646 1637 3820 1690 mani-

2244 1727 2372 1792 bus,
2425 1743 2528 1782 non
2571 1728 2923 1800 lacrymavit,
2971 1744 3070 1784 nec
3111 1729 3330 1783 omnino
3364 1729 3650 1799 suspiravit
3682 1745 3695 1780 :
3724 1728 3818 1784 sed

2243 1819 2369 1889 quid
2411 1820 2711 1889 respondit,
2752 1820 2930 1875 audite
2962 1838 2975 1874 :
3002 1820 3330 1890 Sepeliatur,
3367 1821 3573 1891 inquit;
3603 1821 3819 1875 memini

2243 1911 2385 1968 enim
2409 1927 2493 1968 me
2520 1913 2681 1967 ﬁlium
2711 1915 2957 1984 genuisse
2985 1914 3282 1970 mortalem.
3315 1911 3448 1968 Vide
3469 1928 3780 1983 responsum
3800 1954 3816 1978 ,

2243 2004 2364 2059 vide
2409 2004 2636 2060 hominis
2679 2006 2866 2076 pagani
2905 2005 3187 2072 virtutem,
3221 2014 3409 2060 utrnec
3442 2006 3736 2075 exspectari
3759 2019 3821 2059 se

2239 2094 2492 2165 jusserit,
2523 2097 2604 2151 vel
2635 2106 2978 2166 ut-przesente
2997 2112 3065 2153 -se
3094 2097 3379 2167 sepultura:
3411 2097 3548 2152 ﬁlius
3578 2097 3820 2152 tradere-

2246 2194 2351 2240 tur.
2397 2187 2530 2256 Quid
2568 2190 2772 2259 agimus
2793 2231 2806 2254 ,
2839 2189 3058 2255 fratres,
3091 2191 3134 2244 si
3165 2189 3405 2246 diabolus
3435 2189 3574 2244 hunc
3599 2190 3650 2244 in
3680 2190 3818 2244 diem

2241 2277 2427 2348 judicii
2471 2295 2650 2334 coram
2692 2281 2905 2336 Christo
2945 2290 3130 2336 contra
3166 2295 3264 2336 nos
3291 2281 3544 2350 producat
3569 2290 3621 2336 et
3643 2280 3818 2348 dicat,

2246 2368 2344 2425 ﬂic
2389 2385 2540 2426 meus
2585 2370 2793 2436 cultor,
2843 2387 3000 2443 quem
3035 2387 3133 2442 ego
3173 2373 3451 2443 praestigiis
3489 2371 3818 2442 decipiebat"

2245 2463 2382 2519 meis
2400 2502 2417 2531 ,
2463 2473 2521 2519 ut
2549 2464 2773 2520 serviret
2795 2465 2950 2520 czecis
2979 2474 3031 2519 et
3057 2465 3232 2519 surdis
3257 2465 3550 2519 simulacris
3571 2505 3584 2527 ,
3612 2465 3696 2519 cui
3721 2479 3823 2534 ego

2245 2571 2346 2612 nec
2393 2558 2839 2614 resurrectionem
2879 2573 2909 2613 a
2945 2557 3167 2612 mortuis
3189 2598 3205 2624 ,
3235 2573 3332 2613 nec
3357 2557 3656 2628 paradisum
3681 2599 3696 2623 ,
3725 2573 3821 2610 nec

2245 2650 2494 2706 calorum
2549 2665 2710 2721 regna
2738 2651 3083 2720 promiseram
3109 2691 3123 2715 ,
3153 2651 3238 2704 hic
3263 2649 3352 2704 ﬁlii
3381 2650 3574 2705 nobilis
3602 2650 3812 2719 sapiens

2247 2745 2388 2799 unici
2414 2753 2640 2798 mortem
2671 2758 2771 2799 nec
2797 2743 2966 2798 doluit
2993 2758 3091 2798 nec
3119 2742 3370 2814 ingemuit
3397 2757 3538 2809 ,nec
3570 2743 3656 2797 tali
3688 2759 3823 2797 nun-

2248 2836 2322 2889 tio
2368 2851 2486 2890 mea
2529 2849 2677 2890 sacra
2703 2835 2940 2891 deseruit
2969 2853 2982 2888 :
3012 2835 3086 2889 tui
3115 2845 3290 2890 autem
3320 2834 3600 2895 Christiani
3622 2875 3636 2895 .
3667 2835 3824 2887 tuiti-

2247 2926 2396 2982 deles
2420 2970 2435 2992 ,
2486 2942 2581 2998 pro
2623 2928 2815 2998 quibus
2843 2927 2960 2983 ideo
2991 2928 3274 2983 crucifixus
3298 2937 3353 2982 et
3372 2938 3613 2983 mortuus
3641 2942 3698 2981 es
3722 2969 3736 2990 ,
3767 2943 3822 2980 ut

2248 3026 2475 3072 mortem
2500 3018 2597 3086 ipsi
2619 3034 2724 3072 non
2747 3021 3013 3083 timerent,
3037 3018 3128 3072 sed
3146 3029 3324 3072 essent
3345 3018 3412 3072 de
3433 3019 3823 3072 resurrectione

2249 3111 2420 3164 securi
2448 3151 2462 3175 ,
2490 3125 2597 3164 non
2626 3109 2796 3164 solum
2823 3110 2998 3181 lugent
3021 3117 3259 3164 mortuos
3286 3118 3341 3164 et
3356 3122 3498 3163 voce
3524 3117 3578 3162 et
3609 3108 3818 3173 habitu,

2248 3205 2342 3259 sed
2385 3203 2546 3259 etiam
2569 3204 2636 3258 ad
2663 3204 2939 3259 ecclesiam
2966 3202 3259 3273 procedere
3283 3200 3700 3268 confunduntur,
3723 3202 3821 3255 ali-

2247 3296 2431 3368 quanti
2483 3296 2644 3351 etiam
2687 3296 2786 3365 ipsi
2825 3296 3004 3350 clerici
3034 3296 3106 3349 tui
3133 3304 3185 3350 et
3210 3303 3449 3363 pastores
3476 3294 3819 3350 ministerium

2248 3404 2403 3444 suum
2435 3389 2787 3443 intermittunt
2812 3430 2827 3455 ,
2855 3398 3103 3442 vacantes
3126 3389 3308 3455 luctui,
3331 3389 3481 3458 quasi
3514 3389 3822 3442 insultantes

2251 3494 2354 3538 tute
2380 3484 2635 3538 voluntati
2654 3482 2922 3550 ?'-Quare?
2947 3483 3076 3549 Quia
3109 3497 3242 3552 quos
3263 3482 3472 3537 voluisti
3499 3524 3514 3548 ,
3547 3481 3614 3536 de
3643 3482 3820 3536 smculi

2248 3578 2471 3648 caligine
2500 3576 2566 3630 ad
2605 3585 2657 3630 te
2687 3576 2907 3630 vocasti.
2931 3574 3066 3642 Quid
3085 3575 3149 3628 ad
3181 3575 3295 3628 hmc
3320 3574 3647 3644 respondere
3676 3583 3823 3644 pote~

2248 3670 2453 3735 rimus,
2502 3667 2732 3722 fratres?
2777 3666 2961 3721 Nonne
3000 3664 3241 3720 confusio
3277 3679 3380 3719 nos
3428 3664 3820 3735 apprehendet,

2248 3776 2369 3816 cum
2416 3762 2467 3814 in
2511 3759 2609 3814 hac
2637 3767 2786 3829 parte
2811 3758 3090 3813 inferiores
3115 3755 3361 3828 gentibus
3391 3756 3726 3811 invenimur?
3759 3755 3823 3809 Et

2248 3853 2428 3923 utique
2468 3851 2647 3922 lugere
2691 3851 2850 3906 debet
2895 3865 3146 3920 paganus,
3191 3849 3278 3919 qui
3309 3850 3567 3905 nesciens
3618 3849 3777 3902 Deum
3803 3888 3818 3912 ,

2251 3960 2374 4000 mox
2401 3954 2457 3999 ut
2486 3944 2728 4010 moritur,
2759 3951 2908 3997 recto
2928 3956 3084 3996 cursu
3108 3941 3611 4012 pergitad-poenam.
3640 3940 3820 4009 Plangi

2248 4036 2406 4091 debet
2452 4036 2702 4100 Judmus,
2753 4036 2839 4104 qui
2866 4033 3096 4089 'Chrislo
3143 4033 3546 4095 non-credens,
3590 4030 3819 4085 animam

2249 4143 2400 4184 suam
2441 4128 2723 4198 perditioni
2770 4127 3057 4196 deputavit.
3111 4126 3400 4180 Dolendnm
3444 4133 3524 4177 est
3571 4123 3724 4191 plane
3752 4124 3822 4178 de

2248 4220 2644 4277 calcchumenis
2691 4219 2886 4273 nostris
2909 4260 2924 4284 ,
2981 4218 3025 4272 si
3054 4227 3144 4271 aut
3171 4232 3265 4271 sua
3297 4215 3662 4269 incredulitate
3686 4257 3698 4278 ,
3732 4226 3823 4268 aut

2251 4315 2568 4386 negligentia
2615 4313 3008 4382 proximorum,
3051 4311 3166 4364 sine
3206 4310 3463 4380 baptismo
3501 4309 3716 4362 salutari
3745 4325 3823 4361 re-

2250 4407 2528 4463 cesserint.
2564 4405 2826 4458 Cazterum
2855 4403 2945 4473 qui
2972 4402 3327 4456 sanctiﬁcatus
3352 4401 3516 4470 gratia
3540 4442 3555 4464 ,
3578 4400 3822 4468 signatus

2254 4499 2357 4552 ﬁde
2381 4537 2396 4562 ,
2421 4495 2825 4550 conversatione
2843 4495 3122 4563 probatus,
3147 4497 3230 4549 vel
3254 4493 3551 4547 innocentia
3579 4507 3819 4554 securus,

2251 4591 2318 4646 de
2343 4590 2444 4644 hoc
2471 4587 2668 4643 mundo
2694 4587 2891 4641 recedit
2917 4627 2930 4650 ,
2958 4586 3357 4642 beatiﬁcandus
3377 4594 3478 4651 est,
3509 4601 3610 4638 non
3642 4585 3822 4651 lugen-

2252 4681 2379 4748 dus;
2407 4679 2804 4743 desiderandus,
2826 4693 2928 4732 non
2949 4678 3307 4749 plangendus;
3329 4676 3421 4730 sed
3443 4674 3823 4730 desiderandus

2237 4789 2371 4827 'cum
2401 4771 2764 4825 moderatione
2789 4810 2803 4833 ,
2830 4785 2951 4825 cum
2978 4771 3207 4823 sciamus
3234 4783 3330 4822 nos
3356 4768 3498 4836 ipsos
3527 4767 3820 4820 accedenti-

2253 4865 2351 4920 bus
2379 4866 2709 4932 temporibus
2732 4873 3081 4935 sequuturos.

2323 4960 2376 5012 8.
2405 4957 2631 5010 Tristitia
2658 4958 2893 5010 salutaris
2916 4972 3164 5025 quisnam.
3186 4987 3256 4996 —-
3278 4955 3450 5023 Terge
3479 4955 3634 5023 igitur
3662 4953 3824 5022 lacry-

2253 5062 2368 5104 mas
2390 5089 2405 5112 ,
2441 5047 2731 5101 intermitte
2761 5047 2985 5115 suspiria
3007 5088 3021 5109 ,
3051 5062 3332 5116 compesce
3351 5046 3574 5116 gemitus
3599 5084 3614 5107 ,
3636 5057 3668 5096 o
3694 5042 3824 5095 fide-

2254 5139 2320 5194 lis
2342 5178 2357 5204 ,
2402 5146 2456 5192 et
2496 5152 2593 5206 pro
2632 5136 2731 5190 hac
2756 5137 2964 5190 tristitia
2996 5137 3282 5191 salutarem
3310 5137 3449 5192 illam
3478 5134 3634 5188 indue
3667 5133 3830 5185 tristi-

2253 5232 2380 5287 tiam
2404 5273 2420 5299 ,
2448 5231 2628 5301 utique
2655 5246 2811 5300 quam
2837 5227 3314 5300 beatusApostolus
3337 5227 3629 5284 secundum
3661 5226 3826 5279 Deum

2253 5339 2374 5380 esse
2412 5322 2726 5377 memoravit
2750 5364 2761 5385 ,
2785 5336 2904 5390 qme
2931 5320 3154 5374 salutem
3185 5320 3426 5374 stabilem
3451 5317 3589 5372 solet
3616 5316 3826 5386 operari

2245 5417 2312 5488 “(2
2331 5414 2656 5484 Cor.7.10);
2682 5413 2860 5482 utique
2883 5409 3242 5480 paenitentiam
3267 5409 3553 5462 facinorum
3577 5405 3831 5460 commis-

2253 5525 2456 5566 sorum.
2495 5509 2742 5564 Scrutare
2768 5515 2951 5576 pectus
2981 5514 3125 5558 tuum
3150 5545 3166 5570 ,
3196 5505 3463 5572 propriam
3497 5501 3830 5568 interrogans

2318 5625 2334 5656 ι
2371 5622 2577 5678 Habent,
2602 5617 2828 5681 dirigere,
2859 5615 2972 5681 Editi
3027 5623 3241 5670 veteres,
3265 5615 3347 5674 qui
3389 5626 3498 5661 mox
3529 5611 3698 5666 verbo,
3747 5621 3832 5670 pu-

2252 5685 2450 5740 blicare,
2474 5680 2750 5730 sermonem
2773 5680 3017 5728 claudunt.

2294 5729 2700 5827 dilutarchns
2743 5742 2792 5790 in
2833 5740 3068 5788 Laconicis
3111 5734 3603 5798 Apophthegmatihus
3639 5747 3685 5796 p.
3722 5729 3832 5792 235,

2255 5803 2388 5857 Titus
2409 5805 2563 5852 Livius
2585 5803 2613 5851 l.
2644 5806 2691 5850 2.

2322 5870 2392 5931 (ιι)
2427 5874 2582 5926 I-‘ortc,
2610 5863 2857 5927 defunctus
2871 5866 2988 5911 esset
3014 5857 3114 5922 [vel
3138 5856 3428 5922 defecisset].
