4102 6322
382 383 490 439 505

378 490 757 546 conscientiam
781 531 796 556 ,
829 498 883 545 et
905 491 949 546 si
981 490 1215 546 invenias
1235 490 1429 562 aliquid
1452 493 1808 562 pmnitendum
1833 497 1942 566 (in-

379 583 557 636 venies
596 591 772 635 autem
815 596 934 636 cum
961 583 1034 636 sis
1062 581 1239 655 homo)
1263 624 1278 648 ,
1311 584 1458 638 trahe
1483 586 1703 655 suspiria
1731 585 1782 642 in
1812 603 1942 642 con-

376 670 608 727 fessione
629 714 644 738 ,
687 671 848 727 funde
877 673 1135 744 lacrymas
1167 676 1218 728 in
1245 677 1483 730 oratione
1501 717 1516 743 ,
1547 688 1662 732 esto
1688 681 1942 736 sollicitus

375 765 442 819 de
485 774 656 818 morte
702 765 788 818 illa
824 780 943 819 vera
967 805 983 829 ,
1015 765 1080 818 de
1110 781 1263 834 poma
1288 768 1476 822 anima:
1496 809 1512 834 ,
1543 778 1659 824 esto
1686 772 1941 828 sollicitus

375 854 443 908 de
485 866 734 923 peccato,
782 856 916 909 sicut
958 855 1117 908 David
1150 856 1276 910 dicit
1310 874 1324 911 :
1371 857 1615 922 Quoniam
1635 861 1940 931 iniquitatem

376 961 534 999 meam
561 945 845 1014 pronuntio,
875 956 918 998 et
944 945 1184 1000 sollicitus
1204 961 1286 1000 ero
1315 963 1405 1017 pro
1427 958 1625 1016 peccato
1645 967 1751 1004 meo
1769 950 1937 1022 (Psal.

377 1035 466 1090 50.
496 1035 548 1105 5)
580 1053 591 1088 ε
636 1044 690 1090 et
730 1050 832 1089 non
858 1035 924 1089 de
967 1036 1204 1106 corporis
1231 1036 1385 1106 hujus
1410 1037 1674 1094 solutione
1701 1043 1940 1096 terrebe-

378 1126 487 1191 ris,
522 1127 655 1196 quod
686 1143 781 1180 suo
805 1137 1039 1196 tempore
1067 1128 1116 1179 in
1145 1127 1360 1193 melius,
1393 1129 1501 1183 Deo
1521 1129 1766 1199 jubente,
1790 1149 1940 1202 repa-

377 1216 596 1271 rabitur.
626 1214 758 1270 Vide
795 1215 1235 1286 quemadmodum
1272 1226 1550 1288 utrumque
1576 1222 1832 1275 sententia
1860 1220 1940 1275 di-

379 1310 497 1362 vina
542 1308 814 1376 complexa
855 1319 970 1372 est,
1014 1308 1226 1374 dicens,
1279 1308 1422 1362 Venit
1461 1312 1618 1376 hora,
1663 1327 1776 1363 cum
1806 1329 1939 1364 mor-

375 1400 448 1451 tui
464 1415 479 1465 ,
523 1399 609 1466 qui
650 1407 764 1451 sunt
793 1399 844 1450 in
873 1396 1200 1451 monumentis
1220 1440 1233 1459 ,
1263 1411 1516 1470 resurgent
1541 1399 1716 1470 (Joan.
1745 1403 1795 1456 5.
1822 1402 1934 1473 28).

377 1494 509 1548 Ecce
534 1493 786 1547 securitas
804 1532 819 1558 ,
843 1506 964 1545 ecce
986 1501 1316 1559 contemptus
1343 1494 1547 1546 mortis.
1577 1493 1678 1548 Sed
1705 1496 1827 1564 quid
1854 1511 1940 1550 se-

371 1584 589 1652 quitur?
619 1584 717 1649 Qui
743 1581 870 1635 bona
891 1584 1147 1653 fecerunt,
1175 1583 1226 1634 in
1251 1585 1653 1636 resurrectionem
1682 1585 1830 1648 vitae;
1854 1586 1938 1652 qui

368 1686 539 1728 autem
567 1674 701 1727 mala
734 1683 932 1744 egerunt
957 1715 973 1741 ,
992 1675 1044 1728 in
1070 1675 1472 1727 resurrectionem
1487 1675 1671 1744 judicii
1698 1675 1855 1746 (Ibid.
1884 1694 1932 1732 υ.

367 1764 485 1837 29).
528 1765 664 1818 Ecce
707 1764 984 1819 diversitas
1020 1765 1424 1834 resurgentium.
1473 1765 1693 1820 Omnem
1723 1768 1934 1836 quidem

373 1850 589 1910 necesse
617 1865 698 1909 est
746 1870 956 1909 carnem
993 1870 1270 1924 resurgere
1299 1854 1571 1910 dumtaxat
1600 1857 1885 1913 humanam
1919 1877 1932 1913 :

354 1946 464 2000 .scd
528 1947 696 2001 bonus
757 1955 996 2016 resurget
1037 1947 1103 2001 ad
1141 1948 1336 2012 vitam,
1380 1948 1551 2001 malus
1585 1959 1821 2018 resurget
1869 1950 1935 2005 ad

373 2053 580 2108 pinnam
610 2079 624 2103 ,
657 2037 790 2092 sicut
815 2038 1068 2107 scriptum
1108 2047 1191 2094 est
1227 2057 1238 2090 :
1267 2037 1394 2091 Ideo
1424 2055 1525 2092 non
1559 2051 1814 2110 resurgant
1840 2041 1936 2094 im-

373 2130 442 2198 pii
479 2133 530 2182 in
560 2129 756 2198 judicio
779 2172 794 2196 ,
841 2147 994 2199 neque
1032 2140 1312 2201 peccatores
1351 2131 1404 2184 in
1443 2130 1654 2184 concilio
1684 2136 1936 2202 justorum

373 2217 538 2291 (Psal.
571 2235 608 2273 ι.
634 2220 712 2290 5).
739 2219 803 2274 Ut
828 2235 952 2289 ergo
975 2236 1077 2275 non
1099 2223 1150 2275 in
1175 2222 1428 2291 judicium
1456 2237 1823 2293 resurgamus,
1857 2225 1936 2278 in-

371 2313 609 2366 termissa
648 2313 832 2366 mortis
870 2312 1076 2367 tristitia
1121 2314 1263 2366 illam
1295 2313 1657 2384 pmnitentiam
1690 2325 1743 2369 et
1773 2315 1935 2369 tristi-

370 2402 497 2456 tiam
537 2417 808 2456 sumamus
833 2444 848 2469 ,
888 2410 944 2457 et
984 2418 1163 2457 curam
1193 2404 1451 2458 bonorum
1475 2419 1691 2473 operum
1723 2419 1785 2460 ac
1810 2405 1932 2459 vitae

367 2494 601 2549 melioris
625 2493 912 2548 habeamus
936 2535 951 2560 ,
983 2504 1036 2549 et
1065 2495 1130 2549 ad
1159 2497 1256 2549 hoc
1284 2495 1354 2550 sit
1381 2497 1534 2549 nobis
1555 2496 1802 2564 cogitatio
1831 2495 1928 2548 hu-

365 2585 449 2654 jus
473 2585 671 2639 funeris
692 2585 1032 2640 etcadaveris
1049 2627 1064 2652 ,
1095 2595 1153 2640 ut
1179 2600 1273 2640 nos
1303 2586 1557 2640 mortales
1581 2601 1699 2641 esse
1725 2587 1931 2640 noveri-

370 2693 483 2732 mus
503 2721 518 2745 ,
543 2687 595 2732 et
615 2694 706 2747 per
732 2677 868 2731 hanc
886 2678 1253 2747 cogitationem
1279 2677 1502 2736 salutem
1525 2686 1780 2744 nostram,
1803 2677 1928 2730 dum

369 2780 570 2839 tempus
609 2781 689 2824 est
708 2813 722 2836 ,
756 2771 881 2824 dum
909 2771 1064 2833 licet,
1090 2769 1305 2824 minime
1332 2769 1656 2839 negligamus
1687 2785 1700 2821 :
1729 2767 1929 2822 scilicet

365 2871 454 2916 aut
478 2863 851 2917 fructiﬁcantes
875 2863 930 2917 in
957 2865 1175 2930 melius,
1211 2870 1301 2916 aut
1321 2861 1684 2927 emendantes,
1713 2860 1758 2915 si
1780 2861 1927 2930 igno-

367 2963 543 3006 rantes
571 2953 862 3007 erravimus
888 2969 902 3006 :
927 2967 993 3006 ne
1022 2951 1198 3006 subito
1220 2952 1568 3022 prmoccupati
1591 2951 1675 3005 die
1700 2951 1886 3004 mortis
1909 2990 1924 3014 ,

368 3058 662 3111 quarramus
701 3043 924 3112 spatium
962 3044 1308 3112 paenitentia,
1339 3052 1390 3097 et
1416 3059 1520 3096 non
1551 3042 1785 3095 invenire
1813 3055 1928 3110 pos.

367 3135 569 3197 simus,
615 3147 905 3201 quieramus
949 3133 1314 3203 eleemosynas
1348 3147 1569 3201 erogare
1643 3141 1697 3186 et
1725 3130 1926 3185 satisfa-

367 3237 488 3277 cere
516 3238 609 3292 pro
635 3222 835 3276 delictis
858 3264 871 3288 ,
898 3237 996 3277 nec
1017 3223 1157 3292 quod
1179 3221 1419 3276 volumus
1445 3220 1782 3276 concedatur.

1593 380 1904 437 DIATRIBA
1947 383 2011 438 IN
2049 385 2398 444 SYNOPSIN.

3510 394 3614 448 506

2121 500 2174 556 9.
2219 501 2587 569 Recapitulatio
2625 504 2863 557 sermonis
2897 506 3166 575 utriusque.
3191 537 3261 547 —
3285 505 3508 564 Ostensa
3531 509 3619 578 igi-

2051 598 2157 666 tur,
2182 589 2373 644 fratres
2392 631 2405 655 ,
2438 592 2625 646 mortis
2649 593 2945 648 communis
2975 596 3048 664 (a)
3078 639 3092 660 ,
3119 607 3332 652 ostensa
3362 599 3620 670 lacryma-

2047 696 2168 734 rum
2209 681 2577 736 interdictione
2601 724 2616 748 ,
2643 694 2933 738 monstrata
2961 695 3196 741 veterum
3223 688 3396 744 adhuc
3424 689 3614 760 fragili-

2051 779 2158 825 tate
2185 780 2239 826 et
2266 787 2370 825 non
2393 769 2808 828 Christianitatis
2833 774 3056 842 virtute,
3086 787 3377 833 monstrato
3405 779 3613 834 Domini

2047 870 2381 917 sacramento
2427 873 2482 918 et
2518 865 2874 933 apostolorum
2921 866 2988 920 de
3026 870 3416 924 resurrectione
3459 870 3616 924 docu-

2048 963 2246 1022 mento,
2266 957 2692 1010 commemoratis
2712 957 3072 1026 apostolorum
3095 960 3320 1028 actibus,
3342 969 3395 1015 et
3424 973 3616 1033 marty-

2049 1061 2165 1099 rum
2205 1045 2535 1115 passionibus
2557 1087 2570 1109 ,
2615 1058 2831 1101 ostenso
2856 1057 3112 1117 prmterea
3145 1051 3304 1105 David
3331 1053 3573 1121 exemplo
3595 1093 3613 1120 ,

2048 1143 2101 1188 et
2147 1135 2358 1204 gentilis
2404 1137 2632 1189 hominis
2659 1138 2873 1205 insuper
2899 1138 3034 1191 facto
3056 1179 3070 1200 ,
3096 1138 3160 1192 ad
3185 1139 3422 1194 ultimum
3455 1156 3613 1211 expo-

2043 1225 2143 1280 sita
2184 1236 2239 1281 et
2275 1227 2429 1281 noxia
2472 1237 2526 1281 et
2569 1229 2681 1282 utili
2731 1229 2974 1295 tristitia,
3022 1230 3106 1283 illa
3143 1247 3261 1300 qua:
3288 1241 3479 1301 nocet,
3511 1235 3611 1289 ista

2043 1333 2160 1386 quae
2204 1333 2300 1386 per
2327 1319 2690 1387 paenitentiam
2718 1321 2886 1373 salvat
2914 1339 2926 1374 :
2958 1321 3040 1374 his
3066 1322 3310 1377 omnibus
3339 1325 3414 1379 sic
3439 1337 3613 1380 osten-

2043 1409 2149 1474 sis,
2178 1410 2299 1480 quid
2329 1425 2426 1464 nos
2450 1411 2621 1465 facere
2647 1411 2755 1481 jam
2785 1413 2924 1466 aliud
2950 1422 3178 1482 Oportet,
3212 1415 3420 1478 fratres,
3453 1435 3607 1487 quam

2041 1503 2236 1572 gratias
2273 1510 2492 1572 agentes
2532 1503 2640 1556 Deo
2682 1503 2825 1557 Patri
2866 1504 3078 1570 dicere,
3124 1503 3242 1558 Fiat
3273 1508 3497 1561 voluntas
3525 1518 3611 1561 tua

2042 1594 2171 1647 sicut
2215 1595 2266 1647 in
2296 1595 2417 1648 caelo
2442 1606 2486 1647 et
2513 1595 2565 1648 in
2594 1606 2724 1649 terra
2751 1595 2960 1665 (Matth.
2991 1595 3046 1653 6.
3075 1595 3204 1668 £0);
3234 1607 3288 1652 tu
3315 1599 3504 1653 dedisti
3533 1601 3610 1655 vi-

2043 1693 2169 1750 tam,
2193 1695 2247 1738 tu
2279 1686 2593 1739 constituisti
2626 1699 2849 1740 mortem
2875 1703 2889 1752 ;
2924 1697 2976 1740 tu
3009 1688 3211 1743 inducis
3236 1691 3287 1742 in
3315 1691 3562 1745 saeculum
3586 1735 3601 1757 ,

2041 1783 2094 1828 tu
2119 1775 2298 1830 educis
2327 1775 2394 1830 de
2424 1776 2618 1830 saeculo
2638 1817 2654 1842 ,
2681 1785 2735 1830 et
2759 1792 2879 1830 cum
2909 1776 3156 1832 eduxeris
3177 1819 3194 1845 ,
3226 1794 3409 1834 servas
3433 1797 3447 1846 ;
3476 1781 3608 1835 nihil

2040 1868 2181 1921 enim
2202 1867 2406 1937 deperit
2429 1877 2633 1921 tuorum
2662 1909 2676 1930 ,
2700 1869 2786 1938 qui
2815 1883 2912 1922 nec
2935 1869 3181 1938 capillum
3211 1872 3397 1940 capitis
3423 1886 3605 1926 eorum

2044 1962 2214 2030 perire
2241 1961 2419 2015 dixisti
2446 1979 2458 2019 :
2498 1980 2516 2013 ι
2550 1961 2802 2016 Auferes»
2830 1963 2967 2016 enim
2995 1980 3015 2013 ι
3048 1963 3288 2032 spiritum
3318 1979 3526 2031 eorum,
3553 1976 3608 2020 t-t

2040 2052 2286 2106 delicient
2307 2094 2321 2115 ,
2363 2061 2417 2107 et
2460 2054 2511 2106 in
2537 2063 2726 2106 terram
2756 2067 2902 2106 suam
2931 2062 3260 2107 revertentur
3296 2072 3315 2105 ι
3341 2052 3485 2123 (Luc.
3510 2054 3601 2108 21.

2043 2142 2131 2211 l8)
2154 2143 2274 2207 ;sed
2299 2161 2314 2191 ι
2337 2141 2566 2195 Emittes
2580 2142 2818 2210 Spiritum
2838 2150 3004 2206 tuum,
3028 2151 3081 2195 et
3099 2143 3435 2210 creabuntur,
3455 2152 3505 2198 et
3527 2161 3604 2199 rc-

2045 2231 2263 2285 novabis
2289 2231 2473 2284 faciem
2505 2239 2693 2285 terra!»
2722 2230 2889 2301 (Psal.
2925 2233 3045 2286 105.
3073 2231 3164 2287 29.
3197 2234 3308 2304 50).
3337 2233 3462 2288 Haec
3488 2250 3605 2289 ver-

2040 2319 2103 2373 ba
2123 2362 2138 2384 ,
2163 2319 2352 2373 fratres
2377 2361 2390 2386 ,
2419 2320 2570 2389 digna
2597 2320 2855 2386 lidelibus,
2884 2320 2997 2376 haec
3027 2322 3285 2376 medicina
3310 2324 3556 2379 salutaris
3583 2345 3595 2378 :

2038 2409 2136 2468 hac
2159 2413 2375 2479 spongia
2395 2410 2769 2465 consolationis
2788 2411 3030 2466 detersus
3049 2413 3254 2480 oculus,
3283 2414 3382 2468 hoc
3400 2415 3602 2472 infusus

2037 2502 2254 2572 collyrio
2300 2503 2550 2568 rationis,
2601 2518 2706 2557 non
2753 2504 2912 2559 modo
2943 2506 3233 2560 caecitatem
3261 2519 3325 2560 ex
3352 2505 3601 2576 despera-

2041 2588 2186 2643 tione
2202 2605 2311 2643 non
2328 2591 2646 2654 sentiet,sed
2657 2607 2759 2646 nec
2775 2592 3125 2663 lippitudines
3145 2596 3354 2667 aliquas
3375 2601 3607 2656 tristitiae

2038 2682 2342 2747 sustinebit,
2365 2683 2492 2752 quin
2515 2683 2693 2752 potius
2713 2685 2884 2740 oculis
2907 2687 3086 2741 cordis
3111 2687 3287 2742 lucida
3305 2699 3499 2745 cuncta
3525 2709 3610 2746 re-

2036 2774 2289 2842 spiciens,
2321 2775 2461 2829 dicet
2487 2777 2788 2831 secundum
2817 2779 3271 2847 patientissimum
3303 2782 3452 2837 illum
3479 2784 3604 2850 Job,

2042 2883 2060 2915 ι
2086 2863 2342 2919 Dominus
2358 2866 2527 2929 dedit,
2556 2876 2610 2922 et
2634 2868 2897 2923 Dominus
2926 2871 3176 2938 abstulit;
3208 2873 3350 2928 sicut
3375 2875 3608 2931 Domino

2034 2953 2210 3008 visum
2239 2963 2340 3020 est,
2369 2955 2439 3010 ita
2466 2955 2664 3011 factum
2689 2966 2773 3012 est
2814 2978 2827 3012 :
2857 2960 2927 3013 sit
2962 2976 3160 3016 nomen
3199 2962 3410 3019 Domini
3441 2967 3606 3022 bene-

2033 3045 2234 3099 dictum
2259 3065 2278 3098 ι
2317 3047 2430 3117 (Job
2483 3049 2532 3102 1.
2563 3050 2653 3120 21)
2686 3052 2736 3104 in
2769 3052 2963 3106 srecula
2997 3055 3335 3110 saeculorum.
3372 3057 3566 3113 Amen.

2035 3165 2170 3276 ἄχρι)
2196 3163 2468 3213 addendum
2491 3169 2614 3227 post,
2632 3161 2795 3212 mortis
2815 3159 3088 3221 communis,
3107 3158 3204 3218 vel,
3220 3166 3362 3218 sorte,
3382 3155 3478 3216 vel,
3492 3169 3604 3206 con-

2071 3237 2229 3276 mone.

2071 3237 2103 3277 ιι
2109 3239 2229 3276 ιοηε.

1450 3491 1458 3500 ’
1536 3479 2449 3600 DIATRIBA

1471 3651 1552 3711 IN
1594 3648 1970 3710 SYNOPSIN
2015 3646 2511 3720 SEQUENTEM.

438 3778 620 3832 Exstat
662 3776 774 3829 ha'c
818 3774 1068 3846 Synopsis
1105 3774 1154 3827 in
1185 3773 1388 3828 duobus
1426 3771 1706 3828 Codicibus
1734 3787 1919 3825 manu-

360 3871 570 3939 scriptis
593 3911 607 3935 ,
654 3883 875 3938 quorum
922 3868 1055 3921 alter
1080 3875 1158 3921 est
1189 3865 1527 3920 Bibliotheca:
1554 3863 1917 3929 Coislinianae,

359 3961 483 4015 olim
509 3960 858 4029 Seguerianre,
906 3973 1049 4013 num.
1087 3957 1220 4019 588,
1252 3957 1384 4011 alter
1411 3954 1747 4010 Bibliotheca:
1777 3955 1916 4022 Lug-

360 4053 481 4106 duni
525 4052 836 4105 Batavorum
858 4091 872 4116 ,
913 4051 1039 4103 olim
1082 4049 1241 4104 lsaaci
1271 4048 1462 4103 Vossii.
1491 4049 1640 4102 Prior
1668 4058 1750 4102 est
1798 4062 1917 4101 om-

358 4143 483 4196 nino
511 4157 695 4196 recens
714 4185 728 4206 ,
757 4149 810 4195 et
836 4141 974 4195 circa
1005 4139 1359 4212 typographize
1383 4139 1595 4194 exordia
1618 4181 1632 4204 ,
1660 4139 1749 4193 sed
1778 4154 1805 4191 a
1829 4153 1921 4208 pe-

360 4236 461 4289 rito
482 4250 578 4290 nec
608 4234 818 4289 indocto
842 4235 1011 4288 scriba
1035 4242 1278 4288 exaratus
1303 4232 1368 4287 ad
1394 4232 1552 4286 fidem
1575 4231 1917 4301 antiquioris;

360 4327 579 4381 alterum
621 4327 810 4392 etiam,
848 4327 945 4380 etsi
991 4341 1094 4380 non
1139 4326 1342 4380 licuerit
1382 4326 1546 4379 oculis
1577 4325 1702 4393 ipsis
1741 4323 1922 4391 explo-

362 4434 508 4486 rare,
553 4429 816 4474 recentem
845 4434 1052 4488 quoque
1079 4429 1201 4487 puto
1221 4459 1234 4482 ,
1269 4417 1466 4486 fuitque
1492 4416 1558 4471 ah
1587 4415 1913 4485 imperitiore

362 4525 681 4566 amanuense
727 4511 1043 4580 descriptus.
1091 4510 1153 4563 Hi
1195 4524 1350 4578 porro
1387 4508 1638 4573 Codices,
1671 4524 1736 4562 ne
1765 4508 1921 4562 ambo

362 4603 570 4671 quidem
597 4611 757 4657 totam
782 4603 1042 4673 Synopsin
1069 4603 1503 4670 complectuntur,
1532 4601 1703 4669 qualis
1731 4599 1796 4652 ab
1824 4614 1920 4652 au-

363 4705 508 4748 ctore
549 4694 798 4748 adornata
844 4693 1048 4758 fuerat;
1090 4693 1182 4746 sed
1211 4692 1262 4744 in
1292 4691 1396 4745 alio
1424 4691 1522 4743 alia
1553 4689 1796 4743 deficiunt
1824 4705 1837 4752 ;
1868 4690 1919 4742 in

363 4794 580 4853 utroque
600 4792 772 4838 autem
800 4792 908 4838 tota
934 4784 1061 4838 Novi
1088 4783 1408 4837 Testamenti
1437 4782 1689 4852 Synopsis
1713 4781 1920 4836 deside-

360 4888 524 4932 ratur.
548 4878 896 4933 Coislinianus
917 4880 1067 4933 initio
1094 4878 1306 4933 exhibet
1332 4877 1696 4947 prtefationem
1718 4877 1784 4932 ab
1805 4878 1921 4946 ipso

360 4972 619 5040 scriptore
663 4972 1027 5026 concinnatam
1045 5013 1059 5038 ,
1087 4981 1138 5026 et
1164 4972 1540 5040 optimazmotre
1561 5012 1575 5037 ,
1603 4985 1762 5035 quam
1795 4968 1924 5024 Pro-

362 5061 601 5114 theoriam
620 5061 875 5115 inscribit.
906 5061 1030 5115 Haec
1057 5069 1230 5115 autem
1263 5060 1570 5113 Protheoria
1587 5068 1691 5113 tota
1723 5059 1871 5113 abest
1892 5075 1923 5113 a

357 5150 552 5209 Codice
593 5150 965 5220 Lugdunensi:
997 5151 1331 5219 vicissimque
1372 5149 1733 5219 Lugdunensis
1759 5149 1921 5202 multa

358 5241 552 5308 habet,
591 5258 708 5312 qua:
742 5247 794 5296 in
822 5242 1146 5296 Coisliniano
1172 5254 1389 5309 prorsus
1417 5240 1641 5303 desunt;
1675 5240 1922 5293 nimirum

358 5333 617 5404 Synop‘sin
645 5335 697 5387 in
720 5333 1012 5388 Leviticum
1031 5373 1045 5398 ,
1079 5331 1433 5401 Epilogum'in
1461 5329 1727 5400 Synepses
1755 5330 1918 5383 libro-

355 5439 471 5477 rum
494 5424 693 5493 Regum
719 5440 733 5487 ;
764 5424 1030 5492 Synopses
1057 5423 1111 5475 in
1143 5421 1566 5487 Paralipomena,
1595 5421 1646 5472 in
1673 5418 1915 5482 Esdram,

352 5515 407 5568 in
439 5516 602 5571 libros
629 5514 822 5570 Esther
841 5555 855 5579 ,
884 5514 1064 5570 Tobiae
1084 5554 1099 5581 ,
1129 5511 1305 5567 Judith
1325 5553 1340 5578 ,
1363 5511 1462 5566 Job
1482 5552 1496 5577 ,
1527 5510 1578 5563 in
1601 5509 1790 5564 librum
1817 5511 1915 5563 Sa-

351 5605 562 5674 pientiae
581 5647 596 5670 ,
621 5608 676 5659 in
705 5605 983 5658 Proverbia
995 5643 1007 5655 .

423 5695 500 5750 Ex
539 5696 688 5750 hisce
725 5693 932 5750 duobus
975 5693 1101 5748 Mss.
1131 5692 1308 5762 prodit
1335 5691 1587 5762 Synopsis
1613 5689 1796 5744 isthmc
1819 5730 1834 5754 ,
1869 5689 1920 5742 in

353 5798 452 5855 qua
486 5785 738 5843 nonnulla
770 5785 926 5840 etiam
958 5798 1021 5839 ex
1050 5782 1224 5838 Veteri
1249 5782 1585 5839 Testamento
1613 5779 1919 5836 desideran-

2026 3779 2148 3837 tur;
2187 3771 2433 3824 nimirum
2463 3768 2716 3840 Synopsis
2748 3767 3071 3823 Psalmorum
3092 3808 3106 3832 ,
3136 3774 3189 3820 et
3212 3764 3440 3834 quinque
3470 3761 3598 3816 Pro-

2029 3865 2305 3932 phetarum
2352 3861 2632 3915 minorum.
2677 3859 2731 3913 ln
2771 3869 2996 3928 utroque
3021 3873 3178 3927 porro
3204 3855 3397 3910 Codice
3427 3852 3598 3924 Syno-

2027 3955 2135 4020 psis
2176 3952 2362 4008 Joanni
2401 3951 2776 4022 Chrysostomo
2818 3950 3059 4004 tribuitur
3108 3966 3121 4000 :
3164 3947 3217 4000 in
3264 3945 3426 4000 titulis
3454 3943 3594 3996 enim

2025 4044 2324 4100 Coisliniani
2365 4053 2419 4098 et
2457 4042 2826 4112 Lugdunensis
2849 4041 3057 4095 Cedit-is
3084 4035 3447 4108 Chrysostomi
3475 4048 3595 4088 esse

2023 4137 2244 4199 dicitur,
2294 4143 2351 4189 ut
2392 4150 2512 4187 mox
2552 4133 2769 4188 videbis.
2811 4132 2924 4186 Jam
2956 4145 3081 4184 vero
3108 4127 3386 4198 quwritur,
3418 4133 3590 4178 utrum

2025 4243 2150 4282 vere
2194 4225 2555 4296 Chrysostomi
2586 4225 2688 4288 sit,
2717 4236 2902 4276 necne.
2937 4221 3142 4274 lsaacus
3165 4226 3307 4271 certe
3334 4214 3554 4268 Vossius
3577 4254 3594 4275 ,

2023 4320 2173 4388 Cujus
2215 4326 2329 4372 erat
2357 4314 2535 4369 Codex
2558 4314 2646 4367 ille
2676 4312 3012 4366 Bibliothecze
3040 4304 3409 4377 Lugdunensis
3438 4303 3598 4356 Bata-~

2023 4411 2174 4477 victe;
2205 4424 2308 4462 non
2334 4411 2546 4477 putabat
2575 4420 2692 4460 esse
2707 4402 3086 4474 Chrysostomi,
3112 4397 3423 4454 tesulicante
3443 4394 3594 4450 Guil-

2023 4504 2181 4557 lelmo
2226 4501 2366 4555 Cave
2415 4501 2466 4553 in
2512 4499 2736 4553 Historia
2781 4512 2873 4550 sua
2917 4493 3146 4548 literaria
3195 4491 3420 4546 Genevaa
3454 4502 3595 4542 anno

2025 4593 2162 4648 1705
2182 4593 2321 4648 edita
2345 4633 2359 4657 ,
2387 4591 2537 4658 cujus
2567 4591 2678 4642 huic
2704 4595 2824 4641 sunt
2851 4583 3008 4638 verba
3029 4625 3042 4648 ,
3075 4598 3124 4653 p.
3157 4581 3261 4635 215
3290 4598 3302 4632 :
3342 4598 3360 4630 t
3397 4580 3585 4633 Exstat

2024 4685 2209 4741 Craace
2249 4683 2344 4737 Ms.
2394 4684 2444 4736 in
2476 4680 2799 4735 Bibliotheca
2826 4676 3077 4730 Vossiana
3104 4673 3202 4728 sub
3227 4669 3591 4762 Chrysostowi

2024 4775 2238 4829 nomine
2288 4774 2542 4844 Syqusis
2571 4771 2774 4826 Veteris
2820 4767 3181 4832 Testamenti;
3219 4767 3314 4821 sed
3344 4780 3446 4816 non
3476 4775 3595 4814 esse

2024 4868 2308 4936 genuinum
2339 4862 2703 4934 Chrysostomi
2733 4863 2912 4915 fmtum
2945 4857 3057 4926 ipse
3085 4856 3213 4910 mihi
3237 4855 3362 4908 olim
3385 4851 3594 4907 confes-

2024 4971 2114 5010 sus
2140 4964 2222 5011 est
2247 4955 2317 5009 cl.
2349 4954 2585 5007 Vossius.
2623 4968 2642 5002 ι
2678 4951 2746 5004 At
2770 4949 2958 5018 opinor
2989 4948 3226 5001 Vossium
3250 4946 3363 4997 haec
3382 4941 3593 5010 perfun-

2023 5050 2188 5103 ctorie
2235 5049 2424 5117 legisse
2446 5088 2459 5109 ,
2506 5055 2560 5098 et
2603 5059 2666 5097 ex
2707 5042 2826 5113 styli
2859 5044 3080 5094 fortasse
3103 5040 3306 5093 ratione
3330 5033 3587 5088 calculum

2026 5139 2211 5193 tulisse
2259 5157 2271 5192 :
2312 5152 2466 5207 quam
2509 5135 2632 5206 styli
2662 5133 2884 5189 formam
2911 5147 3015 5185 non
3041 5130 3208 5200 potuit
3236 5129 3285 5180 in
3316 5135 3418 5179 tam
3447 5138 3591 5176 com-

2024 5230 2276 5301 pendiosa
2315 5229 2617 5282 narratione
2645 5224 3060 5294 deprehendere.
3089 5220 3167 5274 Ad
3199 5218 3311 5270 huic
3337 5230 3463 5268 vero
3485 5213 3590 5266 Co-

2023 5322 2126 5376 dex
2156 5323 2246 5376 ille
2275 5321 2567 5374 Vossianus
2598 5318 2959 5374 Protheoriam
2982 5314 3128 5367 illam
3151 5311 3202 5364 in
3227 5310 3397 5362 fronte
3418 5307 3590 5375 Syno-

2023 5428 2179 5483 pseos
2220 5413 2442 5482 positam
2484 5427 2589 5465 non
2627 5410 2826 5464 habet:
2856 5421 2972 5476 quae
3003 5417 3134 5458 sane
3169 5397 3475 5456 Protheoria
3512 5404 3595 5448 sat

2031 5505 2235 5575 prolixa
2271 5513 2324 5558 et
2355 5520 2383 5556 a
2414 5504 2587 5573 sagaci
2616 5505 2730 5556 viro
2759 5501 2982 5568 scripta,
3013 5494 3264 5565 quasdam
3295 5490 3594 5560 suppeditat

2030 5605 2183 5650 notas
2207 5609 2323 5663 qua:
2353 5594 2730 5662 Chrysostomo
2757 5587 3018 5658 Synepsin
3043 5583 3307 5638 vindicare
3329 5580 3591 5633 videntur.

2033 5688 2087 5740 ln
2116 5687 2228 5754 ipsa
2257 5686 2411 5739 etiam
2439 5684 2664 5754 SynOpsi
2692 5698 2795 5735 non
2827 5694 2987 5748 pauca
3015 5681 3330 5738 occurrunt,
3357 5686 3472 5740 qum
3499 5684 3598 5738 pro

2029 5776 2405 5846 Chrysostomo
2451 5782 2701 5844 pugnant.
2752 5771 2864 5826 Non
2891 5783 2949 5823 ea
2978 5780 3134 5837 porro
3163 5771 3338 5818 mente
3369 5761 3477 5815 haec
3507 5774 3597 5813 ar‘
