4102 6322
578 439 682 493 507

574 563 822 623 gumenta
848 551 1164 623 proferimus
1183 594 1198 618 ,
1228 561 1285 608 ut
1311 553 1425 608 sine
1450 551 1558 606 ulla
1586 562 1802 621 prorsus
1822 546 2147 603 dubitatione

576 647 838 717 Synopsin
861 660 980 701 esse
995 646 1355 718 Chrysostomi
1378 655 1706 702 statuamus:
1736 657 1839 697 non
1858 642 1997 696 enim
2026 655 2148 710 per-

578 737 699 791 inde
728 736 899 791 al‘fecti
924 750 1137 803 sumus,
1165 747 1324 807 atque
1365 737 1604 791 nonnulli
1642 736 1948 804 scriptores,
1977 733 2063 802 qui
2085 747 2145 787 ea

573 846 693 898 quae
724 845 790 884 ex
820 831 1052 886 tenebris
1072 842 1296 895 eruunt,
1325 831 1388 885 iis
1414 845 1549 901 quos
1589 837 1816 883 tractant
1844 826 2147 882 auctoribus

575 922 644 976 ita
671 936 910 976 asserere
934 931 1220 987 conantur,
1250 930 1309 976 ut
1334 921 1529 976 nullam
1558 920 1817 991 rationem
1848 918 2041 973 habere
2066 916 2146 969 vi—

575 1011 801 1065 deantur
841 1024 1032 1065 eorum
1075 1024 1194 1079 quae
1220 1018 1678 1079 possunt-contra
1715 1008 1895 1077 objici.
1927 1007 2147 1061 Etiamsi

571 1105 714 1158 enim
736 1101 848 1156 hmc
867 1115 986 1172 qua:
1005 1101 1322 1172 proferimus
1340 1099 1514 1171 magni
1535 1114 1652 1154 esse
1672 1099 1921 1153 momenti
1946 1097 2149 1167 perspi-

571 1210 732 1250 cuum
775 1193 929 1248 nobis
969 1193 1040 1248 sit
1084 1210 1097 1247 :
1140 1202 1423 1261 antequam
1461 1190 1705 1245 ultimum
1734 1203 1797 1244 ea
1824 1188 1893 1244 de
1921 1204 1979 1243 re
2003 1187 2146 1258 judi-

572 1291 713 1344 cium
734 1298 1025 1345 statuamus
1042 1330 1058 1355 ,
1079 1296 1389 1359 argumenta
1415 1294 1596 1343 nostra
1622 1286 1829 1343 erudito
1854 1287 2035 1342 lectori
2063 1285 2145 1340 of-

574 1379 714 1435 ferre
752 1381 926 1436 visum
952 1388 1059 1447 est,
1109 1389 1164 1435 ut
1206 1390 1310 1434 tam
1350 1377 1492 1433 illius
1515 1418 1529 1442 ,
1557 1393 1715 1448 quam
1744 1376 2147 1449 nostrojudicio

572 1473 697 1543 quid
722 1472 1046 1528 censendum
1073 1471 1143 1527 sit
1171 1472 1330 1526 tutius
1357 1469 1704 1525 afﬁrmemus.

643 1564 879 1619 Primum
929 1563 1087 1633 igitur
1130 1570 1500 1632 argumentum
1548 1570 1850 1615 mutuamur
1894 1574 1962 1615 ex
1999 1558 2148 1615 hisce

574 1656 860 1726 postremis
884 1654 1208 1711 Protheorite
1232 1654 1407 1710 verbis
1424 1695 1439 1721 ,
1470 1653 1554 1708 ubi
1582 1654 1808 1723 scriptor
1832 1666 2147 1708 enumerans

570 1749 704 1805 Novi
732 1749 1053 1805 Testamenti
1081 1748 1273 1814 libros,
1305 1756 1601 1818 postremas
1626 1747 1774 1817 ponit
1803 1755 1910 1801 tres
1936 1745 2147 1814 Episto-

573 1842 650 1897 las
678 1842 987 1904 catholicas.
1018 1853 1063 1897 et
1087 1853 1184 1897 tres
1200 1858 1262 1897 ea:
1280 1840 1538 1896 catholicis
1564 1839 1827 1911 Epistolis.
1854 1837 2145 1893 Catholicre

572 1943 749 1988 autem
795 1942 917 1989 sunt
961 1934 1210 2004 Epistola:
1252 1942 1490 2003 septem,
1536 1947 1757 2001 quarum
1796 1939 1905 1985 tres
1944 1938 2146 1983 tantum

574 2036 812 2094 tempore
850 2024 1214 2095 Chrysostomi
1260 2025 1310 2079 in
1341 2024 1575 2079 Ecclesia
1608 2022 1965 2088 Antiochena,
1995 2021 2147 2091 cujus

572 2118 660 2171 illc
686 2118 969 2187 presbyter»
984 2126 1095 2172 erat
1118 2156 1135 2181 ,
1163 2116 1574 2185 recipiebantur.
1604 2113 1735 2169 Nam
1767 2114 1885 2169 licet
1909 2113 2145 2184 Epistola

572 2207 803 2263 secunda
830 2208 1006 2272 Petri,
1039 2208 1269 2263 secunda
1297 2218 1349 2261 et
1374 2208 1525 2260 tertia
1557 2207 1773 2262 Joannis
1794 2248 1809 2272 ,
1836 2214 1995 2276 atque
2015 2204 2143 2274 Epi-

572 2300 706 2353 stola
747 2300 810 2352 B.
850 2298 998 2353 Juda:
1043 2297 1267 2366 apostoli
1298 2298 1435 2353 inter
1458 2308 1822 2352 sacrosanctas
1846 2307 1900 2352 et
1925 2297 2144 2351 canoni-

571 2406 663 2445 cas
676 2391 986 2461 Scripturas
1006 2405 1038 2445 a
1056 2390 1235 2444 multis
1254 2389 1362 2458 jam
1389 2390 1600 2444 saeculis
1624 2404 1720 2459 per
1745 2397 1910 2444 totam
1927 2389 2145 2442 omnino

573 2482 864 2538 Ecclesium
890 2484 1243 2551 recipiantur,
1274 2482 1536 2552 prioribus
1557 2491 1730 2537 tamen
1760 2483 2015 2538 Ecclesia:
2040 2498 2144 2537 sa:-

570 2576 703 2629 culis
742 2576 856 2629 istae
879 2585 1105 2646 quatuor
1139 2575 1387 2643 Epistola:
1414 2591 1520 2630 non
1547 2576 1600 2630 in
1628 2576 1873 2630 omnibus
1898 2576 2145 2631 Ecelesiis

573 2678 631 2719 ut
670 2667 939 2721 canonicae
981 2666 1398 2720 admittebantur
1442 2684 1455 2720 :
1496 2667 1739 2735 quaedam
1786 2666 1931 2722 enim
1958 2676 2142 2731 erant,

571 2758 672 2812 etsi
716 2772 930 2826 pauere,
979 2773 1097 2826 qua:
1139 2757 1255 2811 illas
1298 2773 1403 2811 non
1446 2757 1831 2825 admittebant,
1869 2766 1929 2813 ut
1967 2758 2145 2813 videas

571 2853 709 2921 apud
753 2853 959 2907 Sixtum
1002 2852 1295 2907 Seueusem
1320 2853 1456 2907 libro
1483 2854 1652 2921 primo
1674 2857 1732 2910 in
1758 2853 1868 2908 line
1893 2852 2145 2908 sectionis

570 2944 838 3000 secundae.
865 2945 967 2999 Sed
996 2960 1024 2999 a
1048 2947 1272 3000 maxima
1302 2944 1585 3002 Orientalis
1613 2946 1859 3000 Ecclesia:
1884 2954 2061 3016 parte,
2093 2954 2147 3000 et

571 3051 600 3090 a
646 3048 756 3092 toto
784 3052 930 3106 pene
969 3037 1253 3092 Occidente
1292 3038 1429 3091 inter
1464 3038 1748 3093 canonicos
1769 3038 1933 3093 libros
1956 3053 2143 3094 cense-

574 3127 797 3194 bantur;
838 3130 974 3183 inter
1002 3130 1165 3205 libros
1192 3129 1440 3185 videlicet
1467 3129 1705 3196 divinos,
1735 3130 1989 3185 canonice
2014 3131 2147 3186 scri-

571 3228 689 3287 ptos
714 3259 727 3282 ,
769 3221 999 3278 traditos
1036 3228 1090 3273 et
1115 3218 1345 3273 creditos
1364 3260 1380 3285 ,
1410 3220 1577 3289 inquit
1601 3236 1820 3290 magnus
1844 3221 1935 3275 ille
1961 3221 2145 3276 Eccle-

570 3311 665 3363 sia:
707 3325 883 3379 praeco
922 3310 1279 3376 Athanasius,
1321 3311 1407 3380 qui
1448 3311 1735 3367 catholicas
1773 3312 2035 3381 Epistolas
2060 3327 2146 3365 sc-

571 3411 714 3472 ptem
764 3403 815 3457 in
863 3404 1070 3457 illorum
1121 3418 1342 3458 numero
1395 3405 1551 3458 locat.
1580 3406 1648 3458 At
1693 3405 1929 3459 Ecclesia
1959 3405 2144 3457 Antio-

570 3494 737 3548 chena
762 3504 987 3563 quatuor
1016 3495 1133 3549 illas
1162 3510 1317 3564 supra
1347 3504 1666 3550 memoratas
1694 3495 1960 3564 Epistolas
1984 3494 2144 3550 J0an-

570 3587 654 3641 nis
700 3586 1065 3657 (lhrysostomi
1115 3595 1352 3656 tempore
1394 3602 1498 3640 non
1533 3585 1870 3654 admittebat,
1899 3586 2006 3640 imo
2032 3585 2142 3655 pri-

570 3677 694 3731 stini
735 3686 889 3732 tenax
935 3678 1225 3747 propositi,
1270 3692 1336 3731 ne
1365 3684 1602 3746 tempore
1626 3677 1836 3748 quidem
1864 3677 2143 3732 Justiniani

572 3770 909 3840 Imperatoris
955 3772 1071 3825 illas
1114 3772 1287 3826 adhuc
1331 3771 1710 3840 adoptaverat;
1739 3770 1790 3825 id
1814 3771 1955 3842 quod
1982 3770 2144 3843 Syro-

572 3877 689 3917 rum
715 3864 985 3932 pr0prium
1012 3872 1126 3917 erat
1146 3903 1159 3924 ,
1188 3871 1246 3916 ut
1265 3863 1422 3916 modo
1440 3862 1753 3917 videbimus.

639 3953 793 4021 Quod
828 3962 1007 4007 autem
1048 3952 1282 4008 Ecclesia
1307 3954 1634 4007 Antiochcna
1656 3951 2018 4007 secundamet
2040 3960 2143 4005 ter-

574 4044 700 4098 tiam
743 4043 960 4098 Joannis
1004 4060 1109 4098 non
1148 4045 1442 4114 reciperet,
1471 4044 1523 4098 id
1550 4044 1749 4114 liquido
1772 4044 2145 4114 comprobatur

576 4152 642 4191 ex
668 4136 895 4191 Homilia
922 4152 1043 4190 mox
1070 4136 1295 4203 edenda,
1326 4151 1481 4206 quam
1506 4137 1651 4206 prior
1674 4135 1958 4205 publicavit
1978 4135 2142 4190 Joan—

577 4228 659 4283 nis
687 4228 1048 4298 Chrysostomi
1079 4228 1291 4282 nomine
1314 4226 1608 4282 Cotelerius
1627 4266 1642 4291 ,
1670 4242 1932 4297 quamque
1956 4226 2146 4296 proba-

575 4334 695 4375 mus
721 4319 772 4373 in
794 4319 989 4373 Monito
1012 4318 1146 4374 infra
1175 4335 1278 4374 non
1300 4319 1661 4391 Chrysostomi
1687 4334 1825 4385 esse,
1852 4318 1945 4374 sed
1968 4319 2144 4387 cujus-

575 4410 696 4465 dam
745 4410 1039 4480 presbyteri
1066 4411 1378 4466 Antiocheni
1415 4410 1554 4465 illius
1573 4410 1670 4464 aevi
1691 4425 1871 4465 coram
1893 4409 2145 4464 Flaviano

576 4503 826 4571 episcopo
853 4502 1236 4556 concionantis.
1266 4500 1322 4555 ln
1350 4501 1448 4556 hac
1467 4501 1625 4570 igitur
1645 4500 1890 4567 Homilia,
1913 4515 2061 4554 num.
2086 4499 2143 4565 6,

576 4594 642 4648 de
667 4592 886 4647 Joannis
911 4595 1247 4663 evangelista:
1276 4592 1512 4661 Epistola
1533 4590 1764 4647 secunda
1786 4600 1840 4645 et
1863 4590 2014 4645 tertia
2033 4590 2145 4645 tunc

578 4685 829 4738 dicuntur
859 4701 872 4736 :
909 4703 928 4736 ι
969 4684 1109 4738 ldcm
1138 4685 1227 4738 ille
1252 4697 1448 4754 praeco,
1479 4683 1570 4753 qui
1595 4681 1709 4735 hmo
1731 4679 2067 4750 praedicavit,
2094 4681 2143 4733 in

576 4776 813 4844 Epistola
860 4790 953 4828 sua
999 4774 1179 4829 scribit
1210 4793 1223 4827 :
1252 4775 1419 4845 prima
1458 4782 1635 4828 autem
1658 4771 1895 4841 Epistola
1923 4771 2061 4825 inter
2083 4787 2144 4826 ea

576 4884 694 4938 quae
735 4870 787 4921 in
842 4866 1076 4921 Ecclesia
1128 4866 1491 4935 recipiuntur,
1551 4879 1657 4919 non
1687 4864 1824 4918 inter
1846 4863 2145 4935 apocrypha

576 4965 896 5013 reccnsetur
931 4975 945 5010 ε
991 4972 1111 5010 nam
1153 4958 1439 5011 secundam
1482 4966 1536 5011 et
1561 4956 1766 5010 tertiam
1793 4962 1968 5023 patres
1995 4964 2145 5008 extra

576 5066 833 5105 canonem
857 5054 1086 5119 ponunt;
1107 5048 1325 5114 primam
1341 5061 1467 5102 vero
1486 5046 1773 5117 Epistulam
1787 5044 2005 5100 Joannis
2028 5058 2147 5098 esse

522 5146 525 5149 ’
577 5159 764 5198 omnes
793 5141 1148 5198 consentiunt.
1182 5157 1200 5191 ›
1236 5138 1369 5193 Hinc
1396 5139 1544 5193 vides
1562 5138 1847 5192 secundam
1868 5145 1921 5191 et
1941 5138 2144 5191 tertiam

576 5235 795 5291 Joannis
822 5232 1108 5303 Epistolam
1136 5239 1275 5284 Inter
1294 5230 1575 5284 canonicas
1595 5228 1888 5282 Antiochia:
1915 5242 2018 5282 non
2050 5226 2148 5280 ba-

576 5329 711 5385 bitas
779 5328 959 5381 fuisse.
987 5322 1283 5381 Secundam
1314 5322 1438 5375 item
1464 5321 1603 5375 Petri
1627 5362 1641 5387 ,
1666 5330 1719 5376 et
1750 5320 2150 5390 EpistolamJu-

576 5419 659 5473 dcc
689 5416 1161 5490 apostoli,perinde
1185 5424 1343 5486 atque
1370 5413 1654 5470 secundam
1682 5423 1735 5469 et
1765 5414 1970 5469 tertiam
1991 5413 2151 5491 Joan-

577 5512 659 5565 nis
681 5553 696 5576 ,
721 5527 750 5565 a
773 5511 921 5583 Syris
944 5552 959 5578 ,
983 5519 1140 5581 atque
1159 5508 1291 5563 adeo
1311 5508 1377 5563 ab
1402 5506 1744 5561 Antiochenis
1768 5521 1872 5560 non
1895 5506 2150 5560 admissas

577 5601 744 5657 fuisse
781 5603 981 5657 diserte
1020 5601 1173 5657 docet
1201 5599 1421 5656 Cosmas
1451 5598 1726 5669 Egyptius
1750 5640 1765 5664 ,
1794 5598 1883 5665 qui
1912 5607 2150 5668 tempore

579 5692 859 5747 Justiniani
879 5692 1219 5762 imperatoris
1233 5690 1513 5747 scribebat.
1538 5690 1686 5744 Hunc
1706 5690 2017 5757 scriptorem
2039 5689 2151 5741 edi-

579 5782 753 5837 dimus
789 5799 929 5837 anno
960 5784 1115 5838 1706.
1149 5783 1237 5837 Sic
1259 5791 1435 5837 autem
1464 5780 1623 5835 habet
1649 5795 1700 5850 p.
1729 5778 1863 5843 292,
1899 5778 2057 5832 multa
2085 5779 2151 5831 de

578 5874 852 5929 catholicis
894 5876 1141 5944 Epistolis
1186 5884 1240 5931 et
1279 5875 1345 5930 de
1374 5888 1552 5930 earum
1582 5872 1891 5927 auctoritate
1918 5880 2038 5925 ante
2065 5871 2145 5924 lo-

1808 430 2128 490 DIATRIBA
2169 428 2232 485 IN
2269 428 2615 487 SYNOPSIN.

3719 445 3821 512 303

2255 554 2448 614 quutus
2480 564 2494 600 :
2532 566 2551 599 ι
2590 547 2739 620 Apud
2771 548 2932 623 Syros
2959 560 3133 608 autem
3161 570 3265 611 non
3297 556 3397 612 nisi
3426 567 3531 615 tres
3557 562 3822 631 praedictas

2254 640 2624 707 reperiuntur;
2652 641 2896 699 videlicet
2930 643 3111 700 Jacobi
3132 686 3147 711 ,
3176 647 3315 703 Petri
3344 660 3398 706 et
3422 651 3637 707 Joannis
3666 673 3679 710 :
3706 657 3822 713 aliae

2254 732 2448 803 quippe
2493 748 2653 803 penes
2696 736 2815 792 illos
2861 752 2929 793 ne
2969 740 3180 809 quidem
3219 742 3497 799 habentur.
3525 746 3820 804 Perfectum

2257 822 2431 893 itaque
2468 825 2822 884 Christianum
2866 830 3037 886 dubiis
3076 833 3224 889 inniti
3268 851 3372 891 non
3422 848 3668 908 Oportet,
3700 857 3820 897 cum

2255 930 2331 970 em
2358 917 2642 986 Scriptura:
2666 962 2681 986 ,
2714 936 2831 988 quae
2858 921 2910 976 in
2935 937 3140 979 canone
3165 927 3407 995 repositas
3428 968 3446 994 ,
3472 937 3527 982 et
3544 930 3681 998 apud
3703 947 3822 985 om-

2255 1024 2349 1062 nes
2380 1009 2427 1061 in
2443 1010 2689 1066 confesso
2705 1021 2847 1079 sunt,
2871 1016 3045 1069 omnia
3062 1017 3187 1071 satis
3207 1018 3496 1075 declarent.
3511 1040 3530 1073 ι
3556 1021 3691 1076 Hinc.
3712 1039 3822 1077 ma-

2254 1097 2444 1155 nifeste
2474 1100 2622 1156 vides
2650 1104 2808 1157 etiam
2835 1114 3072 1175 tempore
3093 1106 3371 1164 Justiniani
3396 1109 3732 1179 imperatoris
3756 1130 3821 1169 ex

2252 1190 2524 1247 catholicis
2543 1193 2645 1249 illis
2668 1196 2914 1265 Epistolis
2942 1200 3149 1253 nonnisi
3175 1210 3280 1255 tres
3299 1201 3435 1270 apud
3460 1203 3642 1274 Syros,
3665 1216 3822 1275 atque

2251 1284 2385 1339 adeo
2411 1286 2463 1340 in
2494 1286 2727 1342 Ecclesia
2755 1290 3080 1345 Antiochena
3101 1331 3116 1357 ,
3138 1302 3378 1362 receptas
3403 1291 3586 1348 fuisse.

2322 1375 2455 1431 Hinc
2493 1378 2649 1448 igitur
2672 1381 2843 1451 palam
2869 1390 2950 1436 est
2978 1382 3116 1436 hunc
3141 1382 3462 1453 Seriptorem
3490 1426 3503 1448 ,
3536 1400 3691 1455 quem
3712 1386 3818 1455 jam

2252 1466 2304 1521 in
2335 1467 2600 1538 publicum
2630 1470 2919 1526 emittimus
2941 1511 2955 1538 ,
2982 1472 3173 1543 quique
3202 1483 3307 1528 tres
3338 1485 3538 1529 tantum
3559 1478 3821 1547 Epistolas

2251 1559 2541 1616 catholicas
2605 1563 2716 1618 sive
2774 1564 3056 1619 canonicas
3111 1566 3380 1633 admittit,
3434 1570 3818 1625 Antiochenam

2250 1665 2368 1708 esse
2391 1669 2406 1718 ;
2434 1652 2649 1724 jamque
2677 1654 2797 1709 hinc
2820 1656 3047 1726 aliquam
3079 1657 3229 1712 titulo
3253 1660 3519 1714 conciliari
3547 1660 3700 1716 ﬁdem
3724 1704 3738 1729 ,
3768 1665 3816 1717 in

2250 1758 2355 1814 quo
2398 1744 2591 1799 dicitur
2632 1760 2752 1801 esse
2788 1746 3008 1802 Joannis
3031 1745 3419 1820 Chrysostomi.
3449 1752 3515 1806 Et
3541 1768 3668 1809 vere
3696 1770 3818 1810 san-

2249 1846 2365 1892 ctus
2389 1835 2475 1894 hic
2503 1838 2711 1906 doctor,
2740 1841 2828 1910 qui
2854 1840 3139 1911 Scriptura:
3165 1858 3331 1898 sacrae
3360 1844 3521 1899 libros
3546 1861 3735 1901 omnes
3765 1848 3815 1901 in
3842 1866 3847 1872 ν

2251 1928 2493 1985 llomiliis
2541 1931 2653 1985 suis
2696 1933 2948 1998 adhibet,
2977 1943 3203 2002 quatuor
3229 1936 3432 1991 illarum
3462 1938 3817 2008 Epistolarum

2249 2018 2362 2074 loca
2402 2034 2657 2089 nusquam
2703 2020 2897 2099 affert;
2946 2032 3039 2078 aut
3081 2024 3267 2079 saltem
3297 2026 3595 2095 hujusmodi
3626 2029 3735 2083 loca
3765 2030 3816 2085 in

2249 2111 2364 2179 ejus
2402 2110 2615 2181 scriptis
2661 2114 2894 2168 nondum
2937 2114 3301 2185 deprehendi:
3333 2120 3536 2172 etiamsi
3568 2135 3695 2175 vero
3724 2121 3815 2175 dc-

2251 2202 2705 2273 prehenderentur
2735 2247 2748 2268 ,
2804 2222 2908 2261 non
2954 2217 3127 2261 tamen
3180 2208 3300 2263 inde
3344 2220 3654 2278 sequeretur
3699 2228 3814 2267 eam

2247 2294 2533 2373 Scriptura:
2575 2306 2777 2365 partem
2808 2298 3114 2352 canonicam
3138 2298 3316 2354 haberi
3351 2318 3364 2354 :
3397 2317 3515 2354 nam
3547 2302 3650 2356 illis
3681 2313 3815 2358 tem-

2248 2388 2463 2458 poribus
2490 2403 2591 2441 non
2620 2403 2783 2458 pauca
2812 2401 2961 2445 erant
2990 2393 3038 2446 in
3069 2394 3379 2461 quibusdam
3403 2395 3674 2463 Eeclesiis,
3695 2413 3815 2465 quae

2248 2479 2554 2549 legebantur
2597 2481 2841 2549 quidem,
2887 2482 2979 2537 sed
3023 2485 3271 2539 canonica
3312 2500 3430 2541 esse
3468 2502 3571 2541 non
3609 2500 3817 2557 reputa-

2250 2572 2460 2626 bantur.
2539 2572 2855 2627 Moriendum
2905 2584 3078 2628 autem
3124 2576 3608 2642 existimo,locum
3634 2580 3817 2635 haberi

2249 2664 2473 2719 llomilia
2512 2674 2657 2719 sexta
2696 2666 2913 2747 Joannis
2957 2666 3321 2740 Chrysostomi
3364 2672 3414 2725 in
3442 2672 3690 2728 Genesim
3714 2714 3732 2742 ,
3762 2691 3815 2744 p.

2247 2755 2316 2811 40
2347 2755 2604 2810 Etlitionis
2642 2769 2868 2832 nostras,
2907 2758 2991 2812 ubi
3022 2760 3099 2814 sic
3124 2761 3313 2831 legitur
3340 2779 3357 2818 :
3387 2760 3440 2815 li
3466 2780 3579 2817 vero
3606 2766 3692 2830 qui
3716 2767 3816 2819 ati-

2246 2846 2448 2914 quando
2477 2863 2531 2900 se
2557 2846 2609 2899 in
2634 2847 2823 2900 diaboli
2851 2850 2976 2902 retia
3004 2850 3234 2920 injiciunt
3254 2894 3269 2919 ,
3298 2852 3499 2907 canibus
3519 2871 3818 2923 comparan-

2247 2945 2329 2988 tur
2355 2953 2387 2989 a
2418 2936 2683 3006 Scriptura
2710 2940 2876 2993 divina
2908 2956 2926 2994 :
2956 2941 3124 2995 llomo
3153 2944 3293 2998 enim
3319 2985 3333 3009 ,
3360 2945 3543 3016 inquit,
3575 2949 3662 3016 qui
3689 2963 3817 3003 con-

2250 3030 2471 3084 vertitur
2512 3045 2543 3083 a
2587 3042 2800 3099 peccato
2842 3047 2936 3085 suo
2960 3074 2975 3096 ,
3003 3041 3057 3087 et
3085 3034 3273 3088 iterum
3302 3037 3352 3089 in
3383 3036 3607 3106 idipsum
3638 3038 3812 3104 redit,

2247 3121 2437 3177 similis
2462 3130 2545 3177 est
2572 3123 2688 3177 cani
2718 3124 2783 3177 ad
2807 3125 3057 3179 vomitum
3088 3126 3350 3181 redeunti.
3384 3127 3458 3182 lbi
3482 3144 3609 3184 vero
3639 3147 3734 3184 nos
3766 3132 3814 3185 in

2248 3214 2483 3285 margine
2524 3214 2695 3268 locum
2719 3215 3060 3271 indicavimus
3087 3217 3121 3270 2
3149 3218 3290 3273 Petri
3315 3217 3369 3286 ‘2,
3400 3219 3470 3273 22
3497 3238 3512 3276 :
3543 3229 3598 3273 at
3620 3222 3715 3276 etsi
3747 3222 3815 3275 ibi

2246 3305 2312 3359 de
2338 3320 2469 3359 caue
2489 3305 2554 3359 ad
2583 3307 2835 3359 vomitum
2865 3323 3086 3362 reverso
3112 3319 3311 3379 agatur,
3339 3323 3543 3365 certum
3572 3320 3654 3366 est
3679 3312 3817 3368 hunc

2249 3397 2420 3451 locum
2449 3397 2513 3451 ad
2546 3399 2829 3453 secundam
2862 3400 3002 3455 Petri
3032 3401 3322 3471 Epistulam
3353 3417 3457 3457 non
3485 3402 3815 3459 referendum

2248 3503 2398 3554 esse,
2416 3532 2420 3536 ν
2439 3489 2531 3543 sed
2559 3491 2625 3543 ad
2653 3491 3055 3545 Proverbiorum
3082 3492 3274 3547 librum
3299 3535 3314 3559 ,
3345 3509 3463 3563 cap.
3489 3494 3558 3548 ‘26
3576 3537 3590 3560 ,
3623 3511 3675 3549 v.
3709 3496 3767 3550 il
3796 3537 3812 3562 ,

2247 3591 2404 3650 atque
2429 3580 2563 3635 adeo
2588 3582 2927 3651 marginalem
2954 3592 3131 3637 notam
3153 3585 3230 3638 sic
3258 3585 3635 3641 restituendam
3657 3603 3773 3642 esse
3795 3629 3813 3655 ,

2252 3672 2409 3726 Prov.
2435 3671 2526 3727 26.
2557 3674 2618 3728 Η
2654 3671 2752 3746 (α).
2783 3674 2878 3729 llic
2897 3675 3282 3731 animadvertas
3306 3678 3482 3743 velim,
3504 3678 3815 3749 Chrysosto-

2247 3780 2391 3820 mum
2433 3766 2837 3820 concionantem
2879 3768 2962 3822 hic
2987 3777 3040 3822 et
3065 3770 3362 3825 sexcenties
3383 3770 3506 3825 alibi
3532 3770 3824 3843 Scriptura)

2248 3858 2358 3913 loca
2385 3897 2400 3922 ,
2450 3866 2607 3927 prout
2647 3859 2915 3913 memoriae
2958 3873 3076 3913 sese
3112 3860 3438 3926 offerebant,
3472 3860 3814 3930 allcgavisse,

2249 3948 2506 4018 longeque
2534 3949 2743 4004 diverso
2766 3966 2793 4001 a
2824 3949 3107 4018 Scriptura:
3126 3959 3273 4004 textu
3293 3950 3466 4005 modo.
3497 3950 3667 4005 Locus
3689 3968 3816 4022 ergo

2247 4040 2566 4109 Scriptum,
2599 4057 2756 4111 quem
2788 4041 2873 4096 hic
2901 4044 3116 4112 rcSpicit
3140 4044 3564 4116 Chrysostomus,
3589 4055 3672 4098 est
3698 4060 3818 4099 ver-

2246 4132 2447 4188 siculus
2486 4132 2574 4186 ille
2612 4132 3015 4188 Proverbiorum
3036 4175 3051 4202 ,
3080 4149 3235 4204 quem
3263 4136 3351 4190 ille
3374 4151 3469 4206 pro
3496 4150 3644 4190 more
3668 4144 3722 4190 et
3749 4136 3816 4190 ad

2245 4241 2397 4280 suum
2428 4238 2646 4295 scopum
2681 4224 3049 4292 concinnavit,
3079 4236 3135 4280 ut
3159 4227 3225 4281 ad
3249 4236 3454 4295 captum
3484 4226 3648 4297 plebis
3674 4237 3817 4282 esset

2245 4316 2693 4373 accommodatior
2735 4334 2750 4377 ;
2801 4318 2879 4372 sic
2916 4326 3091 4372 autem
3120 4317 3277 4373 habet
3306 4319 3356 4371 in
3382 4333 3481 4372 Lxx
3513 4319 3817 4388 interpreti-

2246 4409 2346 4465 bus
2374 4425 2390 4463 :
2424 4408 2569 4465 Sicut
2596 4409 2736 4463 canis
2760 4424 2874 4462 cum
2896 4424 3118 4462 reversus
3139 4418 3210 4462 est
3230 4410 3297 4460 ad
3316 4410 3551 4461 vomitum
3579 4426 3744 4472 suum,
3771 4420 3817 4463 et

2246 4506 2449 4560 odiosus
2481 4516 2553 4559 est
2587 4504 2818 4571 e/fectus,
2854 4504 2924 4558 sic
2955 4505 3137 4557 stultus
3173 4506 3363 4557 malitia
3391 4521 3482 4557 sua
3506 4520 3726 4558 reuersus
3750 4504 3817 4556 ad

2248 4608 2502 4667 peccatum
2549 4613 2715 4651 suum.
2760 4596 2893 4650 Cum
2937 4595 3037 4650 hoc
3067 4596 3183 4650 loco
3208 4612 3425 4665 prorsus
3450 4606 3707 4651 consonat
3732 4596 3817 4650 ille

2247 4703 2439 4757 supra;
2485 4687 2551 4742 ad
2592 4687 2840 4757 Epistola:
2879 4702 3004 4743 vero
3045 4688 3292 4742 secundae
3337 4688 3476 4742 Petri
3508 4687 3679 4741 locum
3712 4701 3816 4741 non

2250 4782 2469 4849 perinde
2505 4783 2763 4849 quadrat;
2803 4780 2880 4836 sic
2920 4795 3076 4850 porro
3100 4780 3186 4835 ille
3216 4780 3372 4835 habet
3399 4797 3412 4833 :
3439 4779 3664 4849 Contigit
3679 4781 3817 4833 enim

2248 4875 2318 4927 eis
2355 4874 2485 4927 illud
2524 4875 2623 4926 veri
2663 4872 2903 4942 proverbii
2939 4889 2958 4926 :
2990 4874 3129 4925 canis
3153 4887 3374 4925 reversus
3398 4880 3463 4923 ad
3490 4888 3634 4924 suum
3663 4872 3817 4923 vomi-

2249 4974 2393 5030 tum;
2421 4974 2500 5027 et,
2530 4980 2613 5017 sus
2638 4965 2741 5047 tota
2769 4965 2823 5017 in
2850 4962 3109 5018 volutabra
3136 4962 3247 5016 luti.
3278 4961 3492 5015 Certum
3523 4962 3695 5030 itaque
3724 4975 3817 5014 ex-

2252 5058 2615 5128 ploratumque
2656 5064 2739 5111 est
2780 5055 2952 5111 locum
2997 5053 3359 5126 Chrysostomi
3398 5068 3506 5107 non
3549 5053 3688 5107 hunc
3728 5069 3817 5107 se-

2248 5150 2435 5209 cundte
2462 5150 2603 5206 Petri
2632 5150 2947 5205 versiculum
2970 5151 3231 5219 respicere
3249 5189 3265 5214 ,
3297 5147 3389 5202 sed
3419 5147 3567 5200 illum
3593 5147 3817 5200 Prover~

2249 5247 2477 5302 biorum.
2505 5244 2835 5313 Quamquam
2856 5284 2870 5308 ,
2894 5252 2951 5296 ut
2977 5241 3118 5305 dixi,
3150 5240 3249 5295 etsi
3272 5237 3503 5293 secunda
3531 5237 3675 5291 Petri
3696 5237 3816 5306 Epi~

2250 5338 2385 5392 stola
2424 5336 2707 5405 aliquando
2752 5348 2879 5388 usus
2926 5341 3065 5387 esset
3092 5331 3668 5401 Clirysostomus,-non
3698 5326 3819 5380 inde

2253 5439 2425 5484 tamen
2458 5437 2769 5497 sequeretur
2793 5426 2934 5480 illam
2964 5424 3047 5479 vel
3073 5423 3139 5477 ab
3164 5438 3221 5476 se
3241 5422 3323 5476 vel
3351 5420 3419 5473 ab
3447 5418 3681 5474 Ecclesia
3708 5420 3820 5471 An—

2313 5611 2386 5674 (a)
2420 5616 2470 5658 in
2492 5610 2581 5674 bac
2595 5615 2757 5674 nostra
2780 5606 3011 5674 Fditione.
3029 5611 3164 5674 _'_Tom.
3193 5606 3273 5674 lv,_
3289 5598 3486 5674 001.355.
3515 5598 3607 5674 ubi

2252 5658 2456 5733 occurrit
2495 5672 2627 5719 locus
2648 5670 2711 5717 de
2746 5682 2842 5733 quo
2865 5667 2942 5715 hic
2962 5658 3347 5733 agiturtverba,
3382 5670 3610 5733 ticum...
3655 5658 3828 5733 sinatis

2252 5720 2466 5789 esticani,
2494 5742 2609 5788 etc.,
2635 5744 2730 5777 non
2763 5720 2834 5777 'ad
2879 5720 3143 5789 secundam;
3161 5727 3287 5773 Petri
3319 5720 3609 5789 Epistolam,_
3633 5720 3722 5789 sed
3766 5722 3825 5767 ad

2254 5782 2474 5843 Provorb'.
2498 5782 2607 5853 cap.
2628 5791 2704 5847 26,
2731 5805 2777 5840 v.
2800 5792 2875 5850 tl,
2901 5797 2980 5837 PP.
3005 5787 3320 5836 Maurinorum
3344 5782 3560 5835 erm-em
3581 5782 3810 5830 declinat)

2254 5864 2348 5916 tes,
2370 5856 2711 5904 revocavimus.
2912 5857 2967 5898 at.
