4102 6322
411 234 531 292 309

409 350 688 413 tiochcntr,
727 357 789 403 ut
811 347 1118 402 canonicam
1149 345 1430 401 admissam
1461 344 1643 400 misse.
1668 346 1799 401 llinc
1821 361 1978 416 porro

408 440 661 512 liquidum
705 449 795 495 est
830 448 1098 495 auctorem
1123 439 1431 509 Synopseos
1446 454 1564 493 esse
1590 438 1670 493 vel
1696 439 1980 494 Antioche-

407 548 532 586 num
561 531 645 587 vel
672 532 858 599 saltem
888 530 1083 603 Syrum
1109 572 1123 594 ,
1152 539 1308 600 atque
1326 571 1342 596 ,
1366 537 1425 583 ut
1449 528 1549 585 fert
1577 529 1775 592 titulus,
1803 529 1977 601 Chry-

404 634 695 680 sostomum
721 640 737 690 ;
768 624 907 693 quod
938 634 991 679 et
1019 624 1134 677 aliis
1154 621 1464 692 probabitur
1482 622 1824 692 argumentis.

475 718 633 790 Aliud
660 726 1027 790 argumentum
1053 718 1175 772 inde
1203 716 1458 781 sumitur,
1486 716 1624 786 quod
1654 717 1789 771 inter
1812 732 1972 771 cano-

406 811 557 866 nicos
580 784 864 880 Scriptura:
893 811 1057 865 libros
1080 852 1106 875 ,
1123 825 1256 880 quos
1279 810 1422 864 solos
1446 784 1629 863 inline
1649 810 1976 865 Protheorite

405 920 517 958 sua:
542 913 727 958 auctor
756 913 935 958 noster
961 912 1222 967 recenset,
1256 902 1599 972 Apocalypsis
1627 918 1731 955 non
1757 917 1975 972 c0mpa-

407 1004 540 1049 real.
563 993 639 1049 Ne
665 1011 792 1049 vero
820 1002 1031 1065 putetur
1057 1009 1170 1048 eam
1202 995 1347 1063 lapsu
1372 994 1624 1064 graphice
1654 997 1975 1064 praetermis-

406 1101 523 1140 sam
560 1085 752 1150 fuisse,
784 1094 927 1139 vetat
970 1084 1265 1140 scholiasue
1309 1084 1581 1153 cujusdam
1624 1084 1972 1153 notaâ€˜margi-

406 1172 542 1230 nalis
564 1218 579 1241 ,
606 1192 723 1246 qua:
746 1176 823 1230 sic
850 1175 1040 1241 habet,
1068 1174 1205 1228 Nora
1234 1177 1396 1245 ipsum
1419 1192 1519 1229 non
1545 1191 1820 1229 memorare
1841 1176 1975 1244 Apo-

404 1267 652 1337 calypsin.
694 1268 1037 1337 Apocalypsis
1074 1267 1213 1322 enim
1252 1267 1439 1335 priscis
1478 1265 1727 1343 Ecclesia:
1767 1266 1973 1319 saeculis

406 1374 511 1413 non
540 1359 594 1413 in
633 1359 877 1413 omnibus
904 1359 1158 1413 Eeclesiis
1185 1357 1538 1428 recipiebatur
1556 1399 1570 1423 ,
1602 1367 1658 1411 ut
1686 1357 1833 1410 aiunt
1860 1356 1973 1410 Eu-

405 1450 582 1506 sebius
606 1491 621 1516 ,
652 1448 1004 1521 Hieronymus
1041 1449 1107 1504 de
1147 1449 1402 1518 Scriptor.
1439 1449 1640 1503 Eccles.
1667 1465 1682 1514 ;
1712 1447 1975 1517 Nicepho-

404 1556 495 1595 rus
524 1554 650 1594 vero
680 1539 970 1608 patriarcha
1003 1539 1055 1592 in
1083 1539 1338 1609 Catalogo
1363 1554 1459 1593 suo
1479 1580 1493 1603 ,
1523 1555 1677 1608 quem
1707 1539 1973 1594 edidimus

404 1631 461 1685 in
497 1630 819 1685 Bibliotheca
847 1630 1163 1685 Coisliniana
1186 1672 1200 1695 ,
1234 1646 1286 1700 p.
1316 1629 1454 1696 203,
1487 1631 1629 1685 illam
1672 1632 1810 1687 inter
1844 1646 1974 1700 apo-

402 1724 600 1796 crypba
629 1733 905 1788 recenset,
939 1732 995 1777 ut
1020 1732 1075 1777 et
1098 1723 1230 1777 alius
1260 1723 1350 1793 qui
1381 1721 1511 1777 infra
1538 1723 1589 1777 in
1616 1734 1737 1777 nota
1764 1739 1969 1779 memo-

404 1816 603 1870 rabitur
626 1832 639 1867 :
666 1831 849 1869 verum
875 1824 1053 1884 patres
1080 1830 1263 1869 omnes
1292 1815 1539 1885 prmcipui
1566 1858 1580 1884 ,
1612 1817 1931 1872 Athanasius
1951 1861 1967 1885 ,

402 1907 655 1973 Basilius,
684 1906 969 1977 Gregorius
993 1907 1352 1962 Nazianzenus
1372 1950 1387 1974 ,
1418 1916 1661 1978 totusque
1688 1909 1977 1976 Occidens,

402 2007 461 2051 ut
486 1998 770 2068 legitimum
799 1998 1015 2053 Joannis
1044 2000 1264 2068 apostoli
1292 2013 1424 2069 opus
1443 2042 1458 2067 ,
1486 2009 1539 2054 et
1565 2009 1622 2054 ut
1662 2004 1967 2057 canonicam

403 2091 724 2162 Scripturam
749 2092 977 2146 habuere
1002 2110 1015 2146 :
1042 2092 1359 2162 demumque
1381 2108 1476 2163 per
1498 2102 1658 2147 totam
1681 2094 1966 2150 Ecclesiam

403 2194 510 2239 tum
539 2184 772 2239 Grazcam
804 2193 912 2237 tum
942 2182 1180 2237 Latinam
1212 2184 1264 2236 in
1293 2199 1495 2239 canone
1536 2200 1807 2239 sacrorum
1836 2185 1969 2240 divi-

401 2291 690 2347 horumque
716 2276 970 2331 librorum
998 2285 1208 2345 recepta
1245 2284 1344 2332 est.

471 2371 713 2424 Attamen
739 2370 789 2423 in
823 2369 921 2423 hac
946 2369 1172 2440 Synopsi
1202 2370 1546 2441 Apocalypsis
1574 2385 1676 2423 non
1705 2385 1966 2425 memora-

400 2469 517 2527 tur,
548 2470 598 2515 et
627 2468 876 2515 monente
918 2461 1197 2514 scholiasta
1222 2502 1237 2527 ,
1270 2461 1320 2515 id
1352 2477 1454 2514 non
1484 2461 1680 2515 librarii
1709 2461 1837 2515 vitio
1866 2463 1963 2515 tri-

399 2549 657 2605 buendum
686 2557 787 2605 est.
816 2548 966 2605 Unde
992 2551 1225 2619 arguitur
1248 2566 1278 2605 a
1308 2552 1565 2620 scriptore
1609 2552 1723 2619 ipso
1746 2593 1761 2616 ,
1808 2560 1964 2621 atque

398 2651 454 2696 ut
477 2642 595 2697 hinc
624 2642 877 2713 consequi
924 2642 1161 2709 videtur,
1210 2643 1276 2697 ab
1325 2622 1593 2710 Ecclesia,
1648 2644 1799 2713 cujus
1852 2646 1964 2714 ipse

394 2743 505 2788 erat
524 2776 538 2801 ,
570 2734 800 2788 nondum
821 2742 1086 2803 receptam
1116 2732 1276 2789 fuisse
1303 2750 1421 2789 cum
1440 2734 1553 2789 haec
1580 2736 1959 2790 scriberentur.

392 2824 547 2879 Certe
576 2825 803 2879 Joannes
826 2824 1253 2896 Chrysostomus,
1278 2826 1366 2896 qni
1391 2837 1577 2881 auctor
1596 2828 1774 2896 operis
1794 2827 1961 2882 fertur

394 2915 445 2968 in
488 2916 634 2969 titulo
654 2958 675 2980 ,
697 2932 981 2986 numquam
1012 2917 1323 2987 Apocalypsi
1367 2932 1490 2971 usus
1517 2927 1598 2973 est
1626 2921 1676 2972 in
1722 2920 1958 2973 llomiliis

393 3005 615 3075 aliisque
657 3006 802 3061 libris
830 3008 940 3060 suis
960 3047 973 3070 ,
1008 3008 1137 3070 etsi,
1185 3008 1249 3060 ad
1276 3023 1455 3062 mores
1483 3007 1873 3075 informandus,
1906 3013 1957 3064 in

391 3113 498 3166 quo
525 3112 717 3166 genere
743 3099 969 3153 maxime
996 3109 1237 3154 versatur
1261 3111 1472 3156 sanctus
1500 3101 1712 3169 doctor,
1740 3102 1795 3158 in
1817 3103 1959 3173 Apo-

391 3188 592 3259 calypsi
616 3189 775 3243 multa
802 3190 993 3245 idonea
1012 3202 1409 3262 opportunaque
1434 3194 1791 3261 reperiantur,
1822 3209 1959 3263 prm~

388 3282 650 3350 cipueque
674 3282 725 3335 in
754 3283 919 3337 tribus
948 3284 1208 3353 prioribus
1232 3285 1511 3355 capitibus.
1539 3285 1953 3353 Quantamcum-

387 3388 491 3442 que
510 3371 832 3441 diligentiam
852 3372 1200 3437 adhibuerim,
1226 3385 1282 3428 ut
1300 3376 1631 3444 explorarem
1658 3392 1782 3430 num
1806 3377 1957 3445 quid-

387 3464 529 3532 piam
560 3463 612 3515 in
642 3471 782 3516 tanta
826 3478 1038 3533 operum
1068 3466 1207 3519 serie
1236 3465 1300 3519 ad
1330 3466 1682 3538 Apocalypsin
1709 3477 1956 3537 spectans

384 3552 900 3624 deprehenderetur,
950 3556 1078 3609 nihil
1126 3557 1379 3611 hactenus
1429 3558 1621 3626 reperi.
1667 3559 1732 3613 Et
1779 3568 1954 3616 tamen

383 3646 549 3699 multa
576 3657 729 3700 erant
756 3647 807 3700 in
851 3646 1001 3701 libris
1024 3689 1038 3711 ,
1066 3649 1210 3702 verbi
1250 3650 1413 3718 gratia
1436 3691 1451 3717 ,
1493 3648 1561 3704 de
1604 3650 1913 3707 Sacerdotio
1936 3697 1951 3721 ,

378 3754 503 3807 quae
531 3738 595 3792 ad
625 3754 735 3792 rem
762 3739 987 3794 maxime
1016 3741 1259 3794 conferre
1288 3755 1442 3809 posse
1469 3741 1793 3797 videbantur.
1825 3745 1953 3801 Inde

382 3838 555 3884 autem
582 3830 721 3884 aliud
766 3832 1034 3899 exsurgit,
1061 3833 1171 3885 sive
1196 3840 1559 3902 argumentum
1579 3833 1732 3897 ,.sive
1774 3835 1951 3903 conje-

379 3929 547 3985 ctura,
570 3936 671 3989 qua
694 3920 828 3975 hanc
849 3921 1108 3990 Synopsin
1133 3921 1511 3992 Chrysostomo
1536 3938 1775 3980 asserere
1796 3940 1952 3993 posse

380 4012 638 4088 videmur.
657 4013 780 4068 ï¬‚are
795 4024 916 4067 sunt
938 4024 1239 4084 argumenta
1258 4031 1374 4086 qua:
1406 4024 1708 4071 mutuamur
1740 4033 1805 4073 ex
1828 4019 1952 4073 Pro-

381 4102 583 4158 theoria
612 4103 933 4176 Synopseos.

448 4193 507 4247 ln
548 4194 659 4263 ipsa
688 4210 843 4264 porro
869 4195 1091 4266 Synopsi
1129 4196 1227 4250 alia
1258 4198 1421 4251 multa
1452 4208 1603 4267 sunt,
1631 4215 1748 4270 qua:
1778 4199 1950 4272 Chry-

378 4293 667 4339 sostomum
686 4286 799 4356 ejus
819 4300 936 4341 esse
956 4297 1222 4342 auctorem
1242 4290 1483 4359 probent.
1510 4291 1749 4362 Exempli
1767 4308 1944 4361 causa,

378 4374 534 4443 paulo
563 4383 682 4443 post
710 4376 913 4429 initium
955 4376 1226 4450 Geneseos
1245 4422 1259 4443 ,
1294 4378 1381 4434 ubi
1408 4379 1571 4434 Cham
1602 4383 1827 4437 verenda
1856 4400 1948 4455 pa-

377 4467 472 4520 tris
495 4468 574 4521 sui
601 4469 863 4523 revelasse
890 4481 1164 4538 narratur,
1199 4472 1421 4543 ideoque
1445 4483 1497 4529 et
1525 4474 1686 4529 Cham
1716 4486 1769 4532 et
1807 4476 1945 4531 filius

374 4561 490 4628 ejus
512 4560 758 4616 Chanaan
787 4565 1151 4621 maledicitur:
1193 4566 1306 4622 haec
1328 4569 1396 4622 ibi
1420 4569 1666 4637 leguntur
1692 4589 1704 4623 :
1743 4590 1761 4623 Î¹
1793 4572 1944 4626 Post-

373 4667 435 4706 ea
460 4668 583 4707 vero
608 4654 768 4709 Semo
792 4656 1001 4724 quidem
1027 4666 1078 4711 et
1101 4657 1323 4727 Japheto
1348 4660 1650 4729 benedixit;
1680 4663 1943 4717 maledicit

372 4753 545 4798 autem
574 4743 913 4801 Chanaanum
936 4789 949 4812 ,
977 4749 1095 4817 quia
1119 4760 1267 4817 pater
1295 4750 1407 4819 ejus
1428 4752 1593 4805 Cham
1619 4754 1943 4808 revelavemt

372 4835 659 4892 nuditatem
687 4841 871 4907 patris.
912 4841 1205 4895 Maledictio
1246 4851 1420 4895 autem
1451 4843 1535 4896 illa
1577 4855 1818 4898 eventum
1848 4846 1939 4900 ha-

368 4924 484 4982 buit
508 4928 561 4982 in
600 4930 941 4997 Gabaonitis;
985 4933 1090 4986 imo
1119 4934 1292 5002 potius
1330 4935 1505 5003 specie
1533 4936 1741 5004 quidem
1772 4939 1937 4992 male-

366 5018 528 5075 dictio
550 5033 696 5090 erat,
740 5025 831 5078 sed
871 5041 1053 5079 revera
1096 5025 1387 5094 prophetia.
1426 5045 1445 5078 Î¹
1480 5026 1547 5079 Î•Î¹
1571 5026 1684 5081 haec
1707 5038 1788 5082 est
1816 5044 1937 5082 sen-

368 5111 527 5164 tentia
556 5112 932 5183 Chrysostomo
978 5116 1187 5184 propria
1206 5156 1220 5180 ,
1251 5131 1405 5184 quam
1432 5115 1567 5184 apud
1598 5124 1820 5171 exteros
1845 5134 1933 5170 ce-

364 5199 684 5255 clesiasticos
722 5204 1017 5272 Scriptores
1040 5223 1142 5258 non
1171 5206 1386 5260 memini
1414 5222 1496 5259 me
1521 5206 1715 5276 legere,
1744 5224 1934 5276 nempe

363 5292 787 5348 maledictionem
809 5296 1075 5350 Chanaani
1100 5298 1151 5350 in
1177 5297 1483 5351 Gabaonitis
1509 5296 1779 5367 impletam
1807 5298 1932 5353 fuis-

360 5397 438 5436 se.
469 5382 737 5452 lpsissima
758 5425 773 5451 ,
806 5385 1013 5455 inquam
1032 5429 1046 5453 ,
1075 5385 1129 5441 S.
1159 5386 1388 5442 doctoris
1420 5388 1679 5441 sententia
1701 5430 1716 5455 ,
1746 5388 1931 5443 iisdem

359 5482 412 5528 ut
438 5475 723 5543 plurimum
751 5462 926 5530 verbis
955 5492 1228 5545 expressa.
1273 5476 1359 5532 Sic
1388 5478 1526 5532 enim
1556 5476 1714 5533 habet
1740 5479 1793 5532 in
1824 5480 1930 5534 Isa-

358 5567 480 5628 iam,
508 5581 629 5635 cap.
656 5566 713 5629 2,
740 5581 793 5617 Î½.
825 5567 1106 5635 l,hujusce
1128 5568 1277 5623 Tomi
1295 5567 1358 5621 Vl
1385 5569 1487 5623 col.
1518 5568 1588 5623 28
1620 5585 1632 5621 :
1671 5588 1688 5620 á½·
1710 5568 1765 5623 ld
1790 5571 1929 5640 qund

352 5657 511 5714 etiam
539 5658 596 5714 in
620 5656 910 5716 Chanaano
952 5660 1142 5715 factum
1182 5669 1279 5717 est.
1318 5662 1500 5735 Neque
1524 5663 1663 5718 cuitu
1690 5662 1929 5720 videmus

1631 230 1949 287 DIATRIBA
1988 228 2054 285 Î™Î
2091 229 2438 291 SYNOPSIN.

3556 246 3661 303 3l0

2080 346 2229 402 illum
2263 348 2547 405 servivisse
2581 349 2828 406 fratribus
2877 354 3017 413 suis,
3050 370 3221 425 neque
3249 356 3407 411 etiam
3436 358 3648 413 maledi-
3696 339 3725 414 á¼¶

2082 439 2309 494 ctionem
2326 441 2603 505 excidisse,
2620 444 2715 498 sed
2735 445 2783 497 in
2806 444 3112 500 Gabaonitis
3132 465 3197 502 ex
3218 448 3503 503 Chanaano
3518 452 3658 506 ortis

2082 529 2242 584 finem
2264 532 2551 599 accepisse.
2597 532 2729 587 Nam
2777 535 2827 588 id
2874 536 3013 604 quod
3061 536 3334 592 dicebatur
3380 540 3656 608 prophetia

2080 630 2214 689 erat,
2239 622 2620 679 maledictionis
2641 625 2804 680 forma
2825 628 3046 697 prolata.
3077 648 3097 682 â€º
3131 630 3199 685 Et
3228 632 3329 687 hoc
3357 633 3527 702 ipsum
3552 633 3660 688 alio

2080 711 2239 766 modo
2263 712 2388 767 dicit
2415 713 2548 768 infra
2575 715 2625 768 in
2651 715 2877 786 Synopsi
2920 718 3133 774 Josuze:
3167 738 3186 771 Î¹
3224 719 3354 775 Cum
3380 738 3486 777 non
3518 738 3657 794 pos-

2080 812 2199 858 sent
2241 804 2491 861 Israelita:
2536 818 2752 878 prepter
2819 809 2940 864 data
2983 811 3279 879 juramenta
3335 814 3655 873 Gabaonitas

2080 910 2384 966 oppugnare
2406 940 2421 963 ,
2453 914 2635 954 servos
2665 899 2809 969 ipsos
2856 902 3273 969 constituerunt,
3305 906 3555 976 lignarios
3599 919 3671 966 et:

2079 1000 2229 1055 aqua:
2248 988 2468 1058 bajulos.
2498 991 2593 1045 llic
2620 994 2818 1046 exitum
2850 992 3005 1048 habet
3032 996 3305 1063 praedictio
3323 999 3465 1067 Noe,
3494 1017 3658 1071 quam

2079 1077 2249 1133 dixit:
2278 1081 2521 1134 Chanaan
2544 1099 2669 1153 puer
2699 1100 2867 1138 servus
2894 1101 2913 1138 :
2938 1101 3004 1139 ex
3048 1086 3138 1142 illo
3179 1102 3408 1159 namque
3455 1092 3507 1147 hi
3549 1093 3671 1149 orti-

2079 1178 2245 1222 erant.
2284 1189 2304 1222 Î¹
2343 1171 2466 1226 llaec
2503 1187 2631 1226 sane
2651 1190 2755 1229 non
2789 1177 2933 1244 parvi
2956 1179 3210 1233 momenti
3234 1182 3443 1237 erudito
3467 1182 3670 1239 lectori-

2077 1259 2395 1314 videbuntur
2438 1262 2504 1315 ad
2546 1278 2679 1329 Opus
2724 1264 3106 1337 Cbrysostomo
3137 1268 3575 1338 adjudicandum.

2148 1351 2306 1407 Aliud
2333 1364 2728 1422 argumentum,
2755 1371 2854 1411 nec
2872 1372 3002 1413 sane
3029 1359 3224 1422 levius,
3249 1358 3450 1414 eruitur
3469 1378 3530 1415 cx
3558 1379 3652 1417 ea-

2077 1440 2197 1496 dem
2224 1441 2492 1498 Geneseos
2522 1443 2747 1516 Synopsi
2773 1465 2787 1501 :
2820 1449 3040 1503 Assumit
3069 1448 3242 1503 Thura
3270 1460 3411 1520 pater
3438 1453 3659 1508 Abrahar

2077 1533 2212 1601 ï¬lios
2233 1550 2351 1589 suos
2373 1535 2625 1590 Abraham
2653 1547 2700 1591 et
2724 1534 2937 1593 Nachof
2958 1549 3005 1594 et
3024 1552 3252 1610 nepotem
3275 1558 3423 1596 suum
3448 1541 3545 1597 Lat
3564 1585 3579 1610 ,
3606 1554 3653 1598 et

2075 1626 2206 1679 venit
2230 1626 2283 1681 in
2309 1624 2559 1682 Charran.
2588 1628 2712 1684 Haec
2737 1638 2883 1685 certe
2908 1631 3068 1686 lectio
3080 1632 3273 1687 .vitiata
3302 1632 3432 1697 fuit,
3463 1642 3518 1689 et
3545 1634 3651 1689 Na-

2075 1716 2205 1772 chor
2230 1727 2413 1773 contra
2437 1706 2593 1775 fidem
2625 1730 2796 1777 textus
2834 1723 3078 1779 Hebraici
3103 1764 3118 1787 ,
3146 1725 3393 1781 editionis
3420 1726 3564 1782 LXX
3598 1738 3653 1783 ct

2073 1808 2316 1877 vulgatae,
2333 1809 2386 1863 in
2407 1809 2545 1865 hunc
2567 1820 2766 1867 textum
2784 1813 3012 1883 irrepsit.
3030 1814 3175 1869 lianc
3192 1830 3351 1884 porro
3369 1817 3649 1872 lectionem

2074 1914 2333 1970 nusquam
2355 1902 2485 1957 alias
2504 1904 2697 1973 reperi,
2722 1906 2820 1959 nisi
2844 1905 2981 1975 apud
3009 1906 3468 1978 Chrysostomum,
3492 1924 3649 1978 quem

2074 2002 2274 2047 certum
2306 2004 2387 2048 est
2416 1994 2485 2047 ita
2516 1995 2706 2065 legisse
2734 1997 2785 2049 in
2810 1998 3101 2065 exemplari
3127 2012 3224 2052 suo
3252 2015 3265 2053 :
3296 2013 3419 2051 nam
3450 1999 3645 2054 llomil.

2072 2083 2135 2138 51
2162 2085 2216 2139 in
2256 2084 2526 2152 Genesim,
2550 2086 2655 2140 col.
2681 2086 2788 2141 282
2816 2088 2969 2141 Tom.
2990 2089 3024 2142 4
3050 2098 3245 2145 nostrae
3272 2088 3518 2146 editionis
3536 2132 3552 2155 ,
3575 2093 3651 2147 sic

2072 2174 2294 2246 legimus
2311 2175 2406 2231 :Et
2423 2178 2610 2246 accepit
2631 2178 2831 2231 Tharra
2849 2179 3036 2235 Abram
3054 2190 3101 2234 et
3121 2180 3176 2235 Î
3178 2182 3335 2237 acltor
3359 2184 3492 2251 ï¬lios
3511 2200 3647 2251 suos,

2072 2276 2119 2321 et
2135 2266 2232 2320 Lot
2247 2268 2412 2337 ï¬lium
2434 2269 2597 2322 Arran
2616 2270 2712 2338 ï¬lii
2732 2272 2829 2324 sui.
2854 2270 2981 2326 llaâ€˜c
3007 2286 3135 2328 vero
3158 2273 3315 2329 lectio
3331 2276 3408 2329 sic
3429 2275 3651 2330 habetur

2071 2356 2123 2411 in
2151 2359 2397 2415 omnibus
2423 2360 2638 2414 omnino
2666 2375 2784 2415 cum
2816 2361 2986 2415 Editis
3026 2371 3135 2417 tum
3164 2365 3568 2435 manuscriptis,
3597 2376 3650 2422 et

2070 2448 2123 2503 in
2149 2448 2333 2504 eadem
2365 2450 2588 2505 Humilia
2618 2451 2772 2516 infra,
2805 2453 2910 2507 col.
2939 2454 3068 2519 285,
3098 2468 3238 2525 seq.,
3269 2456 3457 2511 eadem
3488 2457 3650 2513 lectio

2069 2538 2151 2593 bis
2185 2543 2442 2611 repetitur
2468 2559 2483 2597 :
2513 2543 2583 2596 ita
2611 2553 2667 2597 ut
2691 2543 2819 2597 nihil
2849 2544 2994 2599 dubii
3020 2545 3238 2601 subesse
3282 2549 3481 2616 possit,
3522 2551 3650 2618 quin

2072 2629 2155 2685 hic
2182 2631 2331 2686 locus
2353 2633 2429 2687 sic
2449 2648 2734 2703 expressus
2760 2635 2922 2691 fuerit
2948 2637 3000 2691 in
3026 2638 3315 2707 exemplari
3346 2654 3451 2710 quo
3476 2642 3649 2711 Chry-

2068 2730 2333 2778 sostomus
2363 2725 2644 2781 utebatur:
2677 2743 2783 2797 quo
2807 2742 2934 2782 usus
2962 2739 3043 2783 est
3065 2729 3225 2783 etiam
3242 2741 3426 2786 auctor
3442 2732 3648 2802 Synop.

2068 2827 2187 2867 seos
2206 2854 2221 2881 ,
2249 2815 2360 2870 sive
2386 2816 2499 2886 ipse
2526 2817 2969 2889 Chrysostomus,
3014 2830 3071 2874 ut
3092 2836 3157 2875 ex
3186 2820 3287 2878 hoc
3312 2831 3366 2877 et
3408 2838 3475 2877 ex
3512 2838 3648 2892 pra:-

2066 2906 2375 2962 cedentibus
2416 2912 2737 2979 argumentis
2766 2912 2977 2981 probari
3012 2912 3243 2967 videtur.

2136 2998 2249 3053 Non
2273 3001 2533 3055 minorem
2571 3003 2992 3071 prmcedentibus
3018 3005 3384 3073 probationem
3411 3006 3653 3061 eruimus

2065 3108 2129 3147 ex
2154 3092 2379 3163 Synopsi
2400 3094 2790 3150 Deuteronomii
2809 3138 2823 3163 ,
2847 3099 2935 3151 ubi
2958 3097 3188 3152 dicitur:
3218 3095 3318 3151 Hic
3336 3099 3476 3168 jacet
3492 3099 3640 3164 illud,

2064 3184 2370 3241 Maledictus
2406 3188 2577 3242 omnis
2609 3189 2695 3260 qui
2727 3189 2997 3259 pendet~in
3028 3191 3188 3261 ligno.
3222 3191 3355 3256 Quia
3383 3207 3501 3262 ergo
3530 3209 3642 3246 ma-

2064 3277 2261 3331 ledictio
2285 3278 2482 3347 prolata
2522 3289 2629 3333 erat
2656 3280 2709 3333 in
2733 3296 2817 3334 eos
2851 3283 2937 3351 qui
2963 3299 3063 3335 non
3088 3282 3402 3337 observarent
3445 3282 3603 3353 legem
3623 3325 3639 3351 ,

2062 3370 2367 3425 Malcdictus
2397 3372 2567 3425 omnis
2593 3372 2681 3441 qui
2711 3388 2817 3426 non
2845 3382 3022 3428 manet
3045 3374 3098 3427 in
3142 3374 3388 3429 omnibus
3429 3375 3642 3443 scriptis

2062 3461 2113 3514 in
2134 3460 2235 3515 hoc
2255 3461 2422 3515 libro:
2451 3461 2513 3515 de
2533 3461 2638 3533 lege
2663 3463 2881 3530 loquitur
2902 3463 3121 3533 Moyses,
3156 3480 3245 3517 nec
3272 3472 3464 3532 poterat
3493 3464 3641 3519 Chri-

2059 3564 2165 3608 stus
2188 3555 2240 3608 in
2264 3554 2394 3608 hanc
2418 3556 2671 3611 incurrere
2708 3556 3106 3610 maledictionem
3126 3572 3145 3611 :
3168 3557 3392 3627 implevit
3419 3575 3651 3627 namque

2060 3646 2237 3718 legem,
2266 3648 2663 3702 maledictionem
2685 3650 3034 3703 maledictione
3059 3652 3378 3705 commutavit
3394 3692 3410 3718 ,
3434 3669 3638 3721 suspen-

2057 3755 2144 3793 sus
2182 3739 2234 3793 in
2272 3740 2427 3809 ligno.
2469 3741 2582 3795 Hoc
2620 3741 2789 3810 ipsum
2834 3742 3075 3811 pluribus
3111 3744 3436 3798 enuntiatum
3473 3745 3636 3801 babes

2057 3831 2452 3886 Commentario
2478 3832 2532 3886 in
2558 3832 2846 3903 Epistolam
2874 3833 2939 3887 ad
2971 3832 3182 3889 Galatas
3205 3874 3219 3898 ,
3250 3836 3419 3905 capite
3444 3837 3478 3891 5
3497 3877 3511 3901 .
3545 3837 3631 3891 ubi

2056 3913 2187 3977 rem'
2206 3922 2441 3993 explicat
2458 3921 2569 3985 ille,
2588 3928 2663 3987 et,
2686 3936 2807 3991 quae
2828 3921 2920 3978 hic
2943 3922 3188 3979 breviter
3204 3924 3420 3990 extulit,
3450 3925 3633 3981 multis

2054 4012 2304 4082 explanat
2339 4014 2535 4069 verbis.
2576 4013 2645 4068 lis
2671 4027 2799 4069 vero
2841 4012 3135 4069 referendis
3173 4012 3442 4069 brevitatis
3469 4030 3629 4071 causa

2054 4103 2394 4172 supersedeo.
2417 4103 2520 4160 Sed
2542 4106 2834 4160 studiosum
2862 4105 3111 4160 lectorem
3134 4104 3317 4160 hortor
3334 4147 3349 4171 ,
3372 4115 3431 4159 ut
3451 4106 3627 4160 locum

2055 4196 2224 4263 ipsum
2254 4197 2439 4262 adeat,
2468 4208 2521 4253 et
2550 4213 2671 4253 meo
2710 4198 2945 4268 periculo
2986 4198 3060 4252 ibi
3100 4197 3536 4266 Chrysostomum
3563 4214 3626 4252 ea

2048 4286 2289 4355 pluribus
2332 4295 2669 4356 narrantem,
2712 4297 2766 4343 et
2808 4287 3050 4343 eumdem
3097 4287 3528 4359 Chrysostomum
3572 4288 3625 4343 in

2054 4376 2153 4432 hac
2182 4378 2405 4448 Synopsi
2434 4380 2703 4447 epitomen
2731 4394 2915 4434 eorum
2945 4378 3279 4433 exhibentem
3311 4383 3621 4449 comperict.

2122 4471 2321 4524 Auctor
2343 4471 2426 4524 hic
2448 4480 2625 4525 noster
2651 4470 3062 4541 Chrysostomus
3086 4472 3281 4539 passim
3303 4485 3421 4525 cum
3448 4471 3625 4526 Iuda:-

2050 4560 2114 4625 is,
2138 4577 2359 4630 quorum
2387 4577 2606 4631 magnus
2632 4561 2926 4615 Antiochiae
2954 4577 3205 4617 numerus
3229 4572 3375 4630 erat,
3397 4577 3622 4618 concer-

2046 4660 2142 4706 tat.
2167 4653 2300 4707 lllud
2324 4654 2492 4720 ipsum
2518 4654 2567 4706 in
2594 4653 2694 4708 hac
2712 4653 2943 4725 Synopsi
2968 4653 3268 4723 frequenter
3287 4654 3619 4720 observatur,

2046 4743 2175 4797 nihil
2202 4744 2446 4798 obstante
2471 4744 2727 4797 brevitate
2746 4785 2760 4809 ,
2790 4758 2947 4812 quam
2975 4743 3057 4798 vel
3083 4758 3152 4797 ex
3184 4744 3301 4814 ipso
3326 4758 3424 4798 suo
3450 4746 3622 4798 nomiv

2046 4851 2111 4889 ne
2132 4836 2386 4906 Synopsis
2404 4837 2584 4905 exigit.
2609 4835 2904 4905 Aliquando
2924 4836 3082 4890 etiam
3104 4837 3218 4891 loca
3246 4836 3443 4891 indicat
3461 4877 3473 4899 ,
3499 4852 3618 4906 qua:

2044 4927 2247 4996 possint
2273 4941 2455 4981 contra
2494 4927 2705 4981 Judazos
2741 4927 3014 4996 usurpari,
3047 4933 3108 4981 ut
3136 4927 3188 4980 in
3214 4926 3440 4997 Synopsi
3463 4926 3616 4981 lere-

2042 5019 2162 5073 miae
2182 5020 2259 5074 sie
2283 5037 2297 5072 :
2334 5038 2352 5068 Î¹
2398 5020 2463 5073 Î•Î¹
2487 5020 2529 5072 si
2557 5018 2749 5072 malum
2773 5020 3023 5081 fecerint,
3054 5033 3159 5071 non
3188 5016 3374 5071 faciam
3404 5032 3501 5086 ego
3522 5017 3616 5069 bo-

2040 5126 2105 5163 na
2155 5128 2271 5180 quae
2314 5111 2579 5180 loquutus.
2606 5125 2721 5166 sum
2762 5119 2825 5164 ut
2857 5111 3083 5164 facerem
3123 5109 3243 5163 illis.
3274 5107 3387 5161 lloe
3432 5116 3612 5161 autem

2040 5217 2098 5255 ca
2108 5212 2197 5271 put
2215 5213 2397 5257 contra
2417 5204 2627 5258 .ludasos
2649 5202 2776 5257 utile
2796 5202 2898 5257 erit
2918 5243 2931 5268 ,
2952 5217 3074 5259 cum
3099 5200 3305 5265 dicent,
3331 5200 3610 5253 Dominum

2040 5294 2165 5363 ipsis
2192 5296 2328 5350 bona
2355 5297 2679 5365 promisisse.
2706 5294 2837 5350 Cum
2863 5295 3004 5348 enim
3030 5308 3135 5346 non
3156 5290 3479 5346 crediderint
3504 5290 3614 5344 Do-

2037 5387 2183 5440 mino
2212 5397 2394 5440 nostro
2421 5387 2543 5441 Jesu
2574 5386 2787 5441 Christo
2809 5426 2825 5450 ,
2861 5385 2960 5450 ipsi
2991 5383 3090 5437 sibi
3123 5381 3249 5451 ipsis
3274 5397 3433 5438 causa
3460 5382 3610 5437 fuere

2037 5479 2373 5547 praesentium
2413 5480 2691 5533 malorum.
2734 5496 2753 5527 Î¹

2104 5567 2465 5638 Chrysostomi
2503 5584 2694 5637 scnpus
2720 5576 2799 5622 est
2840 5565 3019 5618 multis
3046 5565 3098 5618 in
3138 5563 3268 5617 locis
3290 5605 3303 5628 ,
3331 5573 3385 5619 et
3411 5566 3607 5621 Iudaeis

2034 5672 2092 5719 et
2115 5660 2423 5719 Christianis
2461 5661 2719 5731 probare,
2765 5666 3029 5731 praecepta
3073 5654 3375 5725 huiusmodi
3420 5658 3620 5729 legalia.
