4102 6322
532 396 630 454 3H

529 529 636 568 non
676 512 836 566 fuisse
861 518 1004 565 tanta
1031 508 1281 579 religione
1310 503 1585 560 servanda.
1617 503 1750 571 Quin
1779 503 1935 556 etiam
1965 516 2088 553 san-

528 613 643 658 ctos
673 603 815 657 viros
843 602 895 655 in
928 601 1101 656 Veteri
1129 599 1466 653 Testamento
1499 595 1582 648 illa
1613 593 1768 648 facile
1796 601 2090 660 transgres-

531 711 618 748 sos
649 708 796 757 esse,
839 692 1084 762 quoniam
1115 705 1174 744 ea
1197 730 1212 756 ,
1243 704 1360 757 qua:
1386 686 1450 741 ad
1482 687 1636 739 ritum
1667 684 1967 752 cultumque
1995 697 2091 735 ex-

528 785 786 843 teriorem
817 782 1167 853 pertinebant,
1188 794 1292 833 non
1319 792 1436 832 esse
1479 777 1605 830 tanti
1632 773 1904 835 momenti,
1929 781 1983 827 et
2009 771 2089 824 fa-

526 878 632 930 cile
652 890 804 945 posse
816 873 1144 944 przetermitti
1163 871 1396 941 putabat.
1413 868 1500 924 Sic
1524 869 1574 922 in
1589 869 1772 922 Isaiam
1790 879 1966 935 supra,
1984 865 2089 918 col.

535 966 601 1021 19
628 971 646 1035 (
671 982 698 1019 a
717 965 916 1021 Grazcis
940 963 1226 1019 referendis
1253 961 1522 1015 brevitatis
1545 974 1700 1013 causa
1727 956 2044 1028 supersedeo
2072 954 2093 1022 )

463 1092 472 1100 -
540 1059 763 1128 legimus
788 1076 800 1110 :
830 1056 1137 1110 Ilolocansta
1177 1055 1389 1107 arietum
1430 1062 1476 1106 et
1519 1051 1717 1119 adipem
1762 1065 2007 1119 agnorum
2047 1057 2094 1100 et

534 1151 826 1219 sanguinem
868 1159 1124 1200 taurorum
1165 1154 1208 1198 et
1261 1145 1512 1196 hircorum
1553 1142 1688 1194 nolo.
1732 1139 1787 1193 In
1825 1140 1936 1191 lucc
1968 1152 2092 1190 ver-

539 1240 602 1292 ba
638 1236 1044 1308 Chrysostomus
1074 1236 1144 1289 ita
1183 1234 1448 1304 loquitur:
1497 1250 1515 1283 ι
1550 1231 1678 1284 Nam
1709 1231 1828 1298 quia
1866 1227 2094 1282 accusati

535 1329 839 1399 frequenter
857 1369 872 1392 ,
898 1325 1038 1397 quod
1061 1325 1266 1380 caeteris
1290 1322 1570 1377 virtutibus
1592 1322 1741 1375 vacui
1767 1329 1970 1383 essent,
2000 1332 2094 1387 pro

535 1421 763 1476 maxima
816 1417 1122 1474 defensione
1164 1415 1416 1470 sacrificia
1457 1411 1841 1475 obtendebant,
1885 1418 1942 1462 ut
1978 1424 2096 1478 qua:

535 1516 839 1582 frequenter
879 1510 1276 1580 persolvebant,
1325 1507 1516 1561 merito
1543 1517 1760 1573 uterque
1800 1502 2053 1573 prOpIteta
2079 1542 2092 1566 ,

536 1603 643 1656 imo
672 1601 843 1670 potius
867 1601 1042 1654 ceteri
1080 1613 1263 1652 omnes
1289 1597 1354 1650 ab
1393 1595 1490 1650 hac
1531 1594 1832 1648 defensione
1861 1593 1977 1645 illos
2003 1607 2095 1645 ex-

537 1695 770 1748 turbant.
803 1691 953 1748 Unde
982 1691 1190 1760 planum
1217 1697 1298 1743 est
1323 1702 1384 1741 ea
1412 1701 1516 1740 non
1543 1701 1660 1740 esse
1691 1700 1785 1754 per
1812 1698 1868 1736 se
1906 1681 2096 1751 prreci-

538 1802 641 1854 pue
669 1786 948 1840 constituta
969 1824 983 1849 ,
1007 1781 1099 1836 sed
1126 1790 1181 1834 ut
1205 1780 1269 1834 ad
1298 1788 1498 1833 rectum
1527 1778 1645 1830 vita:
1677 1777 1966 1828 institutum
1995 1788 2098 1827 cae-

539 1887 783 1946 terasque
820 1876 1037 1928 virtutes
1065 1872 1184 1925 illos
1213 1870 1553 1924 deducerent.
1589 1887 1606 1918 ›
1645 1865 1979 1934 Expositione
2007 1878 2099 1916 au-

540 1978 646 2022 tem
677 1968 730 2020 in
759 1966 1011 2035 psalmum
1039 1964 1127 2028 43,
1160 1963 1308 2016 Tom.
1339 1961 1402 2026 V,
1426 1960 1528 2014 col.
1559 1959 1658 2012 167
1686 1974 1817 2026 sqq,
1851 1964 1990 2008 totus
2019 1961 2101 2006 est

539 2073 602 2112 ea
630 2057 680 2110 in
709 2072 766 2110 re
792 2055 1076 2124 probanda,
1095 2053 1325 2121 dicitque
1347 2057 1662 2120 prmccptum
1691 2049 1756 2101 de
1782 2046 1999 2100 sabbato
2015 2059 2101 2097 so-

542 2149 706 2204 lutum
729 2147 906 2211 fuisse,
924 2163 1043 2200 cum
1060 2146 1281 2216 populus
1305 2159 1397 2213 per
1416 2151 1614 2212 septem
1631 2139 1741 2194 dies
1755 2149 1988 2194 armatus
2004 2136 2102 2191 sub

540 2238 698 2293 Josue
723 2238 852 2301 fuit;
881 2252 1000 2290 nam
1023 2244 1226 2304 septem
1253 2233 1488 2288 continui
1518 2232 1629 2286 dies
1660 2229 1958 2284 necessario
1983 2227 2101 2281 sab-

543 2330 724 2385 batum
754 2327 1043 2382 includunt.
1072 2326 1196 2380 Haec
1221 2323 1509 2394 smpissime
1530 2322 1768 2376 decantat
1786 2319 2104 2390 Chrysosto-

545 2435 684 2474 mus.
722 2418 776 2472 ln
811 2417 1039 2489 Synopsi
1079 2422 1254 2469 autem
1284 2413 1400 2468 libri
1432 2413 1590 2467 losue
1620 2411 1746 2464 infra
1778 2411 1855 2464 sic
1879 2408 2105 2463 dilucide

546 2511 780 2580 loquitur
804 2527 817 2562 :
843 2507 1021 2563 «Tunc
1041 2506 1194 2561 Jesus
1221 2505 1402 2559 cultris
1429 2503 1644 2572 lapideis
1661 2499 1987 2555 circumcidit
2012 2499 2105 2554 Ju-

543 2601 722 2656 dteos:
754 2599 874 2670 quia
895 2598 1230 2668 quadraginta
1253 2595 1403 2648 annis
1425 2604 1661 2649 versatus
1680 2591 1850 2646 fuerat
1870 2591 2030 2646 Israel
2051 2591 2104 2645 in

547 2695 797 2749 deserto:
831 2692 1052 2760 ideoque
1095 2689 1246 2743 multi
1292 2702 1474 2742 eorum
1500 2685 1810 2740 bellatorum
1831 2725 1846 2748 ,
1877 2683 1965 2753 qui
2007 2681 2108 2735 ob-

541 2780 742 2846 ierant,
757 2778 1126 2836 incircumcisi
1143 2783 1316 2831 erant.
1330 2771 1438 2825 Pro
1456 2775 1556 2828 illis
1579 2773 1848 2829 substituit
1873 2773 2013 2827 Deus
2039 2771 2102 2825 fi-

546 2874 645 2927 lios
671 2886 853 2926 eorum
873 2911 888 2936 ,
921 2884 1051 2940 quos
1077 2867 1230 2923 Jesus
1254 2864 1581 2920 circumcidit
1604 2881 1616 2917 :
1647 2863 1786 2934 quod
1814 2863 1912 2933 ipsi
1942 2862 2105 2917 incir-

547 2965 764 3021 cumcisi
793 2962 1110 3018 mansissent
1125 2962 1175 3015 in
1195 2960 1296 3013 via.
1321 2959 1468 3012 Tunc
1497 2957 1620 3012 fecit
1645 2956 1843 3010 Pascha
1872 2963 1998 3010 :eta
2021 2955 2107 3010 die

544 3072 647 3128 qua
663 3054 1004 3112 comederunt
1018 3065 1199 3123 azyma
1214 3067 1278 3106 ex
1297 3050 1556 3103 frumento
1572 3056 1724 3102 terrae
1743 3048 1899 3113 illius,
1917 3046 2108 3102 defecit

545 3162 757 3203 manna.
779 3145 998 3201 Jubetnr
1015 3143 1170 3199 Jesus
1193 3142 1396 3196 solvere
1414 3140 1827 3195 calceamentum
1849 3153 2026 3203 suum,
2051 3145 2106 3192 et

545 3239 770 3296 circuire
793 3237 1005 3293 Jericlto
1029 3251 1147 3290 cum
1167 3234 1302 3290 tubis
1313 3241 1500 3288 etarca
1520 3241 1721 3301 septem
1751 3231 1936 3286 diebus
1960 3248 1971 3282 :
2001 3247 2106 3300 quo

544 3338 760 3397 peracto
779 3343 876 3398 per
899 3342 958 3382 se
986 3327 1118 3380 muri
1137 3323 1459 3379 ceciderunt.
1486 3321 1812 3376 Manifestum
1839 3321 2010 3390 itaque
2025 3329 2109 3374 est

541 3423 650 3494 jam
674 3429 795 3474 tunc
821 3427 1048 3486 coeptum
1077 3430 1194 3471 esse
1219 3414 1356 3468 solvi
1393 3412 1668 3467 sabbatum
1694 3429 1707 3464 :
1741 3411 2107 3480 undecumque

545 3512 749 3569 initium
763 3510 889 3580 quis
905 3510 1100 3572 ducat,
1130 3519 1345 3560 necesse
1380 3513 1462 3558 est
1499 3503 1771 3558 sabbatum
1802 3501 2034 3556 incidere
2055 3502 2106 3554 in

546 3617 747 3676 septem
789 3605 906 3660 illos
929 3605 1061 3659 dies.
1102 3622 1120 3655 ι
1153 3598 1347 3658 Statuit
1373 3611 1498 3667 ergo
1521 3595 1926 3667 Chrysostomus
1974 3609 2109 3664 prae-

547 3707 697 3766 cepta
720 3696 805 3750 illa
829 3696 896 3751 ad
919 3695 1234 3750 exteriorem
1257 3692 1453 3748 cultum
1478 3688 1790 3760 pertinentia
1810 3728 1824 3751 ,
1850 3702 1952 3740 non
1980 3685 2106 3740 fuis-

548 3802 606 3842 se
632 3789 766 3842 vela
802 3787 997 3841 sanctis
1026 3786 1149 3839 viris
1179 3793 1320 3838 tanta
1357 3783 1611 3852 religione
1651 3788 1892 3843 servata,
1923 3786 1978 3831 ut
2005 3777 2110 3831 cir-

549 3881 801 3934 cumcisio
829 3889 883 3933 et
909 3878 1201 3932 sabbatum.
1232 3875 1284 3929 In
1307 3877 1396 3930 his
1418 3875 1594 3944 utique
1621 3889 1726 3928 non
1765 3875 1922 3928 alium
1950 3885 2106 3942 quam

548 3973 980 4043 Chrysostomum
1021 3984 1305 4040 agnoscere
1334 3983 1545 4037 possum
1569 3985 1582 4032 ;
1610 3967 1734 4037 quid
1764 3983 1888 4022 vero
1914 3967 1957 4020 si
1986 3979 2107 4022 cum

549 4073 628 4117 tot
654 4064 770 4116 aliis
799 4063 1119 4131 argumentis
1148 4062 1246 4114 hoc
1269 4061 1426 4113 etiam
1468 4059 1758 4128 adiungas?
1805 4059 1941 4112 Alibi
1968 4073 2103 4128 quo-

549 4169 654 4222 que
683 4153 733 4207 in
750 4154 853 4207 hac
872 4149 1107 4222 SynOpsi
1126 4151 1237 4204 loca
1259 4150 1489 4219 reperias
1509 4190 1523 4215 ,
1548 4149 1633 4202 ubi
1655 4150 1878 4217 scriptor
1898 4164 1958 4204 se
1985 4163 2105 4203 cum

547 4244 743 4299 Judaeis
771 4259 912 4312 srrpe
940 4257 1152 4296 manum
1181 4255 1460 4296 conserere
1488 4240 1799 4294 subindieat.

620 4336 816 4389 Praeter
846 4337 956 4389 lucc
981 4341 1288 4405 argumenta
1309 4373 1322 4396 ,
1351 4349 1467 4402 quae
1494 4347 1618 4386 sane
1643 4331 1959 4386 validissima
1990 4347 2108 4387 esse

551 4443 706 4482 nemo
731 4443 758 4480 a
787 4427 1122 4496 przejndicata
1162 4426 1410 4495 opinione
1438 4425 1571 4478 liber
1597 4439 1698 4478 non
1726 4423 1976 4487 fateatur,
2005 4425 2107 4478 alia

551 4519 688 4571 forte
716 4518 915 4570 minora
934 4557 949 4581 ,
979 4516 1071 4571 sed
1097 4531 1212 4585 qua:
1237 4515 1304 4570 ob
1343 4515 1683 4583 frequentiam
1707 4556 1721 4581 ,
1749 4524 1800 4568 et
1827 4515 2101 4584 repetitam

553 4609 798 4678 loquendi
844 4609 1200 4679 probandique
1242 4608 1636 4663 similitudinem
1670 4623 1764 4676 pro
1791 4607 2108 4676 Chrysosto-

553 4715 642 4752 mo
673 4708 936 4768 pugnent,
969 4699 1052 4753 hic
1076 4713 1363 4768 congerere
1389 4698 1596 4752 animus
1620 4708 1719 4751 est.
1759 4696 1908 4750 Initio
1935 4696 2108 4766 Syno-

556 4793 662 4861 psis
689 4791 953 4846 Geneseos
981 4789 1135 4855 dicit,
1165 4790 1301 4844 ﬁlios
1327 4790 1418 4844 Dei
1445 4789 1496 4844 in
1522 4788 1714 4845 Genesi
1744 4787 1844 4842 dici
1869 4802 1992 4853 eos,
2020 4789 2109 4857 qui

553 4901 581 4937 a
611 4884 774 4940 Setho
799 4886 899 4938 orti
926 4891 1110 4948 erant,
1139 4893 1192 4937 et
1213 4883 1349 4937 hunc
1374 4883 1546 4936 locum
1575 4882 1765 4938 Psalmi
1788 4881 1966 4944 alTert,
2001 4879 2111 4950 Ego

552 4976 659 5028 dixi
676 5018 689 5036 ,
720 4975 790 5028 dii
817 4974 951 5028 estis.
982 4972 1210 5042 ldipsum
1235 4988 1362 5028 vero
1386 4973 1618 5042 pluribus
1642 4971 1768 5026 dicit
1799 4970 2018 5024 Homilia
2043 4970 2113 5024 22

551 5067 605 5121 in
637 5066 917 5132 Genesim,
950 5064 1105 5117 allato
1134 5063 1320 5118 eodem
1365 5063 1558 5117 Psalmi
1604 5061 1738 5115 loco.
1784 5060 1861 5114 Ex
1905 5060 2113 5114 Hebero

554 5155 866 5210 Heliraicam
893 5155 1120 5224 linguam
1148 5168 1337 5206 nomen
1367 5151 1629 5221 accepisse
1656 5151 1783 5205 dicit
1810 5149 1894 5204 hic
1925 5150 2111 5204 eodem

510 5277 522 5322 -_
555 5247 664 5300 fere
689 5245 861 5310 modo,
883 5259 987 5313 quo
1019 5244 1068 5296 in
1096 5241 1363 5305 Genesim,
1390 5243 1539 5295 Tom.
1566 5241 1652 5307 IV,
1684 5242 1786 5295 col.
1815 5241 1938 5295 279.
1963 5241 2113 5308 Quod

554 5336 618 5390 ad
636 5335 864 5390 decimas
876 5343 1076 5404 spectat
1091 5347 1219 5402 quas
1235 5332 1420 5386 obtulit
1435 5331 1694 5385 Abraham
1713 5331 2112 5397 Melcltisedeco,

509 5451 528 5509 λ,
557 5426 740 5481 eadem
773 5427 980 5480 brevius
1007 5426 1091 5478 hic
1119 5424 1246 5478 dicit
1273 5439 1390 5492 qua:
1419 5424 1470 5477 in
1507 5423 1899 5477 Commentario
1936 5425 1987 5478 in
2014 5424 2116 5480 Ce-

519 5547 531 5580 ι
559 5517 725 5569 nesim
746 5557 763 5582 ,
789 5516 893 5571 col.
916 5515 1038 5578 527,
1062 5513 1184 5578 528,
1213 5513 1398 5567 eodem
1427 5513 1584 5567 allato
1612 5513 1670 5566 Β.
1702 5513 1846 5568 Pauli
1877 5514 2010 5566 loco.
2045 5514 2116 5567 De

529 5609 764 5662 «ﬁliabus
783 5607 882 5661 Lot
903 5607 1038 5661 idem
1062 5607 1145 5660 hic
1165 5605 1496 5675 paucioribus
1524 5604 1649 5658 dicit
1674 5645 1688 5670 ,
1717 5604 1854 5672 quod
1881 5605 2116 5673 pluribus

478 5765 488 5776 .
527 5695 741 5793 gnarrat
766 5701 820 5755 in
847 5697 1091 5752 Genesim
1115 5737 1130 5760 ,
1159 5696 1260 5750 col.
1308 5694 1568 5750 410412.
1612 5693 1736 5746 Item
1764 5694 1830 5748 de
1859 5695 2116 5748 sacrificio

475 5784 489 5805 ³
533 5783 782 5843 'Abralm
813 5788 1126 5858 compendio
1151 5795 1328 5843 narrat
1359 5801 1418 5844 ea
1439 5829 1454 5856 ,
1483 5801 1600 5856 quae
1639 5783 1751 5841 fuse
1793 5785 2018 5855 explicat
2061 5783 2110 5836 in

1719 382 2033 440 DIATRIBA
2079 380 2140 434 IN
2181 379 2532 435 SYNOPSIN.

3659 369 3761 426 312

2197 494 2465 560 Genesim,
2501 494 2606 548 col.
2636 494 2758 548 431.
2799 492 3113 560 Allegoriam
3155 490 3219 544 de
3267 488 3535 543 Natalibns
3567 487 3764 543 Phares

2197 597 2251 642 et
2277 587 2422 640 Zara:
2445 586 2627 639 eodem
2653 583 2808 638 modo
2831 583 2916 636 hic
2936 583 3161 650 explicat
3183 591 3337 649 atque
3370 579 3766 632 Commentario

2198 679 2248 732 in
2297 678 2562 738 Genesim,
2618 675 2718 728 col.
2774 674 2913 738 554,
2967 673 3094 728 5⁸55.
3143 671 3196 725 ld
3239 670 3378 740 quod
3425 671 3564 723 circa
3607 669 3763 723 linem

2198 777 2450 848 Synopsis
2472 777 2738 832 Geneseos
2767 772 2892 826 dicit
2918 769 3164 824 Sicimam
3197 783 3225 820 a
3258 768 3521 835 Symeone
3557 774 3609 819 ct
3642 765 3762 819 Levi

2197 876 2399 936 captam
2422 866 2583 922 fuisse
2603 907 2616 931 ,
2646 865 2869 934 idipsum
2910 869 3087 914 narrat
3127 858 3366 926 pluribus
3394 857 3683 911 llomil..59
3711 857 3761 909 in

2196 953 2462 1016 Gen.,col.
2495 953 2618 1019 516,
2660 955 2781 1008 517.
2814 954 2937 1009 llmc
2964 969 3121 1022 porro
3143 952 3298 1006 lectio
3326 951 3511 1020 capitis
3537 949 3604 1002 49
3625 991 3638 1013 ,
3675 949 3760 1014 l0,

2197 1062 2313 1116 qua:
2339 1048 2391 1100 in
2420 1045 2643 1118 Synopsi
2672 1046 2748 1100 sic
2775 1046 2929 1100 habet
2953 1087 2967 1111 ,
2997 1047 3150 1098 donec
3180 1045 3339 1097 veniat
3379 1043 3420 1096 is
3461 1042 3539 1094 cui
3566 1041 3762 1108 reposi-

2199 1148 2301 1192 tum
2322 1148 2420 1201 est,
2453 1153 2663 1205 semper
2690 1138 2765 1192 sic
2789 1137 3004 1192 effertur
3031 1152 3058 1187 a
3087 1136 3501 1205 Cltrysostomo;
3529 1131 3616 1184 alii
3640 1145 3764 1182 vero

2197 1232 2481 1299 scriptores
2502 1231 2733 1283 variant:
2759 1244 2877 1282 nam
2901 1227 3111 1296 quidam
3131 1227 3229 1279 hoc
3245 1226 3358 1293 ipso
3377 1223 3530 1276 modo
3555 1223 3761 1290 lcgnnt;

2198 1323 2287 1378 alii
2307 1339 2451 1387 vero,
2472 1323 2625 1375 donec
2643 1322 2836 1375 veniant
2862 1336 2971 1390 qua:
2994 1320 3068 1372 illi
3085 1319 3302 1386 reposita
3327 1325 3457 1368 sunt.
3479 1314 3531 1368 In
3558 1314 3760 1374 Exodo,

2199 1413 2337 1482 quod
2363 1413 2551 1467 dicitur
2577 1412 2626 1465 in
2655 1410 2900 1482 SynOpsi,
2922 1424 3107 1464 manus
3124 1409 3317 1479 Moysis
3347 1415 3622 1468 extensas,
3647 1421 3764 1472 qua:

2199 1505 2470 1558 victoriam
2515 1503 2764 1557 lsraelitis
2791 1508 3126 1571 pepererunt,
3151 1499 3369 1568 ﬁguram
3391 1497 3561 1550 crucis
3584 1495 3762 1559 fuisse,

2203 1595 2301 1650 hoc
2322 1598 2488 1664 ipsum
2521 1595 2679 1648 refert
2703 1593 3132 1661 Chrysostomus,
3167 1590 3360 1643 Homil.
3393 1589 3443 1641 in
3463 1587 3589 1641 illud
3617 1605 3627 1638 :
3663 1586 3763 1638 Pa-

2202 1699 2304 1752 ter,
2331 1689 2375 1740 si
2404 1688 2635 1757 possibile
2663 1695 2765 1750 est,
2803 1685 2953 1738 Tom.
2998 1683 3082 1748 III,
3111 1681 3214 1734 col.
3239 1679 3324 1734 56.

2274 1779 2420 1831 Dicet
2445 1776 2670 1830 fortasse
2709 1776 2968 1844 quispiam
3003 1792 3017 1828 :
3050 1773 3106 1826 Si
3133 1772 3247 1826 lucc
3287 1769 3540 1840 Synopsis
3577 1769 3762 1838 genui-

2203 1885 2327 1922 num
2353 1869 2422 1922 sit
2443 1867 2809 1939 Chrysostomi
2837 1881 2991 1934 Opus,
3023 1879 3115 1917 cur
3142 1879 3170 1915 a
3205 1863 3436 1926 nemine,
3477 1861 3614 1930 quod
3647 1862 3766 1929 qui-

2203 1962 2333 2016 dem.
2368 1962 2632 2024 sciamus,
2685 1967 2974 2014 memorata
3034 1956 3147 2010 est?
3192 1971 3285 2009 cur
3333 1955 3532 2007 tantum
3573 1953 3636 2007 de
3678 1953 3768 2005 illo

2204 2069 2364 2123 opere
2413 2051 2549 2120 apud
2600 2065 2785 2106 omnes
2830 2047 3230 2103 Ecclesiasticos
3276 2047 3561 2114 scriptores
3605 2046 3765 2098 silen-

2206 2145 2370 2197 tium?
2402 2143 2594 2197 Verum
2629 2157 2731 2195 non
2762 2152 2843 2195 est
2863 2139 3001 2210 quod
3029 2149 3242 2208 stupeas
3265 2137 3330 2192 de
3359 2148 3502 2190 tanto
3530 2137 3764 2196 silentio,

2204 2235 2413 2306 quando
2439 2251 2504 2289 ne
2543 2235 2797 2289 decimam
2841 2232 3054 2302 quidem
3092 2239 3291 2300 partem
3341 2244 3558 2298 operum
3602 2228 3768 2299 Chry-

2205 2326 2446 2390 sostomi,
2478 2341 2593 2394 quae
2627 2339 2764 2378 nunc
2793 2332 3018 2389 exstant,
3042 2338 3070 2374 a
3089 2322 3278 2376 Photio
3304 2323 3613 2388 caeterisque
3641 2321 3770 2374 scri-

2209 2415 2449 2485 ptoribus
2477 2423 2821 2469 memoratam
2843 2412 3231 2481 comperimus;
3255 2411 3319 2465 de
3345 2410 3425 2463 his
3452 2421 3628 2464 autem
3649 2426 3769 2480 ope.

2207 2507 2350 2561 ribus
2375 2506 2579 2575 loquor,
2595 2522 2711 2575 quae
2738 2521 2983 2574 germana
3013 2519 3132 2558 esse
3159 2503 3297 2573 apud
3323 2502 3560 2557 entditos
3586 2518 3770 2557 omnes

2207 2597 2261 2653 in
2287 2598 2530 2653 confesso
2576 2607 2676 2652 est.
2704 2597 2884 2666 Neque
2919 2605 3002 2651 est
3025 2596 3166 2664 quod
3216 2595 3470 2649 miremur
3513 2595 3613 2650 hoc
3638 2611 3769 2665 Opus

2208 2689 2341 2744 adeo
2369 2690 2664 2758 neglectum
2699 2687 2880 2754 fuisse,
2914 2699 2970 2740 ut
2994 2688 3107 2757 ejus
3141 2702 3263 2755 pars
3292 2687 3518 2740 maxima
3564 2686 3771 2740 excide-

2207 2781 2304 2844 rit,
2355 2797 2419 2835 ex
2466 2779 2640 2834 Veteri
2685 2795 2872 2849 nempe
2915 2779 3255 2834 Testamento
3301 2779 3539 2847 quzedam
3586 2789 3638 2833 et
3683 2780 3768 2834 illa

2210 2873 2386 2928 omnia
2417 2888 2532 2942 qua:
2559 2873 2623 2927 ad
2648 2873 2850 2926 Novum
2879 2871 3554 2946 pertinebant.ll_ujnsmodi
3574 2871 3768 2941 quippe

2208 2967 2415 3035 generis
2436 2966 2628 3034 scripta
2645 2964 2812 3020 Grmci
2837 2963 3117 3018 admodum
3136 2963 3488 3032 negligebant,
3526 2962 3769 3017 homilias

2210 3070 2340 3109 vero
2370 3065 2476 3109 tum
2508 3070 2677 3122 veras,
2702 3064 2810 3110 tum
2839 3056 3063 3125 spurias,
3083 3053 3422 3108 libentissime
3449 3054 3767 3109 scribebant.

2207 3145 2337 3200 Nam
2387 3158 2662 3216 utrumque
2704 3147 3097 3201 Testamentum
3145 3145 3274 3199 sica
3300 3144 3674 3216 Cltrysostomo
3715 3148 3768 3202 in

2208 3240 2574 3307 compendium
2623 3239 2891 3294 redactum
2931 3238 3092 3293 fuisse
3129 3239 3281 3294 docet
3307 3237 3613 3293 PrOtheoria
3657 3239 3766 3305 illa,

2208 3345 2364 3398 quam
2396 3330 2538 3382 solus
2563 3329 2719 3383 habet
2748 3328 2922 3384 Codex
2953 3330 3317 3386 Coislinianus.
3355 3332 3410 3386 Si
3433 3331 3562 3385 Novi
3588 3329 3770 3384 Testa-

2210 3422 2375 3474 menti
2401 3419 2655 3491 Synopsis
2697 3432 3016 3489 superesset,
3051 3423 3212 3476 multa
3238 3423 3373 3477 haud
3404 3423 3562 3477 dubie
3584 3422 3768 3491 depre-

2211 3511 2583 3575 hcnderetnus,
2618 3529 2735 3581 quae
2759 3512 2950 3566 Joanni
2993 3513 3374 3583 Cltrysostotno
3415 3524 3577 3567 totam
3603 3513 3770 3583 Syno-

2211 3604 2326 3674 psin
2355 3614 2672 3658 assererent.
2719 3603 2849 3658 Nam
2871 3613 3117 3673 quantam
3150 3615 3302 3674 putas
3327 3605 3645 3674 diligentiam
3677 3603 3770 3656 ad-

2211 3694 2444 3748 hibuisse
2494 3695 2636 3748 illum
2683 3695 2734 3748 in
2782 3695 3085 3761 tractandis,
3123 3706 3279 3765 atque
3321 3697 3372 3749 in
3400 3695 3765 3764 compendium

2211 3785 2509 3854 redigendis
2543 3785 2602 3838 Β.
2638 3785 2783 3839 Pauli
2827 3787 3105 3853 Epistolis?
3146 3789 3311 3853 Quam
3340 3788 3621 3856 Scriptura:
3651 3802 3769 3855 par-

2213 3887 2317 3933 tem
2343 3889 2393 3932 et
2423 3879 2743 3948 frequentius
2781 3879 3037 3942 adhibuit,
3064 3889 3112 3933 et
3143 3881 3290 3949 quasi
3323 3882 3633 3948 prmcipuam
3652 3879 3768 3931 ubi-

2210 3986 2313 4040 que
2342 3972 2656 4035 celebravit;
2685 3971 2727 4024 si
2757 3980 2928 4024 tamen
2960 3970 3083 4039 quid
3117 3971 3437 4039 prmcipuum
3475 3970 3574 4023 dici
3609 3971 3768 4038 possit

2212 4063 2262 4115 in
2293 4062 2375 4128 iis,
2407 4077 2523 4128 qua:
2564 4061 2786 4130 primum
2822 4070 3089 4114 auctorem
3122 4060 3374 4129 Spiritum
3419 4069 3654 4113 sanctum
3677 4058 3769 4111 lta-

2210 4153 2356 4210 bent.
2389 4154 2507 4207 Illas
2531 4162 2673 4208 certe
2701 4154 2960 4222 Epistolas
2986 4153 3118 4208 adeo
3146 4157 3196 4207 in
3224 4163 3418 4219 mente,
3444 4154 3492 4205 in
3518 4153 3767 4208 memoria

2212 4246 2478 4306 versabat.
2511 4254 2565 4300 nt
2592 4260 2684 4302 eas
2711 4246 2900 4318 ubique
2926 4257 2977 4301 et
3003 4246 3184 4317 quavis
3216 4247 3427 4301 minima
3466 4245 3584 4301 data
3613 4260 3769 4301 occa-

2211 4338 2360 4392 sione
2403 4337 2677 4392 adhiberet
2706 4338 2756 4393 in
2791 4338 3019 4392 ltomiliis
3045 4338 3096 4391 in
3133 4338 3354 4408 aliisque
3393 4337 3636 4406 operibus
3680 4351 3774 4390 cu-

2207 4430 2372 4500 jusvis
2412 4433 2638 4500 generis.
2684 4431 2808 4488 Inde
2851 4441 2963 4498 est,
3002 4431 3135 4485 utin
3168 4430 3759 4503 SynopsiPcntatcnclti

2212 4537 2352 4591 saepe
2371 4523 2589 4575 Paulum
2605 4523 2786 4578 videas
2805 4523 2854 4576 in
2874 4521 3103 4576 medium
3124 4519 3332 4586 adduci,
3355 4521 3404 4572 in
3436 4518 3499 4572 iis
3523 4517 3768 4570 nimirum

2215 4613 2556 4667 Pentateuclti
2596 4613 2744 4678 locis,
2771 4630 2886 4682 quae
2911 4613 3102 4667 Paulus
3131 4612 3183 4664 in
3215 4611 3461 4680 Epistolis
3487 4609 3597 4663 suis
3616 4607 3769 4661 adhi-

2215 4703 2416 4758 buerat.
2453 4703 2708 4772 Quodque
2744 4703 3215 4772 singularissimum
3254 4711 3354 4767 est,
3383 4701 3434 4754 in
3464 4697 3772 4754 Protheoria

2215 4812 2329 4860 sua,
2371 4797 2460 4850 ubi
2501 4796 2663 4849 libros
2699 4794 2828 4850 Novi
2870 4794 3210 4859 Testamenti,
3259 4808 3390 4864 quos
3433 4792 3484 4846 in
3511 4790 3772 4860 Synopsin

2218 4888 2510 4956 redegerat,
2556 4895 2866 4953 recenset,a
2895 4886 3288 4957 quatuordecim
3334 4885 3578 4953 Epistolis
3624 4881 3772 4936 Pauli

2217 4976 2489 5030 exordium
2539 4975 2714 5040 ducit,
2759 4977 3002 5045 ipsasque
3048 4975 3316 5045 prmmittit
3369 4975 3496 5042 ipsis
3550 4981 3776 5042 quatuor

2219 5065 2517 5134 Evangeliis
2555 5075 2607 5119 et
2629 5065 2998 5135 Apostolorum
3022 5066 3242 5118 actibus.
3269 5063 3418 5120 Unde
3436 5064 3656 5117 fortasse
3676 5078 3776 5115 no-

2219 5173 2340 5209 vum
2373 5157 2630 5225 quispiam
2658 5165 3022 5225 argumentum
3054 5166 3202 5210 eruat
3225 5156 3288 5209 ad
3318 5153 3576 5227 Synopsin
3607 5153 3775 5224 Chry-

2219 5257 2456 5302 sostomo
2483 5248 2838 5311 asserendam,
2859 5247 2947 5317 qui
2973 5263 3074 5301 non
3107 5250 3268 5303 semel
3297 5248 3512 5300 Paulum
3543 5262 3599 5300 se
3621 5245 3778 5299 vehe-

2221 5347 2424 5392 menter
2451 5351 2629 5390 amare
2671 5337 2964 5405 profitetur,
2991 5345 3044 5390 et
3074 5337 3186 5405 plus
3222 5337 3364 5390 Pauli
3398 5337 3543 5388 libris
3571 5345 3621 5389 et
3649 5335 3780 5388 actis

2222 5429 2404 5490 utitur,
2429 5443 2582 5497 quam
2611 5427 2815 5480 caeteris
2839 5427 3124 5494 Scriptura:
3151 5441 3312 5479 sacra:
3340 5428 3484 5480 libris
3511 5426 3609 5496 (a).

2290 5520 2491 5590 Stylum
2521 5529 2690 5572 autem
2713 5517 2849 5587 quod
2875 5527 3095 5585 spectat,
3121 5517 3462 5586 profluentem
3491 5517 3628 5569 illam
3656 5530 3781 5568 ver-

2221 5610 2410 5664 borum
2437 5618 2490 5664 et
2513 5608 2907 5663 similitudinum
2941 5608 3166 5676 c0piam,
3193 5624 3293 5676 qua
3329 5608 3402 5661 uti
3445 5607 3578 5662 solet
3609 5602 3774 5674 Chry—

2290 5789 2362 5851 (a)
2397 5787 2500 5838 Vid.
2520 5787 2647 5837 Tomi
2669 5787 2806 5848 Luius
2831 5782 2951 5834 Praef
2983 5784 3096 5847 5m.
