4102 6322
292 327 420 382 311⁸

291 449 582 502 sostomus,
620 437 672 492 in
715 436 943 510 Synopsi
967 446 1019 494 et
1046 436 1358 509 compendio
1402 439 1699 510 exquirere,
1743 438 1872 494 illud

292 541 442 585 esset
469 529 664 585 nodum
693 530 746 584 in
776 531 950 598 scirpo
988 546 1242 600 quaerere.
1279 529 1474 585 Verum
1505 529 1666 584 dictio
1695 529 1870 602 Chry-

289 619 534 674 sostomi.
551 635 672 674 esse
693 619 1128 690 deprehenditur,
1158 620 1228 674 ita
1257 635 1408 689 pura,
1434 620 1574 675 clara
1604 620 1870 690 nitidaque

285 721 394 765 est.
429 711 540 766 Etsi
574 726 702 765 vero
737 725 824 765 res
850 710 1165 780 compendio
1202 709 1415 778 referat,
1463 711 1746 780 aliquando
1789 721 1871 766 ta-

285 819 414 859 men
459 804 802 872 interpretem
821 803 946 873 agit,
975 818 1062 858 res
1089 803 1337 873 explicat,
1375 814 1428 859 et
1452 804 1551 858 alia
1583 804 1870 875 Scriptura:

282 895 626 964 maximeque
663 893 813 949 Pauli
843 895 958 950 loca
985 893 1140 950 affert
1167 895 1232 950 ad
1264 896 1688 966 explanationem
1727 906 1868 967 apta.

281 987 400 1042 Nec
442 988 601 1043 nimis
637 987 816 1057 jejuna
855 987 1111 1058 Synopsis
1149 997 1229 1043 est
1252 1030 1266 1055 ,
1297 989 1394 1044 sed
1432 991 1481 1043 in
1512 989 1871 1046 Pentateucho

283 1077 522 1133 maxime
557 1078 697 1147 justa
723 1092 857 1147 pene
873 1077 1195 1148 longitudine
1223 1079 1492 1135 historiam
1515 1082 1664 1146 texit,
1688 1091 1746 1136 ut
1773 1098 1870 1138 ex-

282 1170 541 1239 emplaris
559 1170 674 1224 loco
691 1169 790 1225 hac
809 1171 862 1225 in
886 1179 1034 1240 parte
1055 1170 1232 1226 haberi
1257 1173 1439 1242 possit.
1459 1173 1760 1229 Verisimile
1785 1190 1871 1230 au-

281 1273 395 1318 tem
423 1274 508 1318 est
531 1267 699 1334 ipsum
721 1263 788 1319 ad
812 1279 961 1320 usum
989 1279 1142 1319 suum
1174 1273 1340 1321 totam
1362 1266 1688 1336 Scripturam
1715 1267 1791 1323 sic
1816 1269 1868 1323 in

278 1352 552 1425 Synopsin
583 1363 739 1424 atque
766 1354 1136 1424 compendium
1157 1355 1444 1425 redegisse.
1478 1356 1534 1412 Si
1557 1372 1716 1428 porro
1736 1358 1868 1414 Novi

278 1449 611 1504 Testameuti
633 1450 887 1520 Syn0psis
906 1448 1189 1520 aliquando
1211 1465 1278 1505 ex
1307 1451 1539 1508 tenebris
1562 1454 1879 1521 emerserit,

289 1540 415 1594 inde
441 1556 598 1605 nova,
624 1549 680 1594 ut
705 1540 839 1605 dixi,
856 1541 1140 1612 prodibunt
1169 1550 1475 1610 argumenta
1492 1585 1506 1608 ,
1537 1545 1688 1615 queis
1712 1560 1889 1601 verus.

283 1634 455 1686 totl'us
485 1631 786 1703 Synopseos
804 1641 989 1688 auctor
1023 1632 1467 1703 deprehendatur.
1500 1634 1579 1690 Ex
1608 1635 1671 1691 iis
1688 1646 1867 1694 autem

271 1738 397 1791 qua:
416 1729 737 1792 supersunt,
752 1731 806 1778 et
821 1737 884 1778 ex
903 1723 1273 1794 Manuscriptis
1294 1735 1444 1780 eruta
1460 1736 1601 1795 sunt,
1635 1727 1869 1801 Chryso-

277 1824 517 1868 stomum
541 1829 679 1882 esse,
698 1815 1020 1884 argumentis
1043 1815 1097 1870 in
1125 1816 1355 1870 medium
1379 1817 1571 1882 allatis,
1597 1819 1816 1888 probavi
1846 1837 1860 1874 :

277 1922 382 1960 non
413 1907 492 1961 ita
520 1916 693 1962 tamen
717 1918 773 1962 ut
793 1922 905 1962 rem
945 1907 1230 1977 perfectam
1259 1908 1659 1980 absolutamque
1686 1912 1868 1967 existi-

275 2015 442 2053 mem.
477 1999 817 2055 Eruditorum
839 2000 1031 2070 quippe
1046 1999 1300 2071 judicium
1322 2011 1577 2072 exspecto
1603 2022 1617 2058 :
1641 2019 1763 2059 nam
1780 2020 1866 2060 res

277 2090 500 2160 majoris
517 2100 598 2146 est
622 2092 872 2148 momenti
889 2106 1044 2162 quam
1064 2101 1120 2146 ut
1135 2093 1300 2162 possit
1316 2094 1475 2148 unius
1492 2094 1764 2164 scriptoris
1779 2097 1865 2166 ju-

277 2182 414 2238 dicio
439 2184 640 2252 dirimi,
663 2194 717 2240 et
743 2185 942 2255 absque
984 2185 1344 2241 controversia
1374 2200 1492 2241 esse
1513 2188 1862 2256 pronuntiari.

347 2275 535 2331 Restat
555 2286 612 2330 ut
640 2276 706 2332 de
734 2275 964 2348 Synopsi
1002 2275 1292 2346 Scripturze
1334 2277 1422 2332 illa
1461 2293 1698 2349 agamus,
1745 2295 1864 2349 quae

284 2367 418 2424 inter
461 2371 738 2428 Athanasii
777 2371 948 2442 Opera
991 2368 1381 2439 circumfertur,
1409 2386 1693 2443 quamque,
1739 2372 1878 2430 licet.

1525 321 1862 380 DIATRIBA.
1884 325 1962 382 IN.
1993 325 2342 384 SYNOPSIN.

3455 341 3576 397 312°

1979 441 2245 513 diligentis
2280 441 2551 511 scriptoris
2576 457 2710 514 opus
2734 444 2822 512 sit,
2848 445 3122 503 Athanasii
3149 462 3254 504 non
3284 463 3403 506 esse
3431 466 3563 521 pro-

1979 533 2217 587 bavimus
2256 533 2407 587 Tom.
2432 534 2489 588 2.
2521 534 2610 588 Illa
2632 551 2759 590 vero
2788 537 2841 591 in
2867 537 3016 593 libris
3059 541 3306 597 omnibus
3345 543 3564 598 histori-

1976 624 2072 690 cis,
2106 623 2157 678 in
2187 624 2565 694 Pentateucho,
2614 627 2666 681 in
2698 627 2846 682 libris
2882 629 3111 700 Regum,
3142 640 3196 687 et
3223 633 3278 688 in
3320 633 3563 704 Prophe-

1976 719 2064 783 tis,
2095 727 2208 774 toto
2247 721 2377 774 caelo
2406 720 2580 776 diil'ert
2606 721 2674 776 ab
2696 722 2795 777 hac
2832 733 3013 780 nostra
3053 724 3303 799 Synopsi,
3344 744 3445 785 nec
3474 738 3558 785 est

1975 807 2099 864 huic
2137 811 2513 880 comparanda,
2546 822 2602 868 ut
2637 814 2808 882 quivis
2855 817 3034 871 statim
3078 821 3380 890 perspiciat.
3406 821 3463 877 In
3493 823 3561 877 li-

1973 903 2085 958 bris
2112 920 2239 959 vero
2264 904 2582 971 Salomonis,
2608 906 2660 960 in
2679 905 2964 977 Sapientia,
2985 910 3037 964 in
3064 910 3318 979 Siracide,
3337 914 3551 980 Esther,

1974 993 2172 1061 Tobia,
2218 994 2433 1061 Juditb,
2472 997 2657 1052 eadem
2702 998 2815 1068 ipsa
2858 1009 2941 1054 est
2976 1017 2989 1054 :
3021 1017 3356 1074 augurorque
3404 1005 3555 1060 illum

1973 1082 2242 1154 Synopses
2262 1086 2517 1142 librorum
2545 1087 2846 1158 hujusmodi
2871 1105 2938 1146 ex
2969 1101 3149 1146 nostra
3178 1094 3404 1165 Synopsi
3439 1111 3557 1149 mu-

1975 1183 2177 1231 tuatum
2203 1193 2341 1234 esse.
2367 1177 2496 1232 Nam
2515 1180 2656 1235 illius
2671 1181 2973 1253 Synopscos
2996 1185 3330 1254 scriptorem,
3352 1197 3549 1243 nostrae

1971 1267 2274 1339 Synopseos
2294 1279 2512 1326 auctore
2531 1281 2685 1327 aetate
2706 1274 2861 1344 longe
2877 1275 3180 1331 inferiorem
3199 1292 3318 1332 esse
3338 1294 3441 1332 non
3459 1279 3546 1333 du‘

1971 1359 2102 1424 bito,
2122 1376 2218 1416 nec
2239 1360 2499 1418 dubitabit
2514 1371 2639 1433 puto
2656 1366 2955 1434 quisquam.
2970 1365 3232 1422 Caeterum
3254 1368 3374 1423 libri
3397 1369 3550 1424 Levi-

1971 1451 2061 1506 tici
2086 1451 2361 1523 Synopsis,
2395 1469 2512 1523 quae
2540 1457 2592 1509 in
2621 1453 2944 1512 Coisliniano
2973 1457 3167 1514 Codice
3195 1459 3547 1527 desideratur,

1971 1555 2237 1612 quamque
2265 1558 2330 1598 ex
2357 1543 2607 1599 Batavico
2623 1544 2959 1616 Lugdunensi
2987 1547 3396 1618 desumpsimus,
3419 1565 3541 1607 cum

1969 1633 2193 1705 Synopsi
2218 1635 2304 1689 illa
2319 1635 2608 1691 Athanasio
2619 1637 2904 1706 adscripta,
2927 1640 3067 1710 quod
3093 1638 3158 1692 ad
3178 1656 3418 1712 magnam
3436 1643 3546 1698 sal-

1970 1734 2077 1780 tem
2104 1726 2182 1781 sui
2214 1736 2438 1796 partem,
2465 1730 2751 1797 consentit,
2778 1730 2919 1801 quod
2949 1745 3051 1801 qua
3089 1732 3290 1788 ratione
3314 1734 3549 1806 contige-

1969 1818 2057 1883 rit,
2081 1834 2186 1873 non
2213 1819 2342 1874 satis
2368 1820 2622 1891 percipio.

2041 1908 2337 1964 Pulaverim
2359 1919 2534 1965 autem
2570 1911 3003 1984 Chrysostomum
3032 1913 3135 1968 hoc
3155 1914 3333 1984 operis
3361 1914 3548 1970 Antio-

1969 1999 2105 2055 chia‘.
2133 1999 2476 2056 adornavisse
2500 2001 2730 2059 fortasse
2747 2013 3028 2074 antequam
3045 2005 3392 2060 concionandi
3420 2023 3548 2077 ope-

1969 2107 2083 2146 ram
2123 2093 2441 2163 susciperet,
2485 2104 2543 2148 ut
2592 2093 2692 2149 hoc
2737 2097 2866 2150 satis
2906 2097 3084 2167 amplo
3121 2098 3437 2168 compendio
3479 2099 3545 2152 ad

1969 2182 2116 2237 verbi
2145 2182 2238 2237 Dci
2281 2182 2710 2253 praedicationem
2749 2194 3010 2254 uteretur,
3045 2196 3100 2242 et
3118 2188 3184 2242 ad
3216 2204 3427 2244 manum
3453 2188 3546 2243 ba-

1969 2271 2120 2329 berct
2147 2271 2287 2330 unde
2306 2273 2618 2331 concionum
2644 2284 2952 2348 argumenta
2982 2285 3331 2335 mutuaretur.

1566 3928 2271 3958 ww
