4058 6344
504 352 626 410 εἴ»Ιῦ

1249 355 1310 412 8.
1342 350 1624 411 JOANNIS
1655 343 2136 407 CHRYSOSTOMI
2173 344 2489 403 ARCHIEP.
2528 339 3071 401 CONSTANTINOP.

525 661 3729 705 ΝΜ

1309 1105 1536 1193 ΤΟΥ
1599 1108 1744 1194 ΕΝ
1798 1101 2161 1193 ΑΓΙΟΙΣ
2230 1096 2662 1191 ΠΑΤΡοΣ
2713 1087 3038 1188 ΗΜΩΝ

511 1485 1512 1670 ΙΩΑΝΝΟΥ
1569 1481 2005 1658 ΤΟΥ
2049 1476 3738 1660 ΧΡΥΣΟΣΤΟΜΟΥ

1852 1967 2340 2061 ΣΥΝΟΨΙΣ

1171 2332 1286 2404 Τῆς
1321 2331 1586 2399 Παλαιᾶς
1622 2349 1685 2387 τε
1727 2331 1826 2387 καὶ
1862 2332 2103 2403 Καινῆς,
2136 2331 2213 2397 ὡς
2245 2330 2314 2384 ἐν
2351 2327 2510 2394 τάξει
2538 2325 3011 2395 ὑπομνηστικοῦ.

1925 2900 2325 2957 ΠΡΟΘΕΩΡΙΑ.

571 3148 746 3221 Καινὴ
777 3146 989 3217 λέγεται
1019 3143 1125 3199 ἀπὸ
1143 3142 1238 3198 τοῦ
1262 3142 1452 3216 χρόνου
1475 3141 1568 3196 καὶ
1594 3140 1701 3196 ἀπὸ
1720 3142 1819 3213 τῆς
1850 3139 2062 3211 φύσεως

498 3242 609 3297 τῶν
636 3242 694 3295 ἐν
718 3241 854 3311 αὐτῇ
879 3237 1200 3310 γενομένων,
1242 3236 1321 3288 ὅτι
1362 3234 1536 3288 πάντα
1569 3231 1938 3303 ἀνεκαινίσθη,
1967 3233 2063 3285 καὶ

504 3332 717 3406 πρῶτον
745 3332 1045 3404 ἄνθρωπος,
1077 3328 1143 3382 δι’
1169 3326 1229 3381 ὃν
1274 3324 1344 3379 τὰ
1380 3325 1575 3380 πάντα.
1607 3324 1722 3377 Ἵνα
1762 3322 1820 3376 δὲ
1856 3323 1929 3394 μή
1979 3339 2061 3385 τις

501 3420 744 3495 λέγῃοὍ
757 3416 1027 3490 οὐρανὸςό
1066 3418 1247 3486 αὐτὸς,
1294 3419 1328 3488 ή
1372 3416 1467 3486 γῆ,
1513 3415 1695 3469 καὶτὸ
1732 3415 2062 3486 κυριώτατον

499 3513 755 3567 ἁπάντων
806 3510 1114 3582 ἄνθρωπος’
1165 3508 1258 3562 καὶ
1312 3505 1372 3575 (l.
1421 3504 1625 3573 καινὸς)
1678 3503 1840 3575 νόμος
1884 3502 2057 3575 ἐδόθη,

502 3604 682 3658 καιναὶ
713 3602 940 3668 ἐντολαὶ,
969 3588 1129 3672 καινὴ
1155 3600 1189 3671 ή
1234 3598 1392 3668 χάρις
1432 3596 1520 3651 διά
1542 3595 1633 3649 τοῦ
1662 3595 1906 3667 λουτροῦ,
1937 3612 2059 3649 και-

499 3695 587 3759 νὸς
616 3694 919 3765 ἄνθρωπος,
945 3692 1130 3746 καιναὶ
1148 3688 1487 3758 ἐπαγγελίαι.
1515 3685 1836 3757 Οὑκέτιγάρ
1857 3686 1928 3757 γῆ
1969 3688 2079 3751 καὶ,

498 3785 570 3838 τὰ
614 3784 721 3838 ἀπὸ
759 3785 856 3856 τῆς
882 3782 1019 3854 γῆς’
1043 3780 1158 3837 ἀλλ’
1192 3779 1434 3853 οὐρανὸς,
1478 3778 1573 3833 καὶ
1600 3777 1669 3832 τά
1710 3778 1767 3831 ἐν
1793 3777 2056 3849 οὐρανοῖς.

501 3875 680 3930 Καινά
706 3875 774 3929 τὰ
807 3874 1094 3945 μυστήρια.
1118 3872 1311 3927 Οὐκέτι
1332 3871 1438 3941 γὰρ
1452 3870 1633 3925 ἐκεῖνα
1654 3868 1723 3923 τὰ
1751 3869 2057 3940 σωματικὰ,

503 3964 767 4037 πρόϐατον
807 3965 900 4018 καὶ
930 3959 1067 4034 αἷμα
1086 4002 1103 4029 ,
1139 3965 1232 4019 καὶ
1264 3962 1475 4023 κνίσσα,
1502 3960 1597 4013 καὶ
1625 3959 1847 4031 κόπρος,
1884 3958 1996 4014 ἀλλ’
2024 3960 2058 4030 ή

501 4055 689 4126 λογικὴ
719 4056 811 4109 καὶ
835 4054 1083 4126 ἐνάρετος
1109 4054 1348 4126 λατρεία,
1379 4052 1449 4106 τὰ
1479 4051 1905 4123 παραγγέλματα
1935 4067 2058 4104 και-

502 4147 589 4211 νά,
625 4145 777 4214 ξύλον
804 4147 883 4209 εἰς
919 4146 1174 4218 οὐρανοὺς
1202 4144 1402 4214 ἀνάγον
1428 4143 1524 4196 καὶ
1569 4143 1803 4213 ὑψηλοὺς
1834 4141 2060 4214 ἐργαζό-

504 4254 682 4309 μενον.
709 4237 913 4300 Σκοπὸς
928 4236 992 4308 δὴ
1020 4234 1352 4307 ἑκατέρωθεν
1376 4234 1482 4289 τῶν
1508 4233 1785 4304 Διαθηκῶν
1806 4227 1905 4297 εἰς,
1952 4233 2059 4286 τῶν

501 4325 799 4398 ἀνθρώπων
822 4328 856 4397 ή
880 4325 1179 4398 διόρθωσις.
1195 4323 1305 4378 Καὶ
1322 4323 1375 4376 τί
1391 4325 1472 4379 δεῖ
1491 4322 1787 4392 θαυμάζειν
1811 4323 1937 4393 περὶ
1960 4322 2058 4392 τῆς

498 4416 740 4487 Γραφῆς,
772 4417 905 4471 ὅπου
937 4433 1001 4485 γε
1027 4414 1119 4469 καί
1144 4415 1242 4486 τῆς
1274 4414 1502 4477 κτίσεως
1530 4414 1696 4484 αὐτῆς
1725 4416 1758 4484 ή
1786 4414 1939 4485 χρεία
1969 4412 2058 4466 διὰ

498 4507 720 4575 τοῦτον;
751 4508 861 4562 Καὶ
904 4506 1013 4578 γὰρ
1054 4505 1279 4578 οὐρανὸν
1328 4504 1499 4577 μέγαν
1522 4504 1587 4557 δι’
1614 4505 1776 4559 αὑτὸν
1811 4495 2072 4573 ἐποίησε,’

500 4601 598 4658 καὶ
637 4600 740 4671 γῆν
788 4599 1018 4666 εὐθεῖαν,
1052 4600 1143 4653 καὶ
1169 4598 1437 4653 θάλασσαν
1492 4596 1632 4667 ὑπὲρ
1684 4597 1783 4667 τὴν
1836 4595 2054 4666 χρείαν,

500 4691 589 4749 ἵνα
619 4689 727 4745 ἀπὸ
774 4689 869 4743 τοῦ
920 4690 1178 4762 μεγέθους
1204 4690 1312 4743 τῶν
1360 4687 1664 4758 γενομένων
1687 4686 2057 4754 θαυμάσαντες

498 4780 592 4836 τὸν
638 4781 997 4852 Δημιουργὸν,
1042 4782 1121 4845 εἰς
1149 4781 1473 4850 θεογνωσίαν
1501 4779 1711 4833 ἔλθωσι.
1748 4777 1858 4832 Καὶ
1887 4762 2058 4833 ταῦτα

497 4868 592 4927 οὖν
640 4872 728 4927 διὰ
773 4872 957 4928 τοῦτον
984 4873 1223 4942 γέγονεν.
1264 4873 1418 4927 Ἐπεὶ
1463 4867 1554 4925 οὖν
1586 4869 1785 4933 σκοπὸς
1831 4866 1911 4933 εἷς
1954 4873 2056 4943 τῆς

498 4966 738 5029 Παλαιᾶς
771 4964 864 5020 καὶ
888 4966 985 5036 τῆς
1017 4964 1222 5034 Καινῆς
1242 5006 1255 5030 ,
1290 4965 1580 5033 ἀναγκαῖον
1606 4958 1738 5020 εἶναι
1762 4961 2005 5033 ἐνόμισεν
2028 4963 2057 5014 ὁ

496 5058 735 5129 Μωῦσῆς
755 5057 847 5110 καὶ
870 5055 1106 5127 ἱστορίας
1123 5055 1430 5125 ἀναγράψαι
1446 5053 1698 5117 παλαιάς
1715 5053 1774 5105 οὐ
1800 5052 1939 5106 κατά
1958 5054 2056 5125 τὴν

498 5145 694 5211 ἔξωθεν
709 5144 1024 5199 ἀκολουθίαν
1041 5161 1056 5177 ο
1077 5146 1272 5198 ἐκεῖνοι
1295 5144 1393 5214 μὲν
1418 5144 1527 5216 γὰρ
1563 5144 1797 5217 ἱστορίας
1820 5143 2055 5213 γράφου-

500 5253 585 5291 σιν
631 5236 836 5301 ἁπλῶς,
878 5236 1017 5290 ὥστε
1062 5233 1400 5306 πραγμάτων
1430 5234 1709 5304 διηγήσεις
1750 5234 2052 5298 ποιεῖσθαι,

498 5329 591 5381 καὶ
618 5328 884 5400 πολέμους
913 5328 1005 5385 καὶ
1032 5327 1208 5399 μάχας
1235 5328 1313 5390 εἰς
1336 5326 1497 5396 μέσον
1526 5327 1768 5394 ἀγαγεῖν,
1797 5327 1890 5381 καὶ
1917 5343 2055 5397 καρ-

500 5419 782 5477 πώσασθαι
814 5421 967 5487 δόξαν
1000 5420 1105 5474 ἀπὸ
1128 5418 1235 5473 τῶν
1258 5419 1617 5490 γραμμάτων.
1657 5417 1716 5471 '0
1744 5417 1801 5470 δὲ
1843 5416 2058 5487 νομοθέ-

496 5528 599 5583 της
643 5513 741 5585 οὐχ
771 5513 971 5578 οὕτως’
1022 5504 1157 5568 άλλά
1204 5512 1430 5571 πάντοτε
1476 5509 1712 5583 ἱστορίας
1754 5508 2055 5580 ἀναγράφει

498 5605 705 5677 ἀνδρῶν
758 5607 1003 5676 μεγάλων
1056 5603 1510 5676 κατωρθωκότων,
1561 5600 1700 5653 ὥστε
1752 5603 1864 5664 τοῖς
1920 5600 2055 5671 μετὰ

498 5694 669 5750 ταῦτα
708 5698 818 5751 τῶν
864 5697 1089 5761 ἐκείνοις
1117 5695 1457 5768 βεϐιωμένων
1480 5692 1578 5765 τήν
1619 5690 1866 5762 διήγησιν
1902 5690 2054 5759 γενέ-

501 5783 626 5843 σθαι
665 5786 1003 5853 διδασκαλίας
1034 5788 1245 5861 ἀγαθῆς
1289 5784 1562 5842 ὑπόθεσιν.
1592 5781 1690 5838 Διά
1721 5781 1787 5851 δὴ
1811 5780 1967 5837 τοῦτο
1991 5781 2051 5836 οὐ

2164 3140 2325 3213 μόνον
2362 3138 2487 3203 τοὺς
2512 3136 2943 3207 κατωρθωκότας
2983 3136 3068 3204 εἰς
3103 3140 3263 3210 μέσον
3293 3140 3435 3210 ἄγει,
3465 3142 3603 3197 ἀλλὰ
3631 3146 3729 3199 καὶ

2158 3232 2284 3294 τοὺς
2310 3231 2714 3302 ἡμαρτηκότας,
2737 3231 2826 3284 ἴνα
2855 3229 2981 3294 τοὺς
3013 3231 3109 3302 μὲν
3138 3230 3490 3304 ζηλὼσωμεν,
3519 3237 3647 3299 τοὺς
3669 3238 3725 3290 δὲ

2161 3320 2510 3391 ἐκφύγωμεν,
2541 3320 2634 3375 καὶ
2665 3319 2998 3392 ἑκατέρωθεν
3024 3321 3233 3393 ὀρθωθῇ
3273 3324 3343 3377 τὰ
3386 3325 3485 3396 τῆς
3527 3325 3728 3397 ἀρετῆς

2160 3411 2252 3466 καὶ
2274 3412 2344 3466 τὰ
2368 3411 2469 3482 τῆς
2495 3411 2827 3483 ἐπιμελείας.
2860 3413 2951 3483 Μὴ
2979 3413 3154 3468 τοίνυν
3182 3413 3446 3486 νομιζέτω
3471 3435 3556 3481 τις
3581 3418 3726 3483 ξένον

2159 3498 2300 3559 εἶναι
2326 3502 2611 3575 νομοθέτου
2640 3502 2702 3556 τὸ
2730 3501 2968 3567 παλαιὰς
3020 3504 3258 3577 ἱστορίας
3285 3506 3588 3577 διηγεῖσθαι
3632 3510 3726 3563 καὶ

2159 3596 2354 3667 νόμους
2386 3592 2534 3669 [515]
2576 3595 2929 3668 ἀναγράφειν.
2962 3597 3138 3669 Ὅπερ
3168 3597 3275 3669 γάρ
3308 3600 3485 3670 ἰσχύει
3525 3603 3720 3673 νόμος,

2158 3686 2312 3740 τοῦτο
2357 3686 2451 3740 καὶ
2494 3688 2527 3758 ή
2572 3686 2818 3757 διήγησις
2863 3685 2957 3740 τοῦ
3011 3687 3123 3759 βίου
3170 3689 3279 3744 τῶν
3324 3692 3515 3761 ἁγίων.
3570 3694 3722 3747 Ἔστι

2156 3779 2333 3834 τοίνυν
2356 3780 2455 3850 τῆς
2484 3778 2726 3843 Παλαιᾶς
2753 3778 2814 3831 τὸ
2839 3779 2937 3850 μέν
2974 3780 3243 3851 ἱστορικὸν
3263 3823 3278 3849 ,
3322 3783 3399 3847 ὡς
3440 3785 3476 3855 η
3524 3785 3720 3839 ὀχτά-

2158 3888 2343 3942 τευχος
2366 3873 2447 3953 ’ἰή
2476 3870 2575 3942 μὲν
2596 3870 2809 3934 Γένεσις
2839 3872 2907 3925 τὰ
2935 3874 3062 3942 περὶ
3090 3874 3191 3945 τῆς
3216 3875 3577 3947 δημιουργίας
3637 3876 3712 3930 δι-

2159 3960 2457 4032 ηγουμένη,
2492 3961 2585 4015 καὶ
2617 3960 2685 4014 τά
2713 3964 2842 4033 περὶ
2876 3964 2967 4015 τοῦ
3001 3963 3115 4033 βίου
3132 3964 3240 4019 τῶν
3277 3966 3721 4039 εὐηρεστηκότων

2156 4050 2273 4122 Θεῷ
2289 4069 2301 4083 ο
2324 4054 2357 4123 ή
2384 4051 2441 4104 δὲ
2472 4051 2685 4118 Ἐξοδος
2711 4052 2809 4123 τὴν
2829 4053 3149 4127 ἀπαλλαγήν
3178 4057 3287 4112 τῶν
3327 4058 3598 4114 Ἰουδαίων
3622 4060 3721 4131 τὴν

2157 4143 2215 4209 ἐξ
2248 4142 2542 4213 Αἰγύπτου,
2580 4142 2679 4214 τὴν
2727 4144 3024 4215 παράδοξον
3069 4148 3303 4219 ἐκείνην,
3355 4151 3451 4204 καὶ
3494 4151 3593 4223 τὴν
3624 4154 3721 4223 τῆς

2157 4233 2364 4306 ἐρήμου
2408 4232 2710 4305 διατριϐὴν,
2743 4236 2838 4288 καὶ
2880 4236 2980 4306 τὴν
3011 4237 3107 4291 τοῦ
3133 4239 3297 4310 νόμου
3327 4241 3472 4295 δόσιν
3492 4258 3505 4271 ·
3557 4245 3618 4298 τὸ
3663 4244 3721 4297 δὲ

2156 4323 2437 4377 Λευιτικὸν
2460 4322 2527 4377 τὰ
2557 4324 2697 4404 περὶ
2710 4323 2908 4401 θυσιῶν
2934 4326 3027 4381 καὶ
3053 4328 3387 4401 ἰερουργίας’
3429 4334 3465 4403 ἡ
3491 4333 3601 4404 γὰρ
3626 4334 3722 4388 τοῦ

2158 4414 2291 4468 Λευί
2323 4413 2462 4487 φυλὴ
2498 4385 2640 4486 αὓτη.
2660 4385 2727 4487 ῆν
2760 4417 2793 4487 ή
2824 4398 2924 4490 τήν
2956 4385 3260 4494 ἱερωσύνην

2157 4505 2251 4558 καὶ
2302 4506 2408 4559 ἀπὸ
2445 4507 2540 4561 τοῦ
2573 4509 2831 4581 ὀνόματος
2862 4510 2962 4581 τῆς
3006 4512 3178 4583 φυλῆς
3207 4514 3307 4585 τὴν
3348 4518 3724 4588 προσηγορίαν

2156 4596 2312 4665 ἔλαχε
2340 4596 2400 4650 τὸ
2431 4596 2649 4667 βιϐλίον.
2681 4601 2814 4654 Μετ’
2843 4602 3015 4654 ἐκεῖνο
3035 4604 3086 4655 οἰ
3129 4604 3404 4676 Ἀριθμοίο
3447 4608 3586 4677 μετά
3614 4610 3725 4682 γὰρ

2154 4687 2215 4741 τὸ
2238 4688 2472 4754 ἐξελθεῖν
2508 4689 2567 4757 ἐξ
2603 4691 2897 4761 Αἰγύπτου,
2932 4694 3213 4752 ἐκέλευσεν
3242 4698 3272 4750 ό
3315 4697 3451 4762 Θεὸς
3480 4700 3724 4772 ἀριθμη-

2157 4777 2312 4849 θῆναι
2346 4780 2436 4833 τὸν
2460 4781 2632 4851 δῆμον
2661 4781 2769 4837 τῶν
2808 4784 3094 4851 Ἰουδαίων,
3128 4789 3224 4841 καὶ
3266 4784 3723 4860 ἦσαν’ὲξακόσιαι

2155 4870 2410 4942 χιλιάδες,
2445 4873 2536 4941 ἀφ’
2559 4873 2677 4938 ένὸς
2704 4874 2988 4946 ἀνθρώπου
3005 4878 3098 4931 τοῦ
3130 4880 3378 4952 Ἀϐραάμ
3406 4882 3721 4953 γενόμεναι.

2154 4958 2286 5017 Εἶτα
2311 4964 2427 5034 μετ’
2448 4965 2624 5018 ἐκεῖνο
2651 4965 2710 5019 τὸ
2742 4969 3156 5041 Δευτερονόμιον
3173 4989 3189 5004 ο
3215 4973 3307 5026 τὸν
3335 4973 3444 5045 γὰρ
3467 4975 3631 5045 νόμον
3657 4977 3724 5030 ἐκ

2153 5054 2404 5127 δευτέρου
2441 5056 2784 5127 ήρμήνευσεν
2827 5061 3009 5124 αὐτοῖς
3047 5063 3075 5115 ό
3118 5064 3376 5133 Μωῦσῆς.
3422 5064 3557 5120 Εῐτα
3602 5070 3723 5138 μετ’

2155 5145 2328 5198 ἐκεῖνο
2383 5144 2589 5215 Ἰησοῦς
2638 5148 2668 5199 ό
2714 5149 2806 5201 τοῦ
2842 5150 3031 5220 Ναυῆ·
3081 5144 3235 5215 οὗτος
3270 5154 3379 5223 γὰρ
3434 5158 3573 5226 μετὰ
3630 5160 3725 5212 τὸν

2155 5234 2392 5291 Μωῡσέα
2421 5237 2706 5308 γενόμενος
2728 5238 2903 5294 αὐτῶν
2927 5240 3267 5312 δημαγωγὸς,
3297 5245 3382 5309 εἷς
3402 5264 3463 5300 τε
3490 5248 3590 5319 τήν
3620 5251 3725 5319 γῆν

2154 5327 2254 5397 τῆς
2279 5328 2605 5396 ἐπαγγελίας
2625 5331 2903 5402 εἰσήγαγε,
2933 5334 3028 5387 καὶ
3055 5336 3154 5405 τὴν
3180 5336 3283 5407 γῆν
3314 5337 3552 5409 διένειμε
3580 5344 3725 5397 κατὰ

2158 5419 2388 5490 κλήρους
2414 5422 2535 5485 ταῖς
2564 5420 2768 5476 δώδεκα
2789 5424 2999 5493 φυλαῖς.
3026 5427 3159 5480 Μετ’
3191 5430 3395 5483 ἐκεῖνον
3412 5432 3465 5483 οἰ
3486 5433 3687 5502 Κριταί
3704 5451 3719 5464 ’

2154 5509 2247 5564 τοῦ
2285 5515 2393 5584 γὰρ
2450 5512 2621 5584 Ἰησοῦ
2667 5515 3116 5588 τελευτήσαντος,
3151 5520 3231 5583 εἰς
3268 5521 3723 5594 άριστοκράτειαν

2158 5602 2422 5672 μετέπεσε
2454 5604 2521 5661 τὰ
2555 5604 2858 5675 πράγματα
2884 5607 2991 5661 τῶν
3035 5609 3321 5675 Ἰουδαίων,
3354 5612 3450 5665 καὶ
3470 5614 3529 5667 αἰ
3554 5614 3723 5684 φυλαὶ

2156 5694 2436 5765 ἐκράτουν.
2480 5692 2612 5750 Εἶτα
2639 5697 2800 5767 Ροὺθ,
2852 5698 3053 5769 βιϐλίον
3087 5700 3282 5773 βραχὺ,
3323 5704 3567 5775 ἱστορίαν
3597 5707 3721 5776 ἔχον

2160 5787 2414 5869 γυναικὸς
2432 5787 2754 5870 ἀλλοφύλου,
2790 5790 3129 5865 γαμηθείσης
3160 5794 3394 5863 Ἰουδαίῳ
3428 5796 3558 5855 τινί.
3581 5797 3723 5855 Μετ’
