4102 6322
392 312 502 372 315

1460 302 1788 361 SYNOPSIS
1822 300 2238 359 SCRIPTUBIE
2277 296 2544 355 SACRIE.

3515 294 3622 357 514

1313 1177 1723 1268 SANCTI
1800 1174 2219 1265 PATRIS
2291 1168 2730 1263 NOSTRI

886 1600 1688 1764 JOANNIS
1804 1592 3171 1757 CHRYSOSTOMI

1744 2106 2310 2201 SYNOPSIS

1040 2435 1274 2499 Veteris
1305 2442 1359 2494 et
1398 2433 1545 2493 novi
1584 2429 1967 2500 testamenti,
2017 2427 2196 2506 quasi
2236 2423 2694 2485 commonitorii
2724 2439 2890 2481 more
2932 2417 3042 2500 (ιι).

1637 3284 2110 3350 CONSPECTUS
2150 3283 2442 3346 OPERlS.

488 3661 660 3727 Quare
675 3636 821 3729 prius
845 3657 1231 3713 Testamentum
1255 3658 1566 3727 appelletur,
1604 3656 1781 3712 Vetus.
1800 3657 2001 3727 Scopas

419 3760 688 3824 utriusque
703 3750 1013 3807 Testamenti
1025 3768 1177 3805 unus.
1191 3750 1391 3805 Divisio
1405 3750 1600 3805 Veteris
1617 3748 1936 3804 Testamenti
1949 3752 2007 3803 in

410 3843 2009 3914 hIstoriam,comiliaetprophetiam—NovumTestamentum

413 3942 607 3997 dicitur
625 3948 680 3995 et
696 3954 724 3993 a
753 3949 992 4007 tempore
1013 3945 1069 3992 et
1087 3950 1115 3989 a
1135 3944 1318 3989 natura
1340 3948 1515 3988 rerum
1536 3946 1668 4002 quas
1687 3931 1995 4000 complecti-

415 4042 519 4100 tur,
533 4031 780 4103 quoniam
790 4029 965 4085 omnia
978 4034 1228 4083 renovata
1240 4033 1382 4092 sunt,
1396 4024 1672 4095 primoque
1683 4021 1865 4089 homo,
1879 4037 1995 4092 pro-

412 4134 532 4196 pter
542 4139 701 4195 quem
718 4124 895 4178 omnia
911 4128 1034 4175 sunt
1050 4118 1280 4175 condita.
1302 4116 1379 4171 Ne
1393 4116 1511 4186 quis
1527 4124 1700 4169 autem
1716 4113 1856 4168 dicat
1876 4131 1888 4167 :
1908 4113 1994 4167 At-

412 4218 502 4288 qui
518 4218 703 4271 cazlum
717 4214 857 4271 idem
873 4221 974 4277 est,
994 4221 1134 4269 terra
1152 4200 1361 4274 eadem,
1375 4218 1431 4263 et
1448 4210 1607 4262 homo
1641 4221 1873 4277 quoque,
1900 4222 1988 4261 res

415 4309 652 4364 omnium
669 4305 1008 4376 dignissima;
1036 4316 1169 4357 nova
1185 4302 1267 4355 lex
1286 4300 1405 4355 data
1423 4311 1525 4365 eSt,
1550 4313 1684 4352 nova
1709 4305 1990 4367 praecepta,

415 4416 553 4455 nova
568 4398 738 4471 gratia
766 4413 862 4468 per
878 4397 1357 4450 Iavacrummovus
1386 4390 1567 4456 homo,
1585 4404 1737 4443 novae
1774 4387 1997 4458 promis-

416 4496 615 4549 siones.
637 4491 751 4548 Non
776 4491 916 4547 enim
943 4490 1082 4543 ultra
1118 4488 1290 4557 agitur
1319 4486 1385 4540 de
1409 4493 1547 4539 terra
1562 4491 1615 4537 et
1636 4482 1700 4536 de
1728 4481 1953 4536 terrenis
1978 4496 1992 4544 ;

416 4585 513 4640 sed
536 4585 603 4640 de
617 4583 748 4639 caelo
763 4590 817 4637 et
831 4582 899 4636 de
915 4579 1233 4636 caelestibus.
1252 4577 1397 4631 Nova
1429 4573 1700 4646 mysteria.
1722 4572 1836 4627 Non
1861 4573 1996 4625 ultra

418 4678 593 4733 locum
610 4674 806 4729 habent
819 4673 909 4727 illa
920 4685 1199 4742 corporea,
1218 4669 1351 4731 ovis,
1368 4666 1604 4736 sanguis,
1620 4664 1793 4726 nidor,
1813 4664 1992 4727 ﬁmus;

418 4768 516 4823 sed
530 4764 853 4822 rationabilis
868 4764 955 4818 ille
968 4763 1264 4830 virtuteque
1276 4766 1493 4813 ornatus
1505 4756 1675 4809 cultus
1694 4773 1705 4807 :
1721 4768 1853 4808 nova
1871 4767 1999 4822 prte-

419 4868 592 4929 cepta.
629 4858 847 4928 Lignum
873 4869 970 4909 nos
998 4854 1063 4907 ad
1079 4852 1267 4907 caelum
1303 4850 1479 4914 ducit,
1506 4848 1864 4914 sublimesque
1881 4843 1999 4898 elli-

418 4951 511 5005 cit.
529 4949 730 5018 Scopus
747 4956 923 5003 autem
940 4946 993 4999 in
1009 4955 1236 5013 utroque
1263 4942 1605 4996 Testamento
1626 4952 1763 4991 unus
1785 4947 1885 5000 est,
1902 4935 1999 4988 ho-

418 5044 622 5099 minum
641 5056 831 5111 nempe
846 5038 1168 5095 emendatio.
1186 5032 1387 5105 Ecquid
1404 5033 1595 5087 mirum
1610 5031 1675 5085 de
1697 5030 1994 5097 Scriptura,

418 5135 631 5208 quando
646 5146 832 5191 natura
854 5144 961 5189 tota
991 5131 1057 5185 ad
1081 5130 1196 5200 ejus
1216 5144 1369 5182 usum
1399 5134 1480 5181 est
1508 5123 1763 5178 condita?
1792 5120 1999 5175 Etenim

420 5244 669 5297 maguum
692 5236 910 5299 propter
936 5225 1083 5280 illum
1106 5222 1294 5277 caalum
1320 5217 1572 5281 condidit,
1599 5226 1791 5269 terram
1817 5215 1999 5277 latam,

419 5336 571 5376 mare
599 5316 790 5391 majus,
821 5332 978 5389 quam
1008 5314 1298 5370 necessitas
1327 5310 1600 5382 postulare
1626 5306 1918 5369 videbatur,
1947 5312 2004 5354 ut

422 5429 451 5469 ι
479 5411 839 5485 magnitudine
868 5408 1200 5480 opiﬁciorum
1227 5405 1484 5475 Opiﬁcem
1510 5402 1785 5465 mirantes,
1817 5396 1884 5451 ad
1912 5395 2003 5449 Dei

485 5610 557 5672 (τι)
588 5617 724 5659 Bene
748 5608 940 5672 dicitur,
958 5600 1319 5672 commonitorii,
1339 5599 1419 5672 vel
1444 5595 1760 5672 forte,_brevis
1773 5606 2008 5672 commen-

423 5655 717 5723 ιαὲὶίἠῖοἶέζ
739 5655 858 5717 nam
873 5655 951 5716 me
975 5667 1149 5728 passim
1170 5655 1561 5728 ,βιιηίεοειοωιιδ
1575 5655 1771 5708 breves
1799 5655 2009 5728 6*.P“°3‘

423 5741 584 5783 tiones
600 5733 796 5795 adjecit,
819 5726 1093 5797 rerumque.
1105 5726 1341 5797 innvete'ri
1356 5728 1665 5777 Testamento
1682 5726 2008 5771 enarratarum

422 5807 530 5847 ωω
546 5787 675 5847 Novo
698 5787 1056 5845 consonantiam
1080 5787 1269 5840 indicat.

2098 3659 2458 3729 cognitionem
2482 3658 2749 3712 venirent.
2776 3656 2899 3711 llaec
2931 3656 3106 3726 itaque
3136 3666 3351 3728 propter
3377 3659 3522 3715 illum
3550 3660 3685 3719 facta

2099 3759 2242 3806 sunt.
2270 3750 2531 3819 Quoniam
2558 3749 2717 3819 igitur
2746 3748 2958 3805 Veteris
2979 3760 3033 3805 et
3056 3750 3186 3806 Novi
3218 3752 3538 3808 Testameuti
3568 3770 3689 3813 sco-

2097 3856 2197 3910 pus
2232 3857 2368 3895 unus
2407 3851 2490 3895 est
2512 3882 2526 3908 ,
2560 3841 2920 3895 necessarium
2949 3842 3108 3896 etiam
3137 3844 3338 3912 putavit
3365 3844 3572 3915 Moyses
3594 3845 3681 3900 hi-

2097 3933 2292 3988 storias
2309 3943 2519 3988 veteres
2540 3932 2843 3989 describere
2868 3952 2881 3987 :
2906 3950 3009 3989 non
3030 3935 3325 3991 secundum
3347 3943 3695 3994 externorum

2097 4039 2302 4080 morem
2327 4066 2342 4085 ,
2369 4025 2459 4094 qui
2493 4024 2742 4079 historias
2771 4025 3009 4081 scribunt
3040 4042 3100 4081 ea
3145 4036 3323 4081 mente
3358 4036 3561 4080 tantum
3582 4067 3595 4089 ,
3630 4037 3687 4079 ut

2098 4132 2276 4171 rerum
2310 4118 2644 4172 narrationes
2677 4126 2879 4183 texant,
2905 4128 2959 4172 et
2988 4118 3125 4172 bella
3156 4132 3460 4189 pugnasque
3491 4120 3541 4173 in
3573 4133 3687 4173 me-

2099 4209 2246 4262 dium
2275 4219 2455 4280 agant,
2486 4219 2647 4279 atque
2671 4225 2737 4264 ex
2763 4209 2974 4280 scriptis
3001 4210 3222 4280 gloriam
3253 4210 3353 4264 sibi
3382 4218 3585 4279 parent.
3613 4211 3685 4263 At

2100 4300 2373 4370 lcgislator
2399 4316 2506 4356 non
2534 4304 2612 4356 sic
2642 4320 2654 4355 :
2685 4301 2777 4356 sed
2811 4318 3025 4372 semper
3059 4302 3306 4356 historias
3335 4302 3518 4356 scribit
3557 4302 3681 4355 illu-

2100 4395 2289 4449 strium
2317 4396 2550 4450 virorum
2581 4396 2671 4465 qui
2702 4410 2788 4450 res
2818 4396 3100 4465 praeclaras
3127 4404 3442 4466 gesserunt;
3473 4405 3532 4449 ut
3560 4394 3684 4449 vita:

2101 4485 2313 4541 illorum
2342 4487 2577 4540 narratio
2616 4488 2844 4557 posteris
2887 4487 2958 4541 sit
2993 4488 3207 4556 Optima:
3240 4487 3496 4541 doctrinae
3522 4501 3683 4556 argu-

2101 4589 2357 4634 mentum.
2392 4579 2622 4650 ldeoque
2652 4595 2756 4634 non
2789 4579 2949 4634 modo
2977 4595 3071 4635 eos
3099 4580 3187 4650 qui
3218 4595 3275 4634 se
3305 4580 3468 4648 probe
3494 4595 3686 4649 gesse-

2102 4680 2227 4725 runt
2252 4671 2303 4724 in
2336 4670 2569 4725 medium
2609 4671 2863 4736 adducit,
2906 4672 2997 4726 sed
3042 4673 3201 4727 etiam
3244 4681 3549 4743 peccatores
3581 4688 3596 4728 :
3630 4680 3691 4726 ut

2102 4764 2222 4817 illos
2259 4764 2603 4830 temulemur,
2648 4764 2746 4819 hos
2782 4774 2958 4819 autem
2997 4764 3257 4835 fugiamus
3284 4809 3300 4834 ,
3344 4775 3397 4820 et
3430 4766 3686 4835 utrinque

2102 4854 2354 4908 virtutem
2396 4854 2834 4925 diligentiamque
2876 4855 3134 4925 majorem
3181 4855 3559 4924 adipiscamur.
3611 4854 3689 4906 Ne

2103 4949 2222 5018 quis
2265 4963 2392 5019 ergo
2433 4950 2700 5003 existimet
2740 4958 2891 5005 extra
2939 4949 3255 5019 legislatoris
3288 4948 3519 5001 ofﬁcium
3569 4960 3690 5000 esse

2104 5038 2354 5093 historias
2382 5049 2592 5094 veteres
2629 5056 2848 5095 narrare
2871 5082 2888 5108 ,
2942 5050 2997 5096 et
3026 5042 3167 5111 leges
3212 5038 3560 5110 perscribere.
3592 5036 3688 5089 Et-

2105 5133 2246 5187 enim
2281 5148 2437 5202 quam
2468 5134 2570 5186 vim
2588 5133 2749 5189 habet
2778 5134 2885 5200 lex,
2909 5134 3150 5189 eamdem
3164 5132 3364 5185 obtinet
3387 5137 3691 5182 sanctorum

2103 5223 2227 5276 Viue
2258 5225 2507 5277 narratio.
2540 5223 2637 5278 Est
2666 5225 2841 5294 itaque
2870 5225 2924 5278 in
2956 5225 3119 5278 veteri
3152 5225 3266 5291 lege
3294 5220 3435 5274 aliud
3467 5219 3687 5272 histori-

2106 5329 2227 5370 cum
2257 5357 2271 5380 ,
2303 5324 2359 5368 ut
2383 5316 2741 5370 Octateuchus
2768 5317 2878 5386 (a):
2912 5329 3102 5384 nempe
3122 5312 3367 5377 Genesis,
3395 5325 3513 5379 qua:
3537 5323 3691 5364 crea-

2111 5409 2305 5462 tionem
2332 5417 2567 5471 enarrat,
2603 5422 2807 5462 necnon
2829 5408 2987 5460 vitam
3010 5419 3194 5460 eorum
3226 5402 3314 5471 qui
3344 5401 3453 5455 Deo
3481 5398 3687 5467 accepti

2110 5500 2289 5567 fuere;
2323 5500 2562 5568 Exodus,
2585 5516 2704 5571 qua:
2720 5499 2933 5554 Judtcos
2954 5495 3170 5552 exhibet
3190 5509 3253 5548 ex
3276 5492 3507 5562 Aigypto
3528 5490 3691 5544 mira-

2176 5652 2248 5715 (a)
2283 5653 2618 5711 Octateuchus,
2636 5657 2746 5701 octo
2764 5650 2950 5715 priores
2970 5648 3223 5707 Scriptura:
3240 5639 3696 5715 lihros_eomplecti-

2112 5710 2207 5772 tur,
2229 5710 2476 5774 Cenesim,
2510 5715 2740 5771 l-Zxodum,
2766 5710 3049 5774 leviticum,
3095 5714 3342 5769 [\‘uineros,
3389 5710 3690 5756 Deuterono-

2112 5779 2277 5840 mium,
2297 5784 2459 5838 Josue,
2485 5776 2697 5835 Judices,
2718 5780 2769 5825 et
2789 5773 2927 5821 itum.
