4102 6322
505 349 610 404 515

505 464 678 516 biliter
693 460 912 515 eductos
931 465 985 512 et
1006 457 1275 517 liberatos,
1298 456 1523 525 atquein
1546 453 1760 509 deserto
1774 451 1863 505 diu
1883 464 2087 504 moran-

503 563 603 616 tes,
624 553 896 622 legemque
914 553 1069 604 latam
1096 567 1109 613 ;
1132 548 1417 611 Leviticus,
1450 547 1500 600 in
1523 559 1627 614 quo
1647 544 1714 598 de
1735 541 2010 597 sacriﬁciis
2029 549 2082 594 et

504 643 840 697 sacerdotio:
871 657 990 696 nam
1015 641 1186 694 tribus
1210 639 1334 693 Levi
1365 635 1717 693 sacerdotium
1741 635 1923 689 sortita
1954 644 2038 689 est
2070 653 2083 687 :

503 745 558 788 et
581 751 644 789 ex
671 735 838 788 tribus
865 733 1078 788 nomine
1109 741 1442 800 nuncupatus
1471 729 1606 783 liber
1625 736 1725 782 est.
1751 727 1949 780 Deinde
1975 726 2084 779 Nu-

503 828 675 891 meri;
719 835 838 895 post
881 840 1154 895 egressum
1197 827 1337 878 enim
1380 838 1443 876 ex
1490 820 1722 890 A‘ngpto
1753 818 1912 888 jussit
1947 818 2096 871 Deus-

503 918 770 972 numerari
817 916 1072 985 populum
1115 913 1396 969 Judaicum
1424 953 1437 977 ,
1487 921 1744 980 erantque
1786 911 2086 964 sexcenties

503 1011 680 1074 mille,
715 1011 781 1064 ab
811 1027 916 1064 uno
947 1009 1162 1064 homine
1193 1007 1494 1061 Abrahamo
1519 1007 1639 1061 orti.
1669 1006 1860 1060 Postea
1892 1006 2084 1059 Dente-

502 1103 804 1158 ronomium
835 1120 848 1156 :
879 1103 1046 1171 legem
1074 1101 1215 1155 enim
1241 1099 1477 1155 secundo
1509 1099 1886 1168 interpretatus
1915 1107 1995 1152 est
2021 1098 2084 1151 il-

503 1195 570 1248 lis
593 1195 821 1267 Moyses.
867 1193 1064 1248 Deinde
1092 1194 1248 1248 Jesus
1288 1193 1426 1247 ﬁlius
1459 1192 1602 1247 Nave
1635 1209 1645 1244 :
1676 1191 1763 1246 hic
1796 1191 1944 1246 enim
1967 1199 2084 1258 post

502 1287 737 1358 Moysetn
769 1287 978 1340 illorum
1011 1285 1116 1339 dux
1149 1285 1466 1339 constitutus
1491 1325 1504 1348 ,
1541 1285 1593 1337 in
1625 1292 1818 1338 terram
1852 1283 2080 1350 promis-

503 1379 670 1432 sionis
692 1377 981 1430 introduxit
1002 1377 1140 1441 illos,
1166 1385 1465 1443 terramque
1488 1390 1584 1444 per
1612 1383 1782 1429 sortes
1803 1373 2082 1427 duodecim

505 1470 746 1525 tribubus
772 1468 967 1522 divisit.
998 1468 1126 1522 Post
1153 1467 1293 1521 hunc
1318 1466 1531 1521 Judices
1564 1483 1576 1520 :
1619 1481 1741 1519 nam
1781 1465 1905 1519 Jesu
1937 1479 2082 1516 mor-

507 1570 617 1626 tuo,
651 1560 947 1629 respublica
978 1557 1282 1614 Judacorum
1310 1559 1360 1612 in
1387 1556 1770 1612 aristocratiam
1798 1570 1948 1609 versa
1975 1563 2077 1619 est,

503 1662 558 1704 et
584 1651 750 1706 tribus
773 1651 1048 1720 imperium
1072 1649 1505 1704 moderabantur.
1532 1646 1733 1701 Deinde
1757 1645 1919 1712 Ruth,
1950 1645 2083 1699 liber

503 1745 725 1813 exiguus
748 1784 763 1808 ,
794 1742 1067 1797 historiam
1097 1741 1456 1810 complectens
1482 1739 1721 1794 mulieris
1749 1738 2078 1805 alienigenae,

502 1851 619 1904 quae
645 1834 827 1889 Judreo
851 1835 1059 1888 cuidam
1088 1834 1282 1902 nupsit.
1309 1833 1435 1887 Post
1459 1832 1600 1885 hunc
1626 1831 1930 1900 Regnorum
1961 1828 2080 1883 libri

503 1937 729 1994 quatuor
757 1943 770 1978 :
805 1925 855 1980 in
883 1926 1073 1996 quibus
1101 1934 1250 1994 gesta
1279 1924 1473 1986 Saulis,
1500 1921 1733 1987 Davidis,
1759 1921 2080 1985 Salomonis,

504 2017 656 2083 Elite,
692 2016 890 2083 Elisaei,
921 2026 973 2071 et
1001 2017 1201 2086 reliqua
1231 2031 1400 2086 usque
1424 2014 1488 2068 ad
1518 2013 1877 2083 captivitatem
1911 2011 2083 2082 Baby-

504 2110 748 2165 lonicam.
794 2109 920 2163 Post
965 2108 1270 2177 Regnorum
1313 2107 1474 2160 libros
1523 2103 1744 2159 Esdras.
1792 2103 2079 2171 Postquam

503 2202 644 2254 cnim
673 2201 722 2254 in
761 2200 1082 2272 Babylonem
1110 2199 1179 2253 ob
1206 2207 1418 2268 peccata
1454 2211 1546 2250 sua
1577 2195 1790 2250 abducti
1831 2194 2080 2259 fuerant,

504 2294 678 2363 ibique
704 2295 1033 2364 septuaginta
1060 2293 1214 2347 annis
1244 2293 1294 2346 in
1324 2290 1580 2346 servitute
1607 2297 1914 2344 manserant
1937 2330 1953 2354 ,
1985 2288 2081 2341 de-

505 2401 650 2438 mum
686 2385 822 2439 Deus
853 2386 1091 2454 placatus
1115 2424 1128 2445 ,
1161 2383 1213 2436 id
1253 2381 1482 2452 providit
1527 2391 1582 2435 ut
1620 2380 1793 2450 Cyrus
1826 2389 1948 2433 tunc
1989 2395 2082 2433 rex

505 2477 808 2541 Persarum,
841 2475 1030 2546 Cyrus,
1064 2477 1298 2545 inquam,
1327 2473 1480 2542 cujus
1510 2472 1763 2542 puerilem
1796 2470 2091 2524 institutio-

505 2583 626 2621 nem
646 2567 926 2636 descripsit
941 2565 1262 2635 Xenophon,
1280 2565 1516 2634 captivos
1536 2563 1847 2618 dimitteret.
1868 2561 2082 2616 Dimissi

505 2673 632 2711 vero
654 2658 924 2711 redierunt
949 2657 1168 2712 ducibus
1199 2656 1389 2721 Esdra,
1421 2654 1634 2709 Necmia
1657 2664 1710 2707 et
1735 2653 2081 2708 Zorobabele.

506 2749 656 2804 Hunc
688 2749 913 2802 reditum
945 2748 1200 2803 describit
1230 2747 1425 2802 Esdras
1447 2787 1462 2812 ,
1495 2754 1549 2800 et
1584 2744 1850 2814 quomodo
1881 2744 2083 2798 reversi

507 2841 758 2909 templum
781 2839 952 2894 denuo
966 2836 1392 2900 construxerint,
1407 2837 1698 2905 urbemque
1726 2835 2086 2890 reaedilicave‘

505 2933 628 2987 rint.
654 2935 876 2987 Centum
897 2931 1088 2986 deinde
1110 2931 1261 2985 annis
1276 2930 1495 3000 elapsis,
1515 2944 1697 2984 rursus
1719 2928 1838 2983 illos
1863 2928 2080 2996 bellum,

504 3022 896 3078 Macedonicum
927 3037 1118 3090 nempe
1143 3062 1158 3086 ,
1190 3022 1403 3075 invasit.
1437 3019 1638 3074 Deinde
1668 3019 1916 3074 Antiochi
1958 3020 2085 3090 Epi-

506 3117 695 3185 phanis
723 3124 868 3187 gesta
908 3123 1223 3185 sequuntur,
1259 3113 1471 3184 quando
1501 3113 1668 3168 tribus
1709 3112 1864 3168 annis
1899 3122 1953 3167 et
1995 3113 2080 3167 di-

505 3208 669 3262 midio
696 3207 900 3262 obsessi
927 3247 941 3271 ,
975 3206 1218 3276 maleque
1246 3205 1419 3260 allecti
1444 3245 1458 3269 ,
1488 3219 1518 3258 a
1545 3203 1936 3258 calamitatibus
1965 3220 2082 3258 rur-

504 3317 622 3355 sum
643 3301 806 3370 erepti
829 3308 969 3355 suut.
994 3299 1120 3354 Post
1143 3298 1257 3353 haec
1281 3297 1489 3352 modico
1509 3296 1692 3366 elapso
1718 3305 1957 3364 tempore
1981 3296 2084 3367 (a),

500 3389 743 3445 Christus
767 3389 1000 3454 advenit,
1027 3398 1081 3444 ct
1107 3389 1270 3443 Vetus
1291 3388 1687 3443 Testamentum
1718 3386 1932 3442 desinit.

571 3482 868 3537 Iudaeorum
908 3499 1063 3554 genus
1110 3482 1263 3537 unde.
1293 3511 1366 3522 —
1402 3480 1472 3538 Ut
1508 3489 1684 3535 autem
1715 3480 1948 3536 discatur
1975 3479 2078 3536 Ju-

505 3574 668 3629 daicae
713 3577 884 3644 gentis
924 3577 1110 3646 origo,
1155 3574 1397 3644 quaedam
1448 3574 1535 3629 hic
1586 3573 1877 3629 enarranda
1934 3583 2079 3628 sunt.

503 3667 628 3720 Post
652 3666 817 3721 Adam
844 3666 940 3720 fuit
967 3666 1114 3732 Seth,
1140 3665 1331 3720 deinde
1361 3663 1570 3730 Enoch,
1597 3672 1779 3734 postea
1799 3664 1888 3719 alii
1917 3679 2081 3734 usque

501 3758 568 3812 ad
599 3759 788 3813 multas
815 3759 1212 3829 generationes;
1235 3757 1447 3811 demum
1473 3755 1607 3822 Noe,
1635 3755 1786 3824 cujus
1816 3764 2076 3825 tempore,

500 3867 621 3905 cum
651 3851 892 3906 homines
920 3862 1100 3906 essent
1131 3850 1331 3904 malitia
1353 3848 1626 3918 corrupti,
1660 3847 1914 3903 diluvium
1941 3849 2082 3904 acci-

502 3942 598 3996 dit.
649 3943 904 3998 Cessante
941 3943 1140 3997 diluvio
1164 3984 1180 4010 ,
1211 3956 1458 4013 egressus
1495 3957 1563 3996 ex
1603 3955 1726 3996 arca
1770 3942 1916 3997 solus
1956 3957 2076 3996 cum

503 4031 673 4086 tribus
702 4032 842 4097 ﬁliis,
877 4042 1067 4087 terram
1095 4047 1307 4088 omnem
1332 4033 1479 4101 prole
1503 4046 1596 4086 sua
1623 4031 1866 4102 replevit,
1899 4033 2080 4087 multis

500 4122 837 4176 successione
864 4123 1087 4191 quadam
1116 4124 1408 4192 prognatis.
1440 4122 1572 4178 Cum
1599 4139 1728 4194 ergo
1753 4125 1963 4193 plurimi
1989 4139 2078 4180 es-

501 4221 622 4268 sent
641 4254 656 4280 ,
689 4212 1051 4268 deliberat-unt
1089 4214 1353 4269 tediﬁcare
1391 4215 1578 4268 turrim
1599 4255 1614 4280 ,
1643 4230 1762 4284 qua:
1791 4215 1858 4268 ad
1889 4215 2076 4270 cmlum

503 4319 668 4373 usque
692 4305 1033 4374 pcrtingeret.
1061 4305 1254 4359 Eorum
1276 4306 1555 4360 consilium
1584 4305 1893 4375 improbans
1915 4306 2075 4372 Deus,

502 4397 708 4466 linguas
738 4398 970 4466 ipsorum
991 4397 1249 4464 confudit,
1282 4413 1548 4468 unamque
1575 4398 1626 4452 in
1654 4398 1848 4452 multas
1877 4398 2075 4453 divisit.

500 4489 674 4555 Quare
701 4503 819 4542 cum
849 4504 952 4543 non
980 4505 1097 4545 sese
1125 4499 1307 4546 mutuo
1335 4489 1614 4555 audirent,
1648 4489 1806 4544 simul
1838 4489 2078 4544 habitare

504 4595 608 4635 non
641 4590 921 4650 potuerunt
951 4599 964 4635 :
996 4599 1114 4652 qua:
1153 4598 1312 4638 causa
1353 4581 1451 4636 fuit
1475 4591 1534 4637 ut
1576 4597 1671 4652 per
1700 4590 1867 4636 totum
1896 4581 2077 4636 orbem

504 4671 960 4745 dispergerentur.
994 4674 1195 4729 Dicitur
1221 4684 1400 4729 autem
1437 4674 1490 4729 in
1521 4674 1609 4729 illa
1637 4673 1945 4729 confusione
1976 4673 2079 4726 lin-

499 4777 719 4832 guarum
741 4804 754 4824 ,
789 4762 1054 4818 Heberum
1084 4763 1388 4820 Iudaeorum
1418 4765 1811 4836 progenitorem
1843 4763 2080 4818 noluisse

501 4855 686 4908 tentati
707 4855 883 4924 operis
905 4869 1026 4910 esse
1053 4857 1382 4927 participem,
1409 4858 1687 4928 solumque
1714 4856 1972 4910 mansisse
1990 4856 2076 4925 qui

501 4946 734 5016 linguam
778 4954 1019 5001 servaret
1055 4944 1126 5018 (ὁ)
1153 4988 1167 5012 ,
1213 4947 1315 5004 hoc
1349 4950 1534 5017 optimi
1563 4947 1773 5004 consilii
1804 4949 2076 5017 prcemium

499 5038 771 5108 adeptum.
797 5038 873 5093 Ex
891 5038 1170 5108 nepotibus
1185 5039 1299 5109 ejus
1319 5039 1417 5094 fuit
1431 5040 1698 5095 Abraham
1719 5057 1732 5093 :
1753 5038 1976 5108 ideoque
1996 5038 2078 5092 Ju-

499 5130 735 5186 dteorum
758 5131 955 5200 lingua,
979 5129 1233 5185 Hebraica
1260 5140 1480 5185 vocatur
1504 5133 1572 5186 ab
1593 5130 1819 5186 Hebero.
1849 5131 2077 5184 Abralize

500 5224 642 5279 ﬁlius
681 5223 778 5278 l‘uit
817 5223 962 5278 Isaac
985 5263 1000 5287 ,
1036 5222 1191 5292 hujus
1227 5222 1410 5278 Jacob.
1460 5223 1558 5278 Hic
1585 5223 1770 5293 genuit
1794 5222 2075 5278 duodecim

500 5316 855 5385 patriarchas,
887 5315 1072 5371 Ruben
1097 5356 1112 5380 ,
1137 5315 1393 5385 Symeon,
1419 5314 1566 5384 Levi,
1598 5314 1810 5382 Judam,
1842 5315 2074 5381 lsachar,

500 5408 760 5474 Zabulon,
783 5405 1305 5478 Nephthalim,Gad,
1337 5406 1471 5475 Dan,
1503 5409 1658 5470 Aser,
1691 5407 1910 5478 Joseph,
1941 5408 2078 5463 Beu-

557 5520 628 5581 (a)
665 5528 695 5566 Α
741 5518 1069 5580 profanatione
1115 5517 1284 5581 templi
1329 5531 1417 5580 per
1462 5517 1742 5581 Antiochum
1781 5518 2076 5581 Epiphauem

493 5580 617 5629 facta
641 5581 697 5628 ad
722 5587 878 5630 ortum
902 5582 1075 5632 Christi
1099 5583 1211 5630 anni
1235 5588 1348 5630 sunt
1369 5580 1562 5628 circiter
1586 5587 1781 5641 centum
1803 5580 2074 5641 sexaginta.

562 5642 634 5702 (ὁ)
669 5642 881 5691 Homiliis
913 5644 960 5691 in
991 5644 1213 5692 Geuesim
1235 5650 1366 5691 Tom.
1405 5641 1487 5695 IV,
1531 5640 1622 5690 col.
1649 5639 1757 5696 ‘3’79,
1785 5642 1851 5688 ait
1874 5639 2077 5702 Chryso-

491 5712 678 5754 ctonnts
700 5705 940 5753 lleberutn
953 5705 1104 5753 solum
1126 5708 1326 5762 primum
1339 5703 1500 5752 mundi
1512 5716 1736 5751 servasse
1752 5703 1936 5749 idiotna.
1951 5703 2077 5762 quod

499 5766 578 5816 hic
598 5773 745 5816 etiam
768 5765 890 5816 dicit.
922 5767 1012 5817 sed
1039 5763 1168 5818 eadc
1180 5780 1235 5818 rc
1247 5765 1767 5818 controvertitunVidc
1782 5771 1940 5814 notant
1958 5763 2075 5813 iliid.

1209 341 1265 399 S.
1307 338 1584 398 JOANNIS
1622 333 2102 394 CHRYSOSTOMl
2141 335 2454 392 ARCHIEP.
2485 335 3016 394 CONSTANTINOP.

3657 337 3762 395 διο

2189 450 2377 519 jamin.
2405 449 2661 506 Undecim
2702 452 2887 506 horum
2925 450 3338 521 patriarcharum
3373 467 3566 508 nomen
3606 469 3760 508 acce-

2194 557 2319 610 pere
2351 542 2516 596 trihus
2557 543 2622 598 ab
2661 543 2764 597 illis
2801 553 2954 598 ortaa.
2997 543 3368 615 Unusquisque
3394 547 3533 601 enim
3563 549 3785 613 tribum

2191 633 2590 702 proseminavit,
2611 644 2664 688 et
2683 635 2860 704 proles
2885 637 2953 690 ab
2978 638 3066 691 eis
3079 637 3536 693 denominabatur.
3562 639 3781 704 Verum,

2192 724 2407 792 Josephi
2437 741 2540 779 non
2573 743 2674 780 una
2698 727 2885 792 tribus,
2915 729 3006 782 sed
3029 729 3146 784 dua:
3172 731 3399 784 fuerunt.
3425 730 3600 785 Noluit
3620 723 3784 790 eniml

2191 815 2431 910 Josephi'
2452 828 2600 887 pater
2620 834 2778 910 unam
2823 820 3014 874 tribum
3036 821 3104 876 ab
3123 836 3188 877 eo
3231 822 3582 878 denomiuari.
3624 806 3796 910 Quid-1

2191 923 2317 976 ergo
2339 909 2534 962 factum
2561 920 2640 962 est
2666 910 2688 962 ?
2716 909 2846 976 Quia
2874 925 3010 965 unus
3036 921 3150 966 erat
3178 912 3286 978 ille,
3311 923 3367 966 ut
3388 913 3583 982 duplex
3613 914 3763 970 ﬁeret

2197 1000 2515 1067 patriarcha,
2536 1001 2785 1070 Ephraim
2799 1011 2853 1057 et
2867 1002 3160 1058 Manassem
3178 1004 3312 1060 duos
3332 1005 3447 1076 ejus
3462 1006 3617 1075 ﬁlios,
3630 1007 3762 1062 dua-

2190 1090 2288 1144 bus
2335 1091 2572 1146 tribubus
2609 1094 2822 1147 nomina
2855 1109 2949 1148 sua
2978 1095 3106 1149 dare
3142 1095 3318 1165 jussit.
3368 1097 3518 1153 Unde
3542 1101 3756 1169 contigit

2189 1194 2247 1238 ut
2277 1185 2529 1239 tredecim
2563 1187 2735 1241 tribus
2757 1198 2971 1253 essent;
3005 1205 3196 1260 nempe
3227 1191 3468 1247 undecim
3498 1193 3756 1256 aliorum,

2192 1286 2244 1329 et
2271 1275 2387 1330 dua:
2415 1275 2632 1346 Josephi
2664 1295 2758 1348 per
2787 1279 2901 1349 ejus
2941 1280 3095 1334 ﬁlios.
3129 1282 3322 1338 Tribus
3361 1283 3490 1340 Levi
3523 1285 3643 1340 hinc
3669 1302 3760 1340 ex-

2191 1369 2436 1438 trahitur,
2460 1371 2739 1444 ordinique
2760 1375 3071 1430 sacerdotali
3093 1377 3404 1446 deputatur:
3423 1395 3593 1450 neque
3610 1380 3755 1434 enim

2190 1465 2546 1518 necessarium
2577 1477 2689 1521 erat
2713 1468 2854 1522 aliud
2879 1469 3148 1538 quidpiam
3178 1471 3274 1541 ipsi
3305 1471 3547 1538 tradere;
3577 1473 3758 1543 sicque

2188 1563 2368 1608 manet
2394 1556 2673 1612 duodecim
2715 1559 2944 1614 tribuum
2986 1576 3239 1625 numerus
3284 1576 3391 1616 non
3431 1563 3755 1618 imminutus.

2188 1645 2479 1703 Duodecim
2501 1665 2628 1721 ergo
2659 1651 2826 1706 tribus
2853 1653 2954 1707 alia
2985 1654 3161 1709 omnia
3191 1656 3446 1726 gerebant
3473 1674 3487 1710 :
3516 1656 3640 1712 Levi
3666 1673 3765 1711 au-

2188 1745 2292 1791 tem
2327 1739 2482 1794 tribui
2512 1742 2602 1795 uni
2642 1743 2995 1799 sacerdotalia
3031 1746 3210 1800 munia
3247 1747 3550 1801 concredita
3583 1757 3758 1803 erant.

2188 1828 2267 1884 Ex
2301 1830 2399 1885 hac
2424 1833 2563 1888 tribu
2593 1833 2800 1905 Moyses
2825 1845 2958 1890 erat.
2987 1835 3049 1890 Hi
3080 1852 3206 1906 ergo
3234 1837 3511 1894 duodecim
3538 1840 3768 1908 patriar-

2187 1921 2301 1977 chte
2332 1922 2385 1977 in
2425 1923 2711 1995 AEgyptum
2745 1926 3001 1996 profecti,
3036 1928 3250 1997 impleta
3283 1928 3374 1983 Dei
3409 1929 3762 1998 promissione

2187 2012 2492 2070 Abrahamo
2521 2016 2658 2072 facta
2678 2059 2694 2084 ,
2727 2033 2828 2088 qua
2856 2018 3149 2086 dicebatur,
3183 2019 3395 2073 Faciant
3424 2037 3593 2074 semen
3622 2032 3774 2075 tuum-

2186 2105 2314 2158 sicut
2335 2105 2506 2161 stellas
2529 2108 2660 2172 caeli,
2689 2118 3060 2164 sexcentorum
3092 2110 3314 2165 millium
3341 2111 3489 2168 fuere
3519 2113 3762 2183 progeni-

2189 2207 2351 2251 tores.
2370 2197 2505 2253 Hinc
2519 2199 2825 2255 Judaaorum
2843 2217 3008 2271 genus
3031 2203 3373 2258 constitutum
3384 2211 3485 2265 est,
3499 2206 3641 2276 quod
3657 2217 3761 2258 no-

2188 2305 2310 2343 men
2337 2292 2540 2361 accepit
2567 2307 2596 2346 a
2628 2293 2763 2348 tribu
2791 2293 2928 2348 Juda
2955 2294 3190 2348 omnium
3218 2295 3483 2364 praecipua
3513 2303 3567 2348 et
3594 2295 3758 2364 regia,

2187 2382 2328 2436 unde
2355 2398 2508 2452 reges
2527 2385 2699 2439 exorti
2720 2386 3076 2441 sunt.Veteris
3093 2386 3249 2456 igitur
3269 2387 3594 2442 Testamenti
3619 2388 3761 2442 aliud

2187 2472 2398 2542 quidem
2429 2472 2737 2530 historicum
2767 2486 2848 2531 est
2871 2516 2886 2542 ,
2919 2475 3020 2532 hoc
3046 2491 3236 2546 nempe
3265 2477 3415 2546 quod.
3428 2477 3540 2546 jam
3567 2492 3772 2532 recen-

2186 2566 2409 2620 suimus.
2440 2566 2568 2632 Quae
2594 2567 2661 2622 ad
2689 2569 2907 2623 consilia
2933 2569 3151 2622 moralia
3176 2568 3461 2638 pertinent,
3490 2578 3613 2624 sunt
3635 2569 3762 2623 Pro-

2185 2655 2386 2721 verbia,
2415 2655 2683 2726 Sapientia
2713 2657 2917 2724 Sirach,
2951 2659 3319 2724 Ecclesiastes,
3345 2659 3560 2715 Cantica
3589 2659 3776 2714 cauti--

2185 2761 2390 2800 corum.
2427 2747 2802 2819 Propheticum
2832 2763 2960 2804 vero
2987 2759 3112 2805 sunt
3140 2750 3408 2806 sexdecim
3438 2750 3720 2820 Propheta:
3744 2791 3760 2814 ,

2186 2835 2328 2891 Ruth
2351 2837 2449 2909 (a),
2471 2849 2523 2893 et
2545 2839 2727 2895 David.
2750 2839 2844 2895 Hae
2863 2855 2990 2896 vero
3009 2841 3438 2910 specicsdivisze,
3460 2842 3618 2896 etiam
3642 2856 3762 2911 per-

2187 2929 2390 2984 mixtim
2425 2932 2543 2986 aliaa
2570 2933 2621 2986 in
2651 2931 2769 2987 aliis
2803 2934 3158 3003 reperiuntur.
3193 2934 3436 3004 Exempli
3474 2949 3635 2991 causa
3658 2976 3675 3002 ,
3707 2933 3772 2989 in-

2187 3018 2420 3075 historiis
2449 3021 2778 3092 prophetiam
2803 3024 3041 3081 invenire
3067 3033 3150 3081 est
3171 3043 3186 3081 :
3206 3034 3266 3081 et
3289 3025 3574 3096 prophetas
3597 3025 3765 3082 histo-

2187 3112 2294 3165 rica
2325 3112 2487 3166 multa
2519 3128 2799 3170 recensere
2827 3114 3091 3181 audimus,
3121 3124 3281 3188 atque
3306 3117 3360 3172 in
3387 3117 3579 3173 horum
3610 3127 3761 3173 utro-

2185 3219 2289 3273 que
2313 3204 2531 3258 consilia
2555 3214 2608 3260 et
2627 3207 2826 3262 monita
2847 3206 3313 3278 deprehendimus,
3344 3225 3538 3281 nempe
3561 3211 3613 3265 in
3640 3226 3761 3281 pro-

2186 3295 2364 3364 phetia
2390 3305 2447 3351 et-
2473 3298 2525 3351 in
2571 3297 2815 3354 historia.
2856 3297 2982 3355 Hac
3009 3301 3186 3355 omnia
3205 3341 3220 3368 ,
3253 3310 3313 3356 ut
3337 3301 3473 3366 dixi,
3504 3301 3570 3356 ad
3599 3318 3773 3358 unum.

2184 3386 2508 3456 respiciunt,
2540 3404 2730 3458 nempe
2751 3389 2818 3444 ad
2844 3390 3172 3446 audientium
3198 3392 3625 3448 emendationem
3644 3435 3659 3459 ,
3690 3394 3759 3448 ita

2186 3486 2244 3531 ut
2268 3494 2334 3533 ex
2361 3479 2510 3548 prius
2535 3490 2802 3551 gestorum
2824 3483 3148 3551 narratione,
3175 3499 3239 3540 ex
3271 3485 3494 3540 consilio
3517 3487 3760 3541 admoui-

2187 3571 2527 3642 tioneque,et
2551 3588 2615 3627 ex
2647 3571 2926 3643 prophetia
2946 3574 3012 3629 ad
3033 3575 3086 3630 id
3109 3575 3250 3645 quod
3277 3575 3531 3632 decorum
3557 3586 3638 3632 cst
3665 3591 3766 3632 nos

2184 3663 2584 3720 coucinnemus.
2610 3664 2912 3735 Prophetiae
2927 3681 3055 3722 vero
3072 3665 3451 3724 illudmaxime
3470 3682 3603 3738 opus
3622 3677 3759 3735 erat,

2186 3766 2244 3810 ut
2270 3756 2439 3810 futura
2463 3758 2873 3826 przenuntiaret,
2891 3772 2988 3814 seu
3014 3757 3151 3814 bona
3179 3773 3274 3814 seu
3300 3759 3435 3813 mala
3463 3771 3675 3825 essent;
3705 3770 3760 3817 ut

2183 3848 2319 3903 alios
2353 3846 2682 3903 attraherent
2702 3890 2717 3912 ,
2747 3849 2879 3905 alios
2917 3858 3062 3904 metu
3091 3865 3121 3904 a
3151 3850 3391 3920 nequitia.
3428 3863 3756 3907 coercerent.

2181 3939 2280 3996 Est
2304 3947 2357 3994 et
2380 3937 2522 3994 aliud
2551 3938 2843 4009 prophetia:
2865 3954 3058 4010 genus,
3083 3955 3274 4011 nempe
3299 3955 3360 3995 ea
3385 3956 3504 4011 quae
3523 3940 3589 3995 ad
3609 3942 3760 3996 Chri-

2183 4042 2324 4085 stum
2350 4031 2617 4101 pertinent
2635 4033 2911 4089 vaticinari
2935 4049 2950 4088 :
2972 4034 3062 4089 ubi
3086 4042 3331 4091 accurate
3357 4043 3628 4101 tractatur,
3652 4051 3772 4088 non.

2183 4122 2250 4177 de
2287 4122 2514 4178 adventu
2543 4123 2701 4179 modo
2723 4164 2739 4191 ,
2782 4123 2880 4179 sed
2908 4131 2962 4180 et
2989 4123 3057 4180 de
3086 4125 3150 4179 iis
3175 4140 3293 4195 qua:
3321 4134 3442 4196 post
3468 4125 3759 4180 adventum

2184 4213 2416 4269 facturus
2445 4223 2596 4283 erat,
2627 4214 2694 4270 de
2721 4223 2909 4286 partu,
2942 4215 3012 4273 de
3039 4216 3305 4273 natalibus
3323 4258 3340 4285 ,
3368 4217 3436 4272 de
3460 4232 3619 4273 cruce
3641 4259 3655 4283 ,
3692 4218 3770 4271 de

2183 4304 2478 4370 miraculis,
2499 4304 2567 4360 de
2595 4305 2974 4377 discipulorum
2993 4307 3277 4373 electione,
3305 4307 3373 4363 de
3393 4306 3544 4363 Novo
3569 4307 3758 4363 Testa-

2183 4403 2382 4460 mento,
2424 4395 2492 4451 de
2519 4397 2817 4452 cessatione
2851 4396 3188 4453 Judaicorum
3217 4398 3431 4464 rituum,
3454 4397 3520 4453 de
3545 4399 3759 4454 destru-

2183 4487 2361 4542 ctione
2397 4488 2776 4557 gentilitiorum
2801 4529 2816 4554 ,
2856 4487 2926 4543 de
2965 4487 3244 4543 nobilitate
3269 4488 3521 4544 Ecclesia
3543 4531 3558 4555 ,
3587 4489 3761 4558 deque

2184 4579 2303 4632 aliis
2327 4579 2572 4635 omnibus
2598 4578 3040 4649 subsequentibus
3065 4578 3244 4634 rebus.
3283 4578 3410 4636 llaec
3437 4580 3614 4635 omnia
3643 4581 3757 4634 cla-

2183 4671 2392 4726 rissime
2421 4680 2543 4726 ante
2571 4671 2797 4726 multum
2825 4680 3032 4741 tempus
3061 4670 3414 4741 praedixerant
3439 4671 3717 4743 prophetae
3737 4711 3758 4738 ,

2182 4761 2284 4816 alia
2311 4762 2516 4832 ﬁguris,
2536 4762 2635 4815 alia
2663 4761 2859 4817 verbis.

2255 4851 2543 4921 Prophetite
2572 4852 2685 4905 duae
2711 4852 2918 4921 species,
2949 4869 3036 4922 per
3061 4868 3213 4924 opera
3234 4862 3282 4907 et
3310 4869 3398 4923 per
3423 4851 3588 4906 verba.
3621 4850 3758 4906 Pro-

2185 4943 2364 5012 phetiw
2381 4951 2452 4996 est
2483 4959 2583 4996 non
2606 4943 2754 4996 modo
2779 4943 2968 5011 futura,
2992 4942 3081 4998 sed
3103 4945 3254 4998 etiam
3275 4943 3522 5011 pratert'ta
3539 4943 3754 5012 aperire.

2183 5064 2254 5074 -—
2280 5033 2488 5089 Etenim
2512 5033 2616 5088 duo
2641 5042 2766 5088 sunt
2791 5033 3081 5104 prephetiae
3101 5048 3317 5104 genera,
3346 5040 3406 5088 et
3428 5033 3674 5103 operibus
3699 5043 3756 5088 et

2184 5127 2359 5181 verbis
2389 5125 2562 5181 futura
2600 5126 2958 5194 praenuntiare
2991 5141 3005 5178 :
3045 5125 3222 5180 verbis
3263 5123 3510 5195 quidem,
3541 5132 3597 5178 ut
3636 5139 3757 5180 cum

2184 5233 2396 5274 crucem
2423 5217 2720 5289 signiﬁcare
2743 5218 3003 5284 volentes,
3030 5216 3249 5272 dicunt:
3277 5215 3420 5271 Sicut
3438 5216 3542 5271 ovis
3569 5215 3637 5269 ad
3661 5230 3758 5270 εαξη

2183 5310 2297 5363 dem
2321 5309 2503 5364 ductus
2525 5317 2596 5363 est
2617 5349 2631 5373 ,
2657 5318 2704 5362 et
2739 5308 2868 5362 sicut
2908 5324 3072 5378 agnus
3108 5323 3278 5361 coram
3304 5323 3361 5361 se
3385 5306 3618 5360 tondente
3653 5306 3759 5360 sine

2185 5419 2300 5457 voce
2329 5401 2494 5474 (lsat'.
2525 5402 2612 5458 55.
2641 5402 2672 5457 Ἰ
2693 5401 2733 5472 ).
2761 5400 2876 5456 Hoc
2912 5400 3088 5471 itaque
3114 5399 3287 5456 verbis
3327 5399 3458 5470 ipsis
3483 5399 3758 5456 vaticinari

2247 5514 2320 5578 (a)
2355 5513 2472 5578 Ruth
2512 5514 2652 5578 inter
2683 5512 2991 5578 prophetieos
3028 5511 3179 5561 libros
3207 5510 3426 5578 fortasse
3449 5511 3585 5578 ponit
3598 5513 3758 5578 ,__guia

2182 5571 2326 5626 unius
2346 5575 2563 5625 mulieris
2586 5571 2786 5637 privatai
2825 5574 3022 5637 historia
3053 5587 3149 5622 non
3174 5573 3424 5637 videbatur
3451 5571 3589 5637 inter
3615 5571 3758 5637 libros

2182 5650 2350 5687 sacros
2372 5632 2618 5698 accenseri
2645 5649 2805 5698 posse,
2831 5636 2922 5683 nisi
2945 5647 3006 5683 ex
3044 5647 3104 5682 ea
3124 5632 3330 5698 muliere
3355 5635 3624 5698 nasciturus
3646 5634 3758 5681 fuis-

2183 5708 2261 5748 set
2283 5699 2513 5755 Christus,
2538 5697 2582 5744 id
2643 5695 2733 5745 itod
2765 5703 2836 5745 tot
2871 5703 2985 5744 ante
3024 5695 3213 5744 Steculis
3250 5697 3436 5743 nonnisi
3477 5696 3758 5756 propincum

2186 5761 2298 5807 sciri
2319 5765 2534 5807 notet-at:
2561 5711 2638 5807 vel
2663 5760 2785 5807 forte
2808 5756 2925 5807 Ruth
2949 5756 3028 5807 hic
3051 5755 3286 5806 mendose
3309 5758 3579 5807 irt‘enserit.

2186 5761 2298 5811 sciri
2317 5765 2534 5822 potet-at;
2561 5755 2638 5809 vel
2663 5760 2785 5809 forte
2808 5756 2925 5808 Ruth
2949 5756 3028 5807 hic
3051 5755 3286 5806 mendose
3309 5755 3579 5820 irrepserit.
