4058 6344
292 470 467 524 έκεῖνο
510 464 569 520 αί
598 462 873 516 Βασιλεῖαι
904 461 961 513 αί
1002 459 1286 529 τέσσαρες,
1331 454 1392 511 ύν
1420 451 1507 521 αἷς
1551 457 1621 509 τά
1647 457 1725 517 είς
1763 454 1855 507 τὸν

288 560 483 621 Σαοὺλ,
530 556 601 609 τὰ
625 557 703 619 εἰς
729 553 819 608 τὸν
849 553 1028 617 Δαυῖδ,
1060 552 1126 605 τά
1167 552 1246 614 είς
1287 548 1604 619 Σολομῶντα
1644 547 1738 600 καὶ
1768 546 1857 599 τὸν

302 648 486 701 Ἠλίαν
514 647 607 700 καὶ
634 645 724 698 τὸν
771 644 1088 705 Ἐλισσαῖον,
1122 640 1214 693 καὶ
1246 638 1313 692 τὰ
1340 638 1500 709 μέχρι
1528 638 1627 707 τῆς
1650 637 1854 706 αἰχμα-

287 741 488 803 λωσίας
533 738 636 808 τῆς
682 738 761 800 είς
800 734 1110 789 Βαϐυλῶνα.
1146 731 1301 786 Μετὰ
1341 730 1397 783 δὲ
1440 730 1539 793 τὰς
1587 728 1858 798 βασιλείας

294 833 549 903 Ἔσδρας.
603 826 817 897 Ἐπειδὴ
853 826 959 897 γάρ
1006 824 1389 894 ἀπηνέχθησαν
1432 824 1512 885 είς
1562 820 1856 873 Βαϐυλῶνα

288 923 650 996 ἁμαρτόντες,
681 921 772 974 καὶ
798 918 1165 987 ἑϐδομήκοντα
1210 914 1305 985 έτη
1335 913 1640 968 διετέλεσαν
1669 912 1857 966 αὐτόθι

290 1013 652 1075 δουλεύοντες,
673 1011 701 1063 6
722 1008 853 1073 Θεὸς
892 1008 1114 1078 ὕστερον
1151 1005 1307 1068 ίλεως
1334 1005 1513 1066 αὐτοῖς
1550 1002 1856 1073 γενόμενος,

301 1101 682 1176 παρεσκεύασε
714 1100 801 1153 τδν
835 1098 1013 1169 Κῦρον
1058 1097 1148 1150 τὸν
1188 1096 1306 1149 τότε
1352 1094 1575 1165 Περσῶν
1608 1092 1857 1163 βασιλεύ-

292 1212 447 1257 οντα,
481 1193 681 1264 Κῦρον,
730 1184 791 1244 οὗ
842 1190 940 1252 τὰς
992 1188 1235 1251 παιδείας
1267 1184 1540 1256 ἀνέγραψε
1589 1182 1853 1251 Ξενοφῶν,

288 1290 513 1358 ἀφεῖναι
549 1284 674 1346 τοὺς
717 1280 1108 1353 αἰχμαλώτους.
1138 1279 1248 1333 Καὶ
1281 1278 1527 1346 ἀφέντος,
1561 1274 1858 1345 ἐπανῆλθον

293 1376 598 1448 ἡγουμένου
648 1373 738 1427 τοῦ
798 1372 1035 1443 Ἔσδρα,
1081 1369 1174 1423 τοῦ
1230 1368 1502 1439 Νεεμίου,
1560 1368 1649 1420 τοῦ
1706 1369 1861 1437 Ζορο-

294 1468 487 1523 ϐάϐελ.
512 1466 624 1521 Καὶ
659 1465 755 1535 τὴν
793 1462 1045 1517 ἐπάνοδον
1065 1460 1269 1531 ταύτην
1300 1460 1497 1529 γράφει
1518 1460 1546 1511 6
1573 1458 1807 1528 Ἔσδρας
1841 1474 1853 1487 ·

293 1564 374 1625 ὡς
402 1556 783 1619 ἐπανελθόντες
812 1558 875 1608 ὲκ
914 1553 1165 1624 δευτέρου
1197 1552 1286 1605 τὸν
1317 1550 1442 1604 ναὸν
1480 1551 1851 1621 ᾠκοδόμησαν,

294 1650 393 1702 καὶ
430 1648 529 1718 τήν
555 1645 707 1697 πόλιν
744 1643 1065 1710 ἀνέστησαν.
1100 1639 1208 1693 Καὶ
1241 1639 1428 1691 ἑκατὸν
1471 1637 1860 1708 διαγενομένων

295 1736 471 1799 ἐτῶν,
520 1733 679 1788 πάλιν
728 1732 960 1801 πόλεμος
1004 1731 1199 1791 αὐτοὺς
1262 1727 1558 1781 κατέλαϐεν
1606 1729 1635 1780 6
1667 1729 1855 1781 Μακε-

293 1826 524 1889 δονικός.
575 1820 708 1877 Εἶτα
752 1822 821 1875 τά
868 1823 959 1875 ἐπὶ
999 1814 1267 1890 Ἀντιόχου
1316 1820 1509 1889 συνέϐη
1560 1817 1653 1871 τοῦ
1712 1818 1861 1870 Ἐπι-

296 1916 503 1988 φανοῦς
521 1956 537 1980 ,
578 1916 667 1969 ὅτε
688 1916 781 1967 καὶ
805 1914 930 1985 τρία
959 1912 1053 1983 ἐτη
1079 1910 1520 1982 πολιορκηθέντες
1555 1909 1646 1963 καὶ
1669 1911 1858 1980 ἥμισυ,

297 2009 487 2071 κακῶς
513 2006 791 2068 παθόντες,
838 2004 997 2057 πάλιν
1043 2002 1432 2074 ἀπηλλάγησαν
1473 2000 1582 2054 τῶν
1622 2002 1863 2070 ἐπιγενο-

303 2100 483 2172 μένων
522 2096 727 2151 κακῶν.
765 2094 877 2149 Καὶ
922 2096 1037 2164 μετ’
1080 2096 1253 2147 έκεῖνο
1281 2092 1457 2159 ὀλίγου
1487 2090 1861 2161 διαγενομένου

298 2193 520 2264 χρόνου,
568 2189 787 2262 ἔρχεται
816 2190 846 2242 6
888 2186 1155 2259 Χριστὸς,
1198 2185 1293 2239 καὶ
1334 2184 1483 2246 τέλος
1519 2182 1779 2254 λαμϐάνει
1829 2183 1862 2253 ή

302 2281 535 2337 Παλαιά.

375 2394 538 2448 Ὥστε
594 2392 651 2446 δὲ
716 2391 906 2463 μαθεῖν
960 2388 1121 2443 πόθεν
1177 2388 1403 2459 συνέστη
1473 2387 1533 2441 τὸ
1598 2384 1865 2439 Ἰουδαίων

301 2488 479 2558 γένος,
506 2487 799 2554 ἀναγκαῖον
832 2482 984 2550 ὀλίγα
1027 2483 1217 2535 είπεῖν.
1258 2480 1415 2535 Μετά
1448 2479 1537 2533 τὸν
1572 2479 1740 2548 ’Λδάμ
1771 2477 1863 2545 γέ-

303 2588 459 2649 γονεν
490 2581 519 2632 6
556 2577 686 2649 Σήθ,
730 2571 850 2629 εἶτα
889 2573 1076 2643 Ἑνὼχ,
1120 2567 1238 2625 εἶτα
1280 2572 1455 2643 ἕτεροι
1486 2570 1644 2640 μέχρι
1688 2568 1865 2622 πλειό·

304 2690 411 2726 νων
432 2669 632 2740 γενεῶν
655 2684 672 2700 ⁸
704 2668 800 2722 καὶ
828 2666 949 2720 τότε
972 2668 1001 2720 6
1034 2665 1177 2731 Νῶε,
1203 2664 1287 2735 ἐφ’
1306 2656 1390 2728 οῦ,
1438 2661 1547 2714 τῶν
1571 2658 1866 2730 ἀνθρώπων

256 2786 261 2791 ·
302 2760 709 2830 διαφθαρέντων
739 2754 846 2809 ὑπὸ
874 2754 1092 2817 κακίας,
1138 2752 1346 2820 γίνεται
1388 2750 1417 2801 6
1465 2744 1864 2813 κατακλυσμός.

305 2847 439 2904 Εἶτα
466 2847 561 2902 τοῦ
595 2841 979 2913 κατακλυσμοῦ
1011 2839 1329 2903 παυθέντος,
1376 2835 1601 2901 ἐξελθὼν
1636 2832 1741 2886 ἀπὸ
1770 2832 1868 2902 τῆς

305 2938 542 2993 κιϐωτοῦ
596 2938 750 3007 μόνος
799 2934 934 3005 μετά
984 2931 1187 2985 παίδων
1217 2928 1405 3001 τριῶν,
1454 2926 1715 2995 ἐνέπλησε
1740 3002 1743 3005 ἱ
1771 2922 1867 2993 τὴν

308 3032 419 3101 γῆν
443 3032 509 3082 ὲκ
536 3002 633 3099 τῆς
662 3002 827 3080 αὑτοῦ
855 3025 1062 3094 γενεᾶς,
1098 3020 1239 3075 κατά
1260 3018 1503 3089 διαδοχὴν
1524 3002 1743 3070 πολλῶν
1779 3013 1867 3066 δν-

309 3136 425 3174 των
446 3117 553 3172 τῶν
574 3116 915 3187 τικτομένων.
958 3114 1045 3176 Ὠς
1081 3107 1173 3165 οὖν
1202 3110 1444 3178 ἐγένοντο
1484 3107 1685 3169 πολλοὶ,
1714 3104 1867 3158 6606-

310 3208 574 3265 λεύσαντο
622 3207 822 3278 πύργον
862 3204 1208 3275 οἰκοδομῆσαι
1234 3242 1249 3266 ,
1303 3201 1572 3271 φθάνοντα
1623 3199 1729 3261 ἓως
1774 3192 1868 3249 τοῦ

307 3299 562 3378 ούρανοῦ.
590 3299 903 3367 Καταγνοὺς
939 3297 995 3350 δὲ
1037 3294 1211 3349 αὐτῶν
1246 3292 1342 3365 τὴν
1373 3291 1595 3362 γνώμην
1637 3290 1667 3341 6
1705 3288 1868 3351 Θεὸς,

309 3394 561 3464 συνέχεεν
593 3391 771 3446 αὐτῶν
784 3390 883 3453 τάς
908 3383 1281 3458 γλώσσας,καὶ
1300 3384 1396 3455 τὴν
1421 3384 1546 3454 μίαν
1567 3384 1646 3445 είς
1674 3380 1871 3442 πολλὰς

309 3485 572 3555 διέτεμεν.
596 3480 744 3553 [316]
760 3480 921 3532 Ὅθεν
940 3480 1148 3547 ἀνάγκη
1164 3476 1382 3545 γέγονεν
1402 3474 1583 3535 αὐτοῖς
1598 3472 1695 3524 οὐκ
1712 3468 1873 3523 ἀκού-

312 3592 468 3629 ουσιν
487 3574 748 3643 ἀλλήλων,
786 3570 920 3641 μηδὲ
944 3569 1254 3637 συνοικῆσαι
1294 3563 1540 3635 ἀλλήλοις
1566 3579 1579 3592 ·
1607 3561 1699 3615 καὶ
1734 3559 1870 3628 αῦτη

312 3667 507 3737 γέγονε
537 3665 801 3735 πρόφασις
829 3661 923 3715 τοῦ
965 3656 1239 3729 πανταχοῦ
1284 3654 1643 3725 διασπαρῆναι
1680 3650 1873 3712 αὐτοὺς

309 3760 418 3829 τῆς
448 3755 783 3825 οἰκουμένης.
807 3750 1035 3819 Λέγεται
1053 3749 1109 3802 δὲ
1135 3751 1192 3801 ὲν
1210 3747 1380 3817 ταύτῃ
1401 3748 1466 3816 τῇ
1494 3741 1747 3813 συγχύσει
1766 3738 1872 3793 τῶν

311 3848 573 3921 γλωσσῶν
603 3850 631 3901 6
654 3844 821 3915 Ἔϐερ
849 3845 877 3896 6
906 3842 1013 3895 τῶν
1053 3839 1316 3893 Ἰουδαίων
1347 3837 1605 3907 πρόγονος
1638 3835 1710 3903 μὴ
1748 3833 1872 3902 βου-

310 3941 544 4014 ληθῆναι
588 3936 907 4004 κοινωνῆσαι
948 3933 1045 4003 τῆς
1095 3930 1481 4001 ἐπιχειρήσεως
1538 3926 1740 3987 αὐτοῖς,
1782 3923 1874 3976 καὶ

317 4013 478 4107 μόνος
536 4030 713 4101 μεῖναι
756 4023 1023 4095 διατηρῶν
1051 4021 1148 4093 τήν
1187 4019 1399 4084 ,οἰκείαν
1448 4017 1715 4085 γλῶσσαν,
1774 4013 1874 4083 τῆς

314 4105 613 4193 καλλίστης
646 4117 869 4188 γνώμης
909 4114 1064 4168 τοῦτο
1102 4110 1370 4182 τιμηθείς.
1414 4107 1613 4161 Τούτου
1657 4105 1874 4193 ἔγγονος

314 4218 378 4284 ὲγ
388 4190 835 4281 ένετοᾩΛϐραάμ
851 4223 863 4234 ³
885 4204 965 4257 διὸ
984 4202 1076 4255 καὶ
1098 4198 1361 4253 Ἰουδαίων
1375 4195 1591 4265 γλῶσσα
1615 4190 1872 4261 Ἐϐραῖκὴ

316 4282 618 4373 κέκληται,
674 4298 783 4353 ἀπὸ
816 4294 910 4350 τοῦ
951 4292 1139 4362 Ἔϐερ.
1183 4288 1384 4343 Τούτου
1433 4285 1611 4339 τοίνυν
1661 4282 1875 4373 ὲγένετρ

315 4364 536 4463 ἔγγονος
578 4364 911 4462 [ν’Λϐραὰμ]
937 4421 951 4446 ,
987 4378 1080 4434 τοῦ
1140 4377 1389 4451 Ἀϐραὰμ
1426 4388 1473 4440 ιι,
1535 4372 1718 4427 Ἰσαὰκ
1743 4409 1758 4435 ,
1813 4364 1873 4424 οῦ

330 4482 542 4540 Ἰακώϐ.
573 4472 738 4542 Οὗτος
762 4476 1015 4544 ἐγέννησε
1036 4471 1160 4535 τοὺς
1179 4469 1385 4525 δώδεκα
1408 4466 1764 4537 πατριάρχας,
1786 4462 1874 4514 τὸν

329 4575 603 4644 Ῥουϐεὶμ,
638 4571 727 4624 τὸν
760 4565 1015 4639 Συμεὼν,
1056 4564 1146 4617 τὸν
1182 4563 1335 4626 Λευὶ,
1383 4560 1472 4614 τὸν
1529 4557 1747 4619 Ἰούδαν,
1786 4555 1874 4608 τὸν

331 4665 573 4736 Ἰσαχαρ,
615 4662 707 4717 τὸν
755 4656 1059 4725 Ζαϐουλὼν,
1094 4656 1184 4709 τὸν
1213 4651 1562 4723 Νεφθαλεὶμ,
1613 4650 1703 4702 τὸν
1747 4647 1872 4711 Γὰδ,

316 4757 407 4813 τὸν
430 4756 557 4819 Δάν,
584 4753 681 4807 τὸν
718 4752 906 4822 Ἀσήρ,
930 4748 1019 4813 τὸν
1070 4745 1286 4815 Ἰωσὴφ,
1306 4742 1397 4796 τὸν
1433 4738 1709 4811 Βενιαμίν.
1742 4738 1875 4790 Τού-

315 4864 426 4900 των
452 4844 558 4897 τῶν
586 4842 777 4896 ἕνδεκα
805 4834 1155 4910 πατριαρχῶν
1185 4832 1460 4901 ἐπώνυμοι
1506 4828 1787 4898 γεγόνασιν
1817 4828 1873 4879 αἱ

322 4940 462 5012 μετά
487 4936 659 4990 ταῦτα
681 4931 862 5003 φυλαί.
891 4930 1155 4990 Ἕκαστος
1195 4924 1303 4995 γὰρ
1330 4921 1498 4992 φυλὴν
1521 4919 1872 4990 ἀπεγέννησε,

316 5034 411 5086 καὶ
428 5032 479 5084 οἱ
502 5027 799 5100 τεχθέντες,
821 5023 916 5077 ἀπ’
936 5020 1155 5076 ἐκείνων
1176 5015 1481 5070 ἐκαλοῦντο.
1523 5013 1663 5066 Ἀντὶ
1694 5013 1874 5083 μέντοι

312 5123 409 5178 τοῦ
455 5120 651 5191 Ἰωσήφ
693 5117 793 5188 μία
848 5113 986 5185 φυλὴ
1014 5111 1192 5164 ούκέτι
1223 5109 1450 5177 γίνεται,
1489 5105 1621 5159 ἀλλά
1654 5105 1763 5159 δύο.
1800 5104 1872 5156 Οὐ

312 5216 421 5285 γὰρ
448 5209 722 5282 ἠϐουλήθη
770 5207 799 5259 6
827 5205 1009 5275 πατὴρ
1054 5204 1082 5255 6
1106 5199 1201 5256 τοῦ
1250 5197 1445 5268 Ἰωσὴφ
1482 5196 1578 5267 μιᾷ
1607 5195 1746 5265 φυλῇ
1781 5194 1875 5285 έπ-

310 5279 528 5376 ῶνυμον
547 5301 711 5355 αὐτόν
744 5296 1015 5367 γενέσθαι.
1048 5294 1112 5347 Τί
1140 5286 1232 5347 οῦν
1270 5290 1512 5359 γίνεται;
1553 5287 1768 5357 Ἐπειδὴ
1795 5279 1875 5347 εἷς

308 5397 378 5473 ἦν
418 5402 447 5453 6
478 5396 673 5460 αὐτὸς,
720 5393 810 5446 ἵνα
856 5388 1074 5452 διπλοῦς
1122 5385 1345 5456 γένηται
1380 5381 1739 5453 πατριάρχης,
1783 5379 1874 5432 16v

322 5468 560 5562 Ἔφραῒμ
590 5483 795 5541 καὶτὸν
820 5478 1084 5549 Μανασσῆ
1110 5476 1235 5540 τοὺς
1263 5475 1411 5538 υἱοὺς
1434 5470 1596 5529 αὑτοῦ
1617 5472 1740 5533 τοὺς
1759 5468 1870 5535 δύο,

370 5629 396 5659 ⁸
418 5628 512 5677 Hic
549 5622 785 5674 mendum
809 5630 922 5671 esse
942 5615 1173 5677 vidglqr,
1189 5609 1489 5677 Legengum
1508 5610 1560 5658 ni
1575 5606 1747 5677 fallor,
1771 5606 1874 5677 ἐγέ-

308 5671 646 5752 νετοῖἐτῶξέ
688 5682 925 5752 Ἀδραᾲμς
961 5674 1076 5752 ὦ
1091 5671 1874 5752 ῖθξρξιέξιὲξοξέξι..ςιιξξιξῐεριεε

317 5732 531 5815 “Qui;
542 5732 762 5812 'pﬁbdm
782 5732 921 5806 'inléy'
940 5739 1140 5791 uncinos
1163 5732 1428 5797 posuimus.
1454 5745 1517 5783 ne
1540 5732 1790 5782 videretur
1811 5742 1871 5780 ex

309 5814 712 5865 u.desumtum.

1390 337 1721 397 SYNOPSIS
1753 333 2163 393 SCRIPTURIE
2205 332 2479 392 SACRA‘].

3433 331 3536 391 516
3591 369 3611 427 3

1961 452 2184 516 τούτους
2202 452 2422 520 ἐποίησε
2441 446 2535 504 δύο
2555 448 2736 517 φυλῶν
2757 447 3008 517 γενέσθαι
3037 444 3354 517 ἐπωνύμους
3367 446 3418 508 1³,
3444 448 3538 502 καὶ

1962 544 2017 597 al
2048 542 2141 596 δύο
2165 544 2327 612 φυλαί¹
2349 542 2427 611 τῷ
2468 541 2662 611 Ἰωσὴφ
2693 540 3012 607 ἐλογίζοντο.
3045 539 3208 591 Ὥστε
3242 536 3437 609 συνέϐη
3470 542 3535 592 ὲκ

1960 634 2149 689 τούτου
2199 634 2396 688 ἕνδεκα
2441 632 2502 703 (I.
2558 629 2938 702 τρισκαίδεκα)
2994 626 3133 684 εἶναι
3189 630 3287 694 τὰς
3340 628 3533 697 φυλάς,

1962 725 2154 779 ἕνδεκα
2173 725 2270 787 τάς
2294 723 2402 776 τῶν
2425 723 2619 787 ἄλλων,
2635 721 2727 774 δύο
2745 721 2841 784 τὰς
2862 722 2953 774 τοῦ
2982 720 3177 791 Ἰωσὴφ
3200 720 3295 781 τὰς
3316 719 3405 772 διὰ
3427 720 3537 773 τῶν

1963 816 2184 869 παίδων.
2222 814 2623 884 ’Υπεξαιρεῖται
2647 811 2789 881 ήτοῦ
2822 811 2973 873 Λευὶ,
3007 812 3097 864 καὶ
3126 808 3443 879 ἀφορίζεται
3468 810 3534 879 τῇ

1960 906 2110 972 τάξει
2142 907 2241 975 τῆς
2269 905 2566 977 ἱερωσύνης
2588 922 2600 935 ·
2620 904 2741 956 0666
2771 902 2877 972 γὰρ
2906 899 2973 972 ἦν
3000 904 3299 970 ἀναγκαῖον
3323 902 3450 955 ἀλλο
3480 919 3533 953 τι

1966 996 2374 1069 μεταχειρίσαι·
2424 996 2518 1049 καὶ
2553 995 2702 1065 μένει
2746 994 2855 1045 τῶν
2888 992 3091 1045 δώδεκα
3130 993 3158 1043 6
3188 992 3419 1063 ἀριθμὸς
3461 992 3536 1063 μὴ

1963 1088 2448 1162 ἀκρωτηριασθείς.
2480 1090 2544 1140 Δί
2591 1088 2687 1158 μὲν
2719 1082 2810 1139 οὖν
2841 1085 3045 1138 δώδεκα
3084 1085 3153 1138 τὰ
3191 1085 3322 1138 ἄλλα
3360 1085 3536 1138 πάντα

1964 1179 2228 1249 ἔπραττον
2248 1194 2260 1207 ·
2288 1179 2321 1247 ἡ
2343 1177 2399 1229 66
2421 1176 2513 1230 τοῦ
2537 1176 2665 1230 Λευὶ
2688 1176 2752 1228 τά
2771 1174 3017 1246 ἱερατικά
3038 1170 3104 1244 ἦν
3130 1175 3534 1244 ὲπιτεταγμένη

1968 1272 2122 1342 μόνη.
2163 1271 2257 1323 Ἐκ
2303 1269 2507 1338 ταύτης
2557 1264 2624 1338 ἦν
2669 1268 2697 1318 ό
2742 1267 3002 1335 Μωῦσῆς.
3064 1259 3220 1319 Οὗτοι
3258 1268 3435 1319 τοίνυν
3480 1268 3531 1317 οἱ

1963 1361 2167 1415 δώδεκα
2195 1360 2526 1431 πατριάρχαι
2562 1359 2881 1420 ἀπελθόντες
2902 1360 2980 1420 είς
3009 1357 3294 1425 Αἴγυπτον,
3319 1358 3415 1427 τῆς
3442 1356 3534 1410 τοῦ

1964 1451 2096 1505 Θεοῦ
2120 1451 2448 1519 ἐπαγγελίας
2468 1450 2564 1520 τῆς
2586 1449 2724 1520 πρὸς
2750 1450 2840 1502 τὸν
2877 1447 3125 1519 Ἀϐραὰμ
3155 1447 3536 1518 πληρουμένης

1963 1544 2060 1613 τῆς
2093 1542 2374 1613 λεγούσης,
2396 1542 2634 1611 Ποιήσω
2652 1541 2717 1594 τό
2739 1540 2975 1609 σπέρμα
3005 1555 3119 1593 σου
3151 1540 3229 1604 ὡς
3253 1540 3323 1591 τὰ
3346 1538 3537 1606 ἄστρα

1964 1634 2070 1688 τοῦ
2089 1633 2364 1702 οίφανοῦ,
2384 1632 2674 1697 ἑξακοσίων
2702 1632 2954 1702 χιλιάδων
2982 1632 3225 1699 ἐγένοντο
3262 1630 3533 1701 πρόγονοι.

1979 1724 2252 1778 Ἐντεῦθεν
2280 1726 2340 1777 τὸ
2363 1725 2471 1777 τῶν
2516 1724 2779 1776 Ἰουδαίων
2837 1722 3064 1792 συνέστη
3105 1722 3260 1790 γένος
3298 1722 3405 1773 ἀπὸ
3441 1720 3539 1790 τῆς

1980 1817 2145 1872 ’ἰούδα
2191 1816 2363 1887 φυλῆς
2396 1814 2693 1886 ὀνομασθὲν
2735 1814 2834 1884 τῆς
2867 1813 3312 1885 βασιλικωτάτης,
3348 1812 3466 1865 ὅθεν
3490 1814 3537 1864 οί

1973 1907 2217 1978 βασιλεῖς
2249 1908 2315 1960 ἂν
2369 1906 2634 1975 ἐγένοντο.
2670 1905 2781 1973 Τῆς
2817 1900 2908 1959 οὖν
2930 1904 3172 1969 Παλαιᾶς
3205 1905 3318 1956 ἐστι
3347 1903 3407 1955 τὸ
3438 1903 3536 1973 μὲν

1971 1999 2259 2070 ἱστορικὸν,
2286 1997 2443 2052 τοῦτο
2477 1998 2542 2069 δὴ
2579 1996 2607 2049 6
2647 1998 3086 2068 προειρήκαμενο
3129 1995 3190 2049 τὸ
3216 1995 3271 2048 66
3308 1994 3541 2065 συμϐου-

1968 2090 2230 2155 λευτικὸν,
2268 2089 2342 2154 ὡς
2385 2090 2449 2144 αἴ
2487 2105 2547 2143 τε
2595 2088 2928 2159 Παροιμίαι,
2981 2087 3074 2141 καὶ
3122 2088 3155 2158 ἡ
3193 2085 3287 2141 τοῦ
3338 2084 3537 2157 Σειράχ

1968 2184 2137 2254 Σοφία
2161 2222 2176 2247 ,
2217 2183 2308 2236 καὶ
2337 2184 2366 2235 6
2402 2181 2826 2251 Ἑκκλησιαστής
2850 2220 2865 2245 ,
2909 2181 3002 2233 καὶ
3044 2180 3115 2235 τὰ
3149 2180 3401 2250 ’ᾼσματα
3433 2177 3541 2232 τῶν

1969 2277 2258 2347 ᾀσμάτωνο
2302 2274 2364 2328 τὸ
2404 2275 2460 2328 δὲ
2500 2274 2874 2345 προφητικὸν,
2926 2273 3001 2336 ὡς
3050 2274 3099 2325 οἱ
3154 2271 3345 2338 δεκαέξ
3397 2271 3541 2338 λέγω

1970 2368 2271 2438 Προφῆται,
2307 2367 2401 2419 καὶ
2455 2366 2645 2432 Ῥοὺθ,
2698 2365 2791 2419 καὶ
2828 2364 3007 2418 Δαυῒδ.
3054 2363 3220 2435 Εὖροι
3261 2364 3305 2417 δ’
3351 2363 3413 2417 ἀν
3458 2379 3541 2426 τις

1971 2458 2039 2511 τὰ
2072 2458 2184 2527 εἴδη
2218 2456 2388 2510 ταῦτα
2401 2458 2703 2529 διῃρημένα
2731 2454 3003 2526 ἁδρομερῆ
3030 2456 3086 2508 ἐν
3116 2454 3361 2525 ἀλλήλοις
3387 2453 3537 2506 ὄντα.

1972 2543 2096 2603 Οἷόν
2127 2566 2180 2601 τι
2210 2548 2372 2615 λέγω.
2409 2549 2467 2600 ὲν
2496 2549 2614 2609 τοῖς
2650 2546 2908 2617 ἱστορίαις
2937 2545 3085 2617 ε’ύροι
3129 2562 3212 2608 τις
3240 2545 3305 2597 ἂν
3333 2559 3542 2615 προφη-

1970 2641 2118 2694 τείαν
2139 2657 2150 2669 ·
2186 2639 2278 2693 καὶ
2309 2638 2416 2691 τῶν
2447 2638 2738 2711 προφητῶν
2776 2636 3057 2691 ἀκούσειεν
3103 2635 3171 2689 ἂν
3201 2634 3366 2687 πολλά
3402 2636 3543 2686 ἱστο-

1976 2730 2102 2802 ρικὰ
2141 2730 2554 2801 διαλεγομένων.
2606 2729 2715 2781 Καὶ
2743 2729 2804 2782 τὸ
2833 2730 2931 2799 τῆς
2973 2727 3280 2799 συμϐουλῆς
3317 2726 3374 2778 66
3405 2723 3545 2788 εἶδος

1973 2825 2065 2878 καὶ
2082 2824 2142 2877 τὸ
2168 2824 2265 2893 τῆς
2291 2821 2680 2893 παραινέσεως,
2710 2823 2766 2875 ὲν
2788 2820 3031 2891 ἐκατέρῳ
3050 2818 3274 2882 τούτων,
3315 2816 3371 2869 ἐν
3392 2833 3449 2868 τε
3474 2818 3541 2887 τῇ

1974 2914 2295 2984 προφητείᾳ,
2326 2912 2383 2965 ἔν
2418 2930 2476 2965 τε
2508 2915 2573 2983 τῇ
2609 2911 2835 2981 ἱστορίᾳ.
2871 2910 3051 2963 Πάντα
3066 2908 3123 2961 δὲ
3140 2906 3332 2970 ταῦτα,
3357 2904 3543 2977 ῶσπερ

1975 3002 2142 3073 ἔφθην
2170 3002 2356 3064 είπὼν,
2391 3004 2470 3064 είς
2497 3001 2555 3055 ἓν
2586 3002 2792 3071 βλέπει,
2816 3000 2914 3071 τὴν
2944 2999 3053 3052 τῶν
3073 2996 3374 3051 ἀκουόντων
3397 2995 3542 3064 διόρ-

1976 3097 2170 3158 θωσιν,
2205 3094 2344 3148 ὥστε
2373 3094 2468 3150 καὶ
2494 3094 2600 3147 ἀπὸ
2632 3093 2733 3162 τῆς
2772 3093 2878 3145 τῶν
2910 3089 3186 3162 προτέρων
3221 3087 3542 3157 διηγήσεως,

1976 3189 2071 3242 καὶ
2088 3187 2195 3241 ἀπὸ
2214 3185 2361 3259 [517]
2378 3186 2476 3255 τῆς
2500 3184 2801 3255 συμϐουλῆς
2818 3184 2910 3236 καὶ
2930 3181 3028 3251 τῆς
3045 3179 3433 3251 παραινέσεως,
3449 3176 3544 3229 καὶ

1936 3300 1939 3303 ·
1976 3279 2084 3333 ἀπὸ
2108 3278 2207 3348 τῆς
2234 3276 2569 3348 προφητείας
2604 3273 2955 3345 ρυθμίζεσθαι
2979 3271 3116 3343 πρὸς
3147 3268 3207 3322 τὸ
3239 3269 3372 3322 δέον.
3402 3269 3544 3339 Προ-

1978 3367 2202 3440 φητείας
2241 3366 2297 3418 δὲ
2340 3364 2495 3418 τοῦτο
2534 3362 2694 3432 ἔργον
2722 3361 2917 3432 μᾶλλον
2955 3356 3044 3431 ἦν,
3087 3359 3148 3411 τὸ
3181 3358 3249 3410 τὰ
3281 3356 3544 3428 μέλλοντα

1977 3461 2400 3532 προαναφωνεῖν,
2418 3456 2527 3510 εἴτε
2548 3454 2783 3526 χρηστὰ,
2806 3453 2914 3506 εἴτε
2939 3450 3177 3521 λυπηρὰ,
3202 3450 3288 3502 ἵνα
3303 3449 3426 3512 τοὺς
3445 3447 3543 3518 μὲν

1977 3552 2421 3615 ἀποσπάσωνται,
2442 3549 2566 3612 τοὺς
2584 3547 2640 3599 δὲ
2666 3546 2744 3618 τῷ
2766 3545 2915 3615 φόϐῳ
2938 3545 3036 3615 τῆς
3060 3543 3256 3606 κακίας
3278 3540 3545 3612 ἀπείρξω-

1980 3661 2080 3697 σιν.
2120 3645 2271 3697 Ἐστι
2299 3642 2357 3695 δὲ
2383 3642 2475 3695 καὶ
2503 3640 2685 3711 ἓτερον
2718 3635 3048 3709 προφητείας
3080 3629 3237 3698 εἶδος,
3254 3634 3313 3686 τὸ
3330 3633 3398 3687 τά
3418 3634 3545 3703 περὶ

1977 3732 2070 3787 τοῦ
2104 3730 2338 3803 Χριστοῦ
2366 3728 2824 3800 προαναφωνῆσαι
2845 3741 2860 3757 ·
2888 3723 3014 3777 ἔνθα
3040 3721 3158 3793 μετ’
3186 3720 3464 3790 ἀκριϐείας
3480 3721 3539 3773 ού

1979 3826 2107 3898 περὶ
2134 3825 2233 3894 τῆς
2259 3823 2559 3895 παρουσίας
2586 3822 2765 3893 μόνον,
2802 3815 2939 3871 ἀλλὰ
2974 3815 3067 3869 καὶ
3100 3814 3228 3886 περὶ
3254 3805 3328 3867 ὧν
3354 3812 3541 3883 ἔμελλε

1979 3916 2412 3989 παραγενόμενος
2451 3912 2731 3985 πράττειν,
2761 3909 2856 3984 καὶ
2899 3907 3028 3978 περὶ
3069 3904 3161 3958 τοῦ
3216 3904 3399 3969 τόκου,
3448 3903 3544 3956 καὶΙ

1978 4011 2107 4081 περὶ
2132 4010 2228 4078 τῆς
2255 4008 2576 4078 γεννήσεως,
2608 4003 2702 4058 καὶ
2725 4001 2852 4075 περὶ
2882 3999 2977 4053 τοῦ
3012 3996 3269 4069 σταυροῦ,
3302 3996 3543 4065 καὶπερὶ

1977 4100 2086 4154 τῶν
2114 4100 2424 4170 θαυμάτων,
2453 4096 2547 4150 καὶ
2577 4094 2824 4167 περὶτῆς
2859 4090 2966 4145 τῶν
3006 4087 3263 4162 μαθητῶν
3292 4085 3539 4157 ἐκλογῆς,

1980 4190 2225 4259 περὶτῆς
2254 4188 2458 4258 Καινῆς
2494 4185 2787 4255 Διαθήκης,
2825 4182 2951 4253 περὶ
2998 4181 3098 4251 τῆς
3148 4177 3397 4241 παύσεως
3432 4176 3541 4228 τῶν

1967 4280 2313 4355 ἶἸουδαϊκῶν,
2338 4280 2432 4333 καὶ
2449 4277 2577 4349 περὶ
2601 4276 2693 4330 τοῦ
2723 4272 3032 4345 ἀφανισμοῦ
3052 4271 3159 4324 τῶν
3198 4268 3539 4339 Ἑλληνικῶν,

1980 4374 2071 4427 καὶ¹
2100 4373 2342 4443 περὶτῆς
2369 4368 2646 4438 εὐγενείας
2669 4367 2769 4438 τῆς
2796 4366 2937 4420 κατὰ
2955 4366 3054 4437 τὴν
3081 4363 3425 4434 Ἐκκλησίαν,
3449 4362 3543 4415 καὶ

1980 4464 2108 4537 περὶ
2141 4463 2248 4516 τῶν
2296 4461 2469 4517 ἀλλων
2519 4460 2772 4514 ἀπάντων
2800 4458 2907 4512 τῶν
2939 4456 3174 4525 καθεξῆς
3201 4454 3368 4508 ὄντων
3403 4471 3542 4524 πρα-

1978 4559 2223 4629 γμάτων.
2252 4554 2435 4609 Ταῦτα
2464 4553 2640 4607 πάντα
2681 4552 2818 4622 μετὰ
2859 4550 3153 4620 σαφηνείας
3190 4547 3407 4618 ἀπάσης
3436 4546 3543 4617 πρὸ

1978 4649 2173 4705 πολλοῦ
2208 4648 2302 4703 τοῦ
2343 4649 2534 4719 χρόνου
2570 4644 3028 4716 προανεφῶνησαν
3055 4641 3105 4694 οί
3143 4639 3439 4711 προφῆται,
3470 4638 3540 4691 12‘:

1982 4743 2080 4815 μὲν
2104 4732 2189 4796 διά
2210 4740 2413 4804 τύπων,
2446 4739 2512 4791 τὰ
2538 4737 2595 4791 66
2618 4735 2707 4789 διὰ
2735 4734 3012 4806 ῥημάτων.

2049 4835 2160 4889 Καὶ
2184 4832 2290 4904 γὰρ
2321 4831 2413 4886 δύο
2441 4828 2774 4901 προφητείας
2805 4826 2939 4897 εἴδη,
2977 4827 3071 4880 καὶ
3114 4825 3202 4880 διά
3236 4824 3410 4895 ἔργων
3448 4822 3540 4876 καὶ

1978 4930 2067 4985 διὰ
2092 4929 2263 4997 λόγων
2284 4925 2688 4995 προαναφωνεῖν
2708 4921 2775 4973 τὰ
2804 4919 3061 4992 μέλλοντα
3080 4934 3092 4947 ·
3114 4917 3199 4970 διὰ
3218 4916 3388 4985 λόγων
3417 4914 3535 4985 μὲν,

1978 5023 2053 5086 ὡς
2076 5023 2204 5074 ὅταν
2228 5018 2318 5072 τὸν
2337 5014 2563 5085 σταυρὸν
2593 5010 2900 5084 βουλόμενοι
2931 5011 3124 5073 είπεῖν,
3144 5006 3373 5075 λέγωσιν
3392 5023 3405 5036 ο
3445 5003 3538 5069 Ὧς

1979 5114 2270 5183 πρόϐατον
2300 5107 2395 5162 ἐπὶ
2423 5104 2667 5176 σφαγὴν
2693 5103 2872 5172 ἤχθη,
2909 5102 3007 5156 καὶ
3050 5102 3129 5166 ὠς
3155 5097 3342 5168 ἀμνὸς
3368 5095 3539 5183 ἐναγ-

1978 5180 2107 5260 τίοφ·
2124 5202 2231 5258 τοῦ
2261 5200 2563 5269 κείροντος
2609 5195 2794 5250 αὑτὸν
2822 5193 3077 5264 ἄφωνος.
3107 5188 3275 5243 Τοῦτο
3317 5185 3415 5257 μὲν
3443 5180 3537 5240 οὖν

2039 5420 2069 5461 ιι
2092 5418 2273 5469 Hom“:
2299 5417 2327 5463 7
2350 5417 2586 5464 adversus
2610 5414 2821 5463 Iudaeos.
2845 5417 2960 5460 tom.
2986 5408 3027 5467 ῐ,
3044 5422 3093 5470 p.
3116 5407 3244 5470 668”:
3269 5409 3537 5470 Μανασσῆς

1978 5484 2059 5530 καὶ
2093 5467 2294 5543 Ἐφραὶμ
2312 5477 2402 5543 δύο
2428 5476 2843 5543 φυλαὶῌγεγόγασιν
2886 5467 3135 5543 έπῶννμοι.
3172 5467 3453 5543 UbiHSaVil:
3485 5473 3540 5515 et

1978 5531 2316 5605 aliquoi'npés.
2355 5531 2447 5605 δύο
2474 5531 2629 5599 φυλῶν
2654 5531 2835 5605 l'_10_bent
2854 5531 3136 5605 el.‘t‘nrl:nxs.et
3176 5532 3387 5605 genus:
3427 5541 3539 5576 nam

1978 5594 2086 5655 cun'l
2107 5605 2196 5652 hac
2216 5600 2424 5661 Synapsi
2451 5594 2685 5661 pbnsomt
2706 5598 2811 5661 haec,
2831 5600 3083 5661 postrem0_
3101 5594 3259 5661 Ιειιιῇρἰ

2046 5648 2335 5716 ῖῧὲτῒιῖἒρε
2353 5648 2544 5708 Ηυοδυε
2583 5648 2861 5721 ριόρῃςθιὶςρ
2896 5650 3161 5721 δείξει-[δικ
3194 5651 3399 5721 iclipsqm
3426 5648 3538 5721 τετυ

1978 5713 2194 5777 dicit—J0.
2219 5713 2597 5784 Chrysoslomus'
2632 5713 2686 5769 L'
2715 5716 2778 5779 ll,
2820 5713 3028 5766 Hoinilia
3052 5714 3082 5763 6
3120 5718 3182 5764 de
3215 5713 3538 5775 Pa‘nilenlia,

1979 5803 2030 5852 ι).
2050 5787 2158 5850 528,
2182 5785 2242 5837 D.
