4058 6344
520 316 624 375 317

518 432 608 487 διὰ
648 430 820 500 λόγων
858 425 1000 485 εἷλον
1044 432 1452 504 προφητεῦσαι·
1498 418 1566 486 δι’
1613 432 1787 504 ἐργων
1830 432 1908 497 δὲ,
1954 432 2082 483 ὅταν

533 527 783 598 ’Δϐραὰμ
809 528 1067 599 φαίνηται
1087 529 1178 584 τὸν
1200 528 1314 583 υίὸν
1337 528 1645 601 ἀναφέρων,
1680 530 1773 583 καὶ
1798 528 1889 583 τὸν
1933 528 2086 599 κριὸν

516 624 935 693 κατασφάττων.
990 625 1088 679 Διά
1134 625 1242 697 γὰρ
1293 625 1402 680 τῶν
1452 627 1791 697 πραγμάτων
1849 642 2086 697 προανα-

514 724 677 774 τυποῖ
715 723 809 776 τοῦ
860 724 1091 793 σταυροῦ
1134 725 1231 795 τὴν
1274 723 1476 788 εἰκόνα,
1514 725 1609 777 καὶ
1659 724 1757 795 τὴν
1805 724 1945 795 ὑπὲρ
1987 724 2087 794 τῆς

514 819 844 891 οἰκουμένης
885 821 1148 891 ἐσομένην
1187 822 1420 892 σφαγήν.
1461 822 1573 875 Καὶ
1618 820 1848 885 πολλοὺς
1888 821 1953 875 ἄν
2001 838 2085 884 τις

515 914 666 984 εὖροι
697 914 967 979 τοιούτους
984 915 1183 980 τύπους
1213 919 1269 970 ἐν
1284 920 1348 988 τῇ
1372 918 1604 989 Παλαιᾷ,
1635 919 1728 972 καὶ
1749 917 2085 989 προφητείας

515 1011 605 1065 διὰ
655 1012 1018 1083 πραγμάτων.
1065 1012 1141 1065 Ού
1194 1013 1354 1083 μόνον
1405 1014 1461 1066 δὲ
1510 1014 1579 1067 τὰ
1608 1034 1611 1035 ν
1640 1014 1899 1086 μέλλοντα
1946 1032 2083 1087 προ-

515 1108 744 1180 φητείας
770 1111 916 1165 ἐστιν
954 1113 1148 1173 εἰπεῖν,
1172 1110 1306 1164 ἀλλά
1336 1110 1431 1164 καὶ
1455 1111 1525 1165 τὰ
1561 1113 1915 1183 παρελθόντα,
1946 1114 2083 1185 ὅπερ

518 1206 716 1275 μᾶλλόν
744 1207 859 1259 ἐστι
890 1206 1038 1278 παρά
1064 1208 1292 1278 Μωῦσῇ.
1333 1207 1503 1263 Ὅταν
1548 1208 1658 1281 γὰρ
1692 1210 1822 1281 περὶ
1853 1209 2081 1280 ούρανοῦ

514 1303 609 1355 καὶ
629 1302 732 1372 γῆς
754 1302 1084 1374 διαλέγηται,
1105 1304 1441 1376 παρελθόντα
1472 1305 1570 1376 μὲν
1602 1307 1751 1375 λέγει
1780 1307 2089 1378 πράγματα

514 1398 610 1453 καὶ
640 1398 997 1470 κεκρυμμένα
1029 1400 1107 1472 τῷ
1125 1402 1323 1474 χρόνῳ,
1347 1404 1654 1475 προφητεία
1678 1404 1735 1457 δὲ
1763 1403 1900 1456 αύτά
1919 1402 2083 1473 φθέγ-

513 1511 691 1562 γεται.
721 1496 933 1567 Ὠσπερ
952 1498 1061 1569 γὰρ
1085 1497 1157 1550 τὰ
1186 1499 1408 1569 μηδέπω
1470 1500 1754 1571 γενόμενα,
1790 1501 1881 1554 καὶ
1903 1501 2081 1572 ἀφανῆ

515 1590 595 1645 ἔτι
625 1592 983 1662 τυγχάνοντα,
1033 1596 1373 1666 προφητείας
1422 1597 1569 1651 ἐστὶν
1596 1600 1791 1662 εἰπεῖν,
1824 1597 1964 1651 οὕτω
2012 1597 2085 1651 τὰ

514 1687 779 1759 γενόμενα
826 1689 962 1761 μὲν,
1021 1682 1375 1763 κεκρυμμένά
1420 1693 1475 1747 δέ
1524 1693 1604 1765 τῷ
1652 1696 1823 1766 χρόνῳ
1846 1734 1862 1760 ,
1914 1696 2084 1755 ταῦτα

513 1783 857 1855 ἀνακαλύψαι
890 1786 985 1840 καὶ
1016 1788 1096 1851 είς
1126 1787 1288 1858 μέσον
1313 1790 1541 1858 ἀγαγεῖν
1570 1795 1669 1864 τῆς
1703 1792 1823 1863 ἴσης
1864 1794 2084 1865 χάριτός

516 1885 684 1939 ἐστιν.
712 1884 867 1938 Ἔστι
896 1885 953 1937 δὲ
985 1886 1081 1940 καὶ
1130 1886 1199 1940 τὰ
1232 1887 1474 1957 παρόντα
1506 1890 1841 1960 προφητείας
1886 1894 2080 1957 εἰπεῖν,

514 1982 643 2035 ὅταν
688 1999 742 2035 τι
789 1981 1008 2053 γίνηται
1057 1983 1175 2051 μὲν,
1208 1985 1523 2055 κρύπτηται
1551 1985 1629 2051 δὲ,
1682 1982 1793 2041 οἷον
1840 1989 1934 2041 ἐπὶ
1987 1987 2081 2043 τοῦ

525 2079 765 2133 Ἀνανίου
788 2080 1001 2150 καὶτῆς
1026 2080 1363 2152 Σαπφείρης.
1415 2084 1563 2137 Ἐκεῖ
1606 2084 1717 2156 γάρ
1758 2084 1882 2139 οὔτε
1940 2104 2083 2159 παρ-

512 2174 688 2238 ελθὸν,
746 2174 869 2229 οὔτε
905 2177 1097 2247 μέλλον
1128 2172 1216 2248 ἦν,
1252 2178 1385 2233 ἀλλά
1410 2180 1581 2250 παρὸν
1631 2182 1749 2251 μὲν,
1779 2182 1973 2253 ἄδηλον
2001 2183 2081 2237 δέ.

523 2271 583 2325 '0
624 2272 803 2327 τοίνυν
852 2275 1058 2346 Πέτρος
1102 2278 1413 2347 προφητείᾳ⁸
1444 2278 1582 2331 αύτά
1617 2279 1954 2349 ἐκκαλύψας,
2000 2284 2083 2347 είς

514 2368 678 2441 μέσον
729 2370 872 2440 ἄγει.
909 2370 1019 2425 Καὶ
1064 2370 1132 2425 τὰ
1190 2372 1291 2441 μὲν
1326 2374 1428 2443 τῆς
1469 2374 1747 2442 Παλαιᾶς,
1791 2376 1866 2440 ὼς
1902 2376 1968 2430 ἀν
1998 2395 2083 2441 τις

510 2465 829 2539 ἀδρομερῶς
878 2468 1042 2535 εῐποι,
1091 2467 1282 2523 ταῦτα.
1339 2470 1462 2523 Ἐπὶ
1508 2470 1567 2523 δέ
1611 2474 1710 2541 τῆς
1758 2473 1965 2543 Καινῆς
2014 2473 2085 2527 τά

509 2563 568 2616 ἐν
597 2566 665 2634 τῇ
692 2564 904 2637 Παλαιᾷ
931 2566 1343 2636 αἰνιγματωδῶς
1365 2568 1655 2638 εἰρημένα,
1688 2568 1860 2622 ταῦτα
1880 2570 2085 2624 δείκνυ-

507 2676 599 2713 ται
620 2697 637 2722 ,
679 2660 779 2725 τὰς
805 2662 1139 2732 προφητείας
1164 2662 1308 2731 λέγω
1355 2663 1453 2727 τὰς
1477 2664 1563 2717 διὰ
1594 2663 1702 2717 τῶν
1731 2665 1905 2736 ἔργων
1942 2683 2083 2737 μαρ-

508 2757 861 2828 τυρουμένας,
896 2759 994 2830 τὴν
1012 2759 1120 2812 τῶν
1150 2760 1392 2832 οὐρανῶν
1442 2762 1753 2834 ἁπτομένην
1783 2763 2079 2828 πολιτείαν,

506 2853 577 2907 τὰ
601 2854 889 2927 ἀπόρρητα
903 2855 1012 2908 τῶν
1031 2855 1329 2925 μελλόντων
1345 2858 1546 2925 ἀγαθὰ,
1566 2848 1635 2912 Ἃ
1649 2860 1953 2931 ὀφθαλμὸς
1967 2863 2079 2915 οὐκ

508 2946 648 3014 εἶδε,
662 2950 761 3003 καὶ
775 2947 883 3016 οὖς
897 2953 1006 3006 οὐκ
1022 2952 1265 3021 ἤκουσε,
1281 2954 1377 3006 καὶ
1394 2954 1490 3007 ἐπὶ
1506 2954 1757 3023 καρδίαν
1769 2957 2083 3024 ἀνθρώπου

508 3047 619 3098 οὐκ
649 3044 851 3113 ἀνέϐη.
872 3046 1265 3117 Παραλαϐοῦσα
1302 3048 1410 3119 γὰρ
1443 3050 1534 3101 τὸν
1564 3051 1847 3122 ἄνθρωπον
1875 3052 1962 3106 διὰ
1982 3055 2080 3126 τῆς

510 3143 752 3205 Παλαιᾶς
782 3145 814 3213 ή
849 3144 1049 3214 Καινὴ,
1087 3146 1416 3218 συμμέτρως
1462 3166 1577 3213 πως
1610 3150 1701 3203 καὶ
1730 3152 1827 3222 τῆς
1882 3152 2082 3216 κακίας

508 3241 694 3313 ἠρέμα
722 3242 1103 3311 ἀπαλλαγέντα
1124 3282 1139 3307 ,
1192 3244 1329 3315 πρὸς
1354 3244 1452 3316 τὴν
1479 3246 1587 3301 τῶν
1612 3247 1857 3317 ἀγγέλων
1889 3250 2079 3317 ἀνάγει

507 3340 808 3397 πολιτείαν.
843 3342 1004 3396 Ὥστε
1047 3344 1146 3413 τῆς
1185 3344 1283 3416 μὲν
1314 3346 1553 3411 Παλαιᾶς
1580 3347 1737 3419 ἔργον
1765 3344 1833 3419 ῆν
1857 3351 2083 3419 ποιῆσαι

506 3439 812 3511 ἄνθρωπον,
856 3444 956 3512 τῆς
990 3441 1047 3493 δὲ
1080 3444 1284 3511 Καινῆς
1312 3444 1402 3497 τὸν
1436 3445 1718 3514 ἄνθρωπον
1744 3447 2079 3517 ἐργάσασθαι

508 3536 755 3605 ἄγγελον.
801 3537 1018 3610 Ἐπειδὴ
1045 3539 1151 3612 γάρ
1179 3540 1212 3611 ἡ
1245 3542 1411 3595 κακία
1430 3544 1525 3595 καὶ
1557 3542 1618 3596 τὸ
1643 3543 1965 3616 ἀνθρώπους
2000 3543 2081 3602 εἴ·

506 3652 596 3689 ναι
621 3635 874 3708 ἐποίησεν
900 3637 1183 3701 ἀπολέσαι,
1216 3640 1297 3700 είς
1328 3638 1534 3707 ἀλόγων
1576 3640 1892 3709 δυσγένειαν
1912 3661 2082 3698 κατα·

505 3733 772 3801 γαγοῦσα,
794 3732 940 3807 [518]
960 3735 1051 3788 καὶ
1068 3734 1351 3806 θηριώδεις
1371 3737 1741 3809 ἐργασαμένη·
1761 3740 1789 3791 6
1808 3740 1903 3810 μὲν
1918 3741 2081 3811 νόμος

508 3828 849 3901 ἐκείνης-μὲν
877 3831 1187 3902 ἀπήλλαττε
1234 3832 1332 3901 τῆς
1364 3833 1582 3898 κακίας·
1617 3836 1649 3904 ὴ
1680 3834 1737 3887 δὲ
1780 3836 1939 3906 χάρις
1986 3838 2081 3890 καὶ

507 3924 711 3995 ταύτην
739 3925 837 3996 τὴν
880 3928 1175 4000 ἀγγελικὴν
1205 3929 1557 3999 προστίθησιν
1587 3930 1805 4002 ἀρετήν.
1839 3933 1995 3986 Ἔστι
2024 3933 2081 3987 δὲ

509 4021 721 4093 καὶτῆς
766 4025 971 4094 Καινῆς
1021 4026 1219 4095 βιϐλία,
1256 4028 1311 4080 αἱ
1354 4027 1661 4081 Ἐπιστολαὶ
1712 4030 1767 4082 al
1819 4029 2079 4085 δεκατέσ-

511 4136 675 4191 σαρες
706 4119 937 4187 Παύλου,
970 4124 1037 4176 τά
1053 4124 1354 4192 Εὐαγγέλια
1380 4124 1446 4177 τὰ
1471 4125 1731 4197 τέσσαρα,
1752 4125 1843 4180 δύο
1862 4128 1957 4197 μὲν
1972 4126 2080 4182 τῶν

514 4217 771 4288 μαθητῶν
807 4217 899 4271 τοῦ
929 4220 1195 4290 Χριστοῦ,
1240 4221 1483 4275 Ἰωάννου
1518 4224 1610 4277 καὶ
1660 4224 1959 4289 Ματθαίου,
1986 4225 2078 4279 δύο

508 4314 565 4368 δέ
598 4316 781 4369 Λουκᾶ
803 4316 1153 4389 καὶΜάρκου·
1189 4312 1263 4372 ὧν
1294 4322 1322 4373 6
1361 4320 1460 4391 μὲν
1486 4320 1577 4373 τοῦ
1610 4321 1835 4392 Πέτρου,
1858 4322 1956 4375 ὁδὲ
1984 4322 2077 4375 τοῦ

510 4409 721 4465 Παύλου
776 4412 1026 4481 γεγόνασι
1082 4415 1338 4486 μαθηταί.
1395 4417 1457 4469 Οἱ
1513 4419 1610 4487 μὲν
1643 4417 1750 4488 γάρ
1814 4419 2076 4472 αὐτόπται

508 4500 648 4575 ἦσαν
678 4509 1049 4578 γεγενημένοι,
1100 4512 1193 4564 καὶ
1222 4513 1603 4583 συγγενόμενοι
1627 4513 1704 4583 τῷ
1732 4513 1967 4585 Χριστῷ·
2026 4516 2075 4567 οἱ

510 4600 565 4653 δὲ
597 4604 727 4673 παρ’
757 4604 977 4658 ἐκείνων
1000 4606 1068 4659 τὰ
1091 4609 1314 4687 ἐκείνων,
1334 4609 1719 4679 διαδεξάμενοι,
1752 4611 1829 4672 εἰς
1859 4609 2077 4679 ἐτέρους

513 4699 827 4774 ἐξήνεγκαν·
862 4703 955 4754 καὶ
992 4702 1051 4754 :6
1085 4704 1190 4755 τῶν
1222 4706 1475 4774 Πράξεων
1500 4706 1554 4758 δὲ
1578 4705 1799 4774 βιϐλίον,
1829 4706 1920 4756 καὶ
1949 4707 2077 4758 αὐτὸ

510 4770 712 4845 ᾼουκᾶ,
742 4772 1117 4845 ίστορήσαντος
1133 4775 1198 4827 τὰ
1227 4770 1509 4845 γενόμενα,
1530 4770 1622 4829 καὶ
1649 4774 2076 4835 τῶνλκαθολικῶν

523 4839 832 4895 Ἐπιστολαὶ
854 4839 1017 4913 τρεῖς.

880 5046 1142 5114 Σύνοψις
1177 5046 1285 5115 τῆς
1311 5050 1615 5117 Γενέσεως
1639 5064 1684 5105 ι.

578 5230 661 5283 Τὰ
694 5232 832 5283 κατά
872 5230 968 5301 τὴν
1000 5234 1371 5301 κοσμοποιίαν,
1409 5236 1499 5287 καὶ
1543 5235 1640 5305 τὴν
1666 5235 1759 5288 τοῦ
1794 5235 2074 5306 ἀνθρώπου

511 5327 727 5383 πλάσιν.
773 5328 1303 5399 Ἐντολὴνλαμϐάνει
1358 5331 1386 5381 6
1429 5332 1615 5400 ’Λδὰμ,
1646 5335 1737 5385 καὶ
1787 5334 2074 5388 πλάττεται

508 5428 542 5497 ἡ
569 5427 704 5496 γυνὴ
732 5427 795 5478 ἐκ
810 5425 909 5496 τῆς
937 5425 1171 5497 πλευράς
1202 5425 1384 5491 αὑτοῦ,
1411 5427 1445 5497 ἠ
1467 5428 1803 5499 ἀπατηθεῖσα
1833 5431 1936 5483 ὑπὸ
1980 5431 2074 5485 τοῦ

573 5692 601 5755 ε
629 5689 823 5739 Titulus
844 5691 917 5755 fin
940 5689 1255 5755 Lugdunensi
1299 5689 1407 5755 cod.
1452 5688 1646 5755 Σύνοψις
1681 5691 1728 5740 ἐν
1760 5691 1971 5755 ἐπιτόμῳ
1992 5698 2077 5751 τῆς

513 5753 728 5809 Παλαιᾱς
746 5754 979 5811 Διαθήκης
994 5749 1079 5802 τοῦ
1099 5753 1459 5817 Χρυσοστόμον.
1485 5754 1517 5803 Γ
1521 5749 1682 5810 ἐνεσις.
1704 5749 1980 5807 Βιϐλίονά”.

1226 316 1285 371 S.
1324 313 1608 371 JOANNIS
1642 307 2123 369 CHRYSOSTOMI
2160 307 2477 368 ARCHIEP.
2518 310 3054 370 CONSTANTINOP.

3654 313 3769 375 318

2189 426 2385 497 ὄφεως,
2413 432 2597 503 ἀπατᾷ
2636 433 2726 485 τὸν
2771 432 2957 503 ἄνδρα,
2992 432 3086 487 καὶ
3127 431 3394 505 γενομένη
3436 434 3553 504 μετ’
3584 431 3761 489 αὐτοῦ

2186 526 2606 596 ἐπικατάρατος,
2669 529 2988 584 ἐκϐάλλεται
3032 529 3127 584 τοῦ
3187 529 3534 602 παραδείσου·
3596 532 3689 584 καὶ
3730 532 3763 583 6

2186 622 2307 692 ϐφις
2331 624 2541 695 δέχεται
2584 626 2829 697 κατάραν
2872 627 2963 679 ἐπὶ
2990 625 3083 679 τοῦ
3122 626 3350 696 στήθους
3407 629 3753 697 περιπατεῖν.

2198 719 2435 791 ’Δναιρεῖ
2459 721 2549 774 τὸν
2574 722 2799 791 ἀδελφὸν
2831 724 2860 775 6
2884 721 3023 777 Κάῐν
3051 721 3140 776 διά
3163 722 3226 776 τὸ
3258 722 3766 793 ὑπερευδοκιμηθῆ-

2186 833 2273 869 ναι
2319 817 2369 881 δ,
2394 818 2487 870 καὶ
2519 818 2701 872 δίδωσι
2723 818 2897 890 δίκην·
2930 819 3024 873 καὶ
3054 818 3192 890 μετά
3218 818 3390 872 ταῦτα
3433 820 3762 876 παιδοποιεῖ.

2186 912 2379 965 Τίκτει
2401 914 2458 968 δέ
2486 916 2582 969 καὶ
2621 915 2735 968 Εὔα
2771 916 2862 969 τὸν
2890 915 3023 987 Σήθ.
3056 915 3365 982 Κατάλογος
3391 916 3499 970 τῶν
3527 918 3635 971 ἀπὸ
3664 916 3771 971 τοῦ

2197 1008 2386 1080 Ἀδάμ,
2416 1012 2509 1064 καὶ
2535 1011 2643 1065 τῶν
2671 1014 2779 1066 ἀπὸ
2799 1013 2891 1067 τοῦ
2920 1014 3049 1083 Σὴθ,
3079 1013 3183 1077 ἓως
3204 1013 3298 1067 τοῦ
3324 1014 3467 1077 Νῶε,
3506 1015 3601 1070 καὶ
3628 1033 3768 1069 κατ-

2183 1108 2381 1179 ηγορία
2404 1109 2514 1163 τῶν
2568 1111 2777 1182 ἀνδρῶν
2800 1111 2886 1165 διὰ
2917 1111 3016 1175 τὰς
3040 1111 3099 1163 ού
3139 1111 3517 1182 προσηκούσας
3567 1115 3766 1183 ἐπιγα-

2187 1204 2317 1275 μίας
2369 1206 2465 1259 καὶ
2516 1206 2612 1272 τὰς
2660 1208 2853 1272 λοιπὰς
2900 1207 3153 1278 ἀνομίας·
3186 1207 3348 1273 Υίοὺς
3396 1208 3453 1262 δέ
3486 1209 3623 1263 Θεοῦ
3682 1213 3766 1264 ἐν-

2182 1300 2357 1356 ταῦθα
2380 1302 2535 1355 καλεῖ
2566 1303 2691 1368 τοὺς
2710 1304 2817 1358 ἀπὸ
2835 1302 2928 1357 τοῦ
2963 1303 3069 1375 Σὴθ
3096 1302 3432 1373 κατάγοντας
3469 1306 3529 1359 τὸ
3579 1308 3763 1375 γένος·

2183 1398 2276 1450 κα)⁵
2296 1399 2403 1470 γάρ
2434 1400 2668 1472 εἴρηται·
2719 1399 2866 1472 Ἐγὼ
2888 1395 3102 1466 ἐῖπον,
3124 1402 3256 1461 Θεοί
3290 1402 3450 1469 ἐστε,
3506 1406 3605 1459 καί
3641 1408 3763 1461 υἱοί

2196 1497 2487 1565 Ὑψίστου
2519 1498 2759 1565 πάντες.
2779 1499 3092 1571 Θυγατέρας
3119 1500 3175 1553 δέ
3206 1500 3505 1578 ἀνθρώπων
3534 1505 3633 1569 τάς
3654 1506 3766 1560 ἀπὸ

2182 1592 2276 1646 τοῦ
2310 1594 2468 1647 Κάῖν.
2518 1593 2776 1664 Προλέγει
2824 1595 2852 1647 6
2878 1594 3007 1658 Θεὸς
3034 1595 3111 1664 τῷ
3158 1594 3283 1649 Νῶε
3320 1596 3418 1668 τὴν
3459 1597 3766 1668 μέλλουσαν

2182 1690 2291 1744 τῶν
2328 1689 2626 1761 ἀνθρώπων
2653 1690 2927 1746 ἀπώλειαν
2956 1691 3044 1745 διά
3081 1692 3174 1746 τοῦ
3206 1694 3613 1765 κατακλυσμοῦ,
3664 1696 3765 1751 καὶ

2185 1789 2438 1857 παραινεῖ
2476 1789 2697 1858 ποιῆσαι
2725 1788 2823 1860 τὴν
2857 1788 3116 1853 κιϐωτὸν,
3162 1789 3489 1858 τριακοσίων
3538 1792 3766 1863 πήχεων

2183 1884 2245 1939 τὸ
2271 1884 2465 1955 μῆκος,
2496 1886 2831 1956 πεντήκοντα
2866 1886 3085 1957 πήχεων
3098 1886 3159 1949 :6
3202 1886 3428 1954 πλάτος,
3467 1890 3769 1959 τριάκοντα

2185 1984 2402 2054 πήχεων
2450 1982 2511 2035 τὸ
2537 1980 2687 2052 ὕψος.
2727 1983 2814 2046 Ὠς
2836 1982 2891 2035 δὲ
2923 1983 3168 2053 είσῆλθεν
3212 1986 3293 2049 είς
3340 1986 3441 2056 τὴν
3504 1987 3762 2055 κιϐωτὸν,

2185 2080 2410 2150 ἐφέρετο
2439 2081 2468 2133 6
2511 2078 2895 2150 κατακλυσμὸς
2936 2080 3341 2151 τεσσαράκοντα
3396 2082 3609 2153 ἡμέρας
3662 2086 3765 2138 καὶ

2182 2176 2584 2249 τεσσαράκοντα
2608 2175 2825 2239 νύκτας.
2856 2176 3115 2230 Ἐνεδίδου
3140 2178 3197 2231 δὲ
3212 2176 3275 2231 :6
3304 2177 3445 2250 ὓδωρ
3476 2180 3614 2249 μετά
3629 2180 3765 2235 ἐκα-

2182 2273 2273 2326 τὸν
2305 2274 2639 2343 πεντήκοντα
2667 2273 2900 2343 ἡμέρας.
2932 2271 3210 2342 Ὠφθησαν
3234 2272 3291 2326 δὲ
3308 2274 3364 2327 αί
3398 2276 3631 2345 κορυφαὶ
3648 2275 3765 2330 τῶν

2182 2368 2352 2440 ὀρέων
2381 2368 2571 2441 πρώτῃ
2594 2367 2688 2421 τοῦ
2721 2367 2947 2423 δεκάτου
2984 2368 3150 2439 μηνός
3192 2378 3241 2422 ε.
3268 2369 3378 2422 Καὶ
3402 2371 3541 2440 μετὰ
3564 2388 3769 2425 τεσσα-

2185 2467 2420 2537 ράκοντα
2448 2466 2661 2537 ἡμέρας
2684 2464 2968 2519 ἀπέστειλε
2995 2450 3086 2518 τὸν
3110 2464 3342 2536 κόρακα,
3387 2468 3481 2519 καὶ
3524 2468 3624 2539 οὐχ
3655 2469 3767 2522 ὑπ-

2183 2562 2435 2635 έστρεψε·
2457 2565 2550 2617 καὶ
2577 2563 2713 2635 μετά
2742 2564 2880 2617 ἐπτά
2904 2562 3114 2635 ἡμέρας
3150 2562 3433 2617 ἀπέστειλε
3474 2565 3574 2635 τὴν
3601 2582 3765 2637 περι-

2184 2660 2400 2729 στερὰν,
2455 2661 2549 2713 καὶ
2601 2659 2906 2731 ὑπέστρεψε
2950 2659 3139 2713 θαλλὸν
3194 2658 3381 2721 ἐλαίας
3431 2661 3762 2729 κομίζουσα.

2182 2756 2472 2812 Κελεύεται
2516 2756 2621 2809 ὑπὸ
2649 2755 2745 2810 τοῦ
2785 2754 2918 2808 Θεοῦ
2950 2756 2980 2808 6
3007 2754 3127 2807 Νῶε
3178 2754 3409 2820 ἐξελθεῖν
3436 2757 3499 2808 ἐκ
3528 2755 3631 2825 τῆς
3665 2774 3762 2812 κι-

2182 2851 2377 2905 ϐωτοῦ·
2433 2852 2527 2905 καὶ
2573 2850 2801 2916 ἐξελθὼν
2846 2850 3005 2904 ἔθυσε
3030 2850 3109 2922 τῷ
3164 2850 3301 2922 Θεῷ,
3358 2851 3448 2903 καὶ
3481 2850 3761 2924 εὐλογήθη

2185 2948 2321 3018 μετὰ
2338 2947 2445 3001 τῶν
2474 2947 2601 3000 υίῶν
2648 2946 2831 3001 αὑτοῦ.
2861 2949 2970 3003 Καὶ
2994 2946 3184 3000 ἐλαϐεν
3215 2946 3542 3015 ἐπαγγελίαν
3601 2949 3766 3018 παρὰ

2183 3044 2274 3097 τοῦ
2296 3044 2450 3110 Θεοῦ,
2480 3044 2618 3096 ὥστε
2665 3044 2858 3114 μηκέτι
2901 3042 3152 3111 γενέσθαι
3179 3042 3435 3113 τοιαύτην
3480 3042 3773 3098 ἀπώλειαν.

2181 3137 2480 3209 ἀνθρώπων
2507 3138 2592 3191 διὰ
2622 3137 2713 3191 τοῦ
2743 3138 3145 3209 κατακλυσμοῦ.
3177 3141 3287 3192 Καὶ
3322 3139 3459 3209 μετά
3480 3140 3655 3193 ταῦτα
3674 3142 3763 3193 εύο

2180 3234 2330 3303 λογεῖ
2355 3233 2506 3306 [519]
2538 3235 2635 3305 μὲν
2658 3235 2747 3289 τὸν
2776 3236 2897 3306 Σὴμ
2917 3236 3011 3290 καὶ
3036 3235 3128 3289 τὸν
3167 3235 3364 3305 Ἰάφεθ,
3381 3237 3759 3308 καταρᾶταιδὲ

2180 3331 2270 3385 τὸν
2301 3332 2539 3398 Χαναὰν,
2570 3332 2755 3404 ἐπειδὴ
2786 3334 2815 3385 6
2842 3333 3024 3405 πατὴρ
3072 3332 3236 3386 αὑτοῦ
3271 3334 3401 3405 Χὰμ
3448 3334 3629 3400 ἐξεῖπε
3660 3334 3758 3406 τὴν

2181 3432 2457 3502 γύμνωσιν
2478 3429 2569 3483 τοῦ
2599 3430 2821 3501 πατρός.
2864 3431 3134 3484 Ἐκϐαίνει
3161 3429 3218 3484 δὲ
3240 3433 3274 3502 η
3300 3432 3513 3503 κατάρα
3533 3434 3757 3487 ἐπὶτῶν

2181 3526 2535 3582 Γαϐαονιτῶν·
2572 3526 2770 3597 μᾶλλον
2821 3525 2878 3579 δὲ
2907 3526 3196 3597 πρόσχημα
3232 3528 3328 3598 μὲν
3386 3529 3632 3599 κατάρας
3662 3525 3761 3602 ἦν,

2180 3625 2241 3678 τὸ
2296 3623 2353 3677 δὲ
2377 3623 2572 3695 ἀληθὲς
2632 3623 2953 3693 προφητεία.
2996 3623 3056 3675 Ol
3102 3622 3208 3675 ἀπὸ
3235 3622 3327 3675 τοῦ
3362 3623 3489 3676 Νῶε
3520 3612 3633 3689 ἐως
3660 3626 3754 3679 τοῦ

2180 3722 2376 3784 Φαλὲκ,
2401 3721 2459 3784 ὃς
2484 3720 2591 3773 ἀπὸ
2616 3719 2709 3772 τοῦ
2742 3718 3065 3791 μερισθῆναι
3102 3719 3188 3772 ἐπ’
3215 3719 3375 3773 αύτοῦ
3403 3720 3502 3792 τὴν
3523 3724 3628 3793 γῆν
3655 3723 3757 3796 τὴν

2182 3818 2551 3891 προσηγορίαν
2615 3816 2773 3871 ἔλαϐε
2818 3816 3037 3887 ταύτην.
3092 3817 3225 3870 Τότε
3270 3818 3379 3889 γάρ
3414 3820 3505 3872 τὸν
3543 3820 3754 3892 πύργον

2180 3916 2554 3987 ᾠκοδόμησαν,
2598 3913 2717 3967 ὅθεν
2758 3914 2850 3967 καὶ
2874 3915 2904 3966 6
2948 3914 3110 3977 τόπος
3163 3913 3420 3969 Βαϐυλὼν
3483 3932 3757 3988 προσηγο-

2185 4013 2371 4086 ρεύθη,
2418 4013 2587 4065 ὅέστι
2645 4011 2938 4083 Σύγχυσις,
2990 4011 3176 4082 ἐπειδὴ
3209 4013 3325 4066 ἐκεῖ
3382 4013 3755 4086 συνεχύθησαν

2180 4110 2358 4164 αὐτῶν
2386 4111 2443 4164 al
2502 4109 2759 4179 γλῶσσαι.
2812 4108 2915 4161 Τὸν
2950 4107 3007 4161 δὲ
3040 4108 3251 4181 πατέρα
3300 4109 3394 4162 τοῦ
3438 4111 3617 4167 Φαλὲκ
3659 4113 3753 4169 τὸν

2182 4206 2350 4277 Ἔϐερ
2371 4206 2526 4274 λόγος
2562 4205 2674 4275 ἔχει
2702 4206 2776 4275 μὴ
2822 4204 3114 4274 ὁμονοῆσαι
3157 4207 3269 4267 τοῖς
3294 4204 3503 4269 λοιποῖς
3540 4210 3624 4272 είς
3652 4209 3756 4281 τὴν

2178 4302 2272 4356 τοῦ
2298 4301 2504 4372 πύργου
2527 4301 2831 4371 οἰκοδομὴν,
2862 4302 2954 4353 καὶ¹
2976 4299 3063 4353 διὰ
3080 4300 3237 4353 τοῦτο
3251 4302 3399 4372 αύτῷ
3426 4302 3524 4375 τὴν
3561 4305 3754 4361 λαλιὰν

2184 4402 2257 4471 μὴ
2285 4400 2632 4471 ἀμειφοῆναι,
2683 4398 2818 4451 ἀλλά
2846 4401 3021 4469 μεῖναι
3072 4399 3233 4452 αὐτὸν
3278 4400 3538 4472 ἀκέραιον
3560 4404 3763 4475 ἔχοντα

2178 4500 2276 4570 τὴν
2302 4499 2601 4559 διάλεκτον,
2638 4496 2730 4549 καὶ
2780 4496 2874 4548 ἀπ’
2913 4494 3076 4548 αὑτοῦ
3104 4496 3201 4566 τὴν
3229 4498 3547 4568 ἐπωνυμίαν
3580 4502 3753 4573 αὐτὴν

2179 4595 2550 4665 λαϐεῖν.Ἕϐερ
2573 4594 2678 4664 γὰρ
2702 4593 2907 4646 ἐκείνου
2931 4592 3259 4664 καλουμένου
3284 4593 3337 4659 δ,
3373 4594 3592 4667 Ἐϐραῒς
3612 4599 3752 4671 αῦτη

2180 4691 2461 4762 κέκληται,
2516 4690 2543 4743 6
2595 4692 2688 4742 καὶ
2730 4690 2951 4760 σημεῖόν
2984 4691 3097 4741 ἐστι
3139 4690 3392 4760 μέγιστον
3438 4692 3533 4745 τοῦ
3559 4696 3753 4748 πασῶν

2178 4788 2286 4840 τῶν
2315 4786 2925 4858 λαλιῶνιπρεσϐυτέραν
2958 4782 3096 4839 εἶναι
3146 4788 3243 4858 τὴν
3285 4787 3565 4858 Ἐϐραῖδα·
3619 4791 3751 4861 πρὶν

2178 4884 2286 4955 γάρ
2314 4884 2643 4954 συγχυθῆναι
2663 4882 2759 4946 τὰς
2788 4884 3055 4953 γλώσσας,
3073 4883 3245 4957 ταύτῃ
3272 4886 3469 4949 πάντες
3495 4886 3757 4957 ἐκέχρην-

2178 4998 2257 5034 :0.
2300 4982 2453 5033 Ἐστι
2486 4979 2540 5032 δὲ
2573 4981 2601 5032 6
2655 4980 2820 5049 Ἔϐερ
2846 4974 2997 5042 οὗτος
3052 4979 3313 5050 πρόγονος
3354 4981 3622 5054 Ἁϐραάμ,
3656 4983 3757 5037 re-

2179 5078 2555 5147 νεαλογοῦνται
2599 5079 2655 5131 δὲ
2677 5078 2783 5131 ἀπὸ
2814 5076 2905 5130 τοῦ
2931 5077 3037 5149 Σὴθ
3056 5078 3160 5141 ἓως
3178 5079 3270 5132 τοῦ
3310 5080 3583 5151 Ἀϐραάμ.
3607 5084 3757 5153 Λαμ-

2180 5179 2330 5232 6άνει
2368 5181 2397 5231 ὁ
2416 5177 2594 5248 πατὴρ
2624 5176 2716 5229 τοῦ
2733 5174 2978 5246 Ἀϐραάμ
2999 5177 3027 5227 6
3053 5175 3206 5246 Θαρᾶ
3240 5178 3365 5239 τοὺς
3396 5180 3540 5241 υἱοὺς
3562 5180 3759 5244 αὑτοῦ,

2178 5275 2267 5328 τόν
2296 5292 2351 5327 τε
2395 5276 2657 5345 Ἀϐραὰμ,
2718 5273 2813 5327 καὶ
2867 5273 2957 5327 τὸν
2990 5272 3226 5345 Ναχὼρ,
3263 5275 3477 5328 καὶτὸν
3527 5278 3753 5347 ἔγγονον

2240 5566 2267 5607 b
2294 5567 2567 5639 .ngsiamgs
2612 5567 2763 5615 codex
2806 5568 3312 5631 παρευδοκιμασθῆναιι
3352 5568 3575 5632 Utraque
3601 5574 3754 5626 lectio

2177 5628 2363 5678 admilli
2387 5636 2561 5689 potest.
2880 5628 2888 5631 ⁷
3069 5628 3073 5629 ν

2242 5695 2265 5722 ⁸
2292 5692 2341 5739 In
2366 5692 2507 5753 Cois}.
2536 5690 2662 5753 male
2680 5688 2767 5738 τοῦ
2788 5691 3003 5753 δευτέρου
3030 5692 3187 5753 μηνός.

2228 5754 2271 5811 ,ἀ
2290 5752 2365 5803 De
2389 5752 2587 5803 Πεδοτο
2610 5752 2701 5803 hoc
2722 5753 2867 5804 etiam
2885 5752 3030 5816 supra
3053 5754 3180 5805 dixit
3196 5754 3245 5805 in
3267 5754 3564 5821 Προθιωρίᾳ.
