4102 6322
340 427 445 482 317

337 546 665 611 voluerunt;
704 538 955 610 operibus
977 551 1106 593 vero
1129 575 1145 598 ,
1187 549 1308 589 cum
1346 530 1612 586 Abraham
1637 525 1917 581 exhibetur

344 638 508 690 ﬁlium
536 634 797 695 offerens,
829 638 882 684 et
918 630 1132 683 arietem
1172 626 1435 695 jugulans.
1464 623 1559 677 Hic
1584 622 1727 676 enim
1758 616 1917 673 rebus

342 727 470 795 ipsis
490 724 664 780 crucis
691 722 972 788 imaginem
999 717 1388 789 praesigniﬁcat,
1416 725 1571 783 atque
1596 711 1796 765 czedem
1821 723 1917 778 pro

342 817 471 871 orbe
500 814 750 868 futuram.
781 811 970 865 Multas
998 817 1141 863 certe
1167 808 1407 862 invenire
1432 809 1515 855 est
1539 800 1594 853 in
1613 800 1789 857 Veteri
1815 800 1917 854 Tc-

342 916 607 962 stamento
642 900 944 971 hujusmodi
987 899 1179 968 ﬁguras
1203 939 1217 963 ,
1263 894 1674 966 prophetiasque
1709 905 1805 959 per
1830 904 1917 942 res

344 996 627 1053 exhibitas.
661 993 955 1060 Pmpbetia:
984 1006 1111 1045 vero
1136 1004 1331 1043 munus
1388 995 1487 1049 est,
1520 1002 1625 1039 non
1651 983 1810 1038 modo
1841 981 1921 1034 lu-

344 1097 463 1142 tura
489 1087 666 1141 dicere
689 1125 704 1151 ,
734 1084 827 1139 sed
856 1083 1015 1138 etiam
1043 1081 1325 1151 prieterita,
1355 1076 1495 1147 quod
1524 1076 1753 1130 maxime
1780 1074 1918 1145 apud

345 1181 580 1252 Moysem
621 1176 1052 1246 deprehenditur.
1082 1171 1304 1240 Quando
1334 1171 1476 1226 enim
1515 1169 1582 1224 de
1612 1168 1742 1222 caelo
1772 1176 1826 1222 et
1854 1166 1920 1221 de

347 1282 491 1326 terra
522 1272 772 1340 loquitur,
800 1283 885 1322 res
907 1265 1118 1336 quidem
1144 1264 1273 1318 dicit
1293 1262 1588 1333 praeteritas
1608 1270 1661 1314 et
1684 1268 1922 1328 tempore

345 1362 673 1426 obscuratas,
696 1358 791 1414 sed
818 1357 1093 1428 prephetia
1130 1356 1244 1410 haec
1264 1354 1520 1409 enuntiat.
1565 1351 1922 1419 Quemadmo-

347 1454 474 1508 dum
501 1452 644 1507 enim
675 1448 963 1521 prophetia:
988 1456 1090 1512 est,
1112 1464 1203 1502 res
1218 1444 1448 1500 nondum
1477 1455 1670 1514 gestas,
1700 1457 1923 1513 quaeque

347 1546 523 1599 adhuc
550 1544 769 1599 occulta;
798 1548 921 1597 sunt
948 1540 1281 1601 annuntiare,
1313 1536 1390 1591 sic
1418 1544 1473 1591 et
1496 1551 1583 1590 res
1610 1542 1786 1605 gestas
1809 1535 1925 1602 qui-

349 1636 492 1701 dem,
524 1634 618 1689 sed
648 1633 716 1688 ob
744 1644 947 1702 tempus
972 1629 1204 1684 occultas
1231 1628 1498 1692 revelare,
1528 1633 1583 1682 et
1611 1625 1665 1679 in
1692 1625 1924 1679 medium

350 1728 648 1790 adducere,
698 1740 875 1793 parem
909 1724 1130 1794 gratiam
1170 1721 1421 1791 postulat.
1470 1718 1549 1773 Ad
1592 1717 1925 1787 prophetiam

350 1833 563 1889 quoque
607 1817 833 1886 pertinet
881 1830 967 1868 res
1003 1821 1292 1883 prmsentes
1330 1810 1644 1865 annuutiare
1667 1849 1682 1874 ,
1713 1807 1925 1878 quando

350 1911 619 1980 quidpiam
646 1908 894 1971 efﬁcitur,
925 1905 1019 1960 sed
1047 1904 1312 1959 occultum
1337 1913 1416 1959 est
1439 1918 1453 1966 ;
1483 1911 1541 1956 ut
1565 1900 1755 1956 accidit
1783 1901 1924 1954 circa

351 2000 614 2057 Aminiam
643 2006 696 2054 et
721 1996 1052 2067 Sapphiram.
1080 1995 1188 2049 Illic
1210 1996 1351 2050 enim
1382 2008 1555 2063 neque
1579 1992 1923 2062 praeteritum,

354 2108 529 2162 neque
556 2092 807 2154 futurum,
837 2089 929 2144 sed
956 2103 1043 2142 res
1062 2100 1330 2157 praesens,
1358 2085 1562 2139 occulta
1593 2094 1787 2139 tamen.
1823 2083 1926 2137 Pe-

355 2196 471 2241 trus
505 2200 631 2255 ergo
667 2184 780 2238 haec
809 2198 904 2253 per
928 2180 1259 2252 pr0pbetiam
1301 2179 1581 2245 revelans,
1613 2178 1665 2233 in
1694 2177 1927 2232 medium

354 2278 588 2332 adducit.
618 2276 758 2330 Sane
784 2290 903 2344 quae
927 2273 995 2327 ad
1026 2273 1183 2328 Vetus
1207 2271 1610 2326 Testamentum
1636 2271 1925 2339 pertinent,

354 2379 417 2427 ut
443 2371 560 2442 quis
585 2368 860 2424 confertim
886 2366 1028 2420 dicat
1052 2406 1067 2432 ,
1104 2362 1365 2433 ejusmodi
1405 2370 1546 2417 sunt.
1576 2360 1634 2415 In
1660 2361 1809 2416 Novo
1834 2378 1931 2415 au-

358 2473 465 2517 tem
486 2466 557 2515 ea
580 2501 594 2525 ,
630 2474 747 2529 qua:
775 2459 827 2511 in
858 2457 1035 2512 Veteri
1076 2454 1404 2524 :enigmatice
1433 2452 1572 2507 dicta
1602 2460 1744 2518 sunt,
1777 2452 1929 2506 exhi-

358 2552 591 2607 bentur:
624 2549 691 2603 de
736 2546 1028 2619 prophetiis
1064 2546 1287 2615 loquor,
1331 2544 1523 2615 quibus
1571 2543 1931 2599 testimonium

361 2644 639 2715 perhibent
666 2642 779 2711 ipsa
808 2654 970 2710 opera
992 2680 1008 2706 ,
1049 2652 1240 2707 nempe
1270 2638 1391 2691 vitae
1416 2636 1710 2691 institutum
1735 2637 1802 2690 ad
1828 2652 1934 2689 cac-

361 2739 473 2793 lum
501 2752 665 2807 usque
692 2734 1016 2805 pertingens,
1042 2746 1235 2787 arcana
1265 2730 1559 2785 futurorum
1593 2730 1731 2785 bona
1756 2772 1771 2796 ,
1806 2731 1933 2796 Quae

360 2846 450 2883 nec
492 2829 663 2882 oculus
690 2827 843 2893 vidit,
879 2841 968 2879 nec
996 2824 1134 2877 auris
1158 2823 1347 2876 audivit
1366 2863 1381 2890 ,
1410 2837 1499 2874 nec
1528 2822 1579 2875 in
1608 2838 1693 2875 cor
1718 2821 1934 2875 hominis

361 2922 683 2975 ascenderunt
699 2919 773 2989 (l.
792 2917 908 2972 Cor.
926 2917 981 2970 2.
1004 2914 1080 2987 9).
1098 2914 1304 2969 Novum
1324 2914 1517 2984 quippe
1537 2913 1932 2968 Testamentum

335 3082 341 3090 .
362 3013 631 3067 hominem
658 3027 748 3080 per
772 3008 938 3064 Vetus
963 3018 1238 3078 acceptum
1258 3048 1273 3073 ,
1305 3007 1575 3062 moderate
1600 3016 1653 3062 et
1679 3008 1875 3061 sensim
1903 3022 1933 3060 a

365 3104 597 3175 nequitia
622 3103 685 3156 ad
713 3103 1020 3172 angelorum
1047 3100 1343 3154 institutum
1365 3098 1597 3154 adducit.
1631 3098 1811 3170 Itaque
1834 3098 1936 3154 Vc-
2007 3122 2012 3125 -

368 3199 499 3254 teris
525 3197 731 3268 quidem
760 3196 1084 3251 Testameuti
1115 3208 1247 3263 opus
1278 3202 1391 3247 erat
1419 3193 1686 3248 hominem
1728 3194 1932 3259 facere;

366 3290 500 3345 Novi
530 3286 1014 3362 autem.hominem
1046 3284 1260 3339 efﬁcere
1302 3285 1569 3353 angelum.
1598 3284 1937 3354 Quandoqui-

367 3382 492 3436 dem
522 3380 659 3434 enim
698 3378 924 3448 nequitia
954 3376 1006 3431 id
1033 3376 1210 3430 effecit
1237 3384 1293 3429 ut
1338 3374 1466 3429 illud
1507 3375 1791 3443 perderent
1833 3390 1937 3444 quo

370 3473 612 3528 homines
634 3532 637 3533 ν
663 3481 813 3527 erant
837 3511 853 3536 ,
895 3471 1142 3541 ipsosque
1170 3471 1219 3523 in
1250 3468 1524 3523 brutorum
1560 3468 1938 3537 ignobilitatem

371 3566 565 3634 dejecit
588 3606 601 3628 ,
644 3580 704 3618 ac
730 3562 927 3618 ferinos
956 3562 1187 3617 reddidit
1216 3577 1229 3626 ;
1268 3562 1354 3616 lex
1390 3560 1603 3631 quidem
1649 3559 1765 3615 illos
1791 3576 1821 3614 a
1850 3562 1937 3614 tali

370 3657 570 3711 malitia
607 3655 894 3717 liberabat;
936 3655 1101 3725 gratia
1138 3668 1266 3708 vero
1305 3652 1433 3723 ipsis
1474 3652 1609 3707 hanc
1649 3652 1937 3722 angelicam

370 3750 618 3802 virtutem
655 3746 817 3801 addit.
864 3745 998 3801 Sunt
1036 3753 1211 3798 autem
1255 3742 1387 3798 Novi
1416 3742 1737 3797 Testamenti
1779 3742 1937 3809 libri,

369 3841 620 3910 Epistulae
657 3838 1054 3911 quatuordecim
1085 3836 1229 3891 Pauli
1255 3837 1351 3907 (a),
1383 3846 1607 3905 quatuor
1634 3835 1935 3906 Evangelia,

367 3934 474 3989 duo
502 3934 879 4003 discipulorum
921 3930 1116 3986 Christi
1142 3971 1155 3993 ,
1200 3929 1417 3983 Joannis
1446 3938 1501 3983 et
1535 3927 1763 3982 Matthaei
1790 3969 1805 3997 ,
1833 3927 1940 3983 duo

367 4035 545 4080 autem
572 4024 728 4078 Luca:
747 4031 799 4077 et
816 4021 974 4076 Marci
1001 4038 1013 4074 :
1038 4035 1261 4091 quorum
1288 4020 1422 4073 alius
1447 4019 1607 4083 Petri,
1638 4019 1771 4073 alius
1792 4018 1939 4073 Pauli

368 4116 656 4186 discipulus
682 4116 797 4170 fuit.
829 4115 909 4169 Illi
940 4115 1081 4168 enim
1119 4114 1246 4183 ipsis
1284 4114 1452 4168 oculis
1490 4112 1756 4168 Christum
1788 4113 1939 4169 vide-

368 4220 511 4276 rant,
538 4225 601 4263 ac
629 4225 749 4263 cum
788 4208 880 4262 illo
909 4208 1101 4262 versati
1134 4207 1339 4260 fuerant
1363 4223 1377 4271 ;
1410 4205 1464 4259 hi
1487 4220 1613 4260 vero
1636 4221 1696 4260 ea
1724 4222 1842 4276 qua:
1873 4223 1939 4262 ex

372 4303 502 4372 ipsis
546 4308 899 4370 acceperant,
947 4298 1065 4353 aliis
1110 4296 1485 4363 tradiderunt;
1532 4298 1762 4367 itemque
1807 4298 1941 4353 liber

372 4396 621 4458 Actuum,
653 4393 740 4461 qui
770 4391 927 4445 etiam
960 4390 1114 4445 Lucae
1141 4398 1242 4454 est,
1264 4388 1525 4443 narrantis
1551 4403 1611 4443 ea
1642 4405 1760 4459 quae
1790 4398 1937 4459 gesta

372 4496 534 4550 sunt;
565 4493 618 4538 et
643 4499 707 4537 ex
733 4481 1003 4537 catholicis
1032 4490 1138 4536 tres
1166 4480 1417 4550 Epistolte
1450 4479 1543 4551 (b).

439 4638 511 4700 (a)
546 4638 707 4700 Mirum
725 4636 805 4685 hic
825 4636 1044 4685 videatur
1062 4634 1288 4697 Epistolas
1301 4633 1660 4700 quatuordecim
1684 4632 1809 4681 Pauli
1826 4639 1941 4685 ante

373 4695 629 4761 Evangelia
661 4700 791 4767 poni.
828 4700 1059 4767 Quantum
1096 4695 1280 4767 amaret
1323 4696 1520 4767 Paulum
1562 4695 1939 4767 Chrysostomus,

372 4755 527 4825 quani
538 4774 635 4823 prae
651 4755 755 4808 aliis
776 4755 1268 4825 omnibusScripturze
1288 4770 1438 4825 sacra:
1475 4755 1608 4825 libris
1633 4755 1738 4817 ejus
1761 4759 1941 4825 Episto-

375 4820 447 4872 las
469 4820 662 4884 semper
675 4835 770 4884 ore
795 4823 1059 4884 menteque
1084 4829 1317 4884 versaret,
1347 4820 1534 4884 ignorat
1557 4832 1699 4884 nemo
1720 4820 1803 4880 qui
1821 4824 1942 4884 scri-

375 4893 457 4990 pta
482 4881 590 4946 ejus
607 4881 1004 4955 velprimoribus
1037 4882 1181 4953 labris
1209 4883 1441 4989 attigerit.
1483 4882 1705 4950 Ordinem
1741 4892 1860 4942 ergo
1883 4881 1941 4931 li-

394 4960 573 4990 ll‘Ol‘lﬂll
593 4949 1008 4990 NOVITeStalnentl
1031 4944 1107 4990 hic
1126 4956 1220 4990 non
1237 4957 1290 4990 or
1326 4954 1405 4990 tne
1424 4949 1685 4990 recensuit.
1706 4943 1793 4989 sed
1818 4948 1869 4990 ut
1886 4957 1941 4990 se

394 4942 573 4994 morum
593 4942 1008 4994 NoviTestaineuti
1031 4944 1107 4992 hic
1126 4956 1220 4992 non
1237 4942 1405 4991 ordine
1424 4942 1685 4999 recensuit,
1706 4943 1793 4989 sed
1818 4948 1869 4990 ut
1886 4957 1942 4992 se

372 5006 581 5067 primum
625 5009 772 5067 menti
811 5005 1080 5054 offerebant
1116 5004 1401 5065 descripsit;
1449 5004 1517 5051 sic
1553 5002 1783 5067 Joannem
1820 5013 1943 5067 _ante

371 5062 549 5116 omnes
571 5066 911 5130 Evangelistas,
937 5076 988 5116 et
1002 5074 1166 5115 Lucam
1189 5062 1526 5130 antetuarcum
1547 5066 1719 5130 posuit.
1735 5062 1943 5115 Catholi-

372 5146 459 5181 cas
482 5124 805 5193 Epistolas'hic
829 5124 931 5193 tres
959 5128 1214 5193 recenscri
1250 5127 1384 5175 vides
1427 5126 1691 5193 secundum
1722 5134 1943 5193 Syrorum

374 5188 563 5238 morem
586 5204 773 5238 necnon
794 5190 1015 5239 Ecclesiae
1040 5188 1361 5245 Antiocheam,
1393 5190 1475 5236 ubi
1500 5188 1658 5234 Jacobi
1682 5200 1791 5245 una,
1819 5188 1942 5235 Petri

378 5253 550 5319 prima,
573 5253 766 5301 Joannis
779 5254 902 5319 item
928 5253 1077 5319 prima
1099 5249 1664 5319 solumnadmittebantur.
1688 5258 1784 5307 Qua
1804 5247 1869 5297 de
1885 5260 1943 5296 re

375 5310 596 5375 pluribus
616 5325 758 5374 supra
778 5315 825 5361 in
850 5310 1055 5375 Dia'triba
1076 5310 1460 5375 verbafecimus.

442 5373 514 5437 (ὁ)
548 5372 850 5435 Nola,inquit
884 5372 1187 5437 scholiastes,
1229 5374 1385 5437 ipsum
1416 5384 1513 5437 non
1536 5383 1805 5437 memorare
1828 5378 1945 5437 Apo_-_

376 5432 622 5498 calypsim.
646 5432 873 5497 Equidem
888 5434 995 5483 haec
1015 5432 1284 5498 Scholiastis
1296 5434 1535 5498 adnotatio
1558 5432 1736 5498 aliquid
1743 5433 1945 5498 _uegotii

376 5492 635 5559 facessere
646 5492 825 5558 potest,
847 5500 959 5558 quia
985 5495 1319 5559 Apocalypsim,
1344 5494 1552 5559 amplum
1576 5492 1691 5543 licet
1708 5492 1900 5559 librum,
1917 5508 1946 5542 a

379 5565 563 5620 .toanne
603 5555 936 5620 Chrysostoino
959 5555 1232 5620 usurpatam
1264 5555 1474 5620 nonduin
1503 5558 1686 5620 reperi,
1726 5569 1820 5604 nec
1855 5555 1944 5620 d_e-

378 5619 537 5678 fuere,
559 5620 644 5682 qui
666 5616 730 5682 de
755 5620 861 5682 ejus
880 5616 1163 5668 auctoritate
1185 5619 1235 5682 in
1258 5618 1469 5682 Ecclesia
1490 5616 1659 5682 saltem
1678 5624 1835 5682 Graeca
1857 5616 1946 5665 du—

378 5678 657 5741 bitaverint,
684 5678 1075 5742 Nicéphorusque
1108 5680 1372 5741 patriarcha
1404 5678 1947 5742 Constantinopolitanus

379 5746 431 5793 in
450 5744 644 5793 Canoue
664 5755 754 5791 suo
769 5741 1039 5801 recensuit.
1062 5743 1178 5799 Quin
1201 5748 1252 5795 et
1270 5744 1318 5791 in
1337 5741 1549 5789 secundo
1581 5749 1712 5789 romo
1733 5743 1944 5801 Gregorii

382 5807 653 5854 Nazianzani
678 5805 727 5852 in
750 5799 974 5864 Catalogo
999 5802 1226 5850 librorum
1262 5804 1529 5863 Scripturae,
1578 5802 1661 5864 qui
1693 5804 1798 5863 ejus
1830 5799 1947 5850 esse

385 5883 485 5920 non
510 5880 730 5935 putatur,
762 5873 869 5922 haec
899 5874 1137 5940 leguntur
1173 5886 1224 5942 p.
1256 5872 1346 5925 19%
1377 5888 1390 5926 :
1421 5876 1517 5931 Τὴν
1550 5876 1591 5926 δ’
1634 5875 1954 5942 ’Δποκάλυψιν

1389 395 1711 472 srnorSrs
1746 398 2145 464 scalprum:
2178 391 2439 457 sacrm.

3498 395 3603 453 318

2534 530 2773 573 svsorsrs
2810 531 3023 574 caussis
3047 517 3089 571 ί.

2093 651 2271 707 Μυηᾱί
2318 651 2558 716 creatio,
2603 649 2937 720 hominisque
2987 649 3252 704 formatio.
3297 647 3601 705 Mandatum

2022 744 2213 812 accipit
2237 742 2403 797 Adam
2425 784 2438 807 ,
2471 750 2525 797 et
2549 741 2807 795 formatur
2836 742 3023 794 mulier
3049 757 3113 796 ex
3139 750 3285 795 costa
3314 741 3429 810 ejus
3448 782 3461 806 ,
3489 757 3605 811 quas

2024 849 2052 887 a
2082 844 2328 903 serpente
2356 833 2596 901 decepta,
2629 833 2799 885 virum
2823 832 3039 898 decipit,
3062 841 3218 901 atque
3240 848 3342 885 una
3367 848 3487 886 cum
3516 833 3606 885 illo

2023 926 2300 980 maledicta
2322 926 2529 995 ejicitur
2553 940 2615 979 ex
2644 924 2910 994 paradiso.
2942 924 3175 992 Serpens
3204 940 3413 994 quoque
3443 924 3599 979 male-

2023 1016 2219 1071 dictum
2248 1018 2473 1087 accipit,
2505 1026 2560 1070 ut
2589 1033 2746 1085 super
2776 1026 2959 1085 pectus
2983 1017 3274 1086 gradiatur.
3306 1017 3437 1072 Cain
3466 1016 3609 1071 occi-

2025 1108 2103 1163 dit
2141 1109 2361 1163 fratrem
2382 1150 2397 1175 ,
2430 1110 2553 1179 quia
2586 1108 2901 1162 laudabilius
2927 1124 2984 1161 se
3008 1117 3266 1177 gesserat,
3298 1108 3493 1178 datque
3517 1110 3607 1163 ille

2026 1214 2210 1269 ptenas
2233 1217 2245 1253 :
2272 1209 2560 1268 posteaque
2582 1199 2778 1253 liberos
2806 1198 3044 1267 suscipit.
3072 1199 3177 1251 Eva
3204 1198 3423 1269 _Sethum
3446 1200 3604 1269 parit.

2025 1266 2304 1359 Catalogus
2324 1266 2510 1343 eorum
2554 1290 2642 1358 qui
2681 1288 2748 1343 ab
2787 1266 2991 1342 Adamo
3021 1300 3073 1342 et
3100 1304 3127 1339 a
3153 1266 3318 1342 Sétho
3346 1266 3463 1343 orti-
3485 1298 3609 1344 sunt

2025 1398 2191 1453 usque
2221 1381 2287 1437 ad
2315 1382 2427 1438 Noe
2456 1401 2468 1437 :
2499 1382 2881 1451 hominumque
2929 1381 3229 1436 criminatio
3255 1381 3323 1434 ob
3360 1382 3607 1437 indecora

2025 1473 2307 1539 connubia,
2334 1489 2396 1528 ac
2422 1484 2644 1528 caeteras
2675 1473 3001 1542 iniquitates.
3027 1472 3189 1526 Filios
3223 1472 3313 1526 Dei
3346 1472 3432 1526 hic
3456 1483 3609 1528 vocat

2027 1580 2120 1619 eos
2149 1565 2237 1635 qui
2274 1581 2304 1619 a
2342 1565 2503 1620 Setho
2524 1580 2691 1634 genus
2716 1564 3018 1634 ducebant(
3044 1562 3169 1617 Gen.
3199 1564 3251 1618 6.
3280 1564 3383 1634 2);
3420 1564 3612 1619 disitur

2027 1658 2166 1712 enim
2193 1676 2205 1711 :
2234 1658 2341 1728 Ego
2375 1660 2501 1724 dixi,
2540 1657 2627 1711 Dii
2657 1659 2792 1724 estis,
2830 1666 2875 1711 et
2910 1659 3003 1727 ﬁlii
3042 1657 3287 1712 Altissimi
3334 1676 3501 1712 omnes
3535 1660 3610 1730 (a)

2029 1748 2192 1819 (Paul.
2220 1750 2305 1804 81.
2323 1750 2401 1820 6).
2427 1750 2586 1805 Filias
2607 1766 2732 1804 vero
2751 1751 3021 1804 hominum
3040 1763 3191 1805 vocat
3213 1767 3303 1805 eas
3324 1766 3480 1820 qurea
3503 1752 3615 1807 Cai-

2029 1854 2101 1893 no
2129 1849 2258 1895 orta:
2288 1852 2458 1896 erant.
2481 1842 2725 1896 Praedicit
2755 1842 2891 1896 Deus
2923 1841 3047 1895 Noa:
3073 1842 3303 1895 futuram
3337 1843 3610 1897 hominum

2031 1931 2316 2000 perniciem
2357 1947 2452 2002 per
2480 1933 2755 1997 diluvium,
2787 1943 2841 1987 et
2874 1932 3025 2002 jubet
3066 1949 3242 1988 arcam
3269 1944 3606 1999 construere,

2032 2030 2390 2077 trecentorum
2448 2024 2749 2079 cubitorum
2808 2024 3172 2095 longitudine,
3231 2028 3609 2096 quinquaginta

2031 2113 2327 2168 cubitorum
2356 2115 2653 2181 latitudine,
2680 2127 2732 2170 et
2759 2116 2969 2186 triginta
2991 2117 3287 2171 cubitorum
3313 2118 3606 2173 altitudine.

2031 2204 2101 2260 Ut
2128 2217 2303 2261 autem
2346 2208 2616 2277 ingressus
2655 2216 2736 2261 est
2780 2207 2833 2261 in
2879 2222 3094 2273 arcam,
3122 2208 3611 2263 advenitdiluvium

2031 2298 2375 2367 quadraginta
2405 2297 2591 2352 diebus
2621 2307 2675 2353 et
2700 2299 3049 2368 quadraginta
3084 2300 3344 2355 noctibus.
3373 2300 3613 2356 Obtinuit

2031 2401 2164 2457 aqua
2186 2397 2398 2443 centum
2420 2389 2799 2459 quinquaginta
2817 2390 3023 2444 diebus.
3049 2392 3417 2460 Apparuernnt
3435 2405 3610 2448 autem

2032 2480 2305 2533 cacumina
2333 2481 2589 2534 montium
2624 2481 2796 2549 primo
2822 2482 2910 2536 die
2940 2482 3130 2535 decimi
3163 2484 3379 2538 mensis.
3405 2486 3470 2539 Et
3494 2496 3613 2556 post

2032 2571 2381 2642 quadraginta
2421 2571 2537 2626 dies
2580 2572 2758 2627 emisit
2805 2587 3063 2639 corvum,
3096 2576 3185 2644 qui
3216 2590 3321 2629 non
3368 2592 3612 2633 reversus

2033 2671 2116 2717 est
2152 2681 2164 2716 :
2206 2672 2260 2717 et
2308 2672 2426 2731 post
2474 2672 2680 2732 septem
2734 2664 2849 2719 dies
2893 2665 3071 2719 emisit
3117 2666 3449 2733 columbam,
3494 2685 3613 2738 qure

2034 2768 2247 2807 reversa
2270 2764 2352 2807 est
2382 2769 2587 2807 ramum
2613 2754 2766 2807 oliva:
2794 2764 3029 2823 gestans.
3058 2754 3283 2811 anetnr
3301 2772 3330 2811 a
3360 2757 3471 2812 Deo
3497 2759 3610 2813 Noe

2036 2845 2214 2914 egredi
2245 2862 2308 2899 ex
2339 2861 2458 2900 arca
2490 2864 2501 2898 :
2529 2858 2582 2901 et
2608 2862 2853 2915 egressus
2885 2848 2993 2901 Dco
3017 2849 3355 2916 sacriﬁcavit,
3387 2860 3436 2904 et
3462 2850 3615 2906 bene-

2035 2935 2209 2991 dictus
2251 2943 2333 2991 est
2374 2952 2493 2991 cum
2522 2938 2641 2993 ﬁliis
2679 2940 2806 2993 suis.
2855 2942 3173 3011 Accepitque
3211 2943 3614 3011 promissionem

2037 3041 2065 3079 a
2098 3028 2225 3093 Deo,
2258 3044 2364 3081 non
2391 3029 2523 3082 ultra
2555 3028 2785 3084 futuram
2810 3029 3110 3099 hnjusniodi
3135 3034 3422 3101 perniciem
3448 3036 3615 3090 homi-

2040 3136 2164 3172 num
2196 3136 2287 3188 per
2313 3121 2589 3176 diluvium.
2644 3122 2832 3175 Postea
2861 3139 2987 3177 vero
3010 3123 3171 3179 Senio
3206 3126 3419 3194 quidem
3441 3138 3493 3182 et
3520 3127 3613 3182 Ja-

2039 3213 2201 3282 pheto
2246 3213 2509 3267 benedicit
2533 3256 2547 3279 ,
2581 3216 2847 3269 maledicit
2890 3227 3064 3270 autem
3096 3217 3461 3283 Chanaanum,
3490 3221 3613 3289 quia

2041 3314 2189 3373 pater
2216 3304 2333 3374 ejus
2357 3305 2521 3358 Cham
2553 3306 2882 3361 revelaverat
2910 3309 3200 3364 nuditatem
3234 3313 3418 3379 patris.
3451 3313 3616 3368 Male-

2040 3395 2200 3450 dictio
2243 3409 2420 3450 autem
2450 3397 2534 3451 illa
2563 3409 2812 3452 eventum
2859 3399 3043 3455 habuit
3081 3403 3132 3456 in
3172 3402 3479 3459 Gabaonitis
3504 3407 3614 3477 (ὺ);

2041 3488 2148 3543 imo
2178 3491 2353 3559 potius
2378 3492 2555 3561 specie
2581 3492 2791 3561 quidem
2824 3494 3122 3550 maledictio
3151 3507 3283 3562 erat,
3314 3501 3406 3554 sed
3429 3517 3614 3557 revera

2042 3582 2341 3650 prophetia.
2368 3583 2501 3637 Hinc
2522 3594 2816 3653 sequuntur
2840 3587 2927 3656 qui
2957 3603 3021 3640 ex
3046 3587 3157 3643 Noe
3181 3591 3280 3643 orti
3303 3601 3426 3645 sunt
3452 3609 3617 3663 usque

2041 3673 2106 3725 ad
2130 3672 2339 3737 Phalec,
2362 3674 2449 3743 qui
2479 3675 2579 3729 hoc
2601 3690 2794 3729 nomen
2824 3678 3039 3731 sortitus
3067 3690 3167 3743 est,
3195 3682 3315 3751 quia
3348 3683 3462 3751 ejus
3490 3696 3617 3741 tem-

2044 3778 2173 3832 pore
2199 3763 2364 3818 divisa
2398 3765 2490 3819 fuit
2520 3776 2679 3820 terra.
2708 3768 2855 3821 Tunc
2880 3771 3020 3823 enim
3051 3774 3235 3826 turrim
3267 3776 3613 3846 aediﬁcarunt,

2042 3856 2183 3909 unde
2201 3856 2350 3911 locus
2384 3857 2620 3927 Babylon
2649 3868 2730 3913 est
2750 3861 3040 3929 appellatus
3060 3903 3074 3928 ,
3098 3865 3236 3933 quod
3252 3865 3620 3937 Confusionem

2043 3947 2333 4016 signiﬁcat,
2380 3949 2501 4018 quia
2551 3950 2654 4003 illic
2699 3949 2934 4005 confusa:
2983 3964 3103 4006 sunt
3167 3954 3359 4025 linguae
3412 3974 3616 4013 eorum.

2048 4039 2205 4094 Pater
2244 4050 2419 4096 autem
2448 4041 2661 4095 Phaleci
2694 4042 2866 4097 lleber
2894 4043 3088 4098 dicitur
3131 4055 3237 4100 no’n
3286 4052 3620 4107 consensisse

2044 4146 2163 4184 cum
2189 4132 2396 4185 caeteris
2417 4133 2554 4186 circa
2586 4132 2989 4189 aediﬁcationem
3020 4138 3217 4202 turris;
3252 4137 3477 4210 ideoque
3519 4142 3620 4211 ipsi

2045 4224 2306 4292 loquelam
2354 4241 2460 4279 non
2504 4234 2758 4279 mutatam
2807 4226 3000 4291 fuisse,
3030 4229 3122 4284 sed
3167 4235 3427 4289 mansisse
3473 4235 3620 4291 illum

2109 4344 2125 4373 ί
2160 4342 2342 4391 Titulus
2366 4344 2411 4391 in
2436 4343 2736 4403 Lngdnnensi
2757 4342 2870 4393 Cod.
2895 4345 2965 4392 sic
2982 4344 3191 4394 habetur
3217 4360 3229 4395 :
3268 4347 3429 4398 Brevis
3452 4351 3622 4402 veteris

2050 4403 2328 4473 Testameuti
2349 4404 2584 4467 synopsis,
2621 4410 2814 4455 auctore
2852 4404 3202 4469 C/irysostomo.
3237 4409 3447 4461 Genesis.
3482 4412 3616 4462 Liber

2044 4478 2242 4526 primus.

2106 4529 2178 4588 (a)
2214 4536 2321 4575 Haec
2345 4526 2561 4589 pluribus
2584 4528 2885 4590 explicantur
2906 4536 3034 4577 Tom.
3057 4530 3139 4588 IV,
3158 4538 3288 4580 Hom.
3312 4533 3373 4580 22
3394 4534 3441 4581 in
3465 4541 3618 4584 Gene-

2043 4589 2151 4652 sim,
2174 4590 2253 4638 ubi
2280 4591 2513 4652 probatur
2533 4603 2635 4649 eos,
2653 4589 2741 4651 ’qni
2761 4602 2786 4652 a
2812 4590 2957 4652 Setho
2979 4593 3068 4639 orti
3095 4603 3249 4652 erant,
3288 4594 3409 4644 ﬁlios
3432 4599 3515 4645 Dei
3542 4612 3621 4645 vo-

2044 4651 2159 4720 cari,
2186 4648 2337 4720 etliic
2361 4653 2465 4712 ipse
2501 4648 2636 4720 locus
2676 4648 2839 4720 i>_sa|mi
2973 4648 3497 4720 aﬁ‘erturnzri‘gordixi,
3544 4658 3621 4709 Dii

2044 4712 2172 4782 estis.
2212 4712 2349 4761 Filias
2392 4721 2555 4762 autem
2586 4714 2829 4761 hominum
2862 4713 2982 4762 ﬁlias
3015 4726 3124 4763 esse
3162 4712 3295 4766 (Ἀιίηῖ
3329 4719 3444 4768 dicit
3480 4712 3621 4782 paulo

2155 4786 2229 4822 ea.

2045 4780 2563 4903 pﬁt???iornrneutario
2583 4837 2631 4883 iu
2654 4835 2825 4883 Isaiam
2850 4835 2907 4903 ad
2937 4847 3040 4903 cap.
3075 4836 3296 4903 2,_versu
3316 4841 3365 4903 ﬁt,
3390 4840 3496 4890 haec
3518 4845 3619 4903 ipsa

2049 4896 2131 4962 sic_
2146 4896 2383 4962 exprimit
2407 4896 2778 4962 _(Zlirvsostomus
2804 4910 2814 4942 :
2842 4897 2912 4962 οὐ
2934 4899 3027 4962 μὴν
3055 4900 3169 4962 ρύδὲ
3195 4903 3279 4955 τήν
3307 4896 3422 4962 ἀρὰν
3450 4896 3615 4949 διαιὶῑε-

2048 4953 2250 5033 cottidiani,
2274 4957 2375 5004 ἀλλ’
2400 4958 2475 5004 ἐπὶ
2497 4960 2590 5028 τῷν
2615 4953 3173 5033 Γαϐαρνιτῶνηῖαϐοὖσαν
3192 4953 3250 5008 τό
3275 4953 3407 5015 radio:
3436 4965 3531 5009 τῶν
3558 4964 3612 5009 ἐκ

2046 5016 2350 5085 ςσῦΙΧάνσ-αγ
2373 5016 2769 5085 γεγονὸτῳνηοΚιαῖ
2794 5021 2894 5085 γᾴρ-
2911 5020 2957 5066 ἐν
2984 5022 3108 5075 τάξει
3136 5023 3248 5085 ἀρᾶς
3273 5025 3531 5083 προφητεία
3557 5024 3613 5070 τὸ

2047 5076 2296 5139 λεγόμενον
2317 5080 2390 5134 ἡν.
2420 5076 2538 5137 Qua:
2567 5076 2812 5139 ipsissima
2848 5076 2925 5128 hic
2951 5094 3148 5141 quoque
3171 5076 3453 5131 habentnr':
3480 5084 3611 5131 unde

2045 5144 2234 5201 probari
2255 5144 2473 5188 videatur
2489 5145 2577 5187 hoc
2600 5152 2719 5200 opus
2734 5142 3050 5201 Chrysostomi
3070 5154 3201 5201 esse.
3218 5149 3310 5189 Hoc
3332 5144 3486 5201 ipsum
3505 5157 3618 5192 vero

2044 5200 2109 5309 sie
2142 5203 2411 5250 Gabaonitis
2446 5203 2514 5249 ait
2547 5202 2692 5250 etiam
2725 5200 2845 5250 infra
2881 5202 2929 5250 in
2963 5204 3157 5265 Synopsi
3191 5200 3301 5250 libri
3332 5200 3473 5265 Jesu,
3514 5206 3618 5254 sive

2069 5276 2207 5309 osue.
3291 5299 3295 5302 .

2069 5276 2207 5312 οευθ.
3291 5299 3295 5302 ν

2057 5366 2143 5434 τῇγ
2172 5363 2391 5434 Ἰῳᾴννου
2415 5368 2554 5434 πάλιν
2583 5369 2701 5434 τινὲς
2732 5370 2812 5432 μὲν
2845 5369 3151 5432 ἐγκρίνουσιν,
3188 5372 3230 5417 οἱ
3272 5369 3459 5434 πλείρυς
3490 5371 3544 5420 δέ
3571 5389 3624 5434 γε

2056 5428 2189 5494 Υρθον
2206 5428 2419 5494 λέγουσι.
2440 5429 2623 5494 Yerum
2657 5428 2741 5479 hic
2766 5428 2974 5491 scriptor
3002 5444 3105 5494 non
3127 5438 3364 5494 accurate,
3388 5428 3619 5494 loquitur.

2058 5487 2179 5536 Nam
2206 5487 2418 5554 Patimur
2432 5490 2707 5554 Graecorum
2734 5487 3004 5554 principes,
3030 5493 3323 5554 Athanasius
3352 5491 3402 5540 in
3433 5487 3627 5543 tianone

2060 5563 2151 5617 suo
2173 5563 2222 5610 p.
2251 5549 2362 5607 962,
2389 5552 2613 5617 Basilius,
2650 5549 2931 5617 Gregorius
2947 5552 3077 5608 Νη,
3104 5553 3413 5615 insuper-que
3442 5555 3630 5617 Hippof

2058 5610 2193 5673 Igytus
2217 5617 2367 5673 atque
2394 5612 2673 5661 Methodins
2705 5610 2873 5663 auctor
2905 5614 3184 5673 Syuopseos
3215 5610 3347 5663 inter
3376 5610 3627 5666 Athanasd

2061 5672 2250 5739 _Opera,
2284 5672 2341 5739 ad
2381 5674 2487 5739 haec
2508 5682 2675 5723 autem
2708 5674 3003 5739 toiaLatina
3032 5672 3252 5739 Ecclesia
3278 5678 3628 5739 Apocalypsi!“

2061 5736 2192 5802 inter
2211 5734 2676 5802 authenticappera
2707 5737 3024 5802 admiserunt.
3050 5734 3515 5802 Quamobremjuré
3543 5742 3627 5802 illa

2060 5796 2195 5843 inter
2215 5800 2473 5857 canonicas
2492 5796 2775 5857 Scripturas
2805 5799 2961 5857 locum
2990 5797 3154 5843 habet.
3179 5797 3303 5850 Vide
3326 5796 3625 5850 OEcumenii

2059 5865 2347 5920 opusculum
2371 5855 2420 5906 in
2447 5855 2680 5908 Bibliotb.
2704 5855 2993 5909 Coisliniana
3016 5873 3063 5920 p.
3089 5857 3195 5909 278.
