4102 6322
550 402 658 460 519

540 531 661 572 cum
688 515 891 585 integra
911 527 1007 569 sua
1029 510 1277 577 dialecto,
1294 526 1413 582 qua:
1443 511 1619 567 abillo
1638 509 2121 566 denominationem

543 609 733 664 sortita
763 608 853 662 sit.
898 606 1029 662 Nam
1058 621 1180 662 cum
1204 605 1295 660 ille
1318 604 1495 660 IIeber
1525 611 1805 658 vocaretur
1823 645 1838 667 ,
1870 601 1985 656 haec
2015 600 2123 655 lle-

540 699 723 754 braica
753 698 1014 769 appellata
1037 706 1120 753 est
1145 695 1222 767 (a)
1256 693 1438 765 :quod
1477 694 1683 763 signum
1718 701 1800 747 est
1834 690 2121 747 maximum

542 790 862 846 Hebraicam
903 802 1025 844 esse
1062 787 1299 842 omnium
1346 785 1641 855 linguarum
1681 782 2121 853 antiquissimam.

546 883 839 950 Antequam
870 880 1013 935 enim
1053 875 1729 946 confunderentur-lingua:
1752 917 1766 940 ,
1794 875 1895 929 hac
1938 887 2126 928 omnes

544 973 845 1027 utebantur.
866 972 959 1025 Est
996 978 1176 1025 autem
1204 968 1290 1023 hic
1314 968 1488 1022 Heber
1530 968 1669 1022 inter
1690 967 1920 1037 majores
1950 965 2123 1020 Abra-

543 1062 647 1118 hae.
670 1061 903 1116 Assumit
923 1060 1098 1115 Thara
1124 1068 1273 1128 pater
1298 1057 1547 1124 Abrahaa,
1568 1057 1704 1112 ﬁlios
1720 1070 1845 1110 suos
1860 1054 2126 1110 Abraham

543 1162 599 1209 et
624 1152 834 1208 Nachor
858 1148 1008 1223 (b),et
1030 1159 1278 1220 nepotem
1308 1163 1461 1203 suum
1482 1148 1602 1215 Lot,
1628 1157 1682 1203 et
1703 1147 1847 1202 venit
1869 1146 1923 1201 in
1956 1144 2126 1201 Char-

548 1261 644 1301 rau
666 1287 681 1311 ,
716 1244 768 1299 in
810 1245 988 1296 animo
1014 1243 1215 1297 habens
1244 1240 1367 1296 inde
1390 1240 1651 1311 proﬁcisci
1682 1240 1734 1293 in
1767 1247 1961 1294 terram
1986 1236 2127 1292 Cha-

548 1349 876 1390 naumorum.
926 1332 1128 1402 Illoque
1166 1340 1377 1386 mortuo
1423 1332 1475 1386 in
1525 1330 1797 1395 Gharran,
1842 1328 2057 1399 jubetur
2096 1341 2128 1382 a

556 1426 664 1480 Deo
694 1422 961 1477 Abraham
992 1423 1369 1492 transmigrarc
1413 1438 1478 1477 ex
1515 1421 1778 1488 Charran,
1806 1429 1862 1476 et
1883 1421 2030 1477 venit
2071 1418 2126 1474 in

550 1514 778 1587 Sychem
804 1516 855 1568 in
884 1522 1023 1568 terra
1064 1513 1335 1568 Chanaan.
1371 1512 1438 1566 Et
1463 1512 1597 1566 dixit
1636 1512 1687 1567 ei
1732 1512 1892 1575 Deus,
1938 1509 2127 1565 semini

554 1607 673 1675 ejus
700 1621 759 1660 se
782 1605 1029 1660 daturum
1057 1612 1251 1659 terram
1278 1605 1439 1658 illam.
1471 1603 1539 1658 Et
1561 1602 1839 1658 adiﬁcavit
1866 1601 2130 1656 Abraham

554 1699 723 1751 altare
754 1698 883 1758 Deo,
912 1706 966 1750 et
995 1694 1111 1749 fixit
1134 1695 1529 1750 tabernaculum
1557 1709 1709 1748 suum
1738 1706 1925 1748 versus
1960 1705 2129 1746 mare.

554 1787 685 1842 Cum
723 1784 892 1841 fames
936 1795 1113 1841 autem
1157 1793 1320 1852 esset,
1371 1784 1702 1839 descendens
1746 1784 1799 1838 in
1846 1783 2134 1855 Egyptum

554 1878 809 1948 praecepit
835 1893 901 1931 ux
916 1877 985 1932 )ri
1026 1890 1085 1931 su
1098 1886 1221 1946 r,ut
1249 1876 1450 1931 diceret
1487 1892 1547 1931 se
1584 1892 1821 1931 sororem
1846 1877 1963 1946 ejus
1993 1891 2132 1931 esse.

556 1969 688 2027 Cum
737 1985 895 2039 porro
934 1970 1238 2024 sustulisset
1266 1984 1385 2024 eam
1415 1969 1641 2033 Pharao,
1669 1981 1725 2024 et
1755 1969 1849 2024 Dei
1879 1970 2134 2024 ultionem

556 2070 807 2132 expertus
844 2072 1006 2127 esset,
1037 2060 1268 2115 reddidit
1309 2062 1454 2115 illam
1495 2061 1741 2115 Abrahaa.
1789 2060 2136 2131 Litigantibus

557 2155 783 2210 invicem
828 2153 1129 2224 pastoribus
1170 2152 1398 2208 Abraha:
1424 2161 1478 2207 et
1504 2152 1621 2207 Loti
1643 2194 1658 2218 ,
1688 2153 1788 2223 ipsi
1815 2153 2139 2207 habitatione

558 2245 785 2314 separati
842 2253 985 2299 sunt.
1039 2243 1138 2298 Lot
1189 2245 1392 2313 accepit
1443 2242 1835 2298 Sodomitarum
1895 2252 2138 2298 terram:

559 2336 828 2392 Abraham
859 2351 987 2390 vero
1014 2335 1080 2390 ad
1115 2349 1369 2404 quercum
1412 2335 1647 2390 Matnbre
1678 2336 1965 2401 habitavit,
2012 2350 2140 2406 pro-

561 2427 949 2496 missionesque
969 2440 1182 2481 rursum
1207 2440 1238 2479 a
1270 2426 1377 2480 Deo
1400 2426 1627 2496 accepit,
1654 2426 1768 2496 ejus
1793 2442 1976 2483 semen
2004 2427 2143 2481 mul-

561 2518 783 2572 titudine
811 2516 1206 2588 propagandum
1232 2531 1372 2582 esse,
1411 2525 1465 2572 et
1492 2517 1632 2570 illam
1679 2527 1873 2572 terram
1925 2531 2140 2587 posses-

560 2624 764 2663 surum.
793 2608 1258 2679 Chodollagomor,
1287 2608 1407 2679 quia
1429 2608 1497 2663 ab
1520 2609 1635 2679 ipso
1659 2608 1967 2664 defecerant
1989 2610 2146 2679 quin-

559 2717 665 2771 que
689 2716 841 2771 reges
863 2700 1205 2756 Sodomiticte
1227 2709 1405 2767 terrae,
1422 2703 1510 2771 qui
1538 2701 1636 2770 ipsi
1662 2702 1805 2772 prius
1827 2702 2140 2766 servierant,

561 2794 848 2863 assumptis
896 2807 1074 2847 secum
1124 2792 1294 2847 tribus
1339 2792 1456 2847 aliis
1498 2793 1745 2863 regibus,
1778 2793 1975 2849 bellum
2015 2794 2143 2864 ipsis

564 2883 762 2950 intulit,
794 2898 993 2953 eosque
1026 2886 1077 2937 in
1109 2883 1282 2953 fugam
1310 2898 1495 2938 versos
1535 2884 1772 2953 captivos
1797 2885 2049 2951 abduxit;
2089 2886 2142 2941 in

562 2961 756 3042 quibus
790 2982 906 3026 erat
931 2972 1090 3027 etiam
1118 2972 1240 3028 Lot.
1295 2973 1388 3027 His
1429 2972 1625 3027 auditis
1666 2974 1969 3041 Abraham,
2021 2990 2142 3030 cum

564 3062 865 3117 vernaculis
914 3064 1024 3117 suis
1052 3062 1302 3117 trecentis
1328 3062 1647 3128 octodecim,
1667 3063 1785 3118 illos
1810 3064 2140 3135 insequutus,

564 3152 759 3221 eripuit
783 3148 962 3207 fratris
1009 3152 1174 3208 ﬁlium
1203 3167 1321 3207 cum
1360 3154 1597 3223 equitatu
1623 3162 1677 3208 et
1718 3154 2061 3221 mulieribus;
2090 3164 2145 3211 et

564 3244 952 3300 Melchisedeco
1002 3258 1062 3299 se
1094 3243 1429 3299 bcnedicenti
1469 3254 1523 3299 et
1557 3245 1799 3299 aﬁ'erenti
1856 3261 2045 3315 panem
2093 3256 2147 3302 et

565 3342 782 3407 vinum,
826 3340 1059 3394 decimas
1102 3339 1269 3395 dedit.
1311 3339 1434 3394 Ideo
1471 3340 1544 3393 ait
1606 3339 1800 3394 Paulus
1832 3338 1901 3410 (ε)
1940 3341 1990 3393 in
2029 3340 2142 3409 epi-

564 3432 699 3486 stola
715 3430 779 3485 ad
810 3428 1184 3487 IlebraeoszEt
1202 3429 1319 3484 Levi
1345 3430 1431 3500 qui
1459 3430 1679 3484 decimas
1704 3429 1915 3499 accepit,
1938 3430 2146 3483 decima-

568 3534 650 3579 tus
683 3533 757 3578 est
780 3523 962 3596 (Hebr.
993 3524 1044 3577 7.
1070 3523 1147 3594 9).
1168 3522 1298 3594 Regi
1325 3521 1676 3578 Sodomorum
1696 3524 1894 3593 roganti
1918 3530 1974 3576 ut
1994 3522 2145 3591 equi-

565 3626 731 3672 talum
760 3617 1025 3686 acciperet
1075 3630 1180 3669 non
1229 3614 1414 3668 annuit
1445 3632 1458 3668 :
1490 3613 1572 3667 Ne
1604 3614 1762 3677 dicas,
1797 3613 2001 3683 inquit,
2035 3613 2146 3684 Ego

565 3708 721 3762 ditari
743 3707 1015 3761 Abraham.
1034 3708 1052 3775 (
1072 3704 1291 3760 Gem”.
1318 3705 1444 3775 25).
1472 3704 1621 3759 Tunc
1649 3705 1761 3759 Deo
1790 3705 1888 3773 ipsi
1912 3704 2144 3769 dicente,

568 3801 761 3855 Hercc:
790 3810 878 3854 tua
912 3815 1095 3870 magna
1128 3797 1402 3870 erit(Gen.
1426 3797 1513 3853 l5.
1546 3799 1571 3851 1
1602 3798 1640 3867 ),
1685 3797 1911 3851 ﬁliorum
1950 3796 2147 3851 orbita-

566 3902 674 3945 tem
722 3890 967 3960 deplorat
1008 3906 1021 3941 :
1066 3902 1380 3957 rursumque
1428 3886 1595 3953 audit,
1646 3902 1771 3941 eum
1812 3886 1900 3956 qui
1952 3900 2014 3940 ex
2054 3886 2147 3940 illo

566 3993 879 4050 egressurus
929 3988 1063 4043 erat,
1096 3979 1214 4048 ejus
1254 3977 1601 4032 hereditatem
1629 3986 1967 4046 accepturum
2005 3990 2140 4039 esse,

571 4080 626 4126 et
664 4084 846 4123 semen
881 4069 997 4138 ejus
1041 4067 1273 4121 futurum
1302 4067 1438 4121 sicut
1476 4067 1655 4121 stellas
1698 4066 1834 4121 caeli.
1887 4066 1983 4121 llic
2004 4066 2146 4135 jacet

568 4160 699 4215 illud
726 4179 739 4213 :
771 4159 995 4213 Credidit
1035 4158 1292 4211 Abraham
1318 4156 1455 4223 Deo,
1486 4167 1531 4210 et
1576 4168 1861 4228 reputatum
1889 4167 1959 4212 est
1984 4158 2057 4211 illi
2078 4157 2145 4209 ad

567 4252 808 4318 iustitiam
843 4249 1010 4320 (Gen.
1064 4250 1150 4304 15.
1197 4250 1290 4319 6).
1339 4248 1712 4319 Sectiones(d)
1742 4248 1880 4313 facit,
1913 4259 1965 4303 et
1989 4248 2145 4303 discit

568 4342 899 4414 peregrinum
938 4341 1167 4395 futurum
1199 4354 1316 4394 esse
1346 4354 1526 4393 semen
1547 4354 1719 4403 suum,
1744 4349 1795 4393 et
1819 4348 1998 4408 postea
2024 4339 2145 4393 libe-

566 4432 790 4487 randum
819 4430 934 4484 fore
961 4439 1238 4500 postquam
1261 4429 1568 4501 depressum
1597 4427 1751 4483 fuerit
1780 4446 1873 4498 per
1895 4429 2144 4500 quadrin-

564 4533 751 4595 gentos
779 4538 966 4577 annos.
996 4521 1124 4577 Sara
1153 4530 1331 4576 autem
1359 4520 1481 4590 quia
1510 4519 1706 4574 sterilis
1730 4527 1864 4594 erat,
1890 4518 1981 4573 dat
2001 4521 2142 4589 Aga-

566 4630 682 4670 rem
724 4613 1058 4676 Abrahamo,
1091 4620 1151 4666 ut
1197 4612 1394 4666 liberos
1432 4610 1726 4679 susciperet
1766 4623 1829 4662 ex
1874 4608 1981 4662 illa.
2012 4607 2143 4662 Cum

564 4714 742 4761 autem
765 4704 879 4759 haec
907 4715 1111 4757 uterum
1132 4708 1597 4772 gestaret,,contra
1636 4696 1817 4753 heram
1846 4710 1994 4750 suam
2023 4712 2144 4753 sese

566 4796 754 4852 extulit
792 4811 806 4848 :
837 4793 1101 4863 traditque
1139 4793 1282 4846 illam
1339 4792 1486 4846 Sara:
1532 4788 1836 4853 Abraham,
1867 4796 1924 4840 ut
1960 4797 2145 4841 contu-

566 4886 784 4944 meliam
816 4884 1181 4939 ulcisceretur.
1203 4881 1293 4935 Illa
1319 4894 1448 4936 vero
1467 4879 1534 4934 ab
1559 4878 1684 4934 hera
1708 4892 1800 4932 sua
1830 4877 1968 4932 male
1993 4892 2144 4932 acce-

573 4988 686 5051 pta,
725 4992 755 5031 a
796 4975 956 5031 domo
980 4971 1200 5043 aufugit,
1226 4971 1294 5026 ab
1317 4971 1612 5059 angeloque
1645 4967 1862 5038 jubetur
1886 4967 1952 5022 ad
1977 4968 2145 5022 domi-

628 5111 701 5177 (a)
736 5117 832 5160 Hoc
854 5106 1099 5177 ipsumde
1123 5105 1332 5177 HebeLo‘,
1362 5103 1456 5153 etsi
1477 5102 1693 5161 brevius,
1736 5100 1849 5149 dicit
1884 5098 2052 5148 Ilomil.
2085 5100 2145 5150 30

562 5176 613 5225 in
634 5165 833 5231 hénes.,
854 5165 987 5219 ’fom.
1013 5167 1099 5231 IV,
1122 5166 1215 5231 co_l_.
1242 5165 1349 5231 279.

636 5222 710 5297 (ὁ)
743 5234 799 5283 In
821 5222 1056 5289 'tlebraeo,
1082 5222 1139 5277 in
1159 5227 1394 5297 _Vulga_ta,
1435 5232 1486 5273 et
1517 5226 1574 5297 in
1605 5223 1820 5297 lj‘ditione
1843 5229 1953 5297 thl
1972 5222 2145 5297 dicitur

571 5288 726 5345 'rhare
750 5308 919 5352 secum
940 5288 1256 5352 assumpsisse
1276 5288 1459 5352 Abram
1482 5292 1739 5352 et_l_otum,
1766 5289 2040 5352 nouantem
2062 5291 2146 5352 tta-

561 5345 775 5421 clnoreni-
790 5356 879 5404 δαί
896 5355 998 5421 διες
1011 5345 1220 5421 laedam
1242 5346 1509 5421 esset”:
1524 5345 1981 5421 εδτνείξὲιοφίὲιβιξά
1993 5345 2146 5421 Fabia

562 5405 851 5476 habebam,
874 5423 931 5465 ut
948 5412 1114 5478 videas
1136 5410 1304 5461 Homil.
1321 5405 1449 5458 31in
1479 5405 1673 5478 Genesi,
1690 5414 1819 5478 Tom.
1834 5406 1915 5478 tv,
1934 5405 2145 5478 col.282,

561 5467 745 5532 geuge.
904 5490 967 5529 τὸν
983 5475 1141 5542 16m,
1160 5487 1221 5542 gat
1240 5485 1302 5523 τὸν
1325 5485 1451 5542 salte
1463 5505 1477 5528 ,
1490 5477 1562 5542 nEt
1592 5467 1773 5542 decepit
1804 5467 1956 5542 Thura
1977 5468 2147 5517 Abram

561 5530 972 5601 etitttachorfetcw
1000 5530 1310 5601 quod'_ipsum
1341 5530 1415 5581 bis
1436 5530 1559 5579 infra
1577 5532 1835 5601 repetitur.
1858 5531 1973 5601 Hinc
2002 5542 2147 5601 porro

1076 5590 1263 5667 videtur
1285 5596 1387 5667 haec
1396 5594 1629 5667 Synopsis.
1640 5590 1807 5641 Multas
1820 5599 1980 5667 autem
2000 5590 2147 5667 fuisse

560 5665 610 5713 in
645 5654 1003 5725 exemplaribus
1031 5666 1141 5709 LXX
1163 5654 1438 5725 varietates
1454 5656 1768 5725 Hieronymus
1794 5661 1845 5704 et
1866 5654 1944 5725 alii
1975 5655 2148 5725 passim

560 5717 809 5775 afﬁrmant:
829 5723 991 5775 Codex
1005 5733 1203 5785 quoque
1217 5717 1963 5785 Lugdunensistjachorelngtiam
1980 5717 2144 5765 habet.

625 5787 694 5848 (ε)
729 5786 855 5848 Vide
870 5776 1041 5833 Homil.’
1062 5776 1138 5848 ὅδ’
1152 5784 1202 5848 in
1223 5776 1508 5848 Geb_._,_'l‘om.
1531 5776 1616 5848 IV,_
1632 5776 1861 5848 _ool_.ﬂ328.

622 5839 702 5911 (α’)
736 5847 984 5897 sectioues
1001 5842 1291 5894 animalium.
1313 5840 1439 5893 Vide
1457 5847 1573 5889 Gen.
1601 5839 1677 5900 15,
1704 5839 1781 5892 10,
2020 5896 2047 5927 ἡ,

1258 398 1315 455 S.
1353 396 1630 456 JOANNIS
1652 393 2125 454 CHRYSOSTOMI
2162 390 2475 450 ARCHIEP.
2507 391 3037 450 CUNS'I‘ANTINOP.

3710 399 3819 456 520

2235 522 2357 560 nam
2396 521 2546 562 suam
2587 505 2799 571 redire;
2855 505 3366 578 promissionemque
3403 507 3594 578 accipit
3631 523 3817 566 seuien

2232 599 2400 669 ipsius
2454 598 2909 669 multiplicandum
2963 612 3083 654 esse
3135 616 3151 654 :
3201 614 3471 670 pueroque
3524 609 3811 671 antequam

2232 700 2548 745 nasceretur
2599 705 2789 745 nomen
2839 690 3064 759 imponit
3110 692 3328 761 angelus
3355 732 3372 758 ,
3402 692 3591 746 lsmael
3642 693 3817 762 ipsum

2231 781 2525 851 appellans.
2557 780 2768 851 Peperit
2795 786 2938 849 Agar
2964 780 3275 849 Ismaelem,
3304 790 3359 837 et
3386 781 3658 836 Abraham
3694 798 3816 837 cum

2232 873 2520 942 nonaginta
2571 886 2765 926 novem
2815 887 3076 927 annorum
3114 881 3293 934 esset,
3344 888 3538 928 nomen
3578 875 3812 928 mutavit.

2231 960 2348 1016 Non
2378 963 2522 1016 enim
2554 963 2691 1016 ultra
2731 962 2952 1029 Abram,
2994 961 3088 1018 sed
3126 962 3397 1019 Abraham
3449 974 3675 1019 vocatus
3708 975 3810 1020 est.

2232 1053 2485 1124 Pracipit
2512 1054 2583 1108 illi
2626 1055 2765 1109 Deus
2790 1065 2847 1109 ut
2874 1055 3283 1110 circumcidatur
3325 1071 3445 1111 cum
3477 1065 3585 1110 tota
3614 1056 3813 1112 domo:

2231 1162 2531 1219 nomenque
2567 1146 2711 1203 Sara:
2737 1158 2987 1213 mutatur,
3013 1157 3336 1219 vocaturque
3372 1146 3468 1202 illa
3499 1145 3650 1204 Sara.
3702 1152 3801 1204 Ac.

2232 1248 2363 1319 cipit
2403 1248 2668 1303 Abraham
2711 1246 3115 1318 promissionem
3161 1248 3301 1302 circa
3344 1244 3602 1303 Isaaeum.
3637 1248 3816 1316 Appa-

2233 1348 2315 1395 ret
2351 1341 2655 1395 Abrahamo
2690 1340 2856 1394 Filius
2902 1340 2994 1395 Dei
3036 1336 3111 1411 (a)
3148 1354 3267 1395 cum
3312 1339 3517 1394 duobus
3569 1340 3773 1411 angelis
3799 1382 3813 1405 ,

2233 1441 2289 1489 et
2327 1434 2402 1487 ait
2443 1432 2515 1486 illi
2551 1451 2564 1488 :
2596 1433 2832 1487 Revertar
2869 1433 2936 1486 ad
2973 1442 3021 1486 te
3056 1442 3275 1503 tempore
3310 1433 3406 1486 isto
3443 1434 3511 1486 ad
3549 1432 3700 1487 horas
3727 1449 3743 1486 :
3771 1444 3815 1487 et

2236 1523 2431 1577 habebit
2457 1524 2620 1591 ﬁlium
2650 1523 2813 1579 Sarra
2838 1540 2966 1577 uxor
2990 1533 3076 1577 tua
3097 1522 3117 1597 (
3141 1522 3360 1579 Gen.I8.
3397 1521 3524 1595 IO).
3546 1524 3815 1579 Abraham

2237 1615 2483 1669 obsecrat
2508 1616 2670 1669 Deum
2712 1630 2807 1684 pro
2846 1614 3117 1669 Sodomis.
3160 1614 3274 1669 Duo
3298 1614 3469 1685 angeli
3512 1615 3727 1669 veniunt
3750 1616 3817 1668 ad

2236 1704 2357 1760 Lot.
2400 1705 2662 1760 Instantes
2703 1704 2993 1759 Sodomitze
3037 1706 3347 1774 perquirunt
3383 1720 3493 1771 eos,
3536 1715 3589 1760 et
3629 1721 3818 1776 percu-

2238 1796 2440 1849 tiuntur
2466 1796 2722 1850 caecitate.
2753 1795 2994 1849 Abducto
3043 1806 3219 1850 autem
3266 1795 3400 1850 Loto
3446 1796 3619 1866 angeli
3663 1812 3817 1867 εει-ο·-
3894 1824 3901 1830 ·

2238 1886 2455 1941 diuntur
2500 1886 2660 1941 domo
2689 1905 2702 1941 :
2734 1894 2787 1941 et
2813 1886 2927 1956 ipse
2957 1886 3169 1957 quidem
3217 1901 3337 1941 cum
3390 1887 3596 1943 ﬁliabus
3642 1890 3821 1944 salvus

2239 1980 2472 2051 confugit
2493 1980 2545 2035 in
2569 1979 2736 2050 Segor
2760 1999 2772 2035 :
2802 1995 2934 2034 uxor
2959 1990 3133 2034 autem
3161 1980 3276 2049 ejus
3303 1979 3438 2034 facta
3465 1989 3548 2035 est
3572 1982 3813 2036 columna

2240 2071 2385 2137 salis,
2412 2072 2532 2141 quia
2559 2080 2701 2125 retro
2729 2071 2979 2140 respexit.
3008 2069 3079 2126 Ut
3102 2085 3227 2125 vero
3249 2070 3637 2126 Sodomitarum
3673 2075 3819 2144 regio

2242 2161 2456 2217 incensa
2483 2170 2563 2217 est
2581 2203 2597 2227 ,
2625 2171 2680 2217 et
2706 2162 2804 2216 Lot
2829 2163 2881 2216 in
2909 2148 3141 2217 montem
3173 2178 3231 2218 se
3270 2164 3526 2229 contulit,
3557 2180 3821 2235 concepe-

2244 2263 2368 2309 runt
2396 2271 2461 2309 ex
2493 2255 2585 2310 illo
2629 2255 2747 2310 duae
2774 2254 2893 2309 lilire
2919 2255 3036 2325 ejus
3062 2296 3076 2321 ,
3109 2264 3161 2310 et
3189 2255 3357 2325 major
3397 2257 3600 2327 peperit
3631 2258 3817 2324 Moab,

2238 2344 2419 2416 junior
2441 2359 2570 2401 vero
2610 2347 2836 2400 Ammon
2890 2363 2903 2399 :
2950 2346 3147 2401 coitum
3190 2361 3317 2401 vero
3360 2361 3481 2402 cum
3520 2355 3667 2419 patre
3715 2364 3810 2418 per

2245 2438 2516 2493 ebrietatis
2540 2437 2778 2493 fraudem
2807 2448 3147 2509 consequuta:
3175 2446 3319 2503 sunt,
3365 2441 3620 2509 putabant
3661 2440 3815 2495 enim

2244 2544 2412 2600 genus
2458 2530 2747 2586 humanum
2773 2529 3051 2586 defecisse.
3076 2530 3443 2602 Peregrinatus
3467 2542 3550 2587 est
3578 2535 3628 2588 in
3657 2534 3819 2589 Cera-

2246 2622 2321 2676 ris
2349 2621 2638 2687 Abraham,
2671 2632 2723 2677 et
2753 2621 3058 2677 Abimelech
3103 2638 3196 2677 rex
3244 2621 3564 2679 Gerarorum
3630 2622 3815 2678 Saram

2244 2714 2483 2784 accepit:
2522 2715 2630 2770 Deo
2652 2723 2826 2769 autem
2858 2714 3030 2771 minas
3068 2715 3120 2769 in
3151 2715 3322 2785 ipsum
3352 2716 3666 2779 intentante,
3697 2732 3819 2771 sese

2243 2805 2502 2877 purgabat
2530 2805 2617 2860 ille
2642 2805 2841 2872 dicens,
2872 2816 3085 2876 putasse
3117 2806 3391 2861 mulierem
3413 2806 3549 2860 illam
3575 2820 3819 2862 sororem

2244 2898 2358 2968 ejus
2385 2912 2503 2953 esse
2531 2916 2545 2951 :
2576 2897 2652 2952 sic
2672 2899 2811 2953 enim
2834 2897 2946 2966 ipsa
2967 2898 3189 2952 dixerat.
3223 2896 3470 2952 Reddidit
3501 2911 3628 2951 vero
3672 2896 3817 2950 illam

2245 2987 2473 3043 Abrahae
2498 3002 2617 3043 cum
2648 2988 2821 3043 donis.
2848 2988 2997 3043 Tunc
3043 2998 3324 3059 postquam
3374 2988 3577 3043 reddita
3627 2989 3815 3053 fuerat,

2245 3080 2449 3163 peperit
2469 3077 2719 3134 Isaacum.
2749 3079 2905 3149 Ejicit
2926 3089 3099 3133 autem
3122 3078 3279 3134 domo
3298 3078 3544 3133 ancillam
3570 3094 3690 3134 cum
3715 3080 3818 3133 lilio

2245 3170 2360 3238 ejus
2389 3167 2631 3225 lsmaele.
2661 3168 2967 3224 Abimelech
2986 3184 3145 3241 porro
3163 3168 3357 3239 pepigit
3371 3184 3492 3224 cum
3519 3169 3817 3224 Abrahamo

2246 3257 2440 3326 foedus,
2472 3270 2531 3314 ut
2559 3260 2691 3313 nihil
2710 3260 2916 3329 injurias
2946 3259 3084 3314 inter
3111 3275 3204 3314 eos
3229 3258 3629 3315 intercederet:
3657 3269 3713 3314 et
3734 3274 3818 3314 ac-

2244 3353 2374 3424 cipit
2401 3352 2489 3408 ille
2518 3361 2720 3423 septem
2745 3367 2907 3423 agnas
2938 3352 3005 3407 ab
3031 3350 3350 3418 Abrahamo,
3380 3351 3433 3406 in
3461 3350 3816 3406 testimonitun

2246 3448 2390 3519 putei
2412 3446 2717 3518 juramenti,
2750 3456 2807 3501 ut
2835 3446 3007 3517 palam
3046 3453 3190 3501 esset
3230 3445 3375 3500 illum
3404 3444 3633 3500 Abrahae
3677 3458 3815 3499 esse.

2246 3540 2468 3597 Jubetur
2496 3540 2763 3596 Abraham
2805 3540 2970 3595 ﬁlium
2992 3539 3187 3595 offerre
3233 3539 3288 3594 in
3337 3538 3725 3604 holocaustum,
3766 3549 3816 3593 et

2247 3634 2423 3701 offert,
2455 3634 2861 3706 immolaturque
2899 3632 3039 3689 aries
3064 3647 3159 3701 pro
3184 3646 3269 3687 eo.
3311 3631 3435 3686 Haec
3474 3646 3630 3700 porro
3657 3631 3814 3701 ﬁgura

2247 3736 2398 3782 erant
2421 3725 2733 3781 oeconomia:
2756 3740 2914 3795 quam
2954 3739 3052 3795 pro
3074 3723 3230 3779 nobis
3281 3721 3683 3792 dispensaturus
3706 3730 3815 3777 erat

2248 3817 2511 3872 Christus.
2539 3816 2757 3870 Moritur
2786 3814 2920 3871 Sara
2945 3857 2960 3883 ,
2990 3824 3045 3869 et
3068 3825 3247 3883 empto
3289 3813 3406 3867 loco
3443 3812 3708 3867 Abraham
3750 3813 3815 3865 ab

2248 3909 2499 3980 Ephrone
2524 3906 2783 3973 Chettmo,
2806 3905 2908 3958 illic
2935 3918 3153 3959 uxorem
3188 3904 3398 3973 sepelit,
3419 3903 3678 3973 mittitque
3703 3918 3814 3955 ser-

2247 4015 2391 4063 vum,
2425 4009 2483 4052 ut
2508 4012 2725 4052 uxorem
2746 3996 2901 4050 ducat
2924 3996 3103 4050 lsaaco
3122 4010 3186 4050 ex
3213 3994 3613 4065 MesOpotamia,
3644 3994 3814 4062 pracci-

2249 4090 2398 4160 piens
2423 4105 2488 4143 ne
2508 4088 2669 4141 ﬁlium
2698 4100 2851 4143 suum
2873 4085 2962 4140 illo
2983 4085 3161 4152 ducat,
3190 4085 3235 4140 si
3262 4083 3490 4139 noluerit
3513 4084 3704 4138 mulier
3726 4100 3814 4135 ve-

2246 4183 2381 4237 nire.
2416 4181 2481 4237 Ut
2508 4188 2682 4234 autem
2710 4178 2854 4232 venit
2873 4192 3058 4233 servus
3086 4177 3138 4231 in
3168 4176 3351 4231 urbem
3369 4174 3648 4239 Nachoris,
3675 4182 3728 4229 et
3747 4176 3815 4226 si-

2245 4290 2403 4345 gnum
2420 4274 2585 4344 petiit,
2600 4285 2704 4341 quo
2715 4270 2971 4341 virginem
2987 4269 3257 4339 agniturus
3268 4276 3384 4323 erat
3398 4285 3410 4320 :
3426 4268 3628 4338 signum
3642 4276 3812 4321 autem

2246 4364 2373 4419 illud
2399 4373 2534 4430 erat,
2564 4363 2608 4416 si
2641 4362 2901 4430 praeberet
2919 4360 3006 4414 illa
3039 4359 3139 4414 sibi
3173 4370 3227 4413 et
3254 4357 3471 4413 camelis
3495 4358 3604 4411 suis
3630 4372 3814 4428 aquam

2244 4455 2311 4509 ad
2332 4454 2619 4509 bibendum
2646 4468 2660 4504 :
2686 4451 2795 4505 exit
2813 4449 3053 4505 Rebecca
3075 4449 3182 4504 ﬁlia
3211 4448 3479 4504 Bathuelis
3496 4449 3583 4503 filii
3610 4448 3814 4503 Naeho-

2246 4546 2322 4601 ris
2353 4562 2365 4597 :
2394 4544 2606 4599 Nachor
2631 4556 2757 4597 vero
2794 4540 2960 4596 frater
2995 4548 3110 4595 erat
3150 4539 3393 4595 Abrahae.
3433 4538 3567 4594 Cum
3587 4538 3815 4594 dedisset

2245 4646 2421 4692 autem
2447 4636 2560 4705 ipsa
2590 4634 2663 4689 illi
2689 4645 2744 4689 et
2761 4633 2978 4690 camelis
2993 4633 3102 4687 suis
3124 4640 3326 4702 potum,
3344 4641 3398 4686 et
3424 4631 3646 4687 dixisset
3670 4631 3816 4699 cujus

2246 4736 2388 4782 esset
2414 4727 2541 4793 ﬁlia,
2575 4726 2861 4781 introducit
2898 4725 3070 4779 virum
3098 4733 3152 4778 et
3195 4723 3423 4794 hospitio
3461 4723 3671 4792 accipit.
3718 4722 3814 4777 Ubi

2246 4819 2378 4874 dixit
2418 4819 2509 4874 ille
2532 4819 2682 4887 cujus
2707 4819 2783 4873 rei
2832 4832 2987 4873 causa
3018 4816 3267 4881 venisset,
3296 4825 3351 4871 et
3376 4816 3613 4885 petiisset
3641 4825 3697 4871 ut
3719 4814 3815 4870 sibi

2246 4912 2546 4967 traderetur
2582 4911 2779 4982 puella,
2820 4911 2872 4965 id
2904 4909 3123 4980 virginis
3151 4909 3367 4963 arbitrio
3408 4920 3652 4978 parentes
3691 4907 3816 4962 reli-

2246 5010 2490 5073 querunt.
2532 5003 2677 5057 Illam
2721 5010 3041 5056 annuentem
3081 5014 3356 5055 assumens
3382 5014 3565 5054 servus
3606 5001 3816 5054 absces-

2246 5095 2316 5148 sit
2374 5112 2387 5148 :
2438 5093 2638 5163 fuitque
2678 5092 2766 5147 illa
2808 5107 2942 5147 uxor
2983 5091 3167 5146 Isaaci.
3200 5092 3329 5146 Sara
3364 5089 3631 5153 defuncta,
3675 5088 3816 5143 ducit

2248 5184 2512 5240 Abraham
2560 5199 2782 5239 uxorem
2811 5184 3141 5248 Chetturam,
3177 5192 3231 5238 et
3274 5182 3426 5245 ﬁlios,
3462 5196 3596 5252 quos
3637 5197 3701 5235 ex
3729 5180 3814 5234 illa

2247 5285 2575 5347 susceperat,
2602 5276 2869 5346 separavit
2904 5274 2972 5330 ah
2999 5276 3198 5340 Isaaco,
3228 5274 3532 5356 muneribus
3559 5272 3777 5327 affectos
3799 5252 3842 5325 τί

2247 5385 2406 5440 opum
2431 5384 2558 5424 vero
2602 5382 2817 5429 suarum
2844 5365 3096 5422 heredem
3126 5366 3252 5421 fecit
3298 5365 3557 5429 Isaacum,
3589 5373 3643 5418 et
3673 5379 3838 5443 mor-i

2249 5471 2370 5517 tuus
2396 5470 2497 5517 est.
2520 5460 2616 5516 Hic
2643 5467 2991 5515 recensentur
3031 5459 3243 5512 nomina
3290 5456 3516 5511 ﬁliorum
3538 5453 3776 5510 lsmaelis
3797 5495 3812 5519 ,

2247 5555 2335 5624 qui
2356 5552 2607 5609 habitavit
2625 5551 2694 5605 ab
2709 5550 2878 5605 Evilat
2898 5564 3064 5620 usque
3083 5548 3148 5603 ad
3166 5548 3288 5603 Sur.
3302 5545 3435 5601 Cum
3458 5546 3697 5601 Rebecca
3713 5554 3814 5599 ste-

2310 5649 2381 5709 (a)
2413 5647 2555 5709 Filius
2570 5646 2655 5709 Dei
2678 5645 2759 5707 qui
2784 5645 2845 5693 ab
2868 5644 3469 5709 Abraham_exce_ptt_1siest,
3489 5642 3713 5709 humilius
3732 5650 3813 5709 vos

2247 5702 2381 5759 catur
2397 5702 2903 5763 ltomil.42in'6enes.,
2924 5712 3055 5752 'rom.
3078 5704 3161 5763 IV,
3186 5704 3276 5754 col.
3301 5705 3408 5753 387.
3439 5712 3505 5752 De
3529 5702 3719 5763 ﬁliabus
3736 5705 3749 5747 1
3768 5706 3812 5763 _ot

2249 5768 2368 5819 infra
2394 5770 2555 5830 paucis
2581 5768 2695 5830 dicit
2712 5780 2792 5830 ea,
2809 5760 2929 5830 quae
2948 5760 3165 5829 pluribus
3198 5775 3417 5816 enarrata
3440 5774 3554 5816 sunt
3575 5760 3739 5812 Houul.
3766 5761 3812 5808 in

2258 5827 2430 5881 Cenes.
2445 5829 2521 5890 44,
2541 5827 2628 5878 col.
2658 5828 2824 5878 llo-il
