4058 6344
307 378 428 439 διο

314 497 480 555 αὑτοῦ
513 496 661 562 Λὼτ,
711 496 1045 568 καὶέρχεται
1072 496 1152 560 εἶς
1176 497 1426 570 Χαρρὰν,
1456 495 1785 568 προθέμενος
1806 493 1887 557 είς

312 591 411 662 τὴν
465 588 783 643 Χαναναίων
845 587 1040 653 ἐλθεῖν,
1081 589 1173 641 κα)⁸
1221 588 1577 650 ἀποθανόντος
1621 584 1785 639 αὐτοῦ
1830 586 1886 637 ἐν

312 681 530 751 Χαρῤᾷ,
567 677 957 748 προστάττεται
989 678 1092 731 ὑπὸ
1124 676 1217 730 τοῦ
1256 677 1390 730 Θεοῦ
1430 676 1677 747 Ἀϐραὰμ
1711 691 1886 745 μετοι-

314 771 480 841 κῆσαι
502 769 611 824 ἀπὸ
639 770 884 840 Χαρῤᾶν,
917 768 1011 821 καὶ
1033 764 1193 840 ἦλθεν
1222 769 1302 832 είς
1334 768 1513 837 Συχὲμ
1534 767 1631 837 τῆς
1646 766 1748 836 γῆς
1773 766 1885 817 Χα-

312 862 470 917 ναάν.
508 861 617 915 Kal
638 856 789 914 εἶπεν
840 859 987 929 αὐτῷ
1015 862 1053 913 6-
1084 858 1233 924 Θεὸς,
1286 856 1364 929 τῷ
1394 859 1675 929 σπέρματι
1718 855 1881 909 αὐτοῦ

302 952 506 1006 ’δώσειν
524 951 620 1021 τὴν
645 951 767 1022 γῆν.
790 951 899 1004 Kal
920 950 1263 1020 ᾠκοδόμησεν
1306 948 1554 1018 Ἀϐραὰμ
1591 946 1876 1017 θυσιαστή-

316 1063 431 1117 ριον
453 1043 529 1115 τῷ
556 1043 674 1114 Θεῷ
693 1082 710 1107 ,
742 1043 836 1096 καὶ
868 1040 1031 1112 ἔπηξε
1054 1042 1153 1114 τήν
1183 1040 1385 1112 σκηνὴν
1414 1038 1575 1094 αὑτοῦ
1604 1039 1742 1093 κατὰ
1786 1037 1881 1091 θά-

313 1138 540 1193 λασσαν.
574 1137 869 1208 Γενομένου
901 1136 957 1189 66
984 1134 1164 1205 λιμοῦ,
1192 1134 1462 1188 κατελθὼν
1503 1135 1581 1197 είς
1610 1132 1881 1202 Αἴγυπτον

304 1228 760 1301 παραγγέλλειτῇ
789 1228 1006 1297 γυναικὶ
1032 1226 1194 1281 αὑτοῦ
1229 1228 1423 1289 εἰπεῖν,
1454 1227 1535 1280 ὅτι
1568 1223 1768 1295 ἀδελφή
1790 1223 1882 1275 αύ-

300 1321 406 1374 ἐτοῦ
432 1320 539 1390 εῖη.
571 1321 677 1375 Kal
704 1319 879 1374 λαϐὼν
912 1318 1079 1390 αὐτὴν
1110 1317 1329 1391 Φαραὼ,
1365 1318 1457 1372 καὶ
1500 1316 1742 1379 ὲτασθεὶς
1776 1315 1879 1367 ὑπὸ

308 1412 406 1466 τοῦ
433 1411 590 1473 Θεοῦ,
618 1412 799 1465 δίδωσι
819 1411 895 1483 τῷ
930 1411 1196 1482 Ἀϐραάμ.
1220 1410 1612 1481 Μαχεσθέντων
1630 1409 1736 1463 τῶν
1763 1425 1880 1462 ποι-

292 1503 489 1573 μένων
523 1500 617 1554 τοῦ
681 1501 929 1572 Ἀϐραὰμ
978 1501 1069 1554 καὶ
1126 1500 1220 1553 τοῦ
1261 1500 1381 1552 Λὼτ
1434 1498 1567 1569 πρὸς
1595 1498 1876 1569 ἀλλήλους,

304 1595 564 1648 διείλοντο
592 1594 690 1657 τὰς
721 1594 979 1663 οἰκήσεις.
1000 1593 1109 1647 Καὶ
1139 1594 1169 1652 6
1200 1592 1298 1663 μὲν
1323 1589 1443 1644 Λὼτ
1473 1590 1630 1643 ἐλαϐε
1657 1590 1752 1661 τὴν
1779 1592 1877 1643 Σο-

305 1686 578 1756 ὣμηνὼν,
625 1687 654 1738 6
684 1684 741 1737 66
788 1683 1036 1753 Ἀϐραὰμ
1067 1682 1202 1753 πρὸς
1226 1685 1291 1752 τῇ
1333 1679 1452 1752 δρυίί
1490 1682 1555 1750 τῇ
1592 1680 1822 1753 Μαμϐρὶ
1845 1692 1871 1719 ει

288 1777 652 1848 κατῴκησεν,
681 1774 1007 1845 ἐπαγγελίας
1047 1791 1107 1828 τε
1162 1773 1321 1829 ἐλαϐε
1367 1772 1529 1827 πάλιν
1591 1773 1739 1842 παρὰ
1779 1772 1871 1825 τοῦ

288 1868 465 1934 -Θεοῦ,
496 1870 589 1929 καὶ
618 1869 697 1922 ὅτι
730 1870 808 1931 είς
839 1867 1041 1938 πλῆθος
1070 1864 1322 1920 ἐπιδώσει
1354 1864 1518 1918 αὑτοῦ
1543 1861 1604 1916 τὸ
1629 1863 1865 1934 σπέρμα,

298 1962 405 2015 καὶ
451 1961 534 2013 ὃτι
580 1959 975 2030 κληρονομήσει
1021 1957 1121 2029 τὴν
1172 1957 1296 2028 γῆν.
1364 1956 1424 2009 '0
1474 1954 1870 2026 Χοδολαγομὸρ,

303 2052 498 2124 ἐπειδὴ
535 2052 844 2121 ἀπέστησαν
877 2049 1040 2103 αὑτοῦ
1082 2049 1139 2102 οἱ
1197 2049 1356 2101 πέντε
1417 2046 1649 2118 βασιλεῖς
1696 2049 1745 2099 οί
1771 2047 1869 2116 τῆς

296 2142 638 2213 Σοδομηνῆς,
668 2139 1005 2203 δουλεύοντες
1031 2138 1179 2210 αὐτῷ
1226 2139 1510 2210 πρότερον,
1542 2137 1871 2209 παραλαϐὼν

289 2233 529 2304 ⁴ἐτέρους
577 2230 810 2302 βασιλεῖς
847 2231 1016 2301 τρεῖς,
1047 2228 1478 2299 ἐπεστράτευσεν
1545 2232 1745 2293 αὐτοῖς,
1780 2230 1870 2283 καὶ

301 2322 723 2396 τροπωσάμενος
752 2320 941 2374 ἐλαϐεν
986 2318 1374 2390 αἰχμαλώτους·
1411 2321 1470 2375 ἐν
1518 2317 1598 2383 οἷς
1624 2318 1690 2391 ῆν
1717 2323 1866 2374 καίὸ

294 2413 449 2468 Λώτ.
491 2414 555 2467 '0
572 2412 629 2466 66
670 2410 916 2483 Ἀϐραὰμ
952 2410 1210 2478 ἀκούσας,
1260 2411 1356 2465 καὶ
1377 2411 1473 2464 σὺν
1522 2414 1631 2475 τοῖς
1661 2413 1867 2478 οἰκογε-

290 2509 451 2560 -νέσιν
479 2503 640 2559 αὐτοῦ
668 2503 996 2577 τριακοσίοις
1019 2501 1294 2557 δεκαοκτὼ
1340 2502 1693 2569 καταδιώξας,
1727 2503 1865 2567 ἐξεῖ-

303 2599 429 2651 λετο
453 2597 542 2650 τὸν
568 2594 878 2664 ἀδελφιδοῦν
908 2594 1049 2665 μετὰ
1073 2595 1171 2664 τῆς
1200 2594 1366 2647 ἵππου
1402 2595 1499 2647 καὶ
1524 2594 1631 2649 τῶν
1684 2610 1869 2663 γυναι-

298 2689 437 2744 σιῶν
495 2690 588 2743 καὶ
641 2687 718 2759 τῷ
772 2688 870 2759 μὲν
898 2687 1227 2757 Μελχισεδὲκ
1280 2687 1632 2757 εύλογήσαντι
1683 2687 1863 2755 αὐτὸν,

302 2781 637 2849 ἐξενεγκόντι
666 2781 867 2851 ἀρτους
899 2795 966 2831 τε
995 2778 1089 2831 καὶ
1111 2774 1272 2842 οἶνον,
1298 2780 1528 2850 δεκάτην
1556 2779 1742 2833 ἔδωκε.
1779 2780 1870 2832 Διό

304 2890 471 2944 φησιν
493 2875 521 2925 ὁ
550 2870 756 2933 Παῦλος
785 2871 843 2924 ἐν
861 2871 927 2941 τῇ
950 2869 1084 2940 πρὸς
1119 2869 1418 2941 Ἐϐραίους,
1444 2871 1524 2923 ὅτι
1551 2868 1867 2941 Καὶόβῖθ]

304 2964 488 3028 Λευίς
514 2964 544 3015 ὁ
558 2960 807 3026 δεκάτας
829 2959 1146 3029 λαμϐάνων
1164 2960 1566 3014 δεδεκάτωται.
1616 2960 1751 3012 Ὑπὸ
1774 2959 1867 3013 τοῦ

294 3055 572 3125 βασιλέως
619 3057 863 3128 Σοδόμων
904 3053 1272 3127 παρακληθεὶς
1306 3052 1402 3123 τὴν
1455 3052 1618 3104 ἵππον
1664 3049 1865 3113 λαϐεῖν,

303 3151 415 3203 οὐκ
440 3149 737 3203 ἐπένευσεν·
781 3148 912 3203 Ἵνα
926 3145 1010 3217 μὴ
1038 3146 1231 3213 εἴπῃς,
1262 3145 1443 3215 φησὶν,
1458 3144 1597 3216 Ἐγὼ
1609 3142 1870 3195 πεπλούν-

308 3258 463 3311 τηκα
499 3240 603 3295 τὸν
630 3240 890 3309 Ἁϐραάμ.
914 3237 1046 3292 Τότε
1072 3236 1165 3290 τοῦ
1198 3234 1331 3289 Θεοῦ
1360 3234 1496 3306 πρὸς
1511 3232 1867 3287 αύτὸνείπόν-

301 3352 416 3398 τος,
439 3336 518 3388 ὄτι
545 3333 606 3386 ’0
620 3332 834 3403 μισθός
866 3346 983 3386 σου
1005 3328 1199 3396 πολὺς
1211 3328 1402 3390 ἔσται,
1425 3325 1748 3397 ὰποδύρεται
1770 3325 1868 3395 τὴν

301 3426 577 3482 ἀπαιδίαν·
618 3427 711 3480 καὶ
735 3423 922 3479 ἀκούει
962 3423 1143 3487 πάλιν,
1176 3422 1256 3475 ὃτι
1287 3422 1317 3474 6
1370 3420 1428 3487 ἐξ
1460 3420 1622 3473 αὐτοῦ
1656 3419 1868 3482 ἐξελευ-

300 3519 533 3589 εόμενος
561 3518 953 3589 κληρονομήσει
989 3515 1151 3571 αὑτὸν
1172 3556 1189 3583 ,
1248 3514 1341 3567 καὶ
1367 3512 1433 3566 1:6'
1465 3511 1684 3583 σπέρμα
1705 3510 1867 3563 αὐτοῦ

301 3611 461 3667 ἔσται
489 3611 561 3674 ὡς
579 3611 645 3664 τὰ
674 3609 848 3681 ἄστρα
860 3610 953 3663 τοῦ
979 3606 1228 3679 ούρανοῦ.
1275 3605 1535 3660 Ἐνταῦθα
1571 3608 1744 3659 κεῖται
1783 3604 1864 3668 τὸ,

316 3704 708 3758 Ἐπίστευσεν
733 3702 976 3771 Ἀϐραὰμ
1001 3700 1078 3767 τῷ
1109 3698 1248 3765 Θεῷ,
1280 3700 1376 3753 καί
1398 3699 1679 3767 ἐλογίσθη
1710 3694 1867 3775 αὐτῷ

299 3797 394 3860 εὶς
422 3794 832 3861 δικαιοσύνην.
866 3794 945 3847 Τὰ
986 3792 1386 3863 διχοτομήματα
1410 3792 1571 3853 ποιεῖ,
1606 3790 1701 3843 καὶ
1735 3806 1867 3860 μαν·

301 3888 454 3942 θάνει
479 3888 563 3939 ὃτι
586 3886 843 3957 πάροικον
895 3884 1044 3937 ἐσται
1082 3882 1143 3936 τὸ
1172 3882 1390 3955 σπέρμα
1421 3880 1585 3936 αὑτοῦ
1611 3922 1626 3947 ,
1666 3882 1759 3934 καὶ
1785 3882 1866 3934 ὃτι

298 3978 447 4049 μετὰ
475 3978 646 4031 ταῦτα
682 3977 1141 4046 ἀπαλλαγήσεται,
1191 3973 1328 4045 μετὰ
1375 3973 1434 4026 τὸ
1468 3974 1866 4043 ταπεινωθῆναι

297 4071 395 4141 ἐτη
417 4069 760 4140 τετρακόσια.
793 4071 974 4143 Σάρρα
1002 4070 1059 4123 δέ
1083 4068 1204 4122 ἐπεί)⁵
1236 4069 1418 4138 στεῖρα
1445 4061 1535 4137 ῆν,
1568 4065 1747 4119 δίδωσι
1766 4064 1865 4135 τὴν

302 4165 487 4233 ’Δγαρ
512 4162 591 4232 τῷ
634 4162 910 4234 Ἀϐραὰμ,
962 4163 1050 4216 ἵνα
1100 4161 1544 4231 παιδοποιήσηται
1576 4157 1634 4225 ἐξ
1673 4159 1861 4229 αὐτῆς.

308 4254 400 4317 Ὠς
424 4253 482 4306 δὲ
511 4252 695 4315 ἐκύει,
744 4253 954 4326 ἐπήρθη
1010 4250 1151 4306 κατὰ
1191 4251 1289 4322 τῆς
1320 4251 1511 4321 κυρίας
1558 4250 1743 4320 αὐτῆς·
1774 4250 1865 4303 καί

293 4347 514 4401 δίδωσιν
542 4346 709 4416 αὑτήν
738 4349 803 4417 τῇ
836 4346 1019 4417 Σάρρᾳ
1050 4348 1080 4399 6
1122 4345 1391 4417 Ἀϐραὰμ,
1409 4344 1547 4407 ὥστε
1575 4343 1777 4414 ἀμῦναι
1796 4344 1861 4413 τῇ

297 4438 458 4509 ῦϐρει
493 4441 562 4507 τῇ
578 4439 793 4509 ἑαυτῆς.
819 4438 883 4490 Ἠ
910 4438 965 4491 δὲ
994 4438 1300 4492 κακωθεῖσα
1318 4439 1535 4507 ὑπὸτῆς
1558 4438 1861 4508 δεσποίνης,

295 4531 512 4602 ἀπέδρα
542 4531 651 4584 ἀπὸ
676 4531 772 4601 τῆς
790 4532 988 4598 οίκίας,
1030 4532 1124 4587 καὶ
1177 4532 1453 4586 κελεύεται
1492 4534 1595 4586 ὑπὸ
1631 4532 1862 4601 ἀγγέλου

297 4625 712 4694 ἀποστραφῆναι
766 4624 902 4695 πρὸς
944 4624 1041 4695 τήν
1076 4624 1270 4696 κυρίαν
1300 4623 1487 4693 αὐτῆς·
1518 4623 1778 4694 λαμϐάνει
1804 4639 1863 4675 τε

297 4715 654 4784 ἐπαγγελίαν,
681 4718 764 4770 ὅτι
790 4717 851 4770 τὸ
889 4718 1109 4788 σπέρμα
1142 4716 1310 4787 αὐτῆς
1340 4714 1591 4768 ἐπιδώσει
1619 4717 1697 4779 είς
1724 4715 1863 4785 πλῆ-

300 4821 410 4888 θος,
433 4823 526 4875 καὶ
543 4821 715 4894 ὄνομα
735 4822 813 4895 τῷ
834 4823 1027 4897 παιδίῳ
1061 4826 1189 4897 πρὶν
1229 4824 1263 4895 ῆ
1290 4824 1541 4897 τεχθῆναι
1563 4824 1864 4896 ἐπιτίθησιν

299 4928 327 4979 ὁ
351 4925 601 4995 ἄγγελος,
636 4927 859 5000 Ἰσμαήλ
881 4929 1042 4984 αὑτὸν
1062 4930 1259 4984 καλῶν.
1288 4931 1558 5003 Ἐτεκενή
1581 4932 1759 5003 ’Ἀγαρ
1773 4931 1864 4986 τὸν

310 5034 556 5106 Ἶσμαὴλ,
600 5036 693 5089 καὶ
735 5035 980 5108 Ἀϐραὰμ
1017 5036 1154 5091 ἐτῶν
1201 5039 1523 5109 ἐνενήκοντα
1562 5040 1714 5093 ἐννέα
1734 5057 1864 5113 μετ-

295 5137 628 5212 ωνομάζετο.
675 5141 868 5195 Οὐκέτι
909 5142 1018 5213 γὰρ
1064 5142 1303 5215 Ἀϐραμ,
1343 5138 1478 5196 ἀλλὰ
1518 5143 1765 5216 Ἀϐραὰμ
1806 5147 1861 5198 ἐ-

294 5245 494 5317 κλήθη.
519 5246 812 5301 Κελεύεται
842 5247 947 5301 ὑπὸ
973 5247 1064 5302 τοῦ
1103 5249 1237 5302 Θεοῦ
1277 5249 1673 5321 περιτμηθῆναι
1700 5250 1862 5315 αὐτὸς

294 5351 635 5424 πανοικεσίᾳ.
667 5353 780 5407 Καὶ
805 5353 872 5407 τὸ
889 5353 988 5424 τῆς
1021 5352 1198 5424 Σάρας
1230 5353 1398 5426 ϐνομα
1426 5355 1730 5426 ἀμείϐεται,
1768 5357 1863 5412 καὶ

292 5455 538 5509 καλεῖται
562 5455 768 5526 Σάρῤα.
794 5455 905 5509 Καὶ
930 5456 1195 5525 λαμϐάνει
1222 5457 1348 5528 περὶ
1364 5456 1458 5511 τοῦ
1495 5457 1674 5511 Ἰσαὰκ
1691 5459 1865 5527 ἐπαγ-

288 5543 474 5610 γελίαν
500 5546 529 5597 6
562 5546 833 5616 Ἀϐραάμ.
872 5545 1240 5612 Ἐπιφαίνεται
1282 5552 1359 5618 τῷ
1390 5546 1640 5620 Ἀϐραὰμ
1676 5544 1711 5602 ὁ
1737 5543 1871 5616 Υίὸς

356 5711 380 5739 ⁸
406 5710 488 5758 Ma
600 5708 616 5724 '
666 5706 856 5769 legitur
890 5708 942 5756 in
980 5706 1205 5759 Homiiiis
1233 5710 1283 5759 in
1308 5710 1558 5761 Genesim.
1586 5713 1683 5763 Sed
1716 5729 1861 5776 quam

356 5769 446 5821 :ﬂis
464 5708 723 5822 εξῖειίἿι-υω
746 5770 987 5820 vocalium
1008 5787 1039 5822 η
1073 5776 1127 5822 et
1146 5790 1161 5821 ι
1185 5775 1493 5822 commulalio
1516 5788 1662 5822 nemo
1683 5780 1854 5822 nescit-

294 5765 446 5821 facilis
464 5765 530 5822 si:
547 5765 987 5822 ﬁarum‘vocalium
1008 5787 1039 5829 η
1073 5776 1127 5822 ει
1146 5790 1161 5821 ι
1185 5775 1493 5825 commutatio
1516 5788 1662 5828 nemo
1683 5765 1854 5829 néscit.

1414 376 1749 435 SYNOPSIS
1785 374 2197 433 SCRIPTUR/E
2237 375 2503 435 SACRE.

3465 389 3571 448 390

1987 493 2079 547 τοῦ
2102 494 2236 548 Θεοῦ
2264 498 2402 566 μετὰ
2428 496 2520 550 δύο
2555 496 2822 567 ἀγγέλων,
2858 499 2952 555 καὶ
2992 500 3140 571 λέγει
3180 503 3317 574 πρὸς
3363 504 3559 560 αὐτόν’

1998 585 2311 652 Ἐπανήξω
2343 588 2491 655 πρὸς
2516 588 2591 641 σὲ
2628 592 2779 644 κατὰ
2832 594 2937 645 τὸν
2986 594 3193 661 καιρὸν
3220 596 3437 649 τοῦτον
3475 599 3563 660 είς

1982 675 2156 746 ὥρας,
2176 680 2272 733 καὶ
2292 679 2415 743 ἕξει
2444 681 2579 734 υίόν
2604 681 2800 749 Σάρῤα
2817 682 2853 749 ἠ
2869 684 3021 752 γυνή
3042 702 3174 738 σου.
3195 685 3442 757 Ἀϐραὰμ
3454 687 3562 740 δεῖ-

1981 786 2072 822 ται
2101 770 2194 824 τοῦ
2224 772 2362 825 Θεοῦ
2384 772 2525 844 ὑπὲρ
2549 773 2816 843 Σοδόμων.
2843 772 2908 828 Οί
2942 775 3034 828 δύο
3058 776 3279 844 ἄγγελοι
3310 777 3559 849 ἔρχονται

1983 859 2116 929 πρὸς
2142 859 2231 913 τὸν
2261 859 2404 915 Λώτ.
2444 860 2789 923 Ἐπιστὰντες
2820 863 2869 913 οί
2928 861 3206 929 Σοδομῖται
3260 863 3558 935 ἐπεζήτουν

1981 951 2198 1015 αὐτοὺς,
2222 952 2315 1005 καὶ
2346 952 2665 1024 πλήττονται
2692 953 3051 1026 ὰορασίᾳ.Τὸν
3072 954 3127 1007 66
3150 957 3270 1008 Λὼτ
3305 956 3558 1021 λαϐόντες

1970 1045 2028 1095 -οί
2056 1044 2275 1111 ἄγγελοι
2312 1045 2533 1114 ἐξῆλθον
2583 1044 2681 1115 τῆς
2732 1047 2908 1108 οἰκίας
2933 1061 2946 1074 ·
2994 1046 3088 1099 καὶ
3122 1048 3281 1111 αὐτὸς
3311 1050 3409 1118 μὲν
3440 1051 3555 1120 ἅμα

1980 1137 2100 1196 ταῖς
2145 1135 2440 1206 θυγατράσι
2487 1137 2809 1199 διασώζεται
2856 1139 2935 1199 είς
2970 1138 3249 1209 Σηγώροή
3308 1139 3363 1191 66
3417 1142 3553 1213 γυνὴ

1979 1222 2169 1291 γέγονε
2196 1224 2365 1295 στήλη
2399 1226 2544 1291 ἀλὸς,
2578 1226 2762 1297 ἐπειδὴ
2804 1227 3106 1296 ἀπέϐλεψεν
3137 1230 3215 1291 είς
3246 1230 3312 1281 τὰ
3357 1231 3547 1284 ὀπίσω.

1990 1314 2077 1379 Ὧς
2106 1315 2163 1369 66
2192 1317 2502 1389 ἐνεπρήσθη
2536 1320 2569 1389 ἡ
2600 1320 2896 1391 Σοδομηνὴ.
2932 1322 3022 1373 καὶ
3056 1322 3296 1392 ἀπῆλθεν
3347 1326 3425 1387 είς
3487 1325 3547 1377 τὸ

1976 1406 2100 1480 ὅρος
2134 1409 2276 1471 Λὼτ,
2307 1410 2399 1463 καὶ
2438 1411 2723 1465 συνέλαϐον
2756 1413 2815 1477 ἐξ
2854 1414 3015 1466 αὐτοῦ
3044 1415 3097 1467 αί
3129 1415 3422 1486 θυγατέρες
3446 1415 3545 1470 a6-

1976 1498 2091 1563 τοῦ,
2126 1501 2219 1553 καὶ
2246 1503 2277 1571 ή
2306 1502 2414 1573 μὲν
2450 1504 2793 1574 πρεσϐυτέρα
2838 1506 2989 1559 ἔτεκε
3034 1507 3126 1559 τὸν
3177 1508 3370 1569 Μωὰϐ,
3419 1510 3451 1579 ή
3490 1510 3547 1562 66

1976 1592 2212 1664 νεωτέρα
2228 1593 2317 1646 τὸν
2358 1594 2600 1665 Ἀμμών’
2636 1596 2732 1667 τὴν
2759 1598 2814 1650 δὲ
2850 1599 2985 1668 μετὰ
3026 1598 3119 1652 τοῦ
3144 1600 3349 1671 πατρὸς
3402 1602 3547 1672 μίξιν

1975 1681 2206 1752 ἔκλεψαν
2236 1688 2303 1756 τῇ
2327 1685 2483 1757 μέθῃ·
2509 1684 2676 1756 ᾤοντο
2704 1687 2811 1759 γὰρ
2837 1688 2897 1741 τὸ
2941 1689 3277 1760 ἀνθρώπινον
3313 1692 3546 1747 ἐκλελοι-

1968 1775 2137 1829 πέναι
2167 1777 2339 1844 γένος.
2368 1778 2703 1851 Παρῴκησεν
2728 1783 2785 1833 ἐν
2816 1781 3071 1851 Γεράροις
3100 1784 3128 1834 6
3167 1784 3434 1855 Ἀϐραὰμ,
3451 1789 3546 1840 καὶ

1972 1866 2002 1916 6
2026 1864 2276 1935 βασιλεὺς
2317 1867 2569 1938 Γεράρων
2608 1868 2893 1940 Ἀϐιμέλεχ
2925 1870 3083 1924 ἔλαϐε
3138 1874 3240 1943 τὴν
3284 1876 3502 1948 Σάρραν
3528 1894 3541 1908 ·

1974 1956 2360 2026 ἀπειλήσαντος
2393 1957 2449 2010 66
2480 1958 2628 2029 αὐτῷ
2655 1960 2747 2013 τοῦ
2774 1960 2931 2023 Θεοῦ,
2984 1962 3301 2031 ἀπελογεῖτο
3346 1966 3540 2035 λέγων,

1971 2045 2201 2117 ἀδελφὴν
2224 2047 2387 2101 αὐτοῦ
2428 2051 2770 2121 νενομικέναι
2792 2052 2888 2122 τὴν
2922 2056 3153 2120 γυναῖκα
3186 2050 3344 2110 εἶναι’
3397 2059 3544 2114 οὕτω

1974 2137 2081 2210 γὰρ
2107 2140 2242 2209 αὐτὴ
2260 2136 2430 2194 εἶπεν.
2458 2141 2727 2195 Ἀπέδωκε
2753 2142 2808 2194 66
2830 2144 2998 2214 αὐτὴν
3026 2143 3104 2215 τῷ
3134 2143 3379 2218 Ἀϐραὰμ
3404 2152 3541 2219 μετά

1960 2231 2174 2301 δώρων.
2213 2232 2342 2285 Τότε
2366 2232 2683 2286 ἀποδοθεῖσα
2713 2234 2885 2287 τίκτει
2908 2235 2999 2288 τὸν
3038 2237 3238 2291 Ἰσαάκ.
3310 2240 3537 2295 Ἐκϐαλ-

1971 2320 2051 2374 λει
2081 2322 2136 2374 66
2170 2324 2268 2393 τὴν
2321 2324 2611 2411 παιδίσκην
2646 2325 2746 2394 τῆς
2798 2326 2973 2390 οἰκίας
3026 2328 3161 2397 μετὰ
3190 2329 3281 2383 τοῦ
3329 2332 3542 2391 παιδίου

1983 2414 2225 2485 Ἰσμαήλ.
2277 2416 2332 2470 'O
2352 2417 2409 2470 66
2440 2417 2726 2488 Ἀϐιμέλεχ
2751 2417 2957 2470 τίθεται
2987 2418 3123 2490 πρὸς
3147 2420 3236 2473 τὸν
3292 2422 3540 2494 Ἀϐραὰμ

1968 2503 2250 2576 διαθήκην,
2279 2506 2417 2561 ὥστε
2450 2507 2524 2579 μὴ
2571 2508 2825 2580 ἀδικῆσαι
2873 2510 3153 2582 ἀλλήλους,
3185 2512 3275 2565 καὶ
3327 2513 3539 2585 λαμϐά-

1967 2613 2046 2649 νει
2074 2597 2211 2650 ἐπτὰ
2242 2599 2482 2669 ἀμνάδας
2514 2601 2663 2671 παρά
2697 2600 2791 2653 τοῦ
2828 2601 3095 2673 Ἀϐραὰμ,
3130 2605 3210 2667 είς
3245 2605 3538 2678 μαρτύριον

1965 2683 2058 2736 τοῦ
2116 2686 2347 2756 φρέατος
2396 2687 2487 2740 τοῦ
2544 2689 2829 2759 ὁρκισμοῦ,
2898 2690 2983 2743 ἵνα
3025 2687 3058 2766 ᾗ
3119 2692 3276 2763 δῆλον
3306 2695 3387 2747 ὅτι
3442 2696 3538 2749 τοῦ

1980 2774 2228 2845 Ἀϐραάμ
2250 2778 2382 2830 ἐστι.
2408 2777 2700 2831 Κελεύεται
2730 2778 3019 2848 ἀνενέγκαι
3051 2781 3141 2833 τὸν
3171 2784 3286 2837 υἱὸν
3320 2787 3399 2847 εἰς
3425 2786 3540 2839 ὁλο-

1969 2865 2273 2935 κάρπωσιν,
2303 2869 2396 2921 καὶ
2442 2869 2791 2939 ἀναφέρεται,
2824 2872 2917 2923 καὶ
2950 2873 3209 2941 σφάζεται
3244 2876 3394 2945 κριὸς
3424 2877 3538 2930 ἀντ’

1969 2952 2120 3026 [521]
2146 2956 2329 3009 αὐτοῦ.
2360 2958 2390 2997 δ
2423 2958 2605 3012 Ταῦτα
2630 2960 2686 3013 δὲ
2730 2961 2889 3014 τύποι
2919 2958 3058 3033 ἦσαν
3102 2966 3198 3035 τῆς
3240 2966 3538 3038 μελλούσης

1966 3044 2272 3113 οἰκονομίας
2296 3046 2398 3098 ὑπὸ
2423 3048 2657 3117 Χριστοῦ
2687 3048 2953 3103 τελεῖσθαι
2995 3053 3135 3125 ὑπὲρ
3164 3055 3339 3126 ήμῶν.
3380 3058 3537 3109 Ἀπο-

1968 3133 2187 3204 θνήσκει
2217 3134 2422 3206 Σάρρα,
2446 3138 2539 3189 καὶ
2571 3140 2847 3209 ἀγοράσας
2866 3141 3026 3196 τόπον
3045 3144 3073 3197 6
3106 3144 3353 3216 Ἀϐραὰμ
3386 3147 3537 3218 παρὰ

1966 3223 2180 3293 Ἐφρὼν
2207 3223 2300 3276 τοῦ
2330 3227 2609 3291 Χετταίου,
2647 3228 2838 3283 θάπτει
2879 3234 2994 3285 ἐκεῖ
3017 3232 3115 3305 τήν
3138 3238 3395 3303 γυναῖκα,
3439 3241 3535 3291 καὶ

1968 3312 2291 3383 πέμπειτὸν
2316 3315 2479 3368 παῖδα
2523 3316 2683 3370 αὐτοῦ
2712 3359 2727 3384 ,
2778 3318 2916 3373 ὥστε
2977 3323 3407 3393 μνηστεύσασθαι
3458 3330 3535 3400 τῷ

1980 3403 2162 3457 Ἰσαὰκ
2182 3408 2413 3472 γυναῖκα
2440 3406 2548 3459 ἀπὸ
2567 3408 3009 3480 Μεσοποταμίας,
3055 3415 3424 3483 παραγγείλας
3461 3422 3535 3489 μὴ

1966 3495 2301 3567 ἀποστρέψαι
2322 3498 2412 3550 τὸν
2445 3498 2558 3552 υίὸν
2590 3500 2752 3553 αὑτοῦ
2775 3502 2908 3568 ἐκεῖ,
2933 3505 2981 3555 εἰ
3005 3504 3078 3575 μὴ
3102 3505 3343 3576 βούλοιτο
3361 3509 3535 3563 ἐλθεῖν

1965 3589 1998 3659 ἡ
2027 3589 2182 3659 γυνή.
2230 3589 2314 3652 Ὠς
2367 3590 2422 3643 δὲ
2449 3586 2610 3661 ἦλθεν
2635 3594 2663 3645 6
2708 3594 2833 3656 παῖς
2887 3596 2963 3656 εἰς
2993 3595 3089 3667 τὴν
3124 3596 3279 3652 πόλιν
3311 3600 3532 3671 Ναχὼρ,

1966 3676 2132 3729 καὶτὸ
2162 3680 2382 3749 σημεῖον
2418 3680 2609 3751 ᾔτησε,
2652 3680 2774 3734 καθ’
2801 3681 2828 3734 6
2853 3683 3051 3753 ἤμελλε
3103 3687 3389 3758 γνωρίζειν
3436 3690 3535 3759 τὴν

1968 3765 2251 3836 παρθένον·
2275 3762 2343 3838 ἦν
2363 3768 2419 3820 δὲ
2458 3769 2517 3821 τὸ
2550 3774 2791 3840 σημεῖον,
2832 3776 3129 3845 παρασχεῖν
3153 3778 3367 3849 ἐκείνην
3387 3780 3534 3850 αὐτῷ

1963 3872 2023 3909 τε
2051 3857 2143 3910 καὶ
2168 3860 2286 3921 ταῖς
2322 3860 2583 3929 καμήλοις
2599 3860 2761 3915 αὐτοῦ
2791 3866 2949 3915 πιεῐψ
2978 3864 3533 3936 ἐξέρχεταιῬεϐέκκα

1966 3951 2000 4020 ή
2048 3949 2289 4022 θυγάτηρ
2330 3952 2570 4023 Βαθουὴλ
2609 3954 2701 4007 τοῦ
2741 3956 2855 4008 υίοῦ
2909 3958 3130 4030 Ναχώρ·
3166 3964 3194 4014 6
3231 3961 3287 4014 66
3330 3964 3532 4035 Ναχὼρ

1966 4040 2192 4111 ἀδελφὸς
2215 4040 2281 4113 ῆν
2304 4044 2395 4097 τοῦ
2437 4046 2701 4117 Ἀϐραάμ·
2756 4047 2919 4103 δοῦσά
2968 4067 3029 4102 τε
3066 4052 3383 4123 αύτῷπιεῖν
3437 4058 3532 4109 καὶ

1964 4138 2085 4198 ταῖς
2115 4137 2644 4207 καμήλοις,είποῦσά
2672 4158 2751 4204 τε,
2787 4143 2926 4207 τίνος
2958 4145 3041 4214 είη
3091 4144 3353 4218 θυγάτηρ,
3422 4152 3531 4201 εἱσ-

1966 4226 2087 4294 άγει
2116 4226 2207 4280 τὸν
2234 4229 2402 4299 ἄνδρα
2450 4232 2541 4283 καὶ
2573 4231 2787 4295 ξενίζει.
2816 4234 3031 4305 Ἐπειδὴ
3052 4237 3106 4289 66
3136 4232 3286 4289 εἶπεν
3306 4241 3528 4306 ἐκεῖνος,

1962 4317 2103 4382 τίνος
2131 4318 2314 4372 ἕνεκεν
2336 4316 2485 4391 ἦλθε,
2510 4326 2600 4375 καὶ
2619 4324 2736 4395 ᾔτει
2758 4324 2853 4396 τὴν
2882 4327 3045 4380 παῖδα
3074 4328 3275 4390 λαϐεῖν,
3302 4334 3366 4401 τῇ
3391 4349 3526 4402 παρ-

1966 4409 2103 4479 θένῳ
2128 4411 2225 4479 τὴν
2285 4412 2493 4483 αἵρεσιν
2530 4415 2832 4485 ἐπέτρεψαν
2879 4419 2927 4469 οί
2965 4420 3157 4485 γονεῖς.
3213 4420 3296 4483 Ὠς
3328 4423 3382 4474 δὲ
3425 4423 3527 4474 ἐπ-

1962 4502 2177 4555 ένευσεν
2208 4504 2411 4574 ἐκείνη,
2454 4504 2633 4559 λαϐὼν
2656 4507 2821 4577 αὐτὴν
2844 4509 3070 4578 ἀπῆλθεο
3098 4511 3191 4563 καὶ
3219 4513 3431 4579 ἐγένετο
3453 4515 3528 4585 τῷ

1963 4591 2145 4645 Ἰσαὰκ
2166 4595 2322 4664 γυνή.
2350 4595 2625 4665 Λαμϐἀνει
2650 4598 2678 4648 6
2713 4598 2959 4668 Ἀϐραὰμ
3004 4604 3234 4667 γυναῖκα
3262 4604 3359 4675 τὴν
3392 4605 3529 4658 Χετ-

1962 4683 2179 4755 τούραν,
2227 4686 2599 4759 ἀποθανούσης
2638 4690 2885 4761 Σάρρας,
2953 4693 3044 4743 καὶ
3088 4695 3211 4756 τοὺς
3254 4694 3313 4759 ἐξ
3360 4697 3528 4766 αὐτῆς

1962 4777 2280 4846 γενομένους
2311 4778 2499 4841 παῖδας
2531 4781 2904 4845 ἐξαπέστειλεν
2927 4783 3034 4836 ἀπὸ
3070 4785 3273 4845 Ἰσαὰκ,
3322 4787 3528 4856 δόματα

1962 4866 2083 4929 δοὺς
2107 4868 2307 4931 αὐτοῖς’
2327 4870 2425 4938 τῆς
2457 4870 2514 4923 66
2546 4872 2731 4934 οὐσίας
2763 4873 2944 4926 Ἰσαὰκ
2974 4874 3302 4946 κληρονόμον
3337 4878 3525 4948 ἐποίη-

1964 4973 2043 5017 σε,
2101 4959 2194 5011 καὶ
2238 4959 2495 5013 ἀπέθανε.
2544 4961 2624 5014 Τὰ
2667 4964 2904 5033 ὀνόματα
2956 4966 3061 5019 τῶν
3111 4967 3240 5019 υίῶν
3308 4968 3528 5037 Ἰσμαὴλ

1961 5044 2199 5113 ἔγκειται
2222 5048 2473 5102 ἐνταῦθα’
2496 5050 2779 5123 κατῴκησε
2805 5054 2861 5105 δὲ
2890 5055 2995 5108 ἀπὸ
3016 5056 3210 5107 Εὖιλὰτ
3238 5054 3339 5118 ἕως
3365 5054 3523 5125 Σούρ.

1960 5136 2070 5207 Τῆς
2108 5138 2400 5203 Ῥεϐέκκας
2424 5142 2837 5215 ἐστειρωμένης,
2858 5147 3028 5199 ἐδεῖτο
3043 5146 3227 5201 Ἰσαὰκ
3253 5145 3346 5197 τοῦ
3367 5145 3522 5208 Θεοῦ,

1961 5225 2098 5279 ὥστε
2122 5231 2270 5281 κυεῖν
2310 5231 2497 5302 αὐτήνο
2548 5234 2641 5286 xal
2668 5234 2853 5306 ἐπειδὴ
2904 5234 3073 5298 ἐκύει,
3118 5234 3278 5304 φησὶν
3313 5234 3447 5305 αὐτῇ
3495 5237 3524 5288 6

1959 5318 2111 5383 Θεός·
2145 5321 2259 5374 Δύο
2290 5320 2434 5390 ἔθνη
2459 5324 2529 5376 ἐν
2571 5323 2645 5393 τῇ
2672 5326 2866 5392 κοιλίᾳ
2892 5341 3028 5389 σου,
3052 5325 3147 5378 καί
3175 5325 3323 5390 λαὸς
3369 5326 3523 5381 λαοῦ

1960 5409 2251 5478 ὑπερέξειν
2269 5413 2545 5483 προλέγων
2569 5416 2636 5469 τὰ
2661 5418 2786 5487 περὶ
2820 5417 3083 5470 Ἰουδαίων
3116 5415 3209 5469 καὶ
3232 5415 3388 5486 ήμῶν
3414 5418 3523 5471 τῶν

1955 5505 2311 5562 Χριστιανῶν.
2350 5509 2436 5567 Ὠς
2486 5511 2543 5565 66
2587 5514 2777 5584 ἐτέχθη
2813 5514 2880 5568 τὰ
2921 5515 3105 5569 πα.δία
3139 5514 3230 5568 καὶ
3287 5514 3516 5587 ηὐξήθη,

1919 5652 1921 5655 ’
1991 5654 2050 5726 _b
2079 5656 2191 5704 Haec
2227 5658 2289 5705 de
2316 5662 2830 5728 .sacr‘iﬁcio‘Abrahm.
2875 5665 3003 5724 quod
3044 5670 3149 5713 erat
3172 5667 3326 5727 ﬁgura
3350 5674 3525 5728 cruc‘S,

1960 5718 2393 5794 εῖῖε-(ιῗςριιοωξξή
2418 5722 2614 5787 Christi,
2658 5726 2880 5787 pluribus
2894 5718 3117 5788 'explical.
3156 5718 3527 5794 (ὲιὶῖ-,γευειουιιιλ

1965 5783 2097 5829 ιοωο
2121 5779 2201 5843 ιν,
2230 5793 2279 5843 p.
2303 5781 2421 5857 ι’18.⁸
