4058 6344
549 372 649 428 321

549 480 857 536 ἀποδίῖοται
889 482 984 535 καὶ
1011 481 1309 553 πιπράσκει
1342 482 1617 552 ἑψήματος
1645 481 1823 551 φακῆς
1871 479 1943 533 τὰ
1966 495 2119 548 πρω-

548 575 765 627 τοτόκια
780 574 973 626 ἐαυτοῦ
992 576 1020 627 6
1052 574 1220 627 Ἡσαῦ
1247 574 1325 643 τῷ
1352 573 1563 630 Ἰακώϐ.
1597 573 1928 643 Βουλόμενον
1952 572 2010 624 δέ
2032 570 2123 624 τὸν

562 665 748 718 Ἰσαὰκ
783 667 861 727 είς
900 668 1171 733 Αἴγυπτον
1219 663 1517 727 κατελθεῖν,
1563 663 1747 732 ἐπειδὴ
1790 661 1949 732 λιμὸς
1995 677 2125 714 κατ-

554 756 739 826 ίσχυε,
789 756 989 810 κωλύει
1032 758 1059 809 ὁ
1113 757 1273 821 Θεὸς,
1321 755 1599 825 παραινῶν
1648 754 1774 807 ἔνθα
1807 753 1962 824 ᾧκει,
2009 753 2125 806 ἐκεῖ

442 849 450 858 ⁸
554 846 756 917 μένειν,
793 847 885 901 καὶ
915 845 1337 916 ὑπισχνούμενος
1388 844 1605 897 ἔσεσθαι
1640 844 1754 914 μετ’
1787 842 1976 906 αὐτοῦ,
2031 841 2124 894 καὶ

550 940 861 1010 εὐλογήσειν
892 940 951 992 τὸ
985 940 1204 1011 σπέρμα
1236 938 1399 993 αὐτοῦ
1438 939 1530 992 καὶ
1578 936 1889 1008 πληθυνεῖν.
1924 933 2124 989 Μαθὼν

550 1032 927 1103 δέόβασιλεὺς
960 1034 1213 1103 Γεράρων
1264 1030 1573 1100 ’Λϐιμέλεχ,
1619 1029 1700 1081 ὅτι
1753 1029 1788 1098 ή
1857 1025 2125 1079 Ῥεϐέκκα

551 1126 685 1195 γυνή
719 1126 834 1177 ἐστι
852 1124 944 1176 τοῦ
976 1124 1160 1177 Ἰσαὰκ
1202 1123 1547 1193 (ὑπώπτευσε
1564 1121 1672 1193 γὰρ
1699 1117 1932 1191 ἀδελφὴν
1958 1117 2122 1171 αὐτοῦ

551 1209 690 1266 εἶναι
722 1212 953 1283 αὐτὴν),
999 1212 1224 1265 θάνατον
1245 1212 1411 1283 ὥρισε
1443 1211 1498 1264 εί
1527 1228 1609 1274 τις
1631 1209 1903 1280 ἐξυϐρίσει
1925 1209 2004 1271 είς
2028 1208 2125 1261 αὐ-

550 1304 670 1374 τήν.
708 1303 839 1355 Τότε
867 1302 1115 1375 ἔσπειρεν
1144 1305 1170 1355 6
1205 1302 1408 1364 Ἰσαάκ,
1448 1300 1542 1354 καὶ
1564 1293 1720 1371 εὗρεν
1744 1299 2125 1353 ἐκατοστεύου-

554 1410 654 1446 σαν
677 1393 891 1464 κριθήν.
933 1394 1018 1455 Ὠς
1052 1393 1107 1445 δὲ
1130 1388 1291 1463 ἦλθεν
1335 1395 1414 1456 εἰς
1461 1391 1690 1444 πλοῦτον
1736 1390 1907 1461 μέγαν
1930 1391 1993 1442 ἐκ
2026 1390 2125 1458 τῆς

552 1481 796 1548 εὐλογίας
829 1479 922 1532 τοῦ
955 1480 1496 1549 Θεοῦ,διεφθονοῦντο
1524 1478 1671 1549 αὐτῷ
1717 1481 1764 1530 οἱ
1786 1476 2121 1546 Φυλιστιεὶμ,

553 1572 644 1625 καί
668 1571 696 1622 6
746 1571 1033 1641 Ἀϐιμέλεχ
1056 1572 1361 1642 ἀπήλαυνεν
1388 1570 1548 1624 αὐτὸν
1595 1569 1824 1623 ἐκεῖθεν.
1865 1568 1922 1620 '0
1944 1568 2000 1620 δὲ
2025 1568 2125 1620 οὐκ

552 1662 816 1733 ήμύνατο,
866 1662 979 1715 ἀλλ’
1028 1660 1362 1734 ἀνεχώρησε,
1420 1662 1512 1715 καὶ
1548 1660 1722 1732 ὡρυξε
1747 1659 1976 1731 φρέατα,
2033 1659 2125 1710 καὶ

553 1753 816 1823 ἐμάχοντο
866 1753 994 1823 περὶ
1033 1753 1232 1806 αὐτῶν.
1300 1755 1358 1806 Ὁ
1395 1754 1450 1807 δέ
1495 1754 1597 1807 οὐκ
1649 1752 1960 1812 ἀνθίστατο,
2010 1749 2123 1803 ἀλλ’

552 1844 714 1915 ἔτερα
737 1843 997 1915 ὤρυσσεν,
1028 1844 1132 1908 ἔως
1152 1837 1212 1898 οὗ
1246 1845 1555 1899 ἐπαύσαντο
1596 1857 1643 1898 ο.
1677 1845 1785 1898 Καὶ
1835 1843 2125 1912 εὐλόγησεν

552 1937 757 1989 αὐτὸνὸ
786 1936 936 1999 Θεός.
985 1936 1134 1991 Καὶό
1174 1936 1362 1990 Ἰσαὰκ
1394 1936 1618 1991 ἐλθόντα
1662 1936 1796 2007 πρὸς
1826 1935 1986 1989 αὐτὸν
2036 1934 2126 1987 τὸν

566 2028 849 2098 Ἀϐιμέλεχ
870 2028 1087 2093 ἐδέξατο
1128 2028 1379 2099 ἀσμένως
1414 2030 1507 2082 καὶ
1556 2027 1845 2089 εἱστίασεν,
1898 2028 1956 2079 οὐ
1991 2043 2126 2097 μνη-

556 2120 701 2183 σθεὶς
731 2113 805 2175 ὧν
848 2120 1096 2191 ⁴ήδικήθεη.
1134 2119 1363 2172 Ἔλαϐεν
1400 2121 1429 2172 6
1472 2118 1639 2172 Ἡσαῦ
1675 2119 1983 2180 Χαναναίας
2031 2135 2127 2186 γυ-

552 2212 763 2274 ναῖκας,
792 2212 885 2265 καὶ
907 2211 1093 2282 ἤριζον
1120 2213 1187 2280 τῇ
1230 2209 1515 2280 Ῥεϐέκκα.
1540 2210 1842 2281 Ἐγήρασεν
1873 2210 1901 2261 6
1944 2209 2127 2262 Ίσαάκ

552 2301 646 2353 καὶ
667 2300 1059 2371 ἠμϐλυώπησε,
1088 2301 1182 2353 καὶ¹
1217 2300 1546 2371 προστάσσει
1569 2300 1646 2370 τῷ
1673 2300 1771 2370 υίῷ
1803 2297 1972 2352 Ἡσαῦ
2028 2299 2126 2369 θη-

554 2392 743 2464 ρεῦσαι
764 2392 854 2445 κα)⁵
896 2392 1117 2462 ποιῆσαι
1147 2391 1297 2461 αὐτῷ
1332 2391 1533 2461 ἔδεσμα
1555 2433 1570 2458 ,
1609 2390 1695 2443 ἴνα
1724 2391 1990 2461 εὐλογήσῃ
2033 2391 2130 2445 αὐ-

550 2482 663 2537 τόν.
709 2482 765 2533 ’0
786 2481 842 2534 δὲ
872 2480 1088 2544 Ἰακὼϐ,
1119 2480 1574 2550 συμπραττούσης
1608 2479 1756 2550 αὐτῷ
1788 2480 1886 2551 τῆς
1905 2480 2125 2550 μητρὸς,

552 2574 757 2643 ἔφθασε
785 2573 876 2626 τὸν
917 2572 1106 2626 Ἡσαῦ·
1143 2572 1393 2642 ἐψήσασα
1422 2571 1530 2643 γάρ
1554 2571 1772 2642 ἐρίφους
1806 2570 1916 2635 δύο,
1941 2571 2034 2624 καὶ
2062 2572 2128 2623 τά

553 2664 706 2737 [ὅὶὲ]
733 2665 977 2736 δέρματα
1014 2665 1193 2717 αὐτῶν
1229 2664 1513 2735 περιθεῖσα
1547 2662 1715 2733 αὐτῷ,
1747 2664 1834 2715 ἴνα
1856 2661 2128 2735 ἐπικρύψῃ

550 2758 651 2828 τὴν
684 2757 930 2828 λειότητα
947 2756 1039 2809 τοῦ
1075 2755 1285 2821 παιδὸς,
1334 2757 1502 2809 ἔδωκε
1535 2756 1603 2808 τὰ
1627 2755 1898 2826 ἐδέσματα
1920 2758 1999 2818 είς
2032 2757 2130 2819 τάς

551 2852 741 2920 χεῖρας
768 2848 954 2912 αὐτοῦ,
983 2850 1076 2902 κα)⁵
1104 2849 1451 2918 εἰσέπεμψεν.
1511 2848 1568 2900 Ὀ
1606 2847 1661 2901 δὲ
1692 2846 1946 2901 εἰσελθὼν
1972 2847 2129 2899 ἔλαϐε

552 2941 652 3005 τὰς
696 2941 964 3009 εὐλογίας.
1015 2940 1215 2993 Ἐλθὼν
1242 2940 1298 2992 δὲ
1326 2942 1354 2992 6
1390 2939 1584 3003 Ἠσαῦ,
1613 2940 1706 2991 καὶ
1741 2938 1926 3010 μαθὼν
1946 2939 2004 2991 τὸ
2036 2956 2131 3006 γε-

554 3032 727 3102 γονὸς,
758 3032 1069 3103 ἀπωδύρετο
1092 3034 1186 3086 καὶ
1223 3032 1457 3102 ἐθρήνει,
1491 3034 1583 3084 καὶ
1604 3033 1722 3103 ᾔτει
1772 3032 2131 3101 εὐλογηθῆναι

555 3125 652 3179 καὶ
682 3124 861 3191 αὐτὸς,
897 3125 990 3177 καὶ
1012 3125 1176 3195 ήνυσε
1205 3127 1270 3195 τῇ
1301 3126 1554 3195 ἐπιμονῇ,
1576 3124 1725 3176 οὐδὲν
1764 3123 1860 3194 μὲν
1881 3124 2132 3177 τοσοῦτον

553 3218 679 3272 ὅσον
697 3218 939 3287 ἦλπισεν·
988 3218 1152 3285 ἥνυσε
1186 3217 1243 3269 δὲ
1291 3218 1458 3285 ὅμως.
1493 3216 1681 3285 Μικρά
1708 3218 1886 3268 τοίνυν
1912 3216 2133 3284 εὐλογη-

555 3310 669 3372 θεὶς
689 3310 808 3363 ἀντὶ
835 3309 1101 3379 μεγάλων,
1124 3308 1387 3379 ὠργίζετο
1414 3308 1549 3379 πρὸς
1568 3309 1659 3361 τὸν
1681 3309 1930 3377 ἀδελφὸν,
1966 3311 2133 3378 ἐμνη-

556 3404 790 3465 σικάκει,
828 3402 1115 3473 περιέμενε
1153 3401 1244 3454 τοῦ
1271 3402 1475 3471 πατρὸς
1494 3401 1591 3472 τὴν
1618 3402 1890 3472 τελευτὴν,
1926 3401 2131 3463 ώςτότε

556 3495 871 3565 ἀδεέστερον
918 3492 1313 3546 ἐπιϐουλεύσων
1354 3492 1519 3563 αὐτῷ.
1570 3492 1777 3563 Μηνύει
1805 3492 1881 3563 τῷ
1941 3491 2133 3544 Ἰακὼϐ

555 3586 731 3641 ταῦτα
760 3589 791 3656 ή
826 3587 1031 3657 μήτηρ,
1062 3585 1156 3639 καὶ
1179 3588 1433 3655 παραινεῖ
1456 3587 1599 3654 φυγῇ
1633 3585 1731 3654 τὴν
1752 3583 2020 3655 σωτηρίαν
2048 3584 2132 3636 εῦ-

559 3678 803 3749 ρηκέναι⁸
836 3675 1065 3729 είποῦσά
1117 3692 1177 3727 τε
1225 3676 1358 3745 πρὸς
1382 3673 1475 3726 τὸν
1533 3672 1755 3732 Ἰσαὰκ,
1800 3671 2135 3734 ὅτιοάϐίωτος

556 3771 694 3841 αὐτῇ
713 3768 864 3822 ἔσται
891 3771 920 3821 6
941 3768 1051 3839 βίος
1065 3768 1115 3830 ι’,
1144 3768 1192 3820 εί
1224 3768 1317 3819 καὶ
1339 3763 1535 3819 Ἰακὼϐ
1558 3764 1664 3817 ἀπὸ
1688 3763 1795 3816 τῶν
1818 3762 2134 3816 Χαναναίων

556 3863 710 3915 λάϐοι
735 3864 993 3929 γυναῖκα,
1035 3859 1441 3931 παρασκευάζει
1488 3858 1578 3911 τὸν
1640 3857 1826 3910 Ἰσαάκ
1851 3854 2134 3925 ἐκπέμψαι

557 3953 649 4006 τὸν
693 3952 883 4005 Ἰακὼϐ
917 3955 997 4016 εἰς
1041 3952 1460 4021 Μεσοποταμίαν
1511 3949 1647 4019 πρὸς
1667 3949 1757 4002 τὸν
1791 3947 2014 4016 ἀδελφὸν
2039 3948 2135 4000 αὐ-

556 4048 656 4115 τῆς
678 4045 768 4098 τὸν
794 4044 997 4106 Λάϐαν,
1016 4045 1110 4098 καὶ
1139 4047 1203 4098 ἐκ
1231 4045 1338 4097 τῶν
1364 4042 1673 4112 θυγατέρων
1706 4040 1870 4095 αὐτοῦ
1903 4044 2134 4109 γυναῖκα

557 4136 761 4191 λαϐεῖν.
800 4137 1147 4199 ’Λπελθόντος
1188 4136 1243 4189 δὲ
1267 4136 1359 4189 τοῦ
1384 4132 1597 4196 Ἰακὼϐ,
1634 4133 1897 4202 λαμϐάνει
1921 4133 2018 4205 τὴν
2045 4132 2136 4185 θυο

557 4229 766 4298 γατέρα
797 4227 1019 4298 Ἰσμαὴλ
1048 4226 1223 4297 ἐαυτῷ
1241 4230 1475 4295 γυναῖκα
1498 4228 1525 4279 6
1547 4225 1736 4278 Ἠσαῦ.
1760 4226 1819 4278 Ὀ
1840 4225 1896 4278 δὲ
1913 4224 2135 4295 Ἰσμαήλ

559 4318 676 4383 υίὸς
690 4316 757 4391 ἦν
786 4322 879 4374 τοῦ
921 4320 1188 4391 Ἀϐραὰμ,
1217 4320 1324 4373 ἀπὸ
1352 4320 1448 4389 τῆς
1464 4321 1641 4389 ’Λγαρ
1655 4319 1940 4389 γενόμενος
1965 4318 2129 4388 αὐτῷ.

560 4414 755 4466 Βλέπει
782 4414 881 4484 τὴν
936 4413 1177 4483 κλίμακα
1215 4414 1242 4466 6
1278 4410 1494 4475 Ἰακὼϐ,
1538 4412 1715 4481 ἵστησι
1756 4411 1973 4483 στήλην,
2039 4411 2134 4462 κα)⁵

561 4505 953 4572 ἐπαγγέλλεται
982 4505 1047 4557 τά
1069 4504 1381 4575 ὑπάρχοντα.
1423 4502 1571 4573 αὐτῷ
1601 4503 2031 4557 ἀποδεκατώσειν
2057 4500 2134 4570 τῷ

561 4596 702 4666 Θεῷ,
731 4600 777 4649 εί
807 4597 1061 4663 ὑγιαίνων
1107 4595 1409 4649 ἐπανέλθοι.
1469 4596 1725 4665 Ἔρχεται
1758 4596 1836 4656 είς
1894 4592 1990 4664 τὴν
2024 4594 2135 4645 Με-

564 4689 913 4759 σοποταμίαν,
945 4684 1048 4741 εἶδε
1077 4688 1175 4756 τὴν
1215 4688 1435 4758 Ῥαχὴλ,
1463 4687 1717 4755 ἐφίλησεν
1750 4686 1938 4756 αὐτήψ
1966 4685 2133 4737 ἀπελ-

564 4781 788 4850 θοῦσαή
841 4781 977 4852 κόρη
1010 4781 1306 4852 ἀπήγγειλε
1344 4780 1421 4851 τῷ
1478 4780 1645 4850 πατρὶ
1684 4777 1887 4830 Λάϐαν.
1938 4776 2134 4829 Ἐλθὼν

562 4873 723 4937 αὐτὸς
748 4873 958 4940 ἐπέγνω
983 4873 1072 4924 τὸν
1108 4870 1319 4936 Ἰακὼϐ,
1349 4874 1634 4942 εἰσήγαγεν
1656 4870 1814 4921 αὐτὸν
1845 4868 1980 4939 πρὸς
2006 4869 2133 4921 ἐαυ-

560 4968 675 5021 τόν.
709 4965 1046 5018 Ἐδούλευσεν
1078 4964 1222 5034 αὐτῷ
1251 4966 1342 5016 ἐπὶ
1387 4963 1561 5034 μισθῷ
1583 4961 1867 5030 θυγατρός
1890 4961 1990 5013 όδέ
2035 4962 2135 5031 τὴν

562 5058 936 5129 πρεσϐυτέραν
967 5056 1152 5108 ἔδωκε’
1209 5053 1687 5126 δυσχεραίνοντιδέ
1712 5054 1787 5124 τῷ
1827 5054 2017 5107 Ἰακὼϐ
2042 5056 2135 5108 ἐπὶ

560 5154 629 5222 τῇ
662 5150 864 5221 ἀπάτῃ,
896 5146 1166 5218 προτείνει
1206 5146 1345 5198 ἐπτά
1406 5146 1501 5213 ἔτη
1555 5145 1714 5213 ἔτερα
1745 5144 2059 5206 δουλεῦσαι,
2088 5148 2134 5198 εί

565 5244 805 5316 βούλοιτο
846 5244 937 5296 καὶ
965 5242 1062 5312 τὴν
1092 5240 1367 5310 νεωτέραν
1413 5237 1617 5290 λαϐεῖν.
1669 5237 1727 5289 Ὀ
1767 5237 1822 5289 δέ
1859 5237 1951 5289 καὶ
1979 5236 2136 5290 τοῦτο

563 5332 841 5402 ὑπέμεινε,
869 5331 963 5383 καὶ⁸
993 5328 1259 5400 λαμϐάνει
1283 5328 1376 5381 καὶ
1412 5326 1509 5395 τὴν
1536 5325 1823 5396 νεωτέραν.
1851 5322 1959 5377 Ἢν
1992 5327 2049 5379 δὲ
2098 5328 2132 5397 ἡ

566 5424 665 5494 μὲν
688 5422 1031 5495 πρεσϐυτέρα
1064 5420 1294 5491 ἀσθενὴς
1318 5422 1426 5482 τοῖς
1475 5417 1788 5488 ὀφθαλμοῖς,
1814 5418 1967 5471 Λεία·
2018 5421 2050 5489 ή
2076 5420 2135 5473 δέ

563 5518 800 5589 νεωτέρα
822 5516 1026 5586 ὡραία,
1069 5516 1101 5585 ή
1144 5511 1365 5583 Ῥαχήλ.
1408 5510 1529 5562 Εἰσὶ
1572 5510 1628 5561 δὲ
1670 5509 1829 5562 τύποι
1870 5510 2053 5573 αὐταὶ,
2101 5513 2134 5581 ἡ

626 5608 1012 5683 {Lugdunensis
1035 5609 1060 5655 6
1082 5608 1134 5655 δέ
1156 5606 1243 5654 οὐκ
1261 5603 1508 5667 ἀφίστατο,
1538 5601 1639 5650 ἀλλ’
1661 5602 1795 5665 ἕτερα
1816 5602 2027 5665 ὤρυσσεν
2048 5602 2137 5660 ἕως

563 5670 847 5719 ὒπαύσαντο.

630 5731 657 5769 b
675 5734 904 5787 Idipsum,
936 5731 1024 5779 sed
1068 5729 1167 5779 alio
1192 5728 1333 5777 modo
1356 5723 1589 5787 exprimit
1610 5724 1984 5786 Chrysoslomus
2004 5730 2136 5776 tomo

565 5788 647 5852 IV,
671 5805 721 5856 p.
745 5788 854 5854 526,
875 5805 1075 5856 nempe,
1098 5793 1159 5841 τά
1182 5797 1264 5849 τῆς
1283 5794 1406 5849 ζωῆς
1424 5789 1536 5850 ἡμῖν
1556 5789 1757 5851 οἴχεται.

1233 363 1293 421 S.
1334 363 1618 421 JOANNIS
1655 358 2152 421 CHRYSOSTOMI
2190 356 2508 415 ARCHIEP.
2545 357 3091 415 CONSTANTINOP.

3692 366 3803 423 322

2229 474 2327 545 μὲν
2351 474 2696 546 πρεσϐυτέρα
2731 474 2828 545 τῆς
2857 474 3177 546 συναγωγῆς
3213 474 3322 531 τῶν
3356 476 3643 547 Ἰουδαίων,
3675 484 3710 553 ἡ
3741 486 3803 540 δὲ

2224 567 2461 637 νεωτέρα
2516 570 2615 638 τῆς
2672 566 2997 638 Ἑκκλησίας
3064 567 3158 621 τοῦ
3208 570 3465 641 Χριστοῦ.
3528 574 3801 629 Συνέλαϐε

2224 657 2379 722 Λεία,
2399 659 2490 710 καὶ
2516 658 2667 711 ἔτεκε
2694 658 2785 711 τὸν
2817 658 3087 729 Ῥουϐεἱμ,
3122 661 3212 713 τὸν
3232 661 3474 732 Συμεὼν,
3529 666 3619 719 τὸν
3645 668 3801 730 Λευῖ,

2223 748 2313 801 τὸν
2347 747 2559 802 Ἰούδαν.
2605 750 2671 803 Ἠ
2698 751 2755 803 δέ
2804 750 3023 823 Ῥαχὴλ,
3083 752 3207 804 ἐπεὶ
3253 754 3330 825 μὴ
3366 755 3563 819 ἔτικτε,
3615 758 3805 811 δίδωσι

2223 836 2301 906 τῷ
2340 837 2533 892 Ἰακὼϐ
2557 843 2790 908 γυναῖκα
2816 840 3094 912 δευτέραν,
3135 842 3233 914 τὴν
3285 844 3575 918 παιδίσκην
3628 848 3805 918 αὐτῆς

2224 928 2421 997 Βάλαν,
2445 932 2538 986 καὶ
2565 931 2747 987 ἔτεκεν
2779 934 2959 1005 ἐκείνη
2988 934 3078 989 τὸν
3096 936 3203 990 Δάν
3224 937 3318 991 καὶ
3347 937 3437 990 τὸν
3462 939 3801 1010 Νεφθαλείμ.

2228 1021 2434 1076 Ἔδωκε
2460 1022 2515 1075 δὲ
2548 1024 2695 1097 καὶὴ
2724 1024 2856 1079 Λεία
2877 1026 3083 1097 Ζελφάν
3106 1028 3202 1099 τὴν
3224 1029 3511 1101 παιδίσκην
3540 1031 3709 1103 αὐτῆς
3721 1032 3803 1101 τῷ

2238 1112 2431 1167 Ἰακὼϐ
2464 1118 2715 1184 γυναῖκα’
2746 1119 2779 1188 ή
2806 1117 2864 1170 δὲ
2887 1116 3038 1171 ἔτεκε
3069 1118 3161 1172 τὸν
3199 1120 3304 1173 Γάδ
3332 1122 3424 1175 καὶ
3458 1122 3546 1176 τὸν
3607 1124 3798 1193 Ἀσήρ.

2228 1205 2422 1259 Ἐτεκε
2444 1206 2501 1259 δὲ
2529 1207 2657 1278 ἐξῆς
2676 1208 2809 1262 Λεία
2845 1211 2981 1280 μετὰ
3004 1211 3175 1291 ταῦτα
3213 1213 3303 1267 τὸν
3346 1210 3562 1285 Ἰσάχαρ
3585 1214 3679 1268 καὶ
3709 1216 3803 1268 τὸν

2226 1295 2532 1354 Ζαϐουλὼν.
2577 1300 2709 1352 Τότε
2743 1300 2894 1353 ἔτεκε
2917 1301 3011 1354 καὶ
3041 1303 3074 1372 ή
3105 1300 3304 1373 Ῥαχὴλ
3333 1302 3423 1356 τὸν
3462 1304 3679 1375 Ἰωσήφ.
3715 1306 3804 1368 Ὠς

2224 1387 2281 1440 δὲ
2315 1388 2502 1458 ήθελεν
2532 1392 2561 1444 6
2602 1390 2795 1444 Ἰακὼϐ
2842 1392 3093 1446 ἀπελθεῖν
3120 1395 3199 1457 εἰς
3228 1395 3326 1466 τὴν
3356 1396 3561 1448 οἰκείαν
3583 1396 3710 1467 γῆν,
3728 1396 3804 1459 61-

2223 1479 2386 1532 δωσιν
2411 1481 2559 1552 αὐτῷ
2590 1482 2679 1535 τὸν
2702 1483 2890 1553 μισθὸν
2914 1485 2941 1535 6
2961 1485 3167 1551 Λάϐαν,
3220 1485 3278 1538 δν
3320 1487 3479 1551 αὐτὸς
3509 1487 3537 1540 6
3606 1488 3805 1542 Ἰακὼϐ

2225 1567 2412 1639 ὥρισε,
2446 1573 2553 1626 πᾶν
2573 1572 2730 1641 φαιὸν
2755 1574 2812 1627 ἐν
2849 1577 2962 1637 τοῖς
2994 1576 3211 1644 ἀρνασι,
3245 1577 3336 1629 καὶ
3365 1579 3471 1631 πᾶν
3497 1576 3689 1631 λευκὸν
3746 1584 3805 1634 ὲν

2225 1663 2345 1724 ταῖς
2374 1662 2513 1728 αίξίν
2552 1673 2597 1701 θ’
2625 1662 2701 1727 ὼς
2732 1663 2788 1716 δὲ
2822 1663 2989 1718 πολλά
3014 1664 3083 1717 τά
3104 1664 3327 1721 τοιαῦτα
3364 1666 3607 1736 γέγονεν·
3636 1669 3805 1723 ἐτίθει

2226 1752 2334 1824 γὰρ
2365 1753 2594 1823 ῥάϐδους
2617 1756 2674 1808 ἐν
2722 1758 2832 1819 τοῖς
2864 1757 3249 1829 ποτιστηρίοις,
3294 1760 3387 1813 καὶ
3418 1760 3674 1815 ἐνεκίσσα
3733 1762 3805 1817 τά

2227 1845 2491 1916 πρόϐατα,
2511 1847 2604 1899 καὶ
2633 1847 2810 1901 ἔτικτε
2838 1847 3005 1902 λευκά
3032 1852 3123 1903 καὶ
3144 1851 3381 1915 ποικίλα,
3401 1854 3494 1907 καὶ
3518 1853 3801 1926 σποδοειδῆ

2230 1936 2416 2005 ραντά.
2453 1936 2524 1988 Τὸ
2550 1935 2605 1988 δὲ
2636 1939 2741 1990 πᾶν
2766 1937 2860 1990 τοῦ
2881 1938 3012 1991 Θεοῦ
3034 1939 3192 2009 ἔργον
3218 1936 3305 2010 ἦν,
3340 1940 3414 2004 ὡς
3442 1942 3605 2008 αὐτός
3634 1960 3804 2014 φησιν

2226 2028 2254 2079 6
2298 2026 2510 2080 Ἰακώϐ.
2539 2028 2918 2096 Διεφθονοῦντο
2958 2030 3102 2101 αὐτῷ
3129 2031 3233 2084 υίοὶ
3259 2031 3465 2097 Λάϐαν,
3498 2034 3593 2087 καὶ
3618 2034 3805 2088 λαϐὼν
3842 2064 3845 2065 ν

2227 2118 2399 2189 λάθρα
2430 2121 2527 2184 τὰς
2558 2122 2747 2176 ἑαυτοῦ
2791 2126 3050 2191 γυναῖκας
3103 2126 3241 2195 μετὰ
3296 2125 3403 2179 τῶν
3447 2127 3805 2198 ὑπαρχόντων

2230 2213 2486 2284 ἀπῆλθεν.
2533 2214 2590 2267 '0
2629 2216 2687 2268 δέ
2732 2216 2915 2270 Λάϐαν
2962 2216 3273 2283 κατεδίωξε,
3322 2217 3417 2273 καὶ⁵
3464 2233 3596 2291 πριν
3650 2220 3806 2291 αὐτῷ

2231 2305 2540 2375 συμϐαλεῖν,
2565 2307 2857 2377 ἠπείλησεν
2898 2311 2926 2361 6
2951 2310 3081 2373 Θεὸς
3103 2309 3271 2381 αὐτῷ,
3290 2313 3337 2364 εί
3358 2312 3601 2383 τραχέως
3632 2329 3807 2382 προσ·-

2229 2398 2468 2468 ενεχθείη
2498 2398 2576 2469 τῷ
2617 2398 2830 2453 Ἰακώϐ.
2873 2401 2930 2453 '0
2961 2399 3017 2454 δέ
3047 2401 3234 2466 ἐλθὼν,
3266 2402 3328 2456 τὸ
3350 2404 3448 2473 μὲν
3472 2403 3688 2475 πρῶτον
3711 2406 3805 2459 ἔνο

2229 2486 2431 2551 εκάλει,
2461 2487 2608 2560 [525]
2628 2490 2723 2543 καὶ
2743 2490 2840 2562 τὴν
2858 2492 3036 2546 αἰτίαν
3060 2493 3241 2564 ἐζήτει
3260 2493 3361 2564 τῆς
3388 2494 3649 2568 λαθραίας
3666 2498 3806 2552 ἀνα-ε

2229 2580 2541 2650 χωρήσεως.
2578 2582 2664 2644 Ὠς
2688 2583 2744 2635 δὲ
2762 2578 2914 2637 εἶπεν
2933 2587 2961 2637 6
2995 2584 3210 2649 Ἰακὼϐ,
3227 2587 3319 2640 διὰ
3344 2586 3405 2640 τὸ
3431 2590 3807 2659 πεφθονῆσθαι

2226 2672 2439 2740 μήποτε
2462 2672 2562 2735 τάς
2590 2672 2894 2744 θυγατέρας
2920 2674 3081 2728 αὐτοῦ
3110 2676 3284 2742 λάϐοι,
3311 2677 3468 2732 τοῦτο
3502 2680 3807 2751 πεποιηκέο

2230 2780 2339 2825 ναι,
2368 2762 2548 2833 ἐζήτει
2584 2765 2707 2827 τοὺς
2734 2764 2889 2829 θεοὺς
2935 2766 3097 2819 αὐτοῦ
3144 2769 3354 2833 Λάϐαν,
3384 2771 3474 2834 οὓς
3504 2771 3736 2841 ἔκλεψεν
3770 2777 3806 2845 ή

2246 2849 2463 2920 Ῥαχήλ.
2523 2851 2609 2914 Ὦς
2658 2851 2715 2903 δὲ
2762 2853 2861 2922 οὐχ
2906 2847 3093 2925 εὗρεν,
3139 2856 3434 2909 ἐπιτίθεται
3474 2859 3723 2931 σφοδρῶς
3780 2865 3814 2916 6

2246 2936 2437 2991 Ἰακὼϐ
2466 2940 2729 3007 ἐγκαλῶν.
2774 2942 2885 2996 Καὶ
2925 2943 3095 3008 τέλος,
3127 2946 3388 3013 φαγόντες
3430 2947 3523 3000 καὶ
3564 2949 3812 3019 πιόντες,

2232 3026 2654 3099 διεχωρίσθησαν
2675 3028 2934 3101 ἀλλήλων,
2954 3030 3137 3101 βουνὸν
3160 3032 3322 3087 λίθων
3350 3037 3642 3105 στήσαντες
3664 3038 3812 3109 ἐκεῖ,

2232 3113 2289 3167 ὃν
2320 3116 2412 3168 καὶ
2443 3113 2634 3169 Βουνὸν
2662 3118 2960 3188 μαρτυρίου
2995 3118 3278 3174 ἐκάλεσαν.
3304 3122 3434 3176 Τότε
3466 3125 3814 3197 συνήντησαν

2233 3201 2308 3271 τῷ
2352 3202 2544 3255 Ἰακὼϐ
2577 3203 2793 3272 ἄγγελοι
2827 3204 2983 3261 Θεοῦ.
3022 3207 3359 3262 Ἀποστέλλει
3387 3212 3415 3264 6
3448 3211 3641 3265 Ἰακὼϐ
3672 3216 3812 3286 πρὸς

2234 3286 2323 3340 τὸν
2362 3287 2554 3352 Ἠσαῦ,
2583 3291 2939 3360 ἀπαγγέλλων
2966 3293 3130 3368 αὐτοῦ
3161 3294 3259 3367 τήν
3294 3298 3605 3369 ἐπιδημίαν.
3634 3302 3725 3366 Ὦς
3752 3304 3811 3358 δὲ

2233 3370 2393 3445 ἦλθον
2420 3378 2468 3429 οἱ
2500 3377 2912 3445 ἀποσταλέντες,
2947 3381 3040 3435 καὶ
3065 3376 3216 3435 εἷπον
3242 3383 3495 3455 ἔρχεσθαι
3515 3387 3605 3441 τὸν
3631 3389 3810 3444 Ἡσαῦ

2238 3464 2375 3534 μετά
2402 3467 2765 3535 τετρακοσίων
2796 3468 3023 3540 ἀνδρῶν,
3054 3470 3347 3541 περίφοϐος
3376 3475 3666 3545 γενόμενος
3700 3478 3811 3531 δεῖ·

2232 3569 2320 3604 ται
2352 3551 2447 3605 τοῦ
2470 3552 2625 3618 Θεοῦ,
2650 3552 2790 3606 ὥστε
2823 3556 2985 3609 αὐτὸν
3010 3557 3314 3624 ἀπαλλάξαι
3344 3560 3436 3613 τοῦ
3458 3563 3807 3634 ἐπικειμένου

2234 3638 2500 3701 κινδύνου,
2538 3641 2632 3693 καὶ
2654 3641 3017 3714 πέμπειδῶρα
3043 3640 3121 3713 τῷ
3166 3644 3358 3701 Ἠσαῦ.
3388 3648 3473 3711 Ὠς
3498 3649 3557 3702 δὲ
3588 3651 3807 3722 εἰσῆλθε

2232 3723 2323 3778 τὸν
2349 3726 2681 3797 χειμάρρουν
2704 3727 2733 3778 6
2757 3728 2969 3794 Ἰακὼϐ,
3000 3730 3095 3783 καὶ
3122 3731 3409 3805 εὐλογήθη,
3438 3739 3531 3789 καὶ
3564 3755 3809 3807 μετωνο-

2238 3812 2418 3884 μάσθη
2443 3813 2505 3865 τὸ
2531 3813 2701 3884 ὄνομα
2724 3816 2909 3882 αὐτοῦ,
2934 3820 3033 3889 ὁρᾷ
3056 3819 3145 3873 τὸν
3173 3820 3344 3875 Ἡσαῦ
3372 3824 3685 3895 ἐρχόμενον,
3710 3829 3811 3881 καὶ

2233 3902 2422 3955 διελὼν
2454 3902 2514 3955 τὸ
2540 3902 2763 3974 πλῆθος,
2791 3905 2889 3969 τὰς
2916 3907 3014 3974 μὲν
3052 3909 3341 3974 παιδίσκας
3367 3912 3505 3982 μετὰ
3530 3912 3644 3967 τῶν
3675 3918 3809 3968 παί-

2232 3990 2337 4043 δων
2366 3991 2543 4044 αὐτῶν
2564 3991 2784 4060 πρώτας
2802 3994 2976 4059 ἔταξε,
2997 3996 3094 4067 τὴν
3117 3996 3173 4049 δὲ
3196 3998 3359 4051 Λείαν
3384 3999 3641 4070 δευτέραν
3666 4005 3811 4073 μετά

2233 4077 2343 4131 τῶν
2374 4079 2623 4143 παιδίων,
2656 4082 2751 4134 καὶ
2779 4081 2877 4153 τὴν
2925 4083 3123 4155 Ῥαχὴλ
3164 4085 3302 4155 μετά
3347 4087 3539 4156 Ἰωσὴφ
3569 4090 3810 4161 ἐσχάτην

2234 4166 2490 4239 ἔρχεσθαι
2517 4168 2796 4237 κελεύσας,
2828 4171 2988 4236 αὐτὸς
3011 4173 3226 4245 πρῶτος
3249 4175 3435 4246 ἀπῄει.
3469 4177 3560 4241 Ὠς
3584 4178 3643 4230 δὲ
3666 4174 3812 4231 εἶδεν

2234 4255 2396 4309 αὐτὸν
2428 4256 2677 4326 ἀσμένως
2714 4259 2742 4310 ὁ
2782 4258 2976 4324 Ἡσαῦ,
3025 4261 3120 4314 καὶ
3164 4260 3236 4314 τὰ
3264 4262 3411 4332 δῶρα
3460 4264 3621 4317 ἔλαϐε
3672 4267 3808 4336 παρ’

2235 4342 2419 4410 αὐτοῦ,
2454 4344 2605 4415 ἠξίου
2647 4346 3079 4417 συμπορεύεσθαι
3110 4348 3259 4419 αὐτῷ
3280 4366 3297 4382 ο
3325 4353 3354 4403 ό
3385 4352 3441 4405 δέ
3485 4357 3808 4424 παρῃτεῖτο.

2234 4431 2346 4485 Καὶ
2370 4431 2537 4486 ἐλθὼν
2566 4434 2855 4487 κατέλυσεν
2886 4437 2965 4499 είς
2993 4435 3145 4489 πόλιν
3173 4438 3411 4508 Σικίμων
3444 4440 3653 4510 Σαλήμ,
3676 4440 3811 4495 ἔνθα

2235 4519 2419 4589 Συχὲμ
2452 4520 2481 4572 6
2513 4520 2628 4584 υίὸς
2666 4520 2892 4593 Ἑμμὼρ
2920 4522 3014 4576 τοῦ
3049 4523 3333 4593 βασιλέως,
3365 4526 3616 4597 ἐρασθεὶς
3645 4529 3819 4593 Δίνας

2233 4608 2335 4676 τῆς
2366 4608 2633 4683 θυγατρὸς
2683 4609 2913 4676 Ἰακὼϐ,
2956 4613 3051 4667 καὶ
3098 4614 3321 4687 φθείρας
3364 4616 3464 4686 τὴν
3497 4617 3772 4689 παρθένον
3794 4660 3811 4681 ,

2234 4695 2384 4764 ἠξίου
2414 4696 2565 4767 νόμῳ
2608 4697 2789 4768 γάμου
2838 4698 3019 4752 λαϐεῖν
3066 4702 3233 4772 αὐτὴν
3274 4706 3526 4772 γυναῖκα.
3568 4700 3704 4758 Εἷπε
3749 4705 3811 4759 δι

2235 4783 2458 4853 Συμεὼν
2512 4786 2605 4839 καὶ
2636 4786 2765 4840 Λευῗ
2808 4787 2999 4841 δώσειν
3040 4788 3294 4860 ἑτοίμως,
3338 4793 3384 4843 εί
3422 4792 3815 4863 περιτμηθείεν

2235 4871 2429 4923 ἐκεῖνοι
2466 4871 2601 4942 μετά
2632 4873 2724 4925 τοῦ
2753 4874 2881 4928 λαοῦ
2910 4876 3107 4931 αὐτῶν.
3145 4878 3230 4942 Ὠς
3252 4878 3308 4930 δέ
3339 4880 3814 4951 περιετμήθησαν,

2236 4956 2315 5009 ἔτι
2348 4958 2508 5020 ὄντας
2549 4960 2606 5012 ἐν
2652 4959 2729 5030 τῷ
2778 4962 2924 5032 πόνῳ
2971 4962 3177 5017 ἀνεῖλον
3224 4966 3416 5029 αὐτοὺς
3450 4968 3676 5038 Συμεὼν
3715 4972 3814 5023 καὶ

2234 5046 2384 5099 Λευῖ.
2421 5045 2694 5113 Ἐφοϐεῖτο
2720 5047 2905 5101 λοιπὸν
2938 5052 2967 5103 6
3019 5050 3240 5113 Ἰακὼϐ,
3290 5052 3390 5124 μὴ’
3411 5055 3814 5111 συνεπιθῶνται

2234 5132 2383 5204 αὐτῷ
2403 5134 2451 5185 οἱ
2475 5133 2700 5205 πλησίον
2717 5136 3007 5190 Χαναναῖοι
3028 5153 3041 5167 ·
3063 5138 3157 5191 καὶ
3179 5137 3276 5192 τοῦ
3292 5139 3426 5192 Θεοῦ
3452 5141 3813 5206 κελεύσαντος

2236 5223 2470 5293 ἀνῆλθεν
2496 5224 2575 5287 είς
2609 5224 2829 5297 Βαιθήλ.
2858 5226 2967 5279 Καὶ
2999 5227 3268 5281 ἀπέθανεν
3298 5230 3332 5299 ή
3362 5230 3561 5299 cpe-196;
3593 5230 3815 5285 Ῥεϐέκ-

2236 5329 2358 5374 κας.
2389 5312 2475 5375 Ὠς
2497 5312 2554 5365 δέ
2581 5313 2880 5385 ηὐλόγησεν
2905 5315 3052 5385 αὐτῷ
3072 5318 3100 5368 6
3120 5316 3498 5387 Θεὸς,ἀπάρας
3528 5319 3593 5371 ἐκ
3612 5320 3814 5389 Βαιθὴλ

2236 5398 2552 5469 κατῴκησεν
2578 5400 2831 5455 ἐπέκεινα
2854 5403 3059 5473 πύργου
3086 5404 3275 5476 Γαδέρ.
3292 5405 3425 5457 Τότε
3452 5404 3814 5476 ἐδυστόκησεν

2236 5488 2271 5558 ἡ
2294 5487 2515 5560 Ῥαχὴλ,
2535 5489 2628 5543 καὶ
2647 5489 2906 5558 ἀπέθανε,
2926 5493 3019 5546 καὶ
3046 5493 3218 5564 ἐτάφη
3239 5495 3297 5546 ἐν
3314 5495 3379 5563 τῇ
3403 5494 3509 5564 ὁδῷ
3535 5496 3782 5565 Ἐφραθᾶ
3796 5512 3810 5526 ·

2301 5669 2325 5735 f
2356 5666 2577 5735 lnjgxtu
2594 5665 2784 5735 Biblicp
2806 5665 3154 5735 legimnsanfv
3183 5667 3427 5735 διάλευκον
3452 5672 3534 5718 καὶ
3566 5672 3737 5735 ραντὸν
3770 5670 3816 5717 ἐν

2234 5728 2337 5783 ταῖς
2378 5729 2514 5797 αἰξίν.
2547 5729 2645 5797 Seu
2688 5730 2772 5788 qui
2804 5730 3094 5797 compendio
3120 5732 3353 5791 loquitur,
3388 5744 3486 5780 non
3522 5728 3690 5782 oinnia
3720 5732 3815 5796 iam

2238 5796 2462 5840 accurate
2486 5795 2765 5853 exprimere
2787 5795 2934 5841 valet.
