4102 6322
331 321 434 388 3g;
1424 321 1700 370 SYNUPSI

328 444 444 499 rilis
471 445 633 505 esset,
661 435 978 492 obsecrabat
996 431 1143 487 Isaae
1161 431 1325 486 Deum
1355 437 1416 484 ut
1435 429 1526 483 illa
1555 427 1859 489 conciperet
1887 443 1902 479 :

327 540 488 602 atque
512 537 572 584 ut
598 528 824 598 gestavit
853 538 1085 586 uterum,
1110 522 1242 578 dixit
1267 521 1342 575 illi
1366 521 1542 575 Deus:
1574 518 1703 572 Duae
1743 526 1908 590 gentes

328 626 383 677 in
413 634 548 676 utero
570 630 655 674 tuo
683 627 818 682 sunt,
867 616 1178 687 papulasque
1205 613 1445 683 populum
1473 607 1907 683 superabil(Gen.

329 715 423 769 25.
445 712 554 777 3'5)
586 727 600 764 :
631 709 926 780 prmdicens
973 721 1034 761 ea
1065 720 1181 776 qua:
1206 703 1417 758 Iudaeos
1439 709 1492 757 ct
1521 716 1619 756 nos
1649 699 1908 754 Christia-

332 820 432 860 nos
459 802 787 873 spectabant.
810 799 879 854 Ut
894 807 1071 850 autem
1093 795 1238 864 pueri
1257 794 1364 848 nati
1391 801 1515 846 sunt
1534 799 1907 854 etcreveruut,

331 895 494 950 tradit
523 893 808 961 venditque
859 889 1208 958 primogenita
1249 900 1344 940 sua
1391 884 1590 940 Iacobo
1631 883 1772 938 Esau
1815 898 1910 952 pro

333 988 580 1042 coetione
605 982 782 1038 lentis.
806 982 939 1036 Cum
965 980 1120 1034 vellet
1141 979 1285 1034 lsaac
1309 978 1361 1030 in
1386 977 1668 1048 IEgyptum
1691 975 1904 1031 descen-

333 1078 488 1142 dere,
514 1076 637 1146 quia
667 1074 834 1128 fames
876 1069 1216 1140 prmvalehat,
1271 1067 1509 1124 cohibuit
1549 1067 1694 1120 illum
1739 1067 1907 1131 Deus,

335 1169 577 1223 hortatus
607 1174 662 1220 ut
699 1164 806 1218 illic
831 1171 1094 1226 maneret,
1123 1160 1210 1215 ubi
1246 1168 1369 1214 tunc
1393 1167 1526 1222 erat,
1552 1158 1812 1226 pollicitus
1851 1171 1911 1212 se

335 1275 457 1314 cum
482 1261 594 1328 ipso
641 1256 895 1321 futurum,
923 1259 1007 1307 'ae
1037 1250 1438 1307 benedicturum
1483 1263 1667 1304 semen
1711 1247 1904 1317 ipsius,

334 1351 622 1419 ipsumque
635 1345 1121 1415 multiplicaturt‘tm.
1144 1343 1280 1398 Cum
1296 1341 1563 1396 didicisset
1582 1350 1755 1394 autem
1780 1339 1908 1394 Abi-

338 1440 546 1494 melech
576 1454 671 1493 rex
699 1437 1021 1494 Gerarorum
1048 1433 1345 1489 Rebeccam
1370 1448 1585 1486 uxorem
1607 1446 1724 1485 esse
1746 1429 1910 1485 lsaaci

335 1530 359 1600 (
385 1529 752 1599 suspicabatur
780 1527 920 1582 enim
942 1539 1179 1580 sororem
1210 1524 1325 1592 ejus
1352 1520 1528 1592 esse),
1570 1531 1795 1575 inertem
1825 1520 1910 1574 in-

337 1618 475 1672 dixit
500 1619 562 1671 iis
583 1617 669 1688 qui
702 1617 800 1687 ipsi
827 1615 1200 1670 contumeliam
1231 1613 1506 1666 inferrent.
1540 1611 1687 1665 Tunc
1707 1611 1910 1664 semina

333 1708 532 1777 sparsit
551 1707 717 1774 Isaac,
743 1715 798 1761 et
815 1706 1015 1761 centies
1038 1703 1437 1772 multiplicatum
1473 1701 1729 1756 hordeum
1760 1701 1910 1756 inve-

334 1801 435 1853 nit.
463 1799 593 1854 Cum
624 1807 800 1853 autem
844 1813 913 1852 ex
956 1795 1324 1850 benedictione
1359 1793 1453 1847 Dei
1492 1793 1695 1862 magnis
1727 1801 1912 1848 auctus

334 1890 714 1956 essetdivitiis,
754 1888 1056 1944 invidebant
1082 1887 1132 1942 ei
1175 1885 1490 1957 Phylistiim,
1519 1893 1573 1938 et
1601 1883 1910 1939 Abimelech

334 1982 460 2037 inde
484 1997 604 2038 eum
623 1982 844 2052 expulit.
870 1980 964 2035 Ille
979 1994 1105 2033 vero
1125 1993 1227 2032 non
1250 1977 1471 2040 obstitit,
1491 1977 1580 2030 sed
1604 1976 1841 2043 recessit,
1859 1985 1914 2031 et

272 2084 283 2105 ³
334 2084 528 2144 puteos
549 2074 695 2141 fodit,
717 2088 816 2142 pro
836 2073 1025 2142 quibus
1045 2071 1168 2125 lites
1197 2071 1409 2124 fuerunt
1430 2069 1526 2138 (a).
1547 2069 1636 2124 llle
1659 2084 1786 2123 vero
1806 2083 1910 2124 non

336 2167 480 2222 ultus
507 2183 620 2233 eos,
650 2167 783 2220 alios
811 2165 940 2220 fodit
970 2174 1174 2236 puteos,
1199 2163 1370 2218 donec
1399 2162 1473 2216 illi
1503 2162 1799 2216 molestiam
1826 2161 1903 2216 in-

337 2257 478 2313 ferre
505 2259 790 2312 desierunt.
813 2256 882 2311 Et
904 2255 1172 2311 benedixit
1198 2255 1347 2309 illum
1377 2255 1534 2310 Deus.
1560 2253 1706 2309 Isaac
1734 2264 1909 2310 autem

335 2365 396 2404 se
421 2350 702 2404 adeuntem
722 2352 760 2402 Α
772 2348 1117 2404 bimelecbnm
1137 2347 1360 2416 benigne
1389 2347 1622 2416 suscepit
1644 2347 1914 2402 coavivio-

337 2458 442 2512 que
471 2443 703 2512 excepit,
742 2441 1050 2511 injuriarum
1096 2440 1394 2494 immemor.
1428 2439 1582 2492 Duxit
1607 2439 1746 2492 Esau
1769 2437 1909 2492 Cha-

337 2549 550 2589 nanaeas
577 2534 844 2596 mulieres,
863 2547 981 2602 quae
1010 2531 1279 2602 litigabant
1296 2546 1415 2585 cum
1435 2529 1695 2584 Rebecca.
1721 2529 1909 2584 Senuit

339 2626 546 2680 lsaacus
571 2633 626 2678 et
648 2623 1010 2692 ealigaveruut
1037 2622 1174 2676 oculi
1204 2623 1318 2690 ejus
1343 2663 1357 2686 ,
1388 2622 1740 2691 prmcepitque
1770 2622 1910 2676 Esau

337 2715 442 2768 filio
467 2728 584 2780 suo,
609 2722 665 2768 ut
685 2722 971 2768 venaretur
995 2719 1050 2767 et
1071 2722 1280 2782 pararet
1299 2712 1400 2765 sibi
1419 2712 1637 2776 cibaria,
1663 2723 1718 2766 ut
1744 2712 1908 2768 bene-

334 2806 535 2861 diceret
560 2819 702 2860 eum.
735 2804 900 2860 Iacob
918 2813 1114 2870 autem,
1133 2804 1199 2860 de
1219 2805 1402 2860 matris
1421 2805 1642 2861 consilio
1657 2815 1902 2877 etapera,

335 2898 476 2951 Esau
497 2895 709 2951 fratrem
735 2897 1028 2966 praevenit:
1054 2911 1174 2951 nam
1195 2895 1359 2952 coctis
1379 2896 1466 2951 illa
1489 2895 1656 2952 bmdis
1677 2898 1904 2965 duobus,

335 2997 391 3044 et
414 2986 638 3059 pellibus
670 3004 856 3044 eorum
883 2987 992 3044 filio
1017 2990 1422 3059 circumpositis,
1450 2991 1614 3046 utfilii
1642 2993 1908 3048 levitatem

337 3083 866 3153 obtegeret,cibaria
915 3082 1014 3153 ipsi
1065 3083 1310 3150 tradidit,
1357 3093 1410 3138 et
1437 3085 1614 3138 emisit
1647 3100 1790 3140 eum.
1817 3085 1909 3141 llle

336 3190 466 3229 vero
496 3175 761 3244 ingressus
785 3174 1186 3229 benedictiones
1211 3174 1430 3244 accepit.
1467 3175 1567 3229 Ubi
1599 3185 1774 3230 autem
1814 3191 1909 3231 ac-

332 3266 496 3320 cessit
527 3264 701 3330 Esat‘t,
730 3274 784 3320 et
821 3265 960 3334 quod
987 3274 1196 3334 gestum
1228 3275 1338 3319 erat
1362 3265 1614 3330 edidicit,
1647 3266 1906 3322 lamenta-

332 3356 512 3422 batnr,
539 3354 769 3425 lugebat,
799 3357 1109 3428 petebatque
1139 3367 1190 3411 et
1219 3356 1330 3426 ipse
1357 3357 1779 3412 benedictionem
1807 3358 1906 3413 sibi

331 3447 448 3502 dari
478 3465 492 3500 :
515 3457 568 3500 et
585 3448 988 3516 perseverantia
1008 3462 1102 3502 sua
1128 3448 1324 3517 aliquid
1342 3449 1548 3512 effecit;
1579 3449 1710 3502 nihil
1731 3458 1906 3503 tamen

331 3546 562 3600 tantum,
596 3544 847 3606 quantum
873 3539 1120 3608 sperabat
1147 3555 1161 3592 :
1190 3539 1492 3607 impetravit
1518 3548 1714 3594 tamen.
1740 3540 1906 3594 Parva

335 3631 514 3700 itaque
542 3629 662 3683 loco
690 3627 901 3698 majoris
925 3630 1293 3686 benedictione
1316 3631 1563 3698 donatus,
1587 3631 1910 3688 irascebatur

332 3730 521 3774 contra
544 3719 778 3784 fratrem,
807 3719 1012 3789 injuria:
1037 3735 1260 3788 memor,
1283 3721 1726 3792 exspectabatque
1746 3724 1909 3793 patris

337 3821 588 3878 mortem,
621 3819 678 3866 ut
707 3820 830 3867 tunc
856 3813 974 3868 sine
997 3822 1138 3868 metu
1166 3815 1380 3870 insidias
1406 3815 1504 3884 ipsi
1525 3824 1752 3885 pararet.
1785 3816 1910 3871 lltec

331 3903 535 3959 Iacobo
560 3904 755 3960 indicat
773 3914 962 3969 mater,
986 3905 1331 3976 hortaturque
1349 3916 1408 3962 ut
1430 3907 1548 3978 fuga
1571 3909 1791 3963 salutem
1810 3909 1908 3963 sibi

331 4005 520 4063 paret:
549 4010 775 4064 eumque
804 3996 1024 4052 dixisset
1052 3997 1230 4052 lsaaco
1264 4014 1369 4052 non
1409 3999 1618 4054 vitalem
1663 3999 1760 4053 sibi
1797 3999 1910 4056 fore

332 4089 517 4155 vitam,
550 4087 593 4143 si
624 4088 788 4143 Iacob
813 4090 973 4143 etiam
1003 4105 1068 4145 ex
1093 4090 1408 4145 Chananaais
1427 4107 1642 4147 uxorem
1669 4092 1907 4158 duceret,

335 4179 462 4234 illud
488 4179 651 4235 efficit
678 4190 739 4234 ut
760 4180 906 4237 Isaac
919 4182 1170 4237 Iacobum
1205 4184 1374 4238 mittat
1399 4185 1451 4238 in
1478 4184 1910 4254 Mesopotamiam

333 4270 398 4324 ad
426 4270 640 4325 fratrem
696 4273 859 4341 ipsius
907 4273 1202 4340 Labanum,
1231 4284 1289 4330 ut
1317 4291 1382 4330 ex
1412 4276 1617 4330 filiabus
1641 4276 1754 4346 ejus
1781 4293 1912 4330 uxo-

332 4379 446 4418 rem
469 4364 647 4419 ducat.
678 4365 803 4420 Post
841 4365 1022 4420 Jacobi
1055 4367 1346 4436 profectum
1397 4369 1546 4422 duxit
1578 4369 1718 4423 Esaii
1751 4369 1911 4422 filiam

335 4456 572 4510 lsmaelis
593 4457 688 4512 sibi
714 4472 952 4512 uxorem.
984 4460 1172 4514 lsmael
1192 4470 1368 4515 autem
1393 4462 1529 4516 filius
1548 4473 1661 4517 erat
1687 4462 1913 4518 Abrahae

333 4561 400 4599 ex
433 4549 622 4616 Agare.
647 4548 803 4604 Videt
831 4549 1023 4604 scalam
1050 4551 1232 4615 Iacob,
1255 4553 1468 4621 cippum
1494 4555 1665 4621 erigit,
1696 4555 1914 4623 promit-

337 4639 508 4707 titque
533 4654 589 4694 se
614 4640 872 4694 bonorum
900 4658 1112 4697 suorum
1141 4643 1373 4699 decimas
1397 4646 1504 4700 Deo
1551 4647 1818 4712 daturum,
1869 4649 1914 4701 si

335 4729 620 4784 incolumis
649 4741 1020 4788 reverteretur.
1056 4735 1211 4789 Venit
1237 4737 1286 4790 in
1304 4737 1754 4807 Mesopotamiam,
1787 4740 1916 4795 vidit

338 4819 651 4888 Rachelem,
684 4823 849 4891 ipsam
872 4825 1136 4879 osculatus
1156 4835 1274 4890 est;
1304 4844 1514 4883 reversa
1548 4831 1718 4899 puella
1747 4831 1796 4883 id
1827 4847 1915 4884 re-

328 4913 752 4981 nuntiavitpalri
780 4931 876 4969 suo
904 4917 1138 4972 Labano.
1171 4919 1258 4973 Ille
1279 4920 1495 4975 veniens
1525 4924 1737 4992 agnovit
1761 4922 1915 4976 Jaco-

335 5003 485 5067 bum,
519 5004 724 5058 induxit
767 5007 913 5060 illum
954 5008 1193 5063 domum.
1237 5010 1400 5064 Iacob
1441 5014 1655 5067 servivit
1694 5014 1802 5076 illi,
1865 5015 1913 5066 in

331 5093 636 5147 mercedem
667 5096 824 5150 filiam
856 5097 1018 5166 ipsius
1035 5111 1348 5168 accepturus
1371 5122 1381 5154 :
1403 5103 1489 5156 ille
1507 5092 1918 5172 veruinajorent

334 5194 461 5237 natu
483 5184 646 5239 dedit.
682 5185 841 5257 zEgre
881 5191 1067 5243 fcrenti
1101 5191 1298 5246 Iacobo
1320 5194 1389 5246 ob
1420 5193 1699 5258 fallaciam,
1723 5211 1917 5264 propo-

336 5274 415 5325 nit
443 5284 501 5327 ut
534 5289 736 5344 septem
763 5280 893 5332 alios
921 5296 1090 5334 annos
1114 5283 1212 5336 sibi
1259 5284 1472 5348 serviat,
1515 5285 1558 5338 si
1587 5286 1709 5339 velit
1747 5296 1802 5340 et
1831 5287 1918 5354 ju-

333 5364 540 5417 niorent
588 5365 804 5420 dueere.
862 5369 952 5422 Ille
995 5387 1122 5424 vero
1173 5373 1224 5426 id
1278 5390 1487 5442 quoque
1518 5391 1701 5443 passus
1735 5386 1834 5442 est,
1865 5386 1920 5430 et

330 5455 486 5510 duxit
511 5458 672 5511 etiam
699 5458 986 5526 juniorem.
1021 5463 1147 5516 Erat
1173 5473 1346 5518 autem
1371 5467 1538 5535 major
1563 5479 1686 5520 natu
1705 5468 1794 5521 Lia
1823 5471 1921 5537 lip-

332 5547 411 5614 pis
433 5549 636 5612 oculis;
672 5549 853 5617 junior
895 5563 1069 5606 autem
1114 5553 1315 5608 Rachel
1361 5557 1613 5610 formosa.
1672 5559 1763 5611 lla:
1795 5574 1920 5612 vero

330 5637 511 5706 ﬁgura:
537 5648 688 5703 sunt,
721 5655 913 5707 nempe
944 5642 1111 5710 major
1132 5652 1257 5697 natu
1281 5661 1560 5716 synagoga“:
1587 5646 1917 5716 Iudaeorum,

383 5751 458 5812 (a)
494 5757 610 5801 Haec
634 5751 855 5798 pluribus
881 5753 1179 5810 exillieantnr
1203 5764 1345 5808 't'omo
1371 5766 1440 5821 tv,
1472 5759 1565 5810 col.
1593 5761 1682 5811 457

667 5827 944 5888 PATROL.
979 5828 1094 5889 Gn.
1133 5829 1285 5892 LVI.

1424 309 1742 370 SYNOPSIS
1774 309 2176 368 SCRIPTUR/E
2215 310 2485 366 SACRz'E.

3485 310 3592 363 321

2013 425 2190 494 junior
2217 433 2390 479 autem
2419 422 2666 478 Ecclesia:
2687 421 2905 477 Christi.
2937 421 3188 492 Concepit
3214 422 3327 487 Lia,
3351 432 3406 478 et
3435 439 3593 494 pepe-

2015 519 2083 572 rit
2111 517 2316 581 Ruben,
2343 515 2682 587 Symeonem,
2712 514 2838 571 Levi
2867 523 2920 569 et
2945 515 3155 570 Iudam.
3189 510 3384 570 Rachel
3415 527 3590 571 autem

2015 609 2135 680 quia
2161 623 2265 663 non
2301 608 2556 678 pariebat,
2579 607 2669 661 dat
2686 605 2886 660 Iacobo
2913 621 3133 662 uxorem
3156 605 3463 672 secundam,
3491 621 3590 660 an-

2014 701 2186 756 cillam
2219 714 2410 769 nempe
2438 713 2586 752 suam
2625 697 2830 762 Balam,
2879 707 2934 751 et
2979 699 3184 769 peperit
3229 699 3318 752 illa
3378 697 3488 752 Dan
3535 708 3591 752 et

2015 791 2371 861 Nephthalim.
2405 789 2558 844 Dedit
2581 790 2740 844 etiam
2773 787 2863 842 Lia
2890 788 3144 856 Zelpham
3166 789 3410 843 ancillam
3439 802 3590 842 suam

2015 883 2213 938 IaCobo
2243 897 2460 934 uxorein
2495 898 2507 933 :
2535 880 2650 934 hinc
2688 895 2815 934 vero
2839 881 3049 948 peperit
3076 879 3186 934 Gad
3227 891 3280 934 et
3309 883 3460 933 Aser.
3493 881 3591 936 Pc-

2018 977 2151 1042 perit
2172 971 2361 1027 deinde
2387 972 2546 1025 etiam
2572 970 2659 1024 Lia
2676 968 2888 1025 lsachar
2907 981 2958 1023 et
2978 970 3232 1024 Zabulon.
3258 970 3406 1025 Tunc
3430 985 3593 1040 pepe-

2015 1065 2080 1117 rit
2105 1079 2315 1134 quoque
2340 1063 2536 1117 Rachel
2553 1061 2866 1132 Iosephum.
2890 1062 3020 1116 Cum
3047 1073 3220 1117 autem
3248 1064 3405 1118 vellet
3427 1062 3590 1118 Iacob

2014 1157 2208 1212 reverti
2239 1157 2291 1210 in
2315 1165 2509 1210 terram
2548 1170 2720 1221 suam,
2745 1154 2836 1208 dat
2878 1154 2976 1224 ipsi
3030 1155 3331 1210 mercedem
3386 1155 3586 1219 Laban,

2013 1262 2170 1318 quam
2197 1247 2312 1316 ipse
2339 1245 2503 1302 Iacob
2519 1245 2909 1311 determinavit,
2939 1261 3098 1301 omne
3121 1245 3326 1302 fuscum
3343 1247 3393 1302 in
3414 1248 3585 1318 agnis,

2014 1348 2067 1392 et
2095 1352 2253 1392 omne
2277 1338 2455 1392 album
2487 1337 2538 1390 in
2568 1337 2782 1405 capris:
2814 1336 2899 1390 illa
2935 1347 3113 1390 autem
3159 1352 3312 1406 quam
3364 1338 3587 1406 plurima

2014 1429 2323 1484 oriebantur
2347 1445 2360 1481 :
2383 1427 2617 1498 ponebat
2643 1427 2784 1481 enim
2813 1427 2977 1480 Iacob
3000 1429 3174 1497 virgas
3205 1427 3257 1481 in
3283 1427 3588 1494 canalibus;

2015 1531 2069 1575 et
2097 1520 2464 1590 concipiebaut
2494 1535 2640 1584 oves,
2669 1531 2724 1574 et
2743 1520 3021 1590 pariebant
3057 1520 3174 1575 alba
3220 1529 3275 1576 et
3315 1523 3482 1587 varia,
3536 1533 3592 1577 et

2015 1613 2256 1666 cineritio
2299 1613 2479 1666 colore
2522 1626 2727 1681 sparsa.
2775 1610 2907 1664 lllud
2959 1627 3088 1666 vero
3131 1620 3298 1666 tutum
3340 1612 3430 1666 Dei
3478 1625 3593 1668 crat

2015 1719 2168 1774 opus,
2209 1713 2270 1759 ut
2312 1704 2426 1774 ipse
2453 1703 2616 1759 Iacob
2642 1705 2734 1757 ait.
2783 1703 3092 1759 lnvidehant
3117 1704 3166 1758 ei
3189 1705 3278 1758 11111
3305 1704 3506 1768 Laban,
3537 1717 3594 1761 et

2017 1797 2105 1851 ille
2133 1797 2268 1850 clam
2296 1797 2525 1866 acceptis
2555 1796 2806 1850 uxoribus
2841 1795 2950 1850 suis
2971 1810 3090 1850 cum
3113 1793 3450 1851 facultatibus
3470 1797 3592 1851 abs-

2015 1889 2196 1944 cessit.
2225 1888 2404 1943 Laban
2431 1903 2560 1944 vero
2589 1888 2903 1959 insequutus
2921 1903 3043 1944 eum
3065 1898 3166 1951 est,
3194 1903 3257 1944 ac
3284 1891 3590 1960 priusquam

2015 1995 2136 2036 cum
2156 1980 2249 2035 illo
2273 1979 2708 2050 congrederetur,
2738 1978 3112 2035 interminatus
3139 1989 3222 2034 est
3247 1980 3319 2034 illi
3360 1981 3518 2046 Deus,
3545 1981 3593 2036 si

2016 2089 2203 2144 aspere
2221 2073 2472 2129 Iacobum
2488 2074 2806 2128 adoriretur.
2831 2071 2922 2128 llle
2939 2087 3064 2127 vero
3087 2082 3142 2126 ut
3161 2071 3397 2140 advenit,
3423 2074 3594 2142 primo

2016 2165 2310 2231 incusabat,
2343 2175 2394 2219 et
2417 2179 2632 2218 causam
2660 2161 2952 2232 quaerebat,
2980 2175 3076 2215 cur
3099 2161 3272 2215 furtim
3303 2163 3593 2216 abscessis-

2017 2266 2117 2312 set.
2150 2257 2216 2313 Ut
2234 2267 2412 2312 aulem
2436 2255 2600 2312 Iacob
2616 2253 2910 2324 respondit,
2927 2269 2986 2308 se
3002 2254 3053 2307 id
3073 2253 3190 2309 ideo
3219 2253 3427 2321 fecisse,
3450 2257 3591 2326 quod

2014 2349 2114 2403 sibi
2144 2348 2488 2412 inviderctur,
2531 2355 2586 2402 et
2624 2347 2849 2400 veritum
2878 2361 2946 2401 ne
2987 2345 3122 2401 filias
3161 2362 3282 2401 suas
3319 2349 3589 2412 retineret,

2014 2441 2144 2494 deos
2171 2455 2296 2494 suos
2339 2439 2608 2508 repetebat
2637 2437 2838 2504 Laban,
2872 2450 3006 2507 quos
3034 2436 3202 2490 furata
3229 2446 3346 2491 erat
3371 2437 3591 2494 Rachel.

2014 2535 2144 2588 Cum
2163 2543 2336 2586 autem
2357 2548 2463 2586 non
2478 2530 2788 2598 invenisset,
2809 2530 3327 2584 instatvebementer
3339 2528 3504 2585 Iacob
3524 2531 3593 2584 iu-

2013 2637 2224 2677 cusans.
2249 2623 2494 2688 Demum,
2527 2629 2808 2691 postquam
2823 2619 3169 2675 comederaut
3182 2631 3234 2674 et
3259 2620 3520 2684 biberant,
3539 2621 3590 2676 in

2015 2716 2152 2768 viam
2180 2717 2404 2785 quisque
2443 2729 2592 2768 suam
2625 2720 2992 2774 recesserunt,
3023 2713 3282 2766 tumulum
3310 2711 3422 2766 illic
3443 2712 3584 2782 lapi-

2013 2806 2139 2859 dum
2185 2815 2480 2860 statuentes
2506 2846 2519 2867 ,
2563 2820 2719 2872 quem
2759 2804 2948 2858 collem
2995 2803 3280 2856 testimonii
3303 2813 3586 2856 vocarunt.

2015 2898 2164 2953 'l‘uuc
2193 2913 2474 2953 occurrere
2503 2897 2703 2952 Iacobo
2732 2896 2904 2965 angeli
2936 2895 3046 2949 Dei.
3088 2894 3247 2949 Mittit
3271 2911 3400 2949 vero
3426 2895 3590 2950 Iacob

2013 2992 2078 3045 ad
2119 2992 2296 3059 Esau,
2329 2991 2417 3061 qui
2441 2990 2819 3044 annuutiarent
2843 2987 3125 3042 adventum
3161 3002 3334 3042 suum.
3372 2987 3436 3043 Ut
3464 3003 3591 3045 vero

2012 3084 2288 3139 redierunt
2311 3082 2349 3137 ii
2373 3083 2460 3154 qui
2501 3082 2646 3137 missi
2668 3081 2896 3148 fuerant,
2927 3089 2980 3133 et
3009 3079 3382 3133 nuntiaverunt
3407 3080 3590 3134 venire

2013 3175 2157 3229 Esau
2178 3189 2299 3228 cum
2327 3172 2727 3244 quadringentis
2759 3172 2905 3237 viris,
2931 3170 3211 3225 formidine
3231 3179 3417 3239 captus
3441 3182 3590 3240 rogat

2012 3267 2179 3322 Deum
2200 3308 2214 3331 ,
2249 3274 2304 3320 ut
2333 3281 2389 3320 se
2413 3266 2480 3321 ab
2510 3264 2806 3319 imminenti
2830 3263 3064 3334 periculo
3088 3263 3294 3328 liberet,
3326 3264 3591 3332 mittitque

2011 3360 2151 3415 dona
2197 3359 2336 3413 Esau
2383 3358 2554 3411 fratri.
2586 3357 2656 3412 Ut
2685 3365 2862 3411 autem
2907 3356 3178 3426 ingressus
3219 3364 3304 3409 est
3329 3354 3494 3410 Jacob
3535 3355 3589 3409 in

2011 3460 2301 3506 torrentem
2327 3491 2342 3517 ,
2381 3447 2908 3518 benedictionemque
2935 3448 3180 3516 accepit,
3215 3461 3280 3501 ac
3322 3455 3586 3502 mutatum

2015 3544 2110 3596 fuit
2135 3557 2329 3596 nomen
2355 3540 2492 3609 ejus,
2521 3538 2660 3593 videt
2687 3539 2827 3592 Esau
2853 3537 3171 3600 venientem,
3195 3551 3258 3592 ac
3283 3537 3451 3591 divisa
3477 3548 3588 3592 tur—

2012 3650 2096 3688 ma
2118 3649 2234 3699 sua,
2256 3633 2475 3688 ancillas
2496 3648 2614 3686 cum
2639 3630 2759 3685 filiis
2777 3630 2886 3684 suis
2908 3630 3102 3698 primas
3128 3630 3418 3696 constituit,
3443 3629 3590 3684 Liam

2013 3728 2298 3782 secundam
2321 3743 2440 3782 cum
2466 3727 2602 3792 filiis,
2637 3737 2690 3780 et
2710 3725 2995 3780 Rachelem
3017 3738 3136 3778 eum
3160 3723 3358 3793 Ioseph
3389 3731 3593 3792 postre-

2015 3835 2154 3872 mam
2203 3817 2386 3872 venire
2426 3817 2623 3887 jussit:
2653 3815 2768 3887 ipse
2787 3830 2920 3872 vero
2949 3817 3150 3886 primus
3190 3815 3485 3870 incedebat.
3520 3814 3591 3871 Ut

2015 3918 2191 3963 autem
2213 3908 2420 3979 placide
2448 3908 2577 3962 vidit
2606 3906 2753 3960 illum
2784 3906 2924 3960 Esau
2949 3946 2964 3972 ,
2993 3915 3046 3962 et
3073 3906 3210 3960 dona
3236 3905 3303 3959 ab
3333 3905 3423 3959 illo
3443 3921 3592 3961 acce-

2018 3999 2126 4066 pit,
2157 3999 2376 4068 rogabat
2404 4014 2462 4052 se
2491 4002 2588 4052 vite
2617 3997 2864 4051 comitem
2893 3997 3156 4066 acciperet
3185 4015 3199 4050 :
3228 3995 3393 4051 Iacob
3413 4004 3590 4051 autem

2015 4091 2210 4144 renuit.
2241 4087 2494 4146 Confecto
2539 4091 2727 4145 itinere
2765 4100 3003 4144 moratus
3044 4099 3125 4143 est
3153 4091 3206 4144 iu
3245 4089 3420 4145 Salem
3459 4090 3591 4144 Sici-

2017 4198 2224 4236 morum
2252 4184 2399 4249 urbe,
2433 4182 2522 4236 ubi
2548 4182 2774 4253 Sychem
2804 4181 2941 4235 filius
2971 4181 3185 4235 Emmor
3207 4182 3346 4252 regis
3365 4223 3381 4248 ,
3410 4197 3592 4235 amore

2019 4275 2163 4329 Dina:
2190 4275 2311 4330 filia:
2343 4275 2523 4330 Jacobi
2547 4285 2732 4344 captus
2760 4282 2872 4339 est,
2909 4274 3101 4343 illaque
3126 4273 3326 4340 vitiata,
3367 4272 3591 4343 rogabat

2019 4368 2160 4420 illam
2191 4367 2387 4421 ducere
2432 4383 2653 4421 uxorem
2682 4366 2782 4420 sibi
2823 4365 3026 4420 liceret.
3054 4365 3462 4435 Responderunt
3488 4365 3593 4436 Sy-

2018 4472 2172 4512 meon
2201 4468 2253 4512 et
2281 4457 2445 4525 Levi,
2478 4472 2536 4512 se
2565 4457 2790 4514 libenter
2817 4457 3034 4512 daturos
3054 4498 3069 4523 ,
3113 4458 3157 4512 si
3184 4458 3283 4526 ipsi
3312 4459 3593 4512 circumci-

2017 4549 2270 4604 dereutur
2289 4565 2413 4604 cum
2438 4549 2634 4620 populo
2651 4564 2768 4604 suo.
2791 4548 2860 4604 Ut
2888 4563 3014 4604 vero
3037 4562 3096 4603 se
3125 4549 3591 4614 circmnciderunt,

2018 4657 2141 4695 cum
2173 4640 2346 4694 adhuc
2387 4641 2438 4693 in
2469 4640 2655 4695 dolore
2702 4648 3079 4704 versarentur,
3126 4638 3246 4694 illos
3285 4639 3596 4694 interfecere

2018 4734 2246 4804 Symeon
2287 4741 2340 4787 et
2381 4733 2525 4787 Levi.
2568 4733 2832 4787 Metuehat
2866 4733 3118 4802 deinceps
3158 4731 3322 4787 Iacob
3349 4749 3417 4788 ne
3446 4735 3497 4786 in
3538 4749 3598 4787 se

2021 4825 2283 4879 irruerent
2312 4825 2468 4879 vicini
2493 4823 2776 4879 Chananaei
2808 4843 2821 4878 :
2862 4824 3074 4894 Deoque
3098 4825 3318 4894 jubente
3360 4827 3598 4880 ascendit

2021 4916 2072 4969 in
2104 4917 2324 4969 Bar'tbel.
2358 4916 2666 4984 Mortuaque
2695 4927 2776 4969 est
2799 4917 2975 4970 nutrix
3019 4917 3291 4971 Rebeccar.
3321 4917 3390 4971 Ut
3421 4930 3597 4970 autem

2023 5008 2288 5061 benedixit
2315 5007 2512 5061 Iacobo
2537 5007 2692 5070 Deus,
2722 5007 2988 5076 profectus
3013 5022 3077 5061 ex
3107 5007 3306 5060 Bmtbel
3337 5005 3592 5057 habitavit

2025 5101 2154 5152 ultra
2184 5101 2367 5153 turrim
2389 5100 2579 5154 Gader.
2611 5100 2758 5154 Tunc
2781 5101 3059 5156 infeliciter
3082 5100 3286 5168 peperit
3311 5097 3506 5151 Rachel
3539 5105 3595 5150 et

2024 5205 2226 5247 mortua
2255 5205 2375 5257 est,
2409 5195 2720 5263 sepultaque
2766 5204 2847 5248 est
2877 5193 2928 5246 in
2967 5193 3047 5246 via
3075 5191 3300 5260 Ephrata
3335 5206 3347 5244 :
3381 5189 3493 5242 lucc
3522 5198 3604 5243 est

2025 5284 2352 5337 Bethlehcm.
2377 5284 2472 5352 Qui
2499 5295 2654 5338 natus
2671 5295 2846 5338 autem
2872 5295 2972 5348 est,
2999 5282 3271 5351 Benjamin
3294 5289 3427 5334 erat.
3454 5280 3603 5333 Tunc

2025 5374 2277 5427 dormivit
2314 5375 2495 5428 Ruben
2525 5391 2643 5428 cmn
2676 5374 2820 5428 Balla
2852 5373 3143 5428 concubina
3178 5372 3340 5439 patris
3380 5371 3480 5424 sui.
3509 5370 3605 5423 lllo

2029 5475 2268 5532 tempore
2298 5476 2536 5518 mortuus
2563 5477 2644 5518 est
2678 5466 2862 5527 isaac;
2893 5474 2946 5518 et
2966 5462 3297 5531 sepelierunt
3318 5476 3438 5514 eum
3470 5461 3608 5514 Esai't

2028 5567 2079 5610 et
2093 5557 2274 5610 Iacob.
2291 5556 2606 5626 Genealogia
2629 5557 2836 5610 ducitur
2855 5550 3118 5622 progeniei
3137 5551 3300 5617 Esau,
3319 5552 3454 5603 inter
3472 5565 3605 5618 quos

2027 5647 2128 5702 Iob
2154 5649 2420 5716 reperitur
2441 5650 2517 5717 (a)
2543 5689 2556 5714 ,
2589 5648 2679 5716 qui
2710 5645 2878 5700 Iobab
2898 5644 2982 5696 hic
3008 5651 3246 5695 vocatur.
3270 5640 3501 5708 Iosepbo
3532 5643 3605 5693 in-

2094 5761 2164 5822 (a)
2199 5760 2298 5809 Jobi
2324 5760 2562 5820 originem
2585 5759 2645 5807 ab
2669 5755 2786 5806 Esai;
2829 5753 3025 5803 deducit
3061 5751 3425 5808 Cbrvsostomus
3460 5751 3537 5801 hic
3559 5755 3608 5800 et

3193 5833 3271 5892 20
