4102 6322
517 350 622 406 395

516 462 697 516 vident
740 460 925 513 fratres
970 458 1297 512 somniorum
1344 469 1501 509 causa
1527 496 1540 519 ,
1591 463 1645 506 ct
1675 451 1813 520 quod
1851 451 2018 519 magis
2070 465 2099 501 a

518 561 668 621 patre
705 551 1030 619 diligeretur.
1068 549 1327 616 lllumquc
1366 547 1536 597 solum
1566 543 1705 596 nacti
1731 540 1974 595 occidere
2010 555 2103 594 vo-

516 642 695 696 lebant
722 658 736 695 :
760 640 1045 695 consulens
1070 649 1245 693 autem
1278 637 1467 690 Ruben
1487 677 1502 702 ,
1536 643 1593 688 ut
1631 634 1682 687 in
1713 632 1886 686 lacum
1917 630 2103 699 injice-

517 743 704 797 retur,
737 733 947 787 volebat
990 732 1139 786 illum
1186 731 1371 784 saltem
1415 744 1444 781 a
1485 736 1657 781 morte
1698 724 1927 794 eripere.
1965 723 2097 776 Cum

515 824 842 893 injecisseut,
867 822 1216 878 vendiderunt
1237 820 1448 873 demum
1474 816 1793 882 Madianitis,
1817 813 1948 868 Juda
1978 829 2104 868 con-

513 918 742 972 sulente.
771 915 1025 970 Tunicam
1052 922 1226 967 autem
1250 910 1365 980 ejus
1392 909 1646 978 sanguine
1673 908 1887 961 tinctam
1918 914 2102 958 osten-

514 1008 707 1064 derunt
735 1009 889 1078 patri.
925 1005 1017 1061 llle
1040 1018 1169 1059 vero
1191 1012 1380 1073 putans
1410 1001 1554 1055 illum
1576 1014 1606 1052 a
1630 1001 1739 1052 fera
1767 997 2099 1058 devoratum,

515 1102 748 1170 graviter
773 1098 1007 1169 lugebat.
1043 1094 1193 1151 Judze
1220 1101 1397 1148 autem
1432 1092 1539 1145 nati
1568 1098 1722 1154 sunt,
1758 1089 1849 1151 Er,
1879 1090 2062 1142 Aunan
2084 1129 2099 1153 ,

513 1204 568 1248 et
596 1194 780 1249 Selon.
808 1192 1015 1245 Mortuo
1040 1200 1216 1243 autem
1244 1188 1316 1241 Er
1335 1227 1351 1252 ,
1393 1198 1613 1239 uxorem
1641 1181 1759 1251 ejus
1784 1181 2103 1236 Thamarem

513 1283 664 1338 duxit
687 1283 852 1338 frater
879 1281 995 1351 ejus
1027 1282 1216 1334 Aunan
1247 1296 1260 1332 :
1288 1278 1376 1347 qui
1401 1275 1614 1331 nolebat
1633 1289 1813 1329 semen
1843 1273 2103 1327 suscitare

513 1374 667 1428 fratri
695 1388 813 1428 suo.
838 1371 910 1426 Ut
928 1385 1055 1425 vero
1077 1370 1161 1425 hic
1186 1382 1396 1438 quoque
1419 1376 1660 1420 mortuus
1686 1373 1767 1418 est
1793 1406 1808 1427 ,
1834 1377 1939 1416 non
1969 1362 2103 1414 ultra

518 1467 733 1521 volebat
768 1464 933 1520 Judas
974 1463 1156 1518 Scloni
1199 1462 1354 1516 tertio
1383 1461 1491 1514 filio
1532 1458 1848 1512 Thamarem
1886 1470 2101 1509 uxorem

522 1558 666 1616 dare,
736 1556 971 1611 Thamar
1000 1570 1127 1609 vero
1164 1562 1349 1608 ornata
1382 1561 1447 1604 ut
1482 1550 1733 1604 meretrix
1773 1562 1927 1602 secus
1967 1548 2102 1599 viam

514 1651 672 1704 sedit.
696 1649 840 1703 lllam
862 1657 1036 1704 autem
1061 1662 1189 1703 vere
1206 1647 1536 1700 meretricem
1560 1652 1747 1712 putans
1761 1640 1785 1696 .l
1794 1640 1923 1694 udas
1947 1640 1965 1708 (
1982 1654 2103 1693 nam

515 1742 717 1796 vultum
744 1742 1019 1811 obtcgerat
1042 1742 1061 1811 )
1084 1782 1100 1807 ,
1134 1741 1403 1809 ingressus
1429 1746 1512 1793 est
1536 1737 1599 1790 ad
1632 1751 1746 1789 eam
1772 1777 1788 1802 ,
1812 1736 2104 1804 pignusque

516 1836 663 1888 dedit
704 1835 820 1902 illi,
855 1844 1097 1905 torquem
1138 1842 1192 1887 et
1222 1832 1474 1885 annulum
1518 1840 1570 1887 ct
1600 1831 1824 1899 virgam.
1864 1829 1934 1884 Ut
1973 1843 2102 1883 vero

520 1926 881 1981 renuntiatum
922 1934 1101 1994 postea
1147 1932 1229 1979 est
1270 1923 1586 1977 Thamarcm
1627 1932 1833 1975 uterum
1866 1930 2103 1991 gestare,

522 2017 679 2086 jussit
714 2032 866 2072 socer
894 2016 1009 2085 ejus
1048 2014 1211 2070 Judas
1240 2029 1361 2069 eam
1395 2013 1657 2068 comburi.
1688 2012 1776 2066 Illa
1802 2028 1930 2067 vero
1960 2012 2107 2067 misit

519 2110 722 2175 dicens,
758 2124 822 2165 ex
846 2110 939 2163 illo
961 2110 1075 2163 viro
1098 2123 1156 2163 se
1176 2108 1505 2177 concepisse,
1528 2108 1677 2177 cujus
1696 2116 1835 2162 esset
1855 2106 2101 2161 annulus.

526 2203 674 2256 Tunc
701 2203 775 2255 ait
803 2200 965 2255 Judas
992 2244 1007 2267 ,
1040 2199 1238 2254 Justior
1268 2211 1339 2253 est
1370 2198 1593 2252 Thamar
1621 2216 1771 2269 quam
1811 2215 1900 2269 ego
1927 2198 1946 2269 (
1975 2196 2102 2252 Gen.

520 2295 611 2349 38.
639 2292 770 2365 96).
799 2292 930 2347 Cum
956 2302 1130 2346 autem
1159 2292 1355 2361 peperit
1381 2333 1393 2354 ,
1418 2292 1592 2344 emisit
1622 2306 1833 2344 manum
1865 2290 2019 2354 Zara,
2051 2298 2107 2345 et

522 2397 703 2456 postea
725 2388 967 2453 retraxit,
994 2395 1047 2439 et
1071 2399 1315 2455 egressus
1337 2393 1415 2437 est
1432 2384 1649 2448 Phares,
1674 2392 1727 2437 et
1750 2392 1929 2452 postea
1950 2382 2103 2436 Zara.

523 2479 649 2532 llzcc
676 2492 832 2546 porro
875 2476 951 2529 sic
996 2475 1282 2545 allegorice
1324 2475 1672 2543 explicantur.
1706 2474 1972 2538 Protulit,
2026 2474 2106 2526 in-

531 2568 741 2637 quiunt,
780 2568 983 2639 primus
1011 2566 1237 2637 p0pulus
1260 2606 1276 2631 ,
1304 2580 1495 2635 nempe
1516 2566 1641 2633 justi
1672 2565 1760 2635 qui
1787 2574 1909 2620 ante
1935 2566 2106 2635 legem

521 2660 753 2725 fuerunt,
785 2675 1000 2713 manum
1021 2700 1034 2722 ,
1064 2658 1115 2712 id
1144 2667 1225 2712 est
1254 2658 1414 2710 vitam
1449 2658 1639 2712 virtute
1663 2668 1905 2712 ornatam
1927 2669 1981 2714 et
2007 2674 2107 2711 au-

520 2754 766 2822 gclicam.
803 2752 1001 2807 Deinde
1037 2753 1089 2805 in
1128 2751 1358 2805 medium
1409 2750 1621 2805 indueta
1650 2761 1733 2807 est
1771 2752 1891 2817 lex;
1923 2763 2105 2822 postea

521 2859 652 2899 vero
682 2853 925 2898 revocata
956 2859 1164 2898 rursum
1195 2852 1278 2897 est
1304 2843 1387 2896 illa
1417 2842 1567 2912 prior
1595 2844 1698 2897 vita
1724 2884 1737 2911 ,
1772 2859 1866 2912 per
1905 2844 2105 2899 Christi

528 2934 829 2988 institutum
856 2934 921 2987 ad
951 2933 1317 3002 perfectiorem
1344 2942 1539 2987 statum
1568 2944 1816 3003 provecta
1847 2934 1941 3005 (a).
1967 2936 2109 2990 Emit

522 3024 813 3094 Joscphum
841 3026 1089 3095 princeps
1114 3040 1402 3095 coquorum
1425 3024 1716 3080 Pharaonis
1737 3026 2064 3095 Peutephres
2089 3046 2102 3081 :

524 3119 731 3189 ipsique
770 3119 1038 3174 conunisit
1075 3135 1256 3172 curam
1287 3118 1524 3172 omnium
1569 3135 1687 3189 qua}
1718 3118 1770 3173 in
1818 3118 1981 3173 domo
2011 3134 2104 3173 saa

526 3221 700 3266 erant.
730 3212 845 3267 Non
878 3213 1039 3267 cessit
1083 3213 1170 3266 ille
1197 3213 1340 3267 hera:
1380 3212 1444 3266 ad
1487 3211 1811 3282 peccandum
1854 3212 2105 3266 hortanti.

524 3305 798 3358 Calumnia
835 3304 1105 3374 impetitus
1130 3312 1243 3369 est,
1275 3304 1547 3373 conjectus
1580 3304 1634 3359 in
1659 3319 1929 3359 carcerem
1966 3304 2063 3357 fuit
2090 3322 2104 3358 :

522 3396 684 3449 etiam
707 3395 813 3448 illic
830 3394 1118 3449 dominium
1140 3395 1409 3449 obtinebat
1429 3410 1444 3460 ;
1468 3396 1687 3465 principi
1718 3395 2100 3465 pinccrnarum

524 3496 579 3541 et
611 3488 833 3556 principi
867 3488 1121 3557 pistorum
1153 3487 1527 3555 interpretatus
1552 3497 1633 3540 cst
1662 3488 1885 3541 somnia.
1920 3488 2109 3542 Evenit

526 3582 662 3635 sicut
691 3581 804 3650 ipse
834 3581 1041 3635 dixerat
1072 3599 1083 3634 :
1120 3580 1207 3635 ille
1231 3583 1427 3650 quippe
1457 3581 1662 3634 occisus
1684 3622 1698 3643 ,
1728 3579 1813 3634 hic
1841 3582 1892 3636 in
1930 3582 2109 3651 priSti-

523 3687 648 3723 nmn
674 3672 927 3726 honorem
949 3671 1198 3727 reductus
1218 3681 1317 3726 est.
1336 3671 1479 3725 Vidit
1499 3672 1704 3726 Pharao
1724 3672 1926 3726 soumia
1949 3673 2107 3727 boum

523 3772 575 3815 et
602 3764 864 3831 Spicarum
888 3781 901 3827 ;
926 3764 1117 3832 quibus
1137 3762 1533 3831 significabatur
1552 3762 1892 3827 abundantia,
1921 3772 1974 3818 et
1992 3780 2109 3834 quae

524 3856 670 3908 illam
713 3858 1034 3925 subseqnuta
1063 3865 1144 3911 est
1175 3856 1358 3911 fames.
1401 3856 1635 3909 Eductus
1665 3872 1729 3911 ex
1770 3871 1983 3912 carcere
2027 3866 2110 3913 est

527 3946 748 4014 Joseph,
781 3956 839 3999 ut
865 3946 951 3999 illa
981 3947 1457 4015 interpretaretur;
1487 3963 1606 4000 nam
1634 3962 1753 3999 cum
1788 3948 2111 4002 indicaverat

525 4036 773 4105 princeps
798 4036 1189 4104 pinccrnarum.
1215 4036 1594 4105 lnterprctatus
1624 4038 1713 4092 ille
1736 4050 1838 4105 est,
1862 4039 2111 4110 deditque

526 4128 828 4191 consilium,
858 4144 961 4197 quo
992 4127 1114 4183 fami
1138 4130 1429 4184 remedium
1460 4130 1827 4186 adhibebatur.
1852 4132 2112 4190 Statuitur

526 4229 645 4288 post
670 4219 998 4274 Pharaonem
1030 4221 1230 4290 primus
1248 4261 1263 4287 ,
1305 4228 1359 4275 et
1384 4222 1549 4276 multo
1575 4222 1799 4278 collecto
1827 4224 1879 4278 in
1905 4236 2110 4294 septem

527 4313 680 4367 anuis
735 4314 993 4368 ubertatis
1038 4316 1353 4380 frumento;
1400 4316 1613 4385 quando
1656 4316 1828 4373 fames
1876 4320 2105 4383 institit,

529 4404 833 4459 volentibus
873 4405 1155 4461 vendebat.
1191 4405 1461 4461 Venerunt
1491 4408 1651 4461 etiam
1678 4407 1867 4465 fratres
1902 4411 2020 4479 ejus
2044 4411 2111 4466 ad

526 4496 833 4550 emendum.
860 4497 958 4552 Ubi
984 4507 1159 4552 autem
1183 4514 1289 4555 non
1310 4514 1429 4553 cum
1452 4500 1556 4553 illis
1579 4500 1707 4554 vidit
1723 4501 2109 4571 Benjaminum,

530 4600 775 4643 metuens
802 4603 868 4643 ne
892 4590 1037 4643 illum
1063 4606 1271 4661 quoque
1298 4592 1674 4661 perdidissent,
1706 4595 1913 4648 incusat
1937 4610 2030 4649 eos
2057 4604 2113 4648 ut

528 4680 896 4751 exploratores
922 4690 1111 4749 terrm,
1155 4698 1252 4737 nec
1279 4684 1516 4737 criminis
1541 4684 1697 4737 aliam
1741 4686 1851 4739 fore
1886 4687 2108 4740 solutio-

528 4788 651 4829 nem
675 4773 823 4840 dicit,
843 4774 939 4829 nisi
964 4775 1176 4829 fratrem
1197 4776 1460 4844 juniorem
1486 4777 1850 4846 Benjaminum
1874 4780 1925 4831 in
1948 4777 2114 4849 Egy-

530 4879 677 4941 ptum
704 4869 1026 4925 adducentes
1047 4912 1059 4932 ,
1090 4869 1374 4925 ostendere
1400 4881 1635 4941 possent.
1667 4872 1895 4941 Arrepto
1935 4880 2109 4927 autem

528 4972 581 5017 et
610 4964 789 5019 vincto
818 4963 1082 5035 Symcone
1106 5005 1121 5029 ,
1152 4972 1373 5021 caeteros
1401 4965 1639 5031 dimisit,
1680 4973 1735 5019 et
1764 4965 2030 5021 frumento
2055 4975 2110 5020 et

528 5066 749 5127 argento
772 5055 915 5110 dato.
943 5054 1038 5111 Ubi
1061 5064 1238 5110 autem
1260 5056 1505 5111 viderunt
1523 5066 1821 5128 argentum,
1845 5072 1964 5111 cum
1988 5073 2111 5125 ape-

530 5152 697 5205 rirent
726 5165 909 5206 saccos
936 5192 951 5215 ,
994 5148 1063 5204 de
1094 5163 1153 5203 re
1179 5157 1285 5202 tam
1331 5147 1600 5218 inpinata
1641 5149 1836 5205 turbati
1866 5160 2027 5206 sunt.
2059 5160 2114 5204 ct

531 5244 896 5313 Benjaminum
924 5259 951 5296 a
977 5252 1124 5313 patre
1145 5241 1503 5312 postulabant,
1524 5243 1605 5297 cui
1629 5242 1804 5294 omnia
1827 5257 1943 5311 quae
1964 5252 2111 5311 gesta

532 5348 682 5390 erant
702 5342 1035 5390 euarrarunt.
1067 5334 1156 5388 llle
1183 5348 1310 5387 vero
1327 5333 1581 5386 renuebat
1603 5347 1821 5401 puerum
1849 5334 2110 5387 emittere.

532 5423 663 5486 alibi,
687 5436 740 5476 ut
763 5431 811 5476 in
837 5425 1002 5475 ttomil.
1031 5426 1058 5474 7
1078 5426 1142 5473 de
1156 5424 1457 5486 Pcenitentia,
1476 5428 1527 5471 Et
1552 5423 1656 5471 haec
1681 5430 1757 5471 est
1781 5431 2004 5472 veterum
2029 5438 2111 5471 re-

533 5484 902 5551 centiorumque
927 5488 1181 5551 multorum
1205 5487 1385 5548 opinio,
1410 5484 1547 5534 illum
1568 5486 1717 5534 Jobab
1743 5488 1825 5548 qui
1841 5487 1968 5535 inter
1994 5488 2111 5535 Esaii

536 5552 741 5599 nepotes
766 5552 919 5598 fertur
944 5563 1054 5598 esse
1076 5550 1264 5598 Jobum.

766 5562 919 5598 turtur
944 5563 1054 5598 esse
1076 5562 1264 5598 sonum.

598 5562 670 5671 ia)
706 5618 830 5660 Hanc
853 5611 1133 5671 allegoriam
1151 5609 1326 5659 eodem
1351 5622 1545 5671 prorsus
1567 5623 1715 5659 sensu
1734 5607 1943 5672 explicat
1966 5608 2111 5672 Chry-

598 5625 670 5671 ta)
706 5625 830 5660 Hanc
853 5625 1133 5671 allegoriam
1151 5625 1326 5659 eoaem
1351 5625 1545 5671 prorsus
1567 5625 1715 5659 sensu
1734 5625 1794 5658 ex
1822 5625 1943 5658 .ucat
1966 5625 2111 5672 -

535 5678 772 5721 taostomus
796 5680 925 5721 Hom.
953 5673 1014 5721 .)
1036 5674 1083 5720 in
1100 5672 1515 5732 Geues.fom.lV,
1540 5673 1633 5723 col.
1660 5625 1893 5727 5'54,
1918 5671 2007 5719 Sed
2036 5672 2111 5717 hic

532 5734 751 5793 quaedam
763 5734 936 5798 adjicit,
950 5750 1057 5799 qua:
1070 5733 1388 5798 Cbrysostomi
1404 5735 1729 5788 inventionem
1743 5746 1844 5795 prae
1861 5745 1916 5784 sc
1929 5732 2107 5783 ferunt.

1238 343 1294 397 S.
1334 338 1611 396 JOANNIS
1647 331 2121 393 CllllYSOSTOMI
2167 332 2483 388 ARCIIIEP.
2512 330 3044 390 CONSTANTINOP.

2216 447 2282 503 Ut
2323 460 2498 505 autem
2528 451 2692 505 fames
2722 450 2969 517 invaluit,
2999 469 3119 507 cum
3148 454 3369 510 instaret
3395 454 3561 511 Judas
3596 457 3795 528 Benja-

2210 542 2411 595 mimun
2440 543 2624 596 volens
2647 543 2933 608 abducere,
2962 560 3022 599 se
3050 560 3239 599 sanmn
3266 555 3323 600 et
3349 547 3669 602 incolumem
3703 566 3796 604 re-

2208 632 2486 688 ducturum
2505 635 2787 703 pollicitus,
2805 636 2951 691 dedit
2969 637 3133 691 Jacob
3152 638 3470 706 duplicatum
3490 650 3794 710 argentum,

2204 723 2399 794 jubens
2426 726 2528 780 alia
2570 742 2782 797 quoque
2810 728 2948 782 dona
2992 725 3198 782 afferri.
3234 728 3299 784 Ut
3326 738 3503 783 autem
3547 730 3612 784 ad
3646 731 3797 785 Jose-

2210 816 2373 885 phum
2398 827 2777 886 pervenerunt,
2804 819 2871 870 ab
2892 834 2956 873 eo
2977 819 3376 887 perhumaniter
3401 820 3609 888 excepti
3637 830 3793 885 sunt;

2209 906 2278 961 de
2309 916 2461 976 patre
2492 906 2579 961 ille
2607 909 2987 976 interrogavit,
3020 918 3074 962 et
3100 908 3245 964 lauto
3275 909 3394 963 illos
3423 912 3667 964 convivio
3698 926 3791 965 ex-

2208 1000 2367 1068 cepit.
2402 1000 2534 1054 Cum
2578 1015 2735 1069 porro
2758 1000 2826 1056 de
2855 999 3025 1056 reditu
3048 1010 3298 1070 ageretur
3319 1042 3333 1068 ,
3356 1000 3518 1070 jussit
3544 1002 3792 1071 poculum

2208 1107 2429 1147 aureum
2471 1092 2613 1161 injici
2648 1092 2698 1146 in
2740 1107 2953 1148 saccum
2998 1093 3329 1163 Benjamini,
3382 1094 3484 1149 illis
3542 1095 3796 1165 ignoran-

2211 1186 2370 1240 tibus.
2402 1185 2472 1242 Ut
2500 1195 2679 1241 autem
2710 1186 2959 1255 injectum
2990 1186 3089 1241 fuit
3117 1188 3386 1255 poculum,
3418 1187 3542 1242 dum
3576 1189 3651 1242 illi
3681 1191 3798 1243 abi-

2209 1286 2346 1340 rent,
2359 1276 2713 1346 jubetJoseph
2730 1277 3068 1347 praepositum
3081 1276 3271 1332 domus
3282 1293 3390 1332 sua:
3407 1279 3549 1333 viros
3565 1279 3795 1348 insequi.

2210 1369 2526 1439 lnsequutus
2552 1370 2640 1424 ille
2671 1369 2946 1424 incusabat
2979 1370 3122 1441 quod
3163 1370 3459 1426 beneficum
3502 1372 3660 1426 malis
3706 1387 3796 1426 re-

2208 1472 2571 1517 munerarent.
2604 1462 2711 1517 Illis
2747 1478 2874 1517 vero
2906 1462 3149 1527 turbatis,
3172 1474 3224 1518 et
3255 1471 3427 1518 morte
3453 1463 3671 1534 dignum
3706 1465 3799 1517 de-

2210 1555 2517 1610 finientibus
2545 1570 2665 1610 eum
2692 1555 2781 1625 qui
2810 1557 2861 1609 in
2896 1555 3037 1609 furto
3059 1555 3428 1624 deprehensus
3450 1557 3604 1620 foret,
3632 1571 3801 1625 seque

2209 1648 2448 1702 servituti
2477 1647 2768 1713 obnoxios,
2805 1648 3076 1701 inventum
3111 1646 3206 1700 fuit
3232 1646 3481 1716 poculum
3508 1648 3561 1700 in
3606 1647 3799 1716 Benja-

2210 1739 2340 1793 mini
2370 1753 2547 1793 sacco.
2580 1736 2730 1793 Tunc
2773 1739 3043 1809 ingressus
3071 1736 3234 1793 Iudas
3257 1780 3272 1804 ,
3318 1738 3581 1808 longoque
3614 1737 3800 1792 habito

2209 1845 2456 1887 sermone
2483 1832 2549 1885 de
2570 1841 2739 1901 patre,
2768 1832 2835 1886 dc
2859 1831 3116 1900 Josepho,
3139 1829 3281 1885 etde
3304 1830 3645 1901 Benjamino;
3672 1845 3797 1885 cum

2209 1938 2267 1978 se
2313 1922 2402 1978 ille
2443 1937 2541 1993 pro
2572 1938 2736 1993 puero
2779 1923 2845 1978 ad
2875 1925 3182 1979 servitutem
3212 1921 3466 1988 otlerret,
3508 1922 3562 1976 in
3594 1930 3797 1976 tantam

2201 2018 2732 2075 commiserationem
2759 2017 3050 2089 Josepbum
3078 2018 3277 2087 injecit,
3309 2028 3363 2070 ut
3391 2026 3497 2071 tota
3519 2017 3606 2071 illa
3635 2032 3798 2073 scena

2210 2110 2544 2179 proderetur.
2577 2108 2834 2163 Omnibus
2853 2109 2992 2162 enim
3015 2109 3265 2173 exclusis,
3290 2117 3348 2161 ut
3366 2107 3466 2162 sibi
3488 2122 3609 2162 cum
3633 2108 3798 2163 liber-

2210 2211 2320 2256 tate
2350 2199 2478 2255 flerc
2505 2200 2711 2266 liceret,
2745 2214 2866 2255 sese
2895 2200 3147 2254 fratribus
3176 2199 3610 2270 cognoscendum
3638 2200 3793 2254 exhi-

2212 2293 2353 2358 buit,
2383 2292 2630 2361 misitque
2660 2292 2726 2344 ad
2754 2301 2960 2361 patrem
2990 2306 3110 2345 cum
3148 2290 3303 2345 donis
3329 2300 3382 2343 ct
3411 2290 3662 2359 plaustris
3694 2307 3708 2343 :
3744 2290 3794 2344 id

2209 2384 2351 2454 quod
2382 2384 2539 2437 etiam
2570 2384 2831 2438 Pharaoni
2857 2384 3109 2453 placitum
3141 2393 3276 2436 erat.
3314 2381 3382 2436 Ut
3407 2380 3797 2436 audivitJacob

2210 2496 2271 2535 ea
2302 2494 2420 2548 qua:
2444 2477 2510 2532 ad
2530 2478 2819 2547 Josephum
2847 2476 3177 2546 spectabant,
3198 2478 3390 2547 gaudio
3415 2475 3658 2544 perfusus
3685 2484 3793 2540 est,

2210 2581 2266 2627 et
2290 2571 2512 2640 jubente
2553 2571 2661 2625 Deo
2706 2569 2984 2625 descendit
3013 2570 3067 2623 in
3118 2569 3430 2640 Egyptuni.
3464 2568 3616 2622 Vidct
3642 2566 3795 2621 .lose-

2209 2667 2371 2739 phum
2393 2673 2539 2735 pater
2564 2680 2577 2716 :
2605 2663 2717 2717 lucc
2740 2663 3113 2717 renuntiantur
3134 2661 3419 2726 Pharaoni,
3444 2661 3533 2728 qui
3557 2658 3797 2713 habitare

2210 2777 2303 2817 eos
2329 2760 2488 2830 jussit
2527 2761 2578 2814 in
2609 2759 2885 2815 Ramesse.
2928 2757 2997 2813 Ut
3021 2768 3201 2811 autem
3243 2756 3559 2812 exhaustura
3589 2755 3795 2809 fuitar-

2210 2864 2425 2923 gentum
2459 2862 2636 2917 terrm,
2663 2851 2900 2921 jumenta
2934 2848 3121 2904 dantes
3147 2848 3224 2902 illi
3258 2848 3523 2915 homines,
3552 2848 3793 2903 frumen-

2213 2956 2320 2999 tum
2349 2944 2681 3014 accipiebant
2711 2962 2724 2998 :
2754 2942 2837 2997 bis
2861 2956 3074 3012 quoque
3098 2939 3496 3003 deficientibus,
3528 2953 3628 2993 nec
3653 2936 3795 2993 fame

2210 3036 2509 3101 desinente,
2537 3035 2743 3104 scipsos
2770 3049 2890 3088 cum
2915 3042 3058 3088 terra
3083 3031 3346 3087 dederunt
3371 3048 3383 3083 :
3413 3046 3478 3085 ac
3496 3030 3636 3084 servi
3659 3028 3797 3084 Pha-

2211 3128 2391 3183 raonis
2420 3127 2692 3181 constituti
2716 3125 3082 3189 seminabaut,
3114 3133 3170 3178 et
3195 3123 3433 3192 quintam
3462 3128 3663 3190 partem
3693 3120 3792 3190 ipsi

2211 3220 2509 3277 referebant
2534 3260 2549 3284 ,
2603 3230 2829 3290 quatuor
2872 3218 2973 3273 sibi
3019 3224 3196 3287 partes
3238 3224 3598 3271 reservantes.
3640 3214 3795 3269 Morti

2212 3316 2487 3386 proximus
2511 3312 2695 3378 Jacob,
2719 3311 3078 3381 juramentum
3109 3310 3273 3379 exigit
3296 3323 3327 3363 a
3356 3307 3613 3377 .losepho,
3645 3322 3713 3362 ne
3737 3321 3797 3362 se

2211 3407 2263 3461 in
2292 3405 2522 3477 {Egypto
2546 3404 2816 3470 sepeliret,
2841 3403 2934 3457 sed
2963 3403 3011 3455 in
3036 3403 3281 3470 sepulcro
3311 3408 3523 3470 patrum
3550 3414 3794 3453 suorum.

2211 3497 2483 3567 Filiosque
2522 3495 2737 3564 Joscphi
2769 3495 3021 3564 Ephraim
3061 3502 3114 3547 et
3152 3492 3445 3545 Manassem
3477 3506 3583 3545 non
3615 3490 3667 3544 in
3700 3504 3793 3545 ne-

2213 3602 2416 3662 potum,
2436 3590 2605 3647 sed.iu
2628 3590 2851 3643 filiorum
2872 3586 3114 3642 ordinem
3137 3593 3400 3641 accenset.
3420 3582 3797 3653 Caligabatquc

2212 3686 2381 3742 oculis
2406 3684 2572 3740 Jacob
2601 3701 2615 3737 :
2650 3693 2705 3737 ut
2734 3690 2912 3736 autem
2942 3679 3208 3735 osculatus
3234 3689 3318 3734 est
3344 3691 3459 3744 eos,
3490 3691 3610 3731 cum
3634 3674 3796 3731 benc-

2213 3780 2454 3836 dicturus
2487 3778 2604 3832 illos
2631 3784 2810 3842 esset,
2840 3774 3039 3843 Joseph
3083 3788 3111 3827 a
3145 3771 3379 3828 sinistris
3404 3769 3591 3825 Jacobi
3622 3770 3796 3839 posuit

2214 3870 2470 3940 Ephraim
2491 3911 2505 3935 ,
2539 3878 2592 3923 et
2620 3867 2916 3921 Manasscm
2944 3880 2972 3918 a
3000 3864 3223 3919 dextris.
3252 3861 3417 3918 Jacob
3447 3870 3625 3916 autem
3665 3858 3796 3913 dex-

2213 3974 2383 4019 teram
2412 3977 2625 4016 manum
2654 3960 2902 4030 imposuit
2924 3974 3083 4027 super
3104 3957 3369 4025 juniorem
3397 3953 3487 4026 qui
3513 3969 3543 4009 a
3568 3952 3796 4008 sinistris

2215 4058 2426 4118 stabat,
2471 4055 2740 4109 sinistram
2772 4070 2901 4110 vero
2940 4068 3101 4122 super
3136 4066 3257 4106 eum
3288 4050 3376 4120 qui
3404 4064 3433 4103 a
3458 4047 3661 4103 dextris
3685 4088 3702 4112 ,
3742 4057 3797 4101 et

2214 4146 2507 4201 benedixit.
2538 4146 2815 4199 Putantcm
2861 4142 3152 4212 Josephum
3194 4141 3246 4195 id
3277 4150 3480 4210 patrem
3510 4154 3605 4209 per
3642 4137 3796 4207 igno-

2215 4240 2440 4294 rantiam
2470 4236 2664 4299 facere,
2695 4248 2748 4291 et
2774 4245 3077 4290 monentem
3098 4276 3111 4300 ,
3141 4249 3247 4287 non
3278 4229 3603 4295 tulit'Jacob,
3634 4244 3798 4298 seque

2215 4347 2459 4402 gnarum,
2494 4345 2598 4384 non
2630 4329 2959 4398 ignorantem
2989 4326 3040 4381 id
3069 4326 3243 4380 facere
3272 4323 3423 4377 dixit.
3462 4321 3612 4376 Tunc
3651 4319 3799 4375 dedit

2214 4426 2449 4497 Josepho
2468 4424 2632 4481 Jacob
2653 4424 2905 4479 Sicimam
2923 4421 3044 4491 jure
3068 4421 3354 4490 praecipuo,
3386 4432 3544 4487 quam
3567 4415 3796 4486 Symeon

2220 4529 2273 4574 et
2302 4520 2430 4573 Levi
2479 4525 2757 4586 ceperant.
2808 4516 2877 4571 Et
2909 4513 3193 4570 benedicit
3216 4512 3351 4567 filios
3398 4524 3543 4565 suos.
3595 4507 3693 4563 llic
3733 4506 3800 4563 de

2217 4612 2429 4667 Christo
2459 4609 2778 4663 vaticinatur
2808 4624 2821 4663 :
2852 4604 2972 4659 Non
3001 4604 3217 4673 deciet,
3254 4601 3443 4672 inquit,
3475 4600 3710 4669 princeps
3738 4612 3798 4651 ex

2215 4703 2387 4767 Juda,
2429 4718 2516 4755 nec
2559 4700 2665 4752 dua:
2708 4698 2770 4751 de
2796 4695 3065 4766 femoribus
3092 4695 3201 4763 ejus
3224 4731 3240 4757 ,
3277 4693 3432 4745 donec
3459 4690 3621 4743 veniat
3647 4688 3690 4741 is
3719 4686 3799 4740 cui

2216 4795 2491 4864 repositum
2523 4801 2594 4846 est
2631 4788 2802 4861 (Gen.
2844 4788 2933 4843 49.
2967 4784 3096 4857 10).
3138 4784 3204 4840 Ut
3233 4793 3409 4838 autem
3442 4790 3685 4836 mortuus
3717 4787 3801 4833 est

2216 4886 2380 4941 .lacob
2398 4926 2413 4950 ,
2442 4883 2574 4938 luxit
2598 4897 2719 4937 eum
2740 4879 2936 4951 Joseph
2958 4919 2974 4941 ,
3003 4888 3055 4933 et
3074 4877 3301 4933 efferens
3323 4873 3569 4943 sepelivit
3591 4872 3644 4926 in
3674 4884 3798 4941 spe-

2217 4984 2373 5038 lunca
2398 4978 2643 5033 Abrahae.
2674 4976 2934 5030 Dixerunt
2955 4973 3133 5040 itaque
3155 4970 3345 5025 fratres
3369 4967 3484 5036 ejus
3517 4982 3529 5018 :
3566 4964 3650 5018 Ne
3673 4968 3801 5034 forte

2217 5072 2419 5145 injuria:
2450 5070 2743 5124 memoriam
2767 5067 3009 5129 retineat,
3037 5074 3083 5116 et
3104 5062 3289 5130 referat
3320 5058 3459 5112 nobis
3490 5056 3657 5119 mala,
3687 5067 3800 5123 qua:

2216 5166 2477 5220 intulimus
2496 5163 2539 5217 ei
2562 5160 2725 5233 (Gen.
2750 5157 2840 5213 50.
2869 5157 2936 5212 15
2956 5155 2974 5226 )
2995 5196 3009 5221 ,
3033 5161 3087 5209 et
3107 5151 3368 5222 rogabant
3386 5164 3508 5205 eum
3529 5148 3797 5201 dicentes:

2222 5259 2349 5312 Ecce
2390 5272 2480 5310 nos
2522 5254 2649 5307 servi
2690 5251 2761 5304 tui
2799 5262 2973 5303 sumus
3020 5244 3185 5315 (Gen.
3216 5243 3306 5299 50.
3345 5241 3475 5311 18).
3519 5238 3801 5305 Flevitque

2218 5355 2444 5425 .lusepb,
2477 5362 2529 5406 et
2553 5350 2686 5404 dixit
2716 5348 2792 5401 eis
2823 5364 2836 5399 :
2871 5343 2953 5396 Ne
2985 5342 3197 5395 timentis
3227 5355 3244 5392 :
3275 5353 3390 5391 nam
3425 5335 3517 5387 Dei
3541 5348 3654 5387 sum
3684 5346 3795 5425 ego.

2227 5446 2326 5501 Vos
2349 5420 2488 5499 inuia
2528 5439 2739 5496 consi.ia
2779 5436 2978 5506 cepistis
3002 5476 3017 5500 ,
3050 5433 3183 5486 Deus
3223 5440 3387 5482 autem
3414 5426 3543 5480 bona
3571 5420 3799 5476 retribuit

2218 5539 2364 5591 mihi.
2394 5536 2502 5605 Ego
2544 5532 2765 5586 nutriant
2793 5545 2879 5583 vos
2906 5536 2950 5580 et
2978 5526 3152 5579 domos
3180 5530 3367 5575 vestras
3410 5517 3429 5589 (
3452 5516 3589 5569 Ibid.
3626 5530 3675 5567 .

2219 5633 2280 5685 21
2316 5632 2353 5699 ).
2391 5601 2529 5680 Vixit
2558 5639 2688 5694 ergo
2732 5621 2929 5690 Joscph
2961 5626 3173 5672 centum
3203 5625 3372 5666 annos
3417 5608 3529 5679 (a),
3569 5614 3625 5660 et
3667 5601 3799 5658 vidit

2280 5788 2354 5853 (a)
2387 5784 2549 5835 Omnia
2575 5777 2872 5842 exemplaria
2892 5772 3151 5824 Bibliorum
3168 5775 3365 5823 centum
3389 5773 3441 5815 et
3459 5763 3634 5813 decem
3649 5772 3803 5811 annos
