4058 6344
380 291 491 347 323

377 403 517 471 αῦτη
536 400 655 453 ἐστὶ
687 399 954 471 Βηθλεέμ.
985 401 1044 451 Ὁ
1077 399 1134 453 δὲ
1157 399 1365 469 τεχθεὶς
1391 397 1458 469 ἦν
1485 399 1790 469 Βενιαμείν.
1815 398 1947 450 Τότε

378 487 645 559 ἐκοιμήθη
692 486 920 556 Ῥουϐὶμ
968 487 1105 556 μετὰ
1138 486 1344 550 Βάλλας
1391 489 1490 558 τῆς
1534 486 1811 555 παλλακῆς
1853 483 1948 537 τοῦ

377 575 582 644 πατρὸς
626 573 813 626 αὐτοῦ.
848 574 982 625 Τότε
1036 574 1302 627 ἀπέθανεν
1344 575 1563 628 Ἰσαάκ’
1615 575 1708 626 καὶ
1745 571 1950 641 ἔθαψαν

375 664 538 717 αὐτὸν
568 661 737 715 Ἡσαῦ
765 661 857 715 καὶ
894 660 1107 715 Ἰακώϐ.
1143 661 1589 729 Γενεαλογοῦνται
1625 662 1675 713 οί
1712 660 1819 713 ἀπὸ
1854 660 1962 742 τοῦ.

386 749 579 813 Ἡσαῦ,
604 749 731 802 ἔνθα
760 748 1075 819 εὑρίσκεται
1115 748 1235 802 Ἰὼϐ
1265 749 1372 802 ἀπὸ
1400 749 1601 803 τούτων
1629 747 1724 812 ὼν,
1757 746 1947 801 Ἰωϐἀϐ

372 840 432 891 δέ
478 836 709 890 ἐνταῦθα
761 837 1023 890 καλεῖται.
1074 836 1493 905 Διαφθονοῦνται
1539 836 1617 906 τῷ
1660 834 1855 905 Ἰωσὴφ
1897 837 1947 888 οἱ

376 926 594 994 ἀδελφοὶ
620 925 726 979 τῶν
756 925 1020 977 ἐνυπνίων
1050 924 1231 989 ἓνεκα,
1268 925 1362 977 καὶ
1396 925 1478 977 ὅτι
1506 924 1703 994 μᾶλλον
1721 924 1892 975 ἀὐτὸν
1912 923 1949 974 6

374 1013 559 1083 πατὴρ
591 1012 783 1080 ἐφίλει.
808 1012 916 1065 Καὶ
941 1010 1195 1073 λαϐόντες
1220 1012 1376 1081 μόνον
1403 1010 1681 1063 ἐϐούλοντο
1706 1009 1911 1062 ἀνελεῖν
1931 1024 1946 1040 ο

376 1100 876 1171 συμϐουλεύσαντος
931 1099 986 1152 δὲ
1021 1100 1114 1153 τοῦ
1159 1100 1386 1170 Ῥουϐὶμ
1414 1101 1493 1163 είς
1534 1099 1735 1152 λάκκον
1773 1099 1947 1168 ἐμϐα-

374 1188 486 1241 λεῖν
525 1187 797 1257 (ἐϐούλετο
839 1186 948 1256 γάρ
975 1186 1135 1239 αὐτὸν
1164 1187 1300 1250 τέως
1344 1185 1621 1252 ἐξελέσθαι
1646 1184 1739 1238 τοῦ
1786 1184 1949 1238 θανά-

375 1290 517 1346 του),
561 1276 684 1328 ἐπεὶ
716 1274 1001 1337 ἐνέϐαλον,
1035 1273 1296 1327 ἀπέδοντο
1332 1269 1558 1342 ὕστερον
1594 1275 1707 1335 τοῖς
1736 1271 1948 1325 Μαδια-

373 1363 566 1426 ναίοις,
582 1362 676 1415 τοῦ
710 1362 879 1416 Ἰούδα
905 1360 1061 1414 τοῦτο
1082 1360 1535 1431 εἰσηγησαμένου,
1555 1359 1657 1413 ’ὢν
1674 1360 1727 1412 δὲ
1746 1358 1947 1429 χιτῶνα

371 1452 540 1506 αὐτοῦ
566 1452 839 1521 βάψαντες
860 1452 1076 1520 αἵματι,
1107 1446 1447 1503 ἐπεδείκνυον
1474 1449 1552 1518 τῷ
1583 1449 1768 1518 πατρί.
1804 1449 1861 1501 Ὀ
1888 1448 1959 1499 δὲΔ

372 1541 597 1610 νομίσας
627 1539 958 1610 θηριάλωτον
987 1538 1288 1606 γεγονέναι,
1321 1538 1535 1607 ἐθρήνει
1560 1536 1834 1606 χαλεπῶς.
1857 1533 1947 1605 Τῷ

369 1629 430 1680 δὲ
465 1627 632 1680 Ἰούδα
671 1626 967 1697 ἐτέχθησαν
992 1627 1119 1696 Ἦρ,
1162 1626 1360 1687 Αὐνᾶν,
1396 1624 1494 1677 καὶ
1527 1623 1732 1693 Σηλών.
1789 1624 1939 1675 Ἀπο-

372 1714 624 1777 θανόντος
652 1715 708 1767 δὲ
739 1713 832 1767 τοῦ
868 1714 995 1782 Ἦρ,
1028 1712 1126 1782 τὴν
1158 1715 1388 1780 γυναῖκα
1413 1710 1577 1763 αὐτοῦ
1620 1709 1717 1780 τὴν
1752 1709 1947 1780 Θάμαρ

372 1802 567 1855 ἐλαϐεν
597 1805 628 1855 6
676 1801 902 1868 ἁδελφὸς
952 1800 1118 1854 αὐτοῦ
1172 1801 1382 1853 Αὐνᾶν·
1435 1800 1527 1852 καὶ
1560 1800 1660 1851 οὐκ
1701 1797 1947 1851 ἐϐούλετο

370 1889 678 1957 ἀναστῆσαι
703 1890 923 1959 σπέρμα
954 1888 1030 1957 τῷ
1057 1885 1267 1956 ἀδελφῷ
1296 1885 1483 1939 αὐτοῦ,
1524 1886 1612 1948 Ὠς
1642 1885 1699 1938 δὲ
1729 1887 1823 1938 καὶ
1858 1878 1932 1937 οῦ-

370 1995 463 2041 τος
495 1978 786 2036 ἀπέθανεν,
831 1977 1011 2029 οὐκέτι
1056 1976 1214 2046 ἤθελε
1252 1974 1329 2045 τῷ
1355 1973 1521 2045 τρίτῳ
1551 1973 1735 2044 Σηλὼν
1766 1973 1947 2026 δοῦναι

372 2068 606 2133 γυναῖκα
645 2066 742 2136 τὴν
788 2064 984 2134 Θάμαρ
1025 2067 1054 2117 6
1091 2063 1287 2126 Ἰούδας
1329 2062 1499 2135 [324].
1551 2063 1615 2115 Ἠ
1654 2062 1711 2115 δὲ
1752 2063 1947 2133 Θάμαρ

372 2154 769 2223 κοσμησαμένη
801 2152 1053 2204 ἐκάθισεν
1074 2151 1149 2214 ὡς
1170 2151 1340 2221 πόρνη
1364 2150 1516 2222 παρά
1543 2150 1641 2221 τὴν
1672 2149 1810 2202 ὁδόν.
1841 2150 1947 2202 Καὶ

371 2242 601 2311 νομίσας
646 2240 815 2311 αὐτὴν
846 2238 1059 2309 ἀληθῶς
1098 2239 1302 2308 πόρνην
1330 2234 1470 2291 εἶναι
1505 2238 1701 2301 Ἰούδας
1724 2238 1941 2308 (ἐκεκά-

372 2329 543 2381 λυπτο
592 2328 702 2399 γὰρ
768 2329 829 2379 τὸ
884 2327 1232 2398 πρόσωπον),
1286 2325 1501 2396 εἰσῆλθε
1556 2326 1693 2396 πρὸς
1757 2324 1946 2397 αὐτὴν,

374 2417 469 2469 καὶ
522 2415 719 2468 ἔδωκεν
762 2416 898 2483 αὐτῇ
948 2412 1259 2484 ἀρραϐῶνα,
1299 2414 1560 2484 ὁρμίσκον
1610 2414 1701 2465 καὶ
1748 2412 1953 2485 δακτύτ

372 2504 485 2557 λιον
530 2504 625 2557 καὶ
671 2501 882 2574 ῥάϐδον.
921 2502 1009 2564 Ὠς
1069 2501 1126 2553 δέ
1183 2500 1499 2571 ἀπηγγέλθη
1566 2500 1708 2572 μετά
1752 2500 1944 2563 ταῦτα,

371 2594 455 2647 ᾶτι
510 2591 630 2646 κύει
687 2592 918 2662 Θάμαρ,
978 2591 1259 2644 ἐκέλευσεν
1318 2590 1485 2661 αὐτὴν
1541 2591 1947 2661 κατακαυθῆναι

370 2681 401 2733 6
440 2679 697 2749 πενθερὸς
759 2677 976 2740 Ἰούδας.
1015 2680 1077 2730 Ἦ
1129 2678 1186 2730 δὲ
1238 2678 1522 2731 ἀπέστειλε
1572 2678 1831 2747 λέγουσα,
1883 2680 1947 2731 ἐκ

371 2767 466 2821 τοῦ
508 2768 701 2839 ἀνδρὸς
768 2766 1163 2837 συνειληφέναι,
1222 2759 1285 2819 οὗ
1339 2770 1368 2820 6
1412 2766 1668 2828 δάκτυλός
1732 2775 1750 2795 ⁸
1808 2768 1942 2819 ἐστι.

288 2871 293 2875 '
371 2855 509 2908 Τότε
531 2855 694 2925 φησιν
728 2852 947 2916 Ἰούδας·
977 2852 1351 2907 Δεδικαίωται
1388 2852 1587 2921 Θάμαρ
1616 2854 1653 2920 ἢ
1694 2852 1827 2922 ἐγώ,
1860 2852 1947 2915 Ὡς

373 2943 433 2996 δὲ
464 2942 660 3009 ἐτικτε,
687 2939 1054 3012 προεξήνεγκε
1082 2941 1179 3012 τὴν
1214 2944 1374 3012 χεῖρα
1408 2942 1437 2993 6
1465 2939 1636 3013 Ζαρὰ,
1666 2934 1787 2993 εἶτα
1818 2957 1945 2993 συν-

378 3029 607 3094 έστειλε,
626 3029 718 3081 καὶ
742 3027 960 3098 ἐξῆλθεν
982 3029 1010 3080 6
1034 3028 1228 3098 Φαρὲς,
1252 3028 1345 3080 καὶ
1372 3028 1492 3080 τότε
1512 3029 1541 3080 ὁ
1563 3028 1731 3097 Ζαρά.
1763 3027 1947 3079 Ταῦτα

377 3117 437 3170 δὲ
465 3115 635 3179 οὕτως
668 3117 1063 3188 ἁλληγορεῖται.
1098 3114 1491 3188 Προεξήνεγκε,
1526 3118 1711 3186 φησὶν,
1741 3117 1769 3169 6
1798 3116 1947 3187 πρῶ-

378 3223 472 3269 τος
494 3205 636 3272 λαὸς,
663 3206 708 3258 οἱ
733 3206 842 3276 πρὸ
876 3205 971 3258 τοῦ
1005 3205 1168 3275 νόμου
1201 3204 1419 3270 δίκαιοι,
1449 3204 1549 3276 τὴν
1586 3208 1761 3275 χεῖρα,
1789 3222 1944 3259 τουτ-

374 3293 516 3360 έστι,
538 3292 633 3363 τὴν
664 3291 916 3363 ἐνάρετον
947 3292 1221 3345 πολιτείαν
1252 3291 1347 3344 καὶ
1373 3292 1688 3363 ἀγγελικὴν.
1723 3287 1857 3344 Εἶτα
1888 3294 1945 3343 ἐν

376 3389 529 3458 μέσῳ
550 3386 922 3459 παρενεϐλήθη
948 3385 1109 3456 νόμος
1129 3402 1142 3417 ι
1178 3384 1316 3455 μετὰ
1352 3384 1408 3436 δὲ
1436 3384 1608 3437 ταῦτα
1662 3384 1821 3438 πάλιν
1850 3386 1945 3439 ἀν-

374 3474 578 3547 εκλήθη
606 3477 811 3537 ἐκεῖνος
833 3477 862 3528 6
880 3475 1142 3544 πρότερος
1170 3472 1301 3543 βίος,
1325 3472 1413 3526 διά
1431 3472 1527 3541 τῆς
1551 3472 1693 3525 κατά
1715 3473 1945 3543 Χριστὸν

375 3563 648 3624 πολιτείας
692 3563 786 3614 ἐπὶ
826 3561 891 3614 τὸ
929 3559 1258 3631 τελεώτερον
1313 3558 1631 3628 παραχθείς.
1678 3559 1944 3630 Ἠγόρασε

370 3653 467 3706 τὸν
508 3652 701 3723 Ἰωσὴφ
728 3654 759 3705 6
805 3652 1201 3723 ἀρχιμάγειρος
1236 3650 1437 3721 Φαραὼ
1478 3653 1507 3704 6
1546 3652 1941 3723 Πεντεφρήςδο

372 3744 669 3814 ἐνεχείρισε
701 3742 770 3795 τά
802 3742 943 3796 κατά
962 3741 1060 3813 τὴν
1096 3741 1295 3794 οἰκίαν.
1325 3741 1439 3795 Οὐκ
1470 3737 1578 3807 εἶξε
1600 3744 1666 3811 τῇ
1691 3740 1945 3813 δεσποίνῃ

374 3832 715 3901 παρανομεῖν
777 3828 1073 3899 κελευούσῃ
1105 3831 1332 3891 ἐκεῖνος.
1373 3829 1834 3899 Ἐσυκοφαντήθη,
1861 3830 1945 3881 ἐν·

371 3918 579 3988 εϐλήθη
596 3920 674 3980 είς
689 3917 749 3969 τὸ
763 3916 1139 3987 δεσμωτήριον
1157 3931 1171 3946 ⁸
1196 3910 1265 3987 ἦν
1298 3915 1480 3986 ἄρχων
1508 3917 1687 3978 κάκεῖ,
1710 3916 1945 3986 διέκρινε

368 4004 457 4075 τῷ
499 4004 847 4077 ἀρχιοινοχόῳ
894 4004 987 4057 καί
1029 4002 1108 4073 τῷ
1149 4001 1535 4073 άρχισιτοποιῷ
1576 4002 1645 4055 τά
1697 4003 1941 4057 ἐνύπνια.

384 4093 579 4163 Ἐξέϐη
604 4092 788 4155 καθὼς
823 4087 972 4147 εἷπε·
1002 4092 1094 4145 καὶ
1116 4092 1143 4143 6
1174 4092 1273 4161 μὲν
1305 4090 1565 4162 ἀνῃρέθη,
1591 4093 1620 4144 6
1644 4091 1700 4144 δέ
1735 4092 1815 4154 είς
1845 4092 1944 4163 τὴν

369 4180 651 4252 προτέραν
686 4178 955 4249 ἐπανῆλθε
997 4180 1183 4249 τιμήν.
1230 4174 1348 4231 Εἷδε
1379 4178 1577 4249 Φαραὼ
1606 4178 1675 4231 τά
1720 4177 1944 4232 ἐνύπνια

366 4269 483 4322 τῶν
512 4268 669 4339 βοῶν,
696 4268 803 4321 τῶν
831 4267 1078 4337 σταχύων
1096 4284 1112 4299 ο
1132 4267 1204 4320 δι’
1236 4260 1314 4321 ῶν
1344 4266 1595 4336 ἐδηλοῦτο
1623 4267 1655 4337 ἡ
1696 4266 1940 4338 εὐθηνία,

367 4358 471 4410 καὶ
501 4360 531 4409 6
560 4356 937 4426 διαδεξάμενος
987 4354 1157 4425 αὐτὴν
1195 4353 1373 4425 λιμός.
1413 4354 1705 4425 Ἐξηνέχθη
1745 4356 1943 4425 Ἰωσὴφ

366 4444 469 4498 τοῦ
497 4444 894 4514 δεσμωτηρίου,
920 4444 1008 4495 ἵνα
1026 4441 1256 4514 ἐπιλύσῃ
1274 4456 1288 4470 ⁶
1311 4443 1547 4513 ἐμήνυσε
1566 4443 1676 4513 γάρ
1692 4445 1721 4495 6
1737 4444 1944 4513 ἀρχιοι-

366 4533 579 4602 νοχόος.
617 4532 928 4596 Ἐπέλυσεν,
960 4530 1125 4582 ἔδωκε
1158 4531 1252 4583 καὶ
1278 4530 1502 4600 γνώμην
1539 4531 1635 4601 τὴν
1664 4531 1752 4585 τὸν
1786 4532 1945 4601 λιμὸν

366 4620 927 4693 παραμυθησομένην.
945 4619 1156 4673 Γίνεται
1184 4619 1319 4689 μετά
1344 4620 1435 4673 τὸν
1454 4618 1672 4692 Φαραὼ,
1693 4620 1788 4673 καὶ
1816 4638 1941 4673 συν-

366 4708 594 4778 αγαγὼν
626 4712 769 4761 σῖτον
795 4707 961 4760 πολὺν
986 4708 1044 4760 ἐν
1070 4709 1180 4770 τοῖς
1207 4707 1346 4759 ἐπτά
1368 4706 1512 4760 ἐτεσι
1532 4708 1630 4777 τῆς
1652 4707 1904 4778 εὐθηνίας
1923 4749 1938 4773 ,

365 4800 463 4852 ὅτε
493 4798 523 4850 6
550 4796 704 4867 λιμὸς
736 4795 961 4865 ἐπέστη,
994 4793 1190 4847 ἐπώλει
1222 4796 1333 4857 τοῖς
1356 4792 1717 4864 βουλομένοις.
1740 4790 1941 4848 τΗλθον

368 4888 467 4939 καὶ
502 4886 554 4937 οί
587 4884 805 4953 ἀδελφοὶ
838 4881 1001 4935 αὐτοῦ
1039 4881 1320 4953 πρίασθαι.
1351 4882 1440 4944 Ὠς
1474 4882 1530 4934 δὲ
1555 4882 1655 4934 οὐκ
1691 4877 1797 4935 εἶδε
1824 4883 1939 4953 μετ’

368 4973 554 5028 αὐτῶν
592 4973 683 5025 τὸν
737 4970 1024 5039 Βενιαμὶν,
1063 4968 1314 5031 δεδοικὼς
1364 4969 1437 5040 μὴ
1482 4970 1575 5022 καὶ
1636 4969 1797 5023 αὐτὸν
1834 4972 1941 5023 άπ-

367 5062 601 5124 ώλεσαν,
628 5062 872 5113 αἰτιᾶται
896 5058 970 5121 ὡς
1013 5058 1393 5118 κατασκόπους
1422 5056 1520 5126 τῆς
1565 5056 1697 5125 γῆς,
1731 5057 1941 5109 καὶτοῦ

364 5154 715 5223 ἐγκλήματος
754 5151 854 5203 οὐκ
880 5146 1019 5203 εἶναι
1051 5149 1243 5214 ἑτέραν
1279 5146 1450 5211 λύσιν,
1490 5146 1627 5218 πλὴν
1656 5148 1704 5200 εί
1743 5147 1818 5218 μὴ
1852 5147 1942 5200 τὸν

366 5245 596 5314 ἀδελφὸν
629 5243 720 5297 τὸν
747 5241 1007 5312 νεώτερον
1026 5241 1118 5293 τὸν
1146 5238 1402 5309 Βενιαμὶν
1430 5238 1833 5305 καταγαγόντες
1864 5239 1943 5300 είς

363 5334 642 5401 Αἴγυπτον
670 5328 937 5393 ἐπιδεῖξαι
960 5327 1258 5398 δυνηθεῖεν.
1284 5325 1479 5379 Λαϐὼν
1515 5325 1572 5378 δὲ
1598 5325 1688 5380 τὸν
1721 5324 1943 5395 Συμεὼν

427 5422 456 5451 ⁸
484 5420 769 5481 Legendum
789 5417 919 5481 haud
942 5416 1157 5481 (1υοίεού
1177 5416 1233 5463 τὸ
1249 5414 1516 5464 δακτύλιον.
1542 5412 1600 5462 In
1623 5412 1943 5475 Lugdunensi

360 5483 532 5535 codice
555 5477 743 5545 Ῑεείιιιιξ
758 5477 1146 5545 οὗ-ὁῄδακξὺλιος.
1159 5539 1170 5545 _
1379 5543 1385 5545 Α
1500 5536 1511 5545 ε

423 5546 454 5586 δ
502 5535 776 5605 Πενέεφρής
827 5541 906 5605 hic
958 5539 1200 5605 Πετεφρής
1250 5543 1455 5605 νοσειοι·
1498 5536 1550 5585 in
1599 5535 1799 5595 Bibliis;
1857 5537 1942 5585 sed

358 5609 467 5658 hac
525 5602 723 5656 nomiiia
779 5603 985 5664 variam.
1031 5602 1296 5664 Πεντεφρὴς
1340 5603 1489 5664 eiiam
1552 5606 1936 5664 voca_l_urjlipra

359 5670 688 5733 Expositioqu
734 5667 784 5733 iu
827 5662 1072 5733 Psalmqu
1117 5660 1287 5733 ιβζρ,
1335 5661 1614 5733 ᾏΙρηῑοηι.
1660 5660 1719 5710 ν.
1763 5662 1941 5710 Πεντε-

357 5724 473 5798 φρῆς
498 5734 649 5783 etiam
675 5730 867 5790 legitur
885 5726 937 5775 iu
957 5724 1124 5774 codice
1148 5724 1367 5787 Lugduni
1392 5725 1695 5775 Batavorum.

1430 282 1766 342 εγΝορειε
1800 282 2216 340 εειιιιιτυιιΑι
2251 280 2523 339 ΞΑΟΚᾹΞ.

3512 286 3621 343 326

2048 397 2144 449 ἀπ’
2179 395 2362 449 αὐτῶν
2390 396 2485 449 καὶ
2517 395 2705 467 δήσας,
2725 395 2848 460 τοὺς
2876 394 3095 458 λοιποὺς
3114 393 3406 466 ἐξέπεμψε,
3433 396 3524 452 τόν
3559 417 3620 451 τε

2053 487 2197 537 σῖτον
2229 483 2349 545 δοὺς
2384 485 2480 536 καὶ
2504 483 2566 536 τὸ
2599 483 2882 553 ἀργύριον.
2914 482 3003 546 Ὠς
3031 482 3087 535 δὲ
3115 478 3332 537 εἷδοντδ
3363 484 3623 556 ἀργύριον

2051 570 2109 622 ἐν
2130 570 2207 640 τῷ
2235 568 2423 622 κενοῦν
2448 570 2573 631 τοὺς
2605 569 2975 639 μαρσίππους.
3005 570 3384 641 ἐταράχθησαν
3412 571 3490 641 τῷ
3516 590 3622 625 πα-

2054 656 2293 726 ραδόξῳ,
2341 656 2435 709 καὶ
2475 656 2565 709 τὸν
2619 656 2875 726 Βενιαμὶν
2918 656 3081 727 ᾔτουν
3110 658 3261 728 παρὰ
3292 657 3387 710 τοῦ
3418 659 3623 729 πατρὸς

2050 745 2262 809 λαϐεῖν,
2298 746 2367 799 τὰ
2407 746 2668 814 γεγονότα
2716 746 3146 813 ἀπαγγέλλοντες
3181 747 3412 801 ἅπαντα.
3461 749 3521 799 ὐ
3565 748 3623 800 δὲ

2051 834 2324 903 ἀντείχετο
2350 834 2444 886 τοῦ
2485 832 2715 886 παιδίου.
2765 834 2851 895 Ὠς
2885 833 2942 886 δὲ
2986 834 3359 904 ἐπεκράτησεν
3382 837 3413 887 6
3445 835 3619 904 λιμὸς,

2051 921 2143 974 καὶ
2178 920 2375 982 Ἰούδας
2402 920 2652 972 ἐπέκειτο
2676 918 2993 989 βουλόμενος
3021 920 3205 973 λαϐεῖν
3230 920 3319 973 τὸν
3344 921 3620 992 Βενιαμὶν,

2055 1008 2183 1078 ύγιῆ
2221 1008 2317 1060 καὶ
2337 1007 2486 1061 σῶον
2526 1006 2992 1074 ἐπαγγειλάμενος
3026 1004 3335 1077 ἐπανήξειν,
3369 1007 3567 1061 ἔδωκεν
3594 1011 3625 1061 6

2065 1093 2256 1147 Ἰακὼϐ
2297 1094 2358 1147 τό
2401 1109 2461 1146 τε
2488 1092 2752 1164 ἀργύριον
2791 1091 3035 1154 διπλοῦν,
3075 1092 3338 1156 κελεύσας
3365 1093 3624 1164 ἐπιφέρε-

2051 1182 2176 1234 σθαι
2206 1180 2301 1235 καὶ
2322 1180 2471 1249 δῶρα
2504 1181 2686 1254 ἐτερα.
2732 1180 2819 1243 Ὠς
2837 1180 2894 1233 δέ
2915 1175 3079 1250 ἦλθον
3111 1179 3247 1247 πρὸς
3276 1180 3368 1233 τὸν
3400 1182 3621 1253 Ἰωσὴφ,

2049 1268 2266 1334 ἐδέξατο
2298 1268 2495 1331 αὐτοὺς
2532 1266 2796 1338 εὐμενῶς,
2837 1268 2930 1320 καὶ⁵
2969 1262 3096 1337 περὶ
3123 1264 3215 1319 τοῦ
3240 1268 3444 1337 πατρὸς
3478 1270 3623 1340 ἠρώ-

2049 1374 2203 1428 τησε,
2227 1358 2320 1410 καὶ
2344 1358 2585 1410 εἱστίασε
2617 1355 2905 1430 λαμπρῶς.
2945 1355 3135 1408 Ἡνίκα
3162 1355 3217 1408 δὲ
3241 1356 3346 1408 ἔδει
3379 1357 3619 1416 ἀπιέναι,

2049 1445 2110 1497 τὸ
2142 1445 2399 1515 ποτήριον
2438 1445 2499 1496 τὸ
2531 1444 2807 1516 ἀργυροῦν
2855 1443 3063 1496 κελεύει
3099 1442 3247 1514 [325]
3288 1445 3620 1514 ἐμϐληθῆναι

2048 1532 2127 1602 τῷ
2159 1533 2461 1603 μαρσίππῳ
2505 1532 2599 1585 τοῦ
2640 1530 2934 1600 Βενιαμὶν,
2980 1530 3079 1582 οὐκ
3111 1530 3327 1583 εἰδότων
3374 1531 3619 1584 ἐκείνων.

2061 1620 2149 1679 Ὠς
2179 1620 2234 1673 δὲ
2273 1619 2535 1690 ἐνεϐλήθη
2572 1620 2663 1672 καὶ
2701 1619 2952 1682 λαϐόντες
2993 1617 3254 1687 ἀπῆλθον,
3292 1620 3621 1689 προστάσσει

2048 1707 2126 1778 τῷ
2160 1709 2256 1778 ἐπ’ί.⁴
2276 1710 2375 1778 τῆς
2404 1710 2580 1772 οίκίας
2605 1712 2634 1762 6
2662 1708 2858 1779 Ἰωσὴφ
2890 1708 3217 1772 καταδιῶξαι
3246 1709 3371 1771 τοὺς
3400 1698 3616 1780 ἄνδρας.

2062 1798 2121 1849 '0
2160 1796 2215 1848 δὲ
2238 1796 2574 1861 καταδιώξας
2612 1796 2876 1861 ἐνεκάλει,
2901 1796 2981 1848 ὅτι
3012 1798 3196 1859 κακοῖς
3219 1795 3308 1849 τὸν
3331 1797 3623 1867 εὐεργέτην

2049 1882 2375 1951 ἠμείψαντο.
2424 1883 2853 1952 Ταραττομένων
2894 1881 2956 1934 δέ
2995 1883 3203 1947 αὐτῶν,
3248 1883 3340 1936 καὶ
3393 1882 3471 1952 τῳ
3522 1884 3621 1954 μεν

2051 1970 2230 2022 ἀλόντι
2261 1970 2353 2022 ἐπὶ
2373 1971 2439 2039 τῇ
2472 1969 2667 2039 κλοπῇ,
2687 1971 2735 2022 εἰ
2763 1968 3033 2039 εὑρεθείη,
3057 1970 3284 2023 θάνατον
3310 1969 3619 2041 ὁριζόντων,

2050 2059 2263 2120 ἑαυτοῖς
2309 2057 2365 2109 δὲ
2398 2056 2672 2118 δουλείαν,
2708 2056 3016 2127 εὑρίσκεται
3056 2056 3205 2127 παρά
3236 2056 3313 2127 τῷ
3346 2058 3617 2126 Βενιαμίν.

2050 2144 2185 2196 Τότε
2213 2142 2470 2197 εἰσελθὼν
2499 2147 2527 2196 6
2562 2144 2781 2206 Ἰούδας,
2812 2145 2903 2196 καὶ
2926 2144 3132 2215 μακρὸν
3157 2144 3443 2207 ἀποτείνας
3468 2144 3622 2212 λόγον

2051 2230 2177 2302 περί
2197 2247 2256 2283 τε
2268 2231 2361 2283 τοῦ
2376 2230 2580 2301 πατρὸς
2600 2231 2694 2282 καὶ
2712 2247 2776 2282 πε
2783 2230 2838 2301 ρ).
2857 2230 2950 2283 τοῦ
2985 2230 3178 2301 Ἰωσὴφ
3196 2232 3288 2285 καὶ
3315 2232 3407 2283 τοῦ
3430 2232 3620 2287 Βενια-

2053 2318 2165 2388 μὶν,
2200 2317 2261 2381 ὃς
2292 2313 2360 2388 ἦν
2397 2318 2649 2388 ἐλόμενος
2689 2318 2809 2370 ἀντὶ
2848 2316 2940 2370 τοῦ
3007 2321 3292 2388 μειρακίου
3349 2319 3621 2373 δουλεύειν

2050 2405 2228 2468 αὐτὸς,
2260 2407 2340 2468 είς
2368 2404 2620 2457 τοσοῦτον
2666 2404 2913 2457 ἐνέϐαλεν
2945 2400 3124 2457 οἶκτον
3160 2405 3250 2458 τὸν
3297 2407 3515 2478 Ἰωσὴφ,
3545 2408 3620 2470 ὼς

2050 2492 2372 2562 ἐλεγχθῆναι
2397 2502 2421 2530 ε
2447 2491 2545 2563 τὴν
2586 2493 2790 2563 σκηνὴν
2819 2492 3055 2546 ἃπασαν.
3090 2494 3302 2555 Πάντας
3328 2494 3435 2565 γὰρ
3460 2496 3622 2549 ἐκϐα-

2049 2578 2176 2638 λὼν,
2201 2580 2286 2632 ἵνα
2322 2578 2470 2649 αὐτῷ
2504 2581 2622 2649 μετ’
2656 2579 2905 2645 ἐξουσίας
2933 2579 3185 2650 δακρύειν
3225 2580 3341 2651 ἐξῇ,
3366 2583 3622 2653 γνωρίζει

2048 2685 2107 2720 τε
2149 2668 2309 2722 αὐτὸν
2343 2672 2453 2731 τοῖς
2479 2668 2746 2736 ἀδελφοῖς,
2778 2668 2873 2721 καὶ
2913 2668 3230 2721 ἀποστέλλει
3267 2670 3359 2722 ἐπὶ
3390 2671 3478 2723 τὸν
3516 2689 3621 2724 πα-

2049 2756 2181 2826 τέρα
2227 2754 2363 2825 μετά
2396 2754 2584 2827 δώρων
2617 2755 2712 2807 καὶ
2742 2755 2967 2826 ἁμαξῶν
2988 2772 3001 2786 ·
3029 2752 3097 2827 ἦν
3118 2756 3174 2809 δὲ
3201 2758 3293 2810 καὶ
3321 2756 3397 2827 τῷ
3423 2759 3619 2829 Φαραὼ

2048 2843 2204 2895 τοῦτο
2239 2843 2610 2898 συνευδοκοῦν.
2646 2843 2732 2906 Ὠς
2756 2843 2811 2896 δέ
2834 2845 3065 2914 ἤκουσεν
3088 2847 3115 2898 ό
3156 2844 3348 2898 Ἰακὼϐ
3380 2846 3447 2899 τὰ
3476 2847 3619 2900 κατά

2048 2930 2138 2981 τ“·ν
2168 2931 2385 3000 Ἰωσὴφ,
2419 2931 2719 3001 περιχαρής
2741 2947 2801 2982 τε
2828 2926 2916 3001 ἦν,
2940 2932 3034 2983 καὶ
3063 2931 3155 2984 τοῦ
3183 2931 3316 2985 Θεοῦ
3340 2933 3622 2986 κελεύσανο

2049 3033 2139 3079 τος
2172 3017 2375 3087 κατέϐη
2409 3019 2488 3080 είς
2527 3018 2819 3085 Αἴγυπτον.
2853 3019 2984 3089 Ὁρᾷ
3008 3019 3099 3072 τὸν
3133 3018 3330 3091 Ἰωσὴφ
3362 3021 3391 3071 6
3416 3020 3618 3091 πατὴρ,

2048 3103 2365 3176 ἀπηγγέλθη
2403 3102 2573 3157 ταῦτα
2606 3104 2682 3174 τῷ
2708 3104 2922 3176 Φαραὼ,
2952 3106 3044 3158 καὶ
3070 3105 3386 3176 κατῴκησεν
3408 3108 3464 3159 ἐν
3491 3108 3619 3161 Ῥα-

2051 3190 2250 3261 μεσσῆ.
2284 3191 2373 3253 Ὠς
2412 3190 2469 3243 δὲ
2509 3193 2749 3245 ἀνάλωτο
2775 3192 2834 3244 τὸ
2869 3191 3129 3262 ἀργύριον
3165 3193 3261 3262 τῆς
3289 3193 3415 3262 γῆς,
3448 3196 3617 3266 κτήνη

2048 3277 2278 3341 διδόντες
2324 3278 2372 3330 οί
2418 3278 2713 3349 ἄνθρωποι,
2753 3277 3055 3349 ἐλάμϐανον
3099 3281 3272 3331 σῖτονο
3325 3281 3509 3353 ἐπειδὴ
3560 3282 3619 3335 δὲ

2048 3365 2143 3418 καὶ
2165 3364 2336 3418 ταῦτα
2364 3365 2612 3431 ἐπέλιπε,
2641 3365 2735 3417 καὶ
2755 3367 2782 3417 6
2811 3364 2968 3435 λιμὸς
2995 3365 3094 3417 οὐκ
3118 3365 3368 3429 ἐπαύετο,
3395 3368 3619 3432 ἐαυτούς

2049 3452 2253 3507 ἔδωκαν
2278 3451 2418 3523 μετά
2440 3453 2538 3523 τῆς
2566 3453 2669 3521 γῆς
2688 3466 2701 3479 ·
2742 3452 2835 3504 καὶ
2863 3452 3139 3522 γενόμενοι
3161 3451 3239 3522 τῷ
3270 3454 3466 3525 Φαραὼ
3493 3454 3618 3508 δοῦ-

2048 3540 2149 3604 λοι,
2174 3541 2444 3612 ἐσπειρον,
2478 3541 2571 3595 καὶ
2603 3539 2661 3592 τὸ
2702 3539 2948 3608 πέμπτον
2984 3540 3144 3611 μέρος
3176 3542 3413 3597 ἐδίδοσαν
3444 3543 3614 3613 αὐτῷ,

2047 3628 2113 3681 τὰ
2148 3630 2388 3699 τέσσαρα
2418 3627 2570 3681 αὐτοὶ
2606 3624 2994 3696 καρπούμενοι.
3027 3626 3251 3679 Μέλλων
3284 3628 3341 3680 δὲ
3365 3630 3617 3701 τελευτᾷν

2046 3717 2075 3767 6
2101 3714 2316 3781 Ἰακὼϐ,
2345 3714 2506 3786 ὅρκον
2533 3714 2757 3766 ἀπαιτεῖ
2778 3713 2870 3765 τὸν
2917 3711 3137 3783 Ἰωσὴφ,
3162 3714 3303 3767 ὥστε
3344 3715 3418 3787 μὴ
3448 3716 3615 3787 θάψαι

2048 3802 2209 3857 αὐτὸν
2253 3803 2310 3853 ἐν
2349 3800 2640 3871 Αἰγύπτῳ,
2671 3799 2785 3853 ἀλλ’
2817 3802 2875 3852 ἐν
2920 3798 2996 3869 τῷ
3025 3801 3179 3871 τάφῳ
3227 3802 3335 3854 τῶν
3369 3804 3617 3877 πατέρων

2047 3890 2234 3943 αὐτοῦ.
2272 3890 2382 3943 Καὶ
2404 3891 2530 3953 τοὺς
2556 3889 2707 3952 υἱοὺς
2744 3887 2964 3958 Ἰωσὴφ,
2994 3888 3086 3941 τὸν
3131 3889 3369 3961 Ἐφραίμ
3402 3891 3496 3943 καὶ
3525 3892 3615 3945 τὸν

2046 3976 2337 4046 Μανασσῆ,
2363 3976 2465 4029 οὐκ
2497 3977 2577 4039 είς
2619 3974 2881 4045 ἐγγόνων,
2913 3975 3026 4028 ἀλλ’
3057 3977 3136 4039 εἰς
3169 3977 3297 4029 υἱῶν
3326 3978 3615 4048 καταλέγει

2045 4066 2217 4132 τάξιν.
2256 4065 2365 4119 Καὶ
2402 4064 2722 4135 ὴμϐλυώπει
2775 4064 3025 4118 Ἰακώϐο.
3049 4065 3126 4131 ὡς
3170 4065 3226 4119 δὲ
3259 4067 3614 4140 κατεφίλησεν

2047 4154 2262 4218 αὐτοὺς,
2298 4154 2391 4206 καὶ
2424 4152 2529 4206 ἐδει
2560 4152 2824 4220 εὐλογεῖν,
2866 4152 2927 4217 ἐξ
2955 4152 3258 4224 ἀριστερῶν
3288 4153 3383 4207 τοῦ
3421 4155 3614 4208 Ἰακὼϐ

2047 4241 2241 4312 ἔστησε
2266 4241 2359 4294 τὸν
2401 4240 2693 4312 Ἐφραῒμό
2734 4240 2963 4312 Ἰωσὴφ,
3002 4241 3096 4295 τὸν
3144 4241 3200 4294 δὲ
3247 4243 3514 4316 Μανασσῆ
3549 4246 3615 4299 ἐκ

2045 4330 2252 4395 δεξιῶν.
2290 4332 2348 4386 '0
2374 4332 2432 4385 δὲ
2466 4331 2657 4385 Ἰακὼϐ
2693 4332 2789 4403 τὴν
2822 4332 3002 4399 δεξιὰν
3039 4335 3198 4404 χεῖρα
3225 4333 3493 4405 ἐπέθηκεν
3520 4338 3619 4390 ἐπὶ

2043 4417 2136 4471 τὸν
2164 4418 2224 4482 ἐξ
2265 4419 2568 4491 ἀριστερῶν
2597 4420 2808 4473 ἐστῶτα
2836 4419 2926 4473 τὸν
2958 4420 3241 4490 νεώτερον,
3272 4420 3371 4490 τὴν
3399 4421 3456 4474 δὲ
3492 4422 3613 4493 ἀρι-

2046 4506 2240 4577 στερὰν
2274 4507 2365 4558 ἐπὶ
2406 4506 2496 4559 τὸν
2551 4508 2615 4559 ἐκ
2658 4506 2847 4570 δεξιῶν
2871 4548 2886 4574 ,
2928 4508 3021 4561 καὶ
3063 4507 3322 4578 εὐλόγησε
3346 4549 3362 4573 ,
3417 4508 3511 4562 τοῦ
3554 4510 3613 4563 δέ

2058 4595 2253 4666 Ἰωσὴφ
2292 4596 2536 4665 οἰομένου
2567 4595 2709 4648 κατά
2740 4596 2961 4665 ἄγνοιαν
2983 4597 3140 4650 τοῦτο
3173 4599 3342 4650 ποιεῖν
3379 4598 3470 4651 τὸν
3508 4615 3613 4652 πα-

2043 4683 2209 4755 τέρα,
2242 4683 2337 4736 καὶ
2383 4682 2795 4754 διορθουμένου,
2846 4683 2947 4735 οὐκ
2996 4684 3250 4754 ἠνέσχετο
3294 4686 3324 4736 6
3374 4685 3565 4740 Ἰακώϐ
3592 4704 3607 4718 ο

2044 4770 2196 4832 εἰδὼς
2225 4769 2332 4837 γὰρ
2363 4767 2467 4840 ἔφη
2490 4766 2649 4822 τοῦτο
2672 4770 2863 4832 ποιεῖν,
2885 4769 2985 4821 οὐκ
3017 4768 3242 4836 ἀγνοῶν.
3269 4772 3400 4825 Τότε
3430 4772 3612 4827 δίδωσι

2044 4859 2120 4929 τῷ
2170 4857 2366 4928 Ἰωσὴφ
2400 4857 2428 4909 6
2489 4856 2681 4910 Ἰακὼϐ
2722 4858 2820 4928 τὴν
2866 4858 3097 4929 Σίκιμαν
3126 4860 3432 4932 ἐξαίρετον,
3468 4864 3534 4932 ἢν
3583 4865 3613 4916 6

2045 4946 2266 5016 Συμεὼν
2289 4944 2382 4998 καὶ
2404 4944 2533 4996 Λευῖ
2553 4938 2714 4998 εἶλον.
2732 4944 2845 4999 Καὶ
2866 4944 3076 5013 εὐλογεῖ
3101 4946 3225 5009 τοὺς
3248 4947 3393 5008 υίούς
3421 4946 3607 5001 αὐτοῦ.

2056 5032 2320 5087 Ἐνταῦοα
2345 5030 2586 5101 περὶτοῦ
2626 5030 2863 5102 Χριστοῦ
2896 5032 3242 5104 προφητεύει.
3272 5034 3393 5085 Οὐκ
3421 5033 3610 5086 ἐκ.λεί-

2045 5125 2143 5189 ψει
2167 5122 2386 5189 ἅρχων,
2420 5119 2602 5188 φησὶν,
2643 5118 2713 5183 ἐξ
2759 5119 2970 5182 Ἰούδα,
3000 5118 3141 5173 οὐδὲ
3178 5120 3505 5187 ἡγούμενος
3543 5121 3610 5173 ἐκ

2048 5207 2162 5262 τῶν
2172 5207 2380 5276 μηρῶν
2398 5206 2604 5270 αὑτοῦ,
2624 5206 2733 5272 ἕως
2754 5206 2830 5260 ἂν
2852 5207 3000 5274 ἔλθῃ
3026 5198 3073 5272 ᾧ
3100 5207 3403 5260 ἀπόκειται
3430 5220 3480 5259 α.
3519 5207 3608 5270 Ὠς
3720 5226 3726 5233 ·

2044 5296 2098 5348 δέ
2127 5296 2393 5348 ἀπέθανεν
2421 5296 2449 5346 6
2472 5293 2688 5356 Ἰακὼϐ,
2718 5294 3012 5362 ἐπένθησεν
3040 5293 3201 5345 αὐτὸν
3222 5294 3251 5344 6
3276 5294 3491 5363 Ἰωσὴφ,
3518 5298 3611 5348 καὶ

2046 5382 2333 5451 ἀναγαγὼν
2367 5381 2562 5451 ἔθαψεν
2586 5384 2644 5433 ἐν
2664 5380 2740 5451 τῷ
2766 5381 3013 5451 σπηλαίῳ
3041 5379 3307 5450 Ἀϐραάμ.
3332 5376 3496 5436 Εἶπον
3519 5378 3609 5437 οὖν
3648 5442 3651 5445 ,

2109 5473 2131 5532 9
2169 5470 2375 5532 Ἐλέγχω
2402 5482 2490 5517 vox
2511 5468 2851 5532 Chryspstpmo
2862 5465 3120 5532 familiaris
3142 5466 3233 5532 hop
3254 5480 3362 5532 u§u.

2108 5531 2135 5570 ἀ
2163 5534 2213 5579 In
2242 5526 2452 5592 ili-[gulis
2478 5526 2839 5592 exemplaribus
2862 5526 3063 5592 legilur,
3079 5528 3180 5592 ﬁn);
3196 5529 3252 5592 ἀν
3281 5529 3387 5591 ἔλθῃ
3413 5529 3473 5577 τὰ
3494 5531 3611 5579 ἀπο-

2046 5594 2236 5656 κείμενα
2257 5588 2403 5656 αὐτῷ’
2429 5591 2517 5639 sed
2537 5588 2587 5638 in
2609 5588 2893 5656 quipugdgtu
2912 5588 3256 5656 écclgsiasticis
3294 5588 3614 5656 gcriploxibus

2047 5657 2088 5717 ᾧ
2108 5649 2576 5717 ἀπόκειταιίεεῇιυτ,
2590 5649 2643 5717 gi
2663 5653 2733 5699 sic
2755 5649 3313 5717 habebggphrysqgtqmi
3337 5649 3608 5717 eiemplar;

2048 5710 2157 5767 unm
2181 5718 2246 5766 sic
2268 5717 2351 5765 ille
2376 5710 2497 5777 legit
2516 5714 2564 5760 in
2589 5711 2820 5764 Genesim
2843 5724 2890 5772 p.
2915 5710 3025 5772 658,
3048 5718 3099 5760 ei
3121 5710 3256 5761 alibi.
