4058 6344
418 419 468 469 οί
495 414 711 484 ἀδελφοὶ
739 410 907 468 αὐτοῦ
927 430 938 444 ·
985 403 1230 480 Μήποτε
1252 411 1704 482 μνησικακήσῃ,
1733 411 1828 464 καὶ
1849 412 1986 466 άντ-

419 502 715 556 ιιποδώσει
749 503 896 569 ’ἡμῖν
924 502 1099 560 κακὰ.
1141 501 1179 553 (ἲ
1213 499 1633 568 ἐνεδειξάμεθα
1682 497 1869 562 αὐτῷ,
1899 498 1990 549 καὶ

421 590 762 659 παρεκάλουν
809 590 972 642 αὑτὸν
1017 589 1300 655 λέγοντεςο
1356 587 1510 642 Ἰδοὺ
1559 586 1730 656 ἡμεῖς
1771 585 1988 639 οἰκέται

417 695 553 731 σου.
602 677 709 730 Καὶ
739 677 997 730 ἔκλαυσεν
1024 679 1052 730 6
1091 676 1306 746 Ἰωσὴφ,
1339 676 1434 727 καὶ
1467 670 1618 728 εἶπεν
1645 676 1861 736 αὐτοῖς·
1893 673 1989 740 Μὴ

417 766 721 834 φοϐεῖσθεο
753 767 859 820 τοῦ
889 767 996 836 γὰρ
1029 767 1175 820 Θεοῦ
1203 769 1319 834 ειμι
1341 765 1471 834 ἐγώ.
1499 765 1692 834 Ὑμεῖς
1714 765 1992 817 ἐϐουλεύ-

417 858 610 908 σασθε
643 854 896 921 πονηρὰ,
929 858 962 908 ὁ
989 854 1057 906 δὲ
1083 853 1228 918 Θεὸς
1245 851 1627 906 ἁνταπέδωκέ
1645 869 1746 919 μοι
1778 850 1986 919 ἀγαθά.

419 940 558 1010 Ἐγὼ
580 940 877 1009 διαθρέψω
893 939 1047 1009 ὑμᾶς
1063 940 1159 993 καὶ
1177 938 1318 1004 τοὺς
1335 940 1540 1004 οἴκους
1559 936 1740 1006 ὑμῶν.
1757 936 1990 1006 ’Ἐξησεν

416 1025 507 1082 οὖν
525 1027 670 1101 [526]
685 1029 880 1099 Ἰωσὴφ
906 1028 1002 1097 ἐτη
1025 1026 1239 1090 ἑκατὸν,
1265 1025 1361 1079 καὶ
1385 1021 1523 1078 εῖδεν
1545 1024 1783 1096 Ἐφραῗμ
1804 1024 1991 1077 παιδία

416 1117 519 1178 ἕως
560 1115 751 1186 τρίτης
781 1116 992 1182 γενεᾶς.
1044 1114 1208 1182 Λέγει
1235 1108 1327 1168 οὖν
1363 1116 1475 1176 τοῖς
1513 1114 1760 1183 ἀδελφοῖς
1789 1112 1985 1166 αὑτοῦ*

429 1202 766 1270 Ἐπισκοπῇ
788 1203 1181 1270 ἐπισκέψεται
1205 1200 1362 1270 ὑμᾶς
1385 1204 1417 1255 ὁ
1446 1201 1611 1267 Θεὸς,
1642 1200 1738 1256 καὶ
1762 1199 1989 1264 εἰσάξει

415 1294 566 1360 ὑμᾶς
587 1295 672 1357 εὶς
701 1290 816 1359 τὴν
835 1289 954 1360 γῆν
986 1290 1097 1358 τῆς
1120 1289 1500 1360 ἐπαγγελίας,
1529 1289 1610 1357 ἢν
1644 1289 1843 1356 ὤμοσε
1868 1289 1990 1353 τοῖς

416 1379 716 1447 πατράσιν
741 1377 911 1446 ἡμῶν
946 1378 1156 1431 δοῦναι
1191 1378 1417 1443 αὐτοῖς.
1450 1378 1558 1432 Καὶ
1595 1379 1990 1432 avrum/aeta

416 1469 486 1521 τὰ
510 1466 661 1520 ὀστᾶ
693 1483 812 1534 μου
840 1468 967 1534 μεθ’
994 1465 1180 1535 ὑμῶν.
1211 1467 1318 1518 Καὶ
1345 1466 1672 1536 τελευτήσας
1701 1465 1834 1519 ἐτῶν
1860 1467 1989 1518 ἐκα-

415 1555 527 1620 τὸν,
551 1553 727 1623 ἐτάφη
749 1554 807 1606 ἐν
831 1556 896 1623 τῇ
923 1554 1064 1623 σορῷ
1087 1555 1142 1605 ἐν
1171 1552 1432 1622 Αἰγύπτῳ
1451 1566 1497 1605 ο.

838 1642 1104 1710 Σύνοψιις
1139 1640 1251 1710 τῆς
1301 1641 1568 1705 TEd-60v.

498 1730 763 1795 Ἀναστὰς
790 1730 1039 1802 βασιλεὺς
1081 1731 1139 1783 ἐν
1179 1729 1473 1799 Αἰγύπτῳ,
1512 1729 1572 1792 ὃς
1604 1731 1703 1782 οὐκ
1739 1730 1854 1801 ᾔδει
1899 1731 1990 1784 τὸν

427 1815 625 1884 Ἰωσὴφ
652 1856 667 1879 ,
700 1815 901 1868 ἐκάκου
948 1817 1073 1876 τοὺς
1109 1814 1449 1885 Ἰσραηλίτας
1477 1813 1554 1882 τῷ
1599 1812 1755 1884 πηλῷ
1786 1813 1882 1866 καὶ
1921 1817 1988 1884 τῇ

415 1900 682 1971 πλινθείᾳ.
720 1899 1000 1952 Ἐκέλευσε
1039 1897 1097 1951 δέ
1143 1897 1236 1953 καὶ
1263 1900 1385 1960 ταῖς
1428 1897 1614 1967 μαίαις
1649 1898 1889 1968 ἀναιρεῖν
1922 1901 1990 1950 τα

414 1988 619 2058 ἄρρενα
649 1985 756 2038 τῶν
789 1985 1137 2055 Ἰσραηλιτῶν
1155 2000 1168 2015 ·
1189 1983 1264 2046 ὡς
1291 1983 1349 2036 δὲ
1373 1983 1474 2035 οὐκ
1500 1977 1668 2046 εἶξαν,
1690 1982 1769 2053 τῷ
1798 1981 1911 2052 λαῷ
1931 1981 1990 2035 τὸ

413 2071 668 2141 τόλμημα
717 2069 1000 2140 ἐπέτρεψε.
1029 2068 1162 2120 Τότε
1209 2067 1450 2119 τίκτεται
1500 2067 1740 2136 Μωῦσῆς
1781 2066 1845 2117 ἐκ
1891 2067 1988 2134 τῆς

415 2155 585 2225 φυλῆς
615 2151 768 2214 Λευῖ,
796 2154 892 2206 καὶ
919 2152 1182 2222 ἐξέθηκαν
1221 2148 1381 2203 αὑτὸν
1425 2151 1473 2202 οἰ
1512 2153 1688 2218 γονεῖς
1729 2152 1786 2202 ἐν
1823 2149 1986 2220 θήϐῃ.

415 2236 769 2292 Κατελθοῦσα
801 2236 858 2289 δὲ
887 2237 919 2306 ἡ
955 2235 1201 2305 Θυγάτηρ
1227 2232 1446 2304 Φαραὼ,
1477 2233 1572 2285 καὶ
1603 2232 1898 2302 ἀνελομένη
1928 2231 1990 2285 τὺ

416 2322 645 2382 παιδίον,
672 2320 838 2373 ἔδωκε
862 2319 1174 2389 τρέφεσθαι.
1191 2319 1378 2386 Μέγας
1399 2314 1493 2370 οὖν
1523 2317 1807 2387 γενόμενος
1828 2318 1988 2368 Muri}-

416 2408 546 2477 σῆς,
581 2406 770 2475 ἐξῆλθε
811 2404 949 2474 πρὸς
995 2403 1122 2466 τοὺς
1163 2403 1312 2466 υἰοὺς
1348 2402 1586 2472 Ἰσραήλ.
1633 2403 1990 2472 Κατανοήσας

412 2491 468 2543 δέ
497 2489 588 2543 τὸν
620 2490 800 2550 πόνον,
823 2489 927 2560 ὁρᾷ
955 2486 1254 2556 Αἰγύπτιον
1275 2485 1546 2540 τύπτοντά
1569 2504 1689 2539 τινα
1717 2485 1986 2556 Ἑϐραῖον.

414 2572 886 2643 Περιϐλεψάμενος
931 2570 989 2623 δέ
1035 2563 1137 2623 ὧδε
1180 2569 1275 2623 καὶ
1314 2562 1417 2622 ὧδε
1441 2610 1455 2632 ,
1493 2569 1590 2640 οὐχ
1617 2571 1721 2640 ὁρᾷ
1763 2569 1984 2624 οὐδέναο

412 2656 656 2722 πατάξας
686 2656 741 2708 δὲ
767 2655 858 2708 τὸν
887 2654 1208 2724 Αίγύπτιον,
1250 2653 1485 2726 ἔκρυψεν
1511 2654 1676 2708 αὐτὸν
1703 2655 1762 2706 ἐν
1785 2656 1852 2726 τῇ
1882 2655 1988 2724 ἄμ-

416 2761 520 2812 μῳ.
580 2740 841 2805 Ἐξελθὼν
887 2741 943 2794 δὲ
986 2741 1052 2810 τῇ
1097 2740 1282 2811 ἡμέρᾳ
1329 2743 1396 2810 τῇ
1446 2739 1694 2810 δευτέρᾳ,
1741 2739 1844 2810 ὁρᾷ
1894 2738 1989 2791 δύο

425 2823 709 2898 Ἐϐραίους
734 2823 1308 2894 διαπληκτιζομένους,
1340 2825 1432 2876 καὶ
1462 2823 1610 2892 λέγει
1641 2822 1718 2892 τῷ
1745 2823 1855 2875 ἐνί·
1885 2823 1989 2876 Διὰ

412 2911 470 2961 τί
491 2911 728 2975 τύπτεις
755 2908 862 2961 τὸν
886 2908 1183 2974 πλησίοη
1219 2908 1277 2960 ’0
1315 2907 1372 2960 δέ
1405 2905 1524 2959 εἷπε
1552 2924 1565 2936 ·
1606 2907 1700 2970 Τίς
1739 2920 1813 2960 σε
1848 2922 1988 2960 κατ-ι
2021 2930 2031 2942 ··

411 2995 675 3059 ἐστησεν
727 2990 989 3060 ἄρχοντα
1033 2991 1130 3044 καὶ
1173 2990 1471 3057 δικαστὴν
1518 2989 1611 3059 ἐφ’
1657 2990 1849 3060 ἡμᾶς·
1901 2991 1986 3059 μὴ

412 3069 653 3129 ἀνελεῖν
687 3091 761 3142 με
800 3074 995 3139 θέλεις
1032 3073 1112 3138 ὠς
1139 3073 1280 3142 χθὲς
1317 3075 1678 3144 Αἰγύπτιον;
1717 3072 1986 3143 Ἐφοϐήθη

412 3154 504 3212 οὖν
534 3157 801 3228 Μωῦσῆς·
833 3158 1034 3227 ἢκουσε
1068 3155 1124 3209 δὲ
1148 3154 1348 3230 Φαραὼ
1375 3156 1436 3209 τδ
1478 3156 1650 3228 ῥῆμα,
1675 3156 1770 3210 καὶ
1807 3157 1987 3228 ἐζήτει

413 3243 622 3296 ἀνελεῖν
642 3241 904 3310 Μωῦσῆν.
937 3238 1199 3310 Φοϐηθεὶς
1230 3239 1292 3292 δέ
1334 3240 1603 3310 Μωῦσῆς,
1637 3240 1987 3312 ἀνεχώρησεν

413 3328 492 3391 είς
523 3324 776 3395 Μαδιάμ·
817 3323 1084 3394 ἐϐοήθησε
1117 3325 1236 3386 ταῖς
1277 3323 1606 3393 θυγατράσιν
1649 3324 1814 3397 Ἰοθδρ
1852 3324 1986 3393 πρὸς

412 3410 474 3462 τὸ
504 3407 740 3462 ποτίσαι.
775 3408 842 3459 Δί
888 3406 946 3460 δὲ
973 3406 1300 3477 ἀνήγγειλαν
1329 3405 1406 3477 τῷ
1443 3408 1610 3479 πατρὶ
1639 3407 1702 3460 τὸ
1743 3407 1984 3476 γεγονὸς,

414 3494 508 3546 καὶ
542 3493 834 3564 εἰσήγαγον
867 3490 1003 3562 πρὸς
1035 3490 1195 3544 αὐτὸν
1223 3490 1316 3545 τδν
1349 3490 1603 3562 Μωῦσῆν.
1636 3491 1747 3545 Kal
1775 3491 1987 3545 δίδωσιν

413 3577 561 3648 αὑτῷ
587 3576 686 3647 τὴν
733 3575 1008 3646 θυγατέρα
1059 3574 1223 3628 αὑτοῦ
1273 3577 1541 3642 γυναῖκα·
1575 3575 1667 3628 καὶ
1713 3573 1866 3627 ἔτεκε
1907 3574 1988 3644 τῷ

411 3663 620 3732 Μωῦσῇ
647 3661 736 3714 τὸν
767 3661 984 3732 Γερσέμ
1009 3661 1103 3712 καὶ
1133 3659 1224 3713 τὸν
1263 3658 1522 3732 Ἐλιέζερ.
1556 3660 1902 3729 Ποιμαίνοντι
1930 3661 1987 3714 δὲ

413 3746 559 3817 αὐτῷ
586 3745 740 3800 λαλεῖ
767 3747 796 3798 6
827 3746 959 3808 Θεός
977 3762 990 3774 ·
1023 3747 1112 3798 ὅτε
1137 3740 1320 3816 ἦλθεν,
1353 3742 1461 3798 εἶδε
1489 3744 1552 3797 τὸ
1581 3744 1675 3798 ἐπὶ
1695 3744 1796 3814 τῆς
1825 3745 1986 3814 βάτου

415 3831 619 3900 θαῦμα,
647 3830 736 3882 ὅτε
761 3829 997 3889 ἐκαίετο,
1024 3828 1119 3880 καὶ
1146 3828 1208 3880 οὐ
1232 3827 1570 3881 κατεκαίετο.
1597 3825 1701 3880 Καὶ
1725 3828 1988 3881 ἀποστέλ-

415 3914 493 3966 λει
515 3913 677 3966 αὑτὸν
700 3914 778 3973 εἰς
805 3914 1078 3980 Αἴγυπτον
1109 3909 1283 3980 λέγων
1303 3928 1315 3941 ·
1335 3905 1488 3974 Εἰπὲ,
1515 3909 1663 3979 Ἐγώ
1681 3911 1796 3980 εἰμι
1823 3915 1857 3965 ὁ
1881 3912 1984 3966 ὧν.

416 3996 711 4049 Κελεύεται
749 3994 804 4046 δέ
845 3996 1170 4063 συναγαγεῖν
1205 3993 1305 4065 τὴν
1340 3993 1658 4064 γερουσίαν,
1691 3994 1785 4046 καὶ
1816 3993 1988 4058 οὕτως

416 4078 676 4132 εἰσελθεῖν
699 4077 834 4146 πρὸς
853 4075 1071 4148 Φαραὼ,
1089 4077 1184 4130 καὶ
1209 4076 1656 4147 παραγγεῖλαιτῷ
1678 4075 1811 4148 λαῷ,
1829 4078 1992 4148 ἡνίκα.

415 4160 777 4230 ἀποτρέχουσι
801 4159 828 4198 b
858 4159 1165 4230 χρήσασθαι
1213 4157 1380 4231 σκεύη
1418 4160 1636 4229 ἀργυρᾶ
1678 4161 1771 4213 καί
1810 4163 1987 4230 χρυσᾶ

417 4244 571 4313 παρά
607 4241 716 4294 τῶν
753 4241 1030 4309 γειτόνων.
1063 4242 1174 4295 Kal
1203 4241 1416 4296 δίδωσιν
1454 4241 1602 4312 αὐτῷ
1635 4244 1836 4312 σημεῖα
1867 4245 1987 4295 τοῖα

416 4326 554 4396 πρὸς
585 4325 647 4378 τὸ
678 4323 1071 4394 πιστευθῆναι,
1115 4324 1214 4394 τὴν
1259 4324 1473 4394 ῥάϐδον,
1514 4326 1547 4394 ἥ
1584 4326 1805 4392 γέγονεν
1843 4325 1984 4393 δφις,

413 4413 513 4478 τὴν
563 4409 844 4460 ἀλλοίωσιν
899 4408 996 4478 τῆς
1045 4408 1225 4479 χειρὸς
1281 4408 1477 4462 αὐτοῦ’
1526 4409 1713 4476 γέγονε
1759 4409 1864 4480 γὰρ
1911 4409 1986 4471 ὡς

416 4493 568 4563 χιὼν,
589 4495 682 4545 καὶ
707 4492 870 4544 πάλιν
892 4492 1312 4562 ἀποκατεστάθη
1331 4494 1410 4554 εἰς
1428 4492 1524 4562 τὴν
1549 4493 1754 4545 οἰκείαν
1775 4493 1982 4562 χροιὰν,

412 4579 474 4631 τὸ
520 4576 663 4647 ὕδωρ
710 4575 806 4628 τοῦ
852 4575 1118 4644 ποταμοῦ.
1165 4575 1426 4644 ἘκχεεῙς
1469 4576 1578 4644 γὰρ
1628 4575 1728 4629 ἀπ’
1761 4576 1981 4640 αὐτοῦ,

414 4661 599 4731 φησὶν,
632 4658 731 4712 ἐπὶ
751 4657 867 4725 τὴν
894 4659 1104 4726 ξηρὰν,
1133 4660 1229 4712 καὶ
1260 4660 1431 4712 ἐσται
1459 4653 1620 4726 αἷμα.
1653 4660 1712 4711 '0
1741 4660 1794 4710 δὲ
1829 4658 1986 4712 Μωῡ-

414 4745 515 4813 σῆς
545 4744 869 4813 παρῃτεῖτο·
915 4742 1032 4793 τότε
1085 4742 1360 4813 ὀργισθεὶς
1395 4744 1423 4794 6
1471 4742 1635 4806 Θεὸς,
1672 4741 1985 4805 συνέζευξεν

412 4826 562 4897 αὐτῷ
607 4826 693 4878 τὸν
734 4823 964 4894 Ἀαρών.
1009 4823 1331 4894 Ἀπήγγειλε
1363 4825 1600 4894 Μωῦσῆς
1632 4824 1710 4894 τῷ
1740 4823 1985 4894 πενθερῷ

411 4908 577 4963 αὑτοῦ
602 4901 678 4972 τῷ
738 4906 924 4978 Ἰοθὺρ,
969 4907 1049 4959 ὅτι
1094 4907 1274 4976 μέλλει
1313 4909 1392 4970 εἰς
1429 4908 1704 4975 Αἴγυπτον
1743 4907 1980 4961 ἀπιέναι.

412 4995 521 5046 Καὶ
542 4990 961 5061 τελευτήσαντος
988 4987 1081 5040 τοῦ
1114 4987 1374 5057 βασιλέως
1399 4988 1489 5041 τοῦ
1515 4988 1801 5060 ζητοῦντος
1820 4989 1982 5042 αὐτοῦ

410 5077 508 5148 τὴν
553 5076 764 5147 ψυχὴν,
810 5075 974 5144 φησὶν
1026 5073 1174 5144 αὐτῷ
1209 5077 1237 5127 6
1289 5074 1441 5138 Θεὸς,
1486 5076 1569 5127 ὃτι
1601 5075 1858 5128 Εἵσελθε
1897 5077 1984 5140 εἰς

409 5163 735 5231 Αἴγυπτον.
769 5159 826 5212 ὐ
857 5157 912 5210 δὲ
941 5156 1008 5211 τά
1045 5155 1229 5210 παιδία
1259 5158 1356 5208 καὶ
1390 5158 1487 5227 τὴν
1525 5160 1758 5224 γυναῖκα
1782 5157 1979 5222 λαϐὼν,

409 5244 582 5308 οὕτως
611 5242 800 5314 εἰσῄει.
837 5241 926 5294 Διὸ
955 5239 1108 5312 [527]
1143 5241 1237 5293 καὶ
1265 5239 1494 5307 ἄγγελος
1527 5240 1776 5309 φαίνεται
1804 5241 1983 5310 φοϐῶν

472 5369 499 5398 ⁸
522 5369 687 5420 Codex
709 5368 1054 5432 Lugdqnegsis
1085 5368 1156 5432 sic
1175 5365 1394 5432 desjpig:
1421 5364 1750 5432 ἐπανέρχονται
1771 5368 1816 5421 ἐξ
1841 5368 1984 5428 Αἰγύ-

410 5447 532 5477 πτου
553 5427 812 5492 ἀνενεγκεῖν
835 5429 981 5477 αὐτοῦ
999 5432 1058 5479 τά
1083 5431 1234 5492 ὀστᾶ.
1257 5427 1390 5492 Ὅμδὲ
1415 5427 1630 5492 ἀπέθανε.
1654 5427 1862 5492 1’ἰεῦ-ηκαν
1896 5427 1983 5479 αὖ·

410 5495 505 5537 1ch
540 5487 815 5553 παιοςῖεἱο)
839 5493 886 5540 ἐν
923 5496 981 5554 τῇ
1024 5493 1154 5556 σορῷ
1188 5491 1275 5548 τήν
1310 5489 1359 5537 ἐν
1401 5487 1642 5552 Αἰγύπτῳ.
1685 5491 1776 5539 llic
1796 5493 1982 5553 aliquid

411 5558 627 5616 crrajpm
645 5557 914 5616 vitiumque
939 5559 1034 5602 est.

473 5612 503 5651 Ι»
520 5613 612 5677 Hic
629 5611 845 5664 omnino‘
875 5616 1138 5677 legendum
1173 5615 1254 5663 καὶ
1276 5612 1584 5677 παραγγεῖλαι
1606 5613 1675 5674 τῷ
1699 5611 1818 5676 λαῷ,
1842 5617 1982 5672 ἡνίκα

411 5674 729 5740 ἀποτρέχωσι,
752 5684 805 5725 ει
825 5679 896 5726 sic
921 5674 1069 5730 ﬁabcl
1089 5674 1432 5740 'Lugdnnelisis
1457 5676 1631 5723 codex.
1656 5674 1983 5727 uoisliniarnus

417 5745 532 5784 vero
555 5738 634 5784 καὶ
655 5739 952 5800 παρήγγειλε.

1102 299 1158 354 S.
1182 297 1464 354 JOANNIS
1499 291 1978 354 CIIRYSOSTOMI
2015 289 2335 352 ARCHIEP.
2372 286 2921 353 CONSTAN‘TINOP.

2096 409 2278 463 αὐτόν.
2309 410 2384 461 Οὐ
2418 406 2526 478 γὰρ
2553 407 2641 461 διά
2670 408 2771 478 τὴν
2804 407 3106 479 περιτομὴν
3133 407 3214 476 (εἰ
3241 406 3351 478 γάρ
3376 405 3476 475 τῆς
3511 423 3669 476 περι-

2089 494 2262 563 τομῆς
2306 493 2522 553 ένεκεν,
2579 493 2748 563 ἐχρῆν
2792 492 2868 562 μὴ
2921 492 3186 564 πρότερον
3232 490 3530 560 ἀναστῆναι
3572 489 3668 541 τὸν

2091 576 2338 644 ἄγγελον,
2357 575 2462 638 ἕως
2492 568 2553 628 οὗ
2582 575 2678 628 καὶ
2701 575 2794 627 τὸν
2819 575 3007 644 ἕτερον
3029 574 3352 644 περιέτεμεν
3379 575 3412 642 ἡ
3438 571 3665 642 μήτηρ),

2090 660 2206 713 ἀλλ’
2235 659 2374 729 ὑπὲρ
2400 658 2494 711 τοῦ
2531 658 2605 728 μὴ
2644 658 2746 728 τὴν
2775 660 3012 727 γυναῖκα
3050 656 3236 709 λαϐεῖν
3267 657 3345 718 είς
3371 657 3666 723 Αἴγυπτον.

2091 744 2166 795 Οὐ
2202 744 2310 814 γάρ
2351 743 2568 813 οἰκῆσαι
2609 743 2726 794 ἐκεῖ
2756 741 3066 812 ἐπέμπετο,
3099 740 3215 794 ἀλλ’
3251 741 3539 808 ἐξαγαγεῖν
3574 736 3670 789 τὸν

2104 826 2356 897 Ἰσραήλ·
2393 827 2529 897 ὅπερ
2567 826 2664 878 καὶ
2701 826 2864 887 αὐτὸς
2899 824 3147 889 συνιδὼν,
3184 824 3379 895 ἀφίησι
3427 823 3526 892 τὴν
3570 839 3670 889 γυ-

2091 913 2271 964 ναῖκα.
2301 911 2409 964 Καὶ
2437 910 2600 963 πόθεν
2625 909 2782 979 δῆλον
2805 911 2887 963 ὃτι
2913 910 3159 978 ἀφῆκεν;
3185 907 3493 960 Ἀπελθόντι
3518 902 3672 974 αὐτῷ

2091 994 2150 1060 ἐξ
2195 995 2470 1063 Αἰγύπτου
2499 995 2714 1064 ἀπαντᾷ
2742 993 2878 1064 μετά
2907 991 3004 1062 τῆς
3033 992 3290 1060 γυναικὸς
3338 992 3368 1045 6
3407 987 3672 1058 πενθερὸς

2104 1073 2292 1144 Ἰοθόρ.
2330 1075 2588 1144 Ἔρχεται
2636 1071 2846 1140 Ἀαρὼν
2889 1073 3026 1142 πρὸς
3061 1071 3318 1140 Μωῦσῆν,
3353 1070 3448 1124 καὶ
3485 1067 3670 1138 ἀμφό-

2090 1173 2239 1228 τεροι
2277 1159 2582 1226 συνήγαγον
2620 1157 2718 1227 τὴν
2755 1155 3044 1226 γερουσίαν
3085 1154 3321 1227 Ἰσραὴλ,
3351 1155 3444 1207 καὶ
3489 1153 3673 1222 ἀπήγ-

2092 1241 2277 1308 γειλαν
2315 1241 2501 1303 αὐτοῖς
2542 1239 2611 1293 τὰ
2651 1239 2804 1309 παρά
2834 1239 2927 1291 τοῦ
2961 1237 3097 1291 Θεοῦ
3122 1255 3135 1267 ⁸
3177 1241 3225 1292 οἱ
3260 1239 3318 1292 δὲ
3366 1231 3670 1308 ἐχάρησαν.

2104 1323 2190 1386 Ὠς
2222 1322 2277 1376 δὲ
2313 1323 2408 1376 καὶ
2441 1322 2577 1393 πρὸς
2609 1323 2699 1375 τὸν
2731 1321 2928 1392 Φαραὼ
2979 1321 3246 1393 εἰσῆλθον,
3285 1321 3380 1374 καὶ
3419 1319 3674 1373 ἐκέλευον

2093 1404 2506 1469 ἐξαποστέλλειν
2536 1407 2627 1459 τὸν
2666 1405 2812 1468 λαὸν,
2841 1406 2902 1457 οὐ
2943 1405 3102 1475 μόνον
3129 1406 3231 1456 οὐκ
3264 1401 3404 1469 εἶξεν
3436 1404 3464 1456 ὀ
3508 1403 3669 1474 βασι-

2090 1487 2237 1553 λεὺς,
2266 1489 2402 1544 ἀλλὰ
2427 1491 2521 1542 καὶ
2560 1487 2720 1542 πλέον
2747 1487 2996 1540 ἐκάκωσε
3024 1489 3151 1551 τοὺς
3192 1487 3548 1558 Ἰσραηλίτας,
3578 1505 3673 1539 κε-

2090 1573 2290 1637 λεύσας
2330 1573 2404 1644 μὴ
2435 1572 2671 1624 δίδοσθαι
2705 1572 2888 1634 αὐτοῖς
2932 1570 3152 1642 ἄχυρον,
3190 1570 3305 1624 ἀλλ’
3337 1572 3532 1635 αὐτοὺς
3573 1571 3673 1638 ἀφ’

2091 1657 2299 1710 ἑαυτῶν
2329 1656 2593 1728 πορίζειν.
2620 1656 2706 1719 Ὡς
2735 1655 2792 1708 δὲ
2816 1654 3220 1725 ἐμαστίχθησαν
3248 1655 3298 1707 οἱ
3319 1653 3673 1725 γραμματεῖς

2089 1739 2176 1792 διά
2204 1738 2266 1792 τὺ
2300 1737 2374 1809 μὴ
2399 1737 2736 1809 πληροῦσθαι
2765 1737 2827 1790 τὸ
2856 1737 3038 1807 ἔργον,
3069 1738 3316 1808 ἐνέτυχον
3340 1737 3418 1808 τῷ
3444 1735 3670 1808 Φαραὼ,

2091 1824 2185 1877 καὶ
2220 1824 2372 1878 οὐδὲν
2408 1823 2645 1894 ὤνησαν.
2691 1821 2984 1876 Κατεϐόων
3005 1821 3188 1875 λοιπὸν
3221 1820 3316 1874 τοῦ
3353 1823 3671 1884 Μωῦσέως·

2092 1908 2184 1960 καὶ¹
2217 1907 2379 1961 πάλιν
2417 1905 2807 1960 ἀποστέλλεται
2837 1905 2971 1976 πρὸς
3016 1906 3143 1969 τοὺς
3187 1905 3548 1978 Ἰσραηλίτας,
3579 1905 3674 1956 εὐ-

2091 1990 2512 2062 αγγελιζόμενος
2541 1989 2721 2044 αὐτῶν
2749 1989 2847 2060 τὴν
2890 1988 3086 2055 ἔξοδον.
3126 1990 3190 2041 Οἱ
3217 1989 3275 2042 δέ
3308 1989 3409 2042 οὐκ
3431 1988 3675 2058 ἥκουσαν

2091 2074 2370 2137 Μωῦσέως
2398 2074 2507 2126 ἀπὸ
2549 2075 2648 2141 τῆς
2679 2072 3027 2142 ὀλιγοψυχίας
3055 2071 3253 2125 αὐτῶν.
3288 2071 3552 2124 Ἐνταῦθα
3575 2088 3671 2140 γε-

2091 2157 2425 2225 νεαλογεῖται
2450 2156 2710 2226 Μωῦσῆς,
2740 2157 2832 2210 καί
2865 2174 3029 2227 φησιν
3061 2156 3210 2227 αὐτῷ
3233 2159 3261 2210 6
3283 2156 3415 2220 Θεός
3434 2174 3449 2188 ο
3480 2156 3669 2210 Δέδω-

2090 2239 2168 2293 sed
2196 2255 2271 2294 σε
2299 2239 2437 2294 θεὸν
2463 2238 2544 2305 τῷ
2577 2240 2812 2308 Φαραὼ·
2847 2241 2940 2292 καὶ
2980 2239 3300 2294 ἀποστέλλει
3331 2239 3496 2293 αὐτὸν
3531 2240 3671 2312 πρὸς

2088 2322 2308 2394 Φαραὼ,
2341 2321 2604 2386 κελεύσας
2637 2322 2901 2386 ἐπιδεῖξαι
2947 2325 3205 2394 σημεῖον,
3251 2324 3299 2376 εἰ
3334 2323 3670 2392 αἰτήσειεν·ό

2091 2406 2361 2476 βασιλεὺς,
2383 2406 2444 2458 τὸ
2471 2406 2571 2475 τῆς
2601 2405 2798 2475 ῥάϐδου
2824 2406 2924 2475 τῆς
2953 2409 3032 2469 εἰς
3049 2405 3172 2474 ὅφιν
3195 2406 3547 2477 στραφείσης.
3581 2406 3670 2469 Ὡς

2088 2490 2146 2543 δὲ
2177 2489 2393 2557 ἐγένετο
2422 2490 2456 2560 ἡ
2488 2489 2683 2560 ῥάϐδος
2716 2488 2860 2558 δφις,
2892 2490 2988 2542 καὶ
3020 2489 3120 2542 ούκ
3156 2486 3282 2554 εἶξε,
3309 2490 3575 2560 τρέπεται
3608 2492 3670 2544 τὸ

2090 2572 2230 2643 ὕδωρ
2255 2572 2348 2626 τοῦ
2377 2571 2624 2641 ποταμοῦ
2653 2573 2732 2637 είς
2758 2567 2920 2642 αἷμα,
2949 2572 3253 2644 πληροῦται
3283 2574 3320 2646 ή
3359 2572 3430 2642 γῆ
3466 2572 3669 2647 βατρά-

2089 2669 2199 2726 χων
2219 2672 2233 2686 ⁸
2257 2651 2379 2709 εἶτα
2415 2657 2639 2719 σκνῖπες
2671 2656 2924 2727 ἐπῆλθον,
2958 2651 3078 2710 εἶτα
3111 2657 3146 2727 ή
3175 2658 3464 2729 κυνόμυια,
3496 2655 3612 2712 εἶτα
3640 2661 3672 2710 ὁ

2090 2740 2315 2802 θάνατος
2338 2740 2446 2793 τῶν
2484 2738 2718 2810 κτηνῶν,
2747 2735 2868 2794 εἶτα
2905 2740 2963 2792 αἱ
3001 2740 3304 2810 φλυκτίδες,
3340 2735 3458 2795 εἶτα
3491 2745 3524 2812 ἡ
3567 2744 3669 2813 χά-

2088 2823 2226 2888 λαζα
2256 2824 2351 2876 καὶ
2377 2823 2437 2876 τὸ
2463 2822 2593 2894 πῦρ,
2623 2818 2742 2876 εἶτα
2773 2825 2806 2894 ἠ
2829 2824 3010 2895 ἀκρὶς.
3041 2825 3136 2878 καὶ
3161 2825 3224 2878 τὸ
3254 2826 3443 2890 σκότος
3468 2825 3528 2879 τὺ
3553 2827 3667 2899 ψη-

2088 2907 2346 2976 λαφητόν.
2389 2906 2477 2969 Ὠς
2509 2905 2567 2958 δέ
2608 2905 2841 2976 ῆμελλεν
2867 2906 2895 2958 6
2927 2906 3036 2959 τῶν
3066 2909 3425 2978 πρωτοτόκων
3465 2910 3669 2978 ἐπάγε-

2089 2989 2215 3043 σθαι
2272 2989 2536 3055 θάνατος,
2589 2989 2898 3043 κελεύονται
2949 2990 3106 3045 θῦσαι
3149 2992 3421 3064 πρόϐατον
3463 2993 3667 3064 ἄρσεν,

2087 3072 2339 3143 ἄμωμον,
2367 3072 2461 3125 καὶ
2502 3073 2688 3144 χρῖσαι
2717 3071 2816 3138 τὰς
2865 3072 3025 3144 φλιάς
3061 3074 3141 3144 τῷ
3183 3077 3375 3144 αἵματι
3399 3094 3414 3107 ·
3455 3077 3516 3130 ού
3559 3077 3676 3150 γάρ

2087 3155 2405 3210 ἀπολεῖσθαι
2436 3157 2564 3219 τοὺς
2602 3156 2762 3219 ὄντας
2793 3157 2852 3210 ἐν
2877 3160 2944 3229 τῇ
2972 3157 3141 3229 οἰκίᾳ,
3173 3159 3231 3210 ἐν
3343 3159 3409 3213 ἂν
3439 3160 3499 3214 τὺ
3531 3157 3673 3232 αἷμα

2086 3234 2155 3309 ἦν
2185 3237 2247 3310 [Ι.
2267 3234 2328 3310 ᾗ]
2357 3237 2450 3291 τοῦ
2479 3238 2672 3310 ἀμνοῦ.
2706 3238 2841 3293 Τότε
2875 3241 2970 3293 καὶ
3000 3240 3108 3294 τῶν
3140 3242 3280 3294 ἐπτά
3305 3243 3528 3313 ἡμερῶν
3560 3245 3673 3298 τῶν

2087 3320 2314 3392 ἀζύμων
2340 3323 2524 3385 αὐτοῖς
2539 3321 2849 3392 νομοθετεῖ·
2875 3321 2979 3376 κᾶν
3005 3323 3321 3378 εἰσέλθωσιν
3341 3326 3420 3389 εἰς
3443 3327 3544 3397 τὴν
3565 3327 3673 3398 γῆν

2089 3405 2187 3475 τῆς
2207 3404 2558 3473 ἐπαγγελίας,
2582 3405 2870 3473 φυλάττειν
2899 3405 3112 3459 κελεύει
3134 3406 3229 3478 τὴν
3251 3407 3526 3480 λατρείαν.
3546 3411 3676 3464 Κᾶν

2089 3488 2474 3556 ἐρωτήσωσιν
2501 3487 2657 3556 ὑμᾶς
2686 3488 2804 3542 υἱοὶ
2836 3489 3022 3558 ὑμῶν,
3057 3491 3211 3561 φησὶ,
3239 3491 3452 3559 ἐρεῖτε·
3478 3495 3675 3548 Θυσία

2090 3570 2158 3624 τὸ
2186 3570 2396 3641 πάσχα
2433 3572 2610 3626 τοῦτο
2643 3574 2856 3640 Κυρίῳ.
2894 3574 2982 3636 Ὠς
3018 3574 3077 3627 δὲ
3108 3575 3248 3628 κατά
3280 3575 3343 3628 τὸ
3377 3575 3542 3645 μέσον
3571 3579 3673 3648 τῆς

2090 3655 2283 3718 νυκτὸς
2315 3655 2563 3708 ἀπώλετο
2587 3655 2656 3709 τὰ
2715 3657 3038 3727 πρωτότοκα
3063 3657 3172 3712 τῶν
3201 3659 3536 3726 Αἰγυπτίων,
3570 3662 3674 3714 ἀτι-

2089 3739 2297 3808 ήλασαν
2316 3739 2442 3801 τοὺς
2472 3739 2812 3810 Ἰσραηλίτας
2834 3741 2932 3810 τῆς
2961 3740 3334 3809 Αἰγύπτου.οἰ
3349 3741 3405 3796 δὲ
3420 3742 3668 3814 ἐξῆλθον,

2089 3820 2344 3882 λαϐόντες
2373 3821 2441 3874 τὰ
2476 3822 2646 3892 σκεύη
2678 3823 2748 3876 τά
2780 3823 3000 3894 ἀργυρᾶ
3031 3824 3128 3878 καὶ
3157 3827 3355 3896 χρυσᾶ,
3378 3828 3472 3880 καὶ
3498 3827 3671 3882 πολὺν

2089 3903 2217 3958 λαὸν
2255 3903 2372 3975 μετ’
2407 3904 2585 3958 αὐτῶν
2611 3905 2919 3977 ἐπίμικτον,
2952 3908 3046 3961 καὶ
3081 3908 3350 3980 πρόϐατα,
3383 3910 3477 3964 καὶ
3513 3909 3668 3980 βόας,

2090 3987 2186 4042 καὶ
2219 3990 2412 4058 κτήνη.
2457 3988 2522 4041 Ἦ
2563 3988 2620 4041 δὲ
2647 3990 2965 4060 κατοίκησις
3010 3992 3119 4045 τῶν
3148 3993 3280 4046 υἱῶν
3334 3994 3570 4066 Ἰσραὴλ,
3601 3997 3670 4066 ἣν

2091 4069 2418 4141 κατῴκησαν
2451 4073 2606 4125 αὐτοὶ
2639 4075 2734 4126 καὶ
2759 4075 2810 4126 οἱ
2841 4075 3074 4146 πατέρες
3104 4075 3283 4130 αὐτῶν
3315 4079 3373 4130 ἐν
3403 4082 3472 4149 γῇ
3503 4080 3670 4149 Αἰγύ-

2089 4171 2230 4225 πτῳ,
2261 4155 2357 4208 καὶ
2383 4156 2441 4207 ἐν
2473 4157 2542 4226 γῇ
2574 4156 2817 4220 Χαναὰν,
2853 4157 2945 4228 ἐτη
2989 4160 3316 4230 τετρακόσια
3351 4164 3666 4232 τριάκοντα.

2097 4238 2204 4293 Καὶ
2234 4239 2404 4292 εἶπεν
2429 4241 2462 4291 ὁ
2503 4240 2646 4304 Θεός
2673 4255 2683 4267 ·
2735 4240 2966 4306 Ἀνάθες
2993 4244 3090 4294 καὶ
3120 4243 3377 4312 ἀγίασόν
3402 4263 3502 4314 μοι
3543 4246 3670 4302 πᾶν

2089 4321 2464 4388 πρωτότοκον
2500 4321 2620 4376 ἀπὸ
2651 4321 2964 4389 ἀνθρώπου
3000 4323 3110 4390 ἕως
3137 4327 3422 4394 κτήνους,
3450 4329 3532 4381 ὅτι
3559 4332 3668 4384 ἀπ-

2089 4402 2296 4456 έκτεινε
2342 4403 2411 4457 τὰ
2456 4404 2779 4473 πρωτόκοκα
2836 4405 3168 4473 Αἰγυπτίων.
3216 4409 3330 4462 Οὐκ
3381 4410 3560 4479 ἦγαγε
3608 4415 3667 4466 δὲ

2088 4484 2284 4548 αὐτοὺς
2318 4485 2406 4538 διὰ
2433 4486 2778 4555 Φυλιστιεὶμ,
2822 4487 2907 4539 ἵνα
2954 4489 3030 4558 μὴ
3072 4492 3478 4562 μετανοήσωσιν
3509 4495 3669 4568 [δεδι

2091 4569 2289 4632 ἰδόντες
2334 4569 2601 4639 πόλεμον,
2654 4570 2746 4622 καὶ
2777 4570 3190 4642 ἀποστρέψωσιν
3235 4577 3313 4639 εἰς
3355 4577 3665 4646 Αἴγυπτον,

2087 4650 2224 4704 ἀλλά
2250 4650 2340 4703 διὰ
2372 4652 2472 4721 τῆς
2516 4651 2802 4722 Ἐρυθρᾶς.
2844 4654 3077 4726 Πέμπτῃ
3100 4653 3156 4706 δὲ
3186 4660 3348 4728 γενεᾷ
3389 4659 3667 4732 ἀνέϐησαν

2087 4734 2192 4786 υἱοὶ
2237 4733 2450 4805 Ἰσραὴλ
2504 4734 2562 4799 ἐξ
2615 4735 2926 4802 Αἰγύπτου·
2963 4737 3056 4789 καὶ
3096 4737 3256 4790 ἔλαϐε
3303 4741 3546 4814 Μωῢσῆς
3597 4747 3671 4797 τὰ

2085 4818 2219 4870 ὀστᾶ
2249 4817 2488 4899 Ἰωσήφ.
2513 4817 2726 4888 Ὠδήγει
2763 4819 2818 4871 δὲ
2846 4820 2875 4870 6
2915 4820 3046 4883 Θεὸς
3089 4820 3180 4874 τὸν
3223 4823 3440 4895 Ἰσραὴλ
3494 4828 3672 4899 στόλῳ

2085 4899 2256 4972 πυρὸς
2291 4898 2389 4968 τὴν
2433 4898 2622 4962 νύκτα,
2673 4900 2767 4952 καὶ
2811 4901 2979 4970 στόλῳ
3026 4903 3254 4974 νεφέλης
3289 4907 3388 4978 τὴν
3427 4898 3664 4980 ἡμέραν.

2097 4983 2183 5043 Ὠς
2211 4981 2268 5033 δέ
2300 4980 2621 5046 κατεδίωξεν
2651 4983 2681 5034 6
2719 4984 2919 5054 Φαραὼ
2969 4987 3385 5059 μεταμεληθεὶς,
3427 4993 3667 5060 ἐπάταξε

2083 5065 2180 5135 τὴν
2230 5063 2502 5116 θάλασσαν
2558 5065 2799 5135 Μωῢσῆς
2850 5070 2915 5138 τῇ
2976 5068 3188 5138 ῥάϐδῳ,
3236 5057 3346 5124 ’καὶ
3399 5057 3690 5147 διῃρέθτίέ

2084 5147 2460 5218 παρελθόντων
2488 5147 2545 5200 δὲ
2566 5148 2674 5201 τῶν
2715 5151 3083 5221 Ἰσραηλιτῶν,
3124 5154 3354 5225 συνῆλθε
3389 5158 3534 5210 κατά
3555 5160 3671 5212 τῶν

2083 5231 2414 5300 Αἰγυπτίων.
2451 5232 2545 5284 καὶ
2577 5235 2965 5287 κατεπόντισεν
2997 5236 3212 5300 αὐτούς.
3235 5240 3344 5293 Καὶ
3374 5235 3473 5314 ᾖσε
3495 5243 3669 5297 Μωῦ-

2091 5315 2191 5385 σῆς
2223 5315 2322 5386 τὴν
2347 5314 2522 5384 ᾠδὴν,
2558 5313 2658 5389 ᾖσε
2699 5317 2756 5369 δὲ
2790 5319 2884 5371 καὶ
2925 5320 3160 5391 Μαριάμ
3220 5313 3522 5391 μετὰτῶν
3564 5344 3666 5396 γυ-

2084 5407 2305 5460 ναικῶν.
2335 5403 2540 5461 τΗλθον
2565 5410 2644 5472 εἰς
2669 5411 2923 5480 Μαρρἀς,
2947 5412 3074 5466 ἔνθα
3104 5415 3298 5485 πικρὸν
3317 5411 3386 5486 ἦν
3403 5417 3466 5470 τὸ
3489 5418 3666 5490 ὕδωρ,

2085 5490 2177 5544 καὶ
2221 5491 2518 5558 ἐγλύκανεν
2555 5493 2688 5546 αὐτὸ
2729 5495 2968 5566 Μωῦσῆς
3003 5496 3094 5550 διὰ
3120 5499 3214 5551 τοῦ
3248 5499 3431 5564 ξύλου.
3454 5497 3668 5560 ’Ἦλθον

2085 5571 2212 5626 ἔνθα
2266 5573 2473 5628 δώδεκα
2525 5577 2696 5646 πηγαὶ
2749 5578 2844 5632 κάκ
2878 5580 3114 5648 φοίνικες
3156 5582 3206 5633 οί
3251 5582 3666 5655 ἐϐδομήκονταδ

2082 5656 2194 5744 δδὲ
2229 5658 2390 5744 τόπος
2425 5659 2621 5744 ’Ἐλεὶμ
2668 5661 2903 5731 ἐλέγετο.
2941 5659 3144 5718 Ἦλθον
3175 5666 3387 5722 ἐκεῖθεν
3433 5672 3514 5734 εἰς
3559 5673 3665 5744 τὴν

2087 5739 2288 5810 ἔρημον
2344 5741 2449 5797 ἀνά
2497 5743 2661 5813 μέσον
2707 5746 2891 5818 Ἐλεὶμ
2932 5749 3023 5802 καὶ
3070 5749 3217 5804 Σινά.
3261 5750 3395 5805 Τότε
3431 5739 3668 5825 ἐγόγγὰ-
