4102 6322
469 417 573 472 027

469 530 729 598 Marrhas,
765 529 853 585 ubi
893 543 1073 583 amara
1118 535 1232 582 erat
1267 542 1444 597 aqua,
1485 537 1539 581 et
1578 525 1782 581 dulcem
1824 524 2052 580 reddidit

469 625 615 679 illam
656 622 863 695 Moyses
911 637 1005 691 per
1050 621 1268 692 lignum.
1330 619 1601 673 Venerunt
1652 618 1704 671 in
1755 619 1926 672 locum
1966 618 2053 672 ubi

472 714 926 771 erantduodecim
959 712 1154 778 fontes,
1196 721 1249 766 et
1276 713 1607 780 septuaginta
1641 709 1830 779 palmae
1864 727 1876 761 :
1908 709 2065 764 locus.

471 817 647 863 autem
674 806 962 861 vocabatur
1005 805 1158 859 Elim.
1208 802 1335 857 inde
1380 810 1642 857 venerunt
1687 802 1739 855 in
1786 801 2056 854 desertum

471 900 611 952 inter
636 897 771 952 Elim
804 907 856 952 et
877 896 1023 952 Sina.
1052 895 1201 949 Tunc
1234 903 1696 948 murmuraverunt
1740 892 1792 945 in
1843 894 2066 945 deserto.

473 989 749 1054 Israelita},
775 1004 965 1043 carnes
986 986 1339 1056 postulantes.
1365 983 1513 1038 Tunc
1544 983 1674 1053 pluit
1711 983 1815 1036 illis
1841 998 2065 1035 manna-

474 1079 677 1135 Deinde
715 1080 890 1134 intulit
928 1076 1275 1132 coturnicem.
1320 1075 1416 1130 llic
1464 1074 1607 1129 circa
1647 1089 1871 1138 manna,
1916 1073 2056 1143 quod

472 1185 597 1225 cum
627 1170 849 1225 multum
894 1176 1028 1231 erat,
1073 1183 1176 1220 non
1231 1164 1580 1229 redundabat,
1639 1178 1761 1217 cum
1814 1178 2056 1232 parvum,

476 1276 583 1317 non
608 1260 902 1322 deﬁciebat,
929 1258 1086 1328 jussit
1114 1257 1249 1312 nihil
1277 1257 1504 1326 relinqui
1535 1256 1587 1310 in
1627 1256 1935 1310 crastinum.
1978 1253 2059 1308 illi

474 1368 610 1407 vero
630 1366 733 1406 non
761 1358 1069 1422 paruerunt,
1099 1359 1152 1404 et
1186 1347 1326 1419 quod
1358 1347 1626 1401 residuum
1660 1346 1755 1399 fuit
1787 1345 2061 1399 vermibus

475 1442 732 1496 scatebat.
768 1440 926 1505 Dixit,
952 1438 1027 1494 Ne
1051 1438 1394 1509 egrediamini
1426 1437 1491 1491 ad
1536 1435 1891 1506 colligendum
1933 1435 2057 1488 sab-

478 1533 646 1587 bato:
680 1531 758 1586 illi
780 1546 907 1585 vero
937 1545 1109 1600 neque
1144 1530 1194 1582 in
1226 1528 1328 1583 hoc
1352 1528 1633 1597 obsequuti
1674 1535 1817 1589 sunt,
1858 1534 1911 1579 et
1939 1542 2069 1579 cum

472 1623 684 1695 egressi
704 1635 905 1687 essent,
937 1622 1071 1675 nihil
1098 1621 1433 1676 invenerunt.
1452 1619 1612 1675 .lubet
1634 1619 1842 1689 Moyses
1865 1618 1915 1672 in
1938 1633 2064 1672 vase

478 1730 646 1770 aureo
670 1715 856 1785 reponi
872 1730 939 1769 ex
955 1729 1144 1768 manna
1162 1714 1214 1767 in
1234 1712 1437 1767 futuras
1456 1714 1847 1783 generationes.
1872 1711 2061 1764 Manna

478 1821 609 1861 vero
634 1805 980 1861 comederunt
1003 1804 1348 1875 quadraginta
1382 1802 1558 1858 annis.
1587 1802 1735 1856 Tunc
1759 1818 2062 1855 murmura-

478 1904 673 1953 verunt
697 1896 767 1952 ob
781 1897 945 1952 sitim.
971 1895 1039 1950 Et
1061 1894 1322 1965 percussit
1345 1893 1554 1966 Moyses
1576 1902 1800 1963 petram,
1832 1891 2066 1961 exiilquc

481 2005 638 2061 aqua.
669 1989 821 2045 Venit
849 1989 1068 2043 Amalec
1106 1988 1356 2043 bellatum
1392 1994 1575 2040 eontra
1606 1984 1852 2039 lsraelem
1886 2001 1901 2037 :
1933 1992 1984 2037 ct
2011 1982 2075 2037 iu.

480 2082 664 2153 fugam
703 2082 853 2137 illum
903 2080 1063 2135 vertit
1102 2078 1258 2135 Jesus
1310 2077 1449 2132 (it‘ms
1492 2076 1635 2131 Nave
1664 2093 1676 2128 :
1702 2091 1765 2131 ae
1811 2073 2075 2144 quamdiu

481 2184 636 2232 erant
661 2190 849 2230 manus
874 2173 1069 2245 Moysis
1087 2182 1307 2236 erectae,
1322 2170 1607 2240 superabat
1636 2169 1827 2234 Israel;
1854 2166 2067 2238 quando

404 2266 413 2305 ἱ
480 2275 656 2320 autem
676 2264 987 2320 demittebat
1010 2278 1123 2327 eas,
1149 2261 1520 2330 superabatur.
1548 2259 1677 2312 Illud
1709 2274 1831 2312 vero
1858 2259 2065 2326 signum

481 2366 604 2411 erat
627 2356 821 2411 crucis.
856 2355 1076 2409 Stabant
1094 2354 1285 2423 quippe
1312 2355 1489 2405 Aaron
1527 2362 1581 2405 et
1616 2351 1689 2407 0r
1720 2350 1808 2418 qui
1839 2349 2072 2404 sustineo

480 2457 598 2503 rent
626 2463 812 2503 manus
838 2446 1023 2518 Moysi.
1054 2445 1197 2499 Dixit
1222 2454 1398 2498 autem
1426 2445 1680 2497 Dominus
1700 2444 1765 2496 ad
1785 2442 2019 2515 Muysem
2050 2458 2065 2495 :

407 2535 413 2594 Ῐ
484 2539 664 2595 Scribe
705 2540 799 2593 hoc
834 2539 884 2592 in
923 2545 1297 2591 monumentum
1344 2537 1403 2592 in
1441 2536 1567 2590 libro
1596 2535 1791 2606 (Exod.
1836 2536 1923 2588 17.
1956 2532 2066 2605 14).

482 2632 703 2687 Accedit
748 2620 937 2687 J‘olbor
960 2645 1113 2686 socer
1138 2629 1332 2700 Moysis
1374 2644 1494 2684 cum
1540 2644 1705 2682 uxore
1744 2629 1860 2698 ejus
1896 2629 2072 2698 (gene-

483 2739 603 2779 rum
630 2733 803 2778 autem
836 2724 983 2776 illum
1036 2731 1229 2791 przetcr
1271 2736 1425 2775 usum
1470 2731 1626 2775 vocat
1675 2719 1979 2791 Scriptura),
2016 2728 2073 2774 et

486 2813 654 2886 Moysi
676 2824 731 2869 et
756 2812 948 2883 populo
965 2812 1065 2883 (a).
1093 2812 1319 2867 Enarrat
1334 2811 1594 2865 mirabilia
1614 2810 1822 2882 Moyses
1843 2824 2031 2865 socero
2053 2827 2079 2865 ε.

486 2910 577 2965 ille
603 2925 730 2965 vero
759 2910 979 2963 miratus
1005 2917 1105 2963 est.
1138 2906 1207 2962 Ut
1244 2915 1421 2961 autem
1449 2905 1578 2959 vidit
1604 2913 1770 2959 totum
1813 2905 2067 2974 populum

426 3067 429 3071 η
484 3000 654 3073 Moysi
681 3000 1000 3064 adStanteui,
1030 2999 1176 3053 illum
1214 3012 1337 3051 vero
1367 3012 1471 3051 non
1516 3012 1672 3066 posse
1722 3012 1844 3067 erga
1884 3011 2075 3051 omnes

483 3093 739 3164 judicium
766 3107 1047 3157 exercere,
1085 3098 1270 3145 auctor
1296 3098 1378 3144 est
1426 3088 1505 3144 illi
1554 3104 1741 3153 socer,
1772 3098 1829 3141 ut
1875 3088 2073 3157 deligat

490 3186 635 3240 viros
685 3194 949 3254 potentes,
1000 3181 1307 3251 religiosos,
1353 3179 1547 3248 justus,
1602 3179 1845 3233 odieutes
1881 3194 2072 3246 snper-

487 3277 651 3340 biam,
672 3285 723 3330 et
746 3274 1035 3329 constituat
1057 3287 1150 3327 eos
1168 3270 1515 3335 milleuarios,
1534 3269 2035 3338 centenarios,,quin
2050 3298 2072 3309 -

490 3366 864 3438 quagenarios,
914 3363 1229 3419 decuriones
1259 3360 1455 3431 (Exod.
1504 3360 1592 3416 18.
1639 3359 1753 3432 2i).
1785 3359 2075 3428 Obtenipe-

486 3461 624 3517 ravit
648 3460 697 3515 ci
727 3460 959 3530 Moyses,
985 3467 1039 3512 et
1068 3454 1311 3510 ascendit
1337 3454 1390 3509 in
1419 3463 1676 3508 montem.
1707 3452 2073 3521 Prwcepitquc

488 3557 540 3611 ei
568 3554 708 3611 Dens
738 3562 796 3609 ut
824 3553 1019 3623 populo
1048 3551 1269 3612 diceret,
1303 3562 1398 3603 eos
1424 3548 1628 3602 futuros
1654 3546 1749 3599 Dei
1779 3546 1956 3613 regale
1984 3560 2071 3599 sa-

490 3646 808 3711 cerdotium,
837 3652 1046 3715 gentem
1083 3649 1342 3704 sanetam,
1391 3640 1435 3693 si
1482 3636 1799 3692 obedierint.
1832 3636 1908 3688 Illi
1947 3652 2075 3689 vero

488 3739 771 3794 dixerunt:
800 3736 983 3789 Omnia
1019 3747 1343 3804 quotcumque
1380 3730 1508 3784 dixit
1556 3728 1716 3793 Deus,
1759 3730 1999 3799 iaciemus
2029 3738 2075 3781 et

489 3831 753 3885 audiemus
801 3825 995 3900 (Exod.
1043 3825 1132 3880 l9.
1171 3823 1247 3897 8).
1296 3823 1442 3878 Tunc
1472 3820 1714 3891 przecipit
1755 3821 1970 3889 populo,
2020 3828 2115 3875 ut,

494 3922 803 3993 puriﬁeetur
848 3933 1014 3987 usque
1065 3917 1132 3971 ad
1190 3916 1400 3970 tertium
1432 3914 1594 3979 diem,
1633 3922 1688 3968 et
1738 3913 1878 3967 lavet
1916 3912 2079 3966 vesti-

496 4020 674 4067 menta
701 4025 815 4064 sua.
844 4007 937 4062 Hie
966 4008 1164 4061 dictum
1210 4016 1290 4059 est
1321 4004 1446 4058 illud
1492 4003 1634 4073 quod
1678 4003 1902 4059 habetur
1936 4002 2075 4072 apud

496 4094 1141 4175 ApostoluminEpistola
1188 4098 1254 4151 ad
1272 4096 1554 4153 llebrieos:
1594 4095 1655 4148 Si
1692 4097 1902 4165 tetigerit
1932 4113 2079 4148 mon-

497 4204 615 4257 tem,
644 4187 1152 4260 litpidabiturUlebr.
1176 4187 1257 4240 12.
1282 4185 1562 4255 20).Τιιιιο
1585 4200 1738 4237 mons
1763 4186 2073 4255 l'umigabat,

496 4297 655 4337 voces
678 4282 917 4335 tubarum
943 4279 1222 4332 sonabant.
1256 4277 1405 4330 Tune
1445 4264 1705 4345 pi'weepta
1738 4277 1868 4346 legis
1889 4278 2079 4345 accipit

496 4373 728 4443 Moyses,
771 4386 960 4439 nempe
986 4370 1319 4438 det-alogum,
1341 4377 1395 4423 et
1426 4368 1623 4435 reliqua
1654 4366 1798 4435 jura.
1822 4367 1952 4421 lllud
1978 4383 2075 4420 au-

501 4473 631 4528 tem,
657 4461 767 4515 Diis
790 4472 895 4515 non‘
919 4460 1181 4514 maledires
1220 4459 1412 4531 (Exod.
1434 4458 1523 4511 22.
1548 4458 1663 4527 '28),
1688 4475 1791 4513 non
1827 4459 1893 4513 de
1925 4457 2077 4512 idolis

500 4556 699 4610 dictum
731 4564 834 4617 est,
877 4553 970 4608 sed
1001 4553 1068 4607 de
1098 4551 1418 4620 principibus
1449 4567 1462 4600 :
1497 4550 1675 4603 subdit
1705 4552 1845 4602 enim
1877 4567 1890 4602 :
1919 4550 2077 4603 Prin-

500 4647 600 4717 cipi
633 4644 807 4715 populi
853 4645 924 4696 lui
953 4642 1380 4717 nonOntaledices.
1424 4642 1708 4697 l’ollicetur
1755 4641 1917 4693 multa
1951 4641 2078 4708 ipsis

498 4742 657 4802 bona,
686 4736 729 4790 si
759 4733 1241 4802 obedierintzquod
1264 4743 1449 4804 gentes
1478 4734 1579 4787 sint
1613 4732 1936 4801 superaturi,
1974 4741 2080 4784 lcr-

499 4848 612 4885 ram
640 4827 967 4900 pOSscssuri;
999 4826 1276 4894 pollicetur
1304 4827 1435 4880 item
1465 4841 1654 4893 aquam
1688 4840 1872 4877 eorum
1915 4823 2078 4877 benc-

501 4923 699 4977 dictum
746 4917 830 4982 iri,
862 4926 915 4970 et
943 4932 1154 4985 panem,
1200 4916 1342 4969 omni
1375 4917 1564 4969 morbo
1614 4914 1917 4969 liberandos
1960 4915 2080 4969 illos

500 5030 643 5081 esse,
672 5028 775 5067 non
809 5011 1033 5064 futuram
1057 5009 1292 5064 sterilem
1318 5025 1436 5065 esse
1459 5010 1509 5063 in
1535 5010 1657 5076 illis,
1681 5025 1851 5079 neque
1868 5010 2077 5075 orbum,

500 5124 673 5178 neque
700 5106 1035 5160 immaturam
1069 5113 1316 5167 mortem,
1346 5104 1601 5157 terminos
1625 5118 1813 5157 eorum
1850 5117 1908 5156 se
1934 5104 2078 5171 posi-

398 5227 411 5245 ι
499 5212 675 5254 turum
715 5214 832 5253 esse
875 5214 903 5250 a
942 5196 1072 5249 mari
1117 5194 1297 5248 Rubro
1345 5210 1511 5261 usque
1554 5195 1619 5246 ad
1662 5194 2077 5263 l’liylislinorum

497 5300 721 5356 terram,
748 5304 776 5341 a
807 5287 1021 5341 deserto
1050 5301 1216 5354 usque
1243 5286 1305 5337 ad
1338 5284 1681 5351 Euphratem.
1706 5285 1852 5338 'l'uue
1892 5286 2080 5339 immo-

496 5383 625 5437 lavit
653 5381 885 5454 Moyses,
904 5390 958 5435 ct
978 5378 1255 5433 dimidium
1279 5378 1552 5446 sanguinis
1574 5378 1756 5431 ell’udit
1784 5379 1849 5432 ad
1868 5379 2034 5434 altare
2063 5398 2075 5434 :

499 5474 869 5543 accipiensque
910 5472 1218 5540 sanguinem
1266 5470 1493 5538 arpersit
1555 5471 1826 5538 populum.
1878 5471 2079 5525 llorum

504 5566 746 5618 meminit
775 5564 968 5618 Paulus
995 5565 1046 5617 in
1077 5561 1315 5631 Epistula
1341 5562 1408 5615 ad
1435 5561 1687 5615 llebrams
1716 5561 1899 5615 dicens
1928 5581 1939 5614 :
1972 5562 2081 5617 Ne-

499 5674 594 5727 que
619 5657 837 5727 primum
866 5659 1235 5712 Testamentum
1260 5654 1369 5707 sine
1406 5654 1649 5721 sanguine
1692 5665 1979 5705 renovatum
2011 5665 2084 5708 est

557 5790 632 5865 (u)
666 5796 804 5850 uate,
839 5797 881 5838 ct
921 5789 1070 5853 .uoysi
1105 5794 1149 5839 et
1182 5786 1381 5852 populo,
1420 5788 1640 5838 videntur
1679 5789 1912 5839 mendose
1956 5796 2084 5844 irrc-

499 5868 512 5914 Ι
556 5867 672 5905 1558.

1265 411 1322 467 S.
1362 411 1641 469 JOANNIS
1671 410 2143 469 CllBYSOSTOMI
2165 411 2481 469 ΑΒΕΗΙΕΡ.
2521 414 3055 472 ΕΟΝΞΤΑΝΤΙΝΟΡ.

3638 421 3747 479 3³28

2160 523 2342 594 (Hebr.
2367 526 2422 580 9.
2445 526 2556 596 18).
2589 524 2816 581 .hibetor
2846 527 3054 599 Moyses
3086 528 3381 585 ascendere
3417 538 3472 585 et
3501 530 3748 600 accipere

2158 615 2384 668 tabulas.
2408 616 2473 669 Et
2501 626 2615 670 erat
2639 618 2708 671 ibi
2729 618 3077 687 quadraginta
3102 618 3292 675 diebus
3320 632 3371 676 et
3398 623 3749 692 quadraginta

2160 706 2423 762 noctibus.
2458 707 2671 761 Audirit
2718 719 2895 763 autem
2942 709 3346 779 dispositionem
3395 712 3743 777 tabernaculi,

2160 805 2427 850 eteorum
2458 812 2577 866 quae
2615 797 2669 851 in
2707 798 2823 867 ipso
2860 799 3288 865 continebantur,
3323 810 3378 856 et
3402 804 3753 857 sacerdotalis

2159 886 2413 952 amictus,
2436 896 2491 942 et
2519 888 2784 942 unctionis
2821 890 3178 955 sacerdotum,
3211 899 3266 945 et
3295 892 3749 961 redeniptionum-

2163 977 2286 1032 llzec
2311 994 2437 1033 vero
2462 988 2615 1034 erant
2643 989 2699 1034 ut
2736 980 2928 1050 singuli
2968 981 3241 1036 dimidiam
3284 983 3575 1039 didracluni
3622 1002 3742 1055 par-

2163 1081 2270 1125 tem
2297 1071 2505 1135 darent,
2550 1072 2603 1126 id
2649 1083 2752 1140 est,
2796 1074 2984 1129 obolos
3021 1074 3229 1151 decem.
3275 1076 3343 1131 Et
3381 1077 3449 1132 de
3480 1080 3745 1146 composi—

2163 1162 2306 1218 tione
2332 1163 2433 1218 olei
2468 1165 2728 1234 pra-eipit,
2769 1166 2905 1221 etde
2947 1167 3321 1223 observatione
3359 1169 3585 1223 sabbati.
3607 1170 3748 1225 Con-

2162 1254 2382 1308 ueniunt
2424 1253 2677 1310 Israelita:
2703 1266 2888 1311 contra
2932 1258 3197 1313 Aaronem
3224 1268 3281 1313 et
3302 1258 3366 1312 in;
3395 1259 3756 1315 idololatriam

2165 1346 2423 1401 incidunt.
2454 1346 2603 1403 Time
2643 1349 2719 1403 ait
2746 1350 2887 1405 Deus
2928 1350 3093 1422 Moysi
3123 1368 3138 1405 :
3168 1352 3294 1406 Sine
3341 1369 3438 1417 me,
3488 1363 3535 1405 et
3576 1353 3762 1407 delebo-

2164 1454 2269 1503 eos,
2297 1447 2344 1491 et
2370 1439 2563 1509 faciam
2599 1448 2646 1493 te
2686 1440 2739 1493 in
2767 1450 2968 1511 gentem
2998 1458 3235 1510 umquam
3273 1440 3467 1513 (Exod.
3501 1443 3590 1497 52.
3636 1445 3745 1514 10).

2168 1531 2236 1585 Ut
2264 1540 2442 1585 autem
2473 1531 2805 1588 descendens
2830 1533 3041 1604 Moyses
3076 1532 3203 1587 vidit
3240 1534 3465 1588 vitulum
3496 1544 3551 1589 et
3577 1551 3748 1605 popu-

2168 1623 2274 1675 lum
2306 1622 2599 1688 ludentem,
2638 1625 2859 1694 projecit
2883 1637 2937 1679 et
2968 1627 3220 1680 contrivit
3256 1628 3479 1692 tabulas,
3512 1629 3757 1697 inerepa-

2168 1714 2243 1765 vit
2272 1715 2558 1778 Aaronem,
2587 1716 2837 1784 praecepit
2862 1716 2981 1769 liliis
3009 1715 3136 1770 Levi
3175 1716 3698 1784 venientibus;dixit
3732 1738 3747 1773 :

2170 1802 2229 1857 Si
2253 1805 2365 1873 quis
2396 1804 2464 1857 ad
2505 1803 2797 1871 Dominum,
2831 1807 3001 1859 ueniat
3030 1807 3097 1859 ad
3139 1823 3237 1871 me,
3275 1817 3327 1860 ut
3365 1808 3560 1862 occidat
3590 1826 3748 1863 unus-

2167 1894 2375 1964 quisque
2399 1898 2609 1965 j'ratrem
2636 1908 2791 1949 suum
2810 1906 2856 1949 et
2874 1897 3158 1966 proximum
3177 1914 3325 1951 suum
3349 1913 3368 1951 :
3392 1907 3439 1952 et
3465 1899 3758 1953 ceciderunt

2169 1993 2267 2039 tres
2288 1987 2426 2039 mille
2451 1986 2544 2039 viri
2572 1985 2764 2055 (Exod.
2796 1986 2881 2041 '52.
2914 1986 2985 2041 26
3022 1987 3236 2057 -28)..
3267 1987 3418 2044 Tunc
3457 1991 3766 2045 ascendens

2169 2077 2375 2149 Moyses
2402 2078 2539 2133 dixit
2567 2080 2676 2135 Deo
2704 2097 2717 2133 :
2751 2080 2812 2134 Si
2854 2082 3053 2148 quidem
3083 2080 3292 2135 dimittis
3334 2081 3439 2136 illis
3465 2093 3746 2152 peccatum,

2171 2171 2402 2237 dimitte;
2439 2173 2518 2225 sin
2557 2173 2750 2239 minus,
2773 2173 2884 2226 dele
2922 2191 3000 2227 me
3028 2174 3092 2229 de
3129 2174 3277 2239 libro,
3319 2190 3469 2244 quem
3504 2176 3761 2245 scripsisti:

2176 2263 2366 2333 (Exod.
2395 2264 2484 2318 52.
2509 2265 2596 2318 51.
2628 2264 2743 2336 52).
2775 2265 2923 2320 Tunc
2956 2266 3100 2321 ﬂevit
3126 2267 3372 2337 populus,
3392 2279 3446 2322 et
3467 2268 3649 2337 jussus
3670 2279 3753 2324 est

2171 2357 2439 2424 deponere
2460 2367 2706 2411 ornatum
2729 2374 2913 2413 suum..
2935 2358 3031 2413 llic
3050 2357 3370 2412 dictuml'uit
3397 2376 3410 2413 :
3438 2359 3502 2412 Et
3519 2361 3757 2430 loquutus

2170 2457 2241 2500 est
2272 2445 2517 2500 Dominus
2566 2447 2635 2499 ad
2677 2447 2926 2517 Moysem,
2964 2448 3109 2516 quasi
3152 2448 3196 2500 si
3236 2449 3348 2518 quis
3398 2450 3633 2519 loquatur
3682 2453 3751 2503 ad

2173 2539 2389 2592 anticum
2415 2557 2559 2593 suum
2584 2539 2777 2612 (Exod.
2811 2540 2895 2594 55.
2932 2541 3043 2609 11).
3066 2538 3222 2594 .lesus
3248 2549 3421 2594 autent
3451 2544 3587 2595 lilius
3612 2542 3766 2596 Nave

2176 2650 2278 2687 non
2304 2633 2675 2704 egrediebatur
2696 2648 2767 2688 ex
2790 2632 3151 2688 tabernaculo.
3181 2634 3332 2690 Tunc
3361 2643 3511 2704 rogat
3549 2635 3769 2706 Moyses.

2176 2723 2363 2789 Deum,
2393 2733 2448 2777 ut
2478 2739 2581 2776 non
2611 2723 2942 2793 derelinquat
2969 2724 3241 2793 populum,
3268 2733 3323 2779 et
3341 2725 3532 2779 dolatis
3547 2726 3764 2781 duabus.

2173 2815 2388 2880 tabulis,
2421 2816 2624 2884 accepit
2662 2815 2994 2884 decaloguni,
3042 2816 3323 2870 transacds
3368 2831 3576 2870 rursum
3621 2834 3755 2885 qna-

2172 2906 2414 2977 draginta
2444 2907 2629 2961 diebus
2658 2916 2711 2960 et
2758 2908 3103 2977 quadraginta
3144 2909 3406 2963 noctibus.
3447 2910 3756 2980 l’rmcipitur

2174 3009 2350 3053 autem
2384 3000 2480 3068 ipsi
2511 2999 2707 3053 iterum
2743 2999 2808 3054 de
2839 3001 3051 3068 pascha,
3085 3000 3152 3053 de
3183 2982 3427 3068 sabbato,
3467 3002 3534 3056 de
3575 3012 3756 3056 exter-

2175 3090 2439 3144 minandis
2459 3090 2692 3159 gentium
2713 3089 2914 3156 diis,.dc
2931 3091 3293 3160 primogenitis
3317 3091 3413 3161 ipsi
3432 3093 3756 3147 sanctiﬁcan-

2176 3183 2276 3235 dis.
2309 3181 2403 3236 llic
2431 3182 2644 3251 legitur,
2670 3182 2904 3253 Moysem
2935 3178 3055 3237 cum
3102 3183 3221 3236 velo
3259 3183 3530 3252 loquutum
3564 3185 3755 3253 populo

2176 3290 2324 3338 esse;
2356 3274 2505 3343 quod.
2522 3274 2586 3328 ad
2615 3274 2922 3329 Corinthios
2950 3274 3182 3329 secunda
3216 3276 3288 3330 ait
3318 3276 3511 3330 Paulus
3536 3277 3610 3346 (2.
3640 3276 3755 3330 ϐυτ.

2176 3369 2373 3437 5‘15).
2399 3366 2549 3420 Tune
2584 3366 2685 3421 illis
2715 3377 3037 3435 praeceptum
3067 3376 3149 3421 est
3176 3367 3244 3421 de
3275 3367 3521 3432 sabbato,
3548 3368 3615 3421 de
3642 3383 3753 3420 ina.

2179 3461 2308 3513 tcria
2348 3458 2413 3512 ad
2448 3458 2772 3513 tabernaculi
2812 3458 3263 3513 constructionem
3306 3459 3621 3522 adhibenda,
3659 3459 3767 3512 hoc

2177 3560 2279 3613 est,
2306 3549 2374 3603 de
2400 3564 2552 3613 auro,
2584 3549 2651 3603 de
2671 3564 2799 3615 tere,
2831 3548 2898 3603 de
2923 3549 3147 3616 capillis,
3177 3548 3350 3616 deque
3377 3549 3577 3619 reliqua
3600 3558 3756 3602 malc-

2181 3640 2275 3693 ria.
2308 3638 2375 3693 Et
2410 3638 2485 3693 illi
2516 3638 2727 3708 quidem
2757 3654 2875 3693 cum
2918 3654 3106 3708 magna
3146 3638 3439 3695 allerebant
3464 3640 3751 3702 alacritate,

2179 3731 2248 3784 ita
2280 3741 2335 3783 ut
2363 3730 2716 3793 redundaret;
2758 3738 3009 3799 operatus
3060 3738 3238 3783 autem
3286 3741 3369 3783 est
3415 3730 3650 3789 Beseleel
3692 3730 3770 3783 ἀοι

2180 3821 2319 3875 tribu
2342 3820 2497 3886 Iuda,
2538 3830 2592 3874 et
2629 3820 2780 3876 Ellab
2806 3822 2871 3874 de
2908 3821 3042 3873 trith
3074 3821 3183 3873 Dan
3213 3822 3392 3875 omnia
3437 3821 3505 3875 ad
3540 3837 3756 3890 appara-

2180 3925 2291 3968 tum
2346 3915 2680 3980 necessaria;
2726 3924 2781 3969 et
2824 3915 3218 3969 tabernaculum
3272 3915 3440 3981 stetit,
3489 3916 3767 3984 nubesque

2180 4007 2562 4077 operuitillud.
2590 4006 2741 4074 Quod
2771 4015 2947 4060 autem
2991 4008 3289 4075 impensum
3342 4008 3434 4061 l'uil
3468 4008 3533 4061 ad
3575 4025 3751 4076 opera,

2180 4100 2293 4151 auri
2324 4099 2538 4167 quidem
2565 4098 2745 4167 viginti
2770 4114 2961 4152 novem
2993 4101 3182 4153 talenta
3206 4112 3255 4153 et
3278 4100 3393 4153 sicli
3419 4101 3761 4170 septingenti,

2180 4187 2391 4256 argenti
2410 4188 2602 4245 talenta
2634 4196 2869 4254 centum,
2893 4188 3006 4241 sieli
3031 4189 3152 4254 772,
3186 4189 3306 4243 :L'l'l)
3326 4191 3522 4244 talenta
3550 4202 3758 4260 septua-

2180 4279 2347 4347 ginta,
2378 4291 2430 4333 et
2456 4280 2538 4333 bis
2568 4279 2710 4333 mille
2740 4280 3022 4350 quingenti.
3042 4282 3178 4335 sicli.

2512 4426 2806 4479 LEVlTlCUS,
2848 4429 3001 4468 LIBER
3039 4430 3266 4474 manus
3304 4414 3403 4485 (a).

2255 4547 2520 4602 Leviticus
2544 4558 2762 4602 vocatur
2800 4549 2886 4603 hic
2924 4551 3078 4615 liber,
3106 4551 3229 4622 quia
3270 4551 3485 4619 proprie
3511 4560 3565 4605 et
3597 4567 3757 4620 pecu-

2185 4637 2382 4690 liariter
2411 4649 2570 4690 totam
2601 4639 2817 4692 Levitici
2855 4640 3130 4693 ministerii
3168 4642 3389 4693 formam
3415 4641 3673 4704 continet,
3705 4650 3764 4695 et

2184 4747 2287 4798 quo
2317 4741 2469 4796 pacto
2491 4732 2671 4788 Aaron
2685 4741 2737 4784 et
2777 4730 2998 4799 liliiejus
3021 4746 3084 4784 ex
3112 4731 3246 4783 tribu
3275 4731 3398 4796 Levi
3432 4732 3482 4784 in
3511 4731 3764 4786 sacerdo-

2186 4830 2264 4873 tes
2284 4822 2435 4873 electi
2467 4823 2645 4889 utique
2685 4821 2897 4883 fuerint,
2925 4834 2978 4876 ct
3020 4824 3274 4892 quidquid
3315 4824 3640 4878 discriminis
3683 4832 3763 4877 est

2186 4913 2326 4969 inter.
2356 4914 2611 4966 sacriﬁcia
2637 4925 2690 4968 et
2713 4915 3030 4981 oblationes,
3063 4927 3113 4969 et
3154 4916 3324 4983 qualis
3365 4917 3435 4970 sit
3487 4917 3765 4971 universus

2185 5023 2455 5060 sacrorum
2486 5008 2677 5071 cultus,
2705 5010 3135 5078 sacerdotaleque
3164 5009 3537 5064 ministerium.
3565 5010 3767 5065 Deinde

2185 5101 2441 5168 cujusque
2465 5100 2709 5153 sacrilieii
2739 5101 2906 5170 legem
2934 5116 2993 5153 ex
3004 5101 3181 5169 ponit;
3211 5112 3321 5154 tum
3349 5100 3467 5168 ejus
3491 5100 3636 5170 quod
3662 5117 3759 5170 pro

2186 5192 2377 5257 salute,
2420 5199 2529 5245 tum
2579 5192 2694 5260 ejus
2723 5193 2864 5261 quod
2914 5207 3009 5260 pro
3053 5192 3279 5259 delicto,
3321 5192 3433 5247 sive
3469 5203 3765 5262 spontaneo

2187 5285 2299 5340 sive
2319 5286 2689 5350 involuntario,
2709 5296 2885 5355 etquo
2904 5296 3054 5354 pacto
3070 5286 3272 5355 singula
3291 5286 3572 5341 dividenda
3593 5285 3770 5339 sititet

2190 5381 2484 5435 referenda.
2515 5380 2802 5433 Enarratur
2831 5382 2989 5433 etiam
3018 5380 3071 5433 in
3103 5380 3202 5432 hoc
3244 5379 3379 5432 libro
3425 5379 3620 5432 suunni
3671 5392 3759 5430 sa-

2188 5474 2442 5539 cerdotis,
2494 5474 2823 5542 aliorumque
2868 5473 3204 5526 sacerdotum
3260 5473 3440 5527 unctio
3472 5490 3486 5526 :
3515 5473 3581 5526 ad
3630 5472 3763 5537 haec,

2254 5604 2326 5665 (τι)
2347 5610 2455 5652 Haec
2468 5609 2567 5667 tota
2584 5606 2774 5653 Levitiei
2791 5606 3011 5667 Synopsis
3022 5604 3326 5654 desideratur
3349 5606 3393 5652 in
3410 5602 3587 5655 Codice
3608 5603 3770 5657 Coisli-

2192 5666 2352 5721 niano,
2377 5667 2463 5713 sed
2507 5666 2713 5714 habetur
2747 5668 2796 5715 iu
2826 5666 3143 5726 Lugduueusi
3165 5668 3400 5715 Batavieo.
3431 5667 3629 5715 maxima
3655 5680 3772 5715 vero

2194 5741 2303 5786 pars
2328 5728 2432 5784 ejus
2458 5729 2628 5774 eadem
2656 5731 2681 5787 ιι
2702 5742 2750 5774 sa
2778 5736 2870 5782 est,
2898 5742 3006 5789 qua:
3031 5731 3077 5774 in
3102 5737 3293 5788 Synopsi
3315 5729 3551 5777 Athanasii
3576 5728 3771 5774 nomine.

2192 5805 2219 5840 a
2244 5790 2390 5853 nobis
2418 5790 2551 5853 edita
2586 5798 2663 5837 est
2697 5791 2847 5838 'l‘omo
2888 5794 2922 5840 ll
2956 5793 3170 5853 Operum
3212 5793 3484 5842 Athanasii.
3521 5791 3588 5840 lia
3619 5789 3681 5838 de
3712 5798 3770 5836 te

2195 5850 2355 5915 agitur
2381 5850 2429 5901 in
2451 5852 2664 5902 Diatriba
2697 5861 2809 5901 ante
2834 5850 3078 5915 SyuopSin
3104 5855 3272 5917 posita.
