4058 6344
295 318 405 378 527
417 325 432 337 "

299 462 402 500 σαν
440 446 491 498 οί
539 444 867 515 Ἰσραηλῖται
899 445 961 498 ἑν
997 445 1063 516 τῇ
1107 445 1330 516 ἐρήμῳ,
1378 446 1516 517 κρέα
1553 443 1859 514 ζητοῦντες.

295 531 431 584 Τότε
464 527 684 600 ἔϐρεξεν
720 529 906 592 αὐτοῖς
951 529 1144 599 μάννα.
1175 526 1309 582 Εἶτα
1340 530 1536 600 ἤνεγκε
1578 529 1678 599 τὴν
1710 529 1866 598 ὀρτυ-

297 614 600 683 γομήτραν.
646 610 908 665 Ἐνταῦθα
946 613 1041 668 ἐπὶ
1075 610 1168 665 τοῦ
1209 612 1416 683 μάννα,
1445 612 1475 664 ὃ
1505 612 1566 666 τὸ
1591 612 1725 665 πολὺ
1767 611 1866 664 οὐκ

297 695 612 757 ἑπλεόνασε,
641 694 732 748 καὶ
771 694 801 747 ὃ
836 694 897 748 τὸ
923 694 1101 762 ὀλίγον
1128 695 1226 748 οὐκ
1264 695 1612 765 ἡλαττόνησε,
1649 695 1865 765 παρήγ-

295 779 446 848 γειλε
464 779 540 850 μὴ
564 778 949 832 ὑπολείπεσθαι
980 781 1058 842 είς
1085 779 1182 848 τὴν
1210 777 1416 850 αὔριον.
1433 781 1495 832 Οί
1517 780 1574 832 δὲ
1594 779 1868 849 παρήκου-

301 880 424 925 σαν,
457 863 553 914 καὶ
596 861 787 929 γέγονε
833 859 894 913 τὸ
921 860 1279 929 καταλειφθὲν
1315 861 1607 932 σκωλήκων
1637 859 1863 930 πλῆρες.

298 945 467 1000 Εἶπεο
502 945 594 1016 Μὴ
625 944 873 1014 ἐξέλθητε
911 944 1155 1008 συλλέξαι
1183 944 1259 1015 τῷ
1299 945 1582 1016 σαϐϐάτῳ·
1618 945 1668 997 οἱ
1691 944 1747 996 δὲ
1773 945 1866 997 καὶ

297 1032 358 1084 ἑν
400 1028 574 1097 τούτῳ
625 1029 1011 1098 παρήκουσαν,
1053 1028 1146 1082 καὶ
1192 1026 1494 1092 ἐξελθόντες
1539 1029 1636 1098 οὐχ
1687 1021 1860 1098 εῦρον.

297 1112 524 1167 Κελεύει
565 1109 797 1180 Μωῦσῆς
846 1112 903 1164 ὲν
938 1110 1158 1182 στάμνῳ
1212 1114 1383 1183 χρυσῇ
1430 1111 1724 1166 ἀποθέσθαι
1758 1111 1866 1164 ἀπὸ

297 1198 394 1253 τοῦ
419 1200 591 1270 μάννα
631 1200 709 1263 είς
746 1199 844 1262 τὰς
879 1197 1015 1268 μετά
1060 1197 1229 1253 ταῦτα
1255 1201 1465 1267 γενεάς.
1498 1199 1571 1252 Τὸ
1604 1199 1658 1252 δὲ
1693 1200 1866 1271 μάννα

297 1291 502 1360 ἔφαγον
551 1292 955 1362 τεσσαράκοντα
1004 1290 1118 1360 ἑτη.
1161 1291 1294 1345 Τότε
1345 1291 1636 1361 ἐγόγγυζον
1671 1292 1756 1345 διὰ
1805 1293 1866 1346 τὸ

293 1381 470 1454 δῖψος.
489 1385 597 1438 Καὶ
619 1383 854 1450 ἐπάταξε
882 1383 1119 1454 Μωῦσῆς
1152 1383 1249 1454 τὴν
1277 1383 1499 1454 πέτραν,
1527 1384 1622 1437 καὶ
1646 1383 1865 1454 ἐξῆλθεν

293 1476 358 1530 τὸ
386 1475 550 1546 ὕδωρ.
579 1476 833 1545 Ἔρχεται
873 1473 1117 1545 Ἀμαλὴκ
1144 1475 1456 1545 πολεμῶσαι
1496 1475 1588 1527 τὸν
1629 1474 1862 1546 Ἰσραήλ·

294 1565 392 1619 καὶ
417 1563 677 1636 ἐτρέψατο
701 1564 862 1618 αὐτὸν
887 1564 1092 1634 Ἰησοῦς
1117 1566 1145 1617 ό
1162 1563 1255 1617 τοῦ
1285 1563 1461 1635 Ναυῆ’
1484 1565 1577 1617 καὶ
1605 1563 1709 1628 ἕως
1726 1558 1866 1636 ἦσαν

293 1661 350 1712 αἱ
381 1659 560 1728 χεῖρες
613 1655 820 1725 Μωῦσῆ
862 1655 1156 1726 μετέωροι,
1192 1656 1406 1726 ίσχυσεν
1433 1657 1460 1708 ό
1502 1655 1736 1726 Ἰσραὴλ,
1775 1655 1864 1708 ὅτε

291 1746 352 1798 δὲ
383 1743 621 1811 καθῆκεν
655 1742 859 1805 αὐτὰς,
885 1741 1144 1814 ἡττῶντο.
1177 1741 1344 1794 Τοῦτο
1373 1743 1430 1794 δὲ
1468 1742 1638 1806 τύπος
1667 1739 1736 1814 ἦν
1770 1742 1864 1796 τοῦ

293 1830 529 1903 σταυροῦ
547 1843 595 1884 ι.
634 1831 990 1900 Είστήκεισαν
1014 1829 1121 1899 γὰρ
1159 1828 1369 1898 Ἀαρὼν
1403 1830 1496 1882 καὶ
1529 1830 1652 1900 Ὢρ,
1681 1829 1866 1900 στηρί-

293 1920 480 1983 ζοντες
504 1917 600 1981 τὰς
625 1918 813 1988 χεῖρας
833 1915 1056 1986 Μωῦσῇ.
1073 1912 1203 1968 Εἷπε
1231 1915 1286 1968 δὲ
1319 1914 1522 1986 Κύριος
1544 1916 1680 1987 πρὸς
1703 1917 1866 1971 Μωϋ-

290 2009 394 2078 αῆν
418 2023 434 2038 ο
461 2003 862 2073 Κατάτραψον
896 2003 1071 2057 τοῦτο
1109 2005 1194 2068 είς
1223 2003 1619 2072 μνημόσυνον
1664 2004 1736 2057 ἐν
1775 2005 1866 2068 ⁴βι-

291 2095 459 2158 ϐλίφ.
506 2093 748 2163 ’Δπαντᾷ
778 2091 943 2163 ἰοθὸρ
990 2092 1020 2144 ὁ
1052 2090 1312 2163 πενθερὸς
1355 2091 1563 2162 Μωῦσῆ
1601 2092 1740 2162 μετά
1765 2093 1888 2164 τῆς.

290 2181 551 2250 γυναικὸς
588 2179 857 2251 (γαμϐρὸν
875 2179 933 2232 δὲ
969 2178 1129 2232 αὐτὸν
1160 2178 1317 2232 καλεῖ
1344 2181 1796 2251 καταχρηστικῶς
1827 2183 1862 2250 ή

289 2269 506 2340 Γραφῆ)
547 2267 624 2337 τῷ
651 2283 710 2319 τε
754 2267 960 2338 Μωῦσῇ
996 2265 1089 2319 καὶ
1139 2265 1217 2336 τῷ
1255 2265 1367 2337 λαῷ
1387 2266 1438 2321 ι).
1488 2269 1764 2338 Διηγεῖται
1795 2268 1864 2322 τά

291 2353 574 2424 θαυμάσια
593 2353 829 2422 Μωῦσῆς
857 2351 933 2422 τῷ
966 2353 1238 2424 πενθερῷ·
1280 2352 1385 2405 όδὲ
1419 2353 1746 2424 ἐθαύμασεν.
1778 2357 1864 2420 Ὠς

290 2440 347 2494 δὲ
375 2437 483 2494 εἶδε
505 2441 682 2495 πάντα
711 2439 802 2492 τὸν
830 2439 958 2492 λαὸν
1005 2439 1388 2511 παρεστηκότα
1412 2442 1618 2512 Μωύσῇ
1641 2484 1656 2508 ,
1690 2443 1780 2496 τὸν
1808 2445 1864 2497 δὲ

290 2531 392 2583 οὐκ
418 2528 688 2600 ἀρκοῦντα
725 2530 858 2582 πᾶσι
893 2529 1115 2600 κρίνειν,
1147 2530 1311 2600 φησιν
1336 2529 1486 2601 αύτῷ
1511 2533 1539 2584 ὁ
1581 2533 1860 2603 πενθερός·

303 2618 579 2686 Ἐπίλεξαι
621 2618 818 2689 ἄνδρας
850 2618 1126 2681 δυνατοὺς,
1148 2617 1438 2684 θεοσεϐεῖς,
1465 2619 1720 2688 δικαίους,
1773 2639 1863 2693 μι-

291 2707 523 2771 σοῦντας
555 2707 953 2779 ὑπερηφανίαν,
977 2708 1073 2761 καὶ
1117 2708 1457 2778 κατάστησον
1501 2708 1698 2772 αὐτοὺς
1730 2708 1866 2779 χιλι-

291 2795 536 2866 άρχους,
568 2795 1031 2865 ἑκατοντάρχους,
1083 2796 1618 2866 πεντηκοντάρχους,
1671 2795 1865 2866 δεκάρ-

289 2894 484 2953 χουςο.
517 2881 768 2953 Ἐποίησε
809 2883 1049 2953 Μωῦσῆς
1075 2881 1266 2948 οὕτως,
1295 2882 1391 2934 καὶ
1419 2882 1648 2952 ἀνῆλθεν
1690 2885 1770 2945 είς
1805 2883 1864 2936 τὸ

289 2970 464 3042 ὅρος.,
486 2971 592 3023 Καὶ
622 2968 954 3041 προσέταξεν
983 2968 1132 3038 αὐτῷ
1182 2972 1210 3024 ὁ
1253 2969 1385 3032 Θεὸς
1407 2971 1578 3022 εἰπεῖν
1623 2969 1701 3039 τῷ
1729 2969 1863 3040 λαῷ,

290 3058 379 3115 ὅτι
403 3055 611 3113 ἔσονται
624 3057 713 3112 τοῦ
731 3056 864 3109 Θεοῦ
892 3055 1159 3126 βασίλειον
1192 3055 1507 3128 ἱεράτευμα,
1522 3056 1671 3119 ἑθνος
1688 3057 1862 3125 ἇγιον,

291 3141 394 3196 ἑὰν
424 3139 792 3194 ὑπακούσωσι..
817 3140 879 3192 Οἱ
912 3139 969 3192 δὲ
997 3134 1178 3192 εἷπον·
1209 3139 1492 3204 Ἅπαντα,
1511 3139 1628 3193 ὅσα
1646 3136 1814 3194 εἶπεν
1833 3143 1865 3195 ὁ

293 3224 465 3290 Θεὸς,
490 3225 814 3295 ποιήσομεν
834 3224 932 3279 καί
956 3225 1352 3295 ἀκουσόμεθα.
1385 3227 1518 3280 Τότε
1536 3228 1865 3296 προστάσσει

287 3311 373 3384 τῷ
402 3313 514 3384 λαῷ
550 3313 866 3382 άγνισθῆναι
897 3312 1000 3375 ἕως
1049 3314 1238 3385 τρίτης
1286 3314 1520 3386 ⁴ἡμέρας,
1575 3316 1768 3370 πλῦναι
1797 3317 1866 3370 τὰ

290 3402 486 3473 ίμάτια
534 3401 733 3456 αὐτῶν.
805 3400 1066 3456 Ἐνταῦθα
1117 3402 1330 3473 εἴρηται
1383 3405 1477 3456 καὶ
1512 3404 1575 3456 τὸ
1609 3405 1759 3475 παρά
1787 3405 1866 3475 τῷ

302 3488 611 3559 ’Δποστόλῳ
651 3491 711 3542 ἑν
763 3490 829 3560 τῇ
877 3487 1015 3560 πρὸς
1055 3488 1360 3559 Ἐϐραίους·
1404 3489 1530 3545 Κᾶν
1574 3492 1712 3561 θίγῃ
1755 3491 1865 3545 τοῦ

289 3578 492 3646 ὅρους,
529 3576 1084 3646 λιθοϐοληθήσεται.
1118 3577 1268 3650 [5‘29]
1297 3579 1431 3631 Τότε
1461 3580 1782 3644 ὲκαπνίζετο
1806 3580 1866 3633 τὸ

285 3667 443 3738 ὅρος,
471 3666 646 3735 φωναὶ
679 3665 993 3734 σαλπίγγων
1012 3667 1196 3737 ῆχουν.
1228 3667 1362 3720 Τότε
1393 3667 1491 3731 τὰς
1516 3669 1734 3732 ἑντολάς
1769 3671 1864 3724 τοῦ

287 3755 459 3823 νόμου
483 3753 749 3824 λαμϐάνει
772 3754 1134 3824 Μωῦσῆς,τῆν
1158 3755 1478 3824 Δεκάλογον,
1503 3758 1684 3811 καὶτὰ
1705 3758 1867 3814 λοιπά

285 3841 655 3912 δικαιώματα.
696 3843 770 3895 Τὸ
812 3842 904 3906 δὲ,
947 3841 1130 3907 Θεοὺς
1185 3844 1257 3896 οὐ
1315 3845 1770 3914 κακολογήσεις,
1803 3849 1865 3902 ού

287 3930 423 4000 τερὶ
464 3929 696 3984 εἰδώλων
749 3932 964 4001 εἴρηται
990 3971 1006 3997 ,
1049 3930 1185 3986 ἀλλά
1231 3932 1359 4002 περὶ
1413 3933 1520 3986 τῶν
1558 3935 1864 4004 ἀρχόντων·

286 4019 488 4087 ἐπάγει
521 4020 649 4089 γὰρ,
677 4020 949 4088 Ἀρχοντι
971 4019 1077 4073 τοῦ
1102 4021 1256 4074 λαοῦ
1297 4037 1414 4075 σου
1449 4023 1561 4076 οὐκ
1589 4023 1742 4090 ἐρεῖς
1770 4042 1866 4080 κα-

286 4105 430 4170 κῶς.
466 4106 907 4175 Ἐπαγγέλλεται,
938 4108 990 4160 εί
1039 4107 1425 4171 ὑπακούσειαν,
1480 4110 1650 4163 πολλά
1682 4113 1864 4177 αὐτοῖς

285 4193 474 4261 ἀγαθά
493 4209 506 4224 ·
534 4194 828 4265 κρατήσειν
858 4193 964 4247 τῶν
992 4194 1178 4260 ἑθνῶν,
1217 4196 1316 4266 τῆς
1346 4196 1450 4266 γῆς
1480 4196 1860 4270 κληρονομίαν,

283 4282 348 4333 τὸ
380 4279 525 4350 ὕδωρ
549 4279 730 4335 αὐτῶν
760 4281 1072 4351 εύλογήσειν
1093 4282 1187 4336 καὶ
1218 4283 1309 4335 τὸν
1334 4283 1516 4354 ἄρτον,
1545 4285 1724 4357 πάσης
1754 4305 1860 4357 μα-

285 4366 486 4431 λακίας
533 4368 731 4431 αὐτοὺς
777 4369 1127 4435 ἀπαλλάξειν,
1167 4370 1242 4439 μὴ
1289 4369 1507 4436 ἔσεσθαι
1559 4375 1775 4443 στεῖραν
1806 4375 1863 4426 ἑν

285 4457 494 4520 αὐτοῖς,
535 4457 669 4527 μηδὲ
707 4455 919 4524 ἄγονον,
953 4457 1089 4528 μηδὲ
1115 4457 1343 4512 θάνατον
1396 4458 1596 4530 ἄωρον,
1631 4461 1699 4514 τὰ
1741 4462 1865 4532 ὅρια

285 4541 472 4595 αὐτῶν
519 4541 704 4613 θήσειν
731 4542 841 4596 ἀπὸ
870 4544 969 4614 τῆς
1017 4544 1279 4616 Ἐρυθρᾶς
1314 4545 1588 4617 θαλάσσης
1619 4547 1724 4613 ἕως
1763 4549 1860 4619 τῆς
1930 4560 1937 4568 “

284 4628 624 4700 Φυλιστιεὶμ,
644 4629 754 4683 ἀπὸ
772 4630 870 4701 τῆς
893 4631 1101 4702 ἐρήμου
1128 4632 1234 4696 ἑως
1267 4634 1362 4686 τοῦ
1402 4635 1711 4706 Εὐφράτου.
1731 4637 1862 4691 Τότε

287 4718 413 4772 θύει
433 4719 696 4788 Μωῦσῆς,
714 4718 881 4772 καὶτὸ
895 4719 1065 4789 ῆμισυ
1089 4720 1184 4773 τοῦ
1203 4721 1430 4791 αἵματος
1447 4722 1711 4794 προσέχεε
1727 4725 1862 4795 πρὸς

286 4806 350 4860 τὸ
381 4804 762 4878 θυσιαστήριον
783 4821 796 4835 ·
816 4806 907 4858 καὶ
935 4805 1113 4859 λαϐὼν
1140 4807 1200 4859 τὸ
1227 4803 1366 4878 αἷμα
1381 4810 1739 4864 κατεσκέδασε
1766 4811 1860 4865 τοῦ

286 4891 736 4964 λαοῦρΜέμνηται
759 4892 962 4947 τούτων
977 4894 1005 4945 ὁ
1021 4893 1230 4958 Παῦλος
1247 4897 1304 4947 ἐν
1325 4899 1392 4967 τῇ
1414 4896 1547 4966 πρὸς
1579 4897 1860 4969 Ἑϐραίους

285 4980 483 5050 λέγων,
500 4983 583 5036 ὅτι
602 4979 755 5036 Οὐδὲ
771 4982 808 5050 ἡ
829 4980 1025 5050 πρώτη
1045 4981 1296 5052 διαθήκη
1317 4982 1492 5052 χωρὶς
1502 4983 1748 5054 αἵματος
1766 4985 1861 5056 ἐγ-

349 5128 377 5159 ⁶
400 5127 483 5178 Sic
512 5126 725 5189 Homilia
744 5129 793 5189 in
814 5127 954 5185 illud,
981 5128 1148 5185 PaIer,
1173 5124 1217 5176 si
1238 5124 1463 5189 possibile
1479 5132 1548 5178 est
1573 5141 1589 5178 :
1611 5131 1690 5177 καὶ
1711 5133 1859 5179 Μωῡ-

278 5198 374 5250 σῆς
391 5191 446 5239 δὲ
471 5190 599 5252 οὕτω
621 5187 711 5237 τοῦ
745 5187 962 5252 ’ῥμαλήκ
1003 5187 1312 5252 περιεγένετο,
1339 5190 1496 5246 ἐπειδὴ
1517 5191 1660 5238 τύπον
1681 5193 1860 5242 ἐπεδεί-

278 5247 428 5302 κνυτο
467 5248 554 5298 τοῦ
578 5247 934 5313 σταυροῦζΜΟΧ
960 5247 1089 5311 quod
1110 5247 1230 5299 dicit
1270 5251 1660 5310 Chrysostomus.
1682 5254 1858 5302 Jolho-

277 5327 392 5384 τεῳ
423 5313 520 5361 dici
543 5314 590 5360 in
602 5312 870 5394 E‘crjplgg
881 5313 1106 5394 ‘7a9;699v
1127 5313 1543 5394 καταχρηστριιῑῐιεζ
1559 5315 1651 5393 εει)
1677 5315 1859 5394 impio-

278 5376 393 5439 prie
418 5388 506 5437 pro
524 5375 761 5443 πενθερόν,
785 5383 1030 5434 generum.
1055 5375 1103 5420 in
1125 5375 1352 5444 omnibus
1378 5376 1473 5420 τῶν
1502 5375 1572 5442 (_)’
1607 5379 1859 5438 exempla-

275 5437 421 5487 ribus
463 5437 714 5498 hodieque
754 5440 1074 5498 qngervalurl
1092 5433 1406 5498 σοι-γαμϐρόν
1428 5437 1629 5496 legitur.
1655 5436 1856 5498 Lugdu-

272 5500 448 5550 nensis
469 5493 645 5545 codex—
664 5497 748 5543 hic
767 5493 918 5543 habet
949 5496 1157 5558 γαμϐρόν
1179 5493 1230 5542 δὲ
1263 5493 1413 5543 ἀὐτὸν
1436 5493 1569 5544 κᾶλεῖ
1589 5493 1856 5560 χρηστικῶς

274 5563 391 5626 (sic)
411 5564 455 5616 ή.
471 5560 650 5631 Γραφῇ,

338 5622 368 5662 1³
391 5623 525 5671 Hac.
566 5637 639 5671 τω

338 5637 525 5678 Duae,
566 5637 639 5684 τῳ
687 5637 740 5666 τε
780 5637 967 5676 ὶὶιωυσῃ
1010 5637 1046 5663 ιι

270 5683 611 5755 κηρυεαρις..
665 5741 679 5755 .
997 5739 1046 5755 .,

337 5751 360 5780 ι’
375 5741 644 5802 ’ίηΒὶὺιὶἱε
665 5741 860 5804 legitur
878 5741 1207 5802 δεκαδάρχους.

687 5635 740 5666 τε
779 5619 967 5676 Μωυσῇ
1010 5618 1089 5664 καὶ
1135 5621 1202 5681 τῷ
1250 5621 1377 5684 λαῷ,
1421 5624 1656 5671 mendose
1696 5620 1853 5672 forsan

1349 313 1680 372 SYNOPSIS
1715 309 2129 369 SCMPTURJE
2168 310 2436 369 SACRIE.

3427 323 3536 380 εει

1967 442 2355 495 κεκαίνισται.
2406 441 2700 495 Κελεύεται
2720 445 2958 513 Μωῦσῆς
2985 443 3222 498 ἀνελθὼν
3254 443 3444 498 λαϐεῖν
3469 444 3537 495 τὰ

1967 529 2150 594 πυξία.
2169 531 2279 583 Καὶ
2292 525 2359 600 ἦν
2377 532 2493 584 ἐκεῖ
2510 515 2914 602 τεσσαράκοντα
2928 534 3034 605 ὴμέ
3043 549 3139 604 ρας
3162 534 3254 587 καὶ
3269 534 3534 602 τεσσαράα

1968 633 2128 670 κοντα
2148 617 2616 681 νύκτας.Ἥκουσε
2638 620 2694 671 δὲ
2718 620 2817 688 τὴν
2835 619 3075 684 διάταξιν
3092 621 3191 688 τῆς
3210 619 3416 688 σκηνῆς
3444 613 3538 671 καὶ

1964 703 2073 756 τῶν
2090 705 2148 757 ἑν
2170 706 2330 777 αὐτῇ,
2345 707 2547 776 καὶτῆς
2567 707 2844 776 ἱερατικῆς
2864 706 3070 776 στολῆς,
3090 697 3289 776 καὶτῆς
3307 705 3537 776 χρίσεως

1965 793 2073 845 τῶν
2113 795 2322 864 ἱερέων,
2351 796 2445 848 καὶ
2474 794 2582 847 τῶν
2607 795 2835 866 λύτρων.
2859 793 3044 849 Ταῦτα
3085 795 3140 847 δὲ
3164 791 3231 866 ἧν
3265 795 3324 847 τὸ
3365 795 3536 864 ἣμισυ

1963 879 2058 933 τοῦ
2102 882 2398 954 διδράχμου
2448 883 2674 936 ἕκαστον
2724 883 2943 947 διδόναι,
2985 884 3278 948 τουτέστιν,
3318 884 3537 945 ὀϐολοὺς

1964 967 2114 1024 δέκα.
2153 971 2263 1025 Καὶ
2303 971 2552 1042 περὶτῆς
2583 972 2882 1034 συνθέσεως
2915 970 3009 1024 τοῦ
3051 972 3230 1025 ἑλαίου
3261 974 3534 1042 παραινεῖ,

1967 1057 2060 1110 καὶ⁵
2083 1057 2226 1128 ὑπὲρ
2257 1059 2356 1129 τῆς
2395 1058 2641 1128 φυλακῆς
2661 1059 2754 1112 τοῦ
2787 1059 3078 1112 σαϐϐάτου.
3119 1059 3536 1130 Ἐκκλησιάζου-

1968 1159 2052 1196 σιν
2070 1146 2120 1198 οί
2161 1145 2486 1217 Ἰσραηλῖται
2511 1146 2654 1201 κατὰ
2695 1146 2903 1216 Ἀαρὼν
2939 1147 3034 1199 καὶ
3074 1145 3532 1217 είδωλολατροῦσι.

1967 1231 2100 1284 Τότε
2130 1232 2339 1302 φησὶνό
2372 1233 2503 1296 Θεὸς
2531 1233 2607 1303 τῷ
2630 1233 2858 1302 Μωῦσῇο
2903 1233 3128 1286 Ἕασόν
3157 1250 3254 1302 με,
3297 1233 3394 1287 καί
3435 1234 3534 1297 ἐξ-

1965 1320 2196 1389 αλείψω
2209 1321 2453 1388 αὐτοὺς,
2479 1323 2579 1376 καί
2611 1322 2842 1390 ποιήσω
2860 1337 2933 1375 σε
2957 1323 3044 1387 εὶς
3065 1323 3240 1387 ἔθνος
3260 1322 3430 1392 μέγα.
3450 1325 3537 1387 Ὠς

1964 1405 2022 1458 δὲ
2055 1407 2330 1462 κατελθὼν
2356 1411 2385 1462 ὁ
2421 1409 2659 1480 Μωῦσῆς
2686 1405 2793 1462 εἶδε
2824 1409 2914 1462 τὸν
2947 1411 3144 1481 μόσχον
3174 1411 3379 1463 καὶτὸν
3411 1411 3539 1464 λαὸν

1967 1495 2276 1562 παίζοντας,
2303 1496 2493 1569 ἔρριψε
2527 1496 2626 1561 τὰς
2680 1497 2912 1564 πλάκας,
2949 1499 3042 1553 καὶ
3074 1499 3408 1570 συνέτριψεν,
3443 1503 3539 1552 ἑπ-

1967 1583 2194 1656 ετὶμησε
2222 1585 2298 1656 τῷ
2343 1583 2572 1658 Ἀαρὼν,
2602 1586 2852 1639 ἐκέλευσε
2879 1590 2992 1651 τοῖς
3034 1589 3167 1650 υἱοῖς
3190 1587 3322 1640 Λευῒ
3355 1587 3552 1641 ἐλθοῦσ-⁴

1967 1686 2072 1733 σιν,
2127 1667 2280 1724 εἷπε·
2325 1673 2398 1725 El
2454 1689 2544 1737 τις
2599 1675 2748 1744 πρὸς
2793 1671 3068 1744 Κύριονά,
3127 1676 3228 1729 ἴτω
3257 1677 3406 1744 πρός
3440 1695 3535 1746 με,

1965 1759 2225 1829 σφάξειν
2266 1761 2528 1816 ἕκαστον
2582 1765 2688 1818 τὸν
2745 1764 3010 1834 ἀδελφὸν
3067 1765 3252 1820 αὐτοῦ
3300 1767 3397 1819 καὶ
3434 1766 3540 1820 τὸν

1965 1852 2232 1916 πλησίον
2260 1853 2466 1907 αὑτοῦ.
2504 1854 2615 1907 Καὶ
2673 1855 2898 1909 ἔπεσον
2924 1858 3243 1924 τρισχίλιοι
3297 1855 3534 1924 ἄνδρες.

1967 1937 2098 1990 Τότε
2143 1937 2200 1991 δὲ
2245 1939 2481 1994 ἀνελθὼν
2539 1942 2783 2010 Μωῦσῆς
2827 1941 2975 2010 λέγει
3021 1943 3098 2012 τῷ
3143 1942 3294 2012 (θεῷ’
3332 1946 3401 1997 El
3423 1943 3540 2012 μὲν

1965 2024 2203 2093 ἀριεῖςο
2255 2027 2460 2094 αὐτοῖς
2514 2027 2630 2096 τὴν
2670 2029 2980 2098 ἁμαρτίαν,
3030 2029 3213 2096 ἄρεςο
3252 2032 3304 2083 εί
3337 2028 3407 2081 δὲ
3428 2029 3537 2098 μὴ,

1965 2112 2292 2182 ἐξάλειψόν
2331 2131 2409 2184 με
2437 2116 2506 2170 ἐκ
2553 2115 2664 2185 τῆς
2693 2117 2936 2180 βίϐλου,
2972 2111 3046 2186 ἧς
3087 2117 3373 2185 ἔγραψας.
3407 2118 3540 2171 Τότε

1965 2199 2264 2273 ἐπένθησεν
2282 2203 2312 2254 ό
2331 2202 2481 2267 λαὸς,
2505 2203 2599 2256 καὶ
2625 2202 2914 2272 ἐκελεύσθη
2935 2203 3202 2274 περιελεῖν
3221 2205 3309 2256 τὸν
3339 2205 3540 2274 κόσμον

1965 2286 2151 2342 αὐτοῦ.
2179 2289 2440 2342 Ἐνταῦθα
2463 2286 2694 2361 εἴρηται·
2716 2289 2822 2344 Καὶ
2851 2289 3118 2357 ἐλάλησε
3149 2292 3363 2359 Κύριος
3390 2293 3541 2360 πρὸς

1964 2376 2249 2445 Μωῦσῆν,
2278 2379 2361 2444 ὡς
2421 2379 2478 2432 ετ
2521 2396 2610 2445 τις
2656 2379 2917 2446 λαλήσει
2965 2379 3115 2447 πρὸς
3172 2379 3277 2433 τὸν
3322 2381 3541 2435 ἑαυτοῦ

1965 2464 2166 2533 φίλον.
2207 2465 2410 2533 Ἰησοῦς
2436 2465 2492 2519 δὲ
2531 2469 2559 2520 ὁ
2588 2467 2683 2518 τοῦ
2713 2467 2869 2534 Ναυῆ
2910 2467 3007 2519 οὐκ
3042 2467 3392 2538 ἐξεπορεύετο
3441 2473 3542 2540 τῆς

1967 2552 2192 2624 σκηνῆς.
2238 2554 2372 2608 Τότε
2410 2555 2720 2624 παρακαλεῖ
2763 2556 3005 2624 Μωῦσῆς
3049 2556 3143 2609 τὸν
3195 2557 3361 2619 Θεὸν,
3400 2558 3539 2612 ὥστε

1967 2639 2042 2709 μὴ
2074 2640 2387 2696 καταλιπεῖν
2418 2641 2509 2695 τὸν
2541 2641 2697 2694 λαόνο
2747 2644 2843 2696 καὶ
2884 2643 3149 2708 λαξεύσας
3185 2644 3278 2698 δύο
3305 2645 3537 2711 πλάκας,

1964 2726 2227 2798 λαμϐάνει
2255 2729 2355 2800 τὴν
2413 2729 2736 2798 Δεκάλογον,
2779 2731 3011 2801 ποιήσας
3065 2732 3226 2784 πάλιν
3272 2733 3542 2802 τεσσαρά-
3581 2773 3594 2791 ,

1966 2831 2128 2868 κοντα
2148 2815 2363 2885 ἡμέρας
2390 2817 2485 2870 καὶ
2511 2817 2916 2886 τεσσαράκοντα
2938 2817 3158 2882 νύκτας.
3207 2818 3540 2874 Ἐντέλλεται

1963 2901 2020 2955 δὲ
2041 2901 2188 2973 αὐτῷ
2236 2902 2398 2957 πάλιν
2425 2904 2554 2973 περὶ
2579 2902 2672 2956 τοῦ
2703 2905 2886 2975 πάσχα
2905 2947 2922 2972 ,
2956 2906 3082 2975 περὶ
3113 2906 3207 2958 τοῦ
3248 2907 3537 2967 σαϐϐάτου,

1966 2989 2094 3058 περὶ
2123 2988 2216 3042 τοῦ
2264 2989 2637 3060 ἑξολοθρεῦσαι
2671 2992 2796 3055 τοὺς
2843 2991 2996 3056 θεοὺς
3042 2991 3146 3044 τῶν
3173 2992 3361 3057 ἐθνῶν,
3400 2994 3539 3064 ὑπὲρ

1965 3075 2056 3128 τοῦ
2103 3077 2324 3144 ἁγιάσαι
2372 3078 2520 3148 αὐτῷ
2565 3078 2634 3131 τὰ
2676 3078 3016 3149 πρωτότοκα.
3053 3080 3310 3134 Ἐνταῦθα
3340 3083 3535 3141 κεῖται.

1964 3162 2046 3215 ὅτι
2082 3165 2218 3233 μετά
2249 3163 2602 3235 καλύμματος
2635 3166 2821 3219 ἑλάλει-
2861 3167 3098 3234 Μωῦσῆς
3126 3167 3203 3238 τῷ
3234 3167 3346 3238 λαῷ
3367 3187 3378 3198 ο
3422 3169 3450 3222 ὃ
3481 3172 3538 3222 ἐν

1964 3252 2030 3320 τῇ
2061 3249 2286 3322 δευτέρᾳ
2305 3253 2439 3322 πρὸς
2457 3253 2774 3323 Κορινθίους
2799 3254 2962 3323 φησὶν
2984 3255 3011 3306 ὁ
3030 3254 3258 3318 Παῦλος.
3279 3255 3411 3308 Τότε
3441 3256 3536 3308 αὑ-

1964 3339 2076 3400 τοῖς
2099 3339 2530 3410 παραγγέλλεται
2570 3340 2809 3408 περὶτοῦ
2828 3341 3119 3401 σαϐϐάτου,
3150 3343 3242 3395 καὶ
3276 3343 3406 3412 περὶ
3438 3343 3561 3412 τῆς·

1967 3423 2098 3494 ὕλης
2118 3427 2218 3494 τῆς
2251 3425 2571 3497 ὀφειλούσης
2598 3429 2947 3498 προχωρῆσαι
2976 3430 3054 3491 είς
3081 3429 3182 3498 τὴν
3213 3429 3311 3498 τῆς
3334 3431 3538 3500 σκηνῆς

1966 3513 2248 3582 ἐργασίαν,
2297 3513 2562 3576 τουτέστι,
2598 3516 2726 3584 περὶ
2756 3513 2848 3567 τοῦ
2895 3514 3118 3584 χρυσοῦ,
3179 3514 3272 3567 τοῦ
3311 3515 3534 3585 χαλκοῦ,

1966 3599 2074 3652 τῶν
2098 3599 2322 3672 τριχῶν,
2346 3602 2441 3654 καὶ
2471 3601 2569 3672 τῆς
2597 3599 2790 3669 λοιπῆς
2828 3599 2975 3669 ὕλης.
2996 3601 3104 3653 Καὶ
3134 3601 3184 3654 οί
3221 3601 3317 3671 μὲν
3345 3603 3537 3672 ἔφερον

1966 3687 2134 3759 πολλῇ
2166 3691 2232 3758 τῇ
2263 3687 2560 3760 προθυμίᾳ,
2589 3687 2664 3752 ὡς
2707 3689 2801 3741 καὶ
2837 3688 3208 3758 περισσεύειν*
3248 3690 3536 3758 ἐργάζεται

1968 3773 2118 3846 [3'50]
2150 3775 2496 3846 δὲΒεσελεὴλ
2526 3777 2604 3828 ἑκ·
2637 3778 2736 3845 τῆς
2767 3773 2937 3846 φυλῆς
2970 3775 3138 3827 Ἰούδα
3168 3817 3181 3838 ,
3227 3777 3320 3828 καὶ
3355 3777 3536 3830 Ἐλιάϐ

1966 3867 2031 3918 ὲκ
2059 3865 2160 3935 τῆς
2189 3864 2362 3935 φυλῆς
2384 3866 2490 3918 Δάν
2533 3866 2746 3918 ἅπαντα
2781 3863 2848 3917 τὰ
2878 3863 3012 3935 πρὸς
3038 3863 3136 3936 τὴν
3175 3867 3534 3936 κατασκευὴν,

1965 3952 2060 4005 καὶ
2086 3951 2214 4020 ἔστη
2253 3953 2286 4022 ἡ
2315 3952 2508 4021 σκηνὴ,
2541 3952 2632 4004 καὶ
2660 3950 2928 4018 ἐκάλυψεν
2953 3951 3123 4020 αὐτὴν
3148 3953 3179 4021 ἡ
3210 3951 3426 4023 νεφέλη.
3464 3955 3536 4006 Τὸ

1963 4037 2020 4092 δὲ
2045 4037 2318 4092 ἀναλωθὲν
2344 4040 2424 4101 είς
2447 4037 2516 4090 τὰ
2535 4039 2669 4109 ἔργα
2697 4037 2920 4108 χρυσίου
2953 4038 3304 4107 μὲνσάλαντα
3331 4039 3410 4092 κθ’
3443 4041 3536 4094 καὶ

1966 4126 2135 4179 σίκλοι
2182 4126 2258 4195 ιν,
2286 4125 2544 4195 ἀργυρίου
2597 4125 2654 4178 δὲ
2687 4124 2932 4179 τάλανται
2966 4132 3034 4196 ρ’,
3067 4125 3236 4179 σίκλοι
3272 4126 3411 4196 ψοβ’,
3443 4132 3536 4182 καὶ

1964 4211 2168 4284 χαλκοῦ
2202 4212 2441 4268 τάλαντα
2469 4220 2532 4276 θ’,
2570 4213 2664 4267 καὶ
2693 4211 2887 4276 σίκλοι,
2919 4211 3028 4282 βφ¹.

2389 4301 2723 4366 Λευῖτικόν,
2751 4301 2992 4366 βιϐλίον
3015 4300 3091 4370 γ’.

2033 4389 2315 4443 Δευῖτικὸν
2343 4389 2583 4442 καλεῖται
2611 4387 2766 4441 τοῦτο
2797 4388 2860 4442 τὸ
2893 4388 3115 4457 βιϐλίον,
3145 4390 3330 4463 ἐπειδὴ
3353 4392 3536 4456 ίδικῶς

1965 4478 2145 4532 πᾶσαν
2171 4478 2269 4548 τῆς
2294 4493 2351 4529 τε
2392 4477 2678 4546 Λευῖτικῆς
2699 4477 3036 4546 λειτουργίας
3064 4477 3162 4548 τὴν
3202 4478 3536 4534 διατύπωσιν

1965 4564 2226 4635 περιέχει,
2249 4563 2342 4617 καὶ
2361 4563 2479 4627 πῶς
2517 4562 2723 4633 Ἀαρὼν
2755 4563 2849 4615 καὶ
2889 4563 2938 4614 οί
2964 4562 3069 4615 υἱοὶ
3088 4564 3250 4618 αὐτοῦ
3280 4564 3534 4634 ἐκλέγον-

1963 4668 2052 4705 ται
2092 4652 2156 4703 ἑκ
2183 4650 2283 4720 τῆς
2316 4650 2485 4720 φυλῆς
2515 4648 2666 4713 Λευῒ,
2700 4649 2791 4702 καὶ
2820 4649 3060 4719 χρίονται
3093 4652 3171 4713 είς
3199 4652 3398 4723 ἱερέας,
3428 4655 3532 4707 πᾶ-

1965 4738 2064 4791 σάν
2085 4753 2144 4789 τε
2164 4735 2262 4806 τὴν
2293 4735 2552 4806 διαφοράν
2587 4734 2695 4788 τῶν
2729 4734 2959 4788 θυσιῶνο
3013 4739 3107 4790 καὶ
3138 4736 3238 4806 τὴν
3276 4740 3532 4809 ποιότητα

1962 4825 2142 4878 πᾶσαν
2164 4824 2263 4894 τῆς
2297 4825 2355 4875 ἑν
2398 4821 2475 4892 τῷ
2506 4821 2636 4892 ἱερῷ
2673 4821 2925 4893 λατρείας
2967 4823 3062 4876 καὶ
3100 4824 3378 4893 ἱερατικῆς
3427 4824 3532 4878 λει-

1959 4911 2233 4980 τουργίας.
2266 4911 2539 4979 Διηγεῖται
2571 4908 2665 4962 καὶ
2709 4907 2800 4962 τὸν
2842 4908 3004 4978 νόμον
3045 4908 3278 4978 ἑκάστης
3318 4910 3529 4973 θυσίας,

1962 5002 2088 5071 περί
2112 5018 2172 5054 τε
2205 5001 2300 5053 τοῦ
2335 5001 2603 5068 σωτηρίου
2638 4999 2730 5052 καὶ⁵
2763 4999 2856 5052 τοῦ
2884 4998 3129 5053 ἑκουσίου
3157 5000 3250 5052 καὶ
3275 4999 3528 5052 ἀκουσίου
3555 5042 3564 5058 ,

1961 5087 2446 5159 πλημμελήματος,
2475 5085 2568 5138 καὶ
2613 5084 2728 5149 πῶς
2758 5086 2973 5156 ἑκάστῳ
3003 5086 3114 5138 τῶν
3151 5085 3535 5155 προσφερομέη.

1961 5195 2066 5232 νων
2101 5177 2419 5247 διαιρεῖσθαι
2462 5175 2555 5228 καὶ
2595 5174 2960 5246 ἀναφέρεσθαι
3000 5173 3202 5243 ὀφείλει
3241 5171 3526 5241 διηγεῖται.

1965 5266 2118 5318 Ἔστι
2147 5264 2203 5317 δὲ
2231 5266 2288 5316 ἑν
2308 5264 2481 5334 τούτῳ
2500 5260 2576 5332 τῷ
2607 5261 2793 5333 βιϐλίῳ
2823 5264 2856 5332 ἡ
2887 5264 3064 5332 χρῖσις
3101 5259 3195 5312 τοῦ
3230 5259 3530 5330 ἀρχιερέως

1960 5355 2052 5407 καὶ
2094 5353 2204 5405 τῶν
2237 5353 2446 5424 ἱερέων,
2487 5353 2580 5404 καί¹
2626 5353 2660 5421 ἡ
2691 5350 2961 5418 διάκρισις
3001 5349 3093 5400 καὶ
3125 5349 3157 5417 ἡ
3196 5347 3393 5415 γνῶσις
3422 5348 3529 5401 τῶν

1961 5440 2219 5510 σημείων,
2250 5441 2376 5510 περὶ
2419 5440 2624 5508 λέπρας
2655 5435 2955 5507 ἀνθρώπων
3010 5435 3102 5486 καὶ
3159 5435 3385 5502 ἱματίων
3435 5437 3529 5489 κα).

1958 5530 2132 5597 τοίχου
2163 5527 2357 5590 οἰκίας,
2395 5527 2530 5579 καὶὸ
2561 5525 2764 5595 νόμοςό
2797 5521 2922 5591 περὶ
2953 5519 3294 5589 καθαρισμοῦ
3326 5521 3532 5579 αὐτῶν..

2019 5677 2044 5717 τί
2073 5676 2124 5741 [n
2149 5675 2333 5741 _B_ib_ljis
2354 5675 2628 5741 I_cgitur_t€:
2645 5672 2758 5733 πρὸς
2775 5668 2968 5741 μύρων.
2997 5727 3019 5738 υ

2027 5757 2048 5780 ε
2071 5739 2123 5788 In
2149 5736 2319 5789 Bibliis
2344 5731 2523 5788 Gri-cis
2548 5731 2726 5798 legum
2752 5733 2789 5780 εἰ
2813 5731 2893 5792 μὲν
2913 5731 3059 5791 ἀφεῖς.
