4102 6322
338 291 443 348 529

328 406 588 476 judicium
626 414 679 461 et
703 406 933 475 cognitio
972 407 1309 473 iudiciorum,
1360 408 1549 477 quibus
1593 416 1700 463 tam
1739 408 1911 464 homi-

333 512 480 559 num,
511 511 667 564 quam
722 496 1169 563 indumentorum,
1217 500 1582 569 parietumque
1628 498 1911 555 domorum

329 587 473 656 lepra
507 586 836 655 deprehendi
870 590 1055 658 possit,
1088 598 1141 642 et
1169 589 1345 659 quisit
1392 604 1578 644 eorum
1624 591 1916 660 expiando-

329 699 446 737 rum
468 685 621 737 ritus.
645 682 910 738 Praaterea
952 700 1070 754 qua:
1092 685 1160 737 sit
1192 685 1273 738 lex
1315 693 1367 739 et
1395 684 1665 739 distinctio
1713 700 1917 740 connu-

328 773 536 828 biorum
562 773 941 843 legitimorum,
974 782 1029 827 et
1049 788 1294 843 quamam
1344 790 1439 844 pro
1468 775 1762 845 illegitimis
1803 778 1913 833 sint

327 863 593 927 habenda.
626 866 751 921 ltem
801 866 927 936 quid
965 866 1291 923 discriminis
1319 869 1389 922 sit
1436 868 1574 923 inter
1616 870 1811 925 munda
1854 880 1908 925 ct

326 956 599 1011 immunda
653 958 934 1024 animalia,
967 959 1209 1028 interque
1254 960 1499 1016 volucres
1532 970 1588 1015 et
1633 962 1806 1031 pisces
1846 978 1909 1019 ac

325 1049 532 1116 reptilia
557 1049 788 1117 cujusvis
811 1050 1045 1118 generis,
1076 1051 1460 1119 etquibusnam
1482 1053 1646 1116 vesci,
1700 1068 1731 1106 a
1774 1052 1900 1124 qui-

322 1138 547 1192 busnam
567 1138 843 1193 abstinere
863 1136 1100 1193 dedeant
1121 1138 1611 1198 Hebraei.Declarat
1635 1144 1792 1198 etiam
1818 1145 1909 1215 qui

320 1226 394 1286 sit
420 1229 828 1287 Tubarumdies
848 1231 904 1284 in
927 1232 1202 1285 neomenia
1222 1234 1419 1287 mensis
1448 1236 1658 1304 septimi
1690 1253 1707 1307 ζ
1732 1238 1908 1307 magni

320 1331 537 1387 quoque
552 1317 737 1388 jejunii
759 1330 1104 1390 praeceptum,
1128 1321 1268 1391 quod
1295 1323 1482 1378 eodem
1500 1325 1728 1395 septimo
1748 1341 1903 1382 meu-

316 1422 401 1473 se,
430 1408 635 1465 decima
680 1413 880 1466 mensis
926 1415 1328 1470 custodiendum
1377 1418 1466 1484 sit,
1490 1434 1646 1487 quam
1688 1421 1906 1477 sabbata

318 1499 673 1557 sabbatorum
708 1514 763 1558 et
791 1506 993 1574 peccati
1038 1508 1407 1563 remissionem
1460 1519 1637 1565 vocat.
1690 1511 1904 1569 Festum

314 1593 483 1649 etiam
508 1594 998 1653 Taberuaculorum
1029 1599 1236 1654 decima
1264 1602 1443 1670 quinta
1469 1602 1709 1671 ejusdem
1756 1620 1907 1660 men-

312 1684 391 1741 sis
422 1686 679 1741 celebrari
703 1687 872 1756 jubet.
899 1690 1020 1759 Agit
1048 1706 1258 1760 quoque
1284 1692 1350 1746 de
1393 1692 1564 1759 festis,
1592 1705 1647 1748 et
1688 1710 1807 1764 quae
1849 1696 1901 1750 in

314 1775 425 1831 illis
446 1777 715 1833 offerenda
756 1780 861 1835 sint
885 1782 1139 1851 prmeipit.
1167 1782 1298 1838 Item
1343 1785 1410 1841 de
1463 1785 1903 1845 manumittendis

311 1864 576 1934 Hebraeis,
600 1868 687 1937 qui
717 1869 769 1922 in
800 1871 1111 1926 servitutem
1140 1873 1337 1928 venditi
1379 1884 1522 1943 sunt,
1551 1885 1608 1932 et
1637 1876 1705 1932 de
1747 1878 1903 1934 dehi-

312 1968 493 2014 turum
542 1961 897 2017 remissione:
928 1963 995 2018 de
1019 1965 1198 2034 quiete
1235 1967 1464 2037 septimo
1505 1984 1716 2039 quoque
1760 1986 1902 2026 anno

313 2060 476 2104 terrae
498 2051 859 2107 concedenda.
895 2054 975 2108 Ad
1006 2054 1119 2109 haec
1145 2056 1212 2111 de
1234 2057 1490 2125 legalibus
1518 2060 1797 2129 prazeeptis
1837 2076 1901 2116 ac

314 2141 637 2197 testimoniis
682 2144 953 2200 admonet.
1013 2146 1183 2201 Porro
1214 2151 1553 2205 servantibus
1596 2152 1703 2219 illa,
1751 2154 1890 2210 bona

313 2233 633 2312 pollicetur;
691 2239 1202 2307 transgredientibus
1228 2257 1354 2295 vero
1394 2243 1709 2312 gravissima
1755 2247 1895 2301 mala

311 2327 562 2391 minatur.
597 2328 739 2384 Inter
790 2330 937 2385 cibos
987 2343 1162 2388 autem
1212 2335 1442 2390 mundus
1488 2345 1543 2391 et
1594 2338 1897 2395 immundos

310 2420 707 2477 distinctionem
738 2422 1037 2493 hujusmodi
1064 2427 1232 2495 ponit.
1260 2429 1315 2482 ln
1348 2429 1516 2483 brutis
1536 2430 1896 2489 animantibus

309 2510 420 2577 haec
445 2512 642 2567 munda
670 2513 799 2569 dicit
816 2530 955 2583 esse,
970 2533 1088 2587 qua:
1105 2518 1351 2587 ungulam
1367 2518 1627 2585 dividunt,
1651 2530 1706 2576 et
1727 2523 1892 2591 gemi-

309 2618 404 2658 nas
429 2606 653 2675 ungulas
677 2605 899 2674 habent,
926 2623 990 2663 ac
1016 2610 1423 2666 ruminationem
1454 2624 1736 2682 regerunt;
1761 2630 1891 2684 qua-

307 2696 375 2751 lia
401 2706 525 2752 sunt
551 2698 768 2765 vitulus,
798 2700 932 2765 ovis,
963 2716 1141 2770 capra,
1169 2717 1382 2767 cervus,
1406 2704 1647 2770 bubalus,
1677 2721 1889 2774 caprea,

305 2802 458 2859 oryx,
501 2804 787 2861 pygargus,
823 2792 1181 2860 tragelaphus,
1233 2795 1690 2864 eameIOpardalis,
1720 2805 1776 2851 et
1820 2798 1894 2851 si-

305 2878 469 2953 milia.
498 2878 553 2933 Si
570 2894 699 2935 vero
727 2881 999 2951 quidpiam
1022 2898 1206 2936 eorum
1227 2882 1473 2951 defuerit,
1505 2901 1599 2954 pro
1619 2886 1891 2942 immundo

305 2966 602 3038 habebitur,
631 2980 688 3025 ut
740 2982 865 3026 sunt
916 2973 1170 3037 camelus,
1224 2973 1399 3042 lepus,
1456 2974 1887 3046 chterogryllus:

308 3060 427 3115 hinc
451 3063 588 3115 enim
640 3064 1165 3134 ruminantquidem,
1194 3066 1287 3120 sed
1321 3068 1571 3137 ungulam
1618 3084 1722 3124 non
1780 3070 1888 3124 fin-

304 3151 474 3217 dunt;
501 3161 551 3207 et
577 3169 665 3209 sus
689 3170 901 3225 quoque
931 3171 944 3208 :
979 3173 1099 3211 nam
1132 3157 1217 3211 hic
1243 3160 1463 3229 ungulas
1490 3159 1647 3215 habet
1663 3176 1725 3215 ac
1745 3162 1882 3216 divi-

311 3243 411 3306 dit,
444 3244 535 3298 sed
559 3260 661 3301 non
689 3248 936 3301 ruminat.
973 3248 1047 3303 De
1078 3248 1375 3305 volatilibus
1397 3266 1522 3305 vero
1547 3267 1665 3322 quae
1685 3252 1771 3307 edi
1798 3268 1888 3308 ve-

302 3343 401 3405 tat,
451 3334 565 3391 haec
612 3347 736 3392 sunt
768 3356 781 3393 :
813 3339 1008 3409 aquila,
1056 3340 1309 3412 gryphes,
1354 3341 1635 3410 haliaétus,
1683 3346 1882 3412 vultur,

301 3424 519 3493 milvus,
572 3441 783 3496 corvus,
817 3440 871 3485 et
908 3430 992 3485 his
1033 3432 1246 3498 similia,
1276 3434 1529 3502 accipiter
1575 3444 1629 3489 et
1667 3437 1882 3505 similia,

296 3516 607 3584 nycticorax
653 3528 707 3573 et
746 3519 973 3585 similia,
1020 3530 1333 3587 eataractes,
1386 3524 1510 3589 ibis,
1566 3527 1877 3597 porphyrio,

294 3611 589 3680 pelicanus,
617 3628 834 3683 cycnus,
867 3615 1101 3682 erodius,
1125 3616 1451 3677 eharadrius,
1475 3626 1529 3672 et
1557 3617 1637 3671 his
1659 3619 1874 3687 similia,

293 3719 471 3773 Upupa
499 3712 552 3759 et
576 3708 899 3776 vespertilio.
953 3707 1211 3777 Repentia
1242 3710 1492 3776 volatilia,
1523 3714 1700 3766 omnia
1751 3714 1879 3768 dicit

288 3811 409 3853 esse
435 3798 726 3864 immunda,
754 3815 873 3869 qum
893 3810 1117 3869 quatuor
1134 3801 1353 3869 pedibus
1376 3802 1688 3872 gradiuntur
1729 3822 1878 3873 qua:-

288 3907 392 3960 que
412 3906 570 3946 crura
600 3892 823 3961 pedibus
843 3893 1150 3947 sublimiora
1187 3895 1401 3958 habent,
1428 3896 1501 3949 ita
1532 3904 1590 3950 ut
1612 3897 1661 3950 in
1708 3896 1812 3952 illis
1845 3914 1879 3953 a

286 3994 426 4057 terra
454 3986 671 4051 saliant,
705 3986 877 4055 qualia
893 3995 1020 4040 sunt
1048 3986 1301 4053 bruchus,
1344 3987 1589 4056 pittacus,
1647 3998 1872 4059 attagus,

284 4076 486 4139 locusta
516 4085 572 4131 et
613 4077 831 4140 similia,
881 4087 933 4132 et
984 4078 1200 4133 lacerta.
1245 4078 1376 4144 Qua:
1432 4094 1559 4132 vero
1604 4078 1654 4132 in
1700 4081 1868 4148 aquis,

284 4169 394 4224 sive
422 4170 476 4223 in
509 4169 668 4234 mari,
701 4171 815 4223 sive
843 4170 896 4224 in
925 4170 1230 4225 fluminibus
1274 4187 1337 4226 ac
1364 4172 1690 4226 torrentibus
1719 4183 1859 4239 nata,

282 4259 394 4320 haec
422 4260 551 4315 dicit
578 4274 701 4316 esse
730 4262 945 4327 munda,
979 4263 1067 4317 illa
1107 4262 1355 4318 videlicet
1401 4278 1519 4332 qua:
1569 4264 1756 4333 pinnas
1810 4274 1864 4319 et

284 4364 531 4419 squamas
552 4352 787 4416 habent;
823 4360 881 4406 ut
904 4363 1026 4406 sunt
1054 4354 1224 4423 trigla,
1253 4370 1456 4419 scarus,
1485 4355 1721 4424 glaucus,
1748 4369 1868 4410 ces-

282 4450 443 4509 treus,
475 4451 531 4498 et
561 4459 687 4514 qua:
715 4444 797 4498 his
822 4452 946 4498 sunt
969 4445 1178 4499 similia.
1215 4445 1343 4511 Quae
1365 4456 1541 4499 autem
1572 4446 1746 4516 aliquo
1775 4462 1868 4500 eo-

280 4549 395 4589 rum
430 4544 643 4600 carent,
673 4536 941 4591 immunda
992 4553 1090 4591 nec
1136 4537 1373 4601 edenda;
1405 4537 1653 4592 videlicet
1697 4538 1862 4606 sepia,

280 4639 392 4698 quae
414 4627 617 4695 pinnas
647 4626 823 4696 habet,
849 4629 1080 4697 squamis
1098 4639 1277 4683 autem
1299 4638 1463 4683 caret.
1496 4628 1573 4681 Ex
1594 4628 1699 4682 illis
1751 4644 1851 4681 au-

282 4725 382 4773 tem
402 4732 707 4788 quasupra
733 4726 928 4773 terram
957 4729 1168 4787 repunt,
1199 4719 1310 4773 haec
1334 4717 1603 4772 immunda
1635 4734 1752 4772 esse
1779 4719 1863 4772 di—

278 4806 366 4870 cit,
391 4815 713 4879 musmlam,
746 4808 1069 4862 crocodilum
1099 4817 1423 4873 terrestrem,
1451 4808 1715 4877 mygaleu,
1738 4808 1863 4863 cha-

279 4899 634 4966 mreleontem,
657 4900 976 4965 stellionem,
991 4915 1199 4955 sauram
1220 4911 1272 4955 et
1290 4900 1503 4968 talpam.
1521 4903 1595 4955 De
1619 4911 1862 4971 serpente

278 5001 474 5059 autem,
507 5001 565 5048 et
593 5008 717 5062 qua:
749 4991 847 5061 ipsi
869 5003 989 5047 sunt
1009 4994 1221 5057 similia,
1255 4992 1577 5060 superﬂuum
1606 5003 1749 5047 esset
1770 4993 1862 5046 ad-

276 5099 495 5141 mouere
524 5102 538 5137 :
566 5085 671 5140 hoc
701 5099 929 5154 namque
986 5085 1332 5138 animantium
1357 5098 1521 5153 genus
1551 5085 1715 5152 liquet
1742 5099 1860 5137 om-

273 5176 426 5231 nibus
437 5192 559 5232 esse
575 5176 990 5231 abominandum
1007 5190 1067 5230 ac
1087 5175 1475 5230 detestandum.
1502 5172 1859 5242 Similiterqtte

192 5333 201 5342 .
275 5244 324 5318 in
354 5268 773 5322 Deuteronomio
801 5267 986 5321 horum
1017 5266 1276 5321 meminit.
1306 5263 1438 5319 Item
1476 5265 1583 5334 agit
1609 5266 1673 5318 de
1720 5281 1857 5318 mor-

275 5359 444 5415 ticinis
471 5368 528 5415 ut
556 5360 862 5429 prohibitis,
895 5360 962 5413 de
991 5360 1245 5429 sanguine
1269 5358 1534 5418 similiter,
1572 5357 1639 5411 de
1668 5357 1859 5411 mulie-

275 5451 418 5504 ribus
446 5451 802 5520 parientibus.
830 5451 886 5505 Si
917 5452 1037 5520 quis
1063 5465 1245 5503 semen
1275 5449 1535 5513 emiserit,
1559 5449 1859 5501 immundus

274 5543 372 5597 erit
397 5543 590 5600 diebus
608 5553 837 5612 septem.
864 5545 936 5599 De
957 5542 1357 5598 circumcisione
1382 5541 1530 5612 pueri
1556 5550 1749 5595 octavo
1772 5542 1857 5595 die

275 5631 531 5689 facienda.
582 5636 663 5689 De
702 5635 925 5690 muliere
967 5643 1324 5699 menstruata,
1368 5643 1420 5686 et
1460 5632 1527 5687 de
1566 5632 1857 5688 differentia

275 5729 604 5807 purgationis
630 5742 815 5784 earum
837 5745 953 5799 qua:
981 5728 1063 5783 vel
1084 5726 1373 5803 masculum
1397 5726 1474 5781 vel
1499 5726 1741 5780 feminam
1766 5743 1851 5794 pc-

1402 290 1720 347 SYNOPSIS
1756 288 2161 353 SCRIPTURIE
2200 289 2468 345 SACRIE.

3479 298 3596 356 4530

2023 411 2276 478 pererint.
2308 410 2416 465 Lex
2445 411 2512 466 de
2551 413 2699 484 lepra
2724 416 2869 473 etde
2887 417 3002 486 ejus
3031 419 3363 489 purgatione,
3391 416 3460 474 de
3509 434 3596 475 se-

2022 500 2291 570 mininuis,
2328 504 2467 560 etde
2507 509 2809 563 menstruis.
2844 510 2920 565 De
2948 512 3266 578 reverentia,
3313 511 3383 567 de
3433 525 3596 581 capro

2019 595 2297 651 emissario
2319 598 2463 653 etde
2486 599 2709 669 jejunio.
2737 601 2816 656 De
2832 602 3131 658 eohibendo
3158 602 3437 673 illegitimo
3478 603 3594 657 coi-

2020 691 2075 739 tu
2106 701 2120 739 :
2149 687 2218 742 de
2245 690 2523 746 connubiis
2547 691 2794 761 legitimis
2817 704 2872 747 et
2897 694 3203 765 illegitimis.
3234 707 3288 750 et
3312 694 3455 765 quod
3482 704 3587 750 non

2017 778 2208 835 debeat
2245 784 2494 839 sacerdos
2538 785 2746 839 viduam
2773 794 2864 840 aut
2888 787 3212 855 repudiatam
3248 787 3467 853 ducere,
3491 788 3587 843 sed

2019 870 2295 941 virginem.
2316 874 2391 929 De
2413 874 2514 929 filia
2528 876 2819 930 sacerdotis
2836 876 3146 931 fornicante.
3169 877 3317 943 Quod
3339 879 3589 933 sacerdos

2016 959 2312 1031 inculpatus
2327 980 2444 1019 esse
2456 965 2664 1019 debeat.
2689 967 2761 1020 De
2776 966 2929 1021 donis
2940 967 3148 1021 oblatis.
3171 967 3243 1021 De
3254 968 3503 1031 sabbatis,
3523 968 3589 1023 de

2016 1052 2247 1120 festis,et
2261 1050 2329 1105 de
2343 1050 2480 1105 festo
2494 1053 3237 1125 Pascbatis,deScenopcgia,
3252 1058 3423 1129 deque
3449 1059 3587 1114 festo

2019 1146 2407 1208 Tubarum.De
2417 1148 2560 1213 oleo,
2577 1149 2643 1204 de
2659 1149 2878 1215 lumine,
2891 1150 2957 1205 de
2976 1151 3200 1219 panibus
3219 1153 3589 1220 propositionis

2012 1245 2067 1292 et
2085 1236 2153 1292 de
2179 1252 2319 1291 anno
2348 1240 2694 1294 remissionis.
2725 1241 2981 1310 Deinceps
3009 1242 3075 1296 de
3101 1243 3269 1297 servis
3292 1242 3489 1298 ludat-is
3533 1253 3589 1300 et

2011 1328 2313 1397 gentilibus.
2360 1331 2432 1385 De
2489 1331 2852 1399 repudialiune
2907 1332 3169 1387 idolorum
3199 1335 3277 1389 sic
3310 1334 3586 1405 loquitur:

2019 1440 2038 1474 ι
2060 1421 2172 1491 Ego
2200 1422 2340 1478 enim
2358 1438 2473 1477 sum
2498 1424 2635 1479 Deus
2654 1435 2846 1489 vester;
2862 1440 2964 1479 non
2989 1425 3189 1480 facietis
3202 1426 3352 1482 vobis
3367 1427 3494 1495 ipsis
3519 1428 3591 1481 si-

2012 1514 2268 1581 mulacra,
2294 1531 2392 1570 nec
2435 1525 2663 1571 statuam
2689 1518 2901 1586 erigetis
2924 1518 3097 1582 vobis,
3139 1534 3313 1587 neque
3359 1519 3585 1587 lapidem

2012 1606 2064 1658 in
2095 1622 2311 1675 scopum
2344 1609 2552 1674 ponetis
2596 1608 2646 1661 in
2676 1619 2812 1664 terra
2846 1620 2900 1664 ut
2944 1609 3176 1665 adoretis
3204 1611 3352 1664 illum
3373 1609 3586 1681 »(ιοευὶι.

2009 1696 2098 1751 26.
2130 1697 2237 1769 1.).
2267 1699 2345 1753 Ad
2377 1699 2489 1754 ha‘c
2537 1700 2705 1755 minas
2745 1700 2897 1756 eﬂ‘ert
2946 1702 2998 1756 in
3030 1704 3461 1771 praevaricatores
3508 1704 3588 1757 his
3624 1736 3627 1759 ς

2008 1788 2219 1842 verbis:
2254 1808 2273 1839 ‹
2310 1788 2421 1858 Ego
2462 1790 2715 1846 Dominus
2738 1791 2876 1846 Deus
2901 1802 3094 1861 vester,
3125 1794 3215 1864 qui
3262 1793 3419 1848 eduxi
3494 1810 3588 1850 vos

2008 1878 2076 1934 de
2105 1890 2243 1934 terra
2269 1880 2484 1952 IEgypti
2509 1897 2629 1937 cum
2658 1883 2848 1938 essetis
2875 1885 3035 1947 servi,
3067 1893 3124 1938 et
3150 1887 3376 1940 contrivi
3400 1886 3586 1941 vincu-

2009 1970 2116 2023 lum
2157 1971 2268 2039 jugi
2298 1973 2483 2038 vestri,
2523 1988 2586 2026 ac
2612 1973 2737 2027 duxi
2767 1990 2860 2028 vos
2883 1990 3003 2028 eum
3047 1975 3258 2030 fiducia.
3304 1976 3359 2032 Si
3407 1986 3585 2032 autem

2007 2075 2112 2114 non
2134 2062 2407 2117 audieritis
2430 2078 2535 2127 me,
2565 2078 2735 2132 neque
2756 2064 2985 2119 feceritis
3016 2078 3275 2135 praecepta
3299 2082 3414 2123 mea
3442 2067 3580 2133 huic,

2005 2150 2099 2205 sed
2128 2152 2255 2221 ipsis
2274 2155 2714 2221 repugnaveritis,
2742 2164 2798 2209 et
2817 2156 2859 2208 si
2878 2155 3091 2223 judiciis
3121 2158 3255 2213 meis
3273 2158 3586 2215 adversetur

2005 2242 2177 2295 anima
2198 2253 2392 2309 vestra,
2418 2245 2488 2298 ita
2517 2256 2571 2298 ut
2599 2260 2701 2298 non
2727 2244 2932 2299 faciatis
2956 2248 3135 2301 omnia
3157 2260 3423 2319 praecepta
3443 2266 3582 2316 mea,

2004 2343 2062 2389 ut
2088 2335 2356 2405 dissipetis
2388 2347 2761 2392 testamentum
2786 2354 2967 2394 meum
2993 2357 3006 2405 ;
3036 2340 3280 2396 inducam
3300 2343 3351 2397 in
3372 2359 3468 2398 vos
3488 2360 3585 2399 an-

2001 2427 2251 2495 gustiam,
2279 2429 2533 2495 scabiem,
2561 2440 2614 2483 et
2652 2430 2901 2485 ardorem
2946 2446 3348 2491 consumentcm
3393 2439 3582 2494 oculos

2002 2528 2203 2573 vestros
2229 2536 2241 2571 :
2266 2530 2320 2573 et
2371 2521 2698 2575 seminabitis
2744 2521 2937 2577 frustra
2976 2535 3270 2580 sementem
3306 2537 3537 2583 vestram
3564 2572 3580 2597 ,

1999 2620 2054 2664 et
2084 2608 2226 2663 hanc
2263 2613 2547 2668 comedent
2590 2615 2771 2670 hostes
2825 2618 2986 2671 vestri
3020 2637 3040 2670 ι
3072 2619 3092 2689 (
3118 2618 3251 2673 lbid.
3278 2638 3324 2674 υ.
3354 2622 3578 2695 15-16).

1998 2698 2101 2754 lsta
2127 2702 2363 2756 continet
2389 2704 2476 2759 hic
2501 2704 2660 2771 liber,
2688 2721 2813 2761 cum
2837 2708 2955 2764 aliis
2979 2709 3244 2765 mandatis
3273 2720 3329 2766 et
3376 2728 3578 2783 praece-

1998 2795 2118 2864 ptis,
2141 2794 2195 2851 in
2225 2794 2415 2868 hisque
2439 2797 2774 2855 terminatur.

2429 2927 2669 2969 svnorsrs
2694 2930 3017 2972 uenenorum
3044 2917 3144 2991 (α).

2065 3023 2287 3079 Jubetur
2302 3024 2511 3095 Moyses
2533 3043 2813 3083 numerare
2835 3030 3088 3099 populum
3109 3046 3139 3085 a
3160 3032 3415 3103 vigesimo
3434 3049 3575 3089 anno

1994 3125 2049 3172 et
2069 3132 2225 3187 supra
2250 3159 2264 3183 ,
2293 3129 2549 3190 erantque
2576 3133 2828 3177 sexcenta
2855 3125 2952 3179 tria
2989 3126 3151 3180 millia
3184 3128 3454 3182 hominum
3479 3171 3492 3193 ,
3521 3136 3575 3185 et

1992 3212 2232 3266 sexcenti
2273 3213 2651 3284 quinquaginta
2679 3257 2694 3280 ,
2740 3226 2931 3285 przrter
2978 3218 3209 3275 Levitas.
3255 3222 3572 3294 Genealogia

1992 3300 2324 3370 Levitarum,
2365 3305 2457 3375 qui
2498 3320 2886 3372 numerantur,
2935 3319 3190 3379 erantque
3234 3312 3417 3381 viginti
3465 3314 3572 3369 duo

1990 3393 2136 3448 mille
2164 3396 2381 3450 trecenti
2408 3412 2438 3450 a
2476 3398 2615 3452 natis
2646 3414 2752 3452 uno
2777 3415 2963 3456 mense
2988 3410 3042 3456 et
3072 3417 3252 3472 supra.
3281 3406 3413 3471 Quia
3444 3423 3569 3467 vero

1990 3488 2327 3557 primogeniti
2372 3488 2582 3545 Israelis
2622 3502 2777 3546 erant
2816 3493 2999 3561 viginti
3041 3494 3148 3549 duo
3186 3497 3332 3551 mille
3356 3498 3569 3555 ducenti

1989 3581 2323 3649 septuaginta
2364 3589 2503 3647 tres,
2548 3598 2645 3651 pro
2686 3581 2752 3637 iis
2791 3585 2877 3652 qui
2920 3600 3198 3640 numerum
3239 3589 3569 3647 excedebant

1987 3670 2380 3739 redemptiones
2432 3675 2639 3743 accepit
2678 3675 2887 3745 Moyses
2929 3676 3179 3747 deditque
3205 3681 3422 3737 Aaroni.
3463 3683 3567 3741 Re-

1985 3760 2319 3831 demptiones
2339 3772 2512 3817 autem
2537 3774 2688 3819 erant
2705 3768 2849 3821 mille
2872 3769 3092 3823 trecenti
3121 3772 3391 3841 sexaginta
3413 3774 3566 3844 quin—

1983 3870 2085 3923 quc
2122 3855 2235 3909 sieli
2265 3872 2361 3923 pro
2384 3858 2636 3926 quolibet.
2671 3860 2918 3930 Prteeipit
2944 3862 3187 3931 quisnam
3215 3881 3328 3918 rem
3357 3881 3562 3921 sacram

1981 3945 2132 3999 obire
2178 3946 2407 4009 debeat,
2453 3963 2710 4018 quosnam
2740 3966 2861 4005 esse
2894 3961 3138 4021 Oporteat
3167 3953 3378 4010 Levitas
3410 3974 3425 4009 :
3454 3972 3562 4013 non

1980 4038 2121 4093 enim
2144 4053 2334 4094 omnes
2357 4041 2543 4094 eodem
2575 4043 2775 4097 honore
2803 4043 3177 4113 dignabantur.
3209 4047 3340 4100 Aliis
3368 4051 3562 4116 pretio-

1978 4131 2118 4186 siora
2149 4146 2271 4184 vasa
2297 4131 2653 4199 tabernaculi,
2687 4134 2805 4190 aliis
2845 4136 3048 4189 minora
3082 4138 3557 4194 concredebantur.

1980 4222 2213 4277 Fuerunt
2236 4232 2416 4277 autem
2442 4224 2639 4279 Levita:
2672 4242 2700 4279 a
2728 4229 2985 4297 vigesimo
3013 4246 3153 4285 anno
3179 4239 3232 4285 et
3259 4248 3438 4303 supra,
3468 4238 3557 4304 qui

1979 4318 2367 4379 ministrabant,
2387 4334 2554 4388 usque
2575 4319 2639 4373 ad
2669 4321 3162 4392 quinquagesimum
3190 4339 3408 4393 annum,
3437 4337 3557 4382 octo

1976 4410 2121 4464 mille
2162 4410 2429 4480 quingenti
2477 4412 2740 4480 octoginta
2795 4422 2921 4467 tres.
2954 4413 3102 4469 Tunc
3154 4416 3301 4485 jubet
3340 4432 3553 4473 omnem

1976 4500 2305 4554 immundum
2347 4501 2590 4555 emittere
2626 4518 2692 4556 ex
2731 4505 2941 4568 castris,
2986 4515 3040 4559 et
3069 4507 3135 4561 de
3165 4509 3426 4565 sacrificio
3454 4528 3552 4580 pro

1972 4591 2169 4646 delicto
2191 4591 2443 4660 loquitur,
2469 4592 2739 4662 legemque
2762 4595 3038 4665 zelotypia:
3058 4599 3240 4652 Statuit
3263 4618 3278 4666 ;
3304 4608 3362 4654 ut
3381 4617 3552 4672 neque

1973 4683 2233 4737 calumnia
2266 4682 2611 4752 impeteretur
2637 4685 2828 4738 mulier
2850 4686 2987 4739 circa
3012 4688 3349 4756 adulterium,
3379 4709 3552 4764 neque

1972 4776 2207 4830 adultera
2235 4775 2400 4829 latere
2430 4785 2628 4844 posset.
2660 4776 2736 4831 De
2774 4779 3077 4845 precatione
3116 4785 3550 4840 sanctificationis

1972 4868 2237 4935 statuitur,
2257 4878 2309 4921 et
2325 4867 2591 4938 quomodo
2617 4877 2863 4937 oporteat
2882 4872 3211 4927 sacerdotem
3235 4874 3549 4930 benedicere

1971 4960 2107 5015 ﬁlios
2152 4961 2334 5014 Israel.
2382 4959 2481 5015 Ubi
2515 4970 2692 5014 autem
2729 4962 2877 5016 stetit
2907 4964 3326 5027 tabernaculum,
3352 4967 3546 5020 attule-

1968 5061 2092 5107 runt
2113 5052 2380 5121 principes
2408 5051 2546 5105 dona
2573 5052 2736 5106 multa
2761 5068 3075 5123 magnaque.
3097 5055 3319 5109 iubetur
3336 5058 3544 5129 Moyses

2030 5169 2101 5231 (α)
2134 5168 2463 5233 Initiumlibri
2505 5177 2818 5220 Numerorum
2856 5172 2905 5219 in
2939 5172 3243 5233 Lugdunensi
3279 5171 3453 5222 Codice
3477 5174 3547 5223 sic

1966 5230 2117 5295 habet
2141 5245 2153 5279 :
2177 5232 2264 5280 Hic
2289 5231 2408 5281 iiber
2431 5239 2624 5281 vocatur
2650 5250 2673 5279 ι
2690 5230 3049 5283 Numerorum}
3073 5268 3088 5291 ,
3111 5232 3223 5295 quia
3237 5233 3437 5294 singula?
3453 5237 3543 5285 Iri-

1968 5291 2069 5352 bus,
2086 5294 2235 5356 juxta
2272 5300 2567 5356 prazceptum
2583 5295 2812 5356 Domini,
2832 5303 3025 5356 quantae
3044 5291 3195 5356 essent
3219 5291 3545 5347 meusnrruum

1967 5360 2052 5407 est.
2077 5362 2123 5404 et
2145 5355 2260 5413 quia
2274 5354 2421 5406 totius
2435 5354 2609 5417 populi
2642 5354 2869 5407 numerus
2891 5355 2941 5405 in
2977 5354 3063 5404 hoc
3088 5354 3207 5404 libro
3245 5356 3541 5409 declaratur.

1967 5417 2341 5488 Innumerabant
2366 5418 2801 5488 “(tutenz‘populum
2840 5426 3021 5480 M0yses
3056 5424 3100 5488 et
3128 5430 3305 5488 {far-on,
3349 5425 3396 5468 et
3433 5433 3543 5488 eum

1967 5478 2035 5547 eis
2058 5477 2287 5541 cujusque
2311 5479 2463 5529 tribus
2490 5477 2725 5547 princeps.
2745 5487 2797 5528 Et
2819 5477 3045 5527 nunierus
3064 5478 3344 5547 bellatorum
3366 5494 3397 5529 α
3419 5480 3543 5543 tige-

1965 5539 2085 5589 simo
2105 5539 2230 5607 anno
2251 5547 2296 5590 et
2318 5555 2466 5603 supra
2489 5539 2701 5609 inventus
2720 5548 2790 5591 est
2802 5539 3207 5609 sexcentarmillia
3230 5547 3273 5609 e_t
3291 5539 3543 5609 tentante:

1965 5601 2322 5671 quummgintu,
2352 5601 2527 5664 prwter
2552 5603 2687 5671 alios.
2733 5602 2924 5671 Tribuni
2966 5608 3125 5671 autem
3155 5601 3259 5650 levi
3274 5606 3541 5664 scpamtim

1964 5665 2383 5727 dinumeraverunt
2400 5667 2661 5713 secundum
2686 5665 2878 5714 verbum
2898 5665 3102 5723 Domini,
3123 5671 3304 5727 Moyses
3322 5674 3371 5719 et
3390 5678 3539 5717 auras

1967 5723 2071 5787 soli,
2098 5739 2128 5773 (ι
2149 5738 2305 5776 mense
2330 5741 2422 5780 uno
2443 5732 2490 5777 ct
2512 5739 2676 5791 supra.
