4102 6322
509 335 610 395 531

509 448 1097 514 saneﬁﬁcareLevitas,
1112 448 1361 517 auditque
1382 463 1411 502 a
1428 445 1685 515 vigesimo
1701 457 1840 497 anno
1858 449 1913 497 et
1931 454 2089 510 supra

512 549 761 608 oportere
800 541 946 610 ipsos
982 537 1308 605 ministrare,
1359 547 1389 591 a
1434 535 1869 605 quinquagesimo
1914 540 2092 586 autem

519 647 662 687 anno
688 646 718 685 a
752 632 1047 686 ministerio
1087 644 1319 704 cessare.
1359 628 1618 697 Prteeepit
1651 626 1779 697 ipsis
1826 626 1966 678 Deus
2001 638 2096 692 per

516 724 753 794 Moysem
779 730 838 776 ut
862 721 1056 791 pascha
1082 720 1297 774 faciant.
1328 717 1444 783 Dic,
1493 717 1677 787 inquit,
1709 724 1755 771 et
1790 714 1979 785 faciant
2002 711 2098 781 ﬁlii

516 814 686 870 Israel
700 814 889 884 pascha
913 812 934 885 (
955 811 1119 866 Num.
1147 812 1202 866 9.
1228 810 1321 881 2).
1346 810 1471 864 Erat
1497 808 1638 863 enim
1666 806 1870 877 primus
1896 803 2096 858 mensis

512 907 734 965 secundi
772 905 917 961 anni.
959 904 1318 959 Accesserant
1352 909 1528 955 autem
1567 897 1826 953 immundi
1856 894 1923 951 ad
1950 894 2096 965 Moy~

514 1015 653 1065 sem,
679 1006 734 1055 et
760 996 950 1054 obtulit
974 1010 1068 1065 pro
1090 995 1197 1049 illis
1226 994 1355 1049 Deo.
1385 991 1753 1060 Pra-cepitque
1779 989 1944 1053 Deus,
1971 1001 2096 1041 eum

515 1092 603 1161 qui
633 1106 739 1145 non
768 1098 949 1159 posset
975 1086 1028 1140 in
1054 1085 1228 1156 primo
1254 1097 1437 1138 mense
1461 1081 1739 1135 immolare
1763 1077 1979 1147 paScha,
2010 1074 2098 1129 vel

516 1180 657 1251 quod
696 1178 1001 1235 immundus
1043 1185 1218 1239 esset,
1249 1175 1334 1230 vel
1360 1172 1502 1244 quod
1533 1173 1587 1226 in
1614 1172 1776 1239 longo
1802 1170 2016 1234 itinere,
2045 1166 2097 1222 in

516 1270 755 1328 secundo
778 1283 963 1323 mense
989 1266 1182 1331 facere,
1208 1265 1410 1319 decima
1430 1264 1583 1318 tertia
1603 1262 1710 1316 die.
1731 1261 1787 1316 Si
1811 1260 1930 1331 quis
1948 1273 2099 1325 vero,

516 1361 750 1419 mundus
779 1375 899 1416 eum
935 1358 1025 1424 sit,
1053 1372 1155 1411 nec
1178 1357 1230 1411 in
1277 1356 1434 1425 longo
1469 1354 1683 1419 itinere,
1726 1352 1861 1407 nolit
1904 1350 2100 1421 pascha

517 1455 696 1511 facere
720 1454 776 1507 in
798 1452 968 1522 primo
998 1463 1200 1514 mense,
1219 1448 1316 1502 sub
1345 1456 1563 1517 peccato
1590 1446 1716 1500 erit.
1748 1443 1880 1507 Lex,
1910 1442 2099 1511 inquit,

518 1560 623 1600 una
648 1546 717 1599 sit
738 1543 957 1600 advenae
990 1550 1044 1596 et
1082 1539 1365 1609 indigenze.
1402 1537 1536 1593 Cum
1566 1535 1881 1591 ascenderet
1909 1535 2100 1597 nubes,

518 1645 694 1692 castra
724 1633 1008 1690 movebant
1037 1632 1289 1687 Israelita:
1312 1670 1330 1695 ,
1356 1638 1410 1685 et
1438 1628 1525 1682 ubi
1554 1628 1724 1682 nubes
1754 1626 1965 1692 stabat,
1999 1625 2105 1679 illic

519 1738 694 1783 castra
742 1724 1093 1780 metabantur.
1135 1721 1358 1777 Jubetur
1403 1720 1612 1788 Moyses
1639 1716 1816 1772 facere
1842 1717 1994 1771 tubas
2020 1731 2104 1769 ar-

520 1831 759 1892 genteas.
796 1819 867 1873 ita
896 1826 953 1872 ut
978 1831 1071 1885 per
1108 1816 1225 1870 illas
1266 1812 1651 1883 signiﬁcaretur
1687 1810 1904 1880 populo,
1934 1824 2104 1879 quan-

526 1915 724 1969 donam
750 1910 1008 1981 proﬁcisci
1030 1913 1324 1978 oporteret,
1349 1905 1563 1977 quando
1587 1918 1915 1973 congregare
1940 1918 2107 1973 popu-

523 2005 632 2058 lum
664 2004 715 2057 in
741 2002 893 2057 bellis
918 2042 933 2066 ,
961 2001 1012 2054 in
1034 1998 1314 2054 sacriﬁciis
1336 2038 1351 2063 ,
1383 1996 1747 2065 utendumque
1767 2010 1887 2050 esse
1915 1995 2107 2048 dicitur

526 2096 610 2150 his
649 2094 789 2148 tubis
818 2092 870 2146 in
902 2090 1087 2157 festis,
1120 2089 1173 2144 in
1208 2088 1536 2154 neomeniis,
1568 2088 1622 2141 in
1662 2085 2006 2141 holocaustis.
2038 2084 2108 2139 Ut

523 2193 701 2240 autem
728 2181 950 2253 profecti
977 2191 1100 2235 sunt
1124 2179 1221 2234 ﬁlii
1251 2179 1434 2246 Israel,
1461 2178 1681 2249 rogabat
1707 2176 1918 2248 Moyses
1937 2175 2108 2231 Jobab

526 2280 691 2335 ﬁlium
720 2275 920 2347 Raguel
936 2314 954 2342 ,
983 2278 1073 2345 qui
1100 2282 1156 2329 et
1179 2272 1370 2328 .lotltor
1393 2271 1688 2337 dicebatur,
1716 2279 1775 2325 ut
1802 2269 1902 2324 sibi
1928 2277 1984 2324 et
2009 2268 2109 2322 vim

526 2381 582 2428 et
609 2369 989 2441 promissorum
1019 2366 1278 2420 bonorum
1301 2377 1524 2418 consors
1538 2370 1682 2417 esset
1710 2378 1724 2426 ;
1757 2368 1812 2415 et
1835 2374 1955 2414 eum
1984 2373 2107 2413 area

526 2460 864 2524 eveheretur,
891 2457 1024 2511 dixit
1044 2456 1253 2526 Moyses
1276 2471 1291 2507 :
1325 2454 1574 2523 Exsurge,
1601 2452 1835 2518 Domine,
1864 2451 2112 2520 dissipen-

522 2562 612 2609 tur
638 2549 826 2603 inimici
855 2548 957 2612 tui,
986 2545 1183 2617 fugiant
1211 2559 1381 2597 omnes
1404 2543 1489 2613 qui
1517 2553 1562 2597 te
1586 2542 1797 2596 oderunt
1815 2540 2000 2612 (Num.
2020 2540 2107 2596 10.

526 2644 643 2714 55).
685 2644 752 2697 Et
786 2640 1137 2696 murmuravit
1181 2639 1427 2709 populus,
1474 2645 1529 2692 et
1565 2639 1844 2692 combusta
1870 2644 1956 2691 est
1988 2649 2111 2705 pars

528 2743 824 2790 castrorum
858 2749 873 2797 ;
912 2742 966 2786 et
998 2738 1219 2786 vocatus
1260 2739 1342 2784 est
1381 2729 1528 2784 locus
1556 2728 1884 2783 Incendium.
1918 2728 2112 2783 Preca-

530 2836 723 2896 tusque
741 2831 824 2879 est
842 2822 1072 2894 Moyses,
1102 2829 1156 2875 et
1177 2821 1405 2875 cessavit
1430 2820 1582 2874 ultio.
1606 2819 1972 2890 Petebantque
1996 2834 2114 2874 car-

530 2930 629 2970 nes
651 2956 666 2978 ,
696 2924 751 2969 et
778 2913 1025 2968 dicebant
1050 2930 1062 2965 :
1108 2930 1127 2963 ‹
1164 2909 1529 2965 Recordamnr
1567 2910 1789 2980 piscium
1815 2950 1830 2976 ,
1856 2925 1993 2980 quos
2018 2925 2113 2965 co-

533 3005 875 3061 medebamus
905 3005 955 3058 in
978 3003 1237 3073 ngypto,
1260 3017 1601 3057 cucumerum
1630 3011 1684 3056 et
1730 3016 2017 3072 peponum,
2061 3010 2117 3056 et

532 3111 814 3169 porrorum
844 3103 899 3149 et
920 3109 1170 3162 ceparum
1212 3100 1266 3147 et
1302 3092 1571 3147 alliorum.
1600 3092 1749 3147 Nunc
1786 3105 1963 3148 autem
1993 3093 2114 3147 ani-

533 3204 618 3242 ma
665 3192 845 3240 nostra
902 3184 1089 3247 arida;
1142 3183 1272 3238 nihil
1323 3193 1522 3253 praeter
1572 3200 1767 3239 manna
1822 3186 2114 3255 respiciunt

533 3276 675 3331 oculi
707 3275 873 3330 nostri
912 3293 930 3326 ι
971 3273 988 3344 (
1016 3272 1177 3327 Num.
1211 3274 1297 3328 Il-
1323 3274 1374 3328 5.
1400 3274 1486 3345 G).
1510 3274 1579 3330 Ut
1598 3287 1773 3329 autem
1796 3276 2112 3332 seditionem

533 3383 721 3423 eorum
762 3367 992 3437 graviter
1022 3365 1263 3428 ferebat,
1296 3374 1349 3419 et
1385 3372 1498 3427 Deo
1517 3368 1876 3441 supplicabat,
1913 3366 2116 3423 addidit

534 3461 583 3515 ei
612 3460 940 3529 septuaginta
968 3458 1226 3522 seniores,
1254 3458 1342 3528 qui
1370 3468 1576 3527 partem
1603 3459 1848 3527 vituperii
1872 3474 1991 3513 cum
2024 3460 2116 3513 illo

535 3550 757 3604 ferrent.
783 3549 932 3603 Tunc
961 3548 1087 3602 Jesu
1116 3548 1225 3602 ﬁlio
1257 3547 1400 3602 Nave
1428 3547 1657 3610 dicente,
1695 3547 1926 3604 Prohibe
1953 3549 2115 3603 lilium

535 3642 700 3699 Eldad
724 3651 777 3696 et
804 3640 989 3695 Modad
1014 3656 1080 3695 ne
1106 3639 1441 3709 prophetent,
1470 3641 1545 3693 ait
1570 3640 1740 3694 Moses
1762 3657 1775 3693 :
1795 3638 1935 3693 Num
1951 3656 2109 3694 temu-

542 3736 665 3789 laris
701 3745 753 3788 tu
794 3751 884 3804 pro
911 3750 988 3787 me
1017 3734 1041 3787 ?
1071 3732 1133 3787 Et
1171 3734 1282 3801 quis
1310 3732 1500 3786 dederit
1528 3742 1581 3785 ut
1611 3742 1742 3786 totus
1767 3734 1984 3803 populus
2014 3733 2122 3787 Do-

539 3830 661 3883 mini
690 3828 947 3899 propheta:
978 3828 1079 3881 sint
1106 3828 1125 3895 (
1159 3825 1320 3881 Num.
1352 3827 1438 3880 ll.
1467 3825 1536 3879 29
1565 3824 1584 3894 )
1611 3826 1627 3856 ⁸
1658 3827 1681 3877 ‘l
1710 3825 1858 3881 Tune
1883 3827 2120 3881 ascendit

543 3923 788 3978 coturnix
826 3936 857 3975 a
888 3921 1111 3975 Domino
1134 3960 1150 3987 ,
1178 3929 1234 3973 et
1258 3918 1625 3973 comederunt.
1656 3917 1723 3971 Et
1751 3934 1939 3973 carnes
1967 3929 2120 3974 erant

543 4016 596 4068 in
636 4011 883 4067 dentibus
923 4026 1143 4073 eorum,
1183 4009 1490 4078 priusquam
1530 4008 1844 4063 deﬁcerent.
1898 4008 2011 4064 IIoc
2064 4009 2116 4063 in

546 4107 757 4162 Psalmo
791 4106 950 4158 etiam
989 4103 1184 4155 dictum
1210 4113 1293 4155 est
1326 4118 1339 4154 :
1371 4101 1551 4153 Adhuc
1587 4116 1700 4152 esca
1736 4118 1909 4153 eorum
1934 4111 2038 4153 erat
2067 4102 2121 4154 in

544 4214 631 4249 ore
661 4198 905 4261 ipsorum,
945 4204 992 4246 et
1032 4195 1109 4244 ira
1154 4191 1242 4243 Dei
1270 4192 1491 4243 ascendit
1528 4207 1677 4259 super
1705 4206 1788 4243 eos
1817 4207 1835 4243 :
1860 4197 1906 4244 et
1940 4190 2121 4243 occidit

541 4306 594 4347 an
624 4289 853 4359 pluribus
873 4302 1039 4339 eorum
1066 4284 1234 4356 (Psal.
1270 4285 1360 4337 77.
1390 4284 1478 4338 '50.
1508 4284 1597 4351 51)
1618 4285 1658 4334 ².
1694 4283 1919 4337 Vocatus
1943 4294 2118 4337 autem

544 4392 627 4435 est
654 4393 830 4434 autem
871 4378 955 4432 hic
990 4379 1138 4431 locus
1163 4377 1418 4446 Sepulcra
1462 4377 1925 4445 concupiscentize.
1971 4378 2122 4433 Tunc

545 4472 761 4541 loquuta
800 4480 881 4523 est
907 4478 1092 4525 contra
1131 4468 1363 4539 Moysem
1394 4466 1552 4520 Maria
1576 4467 1800 4522 dicens:
1840 4468 1981 4522 Num
2023 4470 2123 4539 ipsi

547 4565 643 4619 soli
680 4564 912 4631 loquutus
957 4571 1027 4614 est
1065 4560 1200 4613 Deus
1230 4560 1248 4631 (
1283 4560 1440 4612 Nunt.
1466 4559 1554 4615 12.
1584 4558 1663 4630 2)
1693 4560 1716 4614 ?
1742 4561 1874 4614 Cum
1902 4561 2123 4616 dixisset

549 4669 680 4707 vero
725 4652 883 4715 Deus,
924 4665 982 4705 se
1028 4651 1125 4720 ipsi
1171 4650 1269 4704 soli
1310 4649 1688 4720 prophetarum
1732 4651 1800 4705 ita
1847 4652 2120 4721 loquutum

547 4758 688 4809 esse,
730 4742 947 4797 immisit
985 4742 1182 4810 lepram
1230 4743 1281 4795 in
1320 4741 1560 4807 Mariam,
1592 4742 1879 4812 Moyseque
1903 4753 2124 4812 rogante

546 4851 643 4906 pro
674 4835 758 4888 illa
784 4875 799 4897 ,
829 4847 933 4886 non
961 4832 1079 4886 tulit
1108 4847 1224 4885 eam
1252 4833 1397 4899 prius
1426 4832 1668 4886 mundari
1696 4873 1709 4898 ,
1737 4849 1892 4901 quam
1918 4843 2121 4902 septem

546 4926 662 4980 dies
692 4934 839 4978 extra
867 4930 1040 4977 castra
1079 4922 1379 4976 mansisset.
1414 4923 1568 4977 Mittit
1609 4939 1735 4992 ergo
1774 4925 2030 4993 quosdam
2059 4940 2121 4979 ex

621 5066 719 5135 alti
749 5065 927 5135 Bibliis
960 5065 1160 5135 Grteds,
1195 5068 1275 5125 Μή
1301 5070 1456 5127 ζηλοῖς
1476 5072 1577 5133 ἐμέ.
1604 5072 1699 5120 Καὶ
1724 5071 1794 5127 τίς
1813 5074 1881 5135 δῷ
1902 5071 2040 5119 παντὶ
2060 5073 2129 5135 τῷ

556 5129 659 5191 λαῷ
685 5130 860 5191 Κυρίου
891 5130 1162 5192 ποοφήταςς

609 5204 629 5263 Ἴ
664 5201 718 5250 In
737 5200 897 5249 Bibliis
916 5198 1089 5263 Grzeeis
1112 5196 1226 5245 Edit.
1258 5202 1421 5263 .ltom.,
1452 5210 1487 5245 ιν
1508 5213 1583 5254 τοῖς
1606 5210 1725 5246 κίοσιν
1746 5210 1886 5258 esset,
1920 5201 1975 5263 in
2015 5202 2122 5263 piu-

545 5262 712 5327 guitrus
751 5275 932 5311 eorum.
958 5258 1182 5319 Vulgata,
1217 5258 1415 5327 pingues
1451 5271 1633 5327 eorum,
1680 5266 1732 5308 et
1773 5266 1845 5309 sic
1888 5258 2122 5327 aliique-

547 5318 647 5386 que
670 5326 968 5384 interpretes
990 5318 1191 5386 veteres
1212 5318 1475 5386 Secundum
1515 5318 1776 5386 lectionem
1798 5318 2119 5386 “Hebraicam,

547 5380 884 5439 ammwm,
926 5382 1014 5431 Sed
1064 5382 1112 5428 in
1156 5380 1492 5429 vetustissimis
1543 5382 1905 5442 exemplaribus
1951 5380 2124 5435 Graecis

546 5454 710 5520 multis
732 5454 1007 5520 legebatur,
1024 5464 1058 5501 ιν
1081 5465 1156 5506 τοῖς
1178 5462 1337 5520 uideant
1358 5462 1472 5520 αδῖῡί.
1486 5485 1499 5508 ,
1514 5448 1564 5520 in
1582 5448 1799 5513 pluribus
1821 5466 2002 5520 eorum.
2026 5462 2123 5513 Qua

545 5515 610 5565 de
634 5529 691 5565 re
709 5512 820 5566 vide
841 5517 1178 5576 Hieronymum
1202 5512 1344 5576 Epist.
1370 5512 1429 5560 ad
1453 5512 1641 5576 Simiam
1667 5520 1717 5561 et
1737 5514 1928 5563 Fretell.
1959 5525 2010 5566 et
2030 5512 2121 5564 Au-

547 5581 790 5638 gustiuum
830 5579 878 5626 in
915 5572 1121 5638 Psalinos
1156 5573 1250 5622 hoc
1280 5572 1403 5622 loco.
1444 5575 1777 5638 'rlieodoretus
1805 5579 1948 5625 etiam
1984 5590 2018 5626 ιν
2048 5596 2121 5635 τοῖς

546 5635 704 5688 Iuniam
726 5650 868 5695 αὐτῶν,
883 5639 965 5685 ubi
992 5637 1238 5696 Interpres
1262 5638 1423 5693 vertit,
1443 5635 1639 5698 pingues
1661 5650 1842 5697 eorum,
1869 5652 1963 5687 non
1979 5652 2121 5688 aecu-

545 5707 653 5745 rate
677 5712 810 5763 sane.
837 5700 1245 5763 Interpretatione
1267 5706 1430 5747 autem
1462 5699 1509 5747 in
1528 5696 1703 5763 ’l’salni.
1731 5699 1811 5757 77,
1829 5713 1971 5763 quam
1994 5702 2120 5751 inter

542 5762 707 5825 Spuria
726 5760 1075 5829 ablegavimus,
1101 5771 1135 5808 ἰν
1168 5776 1241 5820 seis
1259 5773 1414 5811 πλιίοσιν
1436 5773 1549 5810 dum
1577 5761 1769 5822 legitur.

1203 331 1259 390 S.
1298 329 1577 388 JOANNIS
1611 322 2085 385 CIIRYSOSTOMI
2125 322 2443 382 All'CIIIEP.
2482 323 3010 383 CONSTANTINOP.

3677 323 3791 378 532

2200 442 2398 509 populo
2438 442 2777 512 exploratum
2821 452 3016 498 terram
3047 440 3496 497 Cltananmorum.
3534 440 3647 508 Qua
3678 458 3750 496 ex
3771 468 3787 478 -

2200 529 2426 597 plorata,
2459 546 2613 586 uvam
2654 532 2777 587 inde
2817 539 3115 603 gestarum,
3159 541 3462 602 terramque
3494 531 3786 586 admodum

2201 619 2501 675 laudabant.
2537 621 2644 677 Sed
2685 622 2947 679 timebant
2984 622 3237 692 populum
3272 667 3287 693 ,
3324 621 3466 691 quod
3497 621 3790 677 bellatores

2199 709 2306 764 illic
2343 710 2442 765 viri
2486 720 2684 767 essent.
2712 712 2916 768 Chaleb
2941 721 3119 767 autem
3146 711 3285 765 ﬁlius
3312 711 3553 780 Jephone
3570 750 3590 779 ,
3617 722 3677 766 et
3693 711 3789 766 Je-

2200 816 2291 856 sus
2322 802 2461 858 ﬁlius
2485 802 2628 859 Nave
2654 845 2669 869 ,
2701 804 2792 874 qui
2815 812 2869 858 et
2895 804 2995 873 ipsi
3031 818 3097 858 ex
3137 817 3363 858 numero
3386 802 3786 873 esplbratorum

2200 902 2375 959 erant,
2404 893 2606 963 popqu
2635 895 2845 950 animos
2871 894 3137 950 addebant
3171 912 3186 950 :
3214 894 3286 949 illi
3317 903 3494 949 autem
3524 905 3788 951 venerunt

2202 981 2495 1051 lapidatum
2540 998 2656 1039 eos.
2696 984 3006 1054 Rursusque
3050 985 3217 1039 Deum
3259 984 3621 1041 irritaverant.
3646 986 3788 1041 Tum

2200 1072 2333 1127 dixit
2361 1074 2524 1141 Deus,
2556 1090 2663 1129 non
2688 1090 3005 1130 ascensurus
3030 1090 3151 1131 esse
3185 1090 3279 1131 eos
3306 1077 3395 1146 qui
3423 1092 3789 1133 murmurave-

2200 1174 2325 1219 runt
2350 1166 2400 1219 in
2426 1174 2622 1222 terram
2650 1168 3037 1236 promissionis,
3067 1168 3171 1223 nisi
3195 1177 3395 1222 tantum
3420 1169 3557 1225 ﬁlios
3576 1185 3787 1238 eorum,

2202 1265 2257 1311 et
2278 1256 2478 1315 Chaleb
2507 1259 2671 1313 ﬁlium
2698 1260 2961 1329 Jephone,
2991 1269 3045 1316 et
3073 1261 3278 1316 Iesum.
3305 1262 3657 1333 Quadraginta
3688 1280 3788 1320 au-

2204 1358 2309 1402 tem
2343 1349 2520 1415 annis,
2549 1350 2736 1420 inquit,
2766 1361 2923 1406 erunt
2952 1352 3003 1407 in
3031 1351 3247 1407 deserto
3274 1394 3290 1420 ,
3331 1353 3502 1410 donec
3538 1354 3630 1409 filii
3671 1370 3793 1412 cre-

2206 1442 2402 1505 verint,
2421 1442 2712 1495 secundum
2741 1458 3018 1497 numerum
3056 1444 3286 1510 dierum,
3316 1445 3512 1516 quibus
3537 1447 3794 1503 visitave-

2204 1542 2331 1586 runt
2360 1541 2580 1587 terram.
2615 1534 2764 1589 Tune
2803 1535 3166 1605 exploratores
3194 1551 3382 1593 omnes
3418 1538 3613 1593 mortui
3638 1548 3790 1605 sunt,

2206 1627 2442 1695 exceptis
2462 1626 2663 1681 Chaleb
2686 1635 2739 1682 et
2764 1626 2889 1682 Iesu
2916 1628 3023 1682 ﬁlio
3049 1628 3189 1683 Nave
3223 1647 3235 1682 :
3268 1628 3518 1700 flevitque
3541 1630 3793 1700 populus.

2206 1718 2578 1775 Ascenderunt
2604 1731 2790 1774 contra
2821 1722 3040 1776 Amalec
3067 1731 3263 1791 praeter
3299 1722 3393 1777 Dei
3424 1725 3674 1791 placitum
3694 1765 3709 1789 ,
3739 1735 3797 1779 et

2207 1825 2331 1865 arca
2363 1811 2559 1865 mansit
2586 1812 2640 1866 in
2670 1813 2857 1867 castris
2885 1827 3007 1868 cum
3034 1813 3233 1884 Moyse.
3267 1813 3551 1885 Exivitque
3578 1816 3797 1871 Amalec

2207 1911 2262 1955 et
2290 1903 2555 1972 percussit
2580 1917 2694 1958 eos.
2722 1903 3032 1973 Praecipitur
3051 1904 3119 1959 de
3140 1904 3487 1973 holocaustis,
3521 1906 3589 1962 de
3613 1908 3799 1977 primi-

2208 1993 2316 2060 tiis,
2346 1993 2413 2048 de
2442 1992 2714 2049 sacriﬁciis
2749 2009 2846 2065 pro
2883 1994 3097 2050 delicto.
3130 1995 3512 2065 Deprehensus
3541 2006 3626 2051 est
3643 2000 3798 2069 quis-

2207 2087 2347 2155 piam
2388 2085 2532 2157 ligna
2577 2087 2835 2157 colligens
2886 2087 2939 2142 in
2980 2088 3236 2155 sabbato,
3297 2096 3352 2143 et
3393 2089 3651 2159 lapidatus
3692 2101 3795 2147 est.

2209 2177 2597 2243 Prx-cipiuntur
2619 2178 2854 2233 ﬁmbrias
2876 2180 2926 2233 in
2948 2181 3058 2235 oris
3082 2178 3277 2236 facere.
3301 2180 3379 2236 De
3402 2180 3561 2248 Core,
3593 2182 3797 2238 Dathan

2209 2278 2262 2323 et
2288 2268 2488 2323 Abiron
2516 2284 2533 2323 :
2563 2270 2817 2324 tumultus
2838 2285 3045 2337 eorum,
3065 2278 3124 2326 et
3144 2286 3319 2341 pcenze
3358 2285 3492 2343 quas
3516 2272 3797 2329 dederunt.

2216 2358 2311 2414 His
2354 2361 2611 2430 peractis,
2656 2362 2847 2431 reliqui
2886 2362 2954 2417 de
2986 2363 3184 2432 populo
3208 2379 3312 2418 non
3342 2364 3407 2418 ad
3436 2365 3709 2420 meliorem
3738 2380 3801 2421 se

2212 2451 2416 2522 frugem
2446 2462 2797 2521 receperunt,
2831 2452 2926 2508 sed
2955 2468 3139 2508 rursus
3167 2455 3572 2510 insurrexerunt
3610 2467 3797 2511 contra

2212 2544 2469 2616 Moysem,
2517 2546 2920 2616 moriunturque
2955 2546 3354 2614 quatuordecim
3403 2547 3552 2602 mille
3592 2550 3799 2619 septin-

2213 2638 2377 2707 genti.
2399 2637 2549 2692 Tune
2574 2636 2753 2692 ﬁornit
2779 2638 2924 2707 virga
2949 2639 3194 2693 Aaronis.
3217 2638 3353 2694 Dicit
3376 2648 3432 2695 et
3456 2640 3647 2694 statuit
3670 2640 3797 2711 quid

2212 2730 2455 2798 accipere
2491 2729 2719 2784 debeant
2748 2730 2945 2785 Levita:
2982 2739 3037 2785 et
3064 2732 3315 2787 sacerdos
3342 2748 3566 2803 magnus
3588 2776 3602 2800 ,
3634 2742 3688 2789 et
3716 2734 3794 2788 le-

2213 2834 2332 2889 gem
2360 2819 2451 2874 dat
2487 2819 2555 2875 de
2593 2820 2775 2875 cinere
2811 2821 3012 2885 vitula},
3044 2837 3110 2876 ex
3160 2837 3263 2893 qua
3302 2825 3631 2893 aspersionis
3661 2840 3795 2894 aqua

2215 2910 2395 2965 ﬁebat.
2423 2911 2570 2966 Hane
2598 2928 2756 2981 porro
2781 2913 2996 2967 vitulam
3028 2914 3199 2967 visum
3230 2923 3311 2968 est
3334 2916 3652 2985 quibusdam
3681 2933 3799 2973 esse

2220 3003 2439 3072 figuram
2477 3005 2737 3073 passionis
2768 3005 2975 3059 Domini
2998 3006 3165 3061 nostri
3190 3005 3315 3062 Jesu
3345 3005 3565 3063 Christi.
3592 3009 3695 3064 Per
3719 3011 3797 3063 ci«

2219 3112 2402 3151 nerem
2449 3106 2626 3151 autem
2670 3097 2849 3152 vitula:
2898 3097 3253 3153 mundabatur
3292 3099 3339 3155 is
3370 3100 3461 3170 qui
3500 3099 3799 3155 immundus

2216 3197 2332 3243 erat
2356 3204 2385 3242 a
2412 3201 2643 3243 mortuo.
2677 3188 2834 3245 Venit
2861 3198 3038 3244 autem
3070 3190 3295 3259 populus
3326 3192 3378 3245 in
3401 3190 3598 3258 Cades,
3627 3191 3800 3262 ibique

2220 3288 2429 3333 mortua
2458 3279 2771 3348 sepultaque
2796 3288 2878 3334 est
2898 3279 3080 3333 Maria.
3114 3280 3403 3336 Deliciente
3431 3296 3567 3353 aqua
3594 3297 3799 3336 rursum

2219 3378 2548 3423 murmurant
2571 3369 2736 3423 Iud-.ei
2770 3386 2785 3423 :
2840 3368 3049 3441 Moyses
3087 3385 3215 3425 vero
3255 3378 3311 3425 et
3347 3372 3526 3426 Aaron
3551 3371 3821 3441 jubentur‘

2218 3475 2410 3529 aquam
2445 3460 2512 3514 de
2550 3459 2982 3529 petraeducere.
3013 3460 3283 3516 Percussit
3310 3462 3454 3516 illam
3486 3461 3696 3532 Moyses
3722 3462 3798 3516 di-

2218 3565 2383 3605 cens:
2422 3549 2685 3620 Numquid
2726 3567 2789 3605 ea:
2830 3552 2925 3604 hac
2966 3562 3106 3621 petra
3144 3553 3414 3607 educamus
3451 3554 3587 3607 vobis
3624 3570 3805 3624 aquam

2221 3641 2409 3714 (Nunt.
2439 3643 2530 3697 20.
2571 3643 2660 3713 10)
2695 3643 2718 3698 ἳ
2751 3644 2813 3698 Et
2838 3658 3049 3714 egressa
3087 3653 3170 3699 est
3210 3660 3367 3715 aqua.
3406 3644 3657 3716 Dixitque
3701 3646 3800 3699 Do-

2223 3735 2401 3788 minus
2443 3734 2510 3788 ad
2560 3733 2794 3805 Moysem
2840 3744 2893 3789 et
2940 3735 3117 3789 Aaron
3152 3752 3166 3788 :
3217 3735 3349 3802 Quia
3388 3752 3489 3790 non
3527 3737 3801 3791 credidistis

2222 3825 2381 3890 mihi,
2411 3835 2466 3878 ut
2502 3826 2881 3894 sanctiﬁcaretis
2909 3843 2987 3880 me
3012 3843 3185 3881 coram
3214 3828 3334 3896 ﬁliis
3360 3826 3546 3895 Israel,
3572 3829 3685 3883 ideo
3707 3846 3801 3881 non

2221 3916 2545 3969 introducetis
2587 3932 2672 3972 vos
2716 3916 2848 3970 hunc
2881 3926 3059 3971 metunt
3088 3919 3143 3972 in
3167 3929 3388 3988 terram,
3419 3936 3569 3991 quam
3598 3921 3716 3974 dedi
3736 3922 3801 3975 eis

2225 4006 2447 4077 (Ibid.u.
2468 4006 2579 4077 12).
2600 4008 2701 4062 Per
2726 4008 2926 4078 legatos
2947 4009 3054 4079 agit
3079 4009 3289 4078 Moyses
3313 4026 3434 4066 cum
3458 4026 3584 4081 rege
3610 4010 3798 4077 Edom,

2224 4110 2282 4154 ut
2326 4114 2420 4155 eos
2459 4100 2691 4154 transire
2729 4100 2970 4156 sineret:
3011 4101 3098 4157 ille
3125 4116 3252 4157 vero
3290 4118 3397 4158 non
3437 4104 3677 4173 permisit
3710 4122 3723 4157 ε
3755 4112 3802 4157 et

2223 4192 2623 4247 declinaverunt
2641 4193 2709 4246 ab
2737 4208 2802 4247 eo
2830 4193 2919 4246 ﬁlii
2946 4193 3130 4249 Israel.
3158 4193 3229 4249 Ut
3252 4204 3428 4250 autem
3455 4204 3802 4265 pervenerunt

2225 4283 2277 4337 in
2311 4294 2543 4337 montem
2573 4282 2665 4344 Or,
2690 4282 2839 4352 jussu
2886 4284 2976 4337 Dei
3018 4284 3307 4354 assumptis
3350 4284 3560 4356 Moyses
3596 4287 3802 4340 Aaronc

2225 4383 2281 4427 et
2309 4373 2562 4427 Eleazaro
2593 4373 2701 4425 filio
2732 4373 2868 4442 ejus,
2899 4373 3121 4428 adduxit
3146 4388 3240 4430 eos
3263 4374 3314 4428 in
3346 4384 3619 4431 montem:
3647 4387 3696 4429 et
3728 4375 3801 4428 in-

2226 4466 2339 4521 duit
2367 4467 2676 4521 Eleazarum
2705 4467 2940 4521 vestibus
2976 4466 3111 4536 ejus.
3145 4470 3323 4522 Aaron
3357 4477 3538 4523 autem
3569 4476 3806 4523 mortuus

2227 4565 2312 4612 est
2339 4558 2389 4611 in
2420 4567 2619 4611 monte.
2645 4557 2919 4627 Flevitqne
2947 4559 3170 4628 pepulus
3194 4560 3407 4630 triginta
3438 4559 3644 4616 diebus.
3678 4561 3804 4614 Cha-

2230 4663 2474 4702 nanmum
2507 4648 2778 4713 vicerunt,
2810 4659 2860 4702 et
2901 4648 3238 4704 anathemate
3269 4648 3544 4704 ferierunt.
3579 4651 3815 4705 Profecti

2227 4750 2403 4794 autem
2434 4738 2501 4792 ad
2529 4753 2676 4792 mare
2706 4738 2941 4793 Rubrum
2966 4780 2981 4805 ,
3026 4741 3353 4796 circuierunt
3381 4750 3579 4797 terram
3619 4742 3801 4809 Edoni,

2228 4839 2283 4887 et
2299 4831 2477 4884 animo
2493 4829 2822 4897 defecerunt,
2847 4841 3418 4903 murmuraveruntque
3445 4844 3631 4889 contra
3662 4835 3801 4905 Moy-

2228 4938 2341 4979 sem
2373 4922 2729 4993 :immisitqne
2756 4925 2809 4977 in
2837 4939 2930 4979 eos
2970 4926 3110 4981 Deus
3148 4937 3428 4996 serpentes
3454 4929 3543 4998 qui
3574 4929 3691 4982 illos
3716 4943 3803 4983 oc-

2226 5014 2485 5070 ciderent.
2537 5015 2893 5086 I’recatusque
2940 5026 3023 5071 est
3069 5019 3314 5089 Moyses,
3355 5029 3409 5074 et
3444 5021 3663 5090 iubente
3700 5022 3803 5078 Deo

2229 5106 2355 5162 fecit
2391 5117 2695 5177 serpentem
2735 5124 2941 5175 a-neum
2976 5125 2989 5161 :
3018 5109 3107 5179 qui
3142 5125 3271 5165 vero
3299 5112 3664 5182 mordebatur,
3690 5129 3801 5169 cum

2228 5200 2521 5267 respiceret
2566 5197 2619 5252 in
2666 5210 3013 5267 serpentem,
3051 5201 3279 5255 vivebat.
3319 5202 3393 5255 De
3432 5201 3535 5257 hoc
3560 5215 3802 5273 serpente

2229 5291 2428 5346 dictum
2478 5295 2637 5350 estin
2652 5292 2937 5361 Evangelia
2971 5310 2984 5346 :
3016 5290 3159 5346 Sicut
3201 5292 3437 5347 eaaltavit
3471 5295 3673 5365 Moyses
3705 5313 3801 5350 scr-

2229 5393 2425 5452 pentem
2464 5383 2523 5436 in
2567 5383 2759 5437 deserto
2778 5424 2794 5451 ,
2821 5384 2893 5437 ita
2927 5393 3118 5454 Oportet
3146 5385 3359 5439 exaltari
3379 5382 3572 5441 Filium
3594 5388 3799 5443 hominis

2233 5476 2424 5547 (Joan.
2458 5479 2511 5532 5.
2541 5478 2607 5531 M
2632 5478 2670 5547 ).
2696 5478 2920 5548 Legatos
2949 5478 3110 5532 mittit
3134 5478 3339 5549 Moyses
3368 5478 3434 5533 ad
3461 5479 3599 5535 Seon
3628 5496 3809 5552 regem.

2233 5572 2691 5624 Anmrrha'orum.
2743 5572 2841 5625 IIic
2890 5583 3067 5625 autem
3114 5573 3253 5627 Seon
3299 5589 3417 5627 cum
3462 5573 3659 5628 bellum
3686 5585 3799 5628 ante

2230 5667 2485 5717 movisset
2524 5672 2707 5716 contra
2745 5679 2923 5731 regem
2964 5663 3147 5731 Moab,
3180 5665 3321 5733 cepit
3349 5675 3542 5720 terram
3569 5665 3704 5735 ejus.
3738 5665 3799 5720 Ut

2230 5771 2357 5809 vero
2381 5755 2539 5811 etiam
2579 5764 2761 5811 contra
2795 5756 3055 5811 Israelitas
3087 5756 3322 5825 praelium
3350 5757 3652 5825 commisit,
3683 5773 3803 5828 pro-
