4058 6344
507 432 686 505 μήσας
718 430 977 499 πρότερον
1008 428 1097 481 τὸν
1129 426 1348 496 βασιλέα
1397 426 1600 488 mmo,
1636 425 1793 480 ἔλαϐε
1832 426 1929 495 τὴν
1965 424 2070 493 γῆν

504 513 694 569 αὑτοῦ.
753 515 839 575 Ὠς
866 514 923 566 δὲ
961 513 1056 565 καὶ
1094 514 1205 573 τοῖς
1258 510 1618 581 Ἰσραηλίταις
1667 509 1952 579 συνέμιξεν
1998 510 2077 570 εἰς

504 600 760 670 πόλεμον,
797 597 1000 668 ήττήθη
1030 595 1169 648 κατὰ
1196 596 1412 664 κράτος,
1442 596 1535 647 καὶ
1567 595 1664 657 τὰς
1709 594 1890 656 πόλεις
1913 592 2075 645 αὑτοῦ

504 683 683 746 πάσας
707 680 896 735 ἑλαϐον
922 682 971 733 οἰ
1016 678 1361 749 Ἰσραηλῖται.
1392 676 1765 746 Συμϐαλόντες
1796 676 1851 728 δὲ
1884 675 2077 744 καὶτῷ

508 766 610 832 Ὦγ
641 764 850 834 βασιλεῖ
882 767 981 832 τῆς
1014 761 1225 823 Βασάν,
1259 763 1372 823 τοῖς
1416 762 1599 823 αὐτοῖς
1628 759 1943 830 περιέϐαλον
1978 759 2076 811 αύ-

503 849 596 901 τὸν
623 851 830 911 κακοῖς,
869 842 948 909 οἷς
985 848 1079 899 καὶ
1109 845 1199 897 τὸν
1237 843 1411 914 Σηὼν,
1447 845 1539 896 καὶ
1566 844 1665 913 τὴν
1706 844 1808 911 γῆν
1854 844 1948 896 καὶ
1981 841 2078 904 τὰς

506 941 687 1003 πόλεις
712 940 874 993 αὑτοῦ
903 941 1081 1002 πάσας
1107 937 1315 990 ἔλαϐον.
1363 938 1575 1005 Πέμπει
1620 936 1870 1006 βασιλεὺς
1896 936 2078 987 Βαλὰκ

506 1026 644 1095 πρὸς
682 1024 910 1092 Βαλαὰμ
933 1024 1021 1075 τὸν
1059 1024 1277 1092 μάντιν,
1308 1023 1392 1074 ἵνα
1424 1023 1693 1093 άράσηται
1715 1021 1804 1073 τὸν
1828 1020 1973 1074 λαόν.
2020 1022 2077 1074 '0

505 1110 562 1162 δὲ
585 1110 714 1171 Θεὸς
736 1108 795 1160 τὸ
827 1108 923 1177 μὲν
950 1105 1161 1175 πρῶτον
1200 1105 1487 1159 ἐκώλυσεν.
1527 1106 1613 1167 Ὠς
1649 1105 1706 1156 δὲ
1740 1104 1974 1157 ἐνέκειτο
2000 1102 2077 1171 τῷ

510 1192 731 1262 μάντει,
774 1189 1148 1259 συνεχώρησεν
1185 1189 1438 1242 ἀπελθεῖν
1463 1188 1589 1257 μὲν,
1625 1189 1687 1240 οῦ
1731 1188 1838 1256 μὴν
1867 1188 2076 1258 ἀράσα-

509 1276 631 1329 σθαι
724 1275 835 1327 ἀλλ’
863 1274 1055 1343 ἔτρεψε
1102 1273 1200 1335 τάς
1231 1272 1474 1341 κατάρας
1533 1273 1614 1334 εἰς
1646 1271 1916 1339 εύλογίας.
1963 1272 2077 1324 Ούκ

509 1356 660 1429 [555.
701 1357 888 1427 ἐπειδὴ
937 1356 1119 1425 ίσχυόν
1160 1374 1212 1408 τι
1255 1358 1310 1408 αἰ
1350 1357 1481 1425 ἀραὶ
1507 1353 1599 1407 τοῦ
1648 1354 1910 1424 μάντεως,
1963 1354 2076 1406 ἀλλ’

507 1441 692 1510 ἐπειδὴ
716 1440 1054 1508 ταλαίπωρος
1075 1435 1142 1508 ἦν
1157 1440 1184 1491 6
1203 1438 1350 1501 λαὸς,
1368 1437 1598 1507 ῆμελλεν
1616 1438 1778 1489 αὐτοῦ
1805 1436 2077 1491 πιστεύειν

505 1527 624 1586 ταῖς
650 1525 933 1594 κατάραις,
961 1523 1056 1576 καὶ
1078 1522 1496 1592 κατακρίνεσθαι
1542 1524 1657 1575 ἐκεῖ
1694 1522 1780 1574 διὰ
1810 1521 1907 1592 τὴν
1941 1521 2075 1573 ἰδίαν

505 1607 805 1664 ἀσθένειαν.
825 1601 993 1669 Οὗτος
1020 1606 1351 1676 προφητεύει
1372 1604 1605 1674 περὶτοῦ
1628 1604 1670 1657 Χ
1682 1604 1862 1675 ριστοῦ
1878 1604 2070 1672 λέγων·

519 1691 812 1743 Ἅνατελεῒ
825 1690 1049 1756 ἄστρον
1072 1690 1142 1754 ἐξ
1178 1690 1402 1751 Ἰακὼϐ,
1425 1689 1521 1741 καὶ
1547 1688 1951 1752 ἀναστήσεται
1974 1687 2077 1739 ἇν-

506 1776 738 1841 θρωπος
774 1774 841 1837 ἐξ
878 1772 1386 1841 ’1σραήλ.ΙΙνεῦμα
1412 1774 1519 1840 γὰρ
1545 1772 1678 1825 θεοῦ
1718 1771 1947 1841 ἐγενήθη
1984 1770 2077 1822 ἐπὶ

505 1856 584 1925 τῷ
612 1856 818 1926 μάντει.
860 1857 947 1918 Ὠς
973 1856 1029 1907 δὲ
1061 1856 1301 1925 ἀπῆλθεν
1329 1858 1357 1909 ὁ
1395 1856 1654 1925 Βαλαάμ,
1688 1855 2076 1924 ἑκπορεύουσιν

506 1940 556 1991 οἱ
585 1939 691 1991 υἱοὶ
746 1939 961 2009 Ἰσραὴλ
986 1941 1066 2003 εἰς
1089 1939 1186 2000 τὰς
1213 1939 1515 2008 θυγατέρας
1535 1938 1729 2003 Μωάϐ,
1753 1940 1846 1991 καὶ
1866 1938 2080 1992 τελοῦν-

506 2023 700 2093 ταιτῷ
741 2022 1079 2093 Βεελφεγώρ.
1127 2023 1258 2075 Τότε
1292 2023 1499 2075 κελεύει
1540 2022 1780 2091 Μωῦσῆς
1812 2022 2074 2084 ἕκαστον,

507 2111 821 2164 ἀποκτεῖναι
855 2110 946 2163 τὸν
979 2110 1205 2179 ἀδελφὸν
1233 2110 1787 2180 εἰδωλολατρήσαντα.
1820 2110 1951 2162 Τότε
1982 2111 2078 2164 καὶ

505 2199 687 2261 Φινεὲς
738 2198 851 2261 υίὸς
904 2198 1165 2268 Ἐλεάζαρ
1207 2198 1520 2267 ἑξεκέντησε
1571 2198 1661 2249 τὸν
1705 2198 1949 2267 Ζαμϐρὶν
1985 2197 2076 2250 τὸν

519 2280 875 2352 Ἰσραηλίτην,
934 2282 1027 2333 καὶ
1080 2281 1177 2351 τὴν
1211 2282 1388 2333 Χασϐἱ
1438 2281 1534 2349 τὴν
1590 2281 1907 2334 Μαδιανίτιν
1960 2280 2077 2349 μετ’

506 2363 670 2416 αὐτοῦ
698 2379 710 2392 ·
746 2366 842 2417 καὶ
867 2364 1147 2432 ἐλογίσθη
1176 2363 1334 2427 αὐτῷ
1365 2365 1452 2428 εἰς
1496 2363 1905 2430 δικαιοσύνην.
1943 2363 2076 2416 Τότε

506 2446 861 2517 ἀριθμοῦνται
887 2450 935 2500 οἰ
960 2447 1064 2499 υἱοὶ
1099 2447 1311 2518 Ἰσραὴλ
1340 2447 1446 2499 ἀπὸ
1470 2447 1811 2510 εἰκοσαέτους
1828 2449 1919 2500 καὶ
1940 2447 2076 2500 ἑπά-

507 2548 583 2582 νω
601 2570 615 2591 ,
643 2531 735 2583 καὶ
764 2530 1063 2600 εὑρέθησαν
1086 2529 1361 2593 ἑξακόσιαι
1388 2529 1640 2598 χιλιάδες,
1670 2530 1762 2582 καὶ
1792 2530 2076 2601 τρισχίλιοι

505 2613 696 2681 ἄνδρες
726 2614 818 2666 καὶ
844 2614 1138 2683 τριάκοντα
1160 2630 1173 2643 ⁸
1202 2614 1249 2665 οἰ
1281 2613 1337 2666 δὲ
1365 2613 1584 2666 Λευῖται
1618 2617 1764 2683 τρεῖς
1791 2616 1884 2668 καὶ
1907 2616 2075 2667 εἴκοσι

506 2697 738 2767 χιλιάδες
763 2697 869 2749 ἀπὸ
896 2698 1143 2767 μηνιαίου
1178 2697 1269 2749 xal
1298 2698 1497 2751 ἐπάνω,
1542 2696 1689 2766 Αὕτη
1722 2700 1754 2769 ἡ
1796 2699 2078 2768 ἐπίσκεψις

506 2782 565 2831 ἑν
626 2779 871 2849 Ἀραϐὼθ
915 2778 1091 2832 Μωάϐ
1135 2780 1370 2845 ἐγένετο,
1422 2780 1592 2850 πέραν
1636 2781 1728 2832 τοῦ
1791 2782 2073 2851 Ἰορδάνου.

508 2862 616 2912 Kal
644 2863 743 2913 οὐκ
778 2857 845 2931 ἦν
893 2863 950 2913 ἑν
982 2863 1162 2924 αὐτοῖς
1196 2861 1498 2932 ἄνθρωπος,
1529 2862 1587 2927 ἑξ
1629 2856 1702 2916 ὧν
1740 2864 2078 2933 ἐπεσκέψατο

506 2943 747 3013 Μωῦσῆς
778 2946 1039 3016 πρότερον
1066 2947 1123 2997 ἑν
1159 2948 1225 3014 τῇ
1252 2947 1439 3015 ἑρήμῳ
1468 2949 1615 3010 Σινά,
1649 2948 1786 3017 πλὴν
1826 2950 2027 3018 Ἰησοῦς
2049 2954 2078 3004 6

505 3027 598 3080 τοῦ
626 3029 813 3099 Ναυῆ,
856 3030 949 3081 καὶ
990 3029 1168 3081 Χαλὲϐ
1203 3032 1231 3082 6
1263 3030 1356 3082 τοῦ
1396 3031 1631 3098 Ἰεφονεί.
1680 3034 2076 3104 Προσέρχονταί

503 3129 645 3175 τινες
675 3111 969 3182 θυγατέρες
995 3112 1244 3166 Σαλπαάδ
1271 3113 1369 3183 τῆς
1391 3114 1562 3184 φυλῆς
1582 3116 1869 3187 Μανασσῆ,
1898 3117 2077 3181 ἀξιοῦ-

506 3213 617 3259 σαι,
654 3194 838 3261 ἐπειδὴ
866 3195 1031 3259 ἄπαις
1059 3196 1301 3266 άρῤένων
1332 3197 1534 3251 παίδων
1556 3198 1823 3252 ἀπέθανεν
1841 3201 1868 3251 6
1897 3200 2076 3271 πατὴρ

504 3280 699 3341 αὐτῶν,
740 3282 819 3341 είς
860 3278 1027 3341 αὐτάς
1062 3278 1233 3332 ἑλθεῖν
1270 3280 1366 3349 τὴν
1413 3280 1795 3350 κληρονομίαν,
1845 3284 1937 3336 καὶ
1978 3285 2075 3355 τὴν

504 3362 853 3432 κατάσχεσιν.
903 3361 1240 3433 Προσέταξεν
1272 3364 1300 3415 6
1335 3362 1467 3426 Θεὸς
1495 3364 1678 3417 λαϐεῖν
1723 3365 1909 3428 αὑτάς.
1960 3367 2076 3419 Κᾶν

502 3467 587 3513 τις
618 3448 858 3518 ἀποθάνῃ
896 3446 969 3518 μὴ
995 3446 1132 3516 ἔχων
1161 3447 1350 3515 υἰὸν,ἠ
1379 3446 1622 3517 θυγάτηρ
1643 3447 2072 3518 κληρονομείτω·

504 3532 770 3603 θυγατρὸς
824 3531 880 3584 δὲ
926 3530 1025 3583 οὐκ
1062 3528 1245 3600 οὔσης,
1286 3529 1550 3597 ἀδελφόςο
1600 3530 1828 3597 ἀδελφοῦ
1873 3531 1931 3583 δὲ
1976 3533 2077 3586 οὐκ

502 3616 675 3679 ὄντος,
708 3613 931 3683 ἀδελφὸς
960 3613 1055 3667 τοῦ
1093 3614 1316 3682 πατρός.
1349 3613 1625 3666 Δείκνυσιν
1650 3616 1678 3667 6
1702 3615 1832 3678 Θεὸς
1868 3616 2073 3687 Μωῦσῇ

501 3698 610 3753 ἀπὸ
658 3698 751 3751 τοῦ
790 3699 949 3767 ὅρους
984 3697 1077 3749 τοῦ
1121 3696 1287 3750 Ναυὼ
1313 3698 1411 3767 τὴν
1448 3698 1552 3767 γῆν
1592 3697 1690 3765 τῆς
1727 3699 2072 3765 ἐπαγγελίας,

502 3799 597 3834 και
633 3783 1011 3851 χειροτονεῖται
1047 3780 1295 3850 Ἰησοῦςό
1322 3780 1414 3832 τοῦ
1462 3781 1615 3849 Ναυῆ
1658 3783 1737 3842 εἰς
1782 3781 1879 3851 τὴν
1911 3782 2074 3835 αὑτοῦ

502 3864 674 3928 τάξιν.
722 3864 856 3916 Τότε
898 3862 1195 3915 ἐντέλλεται
1239 3865 1349 3924 τοῖς
1379 3864 1513 3925 υἱοῖς
1559 3864 1770 3934 Ἰσραὴλ
1805 3868 1932 3934 περὶ
1958 3866 2075 3917 610-

504 3946 901 4015 καυτωμάτων,
934 3944 1132 3998 θυσιῶν
1167 3944 1276 3999 τῶν
1304 3945 1425 3998 καθ’
1450 3946 1683 4016 ἡμέραν,
1715 3946 1824 3999 τῶν
1859 3949 1918 4001 ἑν
1942 3949 2072 4002 σαϐ-

504 4030 708 4092 ϐάτοις,
747 4030 856 4081 τῶν
878 4032 934 4081 ἑν
958 4028 1285 4098 νεομηνίαις,
1323 4028 1429 4080 τῶν
1469 4030 1526 4081 ἐν
1553 4028 1630 4098 τῷ
1654 4032 1858 4101 πάσχα,
1883 4033 1990 4085 τῶν
2018 4035 2074 4086 ἑν

503 4116 570 4183 τῇ
599 4112 780 4183 ἡμέρᾳ
816 4111 924 4164 τῶν
961 4111 1286 4181 ἑϐδομάδων,
1315 4112 1423 4165 τῶν
1460 4114 1517 4163 ἑν
1557 4113 1631 4182 τῷ
1668 4115 1878 4185 ἑϐδόμῳ
1923 4118 2071 4187 μηνί.

505 4198 792 4252 Διατάσσει
818 4197 912 4249 καὶ
944 4196 1068 4266 περὶ
1100 4195 1292 4265 εὐχῶν,
1332 4196 1624 4259 τουτέστιν,
1654 4191 1727 4250 ὧν
1768 4198 1832 4251 ἄν
1862 4217 1944 4263 τις
1982 4201 2075 4253 τά·

505 4281 682 4352 ξηται.
724 4281 857 4333 Τότε
908 4279 1273 4343 ὲξοπλίζονται
1324 4279 1529 4333 δώδεκα
1575 4282 1808 4351 χιλιάδες
1857 4284 1920 4335 ἑκ
1969 4284 2073 4338 τῶν

518 4359 866 4431 Ἰσραηλιτῶν
896 4359 1035 4411 κατὰ
1062 4359 1426 4420 Μαδιανιτῶν,
1471 4361 1564 4412 καὶ
1604 4361 1787 4424 Φινεὲς
1833 4364 1949 4432 μετ’
1976 4366 2073 4417 αύ-

504 4442 636 4505 τῶν,
677 4443 768 4495 καὶ
790 4441 1100 4509 ἀναιροῦσιν
1127 4443 1342 4505 αὐτοὺς,
1384 4442 1478 4494 καὶ
1503 4443 1660 4495 πέντε
1692 4444 1927 4512 βασιλεῖς
1957 4448 2077 4499 Μα-

504 4526 658 4596 διάμ,
693 4527 787 4580 xal
815 4526 906 4579 τὸν
937 4526 1161 4598 Βαλαὰμ
1182 4526 1272 4581 τὸν
1304 4527 1510 4597 μάντιν.
1539 4529 1645 4581 Kal
1669 4530 1979 4598 ἀπήρξαντο
1997 4532 2075 4600 τῷ

505 4609 625 4680 Θεῷ
659 4608 768 4663 τῶν
823 4608 1052 4675 σκύλων,
1104 4610 1290 4663 καὶτὰ
1330 4610 1491 4663 λοιπὰ
1531 4611 1803 4679 διένειμαν
1840 4613 2069 4675 ἑαυτοῖς.

505 4708 895 4780 Προσελθόντες
919 4709 952 4778 ἡ
992 4708 1129 4777 φυλὴ
1164 4709 1387 4779 Ῥουϐὶμ
1415 4708 1509 4761 καὶ
1542 4708 1665 4769 Γὰδ,
1694 4710 1787 4761 καὶ
1818 4709 1878 4762 τὸ
1902 4710 2072 4779 ῆμισυ

503 4796 604 4865 τῆς
654 4793 823 4864 φυλῆς
872 4792 1171 4861 Μανασσῆ,
1217 4792 1380 4862 ᾔτουν
1433 4794 1582 4861 παρὰ
1640 4792 1918 4855 Μωῦσέως
1976 4794 2074 4863 τὴν

504 4879 680 4949 πέραν
718 4877 811 4930 τοῦ
867 4875 1123 4946 Ἰορδάνου
1164 4874 1364 4946 χώραν.
1406 4876 1462 4928 '0
1496 4876 1551 4927 δὲ
1584 4875 1772 4939 ἔδωκε,
1811 4876 2073 4946 πρότερον

506 4960 1045 5032 συνομολογησάντων
1070 4958 1290 5010 ἐκείνων
1322 4961 1700 5029 συμμαχήσειν
1729 4962 1841 5020 τοῖς
1870 4959 2073 5022 λοιποῖς

517 5046 893 5118 Ἰσραηλίταις,
949 5042 1039 5095 καὶ
1088 5040 1436 5112 διαϐήσεσθαι
1479 5044 1571 5095 τὸν
1631 5040 1900 5113 Ἰορδάνην
1954 5043 2070 5112 μεθ’

503 5131 699 5191 ὅπλων,
756 5129 894 5181 ὥστε
943 5126 1242 5195 πολεμῆσαι
1281 5124 1420 5195 ὑπὲρ
1459 5125 1566 5176 τῶν
1604 5124 1845 5193 ἀδελφῶν
1874 5124 2068 5181 αὐτῶν.

516 5213 773 5266 Ἐνταῦθα
800 5213 1063 5281 διηγεῖται
1089 5208 1326 5276 Μωῦσῆς
1356 5207 1461 5259 ἀπὸ
1488 5207 1759 5275 Αἰγύπτου
1784 5208 1885 5269 ἕως
1912 5204 2071 5278 ἦλθον

502 5297 727 5366 ἀντικρὺ
760 5292 986 5365 Ἰεριχώ.
1032 5290 1358 5344 Ἐντέλλεται
1392 5290 1571 5353 αὐτοῖς
1597 5289 1736 5342 ὥστε
1765 5291 2072 5363 ἑξολοθρεῦ-

506 5394 595 5429 σαι
630 5379 803 5431 πάντα
848 5378 917 5430 τὰ
948 5375 1137 5427 εἴδωλα
1173 5374 1280 5425 τῶν
1318 5372 1504 5425 ἐθνῶν.
1552 5372 1711 5440 Λέγει
1758 5375 1940 5438 αὐτοῖς
1978 5376 2072 5428 καὶ

505 5461 633 5528 περὶ
679 5460 786 5511 τῶν
829 5459 990 5529 ὁρίων
1026 5462 1123 5525 τῆς
1158 5462 1279 5527 γῆς,
1323 5456 1483 5509 πόθεν
1525 5455 1795 5526 ἄρχονται,
1838 5459 1929 5511 καὶ
1967 5457 2070 5511 ποῦ

506 5542 851 5611 πληροῦνται.
897 5543 1265 5615 Παραγγέλλει
1300 5543 1355 5595 δὲ
1406 5542 1654 5612 καὶπερὶ
1703 5543 1799 5612 τῆς
1840 5544 1961 5613 γῆς,
2005 5540 2073 5615 ἧς

508 5624 611 5675 ἔδει
640 5626 764 5687 τοὺς
800 5628 1025 5691 Λευῖτας
1077 5629 1280 5691 λαϐεῖν,
1320 5626 1412 5680 καὶ
1453 5625 1579 5699 περὶ
1625 5626 1731 5678 τῶν
1779 5628 1837 5692 ἒξ
1865 5629 2072 5682 πόλεων

505 5705 615 5779 τῶν
641 5709 1097 5784 φυγαδευτηρίων,
1118 5712 1257 5767 ὥστε
1280 5711 1371 5766 τὸν
1397 5710 1664 5775 ἀκουσίως
1680 5710 1932 5766 ἀνελόντα
1958 5715 2071 5767 ἐκεῖ

1198 312 1257 367 S.
1298 308 1581 365 JOANMS
1619 304 2109 363 CHRYSOSTOMI
2141 304 2465 360 ARCHIEP.
2504 302 3049 359 CONSTANTINUP.

3643 296 3756 350 35$

2178 422 2560 491 καταφεύγειν,
2610 422 2703 475 καὶ
2751 414 3191 473 ἀπαλλάσσεσθαι
3231 411 3494 475 κινδύνου,
3539 411 3754 480 μένοντι

2176 507 2309 569 ἐκεῖ,
2333 505 2436 568 ἓως
2474 505 2539 557 ἂν
2564 504 2812 574 ἀποθάνῃ
2846 506 2874 555 6
2913 501 3088 570 ἰερεῦς
3116 500 3144 550 6
3171 498 3361 566 μέγας.
3402 494 3527 546 Ἐὰν
3549 494 3607 544 δὲ

2177 588 2280 652 ἕξω
2309 588 2417 640 τῶν
2438 588 2578 657 ὅρων
2601 586 2697 655 τῆς
2728 584 2879 655 [556]
2908 583 3132 644 πόλεως,
3156 580 3249 633 xal
3273 578 3507 649 φονεύσῃ
3532 577 3700 630 αὑτὸν
3730 578 3760 628 6

2178 671 2441 739 συγγενὴς
2497 669 2590 721 τοῦ
2647 666 3071 736 πεφονευμένου,
3112 665 3171 715 οὐ
3224 661 3382 715 δώσει
3426 660 3601 730 δίκην.
3645 660 3761 712 Kal

2175 752 2482 820 διαλέγεται
2509 751 2717 821 βραχέα
2768 749 2894 820 περὶ
2922 748 3030 800 τῶν
3060 747 3238 816 νόμων
3263 743 3370 796 τῶν
3407 744 3535 813 περὶ
3579 742 3760 809 φόνων

2176 837 2461 907 κειμένων.
2492 836 2887 905 Προσέρχονται
2922 835 2973 884 οἱ
3016 832 3272 901 ἄρχοντες
3298 829 3396 896 τῆς
3425 827 3599 897 φυλῆς
3630 828 3759 879 Ma-

2177 921 2349 989 νασσῆ
2380 920 2628 986 λέγοντες
2657 918 2732 987 τῷ
2756 918 2992 985 Μωῦσῇ’
3040 913 3254 983 Ἐπειδὴ
3285 911 3428 977 ἔδοξε
3448 911 3546 973 τὰς
3585 910 3759 976 θυγα-

2176 1005 2339 1074 τέρας
2384 1002 2647 1065 ,Σαλπαὰδ
2696 1002 2879 1053 λαϐεῖν
2924 999 3155 1069 κλῆρον,
3199 998 3247 1048 εἰ
3294 994 3532 1065 συμϐαίη
3582 994 3759 1055 αὑτὰς

2176 1085 2491 1155 γαμηθῆναι
2533 1084 2685 1154 ἀνδρὶ
2721 1084 2779 1150 ἑξ
2820 1082 3009 1152 ἑτέρας
3041 1080 3233 1149 φυλῆς,
3281 1079 3335 1131 τί
3383 1079 3471 1131 ἴνα
3500 1077 3758 1147 γίνηται;

2175 1168 2535 1220 ἀπελεύσεται
2560 1166 2667 1236 γὰρ
2701 1169 2728 1218 6
2760 1166 2961 1235 κλῆρος
3004 1164 3102 1234 τῆς
3144 1162 3418 1233 ἡμετέρας
3456 1160 3630 1229 φυλῆς
3682 1161 3761 1220 εἰς

2175 1251 2390 1322 ἐκείνην
2434 1252 2534 1320 τὴν
2589 1250 2784 1320 φυλήν.
2842 1249 2976 1301 Τότε
3032 1246 3330 1317 προσέταξε
3378 1244 3640 1312 Μωῦσῆς,
3698 1245 3761 1293 ἐκ

2174 1335 2270 1405 τῆς
2339 1335 2474 1397 ἰδίας
2534 1334 2705 1403 φυλῆς
2762 1335 2998 1401 γυναῖκα
3050 1330 3348 1400 λαμϐάνειν
3396 1327 3607 1395 ἄνδρα,
3673 1326 3763 1375 ἵνα

2178 1417 2251 1488 μὴ
2306 1417 2714 1488 μεταφέρωνται
2778 1418 2835 1469 αἱ
2887 1412 3238 1484 κληρονομίαι
3294 1410 3405 1466 ἀπὸ
3455 1409 3632 1479 φυλῆς
3681 1410 3761 1470 εἰς

2175 1500 2368 1572 φυλήν.

2508 1600 2775 1667 Σὺνοψις
2808 1595 2914 1650 τοῦ
2946 1592 3425 1662 Δευτερονομίου.

2257 1726 2343 1787 Ὠς
2368 1727 2429 1778 ἐνΔ
2453 1724 2731 1793 κεφαλαίῳ
2759 1722 3025 1791 διηγεῖται
3058 1722 3235 1775 πάντα
3258 1719 3328 1773 τὰ
3364 1718 3557 1790 πρῶτα
3584 1718 3757 1770 Muri)-

2176 1813 2294 1880 σῆς,
2345 1810 2423 1871 εἰς
2470 1809 2774 1878 ὑπόμνησιν
2816 1808 3010 1868 αὐτοὺς
3044 1805 3192 1872 ἇγων
3226 1804 3326 1871 τῆς
3382 1819 3441 1855 τε
3491 1800 3586 1854 τοῦ
3615 1800 3757 1853 Θεοῦ

2174 1892 2512 1962 εὐεργεσίας,
2546 1890 2637 1943 καὶ
2664 1891 2761 1960 τῆς
2790 1888 2968 1943 αὐτῶν
2988 1887 3200 1950 κακίας.
3225 1887 3298 1938 Πε
3309 1886 3360 1955 pl
3380 1884 3475 1937 τοῦ
3500 1885 3574 1953 μὴ
3598 1883 3757 1935 εἰδω-

2174 1973 2453 2043 λολατρεῖν
2496 1972 2832 2043 παραίνεσις.
2876 1969 3136 2025 Ἐνταῦθα
3160 1971 3333 2023 κεῖται
3381 1968 3474 2020 καὶ
3528 1967 3610 2029 τὸ,
3651 1965 3755 2033 Μὴ

2174 2056 2611 2124 προσκυνήσῃς
2642 2055 2764 2122 τοῖς
2798 2056 3065 2123 ἄστροις,
3094 2054 3133 2107 ἅ
3168 2052 3449 2121 ἀπένειμε
3478 2051 3696 2117 Κύριος
3722 2053 3756 2102 ό

2178 2144 2322 2206 Θεός
2350 2155 2467 2194 σου
2505 2140 2656 2195 πᾶσι
2692 2140 2815 2205 τοῖς
2834 2138 3037 2192 ἔθνεσι
3068 2136 3191 2202 τοῖς
3221 2134 3501 2190 ὑποκάτω
3524 2132 3630 2187 τοῦ
3652 2134 3757 2185 of)-

2167 2222 2382 2291 ρανοῦ.
2401 2222 2473 2275 Τὸ
2512 2223 2590 2286 δὲ,
2636 2222 2951 2291 Ἀπένειμε,
2978 2221 3075 2290 οὐχ
3097 2221 3180 2272 ὅτι
3202 2218 3361 2281 αὐτὸς
3392 2215 3753 2286 προσέταξεν·

2174 2306 2375 2373 ἄπαγε’
2399 2305 2535 2359 άλλά
2571 2304 2753 2368 καθώς
2783 2321 2946 2374 φησιν
2980 2304 3008 2356 6
3037 2304 3303 2373 μακάριος
3334 2300 3565 2362 Παῦλοςσ
3600 2301 3756 2365 Hap-

2173 2388 2395 2441 έδωκεν
2430 2388 2651 2454 αὐτοὺς
2682 2392 2714 2441 ό
2750 2388 2894 2453 Θεὸς
2945 2389 3031 2452 εὶς
3083 2385 3373 2452 ἀδόκιμον
3419 2384 3599 2445 νοῦν,
3652 2384 3757 2450 οὐχ

2173 2472 2254 2524 ὅτι
2292 2470 2627 2542 παρέδωκεν,
2666 2469 2779 2524 ἀλλ’
2824 2470 2905 2522 ὅτι
2944 2469 3229 2538 ἑλομένους
3280 2464 3477 2526 αὐτοὺς
3525 2463 3619 2515 καὶ
3660 2463 3753 2515 ἁν-

2173 2554 2514 2626 επιστρόφως
2538 2554 2757 2623 ἔχοντας
2784 2552 3014 2623 ἀφῆκεν.
3041 2551 3226 2613 υῦτως
3251 2548 3485 2602 ἐνταῦθα
3511 2547 3591 2611 τὸ,
3627 2548 3757 2601 Ἀπ-

2172 2634 2405 2705 ένειμεν
2424 2636 2645 2703 αὺτοῖς,
2660 2636 2956 2697 τουτέστιν,
2976 2634 3261 2705 ἑλομένους
3283 2633 3381 2703 τὴν
3404 2632 3629 2701 πλάνην,
3655 2632 3754 2683 καὶ

2176 2721 2252 2792 μὴ
2293 2720 2643 2791 βουλομένους
2678 2719 3023 2791 ἐπιστρέψαι,
3066 2720 3296 2789 ἀφῆκεν.
3354 2713 3610 2769 Ἐνταῦθα
3660 2730 3755 2781 μι-

2174 2804 2303 2873 κρὸν
2337 2802 2612 2875 προελθὼν
2637 2802 2781 2871 λέγει
2801 2818 2814 2830 °
2844 2803 3312 2871 Διαμαρτύρομαι
3345 2798 3489 2868 ὑμῖν
3514 2796 3618 2850 τὸν
3648 2799 3751 2849 οὺ-

2165 2890 2355 2958 ρανδν
2395 2892 2493 2945 καὶ
2520 2891 2633 2960 τὴν
2668 2891 2803 2960 γῆν,
2849 2890 2938 2943 ὅτι
2970 2890 3237 2955 ἀπωλείᾳ
3272 2885 3616 2944 ἀπολεῖσθε,
3642 2884 3752 2937 ἐὰν

2172 2971 2476 3039 ἀποστῆτε
2501 2970 2618 3025 ἀπὸ
2647 2970 2753 3024 τοῦ
2793 2970 2961 3024 Θεοῦ.
2992 2964 3127 3021 Εἶτα
3163 2968 3431 3022 δείκνυσιν
3464 2967 3548 3018 ὅτι
3574 2964 3751 3017 οὐδενὶ

2172 3055 2343 3109 ταῦτα
2371 3055 2642 3125 παρέσχεν
2669 3057 2697 3107 6
2729 3054 2860 3118 Θεὸς
2889 3054 3030 3123 ἆπερ
3075 3051 3321 3115 ἐκείνοις.
3354 3051 3467 3104 Kal
3503 3047 3752 3120 ἀφορίζει

2171 3141 2321 3206 τρεῖς
2361 3138 2542 3202 πόλεις
2580 3136 2675 3191 τοῦ
2714 3136 2977 3207 Ἰορδάνου
3021 3137 3100 3198 εἰς
3146 3134 3600 3203 φυγαδευτήριον.
3631 3132 3752 3184 Ἔτι

2172 3221 2280 3273 τῶν
2306 3220 2586 3293 προτέρων
2626 3221 2822 3282 αὐτοὺς
2864 3218 3295 3288 ὑπομιμνήσκει,
3339 3216 3454 3280 καὶ,
3490 3216 3755 3283 Ἕςραψω

2172 3303 2323 3356 αὐτὰ
2372 3303 2469 3355 ἐπὶ
2521 3302 2640 3355 τῶν
2686 3302 2901 3372 χειρῶν
2937 3318 3074 3363 σου,
3113 3300 3265 3369 φησὶ,
3314 3300 3411 3353 καὶ
3471 3298 3572 3350 ἐπὶ
3637 3296 3751 3349 τῶν

2172 3383 2365 3452 φλιῶν
2405 3399 2522 3437 σου
2562 3384 2826 3453 γράψεις,
2872 3384 2969 3438 καὶ
2997 3382 3258 3447 διδάξεις
3283 3381 3391 3434 τὸν
3429 3382 3566 3434 υἱόν
3611 3396 3747 3431 σου.

2172 3465 2356 3519 Εἰπὼν
2385 3467 2441 3519 δὲ
2469 3467 2505 3521 ἂ
2539 3467 2872 3537 συμϐήσεται
2900 3466 3045 3519 κακά
3087 3464 3182 3518 ἑὰν
3214 3462 3626 3535 παρακούσωσι,
3652 3479 3750 3513 πα-

2174 3548 2501 3619 ραθαρρύνει
2540 3550 2675 3621 πρὸς
2702 3550 2763 3602 τὸ
2818 3550 2892 3620 μὴ
2931 3549 3220 3602 δεδοικέναι
3261 3548 3387 3609 τοὺς
3435 3546 3744 3616 πολεμίους.

2173 3632 2341 3685 Πάλιν
2374 3633 2778 3703 ἀναμιμνήσκει
2805 3632 2913 3686 τῶν
2947 3632 3246 3703 προτέρων.
3288 3630 3551 3685 Ἐνταῦθα
3577 3630 3749 3680 κεῖται

2172 3715 2253 3779 τὸ,
2289 3717 2554 3785 Πρόσεχε
2576 3717 2828 3783 σεαυτῷ,
2860 3717 2888 3769 6
2914 3716 3169 3778 πολλάκις
3197 3716 3377 3778 αὐτοῖς
3414 3714 3509 3767 καὶ
3546 3710 3747 3783 προῖὼν

2173 3799 2430 3866 ἐπιλέγει,
2468 3801 2561 3853 καὶ
2591 3804 2843 3871 παραινεῖ
2873 3800 2971 3863 τὰς
3002 3800 3154 3863 νίκας
3188 3800 3262 3869 μὴ
3294 3802 3360 3869 τῇ
3386 3796 3564 3867 οἰκείᾳ
3590 3798 3743 3850 δυνό-

2178 3900 2266 3953 μει
2298 3883 2643 3952 ἐπιγράφειν,
2684 3882 2818 3936 ἀλλά
2842 3885 2907 3952 τῇ
2935 3881 3029 3935 τοῦ
3072 3882 3206 3935 Θεοῦ
3241 3882 3442 3952 χάριτι.
3485 3878 3745 3933 Ἐνταῦθα

2173 3968 2368 4027 κεῖται,
2416 3966 2498 4018 ὅτι
2548 3964 2600 4017 '0
2664 3966 2807 4031 Θεὸς
2877 3964 2996 4033 πῦρ
3057 3965 3510 4018 καταναλίσκον
3578 3962 3745 4016 ἐστὶν

2171 4050 2305 4120 ὅπερ
2336 4052 2364 4103 6
2396 4048 2603 4112 Παῦλος
2632 4050 2688 4102 ἑν
2715 4051 2781 4119 τῇ
2818 4048 2953 4119 πρὸς
3001 4048 3281 4118 Ἐϐραίους
3312 4048 3495 4118 ἔθηκε.
3538 4049 3744 4117 Παραι-

2171 4136 2253 4186 νεῖ
2276 4133 2331 4185 δὲ
2369 4134 2425 4185 ἑν
2463 4132 2641 4202 ταύτῷ
2664 4132 2902 4200 Μωῦσῆς
2944 4130 3017 4201 μὴ
3063 4130 3380 4202 ἐπαίρεσθαι
3412 4130 3630 4192 αὐτούς.
3665 4128 3743 4180 (Ii!

2172 4217 2281 4285 γὰρ
2315 4216 2414 4268 διὰ
2464 4214 2578 4282 τὴν
2620 4214 3015 4280 δικαιοσύνην
3060 4229 3195 4276 σου,
3253 4214 3436 4283 φησὶν,
3486 4212 3739 4279 Ἰσραὴλ,

2172 4297 2741 4365 ἐξολοθρευθήσεται
2767 4298 2837 4350 τὰ
2849 4296 3013 4362 ἔθνη,
3035 4296 3195 4350 ἀλλὰ
3215 4296 3311 4348 διὰ
3334 4295 3447 4362 τὴν
3465 4296 3741 4349 ἀσέϐειαν

2172 4383 2387 4436 αὐτῶν.
2403 4383 2711 4452 ’Υπομιμνή
2721 4399 2836 4433 σκει
2855 4381 2911 4434 δὲ
2932 4382 3125 4443 αὐτοὺς
3142 4382 3233 4434 καὶ
3251 4382 3348 4449 τῆς
3372 4381 3739 4451 μοσχοποιίας.

2185 4465 2445 4519 Ἐνταῦθα
2471 4467 2525 4518 δὲ
2553 4468 2754 4519 κεῖται·
2777 4465 3201 4533 Περιτέμνεσθε
3233 4464 3348 4530 τὴν
3367 4467 3739 4533 σκληροκαρ-

2172 4548 2308 4602 δίαν
2323 4549 2505 4618 ὑμῶν,
2519 4549 2615 4601 καὶ
2639 4548 2745 4601 τὸν
2759 4548 3060 4618 τράχηλον
3068 4547 3233 4616 ὑμῶν
3245 4550 3315 4600 οὐ
3328 4550 3665 4617 σκληρυνεῖ
3665 4567 3738 4604 τε.

2186 4632 2548 4701 Ἐγκωμιάζει
2560 4631 2655 4702 τὴν
2675 4634 2775 4701 γῆν
2792 4632 2889 4701 τῆς
2903 4631 3250 4700 ἐπαγγελίας.
3270 4632 3535 4685 Ἐνταῦθα
3547 4638 3737 4686 κεῖται·

2172 4715 2381 4782 (Iunior
2397 4714 2492 4767 καὶ
2518 4715 2668 4767 πιὼν
2690 4714 2786 4767 καὶ
2812 4714 3179 4783 ἐμπλησθεὶς
3204 4714 3463 4782 πρόσεχε
3486 4712 3737 4778 σεαυτῷ·

2174 4798 2267 4848 καὶ
2291 4796 2541 4866 προλέγει
2568 4795 2635 4848 τὰ
2672 4797 2817 4849 κακὰ
2841 4797 3226 4867 παρακούουσι,
3260 4798 3353 4850 καὶ
3386 4797 3453 4849 τά
3490 4796 3671 4864 ἀγαθά
3693 4796 3741 4849 εἰ

2173 4879 2557 4933 ύπακούσειαν.
2605 4880 2712 4931 Kal
2746 4878 2954 4931 κελεύει
2999 4880 3086 4933 ἐπ’
3134 4881 3256 4951 ὅρος
3301 4880 3523 4951 Γαριζὶν
3562 4881 3738 4934 δοῦναι

2171 4964 2268 5032 τὴν
2291 4963 2553 5031 εὐλογίαν,
2591 4964 2684 5015 καὶ
2710 4962 2808 5033 τὴν
2838 4963 3081 5034 κατάραν
3114 4965 3201 5016 ἐπ’
3230 4963 3352 5033 ὅρος
3376 4963 3551 5015 Γεϐάλ
3570 4982 3583 4994 ·
3610 4966 3740 5016 am-

2171 5046 2323 5098 λέσαι
2349 5045 2418 5098 τά
2458 5044 2652 5098 εἴδωλα
2682 5044 2776 5098 καὶ
2806 5046 2932 5108 τοὺς
2961 5047 3153 5109 τόπους
3177 5046 3373 5099 αὐτῶν.
3401 5047 3629 5099 Κελεύει
3665 5047 3737 5116 μὴ

2173 5130 2444 5199 πανταχοῦ
2492 5130 2680 5192 θυσίας
2719 5129 3007 5199 ἀναφέρειν
3051 5130 3129 5198 τῷ
3174 5130 3311 5199 Θεῷ,
3359 5130 3477 5181 ἀλλ’
3521 5131 3604 5193 είς
3650 5130 3737 5182 τὸν

2169 5214 2333 5267 τόπον
2356 5215 2415 5266 όν
2442 5214 2505 5267 ἂν
2538 5214 2839 5283 ἐκλέξηται.
2872 5214 3005 5282 Περὶ
3030 5213 3124 5265 τοῦ
3166 5213 3239 5283 μὴ
3272 5214 3466 5283 ζηλοῦν
3494 5214 3563 5267 τὰ
3588 5215 3734 5283 ἔθνη.

2176 5298 2307 5367 μηδέ
2322 5315 2425 5351 τινι
2441 5296 2713 5350 πείθεσθαι
2728 5296 3136 5365 συμϐουλεύοντι
3152 5297 3571 5368 εἰδωλολατρεῖν,
3586 5297 3741 5369 [ειη

2173 5381 2273 5433 κᾶν
2307 5383 2506 5449 σημεῖα
2540 5383 2685 5450 ποιῇ,
2728 5382 2864 5451 μήτε
2900 5380 3058 5449 φίλῳ,
3096 5381 3231 5451 μήτε
3267 5379 3411 5449 ἄλλῳ
3445 5383 3573 5445 τινὶ,
3605 5382 3737 5435 ἀλλά

2172 5462 2462 5516 λιθοϐολεῖν
2504 5462 2595 5517 τὸν
2663 5462 3045 5533 παραινοῦντα.
3095 5465 3197 5517 κᾶν
3238 5462 3463 5528 ἀδελφὸς
3636 5466 3739 5516 κᾶν

2175 5545 2325 5608 πόλις
2384 5546 2858 5617 εἰδωλολατρεύσῃ,
2906 5545 3249 5614 πανώλεθρον
3311 5544 3484 5615 αὐτὴν
3539 5550 3734 5599 ποιεῖν.

2174 5629 2308 5681 Τίνα
2347 5628 2427 5681 δεῖ
2468 5629 2687 5689 ἐσθίειν,
2731 5630 2823 5681 καὶ
2864 5629 2985 5681 τίνα
3034 5627 3412 5695 παραιτεῖσθαι
3458 5632 3735 5699 παραινεῖ.

2177 5711 2310 5782 Περὶ
2357 5711 2601 5781 ἀφέσεως
2642 5712 2815 5783 χρεῶν
2860 5712 3152 5783 νομοθετεῖ,
3196 5710 3322 5783 περὶ
3356 5708 3609 5779 ἀφέσεως
3648 5713 3735 5767 καὶ
