4102 6322
234 303 339 359 353

226 419 449 486 [ligatus
489 417 559 472 ab
607 417 711 473 illis
745 424 864 473 est:
905 418 1171 488 urbesque
1206 417 1322 487 ejus
1347 427 1604 486 ceperunt
1640 418 1809 471 Israc-

235 512 362 565 litae.
404 511 689 581 Congressi
743 506 903 565 etiam
944 525 1064 565 cum
1109 509 1186 579 0g
1232 525 1356 580 rege
1396 511 1587 573 Basan,
1626 509 1811 565 iisdem

234 602 408 670 ipsum
465 601 621 655 malis
669 598 986 663 affecerunt,
1028 602 1178 670 queis
1218 602 1358 655 Seon
1405 601 1709 667 adiecerant,
1750 614 1814 655 ac

234 702 433 747 terram
457 692 722 762 urbesque
750 691 869 760 ejus
896 706 1082 746 omnes
1106 700 1379 760 ceperunt.
1410 692 1565 745 Mittit
1594 707 1685 746 rex
1720 691 1813 747 Ba-

233 787 317 839 lac
343 786 410 841 ad
433 786 648 840 Balaam
679 793 853 839 vatem
872 827 887 851 ,
914 793 973 838 ut
1001 785 1341 839 malediceret
1363 785 1636 854 populum.
1672 785 1812 840 Deus

230 890 409 931 autem
444 876 592 930 initio
627 876 841 946 quidem
887 875 1222 945 prohibebat.
1255 875 1324 931 Ut
1362 884 1538 931 autem
1585 877 1813 932 instabat

232 968 318 1021 ille
338 966 476 1036 apud
513 977 711 1032 vatem,
738 965 1002 1020 concessit
1022 966 1234 1035 quidem
1265 976 1321 1019 ut
1347 967 1467 1027 iret.
1500 965 1594 1021 sed
1621 981 1726 1021 non
1754 974 1811 1021 ut

231 1058 573 1114 malediceret
606 1075 620 1109 :
654 1057 748 1112 sed
787 1058 1048 1112 convertit
1078 1056 1481 1112 maledictiones
1510 1058 1560 1111 in
1588 1057 1808 1113 benedi-

230 1150 461 1203 ctionem
490 1149 587 1217 (a).
624 1147 742 1202 Non
768 1147 911 1216 quod
934 1146 1203 1216 quidpiam
1241 1157 1459 1216 possent
1479 1148 1810 1204 maledictio-

229 1255 330 1294 nes
372 1240 548 1303 vatis,
577 1238 672 1293 sed
716 1239 838 1308 quia
885 1239 1114 1294 miseriis
1148 1239 1368 1294 aﬁ‘ectus
1406 1249 1521 1294 erat
1558 1240 1804 1310 populus,

229 1332 526 1387 crediturus
550 1340 668 1386 erat
693 1331 833 1384 illius
862 1331 1339 1398 maledictionibus,
1357 1331 1568 1401 illicque
1589 1339 1807 1400 propter

228 1423 588 1478 inﬁrmitatem
627 1438 779 1477 suam
823 1422 1155 1477 damnandus
1194 1432 1327 1477 erat.
1372 1424 1469 1477 llic
1500 1424 1566 1477 de
1591 1425 1805 1479 Christo

229 1515 549 1570 vaticinatur
588 1514 772 1569 dicens
801 1532 813 1568 :
851 1515 1055 1568 Orietur
1080 1516 1224 1569 stella
1252 1531 1315 1567 ea:
1338 1513 1527 1578 Jacob,
1554 1525 1599 1569 et
1633 1525 1804 1586 surget

226 1609 373 1661 homo
402 1624 465 1662 ex
489 1606 655 1661 Israel
680 1606 863 1676 (Nunt.
894 1606 987 1661 24.
1022 1608 1134 1676 17).
1167 1606 1395 1674 Spiritus
1419 1608 1559 1660 enim
1594 1607 1685 1660 Dei
1708 1606 1804 1661 fuit

226 1701 275 1754 in
304 1711 447 1754 vate.
475 1699 546 1756 Ut
568 1715 699 1755 vero
732 1700 863 1754 abiit
893 1699 1130 1765 Balaam,
1162 1698 1490 1753 fornicamur
1517 1700 1608 1753 lilii
1637 1698 1798 1753 Israel

225 1808 340 1847 cum
389 1792 600 1847 ﬁliabus
643 1791 813 1856 Moab,
858 1799 913 1846 et
958 1791 1233 1845 initiantur
1277 1789 1625 1858 Beelphegor.
1651 1789 1800 1844 Tunc

225 1885 461 1955 ιιι-ίηοίιιίι
482 1885 709 1956 Moyses,
738 1893 798 1939 ut
826 1885 1188 1954 unusquisque
1216 1882 1431 1937 fratrem
1458 1898 1613 1937 suum
1642 1883 1798 1939 idolis

222 1977 539 2031 servientem
590 1978 890 2032 interﬁciat.
920 1977 1068 2031 Tunc
1111 1977 1338 2031 Phinees
1380 1976 1521 2030 ﬁlius
1559 1976 1796 2032 Eleazari

223 2067 457 2122 confodit
483 2068 729 2122 Zambrin
761 2067 1069 2133 lsraelitam,
1099 2077 1153 2122 et
1179 2066 1372 2122 Chasbi
1404 2067 1793 2121 Madianitidem

224 2174 337 2212 cum
359 2160 453 2213 illo
481 2176 494 2212 :
526 2158 594 2211 Et
619 2167 902 2228 reputalum
927 2170 997 2212 est
1027 2160 1102 2212 illi
1125 2159 1192 2210 ad
1206 2157 1645 2230 justitiam(Psal.
1670 2159 1791 2214 105.

199 2252 331 2325 ~51).
364 2253 518 2307 Tunc
547 2263 897 2307 numerantur
928 2254 1016 2306 ﬁlii
1049 2253 1208 2307 Israel
1229 2268 1259 2306 a
1290 2252 1545 2322 vigesimo
1572 2268 1713 2307 anno
1741 2262 1796 2307 et

225 2359 393 2414 supra,
421 2356 476 2400 et
500 2345 696 2399 inventi
723 2355 845 2397 sunt
865 2345 1098 2399 sexcenti
1128 2353 1180 2398 et
1208 2352 1317 2397 tres
1342 2344 1486 2399 mille
1511 2354 1563 2398 et
1582 2344 1792 2413 triginta

223 2439 335 2491 viri.
380 2438 582 2492 Levita:
621 2447 799 2492 autem
842 2445 950 2490 tres
998 2446 1049 2490 et
1086 2436 1268 2504 viginti
1297 2436 1443 2489 mille
1467 2450 1497 2489 a
1529 2449 1712 2489 mense
1739 2443 1795 2488 et

222 2544 391 2601 supra.
425 2530 522 2585 llic
563 2544 757 2585 census
792 2529 843 2583 in
878 2529 1112 2584 Araboth
1143 2528 1295 2584 Moab
1325 2528 1490 2582 factus
1524 2536 1607 2583 est
1645 2537 1792 2582 trans

223 2622 520 2677 Jordanem.
557 2621 740 2692 Neque
780 2622 831 2675 in
881 2622 985 2675 illis
1014 2630 1130 2675 erat
1164 2622 1425 2690 quiSpiam
1467 2636 1532 2675 ex
1562 2621 1626 2675 iis
1654 2636 1789 2690 quos

222 2723 616 2769 enumeraverat
643 2714 789 2783 prius
818 2712 1029 2784 Moyses
1058 2713 1109 2767 in
1132 2713 1345 2767 deserto
1372 2712 1520 2779 Sina,
1552 2712 1789 2780 exceptis

221 2803 340 2859 Jesu
378 2806 487 2861 ﬁlio
521 2805 668 2860 Nave
691 2846 706 2871 ,
740 2804 1045 2860 ctChalebo
1083 2805 1192 2859 ﬁlio
1223 2804 1485 2874 Jephone.
1515 2804 1791 2859 Accedunt

221 2897 451 2965 qumdam
494 2898 615 2953 ﬁlia:
655 2897 884 2967 Salpaad
929 2913 998 2952 ex
1039 2899 1180 2952 tribu
1224 2897 1469 2951 Manasse
1517 2906 1784 2966 rogantes,

220 3002 335 3042 cum
367 2997 511 3057 pater
531 3004 714 3043 eorum
742 2989 866 3043 ﬁliis
892 2989 1143 3043 masculis
1168 2989 1327 3042 orbus
1356 2996 1596 3041 mortuus
1622 2996 1784 3054 esset,

221 3090 277 3131 ut
307 3079 371 3132 ad
400 3096 457 3134 se
484 3080 749 3135 hereditas
786 3080 989 3135 veniret
1016 3091 1174 3149 atque
1204 3081 1490 3148 possessio.
1528 3079 1787 3149 Prmcepit

222 3171 362 3225 Deus
389 3181 447 3225 ut
478 3170 578 3227 illa:
607 3173 931 3243 acciperent.
967 3172 1035 3227 Et
1065 3175 1109 3229 si
1143 3174 1262 3243 quis
1301 3173 1417 3227 sine
1452 3172 1561 3227 ﬁlio
1587 3173 1783 3242 obiret,

220 3262 490 3316 mandavit
516 3272 573 3316 ut
599 3264 703 3319 ﬁlia
729 3273 872 3319 esset
899 3266 1054 3319 heres
1086 3282 1100 3331 ;
1131 3267 1173 3319 si
1213 3282 1313 3320 nec
1338 3266 1501 3319 ﬁliam
1527 3265 1781 3329 haberet,

221 3352 382 3407 frater
409 3370 425 3417 ;
454 3355 495 3409 si
518 3355 733 3410 fratrem
760 3372 862 3410 non
886 3358 1123 3422 haberet,
1147 3360 1311 3427 patris
1340 3357 1520 3412 frater.
1543 3357 1785 3412 Ostendit

221 3445 361 3497 Deus
384 3444 543 3515 Moysi
568 3462 635 3501 ex
650 3458 825 3502 monte
846 3448 990 3502 Navo
1011 3449 1081 3520 (b)
1104 3458 1297 3504 terram
1321 3449 1707 3518 promissionis,
1732 3458 1785 3502 et

217 3535 268 3589 in
287 3536 404 3606 ejus
422 3537 589 3591 locum
608 3539 711 3593 dux
734 3542 1068 3595 constituitur
1093 3540 1247 3596 Jesus
1276 3541 1413 3594 ﬁlius
1441 3540 1607 3595 Nave.
1637 3541 1785 3595 Tunc

219 3627 519 3696 praecipitur
533 3628 652 3685 ﬁliis
671 3630 825 3688 Israel
843 3633 907 3685 de
925 3633 1265 3698 holocaustis,
1280 3633 1348 3687 de
1364 3633 1634 3691 sacriﬁciis
1663 3650 1786 3705 quo-

217 3722 646 3787 tidianis,deillis
664 3739 780 3794 quae
804 3725 858 3780 in
884 3726 1123 3791 sabbato,
1149 3727 1215 3780 de
1239 3726 1340 3780 illis
1365 3743 1481 3796 qua:
1498 3727 1548 3780 in
1571 3743 1787 3781 ncome-

215 3814 312 3868 niis
333 3854 350 3879 ,
379 3814 446 3868 de
472 3814 534 3869 iis
568 3830 685 3886 qua:
714 3818 767 3871 in
796 3817 991 3886 pascha
1017 3858 1032 3882 ,
1062 3817 1130 3872 de
1156 3818 1221 3872 iis
1246 3834 1364 3888 qua:
1392 3819 1442 3871 in
1468 3818 1555 3873 die
1580 3818 1783 3872 hebdo-

216 3908 505 3976 madarum,
529 3908 597 3964 de
628 3909 691 3964 iis
711 3925 829 3980 qua:
850 3911 1080 3980 septimo
1117 3926 1321 3965 mense.
1353 3911 1597 3981 Praecipit
1623 3912 1783 3966 etiam

214 3997 275 4049 de
303 3998 436 4052 votis
466 4014 482 4061 ;
525 3999 575 4052 id
605 4009 718 4066 est,
749 3999 815 4054 de
842 4000 905 4053 iis
925 4016 1045 4070 quae
1070 4001 1331 4071 quispiam
1364 4001 1631 4055 offerenda
1656 4016 1784 4055 con-

215 4087 617 4145 stituerit.Tunc
632 4100 909 4146 armantur
930 4091 1207 4147 duodecim
1236 4093 1384 4147 mille
1406 4094 1503 4146 viri
1534 4110 1596 4147 ex
1621 4093 1787 4146 Israe-

217 4178 316 4232 litis
339 4190 523 4235 contra
556 4181 869 4236 Madianitas
889 4224 905 4248 ,
935 4190 989 4237 et
1016 4182 1246 4237 Pbinecs
1274 4200 1393 4237 cum
1422 4184 1555 4247 illis,
1585 4184 1785 4239 interﬁ-

216 4271 453 4341 ciuntque
475 4288 571 4328 eos
602 4284 659 4328 et
684 4275 915 4343 quinque
941 4290 1091 4344 reges
1113 4276 1359 4339 Madiam,
1385 4286 1438 4330 et
1459 4276 1670 4330 Balaam
1696 4293 1787 4331 va-

218 4370 335 4418 tem.
362 4364 429 4419 Et
457 4365 726 4434 primitias
749 4364 1056 4420 obtulerunt
1084 4367 1191 4420 Deo
1221 4367 1287 4421 de
1313 4367 1498 4436 Spoliis
1520 4408 1535 4433 ,
1561 4379 1784 4423 cauera-

218 4470 310 4521 que
340 4455 475 4511 inter
507 4472 568 4512 se
610 4457 929 4512 diviserunt.
962 4459 1289 4514 Accedentes
1320 4460 1487 4515 tribus
1516 4461 1702 4517 Ruben
1732 4471 1786 4517 et

217 4546 340 4611 Gad,
393 4558 449 4604 et
490 4549 717 4604 dimidia
762 4551 934 4605 tribus
972 4551 1237 4619 Manasse,
1275 4555 1578 4622 petebauta
1606 4556 1786 4627 Moyse

219 4640 499 4708 regionem,
536 4657 664 4711 qua:
697 4652 779 4697 est
817 4651 962 4697 trans
987 4643 1293 4699 Jordanem.
1331 4646 1424 4701 llle
1462 4663 1590 4702 vero
1617 4649 1782 4713 dedit,

216 4746 324 4786 cum
353 4736 496 4804 prius
524 4736 603 4789 illi
644 4736 1011 4804 promisissent
1048 4754 1108 4793 se
1137 4754 1259 4793 cum
1285 4740 1501 4810 reliquis
1532 4741 1786 4798 lsraelitis

218 4837 528 4893 pugnaturos
563 4842 725 4890 esse,
762 4826 1156 4899 Jordanemque
1190 4846 1311 4884 cum
1346 4832 1507 4885 armis
1534 4833 1787 4887 transitu-

216 4929 317 4979 ros,
350 4926 405 4969 ut
441 4918 711 4972 bellarent
747 4935 843 4987 pro
871 4919 1121 4975 fratribus
1150 4922 1278 4975 suis.
1305 4922 1400 4977 Hic
1430 4925 1784 4978 narrationem

216 5007 339 5061 texit
374 5008 584 5081 Moyses
632 5011 843 5065 itineris
882 5012 949 5064 ah
984 5012 1249 5083 Egypto,
1278 5014 1447 5069 donec
1470 5026 1729 5070 venerunt
1757 5032 1787 5071 e

218 5099 420 5166 regione
461 5100 705 5155 Jericho.
760 5102 1022 5156 Jubenlnr
1076 5105 1149 5157 illi
1205 5108 1562 5163 exterminare
1609 5112 1785 5164 omnia

216 5186 346 5243 idola
369 5192 634 5261 gentium.
660 5194 918 5264 Loquitur
940 5198 1098 5251 etiam
1121 5199 1226 5251 illis
1249 5198 1317 5253 de
1343 5202 1584 5256 terminis
1607 5211 1785 5269 terrm,

215 5281 298 5334 ubi
341 5284 601 5355 incipiant
646 5297 704 5342 et
745 5288 833 5342 ubi
872 5290 1137 5345 desinant.
1176 5292 1423 5362 Praecipit
1454 5294 1613 5350 etiam
1647 5297 1788 5352 circa

214 5378 425 5441 terram,
454 5393 617 5447 quam
658 5378 871 5435 Levitas
905 5383 1150 5453 accipere
1185 5385 1493 5453 oportebat,
1525 5395 1578 5440 et
1603 5386 1670 5441 de
1693 5403 1785 5441 sex

271 5513 339 5573 (a)
372 5513 849 5582 Huc_recidi_t__illud
876 5521 1005 5580 quod
1045 5520 1114 5568 ait
1150 5518 1256 5581 ipse
1291 5533 1523 5570 sermone
1565 5537 1692 5572 nono
1736 5527 1786 5572 in

217 5571 440 5645 Genesim
472 5577 633 5645 Temo
666 5579 749 5645 tv,
785 5571 1030 5636 col.'528,
1059 5582 1140 5628 τὸν
1167 5571 1369 5645 Βαλαὰμ
1393 5585 1635 5645 ἠνάγκασέ
1668 5571 1785 5633 me:

198 5639 269 5680 ατὰ
302 5639 530 5692 μέλλοντα
560 5641 637 5687 sit:
645 5642 728 5688 εἴν.

203 5691 211 5731 ³›
276 5691 340 5757 (b)
360 5701 656 5761 rlnfcutgala
677 5739 689 5757 ,
720 5700 914 5751 Abarim
934 5741 945 5759 ,
975 5704 1242 5752 secundum
1272 5706 1563 5758 Hebraicam
1600 5707 1783 5759 verita-

204 5762 325 5817 }eui.
358 5759 477 5809 Vide
507 5759 563 5809 ιιι
587 5765 687 5810 line
714 5764 947 5823 Synopsis
979 5766 1363 5815 Deuteronomii.

1262 302 1581 360 SYNOPSIS
1617 296 2026 359 SCRIPTUB/E
2062 300 2331 359 SACRIE.

3396 330 3493 380 535

1925 418 2141 475 urbibus
2169 423 2379 495 refugii,
2408 426 2478 483 ita
2508 436 2564 484 ut
2590 432 2633 486 is
2663 435 2751 503 qui
2779 444 2976 506 praeter
2999 440 3322 498 voluntatem
3354 448 3494 503 occi-

1920 510 2107 577 disset,
2129 514 2252 569 illuc
2270 517 2604 589 confugeret,
2628 535 2682 578 et
2703 527 2818 581 sine
2846 530 3084 598 periculo
3113 543 3255 589 esset
3286 536 3357 590 ibi
3386 553 3500 594 ma.

1919 617 2075 668 nens,
2107 604 2279 661 donec
2317 622 2619 667 moreretur
2655 620 2908 674 sacerdos
2952 638 3197 693 magnus.
3226 625 3282 680 Si
3318 638 3496 685 autem

1918 704 2067 750 extra
2092 701 2343 757 terminos
2368 704 2521 760 urbis
2541 720 2845 776 caperetur,
2871 723 2924 767 et
2950 716 3219 771 occideret
3254 735 3373 773 eum
3401 736 3496 775 co-

1917 798 2108 857 gnatus
2145 794 2307 847 occisi
2332 836 2347 861 ,
2384 795 2470 852 hic
2496 814 2599 852 non
2628 799 2782 855 daret
2809 819 3011 873 poenas.
3044 807 3111 861 Et
3133 824 3295 878 pauca
3320 811 3495 881 loqui-

1918 889 2003 933 tur
2026 882 2092 935 de
2118 883 2324 953 legibus
2350 888 2487 943 circa
2513 891 2706 945 cmdes.
2735 896 3007 950 Accedunt
3032 900 3295 967 principes
3326 903 3493 959 tribus

1916 971 2153 1028 Manasse
2175 977 2413 1034 dicentes
2447 981 2612 1051 Moysi
2642 1002 2653 1038 :
2683 982 2939 1051 Quoniam
2981 990 3149 1042 visum
3186 1003 3266 1047 est
3292 1004 3348 1046 ut
3370 994 3493 1048 ﬁliae

1914 1064 2138 1135 Salpaad
2168 1072 2471 1139 acciperent
2498 1074 2880 1143 hereditatem,
2910 1080 2953 1132 si
2976 1082 3253 1151 contigerit
3278 1099 3367 1138 eas
3388 1101 3488 1139 nu-

1915 1157 2040 1212 bere
2071 1161 2187 1214 viro
2212 1177 2276 1216 ex
2316 1164 2481 1219 altera
2514 1166 2676 1234 tribu,
2704 1169 2828 1237 quid
2858 1170 2945 1223 ﬁet
2967 1172 2991 1223 ?
3012 1187 3128 1226 sors
3156 1175 3293 1226 enim
3321 1176 3487 1229 tribus

1912 1260 2107 1305 nostra:
2150 1253 2316 1307 exibit
2350 1254 2403 1310 in
2449 1257 2594 1311 illam
2625 1260 2838 1313 tribum.
2869 1261 3018 1316 Tunc
3056 1266 3307 1332 prrecepit
3332 1265 3484 1336 Moy-

1910 1354 2017 1405 ses,
2060 1352 2116 1395 ut
2158 1345 2240 1398 vir
2274 1346 2505 1416 quisque
2542 1365 2605 1404 ex
2637 1365 2731 1404 sua
2770 1353 2908 1406 tribu
2949 1368 3167 1408 uxorem
3198 1357 3481 1425 acciperet,

1912 1448 1978 1487 ne
2006 1436 2423 1495 transferrentur
2453 1441 2776 1498 hereditates
2796 1460 2827 1499 a
2856 1446 2993 1500 tribu
3020 1446 3071 1500 in
3097 1447 3314 1501 tribum.

2349 1566 2583 1608 SYNOPSIS
2612 1567 3005 1611 DEUTEBGNOMII

1977 1661 2135 1727 Quasi
2167 1666 2471 1718 summatim
2506 1668 2682 1735 priora
2711 1670 2887 1722 omnia
2938 1680 3116 1724 narrat
3151 1670 3358 1741 Moyses
3382 1711 3397 1735 ,
3425 1680 3482 1725 ιιι

1846 1778 1847 1781 η
1906 1750 2008 1804 illis
2040 1754 2091 1804 in
2125 1757 2433 1809 memoriam
2461 1766 2675 1812 revocet
2700 1770 2749 1812 et
2780 1760 2868 1811 Dei
2902 1760 3174 1826 beneﬁcia,
3203 1772 3255 1816 et
3289 1766 3478 1833 nequi-

1905 1842 2029 1897 tiam
2064 1844 2318 1913 ipsorum.
2367 1845 2693 1900 Adhortatio
2722 1863 2789 1901 ne
2821 1846 2964 1901 idola
2991 1850 3193 1905 colant.
3260 1853 3352 1906 llic
3388 1854 3473 1923 ja-

1902 1943 1986 1987 cet
2009 1934 2136 1988 illud
2166 1954 2180 1989 :
2212 1936 2331 1991 Non
2349 1940 2585 1993 adorabis
2604 1941 2795 2003 stellas,
2824 1958 2948 2009 quas
2965 1942 3267 2011 dispensavit
3299 1943 3476 1996 Domi-

1903 2041 1997 2077 nus
2035 2025 2175 2081 Deus
2231 2038 2344 2083 tuus
2390 2032 2619 2085 onmibus
2671 2034 2899 2102 gentibus
2928 2051 3041 2105 qua:
3088 2037 3178 2088 sub
3211 2038 3332 2089 cwlo
3359 2045 3477 2090 sunt

1904 2118 1923 2188 (
1957 2116 2107 2171 Deut.
2130 2119 2183 2173 4.
2228 2121 2295 2176 19
2324 2120 2343 2192 )
2373 2123 2474 2192 (α).
2503 2123 2635 2177 Illud
2666 2140 2811 2191 vero,
2840 2125 3175 2196 Dispensavit,
3220 2128 3467 2199 intellige,

1901 2231 2005 2269 non
2035 2213 2175 2287 quod
2204 2216 2314 2284 ipse
2335 2216 2586 2285 jusserit:
2610 2218 2781 2283 absit;
2813 2218 2905 2273 sed
2932 2220 3373 2290 quemadmodum
3400 2222 3474 2275 ait

1899 2305 2086 2360 beatus
2135 2307 2327 2361 Paulus
2357 2323 2371 2359 :
2413 2307 2642 2361 Tradidit
2686 2310 2801 2363 illos
2830 2309 2962 2363 Deus
2990 2311 3042 2364 in
3068 2314 3335 2381 reprobum
3359 2329 3474 2365 sen-

1897 2415 2007 2451 sum
2035 2398 2054 2468 (
2086 2399 2234 2451 Rom.
2287 2402 2334 2454 l.
2363 2399 2433 2455 28
2479 2400 2517 2471 ),
2554 2417 2659 2454 non
2688 2401 2827 2471 quod
2857 2401 3135 2455 tradiderit
3166 2443 3180 2465 ,
3212 2402 3303 2456 sed
3332 2402 3471 2471 quod

1898 2490 2018 2545 illos
2057 2533 2070 2556 ,
2100 2492 2187 2561 qui
2222 2493 2290 2546 ita
2321 2494 2519 2548 vellent
2554 2502 2608 2548 et
2626 2494 2741 2548 sine
2763 2510 2856 2563 spe
2882 2495 3244 2550 conversionis
3269 2508 3469 2563 essent,

1895 2583 2177 2638 dimiserit.
2224 2583 2313 2639 Sic
2350 2593 2405 2640 et
2447 2585 2549 2641 hoc
2575 2587 2694 2641 loco
2719 2626 2734 2652 ,
2767 2586 3086 2656 Dispensavit
3118 2589 3252 2658 illis,
3284 2588 3333 2642 id
3364 2600 3467 2654 est,

1894 2688 2013 2727 cum
2036 2691 2271 2729 errorem
2296 2676 2957 2747 delegissent,resipisCere
2977 2680 3466 2744 nolentes,dimisit.

1895 2764 1991 2819 llic
2018 2765 2283 2834 paululum
2315 2783 2630 2838 progressus
2675 2771 2748 2823 ait
2783 2788 2797 2824 :
2845 2770 3019 2825 Testor
3046 2771 3180 2825 vobis
3217 2774 3395 2825 cwlum
3421 2782 3468 2826 et

1893 2868 2096 2921 terram,
2124 2875 2210 2913 vos
2240 2862 2486 2928 perituros
2511 2878 2635 2926 esse,
2664 2862 2707 2915 si
2731 2862 3059 2917 abscesseritis
3080 2881 3111 2916 a
3144 2862 3248 2917 Deo
3270 2865 3287 2932 (
3313 2862 3461 2917 Deut.

1893 2949 1949 3002 4.
1978 2948 2069 3020 26)
2093 2950 2187 3018 (b).
2224 2950 2424 3005 Deinde
2466 2951 2697 3005 ostendit
2722 2952 2883 3006 Deum
2915 2953 3044 3006 nulli
3084 2962 3225 3007 tanta
3256 2954 3465 3023 praesti-

1894 3043 2024 3095 tisse
2051 3044 2185 3096 bona
2214 3053 2409 3112 quanta
2444 3044 2566 3097 illis.
2603 3045 2671 3098 Et
2698 3046 3016 3099 determinat
3048 3053 3154 3099 tres
3197 3045 3359 3100 urbes
3397 3044 3464 3099 ad

1890 3133 2177 3189 Jordanem
2207 3149 2305 3204 pro
2330 3136 2554 3206 refugio.
2590 3137 2776 3190 Adhuc
2800 3153 2894 3192 eos
2924 3138 2988 3191 de
3016 3138 3249 3207 pristinis
3277 3137 3463 3190 admo-

1891 3233 2024 3292 net,
2067 3226 2246 3295 aitque
2289 3242 2303 3279 :
2346 3224 2474 3297 Liga
2508 3243 2565 3280 ea
2592 3227 2643 3279 in
2670 3228 2898 3281 manibus
2927 3228 3024 3281 tuis
3045 3268 3059 3291 ,
3087 3236 3133 3280 et
3164 3228 3216 3280 in
3244 3228 3464 3296 postibus

1887 3317 2092 3382 scribes,
2121 3326 2169 3371 et
2196 3316 2393 3371 docebis
2434 3317 2597 3385 ﬁlium
2624 3328 2766 3371 tuum
2793 3318 2810 3388 (
2844 3318 2995 3373 Deut.
3039 3318 3090 3374 6.
3134 3319 3186 3374 8.
3217 3319 3248 3373 9
3293 3318 3333 3387 ).
3364 3318 3462 3373 Ubi

1890 3409 2021 3463 dixit
2047 3417 2222 3462 autem
2250 3424 2368 3478 qua:
2394 3409 2529 3462 mala
2552 3409 2617 3461 iis
2645 3420 2898 3463 eventura
2924 3410 3050 3474 sint,
3082 3409 3126 3463 si
3159 3424 3263 3462 non
3301 3408 3461 3463 obsc-

1889 3509 2154 3569 quantur,
2199 3500 2329 3569 ipsis
2376 3499 2624 3553 ﬁduciam
2676 3499 2845 3565 indit,
2896 3515 2964 3554 ne
2995 3501 3174 3555 hostes
3201 3508 3459 3554 metuant.

1891 3590 2098 3645 Rursus
2128 3591 2304 3660 priora
2336 3591 2387 3643 in
2419 3590 2732 3644 memoriam
2756 3600 2989 3645 revocat.
3017 3590 3111 3644 [lic
3131 3590 3271 3659 jacet
3298 3589 3458 3643 illud:

1898 3686 2110 3739 Attende
2142 3685 2228 3739 tibi
2254 3685 2273 3757 (
2304 3683 2439 3737 Ibid.
2473 3700 2521 3737 υ.
2555 3684 2623 3737 15
2653 3683 2693 3754 ),
2722 3683 2862 3754 quod
2912 3684 3039 3752 ipsis
3078 3681 3382 3753 frequenter
3408 3683 3462 3737 in

1890 3782 2235 3851 sequentibus
2276 3781 2469 3851 repetit
2498 3799 2511 3834 :
2542 3790 2827 3850 monetque
2853 3793 2921 3833 ne
2946 3777 3193 3832 victorias
3234 3774 3462 3845 propria:

1889 3876 2069 3929 virtuti
2120 3875 2462 3941 adscribant,
2490 3874 2584 3929 sed
2632 3874 2723 3928 Dei
2758 3873 2959 3942 gratim.
3006 3870 3101 3925 llic
3123 3869 3264 3939 jacet
3292 3867 3458 3922 illud:

1890 3967 2028 4021 Deus
2055 3966 2184 4036 ignis
2204 3984 2495 4021 consumens
2533 3974 2602 4020 est
2624 3965 2800 4037 (Deut.
2828 3965 2880 4019 4.
2898 3962 3005 4028 24;
3044 3960 3197 4015 Hebr.
3228 3959 3311 4014 12.
3340 3958 3459 4027 29),

1889 4060 2031 4131 quod
2060 4060 2255 4116 Paulus
2281 4062 2334 4116 in
2381 4060 2616 4131 Epistola
2656 4058 2724 4114 ad
2754 4058 3004 4113 llebratos
3047 4054 3238 4125 posuit.
3274 4053 3463 4107 Horta-

1890 4161 1978 4204 tur
2002 4162 2182 4205 autem
2228 4153 2280 4204 in
2326 4150 2429 4205 hoc
2465 4152 2581 4220 ipso
2607 4150 2723 4203 loco
2748 4149 2955 4220 Moyses
2986 4162 3053 4201 ne
3089 4161 3148 4200 se
3183 4144 3457 4199 extollant.

1893 4240 2015 4295 Non
2046 4244 2177 4295 enim
2199 4251 2399 4312 prapter
2416 4242 2669 4311 justitiam
2700 4250 2857 4305 tuam,
2882 4238 3070 4308 inquit,
3099 4235 3279 4295 Israel,
3304 4244 3461 4289 exter-

1890 4332 2210 4387 minabuntur
2245 4344 2411 4403 gentes
2440 4374 2455 4397 ,
2502 4328 2837 4401 sed‘propter
2885 4332 3111 4399 ipsorum
3155 4329 3460 4398 impietatem

1894 4425 2066 4496 (Deut.
2103 4424 2157 4479 9.
2191 4425 2267 4493 5).
2299 4424 2355 4478 ln
2384 4424 2698 4477 memoriam
2727 4430 2903 4475 autem
2934 4420 3064 4487 ipsis
3092 4426 3306 4473 revocat
3331 4432 3465 4471 con-

1891 4516 2071 4569 flatum
2116 4515 2362 4568 vitulum.
2406 4514 2501 4567 Hic
2529 4512 2721 4582 legitur
2746 4510 2873 4565 illud
2900 4527 2912 4562 :
2944 4508 3295 4562 Circumcidite
3319 4506 3462 4560 duri-

1892 4608 2013 4659 tiam
2044 4606 2208 4660 cordis
2250 4605 2417 4668 vestri,
2447 4613 2491 4657 et
2530 4603 2767 4657 cervicem
2801 4609 3013 4654 vestram
3047 4616 3110 4653 ne
3148 4598 3461 4652 induraveri-

1893 4700 1954 4751 tis
1986 4695 2169 4769 (Deut.
2218 4695 2305 4750 10.
2336 4695 2444 4764 16).
2474 4693 2676 4747 Laudat
2708 4700 2900 4746 terram
2947 4689 3333 4759 promissionis.
3367 4688 3464 4742 llic

1888 4788 2029 4857 jacet
2052 4788 2177 4842 illud
2214 4785 2380 4840 :Cum
2415 4785 2687 4838 comederis
2721 4791 2766 4835 et
2794 4782 2971 4835 biberis
2996 4790 3041 4834 et
3063 4790 3316 4833 saturatas
3346 4781 3460 4849 [ue-

1891 4883 1984 4947 ris,
2013 4881 2215 4933 attende
2246 4879 2371 4949 tibi(
2400 4877 2554 4929 Deut.
2574 4876 2626 4931 6.
2659 4874 2745 4930 1‘2.
2781 4875 2849 4930 15
2875 4875 2894 4941 )
2920 4890 2933 4926 z
2957 4873 3296 4943 prmdicitque
3324 4871 3465 4927 mals.

1894 4988 1998 5025 non
2044 4970 2483 5039 obsequentibus,
2512 4977 2563 5021 et
2594 4968 2728 5021 bona
2772 4967 2816 5020 si
2856 4965 3171 5019 obedierint.
3221 4960 3467 5027 Praecipit

1897 5072 1954 5116 ut
1985 5067 2035 5116 in
2069 5072 2249 5117 monte
2272 5061 2486 5116 Garizin
2532 5058 2688 5112 detur
2734 5055 3030 5111 benedictio
3060 5097 3075 5122 ,
3106 5062 3158 5107 et
3197 5054 3246 5105 in
3288 5058 3467 5102 monte

1894 5154 2060 5210 Gebal
2091 5153 2410 5208 maledictio.
2439 5151 2598 5206 Jubet
2627 5150 2827 5204 destrui
2868 5148 3005 5201 idola
3031 5157 3084 5199 et
3107 5158 3292 5199 eorum
3323 5141 3459 5193 loca.

1897 5246 2144 5316 Praecipit
2184 5262 2252 5300 ne
2282 5245 2475 5314 ubique
2517 5242 2777 5298 sacriﬁcia
2824 5241 2933 5294 Deo
2980 5236 3240 5297 offerant,
3272 5230 3367 5286 sed
3416 5231 3469 5282 in

1896 5338 2013 5391 loco
2042 5352 2197 5406 quem
2244 5337 2358 5405 ipse
2384 5335 2623 5404 elegerit.
2651 5333 2728 5387 Ne
2756 5332 3069 5385 mmulentur
3124 5336 3336 5394 gentes,
3372 5334 3473 5373 nec

1896 5430 2122 5499 cuipiam
2148 5429 2518 5496 obtemperent
2542 5423 2787 5479 suadenti
2812 5430 2870 5475 ut
2886 5419 3024 5473 idola
3053 5417 3248 5478 colant,
3264 5412 3471 5468 etiamsi

1958 5561 2030 5623 (a)
2066 5567 2175 5608 Haec
2196 5572 2292 5607 non
2314 5558 2374 5607 ad
2396 5559 2600 5607 verbum
2642 5555 2922 5605 referuntur
2944 5559 2997 5599 ut
3019 5550 3260 5598 habentur
3284 5548 3333 5594 in
3351 5554 3476 5595 Deu-

1894 5624 2182 5673 lemnoniio.

1957 5707 2026 5768 (b)
2061 5713 2168 5754 inec
2191 5718 2285 5753 non
2326 5704 2392 5768 ad_
2428 5704 2619 5753 literam
2661 5703 2731 5751 sic
2754 5699 2995 5749 habentur
3016 5698 3067 5746 iu
3109 5694 3324 5744 Editione
3347 5700 3475 5751 lxx,

1895 5770 1984 5818 sed
2007 5766 2293 5829 compendio
2314 5766 2603 5817 referuntur.
