4102 6322
608 313 723 369 sas

612 429 764 498 signa
790 425 996 492 fecerit,
1026 439 1132 479 non
1162 423 1355 490 amico,
1384 438 1493 477 non
1515 423 1605 477 alii
1624 422 1885 492 cuipiam,
1916 419 2009 475 sed
2034 430 2093 475 ut
2120 422 2197 474 la-

615 516 830 587 pidibus
854 517 1084 570 obruant
1112 514 1418 569 hortantem
1442 553 1461 578 ,
1506 514 1623 568 sive
1668 514 1830 567 frater
1876 511 2057 576 fuerit,
2084 511 2199 565 sive

617 608 777 661 etiam
809 606 937 661 urbs
966 606 1105 660 idola
1132 605 1359 660 coluerit
1382 643 1399 669 ,
1431 619 1548 658 eam
1576 604 1938 658 internecione
1956 602 2195 657 deleant.

619 697 798 752 Monet
827 712 946 767 qua:
976 696 1304 752 comedenda
1329 737 1345 761 ,
1373 712 1491 764 qua:
1520 694 1813 763 respuenda
1844 695 1968 748 sint.
2002 694 2197 764 Legem

618 791 710 844 dat
738 789 806 845 de
832 789 1147 843 remissione
1167 787 1493 853 debitorum,
1517 787 1584 840 de
1606 787 1922 841 remissione
1945 798 2000 840 et
2026 785 2197 840 liber-

610 891 724 937 tate
751 897 1050 945 servorum,
1078 882 1146 937 de
1174 882 1539 952 primogenitis
1560 923 1574 945 ,
1600 881 1666 935 de
1692 880 1967 949 paschale.
2002 880 2097 933 Hic
2111 879 2197 949 ja-

618 986 706 1031 cet
751 976 881 1030 illud
915 993 928 1028 :
965 994 983 1026 ι
1019 974 1133 1029 Non
1164 974 1365 1043 poteris
1407 973 1597 1042 pascha
1620 973 1803 1027 facere
1842 973 1893 1025 in
1937 972 2042 1025 ttlla
2068 972 2202 1026 civi-

613 1078 749 1137 tate,
776 1085 935 1139 quam
968 1068 1223 1123 Dominus
1252 1068 1394 1122 Deus
1422 1079 1544 1121 tuus
1574 1066 1665 1121 dat
1697 1067 1788 1120 tibi
1816 1108 1830 1131 ,
1862 1066 1955 1120 sed
1981 1067 2031 1119 in
2060 1065 2194 1129 loco,

614 1178 775 1232 quem
804 1162 1027 1230 elegerit
1058 1160 1313 1213 Dominus
1344 1159 1481 1213 Deus
1508 1168 1629 1212 tuus
1657 1177 1676 1209 ι
1712 1157 1985 1227 (ΠεαΜϐ.
2009 1154 2100 1229 5).
2126 1155 2201 1209 De

619 1254 1063 1321 hebdomadibus,
1089 1253 1157 1307 de
1184 1252 1535 1322 scenopcgiis,
1558 1252 1628 1307 de
1650 1252 1940 1321 judicibus,
1968 1252 2035 1306 de
2064 1253 2203 1321 regi-

616 1347 724 1403 bus
747 1389 763 1414 ,
791 1348 834 1401 si
860 1346 1074 1416 quando
1122 1346 1323 1400 vellent
1376 1346 1475 1400 sibi
1517 1361 1700 1415 regem
1730 1346 1960 1414 aliquem
1998 1345 2201 1398 consti-

620 1447 793 1494 tuere.
847 1438 922 1492 De
975 1437 1175 1492 Levitis
1201 1478 1215 1500 ,
1245 1438 1418 1507 deque
1461 1437 1523 1491 iis
1552 1453 1671 1505 qua:
1715 1437 1957 1504 accipere
1983 1435 2200 1489 debent.

620 1531 772 1598 Quod
800 1546 904 1584 non
932 1540 1175 1600 oporteat
1197 1531 1303 1585 illis
1332 1530 1426 1597 uti,
1459 1530 1548 1599 qui
1576 1528 1896 1592 catharistm,
1928 1542 2019 1581 seu
2050 1542 2204 1580 mun-

624 1623 840 1677 datores
868 1632 1127 1677 vocantur
1156 1620 1255 1692 (a),
1301 1639 1404 1675 non
1454 1621 1891 1683 ineantatoribus,
1920 1636 2028 1673 non
2069 1620 2204 1673 divi-

628 1713 953 1779 nationihus,
973 1731 1076 1768 non
1104 1714 1389 1778 ominibus,
1422 1721 1515 1766 aut
1552 1713 1830 1766 similibus.
1861 1712 1956 1766 llic
1974 1712 2117 1780 jacet
2142 1711 2205 1765 il-

616 1804 741 1861 lud:
767 1804 1073 1876 Pmphetam
1096 1806 1231 1859 vobis
1257 1806 1511 1859 suscitabit
1536 1804 1689 1866 Deus,
1711 1813 1763 1856 ut
1784 1820 1873 1873 ego
1895 1820 2004 1857 sum
2023 1802 2200 1874 (Deut.

623 1897 713 1955 18.
748 1899 814 1954 15
839 1899 880 1969 ).
919 1899 1097 1969 Deque
1123 1898 1342 1953 urbibus
1370 1897 1555 1967 refugii
1601 1898 1921 1967 praecipitur.
1952 1897 2049 1952 llic
2076 1897 2207 1967 legi-

619 2000 712 2045 lur
737 1991 862 2045 illud
892 2007 906 2044 :
949 1986 1018 2044 In
1046 2008 1133 2044 ore
1179 1985 1394 2043 duorum
1442 1989 1641 2043 testium
1680 1989 1757 2043 uel
1785 1990 1934 2042 trium
1960 1997 2206 2043 statuetur

619 2099 769 2136 omne
797 2083 998 2136 uerbum
1017 2081 1036 2152 (
1058 2078 1213 2135 Joan.
1248 2080 1301 2136 1.
1326 2082 1434 2149 45;
1475 2080 1630 2135 Deut.
1666 2081 1754 2137 19.
1782 2080 1891 2153 15).
1921 2083 1987 2137 Et
2010 2082 2078 2137 de
2103 2081 2205 2134 fal-

623 2176 699 2231 sis
722 2174 973 2241 testibus,
1003 2174 1129 2245 quid
1170 2174 1242 2229 illi
1273 2173 1379 2245 pati
1407 2173 1656 2230 debeant.
1689 2172 1922 2229 instante
1963 2174 2102 2228 bello
2125 2172 2208 2228 di-

619 2268 695 2320 cit
721 2281 877 2337 quem
919 2266 1167 2321 emittere
1218 2274 1500 2335 oporteat,
1531 2281 1632 2320 nec
1672 2264 1814 2320 ferre
1840 2274 2040 2320 utcum
2077 2265 2206 2334 ipsis

623 2369 840 2432 pugnet.
866 2360 1120 2415 Hortatur
1145 2375 1212 2414 ne
1238 2358 1563 2414 interﬁciant
1593 2358 1775 2413 hostes
1806 2359 1855 2412 in
1888 2373 2070 2413 eorum
2094 2374 2208 2414 mae

626 2470 727 2510 nus
764 2454 1019 2509 cadentes
1045 2494 1059 2520 ,
1087 2454 1328 2523 exceptis
1374 2461 1577 2523 septem
1631 2453 1896 2523 gentibus.
1942 2452 2008 2507 Et
2048 2454 2207 2508 urbes

623 2547 837 2618 quidem
861 2561 1074 2614 omnes,
1106 2546 1299 2615 inquit,
1332 2562 1452 2600 cum
1484 2546 1754 2614 ceperitis,
1777 2546 1992 2623 diripite
2016 2586 2030 2610 ,
2062 2561 2207 2601 mas-

621 2640 879 2710 culosque
903 2649 1105 2694 tantum
1134 2640 1382 2697 occidite.
1423 2640 1499 2694 Ex
1531 2641 1613 2695 his
1640 2656 1769 2695 vero
1794 2680 1809 2705 ,
1846 2656 2067 2711 quorum
2097 2650 2207 2694 ter-

624 2747 737 2785 ram
766 2731 1049 2801 possidetis
1078 2773 1093 2800 ,
1126 2733 1397 2787 neminem
1421 2732 1599 2787 vivere
1622 2730 1921 2787 concedite.
1950 2730 2210 2787 Fructife—

625 2837 714 2877 ras
757 2823 978 2878 arbores
1023 2837 1092 2879 ne
1131 2823 1321 2879 caedite
1349 2864 1364 2887 ,
1390 2823 1599 2894 inquit,
1622 2823 1687 2878 ad
1721 2823 1989 2893 ﬁgendum
2013 2823 2208 2879 vallum

628 2916 683 2970 in
730 2915 1023 2972 obsidione.
1079 2916 1135 2972 Si
1162 2918 1280 2985 quis
1309 2918 1519 2972 occisus
1563 2919 1877 2987 reperiatur,
1908 2933 2007 2972 nec
2048 2933 2210 2988 appa-

623 3017 742 3063 reat
786 3008 832 3062 is
862 3007 951 3078 qui
1002 3006 1291 3074 interfecit,
1323 3008 1451 3077 quid
1480 3007 1779 3062 faciendum
1820 3008 1889 3061 sit
1944 3009 2061 3079 lege
2098 3017 2210 3062 sta-

626 3100 746 3153 tuit.
796 3100 853 3155 Si
909 3099 1031 3169 quis
1086 3098 1218 3154 duas
1247 3100 1449 3154 habens
1502 3114 1720 3165 uxores,
1778 3100 1935 3154 aliam
1988 3099 2182 3166 oderit,

623 3192 783 3246 aliam
828 3188 1107 3257 dilexerit,
1160 3190 1549 3261 contigeritque
1599 3199 1655 3244 ut
1690 3205 1895 3260 perosae
1945 3190 2084 3244 ﬁlius
2138 3190 2209 3244 sit

626 3283 1012 3353 primogenitus
1046 3301 1058 3337 :
1092 3298 1161 3338 ne
1182 3283 1257 3337 illi
1283 3282 1596 3353 prmferatur
1616 3282 1661 3336 is
1688 3282 1779 3352 qui
1804 3297 1869 3336 ex
1899 3281 2092 3336 dilecta
2112 3296 2207 3335 na-

626 3390 712 3435 tus
736 3386 839 3435 est.
877 3379 949 3434 De
975 3378 1086 3433 filio
1116 3378 1523 3448 inobsequente.
1557 3377 1653 3432 Hic
1672 3377 1816 3446 jacet
1843 3375 1973 3429 illud
2000 3393 2013 3429 :
2045 3373 2210 3429 Male-

625 3472 790 3526 dictus
819 3470 982 3525 omnis
1008 3470 1094 3541 qui
1120 3470 1298 3540 pendet
1323 3470 1376 3523 in
1412 3469 1549 3539 ligno
1578 3468 1754 3541 (Deut.
1782 3468 1872 3522 2|.
1903 3467 1974 3521 25
2000 3469 2040 3537 ).
2074 3466 2208 3534 Quia

629 3580 759 3636 ergo
785 3564 1091 3621 maledictio
1121 3562 1327 3633 prolata
1351 3570 1470 3616 erat
1489 3561 1543 3615 in
1563 3574 1659 3615 eos
1682 3559 1771 3629 qui
1796 3574 1903 3613 non
1931 3567 2209 3613 servarent

624 3659 796 3729 legem
822 3700 838 3725 ,
890 3656 1195 3711 Maledictus
1223 3656 1386 3709 omnis
1424 3653 1510 3723 qui
1555 3669 1657 3706 non
1702 3661 1868 3705 manet
1894 3652 1949 3704 in
1978 3652 2211 3704 omnibus

622 3755 824 3825 scriptis
862 3754 915 3806 in
944 3754 1038 3805 hoc
1062 3750 1286 3820 libro(b)
1315 3750 1331 3819 (
1362 3747 1476 3802 Gal.
1507 3749 1562 3803 5.
1590 3747 1659 3801 15
1714 3763 1730 3812 ;
1758 3746 1911 3799 Deut.
1944 3744 2035 3799 27.
2065 3742 2160 3816 26)
2190 3759 2205 3809 ;

622 3847 691 3902 de
719 3847 836 3915 lege
858 3846 1093 3915 loquitur
1111 3843 1343 3913 Moyses,
1368 3856 1465 3896 nec
1484 3848 1697 3911 poterat
1719 3837 1968 3894 Christus
1995 3838 2048 3890 in
2071 3836 2211 3892 hanc

627 3942 902 3995 incurrere
932 3936 1366 3991 maledictiooem
1389 3950 1408 3989 :
1439 3931 1682 4003 implevit
1719 3946 1949 4000 namque
1993 3929 2162 3999 legem
2190 3968 2206 3995 ,

626 4030 1059 4086 maledictlouem
1085 4025 1461 4083 maledictioue
1495 4022 1877 4088 commutavit,
1914 4033 2209 4090 suspensus

627 4123 683 4178 in
706 4123 869 4193 ligno.
899 4120 1052 4188 Quod
1092 4134 1201 4173 non
1230 4123 1480 4188 Oporteat
1524 4114 1687 4170 etiam
1737 4113 1938 4167 inimici
1964 4112 2207 4182 jumenta

627 4214 928 4284 despicere.
960 4212 1076 4268 Alia
1105 4225 1320 4281 quoque
1346 4208 1663 4273 constituit,
1705 4215 1761 4262 et
1783 4206 1850 4261 de
1883 4204 2209 4276 nuptialibus

627 4306 834 4377 legibus
862 4304 1130 4370 edisserit,
1155 4317 1448 4374 pinnasque
1473 4299 1751 4356 constituit
1777 4308 1961 4353 contra
1989 4297 2211 4353 violato-

628 4414 718 4455 res
747 4399 1032 4469 virginum.
1062 4397 1208 4465 Quos
1249 4394 1533 4465 prohibeat
1559 4392 1627 4447 ab
1671 4391 1919 4461 ingressu
1952 4390 2003 4443 in
2034 4389 2209 4445 eccle-

629 4495 808 4557 siam;
836 4492 903 4547 de
948 4491 1068 4545 aliis
1119 4504 1332 4560 quoque
1365 4488 1508 4558 leges
1536 4485 1659 4549 fert,
1693 4484 1866 4555 deque
1909 4499 2019 4538 non
2065 4483 2208 4537 acci-

630 4586 829 4657 piendo
878 4585 1105 4640 fmnore.
1153 4583 1267 4638 Non
1293 4580 1649 4636 cunctandum
1676 4593 1796 4633 esse
1834 4577 1899 4632 ad
1937 4575 2209 4631 reddenda

636 4692 761 4734 vota
793 4695 807 4746 ;
844 4678 939 4734 sed
968 4676 1111 4749 quod
1137 4678 1254 4747 quis
1280 4674 1506 4740 voverit,
1530 4673 1707 4728 statim
1735 4671 1924 4725 solvat.
1975 4670 2052 4723 De
2093 4684 2211 4723 mu-

639 4774 773 4828 liere
792 4786 910 4843 qua:
939 4769 1143 4839 accepit
1169 4768 1403 4823 libellum
1436 4765 1666 4836 repudii,
1695 4764 1762 4818 tle
1792 4761 2121 4832 pignoribus,
2143 4760 2210 4815 de

690 4908 763 4972 (a)
785 4906 850 4972 ln_
865 4904 1235 4972 peuterqnomio
1255 4900 1437 4965 legitur
1460 4914 1504 4972 c_.
1528 4900 1612 4972 fit,
1641 4913 1686 4948 ν.
1714 4897 1773 4972 ψ
1793 4910 1805 4944 :
1827 4893 2209 4972 secutis-eniatur

626 4972 676 5021 in
695 4958 850 5033 ie'qui
868 4968 1035 5017 lustret
1051 4963 1222 5033 [iliaca
1237 4958 1395 5033 suum,
1419 4968 1502 5011 aut
1523 4960 1693 5033 βλέψῃ,
1720 4958 1901 5033 ducetis
1920 4969 2013 5033 per
2028 4969 2206 5033 ignem.

693 5032 766 5094 (ὁ)
781 5020 901 5079 ’11ωο
923 5036 982 5094 et
998 5020 1265 5094 explicatio
1277 5020 1584 5094 subSequetts
1600 5024 1840 5094 habet-itur
1858 5020 2210 5094 Commentario

627 5082 947 5159 Clti‘y'sostomi
970 5091 1020 5139 in
1043 5082 1191 5159 Epist.
1210 5088 1273 5159 ad
1289 5082 1473 5159 Galatas
1494 5084 1670 5159 TomJ'
1688 5082 1910 5159 editionis
1928 5087 2208 5159 posueram,

626 5159 715 5207 sed
724 5145 1227 5219 'pluribttsenu'utiata
1247 5148 1417 5219 iisdem
1440 5158 1574 5207 salpc
1593 5145 1777 5219 verbis.
1793 5153 2006 5219 'Quorum
2036 5153 2212 5219 se‘nstts

627 5201 840 5269 itiéési‘i
852 5201 1081 5277 Christus
1102 5224 1191 5263 nos
1211 5210 1421 5277 redemit
1450 5220 1477 5256 a
1502 5201 1768 5277 maledicto
1793 5205 1937 5274 legis,
1962 5217 1988 5274 ξι
2013 5201 2211 5251 maledi-

628 5290 707 5331 cto
729 5279 915 5329 scilicet
936 5275 1020 5325 illo
1044 5273 1288 5338 Deut._2'_7,
1312 5270 1391 5338 26,
1417 5269 1698 5338 .ttaledictus
1720 5269 1871 5338 omnis
1891 5269 1972 5338 qui
1996 5278 2088 5314 non
2110 5278 2210 5312 ma-

628 5326 705 5392 net
724 5326 1010 5391 gemitibus
1027 5335 1221 5397 scriptis
1244 5326 1295 5383 in
1316 5326 1403 5381 hoc
1425 5328 1548 5380 libro
1571 5344 1587 5380 :
1616 5331 1728 5398 quia
1752 5330 1856 5390 ipse
1892 5341 1919 5376 a
1954 5326 2210 5398 lege_ser-

625 5388 781 5453 visat.
802 5388 892 5451 nos
903 5388 963 5449 ex
971 5402 1091 5449 emit
1102 5412 1117 5457 ;
1130 5388 1191 5445 'et
1204 5410 1300 5458 quo
1306 5400 1449 5458 pacto
1470 5388 1690 5458 exemit?
1710 5388 1979 5452 Suspensus
2061 5388 2210 5458 ligno,

629 5450 781 5515 eti—sici
794 5450 921 5513 aliud
940 5450 1245 5511 maledictum
1270 5450 1351 5506 ille
1374 5456 1538 5511 subiit,
1564 5451 1679 5503 illud
1694 5450 1907 5515 nempe,
1933 5450 2212 5501 Maledictus

627 5514 780 5578 anatis
804 5525 885 5588 qui
907 5523 1078 5588 pendet
1098 5522 1149 5571 in
1172 5520 1332 5582 tigno;
1356 5519 1439 5582 qui
1464 5525 1627 5588 tamen
1656 5514 1772 5588 illud
1796 5526 1891 5586 non
1924 5520 2181 5588 meruerat
2195 5524 2211 5588 ξ

630 5576 751 5650 nam
761 5576 926 5650 legem
944 5576 1249 5650 impleverat;
1268 5576 1389 5650 cum'
1399 5586 1564 5650 autem
1589 5592 1677 5650 nos
1695 5578 1810 5650 _ej_us
1827 5576 1972 5650 jussis
1986 5581 2216 5650 parentes

630 5647 795 5711 legem
815 5637 915 5698 non
940 5637 1246 5711 impleamus,
1262 5642 1569 5711 maledictum
1592 5639 1708 5689 illud
1733 5637 1892 5710 legis,
1901 5637 2031 5711 quod
2056 5640 2103 5684 in
2127 5646 2216 5711 nos

628 5705 808 5759 cadere
823 5705 1078 5767 debuerat,
1091 5706 1184 5758 alio
1198 5706 1454 5757 maledicto
1470 5705 1573 5766 ipse
1590 5705 1934 5769 compensavit,
1951 5710 2217 5769 suspensus

630 5771 680 5820 iu
701 5771 855 5835 ligno,
875 5780 1018 5836 atque
1037 5763 1102 5821 ita
1121 5763 1506 5820 maledictioneni
1530 5763 1863 5815 male-dictione
1885 5763 2210 5813 commutavit.

1361 307 1417 362 S.
1443 304 1721 361 IOANNIS
1757 300 2221 361 GIRYSOSTOMI
2258 301 2572 361 ARCIHEP.
2613 306 3141 363 GONSTANTINOP.

2310 419 2562 489 furto,de
2602 426 2851 481 mercede
2878 418 3219 495 mercenarii,
3248 426 3315 483 de
3339 428 3541 498 pupillo
3564 467 3580 493 ,
3605 426 3676 482 de
3700 427 3861 481 vidua
3882 468 3904 494 ,

2307 514 2377 570 de
2406 517 2777 587 relinquendis
2820 521 2982 590 spicis
3021 533 3081 575 et
3130 521 3247 575 uvis
3278 536 3375 590 pro
3416 521 3768 591 pauperibus.
3807 521 3907 575 llic

2302 608 2480 674 jacet,
2527 610 2670 678 quod
2711 626 2817 665 non
2851 612 3047 667 debeat
3092 628 3191 683 pro
3236 614 3520 683 iniquitate
3545 615 3720 685 aliqua
3754 617 3905 685 plus-

2307 716 2465 768 quam
2493 702 2844 773 quadraginta
2874 706 3053 775 plagas
3092 708 3211 776 quis
3239 708 3505 777 accipere.
3540 708 3619 762 De
3649 724 3761 763 non
3786 710 3903 762 alli-

2302 793 2482 861 gantlo
2530 807 2625 848 ore
2680 795 2836 849 bovis
2876 798 3207 861 triturantis,
3235 798 3303 852 de
3350 799 3663 855 suscitando
3688 801 3905 855 semine

2308 884 2453 938 fratri
2482 890 2570 954 qui
2593 885 2877 943 defunctus
2896 930 2911 954 ,
2935 889 3002 943 ab
3023 906 3088 943 eo
3117 893 3205 959 qui
3236 901 3510 962 superstes
3535 904 3617 948 est
3644 905 3738 949 :et
3770 896 3901 964 quid

2303 992 2562 1047 passurus
2591 980 2661 1033 sit
2679 983 2768 1050 qui
2799 983 3031 1037 noluerit
3056 986 3336 1039 suscitare.
3357 986 3433 1040 De
3455 987 3813 1057 ponderibus,
3832 989 3903 1044 de

2306 1072 2598 1126 mensuris.
2640 1073 2718 1128 De
2763 1077 3174 1131 exterminando
3198 1078 3476 1133 Amaleco.
3518 1078 3593 1133 De
3618 1080 3900 1149 primitiis,

2302 1164 2375 1219 de
2406 1165 2742 1222 humanitate
2771 1183 2894 1237 erga
2923 1168 3112 1223 viduas
3136 1178 3194 1224 et
3221 1170 3473 1240 pupillos.
3500 1171 3639 1226 Hinc
3676 1171 3901 1227 demum

2282 1257 2567 1327 incipiunt
2590 1259 2993 1319 maledictiones
3022 1271 3078 1317 et
3102 1262 3540 1329 benedictiones;
3569 1263 3675 1318 illm
3704 1263 3900 1318 inube-

2308 1349 2594 1416 dientibus,
2623 1352 2707 1406 hac
2735 1353 3604 1426 obtemperantibus.Longumque
3625 1358 3761 1411 texit
3787 1372 3904 1411 ser-

2305 1458 2521 1498 monem
2553 1444 2620 1498 de
2672 1446 2826 1498 malis
2881 1447 3023 1515 ipsos
3062 1448 3341 1502 invasuris.
3389 1447 3501 1503 Hoc
3542 1449 3767 1519 contigit
3801 1450 3903 1504 sub

2310 1535 2543 1604 Assyriis
2573 1544 2627 1590 et
2654 1536 2977 1607 Babyloniis.
3013 1538 3141 1593 Illud
3170 1551 3370 1605 autem,
3399 1541 3538 1609 quod
3563 1542 3655 1595 ﬁlii
3683 1556 3902 1612 quoque

2303 1626 2418 1680 sint
2455 1627 2813 1695 comedendi,
2846 1630 2897 1682 in
2948 1630 3316 1685 obsidionibus
3364 1632 3610 1701 contigit.
3660 1633 3739 1687 De
3783 1634 3902 1703 ipso

2311 1734 2526 1787 quoque
2554 1720 2768 1775 Christo
2801 1722 2891 1776 hic
2936 1724 3197 1776 meminit.
3248 1722 3384 1789 Erit,
3437 1725 3627 1794 inquit,
3661 1727 3765 1779 vita
3811 1738 3903 1780 tua

2311 1811 2534 1882 pendens
2562 1824 2677 1865 ante
2707 1814 2878 1867 oculos
2908 1814 3057 1884 tuos(
3090 1813 3245 1868 Deut.
3275 1814 3365 1870 28.
3411 1816 3481 1870 66
3512 1817 3551 1884 ).
3609 1816 3707 1871 Hic
3759 1818 3903 1886 jacet

2311 1902 2437 1957 illud
2463 1921 2476 1956 :
2508 1901 2593 1957 Ne
2615 1920 2717 1973 qua
2745 1906 2895 1957 radix
2916 1906 3269 1960 amaritudinis
3296 1905 3457 1976 (Ibid.
3490 1906 3581 1963 29.
3609 1908 3722 1977 18),
3755 1909 3903 1978 quod

2311 1996 2506 2051 Paulus
2535 2008 2921 2052 commemorat
2943 2000 2993 2052 in
3025 2000 3263 2070 Epistula
3292 2000 3359 2055 ad
3396 2000 3653 2055 Hebraeos
3691 2002 3709 2073 (
3738 2001 3899 2055 Hebr.

2314 2089 2401 2143 η.
2434 2091 2502 2144 15
2529 2090 2570 2159 ).
2611 2090 2709 2145 Hic
2736 2092 2933 2161 legitur
2979 2092 3110 2147 illud
3138 2111 3151 2146 :
3187 2110 3206 2143 ι
3238 2093 3453 2148 Occulta
3485 2095 3709 2149 Domino
3742 2096 3855 2151 Deo
3884 2137 3902 2161 ,

2311 2184 2593 2239 manifesta
2622 2200 2751 2239 vero
2778 2185 2928 2240 vobis
2959 2194 3012 2240 et
3037 2186 3163 2241 ﬁliis
3191 2188 3403 2249 vestris.
3432 2187 3564 2255 Quia
3588 2188 3901 2243 mandatum

2312 2275 2449 2342 ejus,
2484 2277 2667 2342 inquit,
2697 2293 2801 2331 non
2827 2279 2933 2333 erit
2963 2278 3210 2333 sublime.
3243 2278 3358 2333 Non
3383 2281 3433 2334 in
3459 2281 3610 2346 cmlo,
3641 2290 3699 2334 ut
3727 2282 3898 2344 dicas,

2310 2366 2442 2433 Quis
2462 2370 2715 2424 ascendet
2731 2371 2781 2423 in
2807 2371 2995 2424 carlum
3012 2371 3034 2421 ?
3052 2386 3222 2440 neque
3249 2372 3386 2426 ultra
3414 2388 3582 2435 mare,
3611 2374 3702 2426 sed
3730 2387 3902 2442 prope

2313 2470 2366 2515 te
2394 2461 2615 2515 verbum
2641 2468 2741 2525 est,
2774 2462 2824 2515 in
2851 2477 2944 2516 ore
2965 2473 3089 2516 tuo»
3126 2462 3304 2534 (Deut.
3334 2463 3528 2519 29.29.
3558 2464 3648 2518 50.
3678 2466 3735 2518 11
3755 2506 3767 2518 .
3792 2464 3897 2526 l2;

2317 2553 2465 2607 Rom.
2495 2553 2580 2607 lO.
2612 2552 2689 2624 6).
2718 2554 2843 2608 llzce
2872 2555 2941 2609 de
2973 2556 3127 2625 legali
3166 2556 3417 2611 mandato
3444 2557 3607 2621 dicta,
3640 2558 3709 2611 ad
3737 2557 3899 2611 ﬁdem

2316 2645 2368 2696 in
2397 2644 2669 2698 Christum
2702 2646 2864 2701 traxit
2892 2647 3111 2701 Paulus.
3144 2645 3311 2702 Testes
3334 2663 3454 2701 voco
3483 2648 3620 2702 vobis
3642 2691 3655 2712 ,
3690 2650 3862 2719 inquit
3884 2692 3898 2712 ,

2314 2739 2493 2791 caalum
2522 2746 2569 2790 et
2615 2748 2801 2792 (errant
2828 2780 2843 2805 ,
2876 2748 2931 2792 ut
2960 2739 3184 2810 diligatis
3217 2739 3374 2794 Deum
3423 2739 3443 2813 (
3472 2740 3619 2795 Deut.
3652 2742 3740 2797 '50.
3768 2742 3833 2797 19
3858 2742 3897 2813 ).

2314 2830 2463 2885 Tunc
2499 2839 2653 2885 vocat
2678 2830 2861 2886 Iesum
2909 2830 3072 2884 ﬁlium
3115 2830 3294 2897 Nave,
3327 2841 3377 2886 et
3406 2832 3557 2901 jubet
3583 2832 3779 2887 ducere
3810 2850 3900 2901 po—

2314 2924 2519 2993 pulnm,
2548 2937 2647 2978 nec
2676 2921 2859 2977 hostes
2880 2921 3187 2985 formidare,
3219 2938 3337 2977 cum
3370 2924 3532 2977 Deum
3558 2924 3790 2978 habeant
3810 2941 3899 2977 au-

2314 3016 2637 3070 xiliatorem.
2667 3015 3023 3086 Prmcipitqtte
3052 3027 3111 3070 ut
3142 3018 3193 3070 in
3223 3019 3553 3087 scenOpogiis
3578 3019 3671 3071 toti
3706 3020 3898 3087 popttlo

2316 3108 2398 3161 lex
2429 3108 2654 3178 legatur.
2688 3108 2937 3163 Prmdicit
2970 3109 3134 3180 Moysi
3166 3110 3324 3176 Deus,
3350 3119 3469 3178 post
3512 3110 3627 3179 ejus
3672 3122 3897 3165 mortem

2324 3199 2579 3270 populum
2608 3200 2768 3255 idolis
2799 3201 3121 3255 serviturum
3146 3210 3199 3256 et
3224 3201 3554 3272 puniendum
3588 3201 3723 3257 fore.
3745 3201 3896 3268 Esto,

2315 3296 2506 3364 inquit,
2538 3295 2638 3351 hoc
2667 3295 2957 3362 canticum,
2978 3295 3120 3366 quod
3143 3305 3327 3351 contra
3356 3297 3500 3365 ipsos
3533 3296 3895 3351 testimonium

2317 3380 2471 3441 ferat.
2499 3386 2615 3441 Non
2642 3389 2785 3443 enim
2818 3402 3069 3456 umquam
3098 3387 3214 3457 ejus
3241 3387 3647 3442 obliviscantur.
3676 3388 3744 3442 Et
3764 3389 3896 3442 scri-

2318 3481 2425 3550 psit
2452 3480 2660 3550 Moyses
2702 3480 2968 3534 canticum
2994 3521 3011 3546 ,
3055 3492 3110 3534 et
3139 3479 3390 3549 praedixit
3429 3480 3511 3534 eis
3549 3481 3692 3549 quod
3723 3480 3901 3549 inique

2314 3573 2421 3627 sint
2449 3577 2640 3627 acturi.
2684 3572 2782 3627 Hic
2806 3572 2998 3643 legitur
3030 3589 3044 3627 :
3090 3591 3110 3623 ‹
3143 3571 3244 3644 lpsi
3290 3589 3377 3629 me
3405 3573 3470 3627 ad
3505 3574 3895 3628 aemulationem

2317 3675 2747 3734 provocaverunt
2774 3666 2827 3719 in
2860 3682 2965 3720 non
2998 3666 3108 3721 Deo
3134 3708 3150 3734 ,
3176 3674 3231 3721 ct
3254 3681 3353 3735 ego
3390 3666 3456 3720 ad
3501 3666 3893 3720 u'mulatiunem

2313 3758 2617 3828 provocabo
2645 3773 2738 3814 eos
2768 3759 2821 3813 in
2846 3774 2953 3813 non
2978 3769 3140 3829 gente
3184 3777 3206 3811 ι
3241 3758 3262 3830 (
3289 3757 3449 3814 Deut.
3475 3759 3564 3812 32.
3593 3757 3711 3831 2t).
3736 3758 3897 3814 Iube-

2318 3860 2404 3903 tur
2435 3849 2645 3919 Moyses
2671 3849 2966 3904 ascendere
3000 3851 3053 3904 in
3079 3858 3315 3904 montem
3345 3850 3585 3915 Abarim,
3617 3849 3710 3921 qui
3733 3851 3895 3905 etiam

2314 3940 2494 3996 Nabus
2524 3942 2833 4003 vocabatur.
2865 3951 2920 3996 et
2942 3942 3127 3997 videre
3153 3950 3353 3997 terram
3389 3941 3803 4012 promissionis:
3838 3951 3895 3997 et

2317 4042 2597 4104 postquam
2626 4033 2863 4104 singulas
2892 4034 3061 4089 tribus
3088 4033 3451 4089 benedixisset
3474 4076 3489 4101 ,
3514 4043 3756 4089 mortuus
3781 4044 3889 4090 est:

2317 4142 2582 4197 nemoque
2611 4126 2764 4180 novit
2792 4127 3096 4197 sepulcrum
3120 4127 3235 4194 ejus
3259 4127 3323 4181 ad
3353 4127 3491 4182 hanc
3510 4142 3679 4197 usque
3695 4127 3833 4182 diem
3851 4128 3887 4181 ¹.

2314 4219 2430 4275 Huc
2455 4220 2707 4274 desinunt
2726 4221 2961 4291 quinque
2984 4220 3101 4274 libri
3132 4218 3329 4291 Moysis
3352 4262 3365 4286 ,
3394 4236 3530 4291 quos
3556 4222 3703 4276 solos
3738 4235 3891 4275 acce-

2317 4320 2506 4383 perunt
2530 4311 2969 4381 admiseruntque
3004 4311 3298 4366 Samaritae.

2655 4439 2890 4481 SYNOPSIS
2914 4441 3049 4480 LIBRI
3078 4439 3200 4480 IESU
3231 4440 3355 4481 FILII
3383 4440 3547 4479 NAVE.

2384 4561 2609 4617 Iubetur
2630 4560 2785 4616 Iesus
2812 4561 3099 4631 praecipere
3134 4559 3350 4630 populo,
3382 4568 3441 4613 ut
3466 4560 3565 4629 legi
3596 4559 3689 4614 Dei
3722 4569 3892 4613 atten-

2313 4652 2423 4707 dat.
2448 4652 2605 4709 Mittit
2628 4653 3014 4722 exploratores,
3042 4653 3131 4722 qui
3159 4653 3360 4706 intrant
3388 4652 3439 4705 in
3477 4650 3714 4707 Iericho.
3762 4651 3890 4706 Cum

2314 4745 2365 4800 id
2379 4746 2615 4799 audisset
2629 4760 2723 4800 rex
2743 4745 2907 4810 urbis,
2928 4745 3071 4798 misit
3087 4746 3176 4814 qui
3192 4746 3332 4799 viros
3348 4745 3686 4814 requirerent
3699 4759 3727 4796 a
3748 4744 3893 4798 Raab

2316 4838 2618 4903 meretrice,
2645 4852 2763 4906 qua:
2788 4837 2931 4906 ipsos
2954 4846 3279 4906 susceperat.
3322 4835 3413 4889 Illa
3446 4850 3575 4889 vero
3597 4834 3893 4904 explorato-

2313 4945 2402 4985 res
2428 4930 2727 4984 occultavit.
2752 4930 2963 4998 Proque
2989 4929 3076 4983 illa
3105 4929 3271 4998 gratia
3312 4927 3461 4997 petiit
3494 4942 3592 4997 pro
3617 4927 3778 4983 domo
3802 4942 3891 4981 sua
3919 4922 3927 4992 ξ

2314 5026 2560 5089 salutem,
2589 5039 2711 5078 cum
2760 5023 2889 5077 urbs
2928 5032 3082 5092 capta
3123 5023 3278 5075 foret.
3334 5020 3413 5074 Illi
3468 5031 3788 5074 annuerunt.
3827 5018 3927 5073 Et'

2314 5133 2434 5172 cum
2481 5116 2896 5181 discessissent,
2949 5130 3067 5185 quae
3111 5122 3259 5183 gesta
3300 5120 3453 5167 erant
3500 5111 3889 5165 renuntiarunt.

2314 5208 2560 5277 Praecipit
2584 5206 2779 5277 populo
2804 5215 2863 5259 ttt
2903 5204 3187 5259 Iordanem
3230 5209 3482 5268 transeat,
3506 5210 3559 5255 et
3597 5200 3743 5255 sicco
3764 5199 3887 5269 pede

2315 5303 2661 5369 transierunt,
2684 5300 2988 5370 lapidesque
3002 5296 3281 5352 duodecim
3300 5296 3350 5349 in
3366 5295 3553 5350 castris
3572 5302 3885 5349 statuerunt.

2317 5399 2428 5454 Hoc
2467 5398 2647 5452 audito
2682 5409 2835 5466 reges
2861 5393 3292 5448 Amorrbteorum
3317 5391 3405 5460 qui
3436 5399 3581 5444 trans
3608 5387 3890 5444 Iordanem

2378 5568 2395 5597 ί
2418 5563 2472 5612 In
2494 5558 2807 5617 Coisliniano,
2828 5556 3269 5617 Deuteronomium
3296 5550 3362 5617 ita
3384 5547 3573 5617 desinit
3597 5548 3882 5617 :_!(§X§t’t§ft§t

2316 5610 2758 5685 Μωῦἇῆξίάνελθεῖν
2783 5610 2847 5674 in
2869 5620 2925 5666 τὸ
2946 5619 3051 5685 ὄρρς
3079 5616 3135 5663 τὸ
3180 5615 3419 5685 ξᾼουρεὶμε,
3450 5612 3753 5685 ἲλκαὶυΝαᾲὅ
3790 5610 3891 5685 ἐλέ-

2315 5674 2443 5767 Ῠὲτο,
2463 5674 2543 5767 γ.ξᾶ
2566 5686 2661 5767 εἶξε
2678 5684 2763 5767 τὴν
2782 5688 2868 5756 γῆ]
3006 5674 3307 5767 Quinctiae,
3326 5674 3406 5721 καὶ
3428 5674 3610 5736 εὐλογεῖ
3635 5674 3747 5729 τοὺς
3762 5674 3891 5725 υἱοὺς

2342 5737 2537 5812 lupam),
2562 5746 2643 5794 καὶ
2663 5737 2859 5805 τελευίτᾷ
2881 5744 3091 5797 Μωῠσῆς
3111 5738 3191 5786 καὶ
3215 5737 3457 5786 ϐάπτεται.
3699 5774 3705 5779 .
