4058 6344
273 413 581 485 ἐλευθερίας
601 416 711 470 τῶν
732 416 1111 483 δουλευόντων,
1142 419 1268 488 περὶ
1309 417 1687 488 πρωτοτόκων,
1709 431 1776 466 πε
1785 413 1840 483 pl

272 503 368 559 τοῦ
397 504 600 576 πάσχα.
636 507 898 560 Ἐνταῦθα
929 509 1104 561 κεῖται
1130 505 1213 572 τὸ,
1238 508 1320 559 Οὐ
1354 506 1597 571 δυνήσῃ
1633 502 1701 554 τὸ
1731 499 1841 552 πά-

273 613 397 666 σχα
415 596 610 650 ποιεῖν
632 609 659 638 ι
680 598 750 651 ὲν
769 596 1014 668 οὐδεμιᾷ
1044 597 1163 652 τῶν
1189 599 1418 651 πόλεων
1444 590 1536 649 ὧν
1571 595 1784 662 Κύριος
1807 594 1841 645 ὁ

277 688 421 752 Θεός
451 701 567 741 σου
595 687 807 742 δίδωσί
842 704 960 754 σοι,
998 689 1134 743 ἀλλ’
1161 691 1247 753 είς
1283 688 1390 741 τὸν
1425 688 1610 740 τόπον
1653 684 1725 738 ὃν
1766 683 1843 737 ἂν

273 777 589 846 ἐκλέξηται
618 780 833 846 Κύριος
865 783 898 834 ὀ
928 783 1070 846 Θεός
1099 795 1236 833 σου.
1263 780 1396 848 Περὶ
1424 778 1520 847 τῆς
1551 777 1657 830 τῶν
1687 776 1842 828 ἐϐδο-

273 869 475 939 μάδων,
522 871 651 942 περὶ
694 872 796 942 τῆς
838 872 948 925 τῶν
1000 872 1400 942 σκηνοπηγιῶν,
1448 871 1573 941 περὶ
1615 869 1838 941 κριτῶν,

271 963 399 1034 περὶ
427 961 710 1032 βασιλέων,
742 963 796 1016 εῖ
823 981 952 1017 ποτε
979 963 1182 1017 ἔλθοιεν
1207 966 1284 1027 είς
1305 963 1597 1032 ἐπιθυμίαν
1629 961 1723 1014 τοῦ
1753 962 1842 1032 βα-

272 1047 513 1102 σιλεῦσαί
548 1065 689 1104 τινα.
723 1052 856 1122 Περὶ
890 1051 1148 1116 Λευῖτῶν,
1177 1053 1271 1105 καὶ
1303 1045 1378 1105 ὧν
1402 1051 1671 1122 ὀφείλουσι
1702 1049 1842 1121 λαμ-

271 1140 471 1196 ϐάνειν.
496 1145 630 1216 Περὶ
648 1144 741 1197 τοῦ
767 1146 841 1215 μὴ
859 1145 966 1198 δεῖν
984 1149 1095 1210 τοῖς
1115 1147 1425 1216 λεγομένοις
1447 1145 1796 1215 καθαρισταῖς
1812 1145 1838 1183 δ

271 1235 586 1305 κεχρῆσθαι,
608 1238 642 1308 ἢ
659 1238 949 1303 ἐπαοιδαῖς,
971 1238 1004 1310 ἢ
1029 1239 1308 1309 μαντείαις
1329 1239 1362 1310 ἢ
1385 1237 1654 1309 κληδόσιν,
1673 1237 1706 1308 ἢ
1727 1239 1838 1300 τοῖς

268 1327 548 1390 τοιούτοις,
582 1329 844 1383 Ἐνταῦθα
872 1332 1047 1383 κεῖται
1068 1331 1150 1395 τὸ,
1179 1330 1500 1399 Προφήτην
1525 1328 1666 1398 ὑμῖν
1691 1329 1838 1383 ἁνα-

264 1418 485 1486 στήσει
529 1422 564 1473 ὀ
605 1421 749 1485 Θει’ς
775 1421 856 1488 ὡς
884 1421 1008 1492 ἐμέ.
1050 1422 1158 1475 Καὶ
1193 1422 1324 1492 περὶ
1358 1421 1467 1475 τῶν
1505 1421 1840 1490 φυγαδευτη-

268 1509 404 1579 ρίων
456 1512 664 1564 πόλεων
709 1511 1065 1570 διατάττεται.
1119 1513 1382 1568 Ἐνταῦθα
1449 1516 1645 1575 κεῖται,
1706 1512 1836 1567 Ἐπὶ

267 1609 563 1676 στόματος
602 1607 711 1662 δύο
760 1608 1076 1677 μαρτύρων
1121 1606 1220 1660 καὶ
1263 1606 1438 1675 τριῶν
1473 1604 1838 1672 σταθήσεται

268 1699 391 1754 πᾶν
407 1699 591 1769 ῥῆμα.
625 1702 732 1754 Καὶ
760 1701 889 1770 περὶ
915 1701 1022 1754 τῶν
1045 1699 1651 1772 ψευδομαρτυρούντων,
1679 1699 1732 1752 τί
1759 1700 1839 1751 δεῖ

268 1791 496 1860 πάσχειν
518 1789 737 1854 αὐτούς.
776 1790 1126 1854 Ἐπιστάντος
1160 1788 1415 1860 πολέμου,
1446 1788 1590 1856 λέγει
1619 1787 1738 1840 τίνα
1757 1785 1838 1839 δεῖ

267 1881 590 1952 ἐκπέμπειν,
651 1882 746 1936 κα)¹
797 1881 874 1953 μὴ
937 1881 1154 1952 ἀφιέναι
1211 1881 1578 1951 συμπολεμεῖν
1627 1880 1834 1942 αὐτοῖς.

269 1975 530 2044 Παραινεί
567 1976 642 2046 μὴ
677 1974 1015 2047 ἀναιρεῖσθαι
1043 1975 1168 2037 τοὺς
1190 1972 1476 2043 πολεμίους
1499 1972 1833 2026 ὑποπίπτον-

266 2084 380 2130 τας,
413 2067 553 2136 πλὴν
579 2066 687 2120 τῶν
710 2066 848 2120 ἐπτά
870 2066 1058 2121 ἐθνῶν.
1096 2066 1204 2119 Καὶ
1230 2064 1330 2128 τὰς
1362 2063 1461 2134 μὲν
1491 2064 1671 2127 πόλεις
1691 2063 1834 2118 ἀπά-

219 2156 383 2218 ’ζσας,
411 2154 632 2209 ἐπειδὰν
655 2155 834 2225 ἕλητε,
861 2155 1012 2225 φησὶ,
1047 2153 1359 2216 σκυλεύετε,
1383 2155 1450 2207 τά
1469 2155 1671 2225 ἄρρενα
1697 2153 1832 2224 μόνα

268 2247 634 2319 ἀναιροῦντες.
672 2249 767 2301 Ἐκ
797 2247 854 2300 δὲ
883 2246 1106 2310 τούτων,
1139 2241 1215 2300 ὧν
1236 2247 1335 2318 τὴν
1357 2246 1460 2316 γῆν
1488 2246 1586 2317 κλη
1597 2249 1835 2318 ρονομεῖ-

268 2357 342 2404 τε,
379 2340 590 2410 μηδένα
627 2339 944 2412 ζωγρήσητε
978 2341 1300 2410 ἐμπνέοντα.
1336 2340 1674 2411 Καρποφόρα
1703 2339 1832 2404 ξύλα

271 2432 342 2501 μὴ
362 2432 610 2501 τέμνετε,
635 2429 818 2502 φησὶν,
841 2431 920 2493 είς
938 2430 999 2483 τὸ
1019 2430 1187 2500 πῆξαι
1212 2431 1428 2502 χάρακα
1450 2431 1508 2482 ἐν
1529 2430 1828 2501 πολιορκίᾳ.

269 2522 333 2574 Εἰ
368 2539 453 2585 τις
492 2521 686 2593 εὑρεθῇ
718 2521 1132 2592 πεφονευμένος,
1156 2524 1194 2589 ,ὁ
1223 2523 1281 2576 δὲ
1307 2522 1569 2592 φονεύσας
1599 2523 1673 2593 μὴ
1709 2524 1835 2591 φαί-

269 2630 442 2678 νοιτο,
486 2612 765 2684 νομοθετεῖ
809 2614 861 2668 τί
908 2615 991 2668 δεῖ
1037 2612 1300 2683 γίνεσθαι.
1354 2613 1480 2668 Ἐάν
1523 2615 1580 2668 δέ
1620 2631 1705 2678 τις
1741 2613 1834 2668 δύο

269 2705 401 2776 ἔχων
447 2708 732 2776 γυναῖκας,
783 2707 882 2778 τὴν
927 2706 1024 2778 μὲν
1067 2707 1292 2778 μισήσῃ,
1338 2707 1602 2778 ἀγαπήσῃ
1648 2707 1704 2761 δὲ
1733 2709 1832 2778 τὴν

267 2795 478 2868 ἐτέραν,
516 2797 613 2850 καὶ
647 2796 826 2868 συμϐῇ
859 2795 950 2849 τὸν
974 2796 1072 2867 τῆς
1106 2795 1436 2868 μισουμένης
1469 2793 1604 2852 εἷναι
1627 2797 1834 2870 πρωτό-

267 2905 440 2952 τοκον,
486 2888 562 2960 μὴ
605 2887 975 2960 προτιμείσθω
1017 2887 1180 2943 αὑτοῦ
1224 2890 1252 2942 ό
1304 2889 1402 2959 τῆς
1447 2890 1828 2961 ἠγαπημένης.

268 2980 404 3051 Περὶ
438 2980 555 3033 υἱοῦ
600 2979 876 3044 ἀπειθοῦς.
924 2979 1186 3034 Ἐνταῦθα
1215 2983 1408 3042 κεῖται,
1445 2970 1832 3050 Ἐπικατάρα-

271 3086 374 3134 τος
404 3071 519 3137 πᾶς
553 3073 584 3125 ό
620 3073 984 3141 κρεμάμενος
1003 3071 1100 3124 ἐπὶ
1122 3070 1328 3134 ξύλου.
1365 3073 1517 3126 Ἐπεὶ
1543 3069 1635 3126 οὖν
1659 3074 1832 3127 ἔκειτο

268 3163 484 3235 κατάρα
514 3165 620 3227 τοῖς
655 3165 726 3236 μὴ
751 3163 1082 3234 φυλάσσουσι
1111 3163 1202 3217 τὸν
1230 3165 1412 3235 νόμον,
1452 3165 1833 3234 Ἐπικατάρα-

266 3273 368 3322 τος
403 3254 516 3322 πᾶς
550 3257 615 3322 ὃς
653 3258 762 3311 οὐκ
800 3255 1035 3325 ἐμμένει
1075 3255 1224 3310 πᾶσι
1261 3255 1384 3322 τοῖς
1411 3258 1830 3327 γεγραμμένοις

261 3347 331 3401 ἐν
366 3348 445 3413 τῷ
470 3349 690 3416 ,ϐιϐλίῳ
724 3348 931 3412 τούτῳ·
965 3347 1093 3417 περὶ
1123 3347 1216 3400 τοῦ
1259 3348 1423 3418 νόμου
1455 3347 1626 3416 λέγων
1665 3350 1829 3402 Μωῦ-

264 3441 380 3510 σῆς
429 3441 525 3494 καὶ⁵
565 3438 665 3510 τὴν
710 3440 950 3512 κατάραν
977 3440 1191 3509 ἐκείνην
1228 3438 1328 3492 ούκ
1357 3439 1482 3509 ἐνῆν
1521 3440 1705 3494 λαϐεῖν
1740 3440 1832 3493 τὸν

262 3532 512 3604 Χριστόν·
545 3532 828 3604 ἐπλήρωσε
857 3531 965 3603 γὰρ
993 3531 1083 3583 τὸν
1109 3530 1289 3601 νόμον,
1314 3532 1559 3602 κατάραν
1587 3532 1832 3603 κατάρας

262 3625 628 3696 ἀντηλλάξατο
652 3623 979 3694 κρεμασθεὶς
1007 3622 1098 3675 ἐπὶ
1129 3622 1305 3690 ξύλου.
1333 3623 1469 3692 Περὶ
1501 3622 1594 3676 τοῦ
1622 3626 1694 3695 μὴ
1721 3623 1832 3680 δεῖν

263 3719 398 3790 μηδέ
452 3718 564 3772 τῶν
621 3717 826 3788 ἐχθρῶν
879 3715 947 3770 τά
997 3715 1165 3784 ἄλογα
1221 3717 1486 3788 παρορᾷν.
1535 3717 1628 3770 καὶ
1671 3717 1833 3788 ἔτερα

261 3813 559 3884 νομοθετεῖ,
594 3811 688 3866 καὶ
727 3810 853 3884 περὶ
890 3809 1141 3882 γαμικῶν
1169 3809 1470 3878 διαλέγεται
1498 3811 1698 3881 νόμων,
1738 3813 1832 3866 καὶ

259 3906 526 3976 τιμωρίας
553 3904 735 3974 τίθησι
764 3903 905 3958 κατά
928 3903 1037 3957 τῶν
1063 3903 1388 3973 ὑϐριζόντων
1416 3903 1495 3968 είς
1511 3903 1829 3976 παρθένους.

257 3996 419 4060 Τίνας
473 3995 679 4050 κωλύει
720 3995 794 4066 μὴ
835 3995 1060 4048 εἰσιέναι
1087 3994 1167 4058 είς
1198 3993 1512 4066 ἐκκλησίαν,
1559 3994 1653 4048 καὶ
1704 3993 1832 4066 περὶ

258 4088 458 4157 ἐτέρων
516 4085 816 4157 νομοθετεῖ,
865 4086 958 4139 καὶ
1005 4085 1131 4156 περὶ
1179 4084 1273 4138 τοῦ
1319 4084 1394 4156 μὴ
1432 4085 1617 4139 λαϐεῖν
1653 4087 1827 4140 τόκον.

256 4181 391 4251 Περὶ
418 4178 514 4233 τοῦ
549 4177 630 4250 μὴ
662 4175 926 4250 χρονίζειν
958 4178 1015 4230 ἐν
1042 4179 1161 4240 ταῖς
1187 4177 1296 4230 τῶν
1323 4177 1495 4248 εὐχῶν
1523 4177 1830 4244 άποδόσεσι,

255 4271 366 4324 ἀλλ’
392 4272 534 4343 ὅπερ
565 4271 634 4325 ἄν
660 4288 741 4333 τις
763 4268 1001 4342 εὔξηται,
1029 4269 1228 4334 εὐθέως
1251 4264 1552 4324 ἀποτελεῖν.
1581 4269 1717 4340 Περὶ
1734 4269 1833 4336 τῆς

255 4365 514 4432 γυναικὸς
546 4363 650 4433 τῆς
676 4361 1056 4434 λαμϐανούσης
1097 4360 1297 4431 βιϐλίον
1325 4360 1678 4425 ἀποστασίου,
1705 4360 1833 4431 περὶ

254 4457 546 4527 ἐνεχύρων,
577 4454 711 4524 περὶ
739 4455 963 4524 κλοπῆς,
990 4454 1118 4526 περὶ
1151 4451 1342 4524 μισθοῦ
1377 4451 1668 4524 μισθωτοῦ,
1706 4451 1833 4523 περὶ

253 4545 520 4622 ᾆρφανοῦ,
599 4546 728 4618 περὶ
784 4546 993 4617 χήρας,
1054 4546 1181 4617 περὶ
1245 4545 1339 4599 τοῦ
1402 4544 1831 4615 καταλιμπάνειν

255 4639 640 4709 σταχυολογεῖν
670 4636 765 4691 καὶ
796 4637 1110 4708 ραγολογεῖν
1133 4638 1245 4700 τοῖς
1281 4635 1524 4707 πένησιν.
1572 4635 1831 4690 Ἐνταῦθα

253 4732 420 4786 κεῖται
459 4730 606 4812 περὶ⁵
636 4728 732 4782 τοῦ
769 4728 842 4800 μὴ
881 4729 989 4782 δεῖν
1039 4727 1199 4782 πλέον
1240 4727 1389 4799 [558]
1425 4727 1830 4797 τεσσαράκοντα

252 4823 550 4894 λαμϐάνειν
576 4820 670 4874 τὸν
703 4819 1100 4889 ἐγκαλούμενον
1133 4819 1260 4889 περὶ
1289 4816 1500 4880 ἀδικίας
1527 4817 1689 4879 τινός.
1723 4817 1830 4869 Καὶ

254 4916 375 4986 περὶ
423 4915 520 4970 τοῦ
571 4913 650 4985 μὴ
698 4910 897 4983 φιμοῦν
942 4908 1068 4982 βοῦν
1115 4910 1376 4972 ἀλοῶντα,
1421 4909 1516 4963 καὶ
1566 4907 1694 4980 περὶ
1733 4906 1829 4960 τοῦ

253 5007 482 5079 ἐγείρειν
518 5005 748 5075 σπέρμα
775 5003 852 5074 τῷ
885 5001 1138 5056 τεθνεῶτι
1176 4997 1388 5070 ἀδελφῷ
1424 4999 1512 5053 τὸν
1547 4999 1832 5053 ύπολειπό⁴

255 5117 429 5169 μενον,
464 5101 564 5155 καὶ
596 5098 654 5151 τί
683 5097 929 5150 πείσεται
969 5097 1016 5150 εί
1060 5094 1134 5166 μὴ
1167 5093 1405 5164 βούλοιτο
1437 5094 1664 5163 ἐγεῖραι.
1695 5093 1831 5162 Περὶ

254 5190 526 5260 σταθμῶν,
569 5187 706 5260 περὶ
756 5187 986 5258 μέτρων.
1028 5185 1162 5256 Περὶ
1197 5183 1292 5238 τοῦ
1328 5183 1701 5256 ἐξολοθρεῦσαι
1740 5183 1830 5235 τὸν

265 5281 532 5354 Ἀμαλήκ.
559 5282 702 5352 Περὶ
729 5279 1012 5352 ἀπαρχῶν,
1041 5279 1172 5350 περὶ
1198 5273 1603 5348 φιλανθρωπίας
1629 5276 1726 5344 τῆς
1751 5275 1831 5336 εἰς

313 5563 338 5622 9
365 5562 417 5611 In
441 5561 627 5611 Bibliis
643 5559 825 5622 legitur
846 5559 900 5608 οὐ
926 5561 1104 5622 δυνήσῃ
1129 5558 1268 5609 θῦσαι
1291 5558 1347 5606 τὸ
1369 5557 1551 5622 πάσχα.

313 5574 338 5590 ε·
367 5574 417 5611 In
446 5574 627 5611 manus
647 5574 694 5607 Ie
729 5574 825 5608 lllll’
846 5574 900 5608 ου
926 5574 1104 5622 συνήσῃ
1129 5574 1268 5609 υυσαι
1291 5575 1347 5606 το
1369 5575 1436 5606 πα
1503 5574 1551 5605 α.

307 5621 336 5661 ιι
356 5623 475 5689 ﬂeo
490 5574 1094 5689 quqinﬁleuteronqmjo
1128 5623 1369 5689 habenth
1392 5574 1605 5689 c.?8,~v.
1631 5615 1706 5689 10‘,
1743 5616 1831 5689 ούχ

256 5679 559 5758 εὒρεθίξσεται
603 5682 657 5752 ἐν
695 5684 773 5758 yol
799 5684 1142 5758 περικαθαίρων
1172 5684 1254 5731 τὸν
1293 5682 1396 5758 ple
1422 5679 1587 5758 αὑτοῦ,
1621 5681 1702 5751 καὶ.
1745 5679 1830 5735 τήν

249 5739 480 5810 θυγατέρα
500 5741 658 5794 αὐτοῦ
689 5744 736 5792 ἐν
760 5739 886 5808 πυρί,
912 5758 1007 5794 una
1030 5739 1144 5796 νοτε
1169 5743 1400 5807 exprimit
1421 5739 1735 5803 καθαρισταῖς.

1320 300 1655 361 SYNOPSIS
1695 295 2120 358 SCRIPTURAS
2155 299 2446 356 SACRE.’

3407 288 3514 348 556

1953 415 2127 485 χήρας
2147 416 2240 470 καὶ
2260 416 2547 487 ὀρφανούς.
2584 413 2859 468 Ἐντεῦθεν
2880 410 3062 464 λοιπὸν
3081 410 3135 462 αἱ
3160 405 3392 477 κατάραι
3418 405 3515 459 καὶ

1947 507 2206 576 εὐλογίαι.
2246 510 2304 562 αί
2351 509 2447 578 μὲν
2497 507 2920 579 παρακούουσιν,
2955 505 3012 558 αί
3057 503 3113 555 δέ
3152 499 3511 571 πειθομένοις.

1948 599 2056 652 Καὶ
2091 601 2297 670 μακρὸν
2319 599 2590 653 ἀποτείνει
2610 599 2765 668 λόγον
2803 598 2929 668 περὶ
2955 595 3062 649 τῶν
3092 593 3388 664 μελλόντων
3418 589 3537 643 αύ-’

1945 692 2072 754 τοὺς
2103 691 2435 762 διαδέχεσθαι
2455 691 2658 744 κακῶν.
2684 691 2854 742 Τοῦτο
2880 687 3076 758 συνέϐη
3100 686 3192 738 ἐπὶ
3216 683 3512 754 Ἀσσυρίων

1949 782 2044 835 καὶ
2082 781 2452 836 Βαϐυλωνίων.
2488 781 2561 833 Τὸ
2590 780 2648 833 δὲ
2677 779 2802 842 τοὺς
2843 778 2992 840 υἱοὺς
3026 776 3240 845 φαγεῖν,
3273 775 3330 826 ἐν
3362 771 3515 824 πολι-

1946 874 2159 944 ορκίαις
2202 874 2384 945 ἐξέϐη.
2437 873 2542 927 Καὶ
2587 857 2752 926 αὑτοῦ
2799 871 3070 940 μέμνηται
3111 866 3344 920 ἐνταῦθα
3386 861 3514 934 περὶ

1946 965 2042 1018 τοῦ
2079 965 2334 1035 Χριστοῦ.
2365 967 2595 1030 Ἔσται,
2615 963 2798 1033 φησὶν,
2835 962 2872 1029 ἡ
2897 960 3012 1026 ζωή,
3037 976 3152 1013 σου
3181 955 3513 1028 κρεμαμένη

1947 1059 2060 1126 πρὸ
2097 1058 2419 1128 ὀφθαλμῶν
2463 1073 2598 1113 σου.
2638 1055 2900 1110 Ἐνταῦθα
2943 1058 3140 1119 κεῖται,
3171 1053 3264 1118 Μή
3280 1044 3514 1117 τιςρίζα

1945 1153 2205 1220 πικρίας,
2236 1146 2297 1205 οὗ
2337 1152 2429 1204 καλ⁵
2463 1152 2493 1204 6
2521 1150 2730 1214 Παῦλος
2763 1148 3166 1220 ἐμνημόνευσεν
3191 1145 3249 1198 ἐν
3279 1144 3345 1212 τῇ
3377 1137 3514 1210 πρὸς

1959 1243 2259 1312 Ἐϐραίους.
2297 1243 2558 1296 Ἐνταῦθα
2596 1244 2794 1301 κεῖται.
2829 1240 2905 1295 Τὰ
2941 1237 3175 1308 κρυπτὰ
3210 1233 3401 1302 Κυρίῳ
3431 1229 3514 1297 τῷ

1948 1336 2089 1401 Θεῷ,
2122 1338 2194 1390 τὰ
2233 1336 2302 1389 δὲ
2337 1336 2564 1404 φανερὰ
2603 1332 2762 1404 ὑμῖν
2781 1334 2878 1387 καὶ
2910 1331 3035 1396 τοῖς
3066 1328 3295 1393 τέκνοις
3324 1325 3511 1394 ὑμῶν.

1947 1429 2075 1482 Ὀτι
2095 1431 2132 1497 ἡ
2158 1429 2377 1498 ἐντολὴ
2398 1429 2603 1485 αὐτοῦ.
2619 1427 2834 1497 φησὶνο,
2852 1426 2959 1479 οὐκ
2971 1421 3140 1476 ἔσται
3160 1419 3509 1487 ὑπέρογκος-

1949 1523 2069 1575 οὺκ
2090 1523 2160 1574 ἐν
2183 1523 2264 1588 τῷ
2290 1521 2542 1590 οὐρανῷ,
2567 1522 2666 1574 ἵνα
2692 1521 2887 1586 εἴπῃς,
2915 1516 3016 1582 Τίς
3040 1511 3402 1580 ἀναϐήσεται
3425 1509 3513 1572 είς

1943 1615 2050 1668 τὸν
2083 1615 2382 1682 οὐρανόν;
2425 1612 2566 1667 οὐδὲ
2602 1611 2790 1678 πέραν
2827 1607 2936 1676 τῆς
2977 1604 3317 1670 θαλάσσης,
3373 1598 3512 1654 ἀλλ’

1944 1706 2122 1775 ἐγγύς
2161 1722 2276 1760 σου
2317 1706 2386 1759 τὸ
2429 1703 2590 1774 ῥῆμά
2631 1704 2800 1756 ἐστιν
2840 1702 2910 1754 ἐν
2953 1697 3032 1764 τῷ
3076 1694 3326 1765 στόματί
3373 1705 3511 1744 σου.

1944 1799 2128 1853 Ταῦτα
2157 1799 2287 1869 περὶ
2312 1797 2410 1867 τῆς
2433 1795 2661 1866 νομικῆς
2690 1793 2908 1862 ἐντολῆς
2955 1789 3218 1862 εἰρημένα
3265 1785 3513 1838 εἵλκυσεν

1943 1891 2024 1952 είς
2053 1890 2150 1960 τὴν
2178 1888 2360 1942 πίστιν
2383 1887 2482 1957 τὴν
2508 1887 2588 1948 είς
2615 1883 2849 1954 Χριστὸν
2880 1884 2908 1935 6
2931 1879 3161 1942 Παῦλος’
3192 1872 3513 1944 Διαμαρτύ-

1936 1998 2117 2050 ρομαι
2143 1981 2304 2050 ὑμῖν,
2328 1979 2482 2048 φησὶ,
2505 1978 2613 2031 τόν
2645 1973 2907 2043 οὐρανὸν
2933 1971 3032 2026 καί
3057 1969 3173 2036 τὴν
3193 1968 3329 2038 τῆν,
3357 1965 3513 2019 ὥστε

1942 2069 2184 2140 ἀγαπᾷν
2211 2071 2318 2124 τὸν
2340 2070 2506 2123 θεόν.
2535 2065 2667 2120 Τότε
2694 2064 2847 2118 καλεῖ
2872 2064 2966 2118 τὸν
2998 2059 3202 2132 Ἰησοῦν
3225 2058 3314 2111 τὸν
3333 2054 3510 2124 Ναυῆ,

1943 2161 2036 2214 καὶ
2074 2160 2374 2215 ἐντέλλεται
2403 2157 2651 2230 ἡγεῖσθαι
2681 2154 2776 2209 τοῦ
2812 2154 2964 2218 λαοῦ,
2991 2152 3084 2207 καὶ
3117 2151 3190 2222 μὴ
3231 2146 3510 2218 φοϐεῖσθαι

1941 2253 2066 2315 τοὺς
2095 2251 2408 2321 πολεμίους,
2429 2249 2560 2302 Θεὸν
2593 2247 2812 2319 ἔχοντας
2844 2243 3054 2315 βοηθόν.
3095 2240 3198 2295 Kal
3235 2240 3513 2309 παραινεῖ,

1941 2343 2082 2397 ὥστε
2119 2345 2176 2398 ἐν
2207 2346 2327 2407 ταῖς
2370 2344 2762 2412 σκηνοπηγίαις
2791 2340 2955 2394 παντὶ
2979 2336 3058 2406 τῷ
3091 2333 3201 2404 λαῷ
3228 2333 3320 2386 τὸν
3350 2331 3512 2399 νόμον

1942 2435 2427 2504 ἀναγινώσκεσθαι.
2475 2434 2736 2504 Προλέγει
2790 2430 2868 2502 τῷ
2917 2430 3122 2499 Μωῦσῇ
3168 2429 3197 2480 6
3244 2425 3394 2487 Θεὸς,
3428 2423 3510 2475 ὅτι

1945 2529 2083 2600 μετὰ
2131 2528 2359 2600 θάνατον
2414 2526 2580 2580 αὐτοῦ
2632 2528 2660 2578 6
2713 2525 2838 2588 λαὸς
2905 2519 3368 2588 εἰδωλολατρήσει,
3413 2513 3511 2567 καὶ

1941 2594 2356 2690 κολασθήσεται.
2379 2619 2562 2672 Ἔστω
2589 2613 2703 2681 οὖν,
2735 2616 2920 2686 φησὶν,
2943 2616 2978 2684 ἡ
3013 2611 3126 2684 ᾠδὴ
3165 2609 3306 2679 αῦτη
3344 2623 3510 2660 κατα-

1944 2711 2293 2784 μαρτυροῦσα
2323 2711 2523 2766 αὐτῶν.
2569 2712 2645 2764 Οὐ
2691 2710 2800 2780 γάρ
2849 2723 2980 2760 ποτε
3026 2704 3279 2774 λήσονται
3317 2698 3507 2766 αὐτῆς.

1940 2806 2052 2860 Καὶ
2081 2803 2286 2876 ἔγραψε
2307 2803 2547 2873 Μωῦσῆς
2573 2802 2670 2872 τὴν
2697 2799 2859 2871 ᾠδὴν,
2892 2798 2987 2852 καὶ
3017 2797 3275 2866 προεῖπεν
3302 2791 3508 2855 αὐτοῖς,

1940 2901 2020 2955 ὃτι
2041 2899 2419 2970 ἀνομήσουσιν.
2461 2896 2720 2949 Ἐνταῦθα
2746 2895 2940 2947 κεῖται’
2971 2888 3147 2944 Αὐτοὶ
3179 2882 3510 2953 παρεζήλω-

1940 2993 2062 3048 σάν
2078 3010 2154 3062 με
2176 2991 2268 3046 ἐπ’
2287 2993 2360 3046 οὐ
2392 2989 2534 3055 Θεῷ,
2565 2987 2726 3056 κάγὼ
2750 2980 3152 3052 παραζηλώσω
3169 2977 3391 3041 αὐτοὺς
3413 2975 3508 3029 ἐπ’

1940 3086 2052 3138 οὐκ
2082 3084 2258 3137 ἔθνει.
2309 3079 2600 3134 Κελεύεται
2642 3074 2883 3143 Μωῦσῆς
2912 3071 3152 3126 ἀνελθεῖν
3185 3069 3263 3130 είς
3295 3065 3357 3119 τὸ
3385 3065 3512 3136 ὅρος

1938 3175 2000 3228 τὸ
2036 3174 2315 3244 Ἀϐαρεὶμ,
2342 3172 2370 3224 ὃ
2397 3172 2493 3225 καὶ
2523 3168 2701 3223 Ναϐαὶ
2737 3166 2974 3234 ἐλέγετο,
3005 3161 3100 3216 καὶ
3129 3161 3254 3213 ίδεῖν
3280 3156 3378 3228 τὴν
3406 3155 3510 3225 γῆν

1940 3266 2289 3334 ἐπαγγελίαςο
2324 3264 2419 3317 καὶ⁸
2455 3262 2752 3330 εὐλογήσας
2787 3257 3023 3326 ἑκάστην
3064 3251 3255 3322 φυλὴν,
3299 3246 3510 3302 ἐτελεύ-

1938 3372 2094 3426 τησε·
2131 3355 2224 3409 καὶ
2253 3355 2352 3407 οὐκ
2383 3350 2520 3406 εἶδεν
2551 3349 2724 3412 οὐδεὶς
2753 3347 2852 3416 τὴν
2883 3343 3062 3412 ταφὴν
3093 3337 3257 3394 αὐτοῦ
3283 3336 3386 3399 ἐως
3411 3335 3508 3406 τῆς

1937 3448 2152 3519 ἡμέρας
2180 3445 2404 3513 ταύτης.
2439 3438 2704 3496 Ἐνταῦθα
2727 3434 3116 3504 ἐτελειώθησαν
3143 3432 3215 3485 τά
3241 3430 3402 3485 πέντε
3428 3427 3510 3498 βι-

1939 3538 2064 3592 ϐλία
2087 3536 2387 3600 Μωΰσέως,
2417 3533 2455 3588 ἃ
2483 3531 2620 3604 μόνα
2646 3529 2894 3596 ἐδέξαντο
2915 3526 2965 3579 οἱ
2986 3524 3314 3595 Σαμαρῖται.

2228 3738 2491 3806 Σύνοψις
2524 3731 2632 3787 τοῦ
2664 3729 2861 3798 Ἰησοῦ
2891 3727 2998 3783 τοῦ
3034 3722 3228 3793 Ναυῆ.

2010 3910 2309 3966 Κελεύεται
2338 3908 2364 3948 ἀ
2399 3905 2602 3978 Ἰησοῦς
2637 3903 2942 3957 διατάττειν
2967 3897 3046 3968 τῷ
3073 3895 3210 3967 λαῷ,
3234 3893 3313 3965 τῷ
3339 3910 3399 3946 τε
3423 3890 3511 3946 νό-

1943 4022 2029 4075 μῳ
2073 4001 2168 4056 τοῦ
2209 4000 2346 4055 Θεοῦ
2381 3997 2692 4070 προσέχειν.
2722 3993 2938 4064 Πέμπει
2975 3987 3369 4047 κατασκόπους·
3398 3984 3510 4075 εἰσ-

1938 4074 2100 4167 ῆλθον
2127 4096 2207 4156 εἰς
2237 4093 2337 4163 τὴν
2374 4087 2600 4160 Ἱεριχώ.
2647 4083 2908 4146 ’Δκούσας
2945 4083 2973 4135 6
3009 4079 3258 4150 βασιλεὺς
3283 4075 3384 4144 τῆς
3404 4074 3506 4167 πόε-

1938 4166 2095 4252 λεως,
2143 4185 2376 4254 ἔπεμψε,
2418 4179 2596 4251 ζητῶν
2645 4179 2772 4240 τοὺς
2815 4175 3012 4244 ἄνδρας
3049 4170 3201 4242 παρά
3235 4167 3402 4222 Ῥαὰϐ
3436 4166 3506 4236 τῇ

1940 4280 2114 4350 πόρνῃ
2141 4280 2206 4348 τῇ
2238 4272 2627 4344 ὑποδεξαμένῃ.
2677 4269 2744 4322 Ἥ
2780 4267 2836 4319 δὲ
2866 4263 3069 4335 ἔκρυψε
3097 4263 3220 4324 τοὺς
3240 4257 3510 4312 κατασκό-
3547 4283 3549 4286 -

1939 4388 2094 4435 πους.
2124 4369 2235 4422 Καὶ
2265 4366 2388 4421 ἀντὶ
2411 4362 2614 4433 ταύτης
2640 4361 2740 4432 τῆς
2766 4359 2984 4431 χάριτος
3010 4355 3177 4426 ᾔτησε
3206 4351 3304 4422 τὴν
3332 4365 3516 4418 αυτη-

1941 4461 2062 4533 ρίαν
2107 4458 2207 4528 τῆς
2252 4454 2428 4517 οἰκίας
2461 4452 2651 4521 αὐτῆς,
2689 4449 2817 4502 ὅταν
2861 4448 2896 4518 ή
2939 4443 3091 4507 πόλις
3121 4439 3404 4533 ληφθῇ-φοί
3449 4435 3507 4490 δὲ

1939 4532 2254 4606 ἐπένευσαν.
2289 4545 2400 4601 Καὶ
2418 4543 2737 4605 ἀπελθόντες
2763 4537 3098 4611 ἀπήγγειλαν
3121 4534 3189 4589 τά
3217 4532 3502 4602 γενόμενα.

1939 4637 2314 4706 Παραγγέλλει
2345 4633 2422 4706 τῷ
2446 4631 2584 4704 λαῷ,
2619 4631 2760 4684 ῶστε
2793 4627 3041 4698 διαϐῆναι
3078 4623 3168 4678 τὸν
3215 4620 3505 4693 Ἰορδάνην,

1938 4731 2034 4784 καὶ
2073 4728 2332 4797 διέϐησαν
2375 4724 2468 4776 ἐπὶ
2506 4721 2696 4793 ξηρᾶς,
2737 4717 2829 4771 καὶ
2866 4715 3045 4778 λίθους
3075 4713 3308 4783 ἔστησαν
3346 4710 3404 4762 ἐν
3439 4709 3508 4778 τῇ

1941 4816 2327 4892 στρατοπεδείᾳ
2369 4814 2595 4868 δώδεκα.
2648 4808 3002 4872 ’Λκούσαντες
3046 4807 3093 4858 οί
3138 4801 3374 4874 βασιλεῖς
3399 4798 3509 4852 τῶν

1950 4889 2292 4985 ’Λνμορῤαίων
2323 4905 2474 4980 [5⁵59]
2498 4905 2547 4958 οἱ
2582 4903 2754 4974 πέραν
2781 4901 2874 4954 τοῦ
2909 4897 3196 4970 Ἰορδάνου,
3219 4893 3312 4948 καὶ
3339 4889 3508 4985 οί-βα-

1941 4983 2106 5070 σιλεῖς
2138 5004 2236 5072 τῆς
2262 5000 2532 5068 Φοινίκης,
2559 4997 2639 5050 ὅτι
2668 4993 2756 5048 διὰ
2777 4993 2946 5064 ξηρᾶς
2973 4989 3227 5059 διέϐησαν
3256 4985 3346 5038 τὸν
3385 4983 3511 5072 Ἰορ-

1938 5093 2122 5165 δάνην,
2144 5071 2544 5160 κατετάκησαν,
2563 5085 2657 5139 καὶ
2677 5082 3115 5151 κατεπλάγησαν.
3140 5076 3272 5129 Τότε
3302 5071 3508 5143 Ἰησοῦς

1939 5183 2300 5258 προσταχθεὶς
2348 5178 2642 5252 μαχαίραις
2688 5176 2968 5246 πετρίναις
3011 5167 3325 5258 περιτέμνει
3381 5165 3510 5227 τοὺς

1954 5278 2281 5340 Ἰουδαίους.-
2330 5273 2484 5327 Ἐπεὶ
2537 5269 2941 5342 τεσσαράκοντα
3010 5261 3106 5332 ἐτη
3167 5257 3509 5325 ἀνέστραπτο

1953 5369 2166 5441 Ἰσραὴλ
2220 5370 2278 5421 ἐν
2317 5369 2384 5437 τῇ
2440 5365 2650 5436 ἐρήμῳ,
2699 5361 2794 5415 καὶ
2835 5357 2922 5412 διὰ
2954 5353 3110 5408 τοῦτο
3149 5348 3508 5421 ἀπερίτμητοι

2005 5616 2028 5646 ε
2057 5612 2172 5662 Hec
2192 5610 2437 5660 adduntur
2461 5619 2523 5654 ex
2544 5619 2650 5664 cap.
2674 5601 2754 5662 30,
2777 5597 2929 5664 v._1|_.
2985 5657 2997 5664 _
3037 5656 3067 5664 __
3145 5653 3180 5664 ,-
3274 5651 3299 5664 η
3411 5651 3428 5664 ,
3458 5647 3484 5664 ,

2003 5673 2030 5714 d
2051 5651 2374 5723 ᾗῦἕιῗῖοξῦῖ
2383 5651 2448 5717 Tn
2466 5651 2788 5728 ‘Lﬁufglfdnen'si
2809 5662 2880 5711 sic
2903 5656 3075 5719 Incipit
3097 5672 3109 5705 :
3145 5651 3329 5713 Ἰησοῦς
3348 5651 3508 5701 ulla.

1942 5753 2020 5786 ται
2042 5737 2098 5785 τὸ
2122 5734 2318 5798 βιϐλίον.
2343 5729 2614 5785 Κελεύεται.
