4058 6344
465 204 569 265 337
1163 210 1221 266 S.
1258 213 1541 271 JOANNIS
1576 204 2033 273 CHRYSOSTOM

2132 213 2407 277 καίπερ.
2441 208 2986 282 CONSTANTINOP.
3601 207 3700 285 εει

465 334 608 407 ἦσαν
657 336 835 390 αὐτῶν
876 336 926 389 οἰ
970 336 1209 388 πλεῖστοι
1252 335 1361 386 τῶν
1406 334 1677 404 μαχίμων,
1708 333 1756 387 οἳ
1797 334 1889 386 καὶ
1919 333 2027 385 ἁπ-

466 431 682 484 ῶλοντο·
709 429 826 482 ἀντὶ
850 428 907 480 δὲ
933 427 1131 480 τούτων
1166 428 1584 497 άντικατέστησε
1613 428 1737 489 τοὺς
1766 426 1914 488 υἰοὺς
1940 425 2034 477 αύ-

466 524 593 584 τῶν,
617 521 710 586 οὒς
733 524 760 575 6
793 519 998 590 Ἰησοῦς
1026 520 1339 591 περιέτεμε,
1360 520 1445 573 διὰ
1474 520 1533 572 τὸ
1560 518 1806 587 γενέσθαι
1836 519 2033 581 αὐτοὺς

467 616 869 685 άπεριτμήτους
913 615 972 665 ἐν
1017 616 1081 684 τῇ
1130 613 1252 683 ὀδῷ.
1290 614 1421 665 Τότε
1466 614 1685 681 ἐποίησε
1726 612 1785 665 τὸ
1827 614 2029 681 πάσχα.

467 707 578 759 Καὶ
607 709 663 758 ἐν
690 708 755 775 τῇ
791 705 973 776 ἡμέρα
1068 705 1267 774 ἔφαγον
1293 706 1474 774 ἄζυμα
1500 704 1605 757 ἀπὸ
1632 703 1723 756 τοῦ
1758 704 1902 757 σίτου
1932 704 2032 770 τῆς

467 797 570 868 γῆς
594 798 825 865 ἐκείνης,
866 798 1075 861 ἐξέλιπε
1113 796 1174 848 τὸ
1203 796 1394 864 μάννα.
1426 795 1718 848 Κελεύεται
1758 798 1785 849 6
1829 794 2034 864 Ἰησοῦς

465 888 624 942 λῦσαι
656 889 717 941 τὸ
742 889 993 957 ὑπόδημα
1020 886 1204 949 αὑτοῦ,
1235 889 1327 940 καὶ
1366 887 1643 941 κυκλῶσαι
1684 885 1779 957 τὴν
1826 885 2034 957 ’Ῑεριχῶ

472 984 606 1050 μετὰ
642 981 953 1048 σαλπίγγων
998 981 1090 1033 καὶ
1132 981 1228 1048 τῆς
1263 978 1495 1031 κιϐωτοῦ
1526 980 1735 1050 ἡμέρας
1769 979 1925 1032 ἑπτά.
1958 966 2032 1032 Οὗ

398 1110 401 1113 -
466 1072 757 1141 γενομένου
788 1071 1067 1138 αὐτόματα
1108 1071 1299 1121 ἔπεσον
1345 1071 1411 1121 τὰ
1449 1069 1621 1137 τείχη.
1649 1069 1815 1136 Δῆλον
1841 1065 1931 1121 οὖν
1951 1069 2034 1121 ὅτι

468 1165 649 1217 ἔκτοτε
682 1163 851 1233 ἀρχὴν
890 1164 1045 1214 ἔλαϐε
1083 1160 1299 1213 λύεσθαι
1344 1161 1404 1212 τὸ
1452 1160 1733 1213 σάϐϐατον·
1770 1157 1890 1211 ὅθεν
1928 1158 2034 1227 γὰρ

470 1259 535 1312 ἂν
568 1256 793 1325 ἄρξηταί
819 1273 919 1316 τις,
944 1255 1153 1322 ἀνάγκη
1177 1253 1235 1304 τὸ
1263 1252 1528 1304 σάϐϐατον
1551 1253 1807 1319 ἐμπεσεῖν
1834 1252 1891 1303 ἐν
1914 1251 2035 1312 ταῖς

468 1350 526 1415 ἓξ
556 1349 805 1418 ἡμέραις.
837 1347 969 1398 Τότε
1001 1345 1226 1407 σώζεται
1253 1345 1347 1413 μὲν
1374 1346 1405 1413 ἡ
1439 1342 1605 1396 Ῥαὰϐ
1635 1340 1772 1411 μετά
1793 1340 1890 1410 τῆς
1915 1356 2035 1407 συγο

468 1436 682 1501 γενείας
710 1434 893 1503 αὐτῆς,
933 1434 1026 1485 καὶ
1064 1434 1202 1484 οἰκεῖ
1234 1434 1291 1484 ἐν
1320 1431 1395 1501 τῷ
1432 1431 1664 1501 Ἰσραὴλ,
1693 1431 2034 1500 ἑμπιπρᾶται

468 1524 522 1580 δὲ
553 1530 584 1596 ἡ
626 1528 779 1589 πόλις
802 1527 894 1579 καὶ
918 1526 1389 1595 ἁναθεματίζεται,
1434 1525 1525 1577 καὶ
1552 1523 1898 1594 κατηράσατο
1934 1522 2036 1593 Ἰη-

470 1620 596 1682 σοῦς
625 1617 703 1686 τῷ
727 1617 1095 1688 οἰκοδομοῦντι
1133 1618 1322 1686 αὐτήν,
1352 1617 1616 1685 Ἐκλεψεν
1666 1618 1730 1669 ἐκ
1775 1617 1869 1669 τοῦ
1905 1619 2029 1670 ἁνα-

469 1712 701 1780 θέματος
730 1711 927 1781 Ἀχαρ.
964 1710 1056 1762 κα)⁸
1084 1710 1307 1779 ἡττᾶται
1333 1709 1360 1761 6
1387 1709 1513 1772 λαὸς
1534 1707 1853 1779 προσϐαλὼν
1876 1709 2036 1778 ἑτέρα

470 1808 641 1861 πόλει.
677 1808 859 1860 Δεῖται
896 1806 987 1858 τοῦ
1028 1804 1161 1858 Θεοῦ
1208 1805 1431 1875 Ἰησοῦς,
1469 1805 1678 1859 κελεύει
1719 1807 1747 1859 6
1787 1802 1915 1867 Θεὸς
1948 1800 2037 1867 ἐξ·

468 1898 699 1968 αροῆναι
722 1896 781 1949 τὸ
808 1895 1075 1965 ἀνάθεμα.
1118 1895 1417 1965 Ἂνεδείχθη
1439 1897 1467 1949 6
1486 1896 1681 1966 Ἀχαρ,
1709 1894 1942 1965 ἠλέγχθη
1977 1894 2037 1946 τὸ

466 1992 710 2060 κλέμμα,
745 1988 1090 2059 ἐλιθοϐολὴθη
1135 1988 1270 2059 μετά
1306 1989 1413 2042 τῶν
1451 1988 1580 2041 υἱῶν
1606 1989 1700 2041 καὶ
1727 1987 2036 2057 θυγατέρων

465 2084 494 2135 6
535 2084 731 2151 Ἀχαρ.
779 2080 1175 2149 Ἀνεμαχέσατο
1214 2079 1420 2148 Ἰησοῦς
1443 2077 1539 2149 τὴν
1572 2078 1769 2149 μάχην,
1803 2079 1896 2131 καὶ
1929 2066 2036 2129 εἷλε

466 2175 562 2243 τὴν
586 2173 783 2237 Γάζαν,
812 2173 905 2224 καὶ
927 2171 1235 2241 ἐνεπύρισε·
1261 2170 1354 2223 καὶ
1376 2168 1568 2223 ἔπεσον
1592 2172 1647 2222 ἐν
1670 2171 1806 2240 αὐτῇ
1830 2170 2039 2223 δώδεκα

467 2263 722 2332 χιλιάδες·
757 2264 849 2316 καὶ
886 2263 976 2315 τὸν
1009 2261 1229 2331 βασιλέα
1253 2263 1352 2333 τῆς
1380 2262 1585 2323 πόλεως
1610 2261 1918 2331 ἐκρέμασαν
1945 2261 2037 2314 ἐπὶ
2064 2326 2067 2331 η

468 2356 644 2421 ξύλου.
669 2356 1021 2427 Συνέρχονται
1047 2355 1349 2426 πολεμῆσαι
1372 2354 1462 2409 τὸν
1494 2352 1707 2425 Ἰσραὴλ
1732 2357 1777 2406 οἱ
1805 2355 2037 2424 βασιλεῖς

464 2447 575 2500 τῶν
616 2448 957 2520 Ἀμορραίων
989 2447 1083 2502 καὶ
1112 2446 1452 2511 Χαναναίων,
1491 2451 1583 2500 καὶ
1621 2449 1668 2500 οἰ
1712 2445 1908 2521 λοιποί.
1941 2448 2035 2499 Οἰ-

466 2540 687 2610 κοδομεῖ
717 2538 923 2609 Ἰησοῦς
953 2540 1334 2610 θυσιαστήριον
1353 2541 1416 2592 ἐκ
1431 2539 1591 2593 λίθων
1620 2538 1927 2609 ὁλοκλήρων
1945 2539 2038 2592 καὶ

464 2633 666 2702 γράφει
690 2632 752 2685 τὸ
781 2633 1193 2703 Δευτερονόμιον
1222 2630 1355 2685 ἐκεῖ.
1385 2632 1495 2686 Καὶ
1524 2634 1572 2685 οἰ
1609 2632 1825 2702 ἡμίσεις
1859 2632 2039 2684 ἵσταν-

462 2735 554 2773 ται
584 2720 809 2789 πλησίον
833 2718 926 2774 τοῦ
964 2721 1122 2792 ὅρους
1146 2719 1339 2783 Γεϐἀλ,
1369 2722 1462 2774 καὶ
1490 2720 1538 2775 οἰ
1572 2722 1787 2792 ἡμίσεις
1814 2717 2036 2791 πλησίον

463 2811 558 2865 τοῦ
589 2812 747 2883 6900;
783 2812 1025 2883 Γαριζίν.
1069 2813 1347 2867 Ἐντεῦθεν
1375 2813 1443 2867 τὰ
1486 2814 1626 2867 κατά
1662 2815 1786 2877 τοὺς
1813 2813 2036 2868 Γαϐαωο

465 2903 636 2966 νίτας.
669 2896 827 2955 Οὗτοι
863 2903 972 2973 γὰρ
1004 2904 1332 2967 ἀκούσαντες
1363 2905 1491 2977 περὶ
1521 2904 1629 2959 τῶν
1668 2905 2032 2977 Ἰσραηλιτῶν,

465 2993 560 3047 καί⁵
582 2992 908 3062 φοϐηθέντες
937 2992 1132 3057 αὐτοὺς
1153 2994 1210 3060 ἐξ
1229 2987 1303 3047 ὧν
1322 2994 1422 3065 ἤδη
1445 2990 1810 3065 κατώρθωσαν
1838 2998 1895 3050 ἐν
1922 2998 2036 3060 τοῖς

466 3083 766 3154 πολεμίοις,
794 3082 1039 3155 ἔρχονται
1063 3082 1197 3155 πρὸς
1226 3085 1439 3149 αὐτοὺς,
1464 3085 1666 3139 παλαιά
1690 3086 2034 3159 περιθέμενοι

466 3171 679 3243 ἰμάτια,
700 3171 895 3244 ἄρτους
916 3172 1295 3244 ἐπιφερόμενοι
1318 3173 1536 3246 ξηροὺς,
1571 3176 1828 3230 σανδάλια
1856 3192 2031 3231 πεπα-

465 3263 761 3334 λαιωμένα,
786 3263 879 3317 καί
901 3281 1031 3335 φασι
1054 3265 1191 3336 πρὸς
1216 3265 1308 3319 τὸν
1334 3264 1480 3329 λαὸν,
1506 3268 1587 3320 ὄτι
1610 3269 1674 3320 ἐκ
1696 3268 1801 3339 γῆς
1824 3268 2036 3341 πόρρω-

465 3357 557 3412 θεν
585 3357 797 3428 ἥκουσι,
830 3357 923 3410 καὶ
952 3359 1176 3428 σημεῖον
1214 3356 1310 3411 τοῦ
1349 3358 1536 3430 πόρρω
1576 3360 1766 3423 οἰκεῖν,
1806 3360 1873 3413 τὰ
1905 3362 2035 3431 ἰμά-

464 3468 573 3511 τια,
613 3449 708 3503 καὶ
755 3450 882 3511 τοὺς
927 3449 1144 3519 ἄρτους,
1188 3451 1281 3503 καὶ
1332 3450 1400 3503 τὰ
1440 3450 1695 3505 σανδάλια
1735 3449 2031 3506 ἐποιοῦντο.

478 3544 567 3596 Ἐν
599 3541 707 3612 γὰρ
735 3544 799 3613 τῇ
833 3540 938 3613 όδῷ
963 3541 1102 3597 αὐτὰ
1134 3541 1546 3596 πεπαλαιῶσθαι
1572 3543 1775 3611 ἔλεγον·
1804 3546 1958 3615 ἥκειν
1978 3546 2036 3600 δὲ

464 3636 557 3689 ἐπὶ
590 3634 668 3706 τῷ
706 3635 978 3706 συνθήκας
1015 3634 1341 3706 ποιήσασθαι
1371 3635 1509 3705 πρὸς
1549 3636 1745 3700 αὐτοὺς
1791 3638 2033 3708 εἰρήνης.

465 3728 527 3780 Οί
564 3726 620 3779 δὲ
669 3726 743 3798 μὴ
778 3726 1025 3798 ὲρόμενοι
1063 3726 1155 3780 τὸν
1193 3726 1345 3791 Θεὸν,
1390 3728 1712 3799 ἐποιήσαντο
1743 3729 2033 3799 συνθήκας.

475 3819 564 3880 Ὧς
590 3819 647 3872 δὲ
674 3818 917 3886 ἔγνωσαν
950 3818 1307 3890 ἠπατημένοι,
1340 3819 1433 3873 καὶ
1463 3820 1544 3874 ὅτι
1572 3820 1633 3873 o6
1662 3820 1867 3891 πόρρω.
1900 3820 2036 3875 ἀλλὰ

467 3912 693 3983 πλησίον
725 3910 953 3974 οἰκοῦσι,
1002 3910 1077 3981 μὴ
1106 3910 1395 3980 δυνάμενοι
1426 3912 1625 3975 αὐτοὺς
1657 3913 2030 3982 καταπολεμῆο

468 4024 559 4060 σαι
600 4004 686 4059 διὰ
722 4006 848 4068 τοὺς
874 4004 1091 4073 ὅρκους,
1120 4002 1339 4067 δούλους
1360 4004 1682 4073 ἐποιήσαντο
1712 4005 2036 4069 ξυλοκόπους

466 4114 526 4150 τε
560 4096 654 4150 καὶ
690 4094 1036 4165 ὑδροφόρους.
1079 4094 1342 4147 Ἐνταῦθα
1385 4095 1625 4147 ἐκϐαίνει
1658 4097 1691 4164 ἡ
1734 4096 2037 4167 πρόρρησις

464 4187 558 4241 τοῦ
591 4186 734 4251 Νῶε,
766 4189 832 4257 ἢν
864 4181 1004 4239 εἶπε·
1032 4187 1273 4240 Χαναὰν
1294 4186 1434 4251 παῖς
1461 4186 1713 4253 οἰκέτης·
1750 4188 1806 4254 ἐξ
1829 4189 2034 4242 ἐκείνου

464 4282 573 4353 γάρ
626 4282 762 4334 εἰσιν
821 4272 987 4333 οὗτοι.
1046 4281 1315 4334 Ἤκουσεν
1377 4280 1729 4343 Ἀδωνιϐεζέκ
1787 4280 2035 4350 βασιλεὺς

480 4371 850 4443 Ἰερουσαλὴμ,
885 4370 1035 4443 [5401
1063 4372 1143 4425 ὅτι
1177 4371 1319 4425 ἑάλω
1358 4371 1565 4442 Ἰεριχὼ
1603 4374 1693 4425 καὶ
1734 4374 1900 4438 Γάζα,
1942 4375 2035 4427 καὶ

465 4466 548 4518 ὅτι
597 4463 972 4534 ηὐτομόλησαν
1012 4465 1061 4516 οἱ
1103 4464 1459 4525 Γαϐαωνῖται,
1513 4464 1604 4516 καὶ
1656 4465 2033 4534 ἐπιστρατεύει

466 4558 551 4610 ἐπ’
580 4556 777 4618 αὐτοὺς
815 4560 950 4626 μετὰ
974 4558 1065 4608 καὶ
1091 4557 1292 4626 ἐτέρων
1329 4555 1608 4625 βασιλέων.
1638 4560 1698 4610 Ui
1727 4557 1782 4610 δὲ
1808 4558 2033 4611 ἐκάλουν

465 4652 544 4711 εἰς
589 4649 900 4718 συμμαχίαν
942 4648 1032 4700 τὸν
1068 4648 1294 4717 Ἰησοῦν.
1328 4644 1498 4701 ’Ἦλθε
1536 4649 1592 4701 δὲ
1626 4651 1719 4702 καὶ
1752 4649 2031 4711 συνέϐαλε,

465 4737 560 4791 καὶ
593 4736 855 4807 ἐτρέψατο
884 4736 1096 4798 αύτούς·
1125 4737 1215 4789 καὶ
1244 4737 1445 4790 ἄνωθεν
1478 4739 1564 4789 ἐπ’
1591 4738 1784 4798 αὐτοὺς
1826 4736 2032 4805 χάλαζα

466 4830 795 4900 κατηνέχθη·
823 4829 916 4881 καὶ
957 4828 1173 4890 πλείους
1204 4829 1409 4881 ἀνεῖλεν
1439 4831 1470 4899 ἡ
1504 4827 1731 4898 χάλαζα,
1773 4827 1804 4897 ἢ
1838 4829 1885 4880 οἱ
1928 4829 2032 4880 υἱοὶ

474 4922 689 4992 Ἰσραὴλ
732 4923 788 4973 ἐν
839 4919 1099 4991 μαχαίρᾳ.
1142 4921 1273 4973 Τότε
1323 4920 1450 4989 ἔστη
1496 4923 1523 4972 ὁ
1561 4921 1709 4989 ἥλιος
1756 4919 1894 4972 κατὰ
1928 4920 2033 4973 Γα-

462 5011 633 5072 ϐαὼν,
660 5011 751 5063 καὶ
777 5013 809 5080 ἡ
844 5009 1035 5078 σελήνη
1061 5009 1199 5061 κατά
1222 5009 1477 5078 φάραγγα
1511 5009 1709 5078 Ἐλώμ·
1739 5009 1830 5061 καὶ
1856 5010 2031 5062 πάντα

461 5103 571 5155 τῶν
603 5100 811 5173 ἐχθρῶν
838 5100 928 5152 τὸν
962 5099 1088 5151 λαὸν
1118 5100 1432 5153 ἀπέκτεινεν
1466 5099 1688 5171 Ἰησοῦς,
1738 5101 1831 5152 καὶ
1873 5102 2031 5156 πέντε

465 5195 721 5263 βασιλεῖς.
754 5190 879 5246 Εἷλε
911 5193 965 5244 δὲ
1012 5192 1102 5244 καὶ
1148 5192 1244 5261 τὴν
1279 5192 1533 5260 Μακηλά,
1568 5193 1660 5245 καὶ⁹
1688 5192 1784 5262 τὴν
1830 5193 2029 5257 Λοϐνὰ,

464 5284 557 5336 καὶ
606 5282 705 5352 τὴν
746 5282 935 5350 Λαχὶς,
973 5282 1065 5333 καὶ
1102 5280 1197 5349 τὴν
1241 5280 1472 5341 Ὀδολάν,
1514 5282 1607 5334 καὶ
1645 5281 1741 5350 τὴν
1785 5281 2027 5351 Χεϐρὼν,

462 5371 558 5421 καὶ
598 5370 694 5429 τὴν
739 5369 939 5439 Δαϐὴρ,
975 5368 1068 5421 καὶ
1105 5368 1203 5436 τὴν
1245 5366 1478 5436 ὀρεινὴν,
1523 5369 1617 5420 καί
1660 5368 1757 5437 τὴν
1786 5370 2024 5437 πεδινήν.

464 5454 728 5520 Συνῆλθον
761 5456 934 5526 ἕτερον.
972 5455 1208 5524 βασιλεῖς
1257 5454 1440 5508 πολλοὶ
1486 5455 1622 5525 μετά
1657 5457 2027 5524 στρατοπέδων

467 5540 736 5608 μεγάλων,
772 5544 865 5595 καὶ
912 5543 1133 5607 τούτους
1176 5538 1315 5595 εἶλεν
1364 5543 1586 5611 Ἰησοῦς.
1636 5544 1916 5611 Ἕγκειται
1970 5543 2027 5595 δὲ

2133 333 2383 405 ἀριθμός.
2421 339 2826 407 Προστάσσεται
2853 344 2909 396 δὲ
2944 343 3151 413 Ἰησοῦς
3180 344 3450 399 διαδοῦναι
3476 347 3577 418 τὴν
3604 350 3700 420 γῆν

2130 428 2243 491 τοῖς
2277 428 2652 499 Ἰσραηλίταις.
2683 433 2791 486 Καὶ
2813 434 3097 505 διαγράφει
3128 436 3209 499 τίς
3228 436 3367 506 φυλὴ
3394 438 3550 501 τίνας
3576 439 3703 509 κλή-

2134 535 2262 588 ρους
2300 519 2481 583 έλαϐε,
2520 523 2614 575 καὶ
2646 525 2760 584 τοῖς
2783 525 3035 588 Λευΐταις
3061 525 3112 577 τί
3140 525 3285 595 δοθῇ.
3330 526 3703 598 Ἐκπέμπεται

2144 609 2349 681 Ἰησοῦς
2382 613 2481 684 τὴν
2514 614 2685 685 φυλὴν
2712 616 2937 687 Ῥουϐὶμ
2964 618 3059 670 καὶ
3079 618 3174 686 τὴν
3200 619 3304 673 Γὰδ
3331 621 3424 673 καὶ
3446 619 3506 671 τὸ
3534 620 3702 690 ἥμισυ

2134 703 2313 773 φυλῆς
2335 707 2601 775 Μανασσῆ
2629 708 2707 769 εἰς
2740 708 2866 771 τοὺς
2898 709 3127 779 κλήρους
3158 710 3354 775 αὐτῶν,
3384 711 3479 774 οὓς
3512 712 3703 765 ἔλαϐον

2132 793 2213 846 ἔτι
2259 791 2458 859 ζῶντος
2498 798 2793 862 Μωῦσέως.
2843 801 2903 851 Οἱ
2948 799 3006 852 δὲ
3049 800 3388 862 ἀπελθόντες,
3431 800 3581 869 παρὰ
3611 802 3704 854 τὸν

2146 885 2415 957 Ἰορδάνην
2466 886 2820 959 ᾠκοδόμησαν
2862 890 3060 960 βωμόν.
3105 890 3365 961 Ἐτάραξε
3411 891 3573 944 τοῦτο
3605 891 3705 955 τὰς

2132 975 2296 1038 ἄλλας
2348 977 2537 1044 φυλάς.
2580 979 2765 1049 ’ῼοντο
2810 980 2918 1050 γάρ
2965 966 3298 1044 ἀποστασίας
3330 980 3512 1034 ἕνεκεν
3549 982 3707 1034 τοῦτο

2132 1069 2489 1138 πεποιηκέναι
2529 1070 2742 1133 αύτούς.
2788 1070 3071 1140 Πέμπουσι
3122 1072 3258 1140 πρὸς
3303 1073 3499 1135 αὐτοὺς
3538 1073 3707 1139 ἐγκα-

2132 1157 2368 1221 λοῦντες·
2400 1161 2448 1211 οἰ
2470 1160 2525 1212 δὲ
2556 1161 2914 1229 ἀπελογοῦντο
2935 1161 3201 1230 λέγοντες,
3232 1163 3330 1215 οὐκ
3368 1164 3708 1226 ἀποστασίας

2132 1249 2317 1303 ἕνεκεν
2370 1251 2719 1322 οἰκοδομῆσαι
2753 1253 2843 1306 τὸν
2886 1254 3088 1324 βωμόν·
3126 1254 3238 1308 ἀλλ’
3271 1256 3355 1307 ῖνα
3392 1255 3466 1325 μὴ
3511 1254 3710 1324 ἔχωσιν

2131 1342 2181 1394 οί
2207 1342 2322 1411 μεθ’
2344 1343 2486 1412 ὑμᾶς
2510 1345 2787 1415 γενόμενοι
2808 1347 2933 1409 τοὺς
2954 1346 3254 1416 ἡμετέρους
3281 1348 3427 1409 υἱοὺς
3450 1350 3528 1410 ὡς
3552 1347 3711 1400 ἀλλο-

2131 1434 2313 1504 τρίους
2343 1436 2441 1505 τῆς
2476 1436 2684 1489 ἑαυτῶν
2717 1437 3052 1505 συγγενείας,
3083 1438 3169 1490 διὰ
3204 1438 3264 1491 τὸ
3304 1439 3396 1491 τὸν
3431 1439 3711 1510 Ἰορδάνην

2137 1526 2299 1595 μέσον
2330 1526 2605 1598 ἑκατέρων
2645 1516 2775 1598 ῥεῖν·
2804 1529 3021 1582 ἀλλ’ἵνα
3108 1530 3135 1581 6
3171 1528 3351 1599 βωμὸς
3382 1531 3462 1591 εἰς
3494 1529 3713 1599 μαρτύ-

2134 1634 2268 1684 ριον,
2302 1618 2395 1670 καὶ
2442 1616 2517 1688 μὴ
2542 1616 2703 1687 ἔχωσι
2729 1618 2906 1686 λέγειν
2934 1618 3001 1672 τὰ
3027 1620 3191 1673 τέκνα
3222 1620 3375 1688 ὑμῶν
3402 1623 3517 1683 τοῖς
3547 1621 3713 1688 ἐγγό-

2134 1724 2244 1769 νοις
2275 1708 2450 1778 ἡμῶν,
2471 1708 2583 1761 Ούκ
2616 1708 2761 1763 ἔστιν
2788 1712 2914 1781 ὑμῖν
2946 1712 3099 1781 μερὶς
3140 1713 3364 1781 Κυρίου.
3413 1710 3711 1782 Ἐπείσθη-

2136 1815 2231 1850 σαν
2261 1799 2457 1868 μηκέτι
2489 1800 2794 1871 πολεμῆσαι
2831 1802 3025 1867 αὐτοὺς
3054 1804 3109 1856 αἰ
3138 1803 3322 1856 λοιπαὶ
3356 1803 3539 1871 φυλαί.
3572 1804 3709 1856 Τότε

2136 1892 2395 1957 συγκαλεῖ
2410 1894 2535 1957 τοὺς
2567 1892 2901 1965 Ἰσραηλίτας
2931 1894 3156 1967 Ἰησοῦς,
3182 1896 3275 1949 καὶ
3298 1897 3713 1967 ὑπομιμνήσκει

2133 1979 2327 2046 αὐτοὺς
2365 1983 2473 2038 τῶν
2509 1986 2602 2039 τοῦ
2642 1986 2775 2039 Θεοῦ
2808 1987 3153 2059 εὐεργεσιῶν,
3184 1987 3277 2041 καὶ
3321 1990 3575 2058 παραινεῖ
3605 2006 3714 2057 φυ-

2132 2072 2346 2128 λάττειν
2375 2076 2467 2130 τὸν
2496 2078 2678 2148 νόμον,
2711 2079 2807 2133 καὶ
2838 2079 3093 2149 προλέγει
3121 2078 3191 2132 τά
3221 2078 3570 2149 διαδεξόμενα
3608 2080 3714 2133 αῦ-

2132 2166 2259 2229 τοὺς
2288 2170 2453 2228 κακὰ,
2484 2170 2534 2221 εἰ
2564 2170 2637 2240 μὴ
2668 2170 2969 2239 φυλάξειεν,
2998 2172 3091 2226 καὶ
3124 2173 3365 2242 τελευτᾷ.
3394 2172 3630 2241 Τελευτᾷ
3650 2164 3713 2225 δὲ

2134 2258 2229 2309 καὶ
2267 2257 2529 2330 Ἐλεάζαρ
2569 2262 2597 2312 6
2632 2261 2829 2330 ἱερεὺς,
2858 2264 2951 2316 καί¹
2995 2264 3273 2331 ίεράτευσε
3304 2264 3487 2326 Φινεὲς
3531 2263 3561 2315 6
3591 2263 3714 2326 υἱὸς

2133 2349 2297 2403 αὐτοῦ
2325 2351 2437 2404 ἀντ’
2460 2352 2643 2406 αὐτοῦ.
2673 2354 2783 2407 Καὶ
2813 2354 3277 2427 εἰδωλολάτρησαν
3303 2368 3330 2397 ι
3355 2358 3403 2409 οἰ
3439 2355 3715 2425 Ἰσραηλῖ-

2131 2455 2243 2505 ται,
2282 2442 2377 2495 καὶ
2398 2443 2770 2514 παρεδόθησαν
2797 2445 2875 2515 τῷ
2902 2446 3128 2516 Αἰγλὼμ
3154 2448 3365 2517 βασιλεῖ
3387 2448 3583 2512 Μωὰϐ,
3612 2448 3715 2502 καὶ

2132 2532 2551 2603 κατεκυρίευσεν
2577 2536 2754 2590 αὐτῶν
2783 2536 2878 2608 ἐτη
2909 2538 3207 2593 δεκαοκτώ.

2572 2704 2837 2775 Σύνοψις
2867 2705 2985 2760 τῶν
3019 2705 3268 2776 Κριτῶν.

2216 2842 2476 2903 Ἐνταῦθα
2508 2851 2683 2906 κεῖται
2729 2850 2889 2917 ποίας
2922 2854 3020 2925 μὲν
3048 2850 3231 2919 πόλεις
3264 2848 3427 2919 εἷλον,
3454 2856 3613 2920 ποίας
3646 2848 3713 2910 δὲ

2130 2939 2346 3011 ἀφῆκαν
2382 2942 2549 3011 φόρου
2575 2943 2841 3008 ἐπιτελεῖς
2867 2946 3048 3009 αὐτοῖς
3077 2942 3216 3000 εἶναι
3254 2948 3305 3000 οί
3349 2947 3709 3019 Ἰσραηλῖται.

2130 3032 2712 3104 Καταμαλακισθέντες
2735 3037 2845 3108 γὰρ
2874 3038 3013 3109 πρὸς
3037 3040 3163 3103 τοὺς
3198 3038 3293 3094 τοῦ
3333 3039 3573 3110 πολέμου
3612 3042 3713 3095 πό·

2130 3141 2273 3189 νους,
2304 3127 2620 3198 παρέϐησαν
2668 3127 2728 3183 τὸ
2765 3130 3092 3204 πρόσταγμα
3127 3131 3222 3186 τοῦ
3252 3133 3410 3197 Θεοῦ,
3445 3130 3711 3187 κελεῦσαν

2131 3215 2339 3275 πάντας
2376 3218 2652 3284 παντελῶς
2676 3220 2845 3291 ἄρδην
2882 3222 3264 3293 ἀφανισθῆναι.
3304 3220 3511 3279 *Ηλθεν
3541 3227 3713 3295 ἄγγε-

2128 3307 2218 3373 λος
2241 3311 2392 3382 παρὰ
2421 3312 2623 3383 Κυρίου
2650 3314 2787 3386 πρὸς
2812 3317 2938 3379 τοὺς
2971 3316 3327 3388 Ἰσραηλίτας,
3356 3318 3451 3373 καὶ
3480 3319 3712 3389 ἡλεγξεν

2128 3398 2308 3453 αὐτῶν
2362 3403 2461 3472 τὴν
2505 3407 2866 3476 παρανομίαν.
2914 3406 3047 3462 Δέον
3096 3408 3228 3480 γὰρ,
3278 3410 3434 3479 φησὶ,
3497 3410 3712 3475 πάντας

2128 3492 2511 3562 ἀφανισθῆναι,
2543 3494 2701 3563 ὑμεῖς
2728 3494 2783 3547 δὲ
2817 3496 2911 3549 καὶ
2944 3495 3217 3567 συνθήκας
3243 3495 3429 3549 ἔθεσθε
3450 3498 3591 3567 πρὸς
3620 3494 3714 3551 αύ-

2128 3582 2272 3645 τούς·
2300 3583 2389 3637 διὰ
2408 3584 2566 3638 τοῦτο
2590 3587 2689 3640 οὐκ
2714 3586 3082 3658 ἑξολοθρεύσει
3106 3588 3135 3642 6
3160 3588 3292 3649 Θεὸς
3318 3588 3387 3640 τὰ
3418 3588 3711 3643 ὑπολειπό-

2133 3689 2270 3741 μενα
2306 3672 2453 3744 ἔθνη.
2478 3673 2663 3729 Ταῦτα
2687 3677 3018 3740 ἀκούσαντες
3048 3677 3312 3732 ἔκλαυσαν
3339 3677 3705 3749 ὁμοθυμαδὸν,

2131 3764 2223 3817 καὶ
2252 3765 2542 3836 Κλαυθμὸς
2579 3770 2607 3821 6
2635 3768 2797 3832 τόπος
2823 3769 3045 3841 ἐκλήθη.
3078 3771 3185 3822 Καὶ
3217 3767 3573 3840 παρηνόμουν
3612 3772 3708 3823 καὶ

2130 3856 2539 3928 εἰδωλολάτρουν
2561 3861 2818 3929 συνεχῶς,
2847 3863 2939 3914 καὶ
2962 3862 3303 3933 παρεδίδοντο
3324 3864 3438 3925 τοῖς
3467 3863 3707 3933 ἐχθροῖς.

2131 3947 2223 3999 καὶ
2248 3946 2652 4018 ἀπηλλάσσοντο
2676 3950 2773 4019 τῆς
2793 3950 3054 4014 δουλείας,
3082 3953 3175 4004 καὶ
3202 3950 3361 4003 πάλιν
3386 3955 3501 4013 τοῖς
3524 3953 3706 4012 αὐτοῖς

2131 4041 2391 4110 ἐπέμενον
2419 4045 2627 4105 κακοῖς.
2664 4045 3044 4115 Παρεδόθησαν
3074 4045 3293 4117 Χουσὰρ
3322 4043 3511 4098 Σαθὼν
3545 4045 3574 4084 ι)
3611 4045 3708 4114 βα-

2132 4134 2267 4186 σιλεῖ
2302 4135 2499 4205 Συρίας
2536 4134 2630 4205 ἔτη
2676 4142 2746 4203 η’,
2790 4136 2883 4189 κα)⁸
2918 4136 3121 4189 ἔσωσεν
3159 4136 3354 4199 αὐτοὺς
3383 4137 3590 4207 Κύριος
3617 4137 3708 4190 διὰ

2132 4224 2279 4297 [541]
2326 4226 2586 4297 Γοθονοὴλ
2634 4226 2727 4280 τοῦ
2780 4228 2989 4297 κριτοῦ.
3049 4229 3158 4281 Καὶ
3204 4228 3581 4299 παρεδόθησαν
3626 4227 3705 4298 τῷ

2142 4319 2360 4391 Ἐγλὼμ
2400 4321 2609 4391 βασιλεῖ
2636 4320 2831 4386 Μωάϐ,
2862 4323 2955 4375 καὶ
2983 4322 3216 4393 ἔκραξαν
3248 4322 3384 4393 πρὸς
3421 4321 3514 4374 τὸν
3547 4322 3702 4387 Θεὸν,

2131 4413 2223 4466 καὶ
2277 4413 2492 4483 ἤγειρεν
2541 4413 2722 4474 αὐτοῖς
2790 4413 2943 4477 Ἀὼδ,
2993 4415 3139 4477 ὅστις
3200 4414 3336 4484 δόλῳ
3384 4413 3562 4465 ἀνεῖλε
3612 4414 3703 4465 τὸν

2143 4504 2356 4573 Ἐγλὼμ
2386 4504 2479 4557 καὶ
2503 4504 2593 4556 τὸν
2620 4504 2812 4557 Μωάϐ.
2837 4505 2989 4557 Μετά
3010 4504 3195 4556 τοῦτον
3218 4504 3398 4574 ἔκρινε
3423 4504 3701 4575 Σομεγᾶρ,

2128 4595 2348 4662 Δεϐώρα
2370 4608 2416 4658 ε,
2453 4595 2587 4665 γυνὴ
2633 4600 2920 4666 προφῆτις.
2962 4596 3325 4649 Δουλευόντων
3360 4595 3416 4647 δὲ
3445 4596 3523 4666 τῷ
3552 4597 3703 4666 βασι-

2128 4689 2207 4741 λεί
2254 4688 2471 4740 Χαναὰν
2516 4687 2624 4740 τῶν
2662 4688 3026 4758 Ἰσραηλιτῶν,
3067 4687 3273 4741 κελεύει
3320 4687 3403 4757 τῷ
3440 4688 3630 4758 Βαράκ
3668 4690 3702 4756 ἡ

2129 4780 2349 4851 Δεϐώρα
2385 4780 2753 4849 στρατηγῆσαι
2779 4780 2869 4832 τὸν
2898 4779 3151 4847 πόλεμον.
3192 4780 3249 4831 Ὀ
3274 4779 3332 4833 δὲ
3361 4781 3462 4831 οῦκ
3488 4780 3700 4849 ἠνείχε-

2128 4891 2206 4937 το,
2241 4874 2287 4924 εἰ
2321 4872 2394 4942 μὴ
2424 4874 2518 4925 καί
2546 4872 2683 4942 αύτὴ
2720 4872 3020 4939 συνεξέλθοι
3047 4871 3213 4943 αὐτῷ·
3248 4872 3341 4925 καὶ
3375 4873 3701 4941 συνεξῆλθεν
3732 4914 3743 4948 ε

2127 4967 2160 5035 ἡ
2203 4965 2358 5033 γυνή.
2395 4963 2689 5035 Γενομένου
2737 4964 2792 5017 δὲ
2840 4963 2930 5017 τοῦ
2989 4964 3245 5033 πολέμου,
3303 4965 3596 5033 φεύγουσιν
3652 4954 3743 5017 δί’

2128 5056 2395 5124 πολέμιοι,
2425 5054 2517 5107 καὶ
2546 5056 2573 5106 6
2604 5054 2903 5125 στρατηγὸς
2937 5054 3099 5116 Ἰαϐὶς
3133 5056 3337 5124 Σισάρα
3365 5054 3534 5107 ἐλθὼν
3565 5058 3723 5127 πρός,

2191 5213 2215 5239 ¹¹
2241 5210 2293 5258 In
2333 5210 2649 5272 Lugdunensi
2679 5211 2862 5268 legitur
2903 5210 2982 5257 καὶ
3024 5208 3466 5271 εἰδωλο).ατροῦσιν.
3510 5211 3699 5261 Ibidem

2124 5287 2212 5334 pro
2238 5275 2427 5333 Λίγλὼμ
2448 5275 2627 5333 legitur
2661 5272 2863 5333 Ἐγλώμ.

2187 5332 2214 5370 ¹³
2244 5331 2531 5399 Ιιιςριίἱὶ-ἱρῃίε
2556 5331 2769 5399 Romam!
2796 5331 2976 5399 {bgitur
2998 5332 3387 5399 ξουσαρςαθαΐμ,
3406 5334 3462 5399 _in
3484 5334 3699 5399 Yulgall

2124 5397 2388 5443 secundum
2408 5396 2694 5443 llebraicam
2716 5392 2969 5455 verilélem
2985 5392 3174 5444 Chusari
3188 5392 3480 5444 Rasalhaim.
3501 5392 3701 5455 Inﬁdu-

2124 5459 2624 5529 [ιεξηξεε[ιι-,εενηυὶιηυνζ
2650 5454 2978 5529 ςὶοίειὶιιὶιιιιυε
3005 5468 3120 5504 vero
3156 5455 3309 5503 habet
3333 5458 3537 5505 Χουσὰϐ
3563 5454 3697 5522 Σύρῳ

2124 5518 2305 5580 βασιλεῖ
2329 5518 2507 5580 Συρίας.
2534 5518 2625 5565 Καὶ
2650 5519 2851 5580 ἔσωσεν.

2182 5582 2203 5608 ε
2233 5578 2284 5626 lu
2310 5577 2638 5643 mailuscriplo
2659 5578 2856 5631 Coislin.
2890 5577 2970 5628 hic
2990 5578 3215 5641 Δεϐϐώρα
3240 5577 3447 5639 legitur,
3470 5586 3525 5631 et
3548 5578 3699 5643 paulo

462 5625 639 5679 αὐτῶν
668 5630 895 5682 ἐνταῦθα
926 5631 1017 5683 καὶ
1048 5630 1115 5683 τὰ
1146 5630 1383 5701 ὀνόματα
1415 5630 1506 5683 καὶ
1543 5631 1599 5684 αἰ
1640 5630 1844 5690 πόλεις,
1873 5634 1963 5684 καί
1996 5629 2023 5680 6
2120 5625 2466 5702 ροδιΔεϐώρα.
