4102 6322
367 348 473 430 53‘:

362 489 537 548 erant,
566 489 623 538 et
642 488 797 553 reges
824 477 1128 550 Phreuices,
1154 495 1250 539 eos
1281 482 1426 538 sicco
1466 482 1602 553 pede
1641 481 1954 538 transivisse

362 572 679 638 Iordanem,
719 573 983 637 exterriti,
1025 574 1367 643 perculsique
1394 583 1538 627 sunt.
1595 573 1747 629 'I‘unc
1796 573 1956 630 Iesus

359 664 545 733 jussus
570 663 759 718 cultris
792 663 1016 734 lapideis
1037 664 1372 719 circumcidit
1396 664 1631 720 Iudteos.
1659 664 1791 733 Quia
1821 680 1953 735 qua-

360 753 606 823 draginta
631 754 787 808 anuis
818 764 1060 809 versatus
1086 753 1258 809 fuerat
1281 751 1448 810 Israel
1476 755 1528 809 in
1555 755 1791 822 deserto,
1814 757 1956 812 ideo-

367 859 477 914 que
497 844 651 899 multi
679 860 865 899 eorum
894 846 1229 912 bellatorum,
1261 847 1351 917 qui
1375 848 1638 914 obierant,
1672 850 1954 905 incircum-

365 936 463 991 cisi
511 946 663 991 erant
685 934 761 1007 (α)
787 953 802 1003 ;
831 947 929 1007 pro
952 937 1058 991 illis
1081 938 1357 993 substituit
1393 938 1537 993 Deus
1562 940 1700 995 filios
1725 948 1912 995 eorum
1932 982 1947 1006 ,

366 1044 503 1100 quos
525 1028 680 1085 Iesus
695 1030 1197 1100 circnmcidit,quod
1225 1032 1322 1102 ipsi
1346 1031 1703 1087 incircumcisi
1727 1033 1954 1087 mansis-

366 1129 489 1176 sent
514 1120 566 1174 in
592 1122 711 1187 via.
729 1121 877 1176 Tunc
907 1120 1029 1175 fecit
1051 1121 1270 1191 pascha.
1296 1121 1366 1176 Et
1398 1136 1429 1177 a
1457 1122 1544 1177 die
1572 1137 1673 1191 qua
1692 1121 1946 1178 comede-

366 1221 496 1267 runt
535 1223 720 1283 azyma
748 1227 811 1267 ex
851 1211 1115 1267 frumento
1145 1221 1301 1267 teme
1324 1212 1485 1279 illius,
1510 1212 1709 1268 defecit
1734 1228 1950 1268 manna.

365 1302 592 1357 Iubetur
615 1301 770 1357 Iesus
798 1303 1008 1357 solvere
1032 1303 1449 1358 calceantentum
1478 1318 1655 1368 suum,
1678 1312 1734 1359 et
1756 1304 1953 1360 circui-

367 1412 427 1451 re
449 1394 663 1451 Iericho
682 1410 803 1449 cum
830 1395 969 1451 tubis
994 1405 1046 1450 et
1068 1410 1190 1450 arca
1215 1403 1420 1465 septem
1445 1396 1650 1452 diebus.
1677 1396 1796 1464 Quo
1825 1413 1950 1467 per-

363 1499 511 1554 acto,
540 1500 633 1557 per
670 1500 729 1541 se
765 1488 902 1541 muri
931 1486 1257 1542 ceciderunt.
1304 1486 1640 1543 Manifestum
1662 1489 1840 1559 itaque
1869 1497 1953 1544 est

360 1577 473 1647 jam
501 1585 626 1631 tunc
657 1586 892 1646 carptum
912 1591 1034 1633 esse
1058 1577 1192 1632 solvi
1231 1576 1511 1632 sabbatum
1536 1595 1553 1633 :
1581 1576 1953 1648 undecumque

362 1668 507 1723 enim
536 1669 743 1723 initium
768 1670 885 1738 quis
921 1666 1102 1737 ducat,
1134 1684 1355 1725 necesse
1383 1678 1468 1725 est
1495 1669 1776 1725 sabbatum
1813 1669 1949 1725 inci-

363 1761 496 1816 dere
522 1761 575 1815 in
595 1769 798 1830 septem
827 1760 947 1816 illos
970 1760 1104 1817 dies.
1132 1761 1285 1817 Tunc
1304 1772 1551 1818 servatur
1573 1763 1785 1833 quidem
1804 1763 1953 1819 llaab

359 1866 489 1906 eum
523 1852 840 1923 cognatione
867 1866 961 1907 sua
981 1894 996 1918 ,
1018 1860 1075 1908 et
1099 1851 1302 1907 habitat
1328 1853 1381 1907 in
1408 1853 1575 1909 Israel
1594 1896 1609 1920 ,
1645 1854 1953 1910 incenditur

362 1952 542 1999 autem
570 1943 714 2010 urbs,
745 1953 798 1998 et
817 1943 1155 1999 anathemate
1180 1945 1471 2014 percutitur
1511 1963 1526 1999 :
1574 1945 1952 2015 maledixitqne

359 2035 519 2091 Iesus
539 2034 588 2090 ei
617 2034 706 2106 qui
727 2034 869 2089 illam
889 2034 1256 2091 remdiiicaret.
1286 2032 1514 2091 Furatus
1541 2044 1704 2092 estex
1728 2036 1952 2091 anathea-

363 2134 509 2180 male
537 2123 735 2193 Achar,
763 2133 816 2180 et
832 2125 1057 2180 vincitur
1094 2126 1321 2195 populus
1360 2140 1640 2197 aggressus
1671 2128 1829 2184 aliam
1863 2144 1952 2183 ur-

360 2218 507 2273 bem.
538 2216 704 2272 Deum
735 2225 981 2287 precatur
1007 2216 1164 2272 Iesus
1194 2233 1209 2270 :
1238 2216 1392 2287 jubet
1417 2218 1555 2272 Deus
1578 2217 1692 2273 tolli
1719 2219 1949 2274 anathe-

363 2324 471 2361 ma.
500 2307 871 2375 Deprehens’us
906 2314 990 2361 est
1017 2305 1193 2361 Achar
1216 2348 1233 2373 ,
1263 2306 1457 2361 furtum
1483 2307 1785 2376 detectum,
1818 2310 1950 2379 lapi-

359 2397 520 2451 datur
542 2396 718 2451 Achar
742 2411 866 2451 cum
899 2396 1022 2452 filiis
1042 2404 1096 2452 ct
1120 2397 1349 2452 filiabus.
1382 2397 1639 2467 Pugnavit
1656 2398 1814 2455 Iesus
1838 2414 1951 2455 cer-

364 2489 565 2543 tamine
589 2496 645 2542 et
663 2489 805 2557 cepit
825 2487 1045 2552 Gazam,
1074 2488 1446 2558 incenditque:
1475 2504 1537 2544 ac
1556 2489 1868 2546 ceciderunt
1894 2493 1948 2547 in

361 2579 455 2633 illa
480 2578 759 2634 duodecim
795 2578 999 2644 millia;
1026 2594 1311 2649 regemque
1364 2580 1510 2635 urbis
1555 2582 1950 2651 suspenderunt

366 2670 419 2724 in
450 2670 610 2739 ligno.
652 2669 993 2724 Conveniunt
1017 2669 1082 2724 ad
1111 2668 1485 2726 debellandum
1516 2671 1768 2727 lsraelem
1796 2689 1950 2743 reges

364 2763 800 2818 Atuorrhzeorum
828 2772 884 2818 et
907 2762 1330 2817 Chanantcorutn
1361 2778 1423 2818 ac
1449 2764 1660 2834 reliqui.
1691 2764 1946 2823 Ediﬁcat

359 2856 518 2909 Iesus
541 2856 706 2909 altare
719 2870 785 2910 ex
805 2853 1069 2924 lapidibus
1090 2854 1329 2924 integris,
1353 2855 1461 2909 illic
1480 2855 1946 2911 Deuteronomium

365 2948 551 3003 scribit
577 2958 593 2999 ‘:
624 2946 948 3016 dimidiaque
973 2961 1098 3017 pars
1132 2947 1312 3017 populi
1342 2956 1449 3003 stat
1492 2963 1659 3019 prope
1708 2959 1948 3005 montem

364 3039 555 3107 Gebal,
583 3038 798 3097 dimidia
827 3047 1004 3095 autem
1034 3054 1199 3110 prope
1224 3049 1464 3096 montem
1483 3041 1718 3097 Garizin.
1748 3042 1949 3099 Dehine

366 3146 490 3201 qua:
508 3140 651 3202 gesta
669 3140 795 3187 sunt
820 3131 962 3187 circa
988 3131 1330 3188 Gabaonitas.
1374 3132 1436 3187 lIi
1465 3133 1608 3188 enim
1635 3148 1704 3189 ex
1735 3134 1947 3189 Israeli-

369 3232 543 3276 tarum
569 3222 703 3277 fama
734 3222 1119 3292 perterrefacti,
1141 3223 1336 3278 auditis
1355 3225 1418 3279 iis
1447 3240 1565 3294 qua:
1585 3225 1694 3295 jam
1717 3226 1769 3280 in
1794 3226 1949 3282 bellis

280 3328 290 3339 '
367 3316 625 3386 praeclare
647 3325 946 3386 gesserant,
972 3318 1116 3387 ipsos
1136 3317 1332 3372 adeunt
1348 3318 1576 3373 vetustis
1599 3318 1766 3374 ittduti
1786 3319 1949 3375 vesti-

365 3407 588 3473 mentis,
616 3421 778 3476 panes
826 3408 1005 3464 aridos
1057 3408 1316 3474 ferentes,
1346 3408 1690 3480 santlaliaque
1739 3419 1945 3478 vetera,

366 3497 673 3569 populoque
716 3496 898 3553 dicunt
939 3513 999 3554 se
1041 3512 1111 3555 ex
1153 3508 1294 3553 terra
1324 3499 1607 3571 longinqua
1634 3501 1841 3567 venire,
1869 3503 1947 3557 si—

364 3603 636 3658 gnumque
660 3590 841 3659 procul
869 3598 1194 3645 remotarum
1220 3590 1427 3645 sedium
1453 3605 1574 3647 esse
1594 3592 1905 3649 vestimenta
1926 3636 1941 3661 ,

364 3693 534 3748 panes
550 3687 607 3733 et
628 3678 862 3735 sandalia
887 3694 901 3735 :
926 3692 1052 3734 nam
1083 3681 1134 3735 in
1153 3680 1310 3751 longa
1327 3682 1411 3736 via
1435 3680 1551 3737 haec
1568 3682 1761 3739 detrita
1781 3684 1947 3743 fuisse

362 3772 655 3827 dicebant:
690 3772 872 3828 venire
912 3780 1088 3827 autem
1129 3787 1190 3828 se
1213 3772 1281 3827 ad
1312 3784 1462 3844 pacta
1502 3788 1797 3846 pacemque
1823 3791 1945 3832 cum

364 3862 497 3932 ipsis
525 3861 777 3919 ineunda.
805 3862 884 3918 Illi
931 3871 1111 3918 autem
1143 3864 1256 3920 Deo
1299 3880 1407 3920 non
1449 3865 1713 3930 consulto,
1744 3866 1946 3922 {eadem

362 3954 615 4008 inierunt.
668 3952 741 4009 Ut
784 3968 913 4008 vero
966 3963 1335 4024 cognoverunt
1378 3969 1438 4011 se
1476 3954 1731 4027 deceptos
1759 3957 1942 4024 fuiSSe,

361 4045 591 4115 illosque
619 4058 725 4098 non
774 4045 983 4114 procul,
1014 4045 1111 4101 sed
1159 4060 1322 4116 prope
1366 4046 1629 4114 habitare,
1658 4063 1782 4103 cum
1834 4060 1942 4104 nou

360 4149 586 4205 possent
635 4135 759 4190 illos
800 4151 1110 4207 oppugnare
1157 4147 1342 4192 contra
1385 4138 1711 4207 jnramenta,
1758 4154 1944 4196 servos

360 4228 509 4298 ipsos
557 4228 950 4283 constituerunt
978 4229 1250 4299 lignarios,
1279 4239 1334 4284 et
1376 4244 1529 4301 aqua:
1574 4230 1803 4302 bajulos.
1848 4232 1945 4287 llic

357 4322 568 4375 exitum
603 4319 763 4375 habet
789 4321 1063 4391 prmdietio
1107 4320 1231 4376 Note
1260 4304 1417 4391 (Gen.
1440 4321 1495 4377 9.
1525 4320 1641 4395 25),
1672 4338 1830 4393 quam
1860 4323 1945 4378 di-

362 4413 442 4467 xit
466 4432 479 4466 :
511 4412 756 4468 Chanaan
782 4429 906 4482 puer
928 4429 1098 4468 servus
1123 4413 1199 4485 (ὁ)
1233 4432 1247 4468 :
1276 4430 1343 4470 ex
1372 4415 1463 4469 illo
1493 4430 1724 4486 namque
1755 4415 1810 4470 lti
1838 4417 1943 4471 orti

362 4504 540 4560 fuere.
590 4504 808 4559 Audivit
853 4506 1190 4561 Adonibezec
1239 4521 1335 4561 rex
1383 4506 1679 4562 Jerusalem
1733 4518 1941 4578 captam

358 4599 527 4653 fuisse
569 4597 782 4653 Iericho
806 4609 861 4652 et
880 4598 1097 4663 Gazam,
1119 4598 1547 4669 Gabaonitasque
1573 4600 1937 4669 transfugisse,

357 4707 424 4745 ac
444 4691 638 4745 bellum
669 4691 798 4759 ipsis
818 4690 995 4745 intulit
1021 4690 1139 4743 aliis
1165 4690 1262 4744 sibi
1294 4690 1557 4759 adjunctis
1583 4691 1813 4761 regibus.
1862 4690 1941 4744 Illi

359 4798 490 4837 vero
508 4781 575 4837 ad
599 4782 853 4837 auxilium
882 4782 982 4836 sibi
1009 4781 1283 4837 ferendum
1309 4781 1492 4836 Iesum
1531 4790 1806 4837 vocarunt.
1839 4781 1942 4837 Ve-

422 4918 497 4982 (u)
517 4927 591 4969 J0.
615 4918 996 4982 Chrysostomus,
1021 4918 1101 4982 qui
1126 4930 1259 4982 saepe
1282 4931 1390 4965 cum
1410 4916 1935 4982 Jttdmiseoucertabat,

357 4976 572 5029 maxime.
596 4976 1017 5040 vero'Autimzltite,
1040 4976 1218 5039 legalia
1253 4992 1349 5027 non
1380 4984 1515 5028 tanta
1538 4978 1779 5040 religione
1803 4991 1831 5027 a
1850 4976 1938 5027 vei-

357 5042 549 5090 teribus
589 5041 684 5090 illis
723 5044 979 5091 observata
1026 5054 1157 5097 esse,
1197 5048 1374 5100 quanta
1416 5040 1644 5088 dicebant
1677 5040 1827 5089 Judaei
1863 5041 1939 5089 sui

357 5104 610 5165 temporis.
634 5116 765 5165 smpe
789 5103 989 5162 indicat;
1012 5103 1090 5165 hic
1107 5108 1268 5165 autem
1293 5108 1360 5149 att
1378 5101 1737 5150 lncircumcisos
1758 5103 1940 5165 abiisse

358 5163 487 5223 illos,
505 5166 588 5227 qui
614 5165 659 5213 in
682 5163 881 5213 deserto
904 5164 1080 5227 mortui
1103 5163 1326 5227 fuerant.
1341 5170 1393 5210 et
1428 5175 1537 5210 mox
1574 5165 1743 5227 probat
1764 5164 1937 5211 sabba-

355 5234 461 5275 ttttu
499 5224 593 5274 non
627 5228 933 5275 observatum
968 5224 1146 5281 fuisse,
1169 5224 1361 5285 quando
1389 5231 1581 5285 septem
1617 5224 1792 5285 diebus
1829 5238 1938 5273 cunt

352 5301 468 5336 arta
500 5301 661 5336 muros
694 5288 882 5337 .len'clto
916 5284 1214 5343 circuibaut;
1252 5298 1458 5334 necesse
1496 5290 1677 5347 quippe
1698 5284 1865 5347 fuisse
1890 5287 1938 5334 iu

356 5346 451 5398 illis
474 5355 663 5410 septem
681 5350 858 5397 diebus
880 5349 1093 5396 incidere
1118 5349 1387 5410 sabbatum.
1411 5349 1486 5410 sic
1516 5346 1661 5408 Supra
1685 5346 1937 5410 Gemmeu-

353 5412 479 5460 tario
514 5407 561 5457 in
601 5410 771 5458 Isaiam
810 5412 875 5459 de
908 5409 1152 5458 sacrificiis
1173 5409 1347 5467 arguit,
1375 5416 1426 5456 et
1442 5407 1709 5457 Comment.
1736 5409 1785 5455 in
1808 5407 1935 5455 l’sal-

353 5487 460 5521 tuos
481 5472 546 5520 de
570 5473 658 5520 hac
678 5468 1218 5532 ipsareloquettc,lta;c_
1235 5469 1383 5532 habet
1409 5482 1422 5517 :
1448 5477 1632 5532 septem
1653 5475 1812 5532 autem
1835 5468 1937 5532 die-

351 5546 463 5581 rum
488 5528 823 5591 numerusjmn
837 5528 943 5580 αηιὲ
965 5532 1097 5591 nobis
1107 5528 1239 5591 solm
1261 5528 1520 5580 sabbatum.
1542 5539 1640 5579 Non
1661 5529 1789 5580 enim
1811 5530 1936 5590 ejus-

350 5592 489 5657 modi
511 5594 628 5657 legis
652 5589 895 5657 prtereptu
915 5589 1245 5657 principaliter
1268 5592 1384 5657 (tuta
1401 5598 1528 5641 sunt.
1553 5601 1665 5649 Quae
1687 5593 1766 5641 hic
1787 5589 1936 5657 longe

349 5656 532 5765 dignis
556 5652 924 5717 explicantur:
931 5652 1040 5713 jam
1060 5657 1204 5712 tunc,
1226 5653 1415 5715 inquit,
1438 5660 1646 5717 cleptum
1681 5667 1783 5704 esse
1820 5652 1936 5704 solvi

350 5730 406 5765 sa
470 5730 499 5764 α
521 5730 619 5765 um.

350 5723 619 5768 sabbatum.

420 5777 492 5841 (b)
516 5776 643 5827 Vide
681 5775 1187 5841 Qttteudiximussupra
1207 5775 1253 5821 in
1269 5772 1480 5841 Synepsi
1500 5771 1549 5822 in
1562 5777 1786 5828 Genesim
1807 5779 1932 5828 circa

352 5836 745 5891 maledictioucnt
771 5836 1003 5885 Chanaani
1033 5837 1077 5882 iu
1101 5836 1368 5883 Ualiaotutis
1396 5841 1705 5901 completam,

669 5931 940 5990 PA'I‘ROL.
990 5930 1105 5990 Gn.
1156 5929 1308 5990 LVI.

1424 350 1787 429 'SYNOPSIS
1823 352 2232 429 scalmum
2270 372 2540 433 saeuis.

3542 385 3646 441 553

2065 485 2144 539 nit
2186 494 2362 541 autem
2412 487 2524 554 ille,
2553 488 2843 559 prmlioque
2882 492 3171 549 commisso
3214 494 3268 550 in
3300 494 3474 565 fugam
3529 497 3650 553 illos

2064 578 2226 634 vertit
2255 597 2269 633 :
2294 593 2357 634 ac
2382 579 2449 635 de
2475 581 2609 636 caelo
2639 582 2692 636 in
2720 582 2841 639 illos
2863 587 3067 654 grando
3092 587 3289 645 decidit
3314 606 3327 651 ;
3359 588 3647 660 pluresque

2061 670 2264 743 grando
2284 671 2498 735 occidit,
2528 688 2688 743 quam
2716 674 2808 730 filii
2836 675 2997 733 Israel
3031 678 3229 749 gladio.
3289 677 3441 736 Tunc
3496 685 3651 738 stetit

2062 764 2141 818 sol
2170 772 2359 818 contra
2397 762 2619 821 Gabaon
2656 776 2707 821 et
2754 767 2879 822 luna
2918 779 3103 826 contra
3139 773 3434 830 convallem
3462 772 3647 839 Elom;

2062 862 2339 926 totumque
2365 855 2702 913 inimicorum
2730 860 2983 929 populum
3016 861 3287 919 interfecit
3307 865 3485 933 Iesus,
3519 883 3646 921 ncc-

2061 961 2167 1000 non
2183 947 2416 1019 quinque
2444 965 2617 1020 reges.
2644 947 2798 1021 Cepit
2819 963 2996 1008 autem
3026 952 3278 1011 Macelam
3308 965 3364 1011 et
3383 956 3643 1023 Lobnatn,

2061 1037 2290 1107 Lachis,
2310 1038 2561 1108 Odolam,
2591 1041 2932 1099 Chebrouem
2960 1054 3016 1100 et
3045 1045 3237 1115 Dabir,
3268 1063 3324 1104 et
3353 1060 3564 1107 montes
3591 1060 3646 1107 et

2060 1129 2353 1199 planitiem.
2385 1131 2767 1190 Convenerunt
2791 1135 2880 1190 alii
2902 1150 3057 1206 reges
3077 1139 3229 1194 multi
3246 1154 3367 1195 cum
3389 1143 3643 1199 exerciti-

2060 1222 2160 1279 bus
2189 1224 2395 1294 magnis
2420 1239 2433 1276 :
2467 1233 2521 1280 et
2545 1223 2644 1279 hos
2672 1240 2883 1296 quoque
2908 1226 3103 1283 occidit
3121 1228 3295 1284 Iesus.
3326 1231 3529 1288 IIorum
3558 1234 3646 1289 hic

2060 1315 2273 1371 nomina
2304 1325 2676 1384 recensentur,
2703 1326 2756 1373 et
2791 1318 2975 1385 urbes,
2999 1336 3383 1394 numerusque.
3423 1326 3648 1383 Iubetur

2056 1407 2215 1465 Iesus
2271 1418 2467 1465 terram
2517 1411 2727 1467 tradere
2775 1411 3071 1469 Israelitis:
3103 1430 3166 1468 ac
3190 1415 3507 1474 describitur
3526 1435 3645 1491 quae

2060 1501 2230 1556 tribus
2256 1510 2431 1557 sortes
2462 1503 2784 1573 acceperint,
2809 1514 2862 1559 et
2887 1504 3011 1574 quid
3035 1505 3235 1563 Levitis
3254 1508 3436 1563 datum
3463 1510 3637 1567 fuerit.

2058 1593 2299 1649 Remittit
2345 1592 2502 1649 Iesus
2556 1596 2750 1650 tribum
2780 1594 2968 1653 Ruben
3006 1604 3065 1653 et
3105 1597 3218 1655 Gad
3258 1600 3644 1674 dimidiamque

2059 1686 2252 1742 tribum
2282 1680 2522 1741 Manasse
2545 1688 2595 1741 in
2622 1697 2794 1742 sortes
2814 1703 2958 1748 suas.
2976 1705 3110 1760 quas
3131 1703 3444 1763 acceperant
3467 1696 3641 1750 adhuc

2058 1778 2273 1833 vivente
2301 1777 2503 1849 Moyse.
2545 1778 2645 1847 Qui
2672 1787 2852 1834 autem
2876 1779 3146 1848 abierunt,
3178 1798 3325 1837 aram
3356 1783 3422 1839 ad
3453 1785 3643 1841 Iorda-

2057 1886 2178 1926 nem
2216 1870 2567 1926 aedificarunt.
2600 1871 2712 1926 lloc
2748 1872 2881 1926 alias
2911 1872 3080 1928 tribus
3109 1875 3451 1944 perturbavit.
3482 1877 3643 1933 Puta-

2056 1961 2184 2018 bant
2209 1961 2353 2018 enim
2370 1962 2491 2017 illos
2515 1962 2617 2019 hoc
2638 1961 2950 2019 defectionis
2970 1979 3129 2020 causa
3153 1966 3363 2024 fet-isse.
3388 1969 3645 2026 Miserunt

2055 2055 2144 2125 qui
2194 2055 2339 2125 ipsos
2389 2054 2886 2125 reprehenderent:
2927 2057 3001 2110 illi
3031 2073 3158 2113 vero
3195 2073 3316 2115 sese
3354 2072 3642 2132 purgantes

2054 2147 2324 2215 dixerunt,
2363 2161 2423 2201 se
2463 2164 2567 2201 non
2592 2146 2909 2203 defectionis
2935 2163 3096 2203 causa
3124 2165 3273 2205 aram
3303 2152 3635 2217 aedificasse;

2052 2237 2151 2294 sed
2180 2252 2248 2294 ne
2273 2237 2471 2309 posteri
2498 2238 2687 2301 vestri,
2721 2239 2963 2309 inquiunt
2988 2281 3002 2303 ,
3030 2240 3169 2296 filios
3198 2249 3412 2298 nostros
3436 2245 3640 2300 alienos

2055 2331 2285 2385 habeant
2306 2345 2335 2383 a
2357 2345 2450 2385 sua
2474 2331 2811 2401 cognatione,
2836 2347 2901 2384 eo
2929 2332 3072 2402 quod
3099 2331 3346 2389 Iordanis
3376 2335 3513 2390 inter
3529 2353 3636 2391 tuc-

2053 2426 2199 2480 diunt
2224 2442 2412 2482 eorum
2439 2425 2607 2491 ﬂuat;
2638 2425 2732 2481 sed
2762 2436 2819 2479 ut
2841 2426 2910 2479 sit
2932 2441 3025 2480 ara
3052 2426 3107 2481 in
3128 2428 3511 2497 testimonium,
3542 2446 3640 2485 nec

2053 2519 2259 2590 possint
2296 2519 2478 2575 dicere
2517 2518 2608 2574 filii
2644 2520 2807 2575 vestri
2833 2521 3117 2591 nepotibus
3149 2522 3367 2588 nostris,
3391 2523 3505 2577 Non
3554 2534 3639 2578 est

2052 2613 2206 2668 vobis
2227 2608 2400 2684 partio
2418 2613 2659 2680 Domini;
2687 2613 2871 2684 sicque
2894 2624 3269 2683 persuaserunt
3294 2616 3510 2687 reliquis
3539 2618 3638 2671 tri-

2051 2702 2227 2759 bubus
2253 2720 2320 2761 ne
2347 2704 2446 2760 sibi
2478 2704 2674 2760 bellum
2702 2704 2978 2761 inferrent.
3006 2705 3156 2762 Tunc
3175 2718 3435 2764 convocat
3457 2708 3632 2764 lsrae-

2052 2794 2171 2850 litas
2200 2794 2387 2861 Iesus,
2427 2797 2662 2868 ipStsque
2689 2796 2740 2850 iu
2768 2796 3078 2852 memoriam
3110 2809 3322 2854 revocat
3350 2800 3440 2854 Dei
3470 2801 3630 2855 bene-

2052 2887 2191 2955 ficia,
2222 2887 2465 2944 hortatur
2486 2899 2542 2944 ut
2568 2889 2738 2959 legem
2765 2888 3051 2945 observent
3077 2931 3092 2954 ,
3122 2892 3467 2962 praedicitque
3497 2893 3635 2949 mala

2051 2994 2169 3049 qua:
2210 2979 2328 3034 illos
2350 2988 2636 3049 exceptura
2658 2989 2803 3046 sunt,
2853 2981 2957 3036 nisi
2995 2981 3137 3036 illam
3193 2984 3559 3045 custodierint.
3584 2996 3638 3040 et

2050 3079 2293 3126 mortuus
2311 3081 2412 3127 est.
2438 3071 2658 3127 Moritur
2685 3082 2740 3129 et
2759 3073 2981 3149 Eleazar
3009 3073 3279 3141 sacerdos,
3303 3077 3426 3132 etin
3459 3076 3635 3134 locum

2051 3162 2168 3234 ejus
2210 3163 2567 3220 sacerdotium
2596 3164 3057 3222 obtinethiuecs
3086 3166 3224 3223 filius
3260 3169 3397 3238 ejus.
3454 3170 3517 3223 lit
3542 3171 3635 3226 lilii

2046 3242 2217 3312 Israel
2272 3254 2413 3311 idola
2463 3255 2788 3325 coluerunt,
2843 3257 3131 3327 traditique
3177 3269 3301 3314 sunt
3346 3260 3397 3314 itt
3442 3276 3630 3316 manus

2051 3347 2263 3420 IEglom
2290 3348 2431 3419 regis
2476 3347 2630 3404 Moab
2662 3347 2762 3420 (a),
2794 3349 2883 3421 qui
2915 3349 2970 3404 in
3020 3350 3141 3406 illos
3183 3350 3467 3420 imperium
3490 3353 3630 3407 obti-

2051 3443 2167 3497 nuit
2195 3443 2350 3499 annis
2369 3441 2690 3498 octodecim.

2582 3571 2822 3614 SYNOPSIS
2856 3572 3101 3613 IUDICUI.

2122 3674 2219 3728 llic
2239 3682 2484 3727 narratur
2512 3685 2644 3741 quas
2666 3670 2830 3725 urbes
2855 3670 3118 3740 ceperint,
3139 3684 3382 3741 quasque
3407 3670 3508 3726 sibi
3538 3671 3635 3726 tri-

2049 3763 2282 3820 butarias
2336 3761 2565 3817 fecerint
2614 3760 2892 3816 Israelita}.
2937 3760 3067 3815 Nam
3091 3761 3233 3816 circa
3263 3756 3390 3816 belli
3418 3761 3629 3817 labores

2047 3853 2302 3918 emolliti,
2331 3852 2647 3923 transgressi
2674 3859 2803 3907 sunt
2831 3851 3136 3906 mandatum
3183 3850 3314 3918 Dei,
3344 3864 3451 3921 quo
3474 3851 3630 3920 jube-

2046 3948 2240 4002 bantur
2263 3960 2450 4000 omnes
2495 3944 2860 4001 internecione
2883 3942 3085 3998 delere.
3138 3942 3295 3998 Venit
3337 3942 3558 4013 angelus
3598 3958 3629 3997 a

2048 4041 2275 4096 Domino
2311 4038 2377 4093 ad
2424 4036 2689 4093 Israelitas
2710 4077 2725 4102 ,
2749 4035 2841 4107 qui
2870 4036 3083 4091 illorum
3136 4035 3630 4105 prmvaricatimtem
3688 4061 3692 4065 -

2048 4131 2337 4201 redarguit.
2367 4128 2501 4184 Cum
2524 4128 2666 4183 enim
2696 4128 3022 4198 oportuisset
3047 4127 3166 4181 illos
3186 4125 3368 4182 delere
3386 4167 3402 4191 .
3430 4126 3627 4194 inquit,

2049 4238 2144 4278 vos
2171 4222 2371 4277 foedera
2391 4236 2511 4276 cum
2544 4221 2678 4290 ipsis
2698 4219 2890 4275 iniistis
2917 4236 2930 4272 :
2965 4219 3086 4274 ideo
3120 4232 3228 4273 non
3254 4218 3631 4274 exterminabit

2052 4317 2190 4371 l‘eus
2213 4315 2448 4384 reliquas
2464 4322 2669 4382 gentes.
2698 4311 2793 4367 Ilis
2820 4311 3017 4365 auditis
3050 4311 3125 4366 illi
3148 4310 3411 4365 ﬂeverunt
3435 4311 3626 4365 unani-

2046 4408 2226 4473 miter,
2255 4407 2508 4475 locusque
2535 4415 2754 4459 vocatus
2790 4412 2875 4458 est
2918 4402 3120 4458 Fletus.
3177 4403 3246 4457 Et
3292 4402 3626 4472 pra-varicati

2045 4507 2188 4563 sunt,
2209 4513 2272 4553 ac
2294 4497 2638 4552 tradebantur
2659 4495 2920 4559 hostibus,
2942 4504 3042 4549 eta
3062 4494 3320 4550 servitute
3334 4492 3626 4549 liberaban-

2048 4601 2152 4655 tur,
2184 4604 2505 4659 rursumque
2533 4588 2718 4643 iisdem
2758 4588 2811 4641 in
2840 4588 2991 4641 malis
3020 4585 3456 4657 perseverabant.
3489 4586 3625 4641 Tra-

2042 4685 2137 4739 diti
2167 4694 2288 4738 sunt
2310 4683 2523 4737 (Ibusab
2540 4680 2743 4736 Sathon
2763 4680 2876 4750 regi
2898 4678 3069 4751 Syriae
3087 4680 3240 4734 annis
3265 4688 3410 4746 octo,
3435 4689 3489 4734 et
3514 4679 3623 4733 eri-

2043 4776 2156 4847 puit
2182 4790 2277 4829 eos
2305 4775 2556 4827 Dominus
2587 4787 2681 4842 per
2704 4771 2988 4827 Gotltoniel
3013 4771 3270 4839 judicent.
3328 4771 3397 4825 Et
3444 4770 3622 4825 traditi

2042 4876 2168 4922 sunt
2191 4867 2374 4934 Eglom
2396 4866 2507 4933 regi
2531 4863 2707 4930 Moab,
2727 4873 2784 4920 et
2818 4864 3183 4918 clamaverunt
3216 4863 3282 4917 ad
3317 4863 3619 4924 Dominum,

2042 4970 2096 5015 et
2121 4958 2394 5015 suscitavit
2420 4958 2524 5012 illis
2545 4957 2680 5023 Aod,
2709 4957 2797 5027 qui
2825 4956 2951 5011 dolo
2975 4957 3170 5012 occidit
3191 4956 3376 5026 Eglom
3401 4963 3457 5008 et
3475 4954 3589 5009 Moa
3607 4985 3621 4994 -

2040 5052 2196 5107 bitas.
2230 5051 2355 5105 Post
2383 5049 2523 5104 hunc
2550 5048 2729 5120 pepuli
2751 5048 2913 5118 judex
2941 5047 3037 5101 fuit
3057 5050 3332 5116 Somegar,
3352 5055 3407 5100 et
3433 5052 3616 5114 postea
3642 5118 3652 5135 α

2043 5144 2248 5199 Debora
2277 5142 2469 5197 mulier
2495 5143 2848 5213 prophetissa.
2878 5144 3009 5196 Cum
3037 5150 3212 5196 autem
3236 5140 3345 5209 regi
3367 5139 3615 5193 Chanaan

2041 5236 2304 5290 servirent
2329 5234 2600 5301 Israelitzr,
2628 5235 2884 5289 Baracum
2916 5234 3067 5302 jubet
3096 5233 3297 5286 Debora
3332 5246 3391 5285 se
3429 5231 3612 5285 ducent

2041 5328 2162 5382 belli
2190 5328 2447 5396 praebere.
2478 5325 2571 5380 Ille
2599 5328 2785 5391 noluit,
2819 5326 2919 5379 nisi
2940 5333 2993 5379 et
3018 5325 3104 5378 illa
3125 5337 3244 5376 cum
3276 5323 3389 5390 ipso
3406 5322 3608 5376 exiret:

2040 5418 2305 5488 exivitquc
2334 5418 2541 5471 mulier.
2565 5417 2862 5472 Commisso
2887 5416 3088 5485 prtulio,
3117 5413 3359 5482 fugerunt
3385 5413 3568 5467 hostes
3597 5430 3615 5466 '.

2041 5507 2252 5577 duxque
2276 5508 2439 5563 Iabisi
2464 5508 2642 5563 Sisara
2672 5507 2934 5562 accedens
2973 5504 3039 5558 ad
3094 5504 3375 5572 quamdam
3427 5505 3615 5558 tuulic~

2106 5650 2177 5712 (α)
2202 5657 2311 5699 llaec
2331 5666 2439 5714 quae
2461 5652 2524 5701 de
2550 5652 2736 5719 IEglom
2751 5652 2827 5700 hic
2849 5648 3096 5719 leguntur,
3123 5660 3184 5719 es
3206 5648 3364 5719 capite
3386 5649 3615 5719 sequenti

2038 5709 2134 5777 huc
2159 5709 2490 5774 transsumpta
2519 5709 2634 5763 sunt
2651 5716 3025 5777 _in_text_u_t.xx,
3051 5721 3143 5777 nec
3166 5709 3405 5777 habentur
3447 5710 3491 5777 in
3520 5718 3612 5756 Ill‘~

2036 5774 2172 5822 braco
2198 5785 2210 5821 :
2244 5788 2354 5835 qua:
2380 5769 2519 5836 porro
2541 5782 2604 5836 tle
2629 5775 2819 5833 Aiglmn
2845 5772 2920 5819 hic
2949 5769 3295 5836 pattcisvcrbis
3313 5769 3554 5836 dicuntur
3570 5778 3619 5827 in

2041 5836 2214 5884 cadent
2248 5829 2479 5895 Editione,
2506 5829 2721 5899 pluribus
2742 5829 2990 5883 narrantur
3015 5831 3058 5877 itt
3085 5829 3206 5877 libro
3237 5830 3483 5878 .lutltcu.n.

3173 5935 3245 5990 ‘21
