4102 6322
495 341 598 396 359

494 469 605 509 rem
636 450 835 508 Jaélem
869 449 1064 504 dictam
1085 488 1099 511 ,
1133 446 1347 516 petebat
1375 446 1441 502 ab
1471 446 1557 500 illa
1589 453 1774 515 potum
1812 464 1824 500 :
1853 444 1937 497 illa
1968 456 2063 512 pro

494 558 626 614 aqua
651 544 732 596 lac
759 541 831 595 illi
862 538 1028 594 dedit.
1051 537 1121 594 Ut
1155 545 1330 592 autem
1358 546 1478 606 post
1507 545 1688 605 potum
1721 533 2066 598 obdormivit,

493 642 764 701 arreptum
788 637 992 685 vectem
1021 628 1211 682 mulier
1248 642 1344 698 per
1372 637 1609 696 tempora
1636 627 1751 694 ejus
1781 623 2065 678 transﬁxit.

494 724 582 778 Sic
609 731 849 776 mortuus
879 728 962 774 est
989 717 1166 774 Sisara
1192 733 1206 770 :
1235 718 1611 788 ingressusque
1653 716 1818 769 Barac
1841 714 1971 769 vidit
2007 714 2064 767 il-

493 815 601 867 lum
646 820 934 866 mortuum.
995 809 1144 863 Tunc
1193 808 1454 862 canticum
1504 806 1820 876 triumphale
1875 806 2070 860 cecinit

494 904 721 959 Debora.
741 902 946 956 Rursus
967 901 1244 954 traduntur
1270 898 1518 952 Israelita:
1536 899 1588 952 in
1614 913 1802 952 manus
1819 897 2064 959 Mediam;

493 1010 616 1051 nam
645 993 948 1063 frequenter
975 992 1136 1046 Deum
1170 990 1466 1044 irritabant.
1488 989 1636 1043 Tunc
1661 987 1896 1043 Gedeoni
1928 989 2067 1042 visus

492 1096 574 1140 est
616 1085 854 1154 angelus,
887 1084 975 1153 qui
1008 1083 1156 1136 illum
1182 1081 1246 1134 ad
1275 1081 1468 1135 bellum
1506 1080 1810 1134 concitavit.
1863 1080 2066 1134 Dehinc

490 1177 730 1246 przecipit
751 1176 825 1228 illi
848 1175 1099 1228 Dominus
1129 1181 1186 1227 ut
1205 1172 1502 1226 immolaret
1527 1171 1747 1225 vitulum
1771 1170 2065 1240 saginatum

492 1268 656 1333 patris
704 1266 807 1330 sui,
837 1275 891 1320 et
928 1264 1143 1318 afferret
1185 1264 1553 1319 holocaustum
1578 1305 1592 1328 ,
1619 1263 1896 1333 Baalisque
1920 1280 2064 1317 aram

489 1361 809 1413 destrueret.
851 1357 1032 1410 Paruit
1072 1357 1180 1421 ille,
1204 1365 1258 1410 et
1308 1356 1500 1410 obtulit
1543 1355 1905 1410 holocaustum
1933 1356 2059 1408 Deo.

490 1451 819 1523 Signumque
852 1453 982 1522 petit
1008 1451 1222 1508 Gedeon
1254 1451 1342 1521 qui
1373 1461 1425 1508 et
1446 1451 1690 1505 Jerobaal
1719 1460 1935 1505 vocatus
1959 1460 2061 1515 est,

467 1547 544 1616 lin
571 1543 768 1598 vellere
793 1543 1011 1597 editum.
1039 1542 1367 1612 Jubeturque
1388 1551 1554 1597 totum
1574 1543 1842 1597 dimittere
1862 1544 2065 1597 exerci-

493 1643 626 1698 tum,
651 1643 1022 1704 trecentosque
1046 1642 1247 1688 tantum
1272 1634 1522 1688 retinere.
1567 1633 1622 1687 Id
1646 1633 1786 1703 quod
1810 1633 1896 1688 ille
1917 1633 2061 1700 fecit,

491 1738 545 1782 et
569 1742 885 1798 congressus
907 1741 1026 1783 cum
1054 1727 1384 1797 lampadibus
1403 1736 1456 1781 et
1485 1725 1657 1793 tubis,
1692 1728 1873 1781 hostes
1887 1729 2064 1795 profli-

491 1819 651 1887 gavit.
674 1818 824 1873 Tuuc
849 1818 1007 1873 occisi
1029 1827 1152 1873 sunt
1176 1817 1316 1873 Oreb
1331 1826 1384 1872 et
1400 1817 1508 1872 Zeb
1525 1818 1786 1887 principes
1813 1818 2059 1886 Madiam,

491 1925 545 1968 et
573 1913 744 1971 Zebee
769 1925 821 1970 et
848 1916 1094 1971 Salmana
1124 1932 1297 1987 reges.
1339 1917 1559 1972 Gedeon
1588 1919 1821 1973 moriens
1848 1918 2063 1987 reliquit

493 2005 632 2060 filios
652 2009 997 2078 septuaginta,
1023 2018 1074 2062 et
1095 2024 1162 2063 ex
1187 2010 1478 2064 concubina
1499 2026 1660 2063 unum
1675 2010 2059 2065 Abimelecum.

493 2097 590 2152 llic
624 2100 812 2154 occisis
853 2102 1178 2171 septuaginta
1219 2101 1506 2168 fratribus,
1536 2118 1756 2172 regnum
1797 2103 2058 2157 obtinuit:

493 2205 591 2243 nec
609 2191 772 2245 multo
789 2193 968 2262 elapso
989 2201 1229 2262 tempore
1249 2193 1518 2248 fratricidii
1534 2209 1717 2262 ptenas
1736 2195 1900 2250 dedit.
1929 2194 2062 2250 Cum

493 2281 632 2334 enim
657 2281 708 2335 in
737 2283 918 2350 praelio
947 2283 1261 2338 accessisset
1284 2283 1349 2337 ad
1378 2285 1656 2352 quamdam
1682 2286 1889 2352 urbem,
1924 2286 2063 2356 frag-

491 2379 672 2425 mento
707 2372 862 2426 molae
905 2381 1063 2440 caput
1091 2373 1207 2442 ejus
1248 2389 1277 2427 a
1309 2376 1529 2430 muliere
1575 2374 1905 2431 confractum
1955 2389 2057 2443 est,

493 2463 684 2534 illeque
702 2464 862 2518 vitam
881 2466 1079 2521 amisit.
1108 2466 1234 2520 Post
1273 2467 1544 2522 Abimelec
1569 2468 1824 2537 judicavit
1858 2469 2022 2523 Thola
2043 2510 2061 2533 ,

491 2565 612 2624 post
636 2555 855 2611 Tholam
882 2556 1012 2612 Jair.
1043 2558 1110 2612 Et
1129 2559 1466 2615 irritaverunt
1488 2560 1654 2615 Deum
1681 2560 1775 2616 lilii
1804 2561 1984 2625 Israel,
2007 2571 2061 2616 et

491 2647 668 2702 traditi
697 2657 820 2703 sunt
848 2649 900 2703 in
924 2664 1110 2705 manus
1135 2650 1388 2706 Ammon.
1441 2651 1591 2706 Tunc
1611 2651 1857 2722 Jephthte
1883 2667 2060 2707 mere-

493 2738 637 2792 tricis
662 2737 824 2793 filium
852 2749 904 2793 et
933 2755 962 2794 a
989 2739 1148 2795 domo
1174 2749 1393 2810 paterna
1421 2755 1516 2811 per
1566 2741 1756 2797 fratres
1805 2743 2057 2812 ejectum,

491 2828 678 2885 ducem
708 2830 832 2884 belli
860 2839 1042 2885 contra
1070 2831 1207 2885 filios
1237 2832 1464 2886 Ammon
1507 2847 1625 2888 esse
1650 2843 1838 2902 rogant
1867 2833 2062 2902 princi-

490 2933 584 2986 pes
612 2920 789 2989 populi
809 2961 823 2985 ,
852 2920 1058 2990 ipsique
1081 2921 1360 2989 imperium
1392 2922 1627 2977 tradunt.
1664 2923 1757 2978 Ille
1780 2923 2058 2994 obtempe-

488 3012 645 3078 ravit,
674 3027 735 3067 ac
777 3013 962 3082 legalis
994 3014 1061 3067 ad
1089 3029 1269 3084 regem
1313 3013 1540 3069 filiorum
1584 3017 1810 3070 Ammon
1859 3017 2056 3082 missis,

481 3118 609 3158 cum
639 3104 769 3157 nihil
795 3104 1067 3171 suasisset,
1096 3113 1254 3160 vovet
1279 3120 1337 3160 se
1364 3105 1475 3160 Deo
1517 3105 1908 3162 immolaturum
1938 3122 2058 3162 eum

489 3195 577 3262 qui
605 3195 804 3264 primus
836 3195 934 3264 ipsi
957 3204 1276 3261 occurreret,
1306 3196 1350 3251 si
1377 3196 1578 3252 rediret
1604 3213 1672 3252 ex
1701 3198 1842 3253 bello
1871 3215 1884 3251 :
1908 3213 2060 3253 eont-

488 3289 654 3343 misso
674 3287 865 3356 prmlio
891 3301 1012 3342 cum
1043 3287 1255 3341 vicisset
1276 3286 1475 3353 hostes,
1509 3287 1667 3342 filiam
1697 3302 1846 3342 suam
1874 3288 2062 3344 immo-

489 3378 565 3433 lat
589 3395 602 3430 :
629 3379 742 3447 ipsa
767 3379 906 3434 enim
940 3379 1085 3448 prior
1109 3379 1340 3433 occurrit
1365 3379 1462 3434 illi.
1490 3378 1695 3434 Rursus
1721 3379 2062 3434 irritaverunt

489 3472 654 3525 Deum
675 3471 764 3524 filii
785 3472 976 3538 Israel,
1007 3481 1063 3527 et
1085 3471 1260 3526 traditi
1289 3481 1413 3526 sunt
1451 3472 1504 3526 in
1528 3486 1714 3526 manus
1739 3472 2060 3543 alienigena-

491 3578 632 3616 rum.
659 3562 805 3616 Tunc
843 3563 1078 3617 nascitur
1121 3561 1421 3632 Sampson,
1462 3571 1518 3616 et
1562 3563 1676 3616 visa
1727 3563 1951 3617 muliere
2007 3563 2058 3617 in

492 3654 842 3720 Thamnatha,
876 3655 991 3724 ejus
1012 3671 1192 3710 amore
1218 3667 1404 3723 captus
1422 3663 1523 3718 est,
1549 3654 1820 3724 ipsamque
1841 3669 2061 3710 uxorem

491 3749 688 3802 ducere
717 3749 948 3803 volebat.
980 3749 1234 3803 Parentes
1266 3759 1442 3804 autem
1469 3749 1640 3819 primo
1680 3748 2058 3818 impediebant,

492 3841 632 3911 quod
663 3842 749 3895 illa
778 3842 1068 3911 alienigena
1097 3851 1240 3896 esset
1269 3860 1281 3896 :
1313 3853 1369 3896 ut
1403 3850 1580 3896 autem
1606 3841 1850 3896 viderunt
1891 3843 2062 3912 ipsum

490 3934 800 3995 instantem,
827 3948 932 3986 non
957 3934 1088 3985 ultra
1109 3935 1674 4007 prohibuerunt,Cun1
1698 3933 2060 3988 abiretautem

491 4023 559 4077 de
587 4023 673 4076 illa
702 4023 1120 4093 colloquuturus,
1152 4025 1386 4079 occurrit
1414 4024 1491 4079 illi
1518 4025 1600 4080 leo
1626 4041 1783 4096 quem
1817 4025 2061 4080 manibus

494 4114 604 4167 suis
631 4113 840 4168 occidit.
892 4114 1025 4168 Cum
1069 4124 1244 4168 autem
1272 4116 1466 4183 nuptiae
1500 4115 1829 4170 celebrandae
1859 4123 2058 4183 essent,

492 4219 704 4258 rursum
735 4203 1030 4274 profectus,
1059 4205 1203 4260 videt
1240 4205 1414 4259 favum
1446 4206 1620 4260 mellis
1661 4207 1712 4260 in
1738 4221 1830 4261 ore
1855 4207 2058 4273 leonis,

492 4312 649 4364 quem
679 4295 979 4361 occiderat,
1011 4306 1064 4351 et
1097 4305 1376 4366 acceptum
1403 4298 1652 4361 comedit,
1684 4297 1933 4368 deditque
1971 4315 2062 4368 pa-

491 4389 730 4443 rentibus
751 4398 805 4442 et
831 4389 1134 4444 concivibus
1161 4389 1271 4444 suis
1299 4405 1313 4441 :
1345 4398 1502 4458 atque
1539 4390 1762 4459 :enigma
1793 4391 2063 4459 proposuit

494 4480 622 4548 ipsis
649 4479 830 4534 dicens
862 4497 875 4532 :
919 4480 999 4534 Ea:
1032 4496 1117 4534 ore
1142 4480 1448 4535 comedenti:
1475 4496 1699 4548 egressus
1718 4490 1789 4534 est
1813 4481 1950 4535 cibus
1971 4523 1984 4544 ,
2013 4481 2060 4534 id

493 4579 594 4634 est,
624 4586 689 4626 ex
719 4584 812 4624 ore
832 4570 1033 4637 leonis;
1066 4581 1112 4626 et
1139 4588 1202 4625 ea:
1223 4581 1422 4625 austero
1451 4587 1542 4640 pro
1585 4571 1916 4624 amaritudine
1949 4571 2059 4623 dut-

493 4662 615 4714 cedo
639 4661 785 4731 (Jud.
817 4662 903 4714 14.
940 4663 1050 4729 14).
1077 4661 1427 4732 Promisitque
1446 4675 1505 4716 se
1530 4661 1775 4716 daturum
1817 4663 1865 4716 ei
1893 4663 1978 4729 qui
2012 4661 2062 4713 id

496 4757 934 4823 interpretaretur
974 4754 1186 4823 triginta
1218 4755 1502 4820 sindonas,
1534 4763 1587 4808 et
1613 4755 1823 4822 triginta
1860 4752 2060 4814 stolas;

495 4849 574 4902 sin
618 4862 724 4901 non
766 4853 1005 4915 possent,
1037 4845 1136 4898 sibi
1165 4845 1489 4900 tantumdem
1519 4844 1724 4899 darent.
1768 4843 1836 4899 Ut
1887 4853 2062 4896 autem

494 4940 568 4994 illi
594 4939 888 5002 haerebant,
919 4945 972 4990 et
1000 4951 1065 4990 ex
1079 4936 1416 5005 plicationem
1440 4951 1543 4990 non
1563 4934 1918 5003 reperiebant,
1936 4948 2066 4987 uxo-

493 5033 538 5086 ri
568 5031 683 5100 ejus
708 5027 1014 5084 comminati
1049 5035 1173 5080 sunt
1200 5035 1446 5091 mortem,
1479 5026 1577 5080 nisi
1617 5025 1684 5079 ab
1715 5025 1804 5078 illo
1832 5025 2062 5093 explica-

494 5125 692 5176 tionem
715 5119 1006 5188 :enigmatis
1028 5117 1319 5179 edisceret;
1349 5132 1469 5170 cum
1494 5116 1764 5169 didicisset
1792 5114 1900 5176 illa,
1935 5115 2061 5182 ipsis

495 5211 825 5267 annuntiavit
855 5224 870 5263 :
898 5217 953 5264 et
981 5223 1098 5262 cum
1153 5207 1295 5260 illam
1345 5207 1747 5274 explicationem
1778 5205 2055 5270 dixissent,

495 5309 712 5376 pignora
741 5311 1080 5371 acceperunt.
1130 5299 1434 5366 Indignatus
1475 5307 1556 5349 est
1588 5297 1867 5365 Sampson.
1913 5297 2066 5350 Pater

491 5411 668 5454 autem
723 5410 935 5466 Sponsa:
985 5404 1265 5454 metuens,
1319 5391 1459 5444 illam
1511 5390 1752 5460 pronubo
1811 5405 1907 5443 suo
1975 5389 2068 5444 de-

493 5491 632 5544 dit‘:
662 5489 715 5542 id
743 5487 883 5558 quod
913 5487 1078 5556 magis
1104 5484 1451 5552 Sampsonem
1479 5483 1828 5549 contristavit,
1849 5493 1901 5536 et
1920 5497 2067 5536 arre-

553 5607 568 5634 ¹
607 5603 1046 5676 Βερῃυηιςίηιθηξνὶ
1065 5606 1159 5651 τῶν
1181 5603 1326 5676 anteit
1340 5598 1701 5676 gﬁfob.-Alius,
1727 5600 1866 5676 cujus
1885 5611 2065 5676 nomen

495 5661 692 5712 tacetur
710 5663 760 5712 in
787 5661 1026 5725 Hexaplis
1050 5661 1229 5714 nostris
1247 5668 1257 5711 l
1273 5664 1318 5720 5,
1340 5665 1387 5721 2,
1411 5665 1579 5712 ἐνὶτῶν
1600 5661 1882 5725 ωνεταίρων
1901 5661 2065 5725 αὐτοῦ.

498 5726 743 5786 Incertum
775 5741 832 5774 au
864 5723 1236 5782 Citavsostv-mus
1267 5729 1315 5774 in
1353 5725 1624 5785 exemplari
1650 5737 1739 5772 suo
1762 5723 2068 5786 νὺμφαγωγόν

494 5785 743 5847 habuerit,
788 5800 851 5837 ex
891 5789 1053 5850 aliquo
1099 5793 1373 5852 interprete
1413 5788 1750 5850 desumptum,
1795 5799 1912 5836 num
1951 5796 2069 5833 vero

1200 341 1260 390 Β.
1297 332 1574 390 JOANNIS
1611 329 2080 388 CHRYSOSTOMl
2121 328 2435 386 ARCHIEP.
2475 329 3005 389 CONSTANTINOP.

3649 333 3754 386 5w

2177 444 2281 512 ptis
2307 443 2554 515 vulpibus
2583 447 2852 514 trecentis,
2878 445 3315 517 lampadibusque
3336 461 3364 499 a
3388 454 3537 516 tergo
3566 461 3754 502 eorum

2176 538 2432 604 accensis,
2453 539 2630 592 emisit
2656 539 2706 593 in
2736 554 2954 608 campos
3000 539 3417 608 alienigenarum
3443 555 3456 589 :
3488 551 3544 592 ut
3576 549 3752 592 autem

2175 640 2500 699 campestres
2539 647 2724 685 eorum
2761 647 2964 685 messes
3005 631 3257 694 incendit,
3295 631 3369 683 illi
3417 645 3627 699 sponsae
3659 630 3754 684 do-

2176 739 2320 776 mum
2364 739 2483 777 cum
2525 725 2634 794 ipsa
2661 739 2854 794 sponsa
2885 736 2937 779 et
2965 735 3113 794 patre
3161 725 3276 793 ejus
3320 723 3747 778 combusserunt.

2174 815 2357 885 Neque
2385 815 2488 871 hoc
2533 817 2670 872 facto
2701 817 2903 871 sedavit
2943 819 3074 872 iram
3104 817 3389 885 Sampson,
3438 817 3532 871 sed
3577 817 3750 872 adhuc

2174 911 2508 980 Oppugnabat
2556 927 2668 965 eos.
2718 911 2793 965 llli
2823 927 2948 965 vero
2998 913 3252 966 instructa
3282 921 3468 967 contra
3499 912 3746 967 lsraelem

2173 1006 2306 1070 acie,
2331 1003 2678 1072 Sampsonem
2709 1005 2974 1072 petebant;
3006 1005 3150 1059 illum
3174 1020 3304 1060 vero
3323 1005 3550 1061 vinctum
3584 1006 3748 1060 hosti-

2173 1095 2270 1150 bus
2302 1096 2629 1150 tradiderunt
2657 1097 2924 1150 lsraelitm.
2984 1097 3186 1152 Fractis
3215 1098 3302 1152 ille
3344 1099 3586 1163 vinculis,
3615 1115 3735 1154 eum

2174 1180 2470 1234 invenisset
2495 1181 2763 1235 maxillam
2793 1182 2950 1244 asini,
2979 1182 3122 1236 mille
3157 1197 3276 1236 cum
3307 1182 3393 1237 illa
3427 1187 3570 1240 viros
3595 1187 3744 1240 occi-

2172 1271 2266 1326 dit.
2290 1270 2529 1341 Cumque
2554 1273 2643 1327 siti
2677 1273 3022 1343 affligeretur,
3060 1283 3308 1343 precatus
3336 1285 3416 1330 est
3461 1277 3650 1342 Deum,
3689 1289 3744 1333 et

2171 1362 2332 1416 exivit
2356 1377 2488 1432 aqua
2519 1378 2585 1417 ex
2614 1365 2905 1427 maxilla,et
2947 1363 3098 1419 bibit.
3142 1364 3267 1419 Inde
3305 1368 3449 1421 venit
3473 1368 3537 1422 ad
3567 1385 3742 1424 mere-

2172 1454 2355 1507 tricem
2383 1455 2658 1510 mulierem
2689 1455 2740 1508 in
2763 1453 2979 1519 Gazam,
3004 1455 3282 1525 ipsumque
3307 1457 3486 1512 hostes
3513 1460 3741 1514 circum-

2170 1545 2429 1600 dederunt
2463 1564 2476 1598 :
2507 1546 2593 1601 ille
2616 1561 2744 1600 vero
2767 1546 2938 1600 media
2959 1555 3114 1602 nocte
3134 1548 3354 1603 eductas
3380 1549 3526 1606 urbis
3564 1561 3745 1621 portas

2170 1637 2449 1706 imponens
2497 1637 2731 1692 humeris
2759 1638 2893 1702 suis,
2925 1638 3076 1692 abiit.
3137 1639 3419 1694 Adamavit
3470 1651 3590 1710 post
3631 1645 3744 1700 iure

2169 1730 2444 1783 mulierem
2470 1729 2752 1798 quamdam
2794 1729 3018 1784 Samson
3053 1730 3282 1784 Dalidam
3316 1733 3530 1788 nomine
3570 1734 3665 1805 (a),
3687 1747 3742 1790 et

2169 1822 2372 1888 accepit
2411 1835 2528 1873 eam
2557 1820 2609 1874 in
2640 1836 2880 1876 uxorem.
2929 1820 3061 1876 Huic
3108 1823 3474 1890 promiserunt
3514 1833 3742 1894 satrapae

2167 1911 2581 1981 alienigenarum
2618 1911 2762 1966 mille
2790 1919 2842 1965 et
2870 1919 3082 1966 centum
3108 1923 3390 1982 argenteos
3409 1955 3425 1980 ,
3458 1913 3502 1968 si
3532 1914 3600 1969 ab
3626 1916 3742 1985 ipso

2168 2004 2449 2068 edisceret,
2481 2018 2586 2073 quo
2632 2012 2788 2073 pacto
2831 2014 3131 2073 cxpugnatu
3178 2004 3346 2059 facilis
3406 2005 3561 2062 foret.
3605 2006 3738 2062 Cum

2167 2103 2342 2150 autem
2366 2095 2451 2148 illa
2484 2095 2534 2150 id
2564 2095 2804 2150 ediscere
2833 2103 3134 2162 conaretur,
3161 2096 3330 2164 primo
3355 2097 3566 2166 quidem
3598 2098 3737 2152 illaut

2165 2185 2462 2256 decipiebat
2492 2201 2506 2238 :
2533 2185 2766 2248 demum,
2793 2199 2914 2239 eum
2968 2185 3270 2254 importune
3315 2186 3402 2240 illa
3449 2187 3735 2253 insisteret,

2165 2279 2442 2332 veritatem
2472 2277 2570 2347 ipsi
2600 2277 2913 2343 enuntiavit,
2948 2292 3138 2347 nempe
3165 2292 3223 2331 se
3247 2317 3262 2341 ,
3295 2278 3340 2332 si
3374 2279 3492 2347 quis
3520 2279 3616 2333 sibi
3643 2295 3736 2333 ca-

2165 2372 2321 2442 pillos
2341 2371 2592 2435 auferret,
2618 2368 2885 2423 infirmum
2915 2383 3218 2423 evasurum.
3252 2367 3343 2422 Illa
3374 2369 3608 2424 evocatis
3646 2385 3736 2422 sa-

2169 2465 2350 2534 trapis,
2378 2479 2497 2518 cum
2525 2463 2671 2517 illum
2697 2462 2764 2516 ad
2798 2475 3044 2515 somnum
3091 2459 3362 2515 inductum
3400 2460 3606 2515 tonderi
3647 2476 3738 2514 cu-

2165 2566 2368 2623 rasset,
2427 2556 2691 2611 infirmum
2759 2554 3007 2609 reddidit.
3074 2553 3250 2623 ipsum
3316 2566 3444 2607 vero
3522 2563 3733 2621 captum

2164 2651 2479 2720 alienigenae
2527 2657 2892 2711 exeaecarunt,
2921 2657 2975 2700 et
3004 2645 3299 2715 iujecerunt
3339 2644 3391 2698 in
3443 2658 3733 2698 carcerem.

2165 2741 2246 2796 llli
2269 2756 2394 2796 vero
2422 2739 2762 2804 laetabantur,
2786 2745 2841 2792 et
2867 2736 3162 2792 eduxerunt
3181 2750 3304 2789 eum
3323 2748 3390 2790 ex
3417 2749 3650 2798 carcere,
3680 2745 3736 2787 ut

2163 2835 2265 2904 ipsi
2291 2832 2594 2888 illuderent.
2624 2831 2881 2900 Sampson
2915 2841 3092 2883 autem
3120 2827 3314 2883 acerbe
3348 2827 3730 2897 ingemiscens,

2163 2942 2284 2984 cum
2313 2925 2595 2981 Dominum
2621 2931 2860 2994 rogasset
2882 2929 2937 2975 ut
2963 2919 3064 2974 sibi
3089 2918 3228 2973 vires
3250 2917 3488 2983 inderet,
3509 2919 3734 2987 arreptis

2163 3020 2426 3076 columnis
2453 3017 2645 3072 domus
2672 3016 2842 3085 iisque
2865 3015 3162 3075 concussis,
3184 3011 3400 3067 domum
3426 3010 3658 3066 decussit
3679 3011 3728 3063 in

2163 3123 2402 3182 satrapas
2423 3151 2439 3177 ,
2472 3112 2526 3165 in
2550 3110 2782 3178 seipsum
2807 3115 2863 3161 et
2901 3106 2954 3160 in
2980 3105 3140 3159 alium
3177 3103 3424 3173 pepulum
3470 3103 3727 3168 multum,

2164 3204 2450 3276 pluresque
2473 3209 2597 3256 tunc
2618 3201 2812 3254 mortui
2837 3205 2961 3252 sunt
2985 3211 3142 3267 quam
3163 3195 3280 3264 ipse
3305 3194 3491 3250 vivens
3519 3192 3732 3249 occide-

2166 3306 2266 3352 rat.
2295 3293 2497 3350 Deinde
2539 3292 2735 3348 bellum
2778 3298 2990 3344 movent
3027 3287 3115 3358 qui
3146 3303 3212 3342 ex
3243 3286 3382 3341 tribu
3421 3286 3532 3340 Dan
3559 3295 3727 3349 erant,
3797 3318 3809 3328 .

2163 3391 2478 3457 Laisamque
2497 3383 2742 3454 capiunt,
2757 3381 2928 3452 ctipsi
2946 3397 3136 3438 nomen
3156 3379 3460 3435 indiderunt
3487 3396 3500 3433 :
3531 3387 3733 3434 statue--

2164 3491 2392 3550 ruutque
2418 3479 2490 3534 ibi
2515 3476 2756 3546 sculptile
2784 3473 3084 3529 colendum.
3114 3471 3209 3526 Vir
3237 3470 3441 3536 Levita,
3461 3484 3579 3524 cum
3605 3484 3731 3524 con-

2165 3574 2357 3628 cubina
2395 3571 2510 3641 ejus
2540 3570 2673 3623 irata
2699 3566 3048 3622 abscessisset
3092 3565 3145 3618 in
3176 3563 3393 3618 domum
3419 3561 3587 3632 patris
3615 3560 3728 3624 sui,

2164 3665 2433 3736 profectus
2461 3670 2544 3716 est
2565 3667 2624 3715 ut
2649 3659 2794 3714 illam
2823 3671 3003 3712 secum
3028 3655 3340 3718 reduceret;
3373 3667 3492 3707 cum
3519 3658 3730 3719 accepta

2165 3758 2252 3813 illa
2281 3755 2510 3818 rediret,
2537 3753 2740 3820 iterque
2761 3755 2969 3819 ageret,
3001 3745 3216 3802 divertit
3243 3745 3294 3798 in
3334 3743 3515 3799 Gabaa
3542 3741 3730 3810 Benja-

2166 3848 2295 3913 min,
2316 3845 2454 3916 apud
2477 3857 2659 3898 senem
2687 3840 2992 3911 quemdam.
3011 3837 3113 3905 Qui
3132 3841 3188 3892 in
3213 3835 3392 3891 Gabaa
3438 3841 3592 3889 erant
3633 3833 3732 3886 eiro

2165 3939 2476 3995 eumdantes
2510 3935 2761 3997 domum,
2792 3930 3041 4001 petebant
3065 3928 3352 3997 hospitem,
3388 3933 3444 3979 ut
3468 3933 3735 3980 contume-

2166 4033 2290 4086 liam
2319 4029 2415 4100 ipsi
2448 4026 2724 4083 infcrrent.
2769 4023 2942 4078 Senex
2971 4032 3190 4092 paratus
3227 4027 3344 4074 erat
3371 4018 3500 4088 ipsis
3528 4015 3733 4071 tradere

2167 4125 2328 4179 filiam
2361 4137 2511 4176 suam
2543 4120 2826 4190 virginem.
2857 4117 2938 4170 Illi
2963 4124 3184 4185 accepta
3210 4112 3523 4176 concubina,
3560 4111 3734 4164 illuse-

2166 4224 2290 4272 runt
2315 4214 2362 4268 ei
2381 4229 2475 4283 per
2503 4223 2665 4266 totam
2687 4219 2918 4265 noctem.
2942 4209 3236 4278 Appetente
3251 4208 3386 4271 luce,
3408 4205 3494 4258 illa
3523 4203 3732 4258 dimissa

2166 4307 2427 4363 abierunt.
2484 4304 2574 4358 llla
2603 4288 2734 4357 vero
2757 4317 2820 4355 ex
2853 4299 3064 4354 inducta
3105 4297 3204 4351 sibi
3237 4296 3497 4361 molestia,
3531 4310 3648 4350 cum
3671 4292 3734 4347 ad

2166 4400 2403 4464 domum,
2429 4412 2534 4466 quo
2554 4395 2841 4450 divertcrat
2860 4393 2940 4445 vir
2968 4391 3102 4460 ejus,
3122 4389 3468 4459 pervenisset,
3497 4388 3734 4456 exspira-

2167 4493 2260 4545 vit.
2291 4491 2381 4543 llle
2415 4501 2662 4556 egressus
2685 4525 2700 4548 ,
2727 4499 2848 4537 cum
2892 4493 3154 4536 mortuam
3180 4479 3491 4543 invenisset,
3515 4476 3736 4532 cadaver

2169 4585 2220 4637 in
2251 4581 2530 4636 duodecim
2565 4589 2739 4648 partes
2763 4577 2958 4642 divisit,
2993 4575 3237 4641 misitque
3268 4571 3552 4626 duodecim
3576 4570 3737 4624 tribu-

2166 4677 2283 4731 bus.
2319 4675 2533 4726 Factum
2565 4671 2779 4738 indigne
2805 4668 3038 4722 tulerunt
3067 4664 3340 4727 Israelitae,
3364 4671 3417 4717 et
3437 4662 3625 4717 armati
3653 4674 3736 4729 pe-

2168 4767 2350 4821 tebant
2375 4781 2467 4819 eos
2493 4765 2581 4833 qui
2613 4763 2820 4816 mulieri
2857 4758 3233 4814 contumeliam
3265 4756 3520 4811 fecerant.
3553 4754 3737 4810 Ut'au-

2171 4870 2276 4914 tem
2339 4857 2648 4924 Benjatuitte
2710 4854 2828 4906 illos
2875 4851 3084 4905 tradere
3150 4849 3482 4913 renuerunt,
3546 4846 3735 4901 bellum

2170 4956 2465 5003 moverunt.
2503 4946 2566 4999 Et
2594 4945 2761 5012 primo
2792 4943 2914 4995 victi
2940 4949 3092 5005 sunt,
3119 4939 3353 4994 secundo
3380 4937 3626 4992 similiter
3651 4953 3662 4988 :
3689 4935 3736 4987 iu

2171 5042 2326 5097 tertio
2355 5048 2530 5093 autem
2557 5050 2842 5104 congressu
2871 5041 3034 5087 totam
3076 5031 3271 5084 tribum
3299 5030 3576 5096 Benjamin
3623 5043 3738 5097 per-

2172 5140 2471 5194 cusserunt,
2521 5137 2713 5198 praeter
2766 5133 3083 5188 sexcentos,
3112 5123 3200 5191 qui
3231 5121 3568 5190 aufugerunt.
3613 5118 3737 5173 Cum

2172 5237 2349 5281 autem
2375 5221 2665 5294 periculum
2704 5226 2846 5274 esset
2875 5232 2941 5271 ne
2980 5223 3085 5270 tota
3109 5214 3276 5267 tribus
3317 5213 3516 5281 periret
3546 5211 3739 5281 (neque

2175 5343 2280 5401 ipse
2308 5349 2395 5398 pro
2420 5334 2706 5402 συνεταίρῳ,
2740 5327 2934 5402 scilicet
2969 5338 3030 5372 ex
3075 5335 3278 5394 numero
3313 5323 3508 5402 triginta
3534 5325 3746 5402 illorum,

2176 5387 2256 5464 qui
2279 5387 2586 5464 sponsalibus
2613 5387 2961 5464 interfuerant,
2989 5387 3302 5464 -Αξμῗαχωχργ
3321 5387 3684 5464 appellaverit.

2234 5447 2317 5526 (ιι)¹
2331 5462 2386 5510 In
2409 5467 2549 5509 textu
2579 5464 2737 5503 Grzeco
2773 5453 3046 5526 Quis-liniani
3210 5525 3217 5526 ί
3235 5447 3432 5526 legitur,
3451 5459 3635 5526 Erat;
3646 5471 3745 5526 33...:

2173 5507 2573 5582 Δαέᾇίνὲπξξόέᾴμψὼν
2597 5526 2760 5574 Δαλιδᾶς.
2787 5517 2950 5582 Nescio
2966 5513 3079 5574 quid
3099 5513 3186 5558 huc
3208 5507 3426 5582 vocabuli
3448 5507 3534 5565 Sit;
3560 5507 3744 5582 videtur

2173 5570 2630 5648 hic—patrimnomen
2653 5570 2824 5648 apponi
2833 5613 2850 5648 ..
2871 5576 2906 5619 ν
2914 5570 3050 5648 erum
3066 5583 3256 5648 Samson
3268 5570 3747 5648 11)ἷ1μ(1ε1111,¹ἕίδςιῐιέξῗ

2175 5631 2543 5698 filum—amabat,
2566 5631 2695 5703 quze'
2712 5631 2757 5687 in
2796 5638 3046 5703 Alsorccli,
3073 5634 3169 5703 vel,
3192 5642 3244 5703 ut
3268 5631 3472 5693 Vulgata
3510 5631 3674 5700 habet,
3703 5631 3744 5703 iu

2175 5696 2299 5760 valle
2324 5707 2500 5757 Sorech
2525 5696 2793 5761 habitabat;
2822 5699 3049 5760 nullaque
3085 5698 3160 5744 hic
3194 5696 3479 5743 observatur
3504 5696 3746 5740 nominum

2179 5773 2392 5822 afﬁnitas.
