  <div class='ocr_page' id='page_1' title='image "/cluster/home/n/w/nwhite01/storage/ocr_20150623/56/mdp.39015028574351/334.png"; bbox 0 0 4058 6344; ppageno 0'>
   <div class='ocr_carea' id='block_1_1' title="bbox 373 361 479 418">
    <p class='ocr_par' dir='ltr' id='par_1_1' title="bbox 373 361 479 418">
     <span class='ocr_line' id='line_1_1' title="bbox 373 361 479 418; baseline 0.019 -2"><span class='ocrx_word' id='word_1_1' title='bbox 373 361 479 418; x_wconf 78' lang='grc'>559</span> 
     </span>
    </p>
   </div>
   <div class='ocr_carea' id='block_1_2' title="bbox 363 477 1944 551">
    <p class='ocr_par' dir='ltr' id='par_1_2' title="bbox 363 477 1944 551">
     <span class='ocr_line' id='line_1_2' title="bbox 363 477 1944 551; baseline 0.002 -22"><span class='ocrx_word' id='word_1_2' title='bbox 363 493 489 529; x_wconf 87' lang='grc' dir='ltr'>τινα</span> <span class='ocrx_word' id='word_1_3' title='bbox 523 477 756 545; x_wconf 80' lang='grc' dir='ltr'>γυναῖκα</span> <span class='ocrx_word' id='word_1_4' title='bbox 799 477 941 549; x_wconf 84' lang='grc' dir='ltr'>Ἰαὴλ</span> <span class='ocrx_word' id='word_1_5' title='bbox 972 479 1286 549; x_wconf 81' lang='grc' dir='ltr'>λεγομένην,</span> <span class='ocrx_word' id='word_1_6' title='bbox 1317 480 1434 550; x_wconf 79' lang='grc' dir='ltr'><strong>ᾔτει</strong></span> <span class='ocrx_word' id='word_1_7' title='bbox 1469 483 1630 533; x_wconf 75' lang='grc' dir='ltr'>πιεῖνο</span> <span class='ocrx_word' id='word_1_8' title='bbox 1653 483 1686 551; x_wconf 94' lang='grc' dir='ltr'>ή</span> <span class='ocrx_word' id='word_1_9' title='bbox 1715 480 1770 532; x_wconf 84' lang='grc' dir='ltr'>δὲ</span> <span class='ocrx_word' id='word_1_10' title='bbox 1804 479 1944 547; x_wconf 88' lang='grc' dir='ltr'>γάλα</span> 
     </span>
    </p>
   </div>
   <div class='ocr_carea' id='block_1_3' title="bbox 365 560 1940 634">
    <p class='ocr_par' dir='ltr' id='par_1_3' title="bbox 365 560 1940 634">
     <span class='ocr_line' id='line_1_3' title="bbox 365 560 1940 634; baseline 0.002 -22"><span class='ocrx_word' id='word_1_11' title='bbox 365 561 567 613; x_wconf 78' lang='grc' dir='ltr'>ἔδωκεν</span> <span class='ocrx_word' id='word_1_12' title='bbox 616 560 766 630; x_wconf 86' lang='grc' dir='ltr'>αὐτῷ</span> <span class='ocrx_word' id='word_1_13' title='bbox 809 563 930 615; x_wconf 78' lang='grc' dir='ltr'>ἀντὶ</span> <span class='ocrx_word' id='word_1_14' title='bbox 970 563 1175 626; x_wconf 83' lang='grc' dir='ltr'>ὕδατος.</span> <span class='ocrx_word' id='word_1_15' title='bbox 1218 564 1304 626; x_wconf 87' lang='grc' dir='ltr'>Ὡς</span> <span class='ocrx_word' id='word_1_16' title='bbox 1359 564 1414 616; x_wconf 90' lang='grc' dir='ltr'>δέ</span> <span class='ocrx_word' id='word_1_17' title='bbox 1463 563 1727 634; x_wconf 79' lang='grc' dir='ltr'>ἐκοιμήθη</span> <span class='ocrx_word' id='word_1_18' title='bbox 1781 562 1940 626; x_wconf 84' lang='grc' dir='ltr'>πιὼν,</span> 
     </span>
    </p>
   </div>
   <div class='ocr_carea' id='block_1_4' title="bbox 363 645 1940 718">
    <p class='ocr_par' dir='ltr' id='par_1_4' title="bbox 363 645 1940 718">
     <span class='ocr_line' id='line_1_4' title="bbox 363 645 1940 718; baseline 0.001 -19"><span class='ocrx_word' id='word_1_19' title='bbox 363 645 640 699; x_wconf 87' lang='grc' dir='ltr'>πάσσαλον</span> <span class='ocrx_word' id='word_1_20' title='bbox 664 645 901 700; x_wconf 89' lang='grc' dir='ltr'>λαϐοῦσα</span> <span class='ocrx_word' id='word_1_21' title='bbox 926 649 958 717; x_wconf 88' lang='grc' dir='ltr'>ή</span> <span class='ocrx_word' id='word_1_22' title='bbox 985 648 1140 718; x_wconf 84' lang='grc' dir='ltr'>γυνή,</span> <span class='ocrx_word' id='word_1_23' title='bbox 1165 648 1412 717; x_wconf 85' lang='grc' dir='ltr'>διήλασεν</span> <span class='ocrx_word' id='word_1_24' title='bbox 1438 648 1524 701; x_wconf 85' lang='grc' dir='ltr'>διά</span> <span class='ocrx_word' id='word_1_25' title='bbox 1545 648 1637 700; x_wconf 89' lang='grc' dir='ltr'>τοῦ</span> <span class='ocrx_word' id='word_1_26' title='bbox 1668 647 1940 716; x_wconf 75' lang='grc' dir='ltr'>κροτάφου</span> 
     </span>
    </p>
   </div>
   <div class='ocr_carea' id='block_1_5' title="bbox 362 728 1943 802">
    <p class='ocr_par' dir='ltr' id='par_1_5' title="bbox 362 728 1943 802">
     <span class='ocr_line' id='line_1_5' title="bbox 362 728 1943 802; baseline 0.001 -20"><span class='ocrx_word' id='word_1_27' title='bbox 362 728 552 782; x_wconf 81' lang='grc' dir='ltr'>αὑτοῦ.</span> <span class='ocrx_word' id='word_1_28' title='bbox 592 729 702 781; x_wconf 77' lang='grc' dir='ltr'>Καὶ</span> <span class='ocrx_word' id='word_1_29' title='bbox 729 728 902 792; x_wconf 78' lang='grc' dir='ltr'>οὕτως</span> <span class='ocrx_word' id='word_1_30' title='bbox 933 731 1169 784; x_wconf 84' lang='grc' dir='ltr'>ἀπέθανε</span> <span class='ocrx_word' id='word_1_31' title='bbox 1208 732 1432 802; x_wconf 76' lang='grc' dir='ltr'>Σισάρα⁸</span> <span class='ocrx_word' id='word_1_32' title='bbox 1459 733 1553 784; x_wconf 73' lang='grc' dir='ltr'>καὶ</span> <span class='ocrx_word' id='word_1_33' title='bbox 1577 731 1817 784; x_wconf 83' lang='grc' dir='ltr'>ἐπελθὼν</span> <span class='ocrx_word' id='word_1_34' title='bbox 1847 732 1943 783; x_wconf 89' lang='lat' dir='ltr'>Ba-</span> 
     </span>
    </p>
   </div>
   <div class='ocr_carea' id='block_1_6' title="bbox 365 808 1942 890">
    <p class='ocr_par' dir='ltr' id='par_1_6' title="bbox 365 808 1942 890">
     <span class='ocr_line' id='line_1_6' title="bbox 365 808 1942 890; baseline 0.003 -26"><span class='ocrx_word' id='word_1_35' title='bbox 365 811 474 883; x_wconf 79' lang='grc' dir='ltr'>ράκ</span> <span class='ocrx_word' id='word_1_36' title='bbox 503 808 639 866; x_wconf 80' lang='grc' dir='ltr'>εἶδεν</span> <span class='ocrx_word' id='word_1_37' title='bbox 667 813 829 866; x_wconf 79' lang='grc' dir='ltr'>αὐτὸν</span> <span class='ocrx_word' id='word_1_38' title='bbox 860 813 1179 884; x_wconf 84' lang='grc' dir='ltr'>τεθνηκότα.</span> <span class='ocrx_word' id='word_1_39' title='bbox 1212 815 1343 868; x_wconf 86' lang='grc' dir='ltr'>Τότε</span> <span class='ocrx_word' id='word_1_40' title='bbox 1383 814 1512 890; x_wconf 79' lang='grc' dir='ltr'>ᾖσεν</span> <span class='ocrx_word' id='word_1_41' title='bbox 1541 817 1682 887; x_wconf 81' lang='grc' dir='ltr'>ᾠδὴν</span> <span class='ocrx_word' id='word_1_42' title='bbox 1719 815 1942 888; x_wconf 90' lang='grc' dir='ltr'>Δεϐώρα</span> 
     </span>
    </p>
   </div>
   <div class='ocr_carea' id='block_1_7' title="bbox 362 895 1938 969">
    <p class='ocr_par' dir='ltr' id='par_1_7' title="bbox 362 895 1938 969">
     <span class='ocr_line' id='line_1_7' title="bbox 362 895 1938 969; baseline 0.003 -23"><span class='ocrx_word' id='word_1_43' title='bbox 362 895 652 948; x_wconf 83' lang='grc' dir='ltr'>ἐπινίκιον.</span> <span class='ocrx_word' id='word_1_44' title='bbox 687 895 856 948; x_wconf 87' lang='grc' dir='ltr'>Πάλιν</span> <span class='ocrx_word' id='word_1_45' title='bbox 891 897 1272 966; x_wconf 79' lang='grc' dir='ltr'>παραδίδονται</span> <span class='ocrx_word' id='word_1_46' title='bbox 1305 901 1385 962; x_wconf 90' lang='grc' dir='ltr'>είς</span> <span class='ocrx_word' id='word_1_47' title='bbox 1413 902 1602 969; x_wconf 89' lang='grc' dir='ltr'>χεῖρας</span> <span class='ocrx_word' id='word_1_48' title='bbox 1631 899 1859 968; x_wconf 71' lang='grc' dir='ltr'>Μαδιάμ</span> <span class='ocrx_word' id='word_1_49' title='bbox 1891 901 1938 951; x_wconf 90' lang='grc' dir='ltr'>οί</span> 
     </span>
    </p>
   </div>
   <div class='ocr_carea' id='block_1_8' title="bbox 376 979 1934 1052">
    <p class='ocr_par' dir='ltr' id='par_1_8' title="bbox 376 979 1934 1052">
     <span class='ocr_line' id='line_1_8' title="bbox 376 979 1934 1052; baseline 0.004 -22"><span class='ocrx_word' id='word_1_50' title='bbox 376 979 725 1050; x_wconf 75' lang='grc' dir='ltr'>Ἰσραηλῖταιο</span> <span class='ocrx_word' id='word_1_51' title='bbox 785 981 1023 1051; x_wconf 85' lang='grc' dir='ltr'>συνεχῶς</span> <span class='ocrx_word' id='word_1_52' title='bbox 1072 981 1180 1052; x_wconf 83' lang='grc' dir='ltr'>γάρ</span> <span class='ocrx_word' id='word_1_53' title='bbox 1239 980 1588 1052; x_wconf 74' lang='grc' dir='ltr'>παρὼργιζον</span> <span class='ocrx_word' id='word_1_54' title='bbox 1639 983 1729 1036; x_wconf 86' lang='grc' dir='ltr'>τὸν</span> <span class='ocrx_word' id='word_1_55' title='bbox 1784 983 1934 1037; x_wconf 90' lang='grc' dir='ltr'>Θεόν.</span> 
     </span>
    </p>
   </div>
   <div class='ocr_carea' id='block_1_9' title="bbox 363 1062 1938 1137">
    <p class='ocr_par' dir='ltr' id='par_1_9' title="bbox 363 1062 1938 1137">
     <span class='ocr_line' id='line_1_9' title="bbox 363 1062 1938 1137; baseline 0.004 -24"><span class='ocrx_word' id='word_1_56' title='bbox 363 1062 498 1114; x_wconf 83' lang='grc' dir='ltr'>Τότε</span> <span class='ocrx_word' id='word_1_57' title='bbox 529 1062 606 1132; x_wconf 83' lang='grc' dir='ltr'>τῷ</span> <span class='ocrx_word' id='word_1_58' title='bbox 641 1062 842 1116; x_wconf 86' lang='grc' dir='ltr'>Γεδεὼν</span> <span class='ocrx_word' id='word_1_59' title='bbox 866 1063 1019 1135; x_wconf 80' lang='grc' dir='ltr'>ὤφθη</span> <span class='ocrx_word' id='word_1_60' title='bbox 1050 1063 1296 1132; x_wconf 81' lang='grc' dir='ltr'>ἄγγελος,</span> <span class='ocrx_word' id='word_1_61' title='bbox 1326 1066 1419 1119; x_wconf 77' lang='grc' dir='ltr'>καὶ</span> <span class='ocrx_word' id='word_1_62' title='bbox 1445 1065 1816 1137; x_wconf 83' lang='grc' dir='ltr'>παρώρμησεν</span> <span class='ocrx_word' id='word_1_63' title='bbox 1860 1069 1938 1129; x_wconf 86' lang='grc' dir='ltr'>εἰς</span> 
     </span>
    </p>
   </div>
   <div class='ocr_carea' id='block_1_10' title="bbox 363 1141 1938 1218">
    <p class='ocr_par' dir='ltr' id='par_1_10' title="bbox 363 1141 1938 1218">
     <span class='ocr_line' id='line_1_10' title="bbox 363 1141 1938 1218; baseline 0.004 -23"><span class='ocrx_word' id='word_1_64' title='bbox 363 1144 618 1215; x_wconf 90' lang='grc' dir='ltr'>πόλεμον.</span> <span class='ocrx_word' id='word_1_65' title='bbox 653 1141 786 1198; x_wconf 75' lang='grc' dir='ltr'>Εἶτα</span> <span class='ocrx_word' id='word_1_66' title='bbox 811 1149 837 1200; x_wconf 99' lang='lat'>6</span> <span class='ocrx_word' id='word_1_67' title='bbox 861 1146 1063 1216; x_wconf 87' lang='grc' dir='ltr'>Κύριος</span> <span class='ocrx_word' id='word_1_68' title='bbox 1091 1147 1300 1199; x_wconf 82' lang='grc' dir='ltr'>κελεύει</span> <span class='ocrx_word' id='word_1_69' title='bbox 1329 1147 1489 1201; x_wconf 84' lang='grc' dir='ltr'>αὐτὸν</span> <span class='ocrx_word' id='word_1_70' title='bbox 1523 1148 1680 1202; x_wconf 88' lang='grc' dir='ltr'>θῦσαι</span> <span class='ocrx_word' id='word_1_71' title='bbox 1714 1149 1805 1201; x_wconf 89' lang='grc' dir='ltr'>τὸν</span> <span class='ocrx_word' id='word_1_72' title='bbox 1843 1150 1938 1218; x_wconf 89' lang='grc' dir='ltr'>μό-</span> 
     </span>
    </p>
   </div>
   <div class='ocr_carea' id='block_1_11' title="bbox 361 1229 1937 1300">
    <p class='ocr_par' dir='ltr' id='par_1_11' title="bbox 361 1229 1937 1300">
     <span class='ocr_line' id='line_1_11' title="bbox 361 1229 1937 1300; baseline 0.003 -21"><span class='ocrx_word' id='word_1_73' title='bbox 361 1244 492 1298; x_wconf 89' lang='grc' dir='ltr'>σχον</span> <span class='ocrx_word' id='word_1_74' title='bbox 520 1229 610 1281; x_wconf 84' lang='grc' dir='ltr'>τὸν</span> <span class='ocrx_word' id='word_1_75' title='bbox 643 1230 884 1282; x_wconf 84' lang='grc' dir='ltr'>σιτευτὸν</span> <span class='ocrx_word' id='word_1_76' title='bbox 912 1231 1004 1284; x_wconf 90' lang='grc' dir='ltr'>τοῦ</span> <span class='ocrx_word' id='word_1_77' title='bbox 1035 1231 1234 1300; x_wconf 67' lang='grc' dir='ltr'>πατρὸς</span> <span class='ocrx_word' id='word_1_78' title='bbox 1271 1230 1458 1294; x_wconf 83' lang='grc' dir='ltr'>αὑτοῦ,</span> <span class='ocrx_word' id='word_1_79' title='bbox 1499 1233 1592 1284; x_wconf 72' lang='grc' dir='ltr'>καὶ</span> <span class='ocrx_word' id='word_1_80' title='bbox 1629 1233 1937 1300; x_wconf 78' lang='grc' dir='ltr'>ἀνενεγκεῖν</span> 
     </span>
    </p>
   </div>
   <div class='ocr_carea' id='block_1_12' title="bbox 358 1311 1934 1385">
    <p class='ocr_par' dir='ltr' id='par_1_12' title="bbox 358 1311 1934 1385">
     <span class='ocr_line' id='line_1_12' title="bbox 358 1311 1934 1385; baseline 0.003 -22"><span class='ocrx_word' id='word_1_81' title='bbox 358 1311 739 1381; x_wconf 81' lang='grc' dir='ltr'>ὀλοκαύτωμα.</span> <span class='ocrx_word' id='word_1_82' title='bbox 789 1314 882 1367; x_wconf 75' lang='grc' dir='ltr'>καὶ</span> <span class='ocrx_word' id='word_1_83' title='bbox 925 1315 986 1366; x_wconf 88' lang='grc' dir='ltr'><strong>τὸ</strong></span> <span class='ocrx_word' id='word_1_84' title='bbox 1024 1312 1405 1385; x_wconf 79' lang='grc' dir='ltr'>θυσιαστήριον</span> <span class='ocrx_word' id='word_1_85' title='bbox 1448 1316 1792 1384; x_wconf 71' lang='grc' dir='ltr'>κατασκάψαι</span> <span class='ocrx_word' id='word_1_86' title='bbox 1841 1316 1934 1368; x_wconf 90' lang='grc' dir='ltr'>τοῦ</span> 
     </span>
    </p>
   </div>
   <div class='ocr_carea' id='block_1_13' title="bbox 359 1392 1936 1470">
    <p class='ocr_par' dir='ltr' id='par_1_13' title="bbox 359 1392 1936 1470">
     <span class='ocr_line' id='line_1_13' title="bbox 359 1392 1936 1470; baseline 0.006 -26"><span class='ocrx_word' id='word_1_87' title='bbox 359 1393 528 1448; x_wconf 87' lang='grc' dir='ltr'>Βάαλ.</span> <span class='ocrx_word' id='word_1_88' title='bbox 568 1392 852 1466; x_wconf 89' lang='grc' dir='ltr'>Ἐποίησεν</span> <span class='ocrx_word' id='word_1_89' title='bbox 891 1395 1084 1460; x_wconf 73' lang='grc' dir='ltr'>οὕτως,</span> <span class='ocrx_word' id='word_1_90' title='bbox 1120 1398 1212 1451; x_wconf 76' lang='grc' dir='ltr'>καὶ</span> <span class='ocrx_word' id='word_1_91' title='bbox 1247 1400 1544 1468; x_wconf 84' lang='grc' dir='ltr'>ἀνήνεγκεν</span> <span class='ocrx_word' id='word_1_92' title='bbox 1585 1399 1936 1470; x_wconf 87' lang='grc' dir='ltr'>ὁλοκαύτωμα</span> 
     </span>
    </p>
   </div>
   <div class='ocr_carea' id='block_1_14' title="bbox 357 1478 1934 1554">
    <p class='ocr_par' dir='ltr' id='par_1_14' title="bbox 357 1478 1934 1554">
     <span class='ocr_line' id='line_1_14' title="bbox 357 1478 1934 1554; baseline 0.004 -24"><span class='ocrx_word' id='word_1_93' title='bbox 357 1478 437 1548; x_wconf 85' lang='grc' dir='ltr'>τῷ</span> <span class='ocrx_word' id='word_1_94' title='bbox 469 1478 608 1550; x_wconf 82' lang='grc' dir='ltr'>Θεῷ.</span> <span class='ocrx_word' id='word_1_95' title='bbox 635 1480 745 1534; x_wconf 77' lang='grc' dir='ltr'>Καὶ</span> <span class='ocrx_word' id='word_1_96' title='bbox 772 1483 912 1534; x_wconf 81' lang='grc' dir='ltr'>αἰτεῖ</span> <span class='ocrx_word' id='word_1_97' title='bbox 936 1484 1158 1552; x_wconf 86' lang='grc' dir='ltr'>σημεῖον</span> <span class='ocrx_word' id='word_1_98' title='bbox 1186 1484 1214 1535; x_wconf 92' lang='lat'>6</span> <span class='ocrx_word' id='word_1_99' title='bbox 1241 1482 1446 1536; x_wconf 88' lang='grc' dir='ltr'>Γεδεὼν</span> <span class='ocrx_word' id='word_1_100' title='bbox 1479 1483 1506 1535; x_wconf 90' lang='lat'>6</span> <span class='ocrx_word' id='word_1_101' title='bbox 1535 1484 1626 1536; x_wconf 77' lang='grc' dir='ltr'>καὶ</span> <span class='ocrx_word' id='word_1_102' title='bbox 1661 1483 1934 1554; x_wconf 82' lang='grc' dir='ltr'>Ἱεροϐαάλ</span> 
     </span>
    </p>
   </div>
   <div class='ocr_carea' id='block_1_15' title="bbox 356 1561 1934 1634">
    <p class='ocr_par' dir='ltr' id='par_1_15' title="bbox 356 1561 1934 1634">
     <span class='ocr_line' id='line_1_15' title="bbox 356 1561 1934 1634; baseline 0.005 -22"><span class='ocrx_word' id='word_1_103' title='bbox 356 1561 419 1612; x_wconf 77' lang='grc' dir='ltr'>τὸ</span> <span class='ocrx_word' id='word_1_104' title='bbox 465 1563 557 1614; x_wconf 68' lang='grc' dir='ltr'>ἐπὶ</span> <span class='ocrx_word' id='word_1_105' title='bbox 602 1563 695 1615; x_wconf 86' lang='grc' dir='ltr'>τοῦ</span> <span class='ocrx_word' id='word_1_106' title='bbox 739 1564 906 1616; x_wconf 89' lang='grc' dir='ltr'>πόκου</span> <span class='ocrx_word' id='word_1_107' title='bbox 953 1564 1262 1634; x_wconf 86' lang='grc' dir='ltr'>γενόμενον.</span> <span class='ocrx_word' id='word_1_108' title='bbox 1313 1565 1421 1618; x_wconf 77' lang='grc' dir='ltr'>Καὶ</span> <span class='ocrx_word' id='word_1_109' title='bbox 1469 1566 1745 1620; x_wconf 88' lang='grc' dir='ltr'>κελεύεται</span> <span class='ocrx_word' id='word_1_110' title='bbox 1789 1567 1934 1620; x_wconf 77' lang='grc' dir='ltr'>ἀπαν</span> 
     </span>
    </p>
   </div>
   <div class='ocr_carea' id='block_1_16' title="bbox 356 1645 1933 1721">
    <p class='ocr_par' dir='ltr' id='par_1_16' title="bbox 356 1645 1933 1721">
     <span class='ocr_line' id='line_1_16' title="bbox 356 1645 1933 1721; baseline 0.004 -25"><span class='ocrx_word' id='word_1_111' title='bbox 356 1645 681 1715; x_wconf 72' lang='grc' dir='ltr'>ἀποπέμψαι</span> <span class='ocrx_word' id='word_1_112' title='bbox 735 1647 794 1700; x_wconf 83' lang='grc' dir='ltr'>τὸ</span> <span class='ocrx_word' id='word_1_113' title='bbox 842 1647 1221 1716; x_wconf 85' lang='grc' dir='ltr'>στρατόπεδον,</span> <span class='ocrx_word' id='word_1_114' title='bbox 1264 1650 1611 1719; x_wconf 82' lang='grc' dir='ltr'>τριακοσίους</span> <span class='ocrx_word' id='word_1_115' title='bbox 1659 1650 1716 1702; x_wconf 86' lang='grc' dir='ltr'>δὲ</span> <span class='ocrx_word' id='word_1_116' title='bbox 1774 1651 1933 1721; x_wconf 92' lang='grc' dir='ltr'>μόνον</span> 
     </span>
    </p>
   </div>
   <div class='ocr_carea' id='block_1_17' title="bbox 355 1731 1932 1804">
    <p class='ocr_par' dir='ltr' id='par_1_17' title="bbox 355 1731 1932 1804">
     <span class='ocr_line' id='line_1_17' title="bbox 355 1731 1932 1804; baseline 0.005 -24"><span class='ocrx_word' id='word_1_117' title='bbox 355 1732 672 1798; x_wconf 79' lang='grc' dir='ltr'>κατασχεῖν.</span> <span class='ocrx_word' id='word_1_118' title='bbox 702 1731 810 1784; x_wconf 78' lang='grc' dir='ltr'>Καὶ</span> <span class='ocrx_word' id='word_1_119' title='bbox 839 1731 1094 1803; x_wconf 86' lang='grc' dir='ltr'>ἐποίησεν</span> <span class='ocrx_word' id='word_1_120' title='bbox 1125 1731 1288 1794; x_wconf 81' lang='grc' dir='ltr'>οὕτω,</span> <span class='ocrx_word' id='word_1_121' title='bbox 1333 1733 1426 1786; x_wconf 76' lang='grc' dir='ltr'>καὶ</span> <span class='ocrx_word' id='word_1_122' title='bbox 1464 1733 1754 1802; x_wconf 89' lang='grc' dir='ltr'>συμϐαλὼν</span> <span class='ocrx_word' id='word_1_123' title='bbox 1796 1735 1932 1804; x_wconf 87' lang='grc' dir='ltr'>μετά</span> 
     </span>
    </p>
   </div>
   <div class='ocr_carea' id='block_1_18' title="bbox 353 1811 1930 1886">
    <p class='ocr_par' dir='ltr' id='par_1_18' title="bbox 353 1811 1930 1886">
     <span class='ocr_line' id='line_1_18' title="bbox 353 1811 1930 1886; baseline 0.005 -22"><span class='ocrx_word' id='word_1_124' title='bbox 353 1812 654 1882; x_wconf 82' lang='grc' dir='ltr'>λαμπάδων</span> <span class='ocrx_word' id='word_1_125' title='bbox 683 1816 775 1868; x_wconf 75' lang='grc' dir='ltr'>καὶ</span> <span class='ocrx_word' id='word_1_126' title='bbox 803 1816 1135 1884; x_wconf 83' lang='grc' dir='ltr'>σαλπίγγων,</span> <span class='ocrx_word' id='word_1_127' title='bbox 1164 1811 1274 1869; x_wconf 76' lang='grc' dir='ltr'>εἷλε</span> <span class='ocrx_word' id='word_1_128' title='bbox 1299 1817 1425 1881; x_wconf 86' lang='grc' dir='ltr'>τοὺς</span> <span class='ocrx_word' id='word_1_129' title='bbox 1449 1817 1758 1886; x_wconf 79' lang='grc' dir='ltr'>πολεμίους.</span> <span class='ocrx_word' id='word_1_130' title='bbox 1797 1819 1930 1872; x_wconf 87' lang='grc' dir='ltr'>Τότε</span> 
     </span>
    </p>
   </div>
   <div class='ocr_carea' id='block_1_19' title="bbox 354 1899 1932 1971">
    <p class='ocr_par' dir='ltr' id='par_1_19' title="bbox 354 1899 1932 1971">
     <span class='ocr_line' id='line_1_19' title="bbox 354 1899 1932 1971; baseline 0.004 -22"><span class='ocrx_word' id='word_1_131' title='bbox 354 1899 708 1970; x_wconf 79' lang='grc' dir='ltr'>ἀνῃρήθησαν</span> <span class='ocrx_word' id='word_1_132' title='bbox 743 1899 906 1971; x_wconf 85' lang='grc' dir='ltr'>Ὠρὴϐ</span> <span class='ocrx_word' id='word_1_133' title='bbox 938 1900 1034 1954; x_wconf 75' lang='grc' dir='ltr'>καὶ</span> <span class='ocrx_word' id='word_1_134' title='bbox 1062 1899 1172 1971; x_wconf 81' lang='grc' dir='ltr'>Ζήϐ</span> <span class='ocrx_word' id='word_1_135' title='bbox 1201 1900 1251 1952; x_wconf 85' lang='grc' dir='ltr'>οἱ</span> <span class='ocrx_word' id='word_1_136' title='bbox 1278 1899 1535 1971; x_wconf 80' lang='grc' dir='ltr'>ἄρχοντες</span> <span class='ocrx_word' id='word_1_137' title='bbox 1566 1901 1811 1970; x_wconf 74' lang='grc' dir='ltr'>Μαδιάμ.</span> <span class='ocrx_word' id='word_1_138' title='bbox 1838 1903 1932 1955; x_wconf 79' lang='grc' dir='ltr'>καὶ</span> 
     </span>
    </p>
   </div>
   <div class='ocr_carea' id='block_1_20' title="bbox 351 1981 1929 2054">
    <p class='ocr_par' dir='ltr' id='par_1_20' title="bbox 351 1981 1929 2054">
     <span class='ocr_line' id='line_1_20' title="bbox 351 1981 1929 2054; baseline 0.003 -18"><span class='ocrx_word' id='word_1_139' title='bbox 351 1981 517 2036; x_wconf 84' lang='grc' dir='ltr'>Ζεϐεὲ</span> <span class='ocrx_word' id='word_1_140' title='bbox 563 1984 657 2035; x_wconf 73' lang='grc' dir='ltr'>καὶ</span> <span class='ocrx_word' id='word_1_141' title='bbox 699 1983 954 2054; x_wconf 85' lang='grc' dir='ltr'>Σαλμανά</span> <span class='ocrx_word' id='word_1_142' title='bbox 994 1985 1043 2036; x_wconf 69' lang='lat' dir='ltr'>oi</span> <span class='ocrx_word' id='word_1_143' title='bbox 1075 1983 1330 2052; x_wconf 82' lang='grc' dir='ltr'>βασιλεῖς.</span> <span class='ocrx_word' id='word_1_144' title='bbox 1377 1984 1685 2039; x_wconf 84' lang='grc' dir='ltr'>Ἀποθανὼν</span> <span class='ocrx_word' id='word_1_145' title='bbox 1725 1986 1929 2041; x_wconf 85' lang='grc' dir='ltr'>Γεδεὼν</span> 
     </span>
    </p>
   </div>
   <div class='ocr_carea' id='block_1_21' title="bbox 352 2065 1929 2137">
    <p class='ocr_par' dir='ltr' id='par_1_21' title="bbox 352 2065 1929 2137">
     <span class='ocr_line' id='line_1_21' title="bbox 352 2065 1929 2137; baseline 0.004 -20"><span class='ocrx_word' id='word_1_146' title='bbox 352 2065 644 2118; x_wconf 86' lang='grc' dir='ltr'>κατέλιπεν</span> <span class='ocrx_word' id='word_1_147' title='bbox 694 2067 843 2130; x_wconf 79' lang='grc' dir='ltr'>υἱοὺς</span> <span class='ocrx_word' id='word_1_148' title='bbox 872 2066 1259 2137; x_wconf 88' lang='grc' dir='ltr'>ἐϐδομήκοντα,</span> <span class='ocrx_word' id='word_1_149' title='bbox 1316 2068 1409 2119; x_wconf 78' lang='grc' dir='ltr'>καὶ</span> <span class='ocrx_word' id='word_1_150' title='bbox 1449 2068 1556 2122; x_wconf 80' lang='grc' dir='ltr'>ἀπὸ</span> <span class='ocrx_word' id='word_1_151' title='bbox 1604 2069 1929 2135; x_wconf 80' lang='grc' dir='ltr'>παλλακίδος</span> 
     </span>
    </p>
   </div>
   <div class='ocr_carea' id='block_1_22' title="bbox 350 2145 1924 2222">
    <p class='ocr_par' dir='ltr' id='par_1_22' title="bbox 350 2145 1924 2222">
     <span class='ocr_line' id='line_1_22' title="bbox 350 2145 1924 2222; baseline 0.004 -21"><span class='ocrx_word' id='word_1_152' title='bbox 350 2149 450 2202; x_wconf 78' lang='grc' dir='ltr'>ἕνα</span> <span class='ocrx_word' id='word_1_153' title='bbox 480 2148 574 2202; x_wconf 85' lang='grc' dir='ltr'>τὸν</span> <span class='ocrx_word' id='word_1_154' title='bbox 603 2148 907 2219; x_wconf 84' lang='grc' dir='ltr'>Ἀϐιμέλεκ.</span> <span class='ocrx_word' id='word_1_155' title='bbox 953 2145 1120 2212; x_wconf 66' lang='grc' dir='ltr'>Οὗτος</span> <span class='ocrx_word' id='word_1_156' title='bbox 1148 2151 1273 2214; x_wconf 83' lang='grc' dir='ltr'>τοὺς</span> <span class='ocrx_word' id='word_1_157' title='bbox 1305 2150 1673 2222; x_wconf 86' lang='grc' dir='ltr'>ἐϐδομήκοντα</span> <span class='ocrx_word' id='word_1_158' title='bbox 1703 2153 1924 2222; x_wconf 87' lang='grc' dir='ltr'>ἀνελὼν,</span> 
     </span>
    </p>
   </div>
   <div class='ocr_carea' id='block_1_23' title="bbox 351 2231 1928 2307">
    <p class='ocr_par' dir='ltr' id='par_1_23' title="bbox 351 2231 1928 2307">
     <span class='ocr_line' id='line_1_23' title="bbox 351 2231 1928 2307; baseline 0.006 -25"><span class='ocrx_word' id='word_1_159' title='bbox 351 2231 622 2302; x_wconf 82' lang='grc' dir='ltr'>ἐκράτησε</span> <span class='ocrx_word' id='word_1_160' title='bbox 681 2234 778 2303; x_wconf 81' lang='grc' dir='ltr'>τὴν</span> <span class='ocrx_word' id='word_1_161' title='bbox 831 2232 1121 2302; x_wconf 87' lang='grc' dir='ltr'>βασιλείαν·</span> <span class='ocrx_word' id='word_1_162' title='bbox 1171 2233 1264 2287; x_wconf 75' lang='grc' dir='ltr'>καὶ</span> <span class='ocrx_word' id='word_1_163' title='bbox 1323 2234 1439 2302; x_wconf 85' lang='grc' dir='ltr'>μετ’</span> <span class='ocrx_word' id='word_1_164' title='bbox 1485 2235 1546 2288; x_wconf 86' lang='grc' dir='ltr'>ού</span> <span class='ocrx_word' id='word_1_165' title='bbox 1597 2236 1730 2290; x_wconf 80' lang='grc' dir='ltr'>πολὺ</span> <span class='ocrx_word' id='word_1_166' title='bbox 1774 2237 1928 2307; x_wconf 90' lang='grc' dir='ltr'>δίκην</span> 
     </span>
    </p>
   </div>
   <div class='ocr_carea' id='block_1_24' title="bbox 350 2313 1926 2393">
    <p class='ocr_par' dir='ltr' id='par_1_24' title="bbox 350 2313 1926 2393">
     <span class='ocr_line' id='line_1_24' title="bbox 350 2313 1926 2393; baseline 0.006 -27"><span class='ocrx_word' id='word_1_167' title='bbox 350 2313 520 2367; x_wconf 73' lang='grc' dir='ltr'>ἔδωκε</span> <span class='ocrx_word' id='word_1_168' title='bbox 559 2315 659 2385; x_wconf 85' lang='grc' dir='ltr'>τῆς</span> <span class='ocrx_word' id='word_1_169' title='bbox 688 2316 1119 2383; x_wconf 75' lang='grc' dir='ltr'>ἀδελφοκτονίας.</span> <span class='ocrx_word' id='word_1_170' title='bbox 1144 2315 1464 2386; x_wconf 85' lang='grc' dir='ltr'>Προσελθὼν</span> <span class='ocrx_word' id='word_1_171' title='bbox 1491 2319 1598 2389; x_wconf 83' lang='grc' dir='ltr'>γάρ</span> <span class='ocrx_word' id='word_1_172' title='bbox 1627 2319 1684 2371; x_wconf 88' lang='grc' dir='ltr'>ἐν</span> <span class='ocrx_word' id='word_1_173' title='bbox 1709 2320 1926 2393; x_wconf 85' lang='grc' dir='ltr'>πολέμῳ</span> 
     </span>
    </p>
   </div>
   <div class='ocr_carea' id='block_1_25' title="bbox 347 2397 1926 2472">
    <p class='ocr_par' dir='ltr' id='par_1_25' title="bbox 347 2397 1926 2472">
     <span class='ocr_line' id='line_1_25' title="bbox 347 2397 1926 2472; baseline 0.006 -24"><span class='ocrx_word' id='word_1_174' title='bbox 347 2399 457 2449; x_wconf 77' lang='grc' dir='ltr'>τινὶ</span> <span class='ocrx_word' id='word_1_175' title='bbox 487 2397 660 2460; x_wconf 90' lang='grc' dir='ltr'>πόλει,</span> <span class='ocrx_word' id='word_1_176' title='bbox 687 2399 958 2470; x_wconf 85' lang='grc' dir='ltr'>κλάσματι</span> <span class='ocrx_word' id='word_1_177' title='bbox 986 2399 1150 2468; x_wconf 80' lang='grc' dir='ltr'>μύλου</span> <span class='ocrx_word' id='word_1_178' title='bbox 1178 2399 1410 2469; x_wconf 88' lang='grc' dir='ltr'>ἐθλάσθη</span> <span class='ocrx_word' id='word_1_179' title='bbox 1436 2401 1533 2470; x_wconf 77' lang='grc' dir='ltr'>τὴν</span> <span class='ocrx_word' id='word_1_180' title='bbox 1561 2402 1799 2472; x_wconf 78' lang='grc' dir='ltr'>κεφαλὴν</span> <span class='ocrx_word' id='word_1_181' title='bbox 1822 2406 1926 2458; x_wconf 83' lang='grc' dir='ltr'>ὑπὸ</span> 
     </span>
    </p>
   </div>
   <div class='ocr_carea' id='block_1_26' title="bbox 347 2481 1925 2558">
    <p class='ocr_par' dir='ltr' id='par_1_26' title="bbox 347 2481 1925 2558">
     <span class='ocr_line' id='line_1_26' title="bbox 347 2481 1925 2558; baseline 0.006 -25"><span class='ocrx_word' id='word_1_182' title='bbox 347 2481 625 2547; x_wconf 84' lang='grc' dir='ltr'>γυναικὸς,</span> <span class='ocrx_word' id='word_1_183' title='bbox 670 2482 763 2534; x_wconf 77' lang='grc' dir='ltr'>καὶ</span> <span class='ocrx_word' id='word_1_184' title='bbox 800 2482 1056 2535; x_wconf 85' lang='grc' dir='ltr'>ἀπέθανε.</span> <span class='ocrx_word' id='word_1_185' title='bbox 1103 2483 1256 2536; x_wconf 86' lang='grc' dir='ltr'>Μετά</span> <span class='ocrx_word' id='word_1_186' title='bbox 1285 2484 1378 2536; x_wconf 86' lang='grc' dir='ltr'>τὸν</span> <span class='ocrx_word' id='word_1_187' title='bbox 1417 2483 1700 2553; x_wconf 85' lang='grc' dir='ltr'>Ἀϐιμέλεκ</span> <span class='ocrx_word' id='word_1_188' title='bbox 1743 2487 1925 2558; x_wconf 82' lang='grc' dir='ltr'>ἔκρινε</span> 
     </span>
    </p>
   </div>
   <div class='ocr_carea' id='block_1_27' title="bbox 345 2565 1924 2640">
    <p class='ocr_par' dir='ltr' id='par_1_27' title="bbox 345 2565 1924 2640">
     <span class='ocr_line' id='line_1_27' title="bbox 345 2565 1924 2640; baseline 0.005 -22"><span class='ocrx_word' id='word_1_189' title='bbox 345 2565 526 2628; x_wconf 81' lang='grc' dir='ltr'>Θωλά,</span> <span class='ocrx_word' id='word_1_190' title='bbox 561 2566 698 2636; x_wconf 87' lang='grc' dir='ltr'>μετά</span> <span class='ocrx_word' id='word_1_191' title='bbox 739 2567 830 2619; x_wconf 77' lang='grc' dir='ltr'>τὸν</span> <span class='ocrx_word' id='word_1_192' title='bbox 866 2566 1022 2620; x_wconf 86' lang='grc' dir='ltr'>Θωλά</span> <span class='ocrx_word' id='word_1_193' title='bbox 1057 2567 1239 2637; x_wconf 86' lang='grc' dir='ltr'>Ίαείρ.</span> <span class='ocrx_word' id='word_1_194' title='bbox 1287 2569 1398 2621; x_wconf 79' lang='grc' dir='ltr'>Καὶ</span> <span class='ocrx_word' id='word_1_195' title='bbox 1435 2569 1789 2640; x_wconf 89' lang='grc' dir='ltr'>παρώργισαν</span> <span class='ocrx_word' id='word_1_196' title='bbox 1833 2572 1924 2626; x_wconf 80' lang='grc' dir='ltr'>τὸν</span> 
     </span>
    </p>
   </div>
   <div class='ocr_carea' id='block_1_28' title="bbox 345 2649 1922 2728">
    <p class='ocr_par' dir='ltr' id='par_1_28' title="bbox 345 2649 1922 2728">
     <span class='ocr_line' id='line_1_28' title="bbox 345 2649 1922 2728; baseline 0.005 -26"><span class='ocrx_word' id='word_1_197' title='bbox 345 2649 479 2703; x_wconf 83' lang='grc' dir='ltr'>Θεὸν</span> <span class='ocrx_word' id='word_1_198' title='bbox 507 2651 614 2704; x_wconf 75' lang='grc' dir='ltr'>υἱοὶ</span> <span class='ocrx_word' id='word_1_199' title='bbox 653 2651 889 2722; x_wconf 83' lang='grc' dir='ltr'>Ἰσραὴλ,</span> <span class='ocrx_word' id='word_1_200' title='bbox 924 2651 1018 2704; x_wconf 79' lang='grc' dir='ltr'>καὶ</span> <span class='ocrx_word' id='word_1_201' title='bbox 1050 2652 1424 2722; x_wconf 77' lang='grc' dir='ltr'>παρεδόθησαν</span> <span class='ocrx_word' id='word_1_202' title='bbox 1454 2656 1534 2717; x_wconf 88' lang='grc' dir='ltr'>εἰς</span> <span class='ocrx_word' id='word_1_203' title='bbox 1561 2657 1747 2725; x_wconf 84' lang='grc' dir='ltr'>χεῖρας</span> <span class='ocrx_word' id='word_1_204' title='bbox 1789 2657 1922 2728; x_wconf 81' lang='grc' dir='ltr'>Ἀμ-</span> 
     </span>
    </p>
   </div>
   <div class='ocr_carea' id='block_1_29' title="bbox 347 2732 1919 2809">
    <p class='ocr_par' dir='ltr' id='par_1_29' title="bbox 347 2732 1919 2809">
     <span class='ocr_line' id='line_1_29' title="bbox 347 2732 1919 2809; baseline 0.006 -24"><span class='ocrx_word' id='word_1_205' title='bbox 347 2732 487 2801; x_wconf 84' lang='grc' dir='ltr'>μών.</span> <span class='ocrx_word' id='word_1_206' title='bbox 515 2734 650 2787; x_wconf 84' lang='grc' dir='ltr'>Τότε</span> <span class='ocrx_word' id='word_1_207' title='bbox 690 2734 780 2787; x_wconf 88' lang='grc' dir='ltr'>τὸν</span> <span class='ocrx_word' id='word_1_208' title='bbox 820 2734 1048 2802; x_wconf 78' lang='grc' dir='ltr'>Ἰεφθάε,</span> <span class='ocrx_word' id='word_1_209' title='bbox 1091 2735 1205 2787; x_wconf 85' lang='grc' dir='ltr'>υἱὸν</span> <span class='ocrx_word' id='word_1_210' title='bbox 1241 2735 1368 2789; x_wconf 80' lang='grc' dir='ltr'>ὄντα</span> <span class='ocrx_word' id='word_1_211' title='bbox 1411 2737 1665 2805; x_wconf 74' lang='grc' dir='ltr'>γυναικὸς</span> <span class='ocrx_word' id='word_1_212' title='bbox 1699 2740 1919 2809; x_wconf 78' lang='grc' dir='ltr'>πόρνης,</span> 
     </span>
    </p>
   </div>
   <div class='ocr_carea' id='block_1_30' title="bbox 344 2816 1922 2892">
    <p class='ocr_par' dir='ltr' id='par_1_30' title="bbox 344 2816 1922 2892">
     <span class='ocr_line' id='line_1_30' title="bbox 344 2816 1922 2892; baseline 0.005 -23"><span class='ocrx_word' id='word_1_213' title='bbox 344 2817 440 2869; x_wconf 71' lang='grc' dir='ltr'>καὶ</span> <span class='ocrx_word' id='word_1_214' title='bbox 484 2818 591 2870; x_wconf 73' lang='grc' dir='ltr'>ὑπὸ</span> <span class='ocrx_word' id='word_1_215' title='bbox 632 2817 740 2870; x_wconf 85' lang='grc' dir='ltr'>τῶν</span> <span class='ocrx_word' id='word_1_216' title='bbox 785 2816 1028 2886; x_wconf 77' lang='grc' dir='ltr'>ἀδελφῶν</span> <span class='ocrx_word' id='word_1_217' title='bbox 1066 2818 1399 2872; x_wconf 79' lang='grc' dir='ltr'>ἀπελαθέντα</span> <span class='ocrx_word' id='word_1_218' title='bbox 1439 2821 1537 2890; x_wconf 83' lang='grc' dir='ltr'>τῆς</span> <span class='ocrx_word' id='word_1_219' title='bbox 1570 2822 1821 2892; x_wconf 83' lang='grc' dir='ltr'>πατέρων</span> <span class='ocrx_word' id='word_1_220' title='bbox 1845 2825 1922 2877; x_wconf 86' lang='grc' dir='ltr'>οἰ-</span> 
     </span>
    </p>
   </div>
   <div class='ocr_carea' id='block_1_31' title="bbox 347 2899 1919 2976">
    <p class='ocr_par' dir='ltr' id='par_1_31' title="bbox 347 2899 1919 2976">
     <span class='ocr_line' id='line_1_31' title="bbox 347 2899 1919 2976; baseline 0.006 -25"><span class='ocrx_word' id='word_1_221' title='bbox 347 2901 493 2963; x_wconf 84' lang='grc' dir='ltr'>κίας.</span> <span class='ocrx_word' id='word_1_222' title='bbox 520 2901 569 2954; x_wconf 80' lang='grc' dir='ltr'>οξ</span> <span class='ocrx_word' id='word_1_223' title='bbox 599 2901 856 2972; x_wconf 80' lang='grc' dir='ltr'>ἄρχοντες</span> <span class='ocrx_word' id='word_1_224' title='bbox 893 2899 986 2954; x_wconf 87' lang='grc' dir='ltr'>τοῦ</span> <span class='ocrx_word' id='word_1_225' title='bbox 1023 2901 1150 2954; x_wconf 89' lang='grc' dir='ltr'>λαοῦ</span> <span class='ocrx_word' id='word_1_226' title='bbox 1184 2901 1392 2968; x_wconf 80' lang='grc' dir='ltr'>ἀξιοῦσι</span> <span class='ocrx_word' id='word_1_227' title='bbox 1421 2905 1793 2976; x_wconf 82' lang='grc' dir='ltr'>στρατηγῆσαι</span> <span class='ocrx_word' id='word_1_228' title='bbox 1825 2907 1919 2960; x_wconf 87' lang='grc' dir='ltr'>τοῦ</span> 
     </span>
    </p>
   </div>
   <div class='ocr_carea' id='block_1_32' title="bbox 348 2981 1923 3057">
    <p class='ocr_par' dir='ltr' id='par_1_32' title="bbox 348 2981 1923 3057">
     <span class='ocr_line' id='line_1_32' title="bbox 348 2981 1923 3057; baseline 0.007 -24"><span class='ocrx_word' id='word_1_229' title='bbox 348 2981 583 3052; x_wconf 81' lang='grc' dir='ltr'>πολέμου</span> <span class='ocrx_word' id='word_1_230' title='bbox 607 2984 696 3037; x_wconf 85' lang='grc' dir='ltr'>τοῦ</span> <span class='ocrx_word' id='word_1_231' title='bbox 725 2983 859 3055; x_wconf 74' lang='grc' dir='ltr'>πρὸς</span> <span class='ocrx_word' id='word_1_232' title='bbox 881 2986 1004 3047; x_wconf 73' lang='grc' dir='ltr'>τοὺς</span> <span class='ocrx_word' id='word_1_233' title='bbox 1030 2985 1176 3048; x_wconf 80' lang='grc' dir='ltr'>υἱοὺς</span> <span class='ocrx_word' id='word_1_234' title='bbox 1201 2985 1444 3057; x_wconf 84' lang='grc' dir='ltr'>Ἀμμὼν,</span> <span class='ocrx_word' id='word_1_235' title='bbox 1469 2988 1561 3042; x_wconf 78' lang='grc' dir='ltr'>καὶ</span> <span class='ocrx_word' id='word_1_236' title='bbox 1581 2988 1812 3042; x_wconf 89' lang='grc' dir='ltr'>διδόασιν</span> <span class='ocrx_word' id='word_1_237' title='bbox 1833 2991 1923 3044; x_wconf 85' lang='grc' dir='ltr'>αύ-</span> 
     </span>
    </p>
   </div>
   <div class='ocr_carea' id='block_1_33' title="bbox 349 3065 1918 3143">
    <p class='ocr_par' dir='ltr' id='par_1_33' title="bbox 349 3065 1918 3143">
     <span class='ocr_line' id='line_1_33' title="bbox 349 3065 1918 3143; baseline 0.006 -27"><span class='ocrx_word' id='word_1_238' title='bbox 349 3065 431 3134; x_wconf 82' lang='grc' dir='ltr'>τῷ</span> <span class='ocrx_word' id='word_1_239' title='bbox 456 3066 551 3136; x_wconf 84' lang='grc' dir='ltr'>τὴν</span> <span class='ocrx_word' id='word_1_240' title='bbox 574 3068 764 3138; x_wconf 90' lang='grc' dir='ltr'>ἀρχήν.</span> <span class='ocrx_word' id='word_1_241' title='bbox 799 3068 860 3121; x_wconf 86' lang='lat'>&#39;0</span> <span class='ocrx_word' id='word_1_242' title='bbox 899 3069 954 3122; x_wconf 84' lang='grc' dir='ltr'>δὲ</span> <span class='ocrx_word' id='word_1_243' title='bbox 996 3068 1255 3134; x_wconf 74' lang='grc' dir='ltr'>πεισθεὶς,</span> <span class='ocrx_word' id='word_1_244' title='bbox 1289 3071 1380 3123; x_wconf 82' lang='grc' dir='ltr'>καὶ</span> <span class='ocrx_word' id='word_1_245' title='bbox 1408 3071 1620 3142; x_wconf 82' lang='grc' dir='ltr'>πρῶτον</span> <span class='ocrx_word' id='word_1_246' title='bbox 1651 3073 1918 3143; x_wconf 88' lang='grc' dir='ltr'>πρεσϐευ-</span> 
     </span>
    </p>
   </div>
   <div class='ocr_carea' id='block_1_34' title="bbox 352 3151 1920 3228">
    <p class='ocr_par' dir='ltr' id='par_1_34' title="bbox 352 3151 1920 3228">
     <span class='ocr_line' id='line_1_34' title="bbox 352 3151 1920 3228; baseline 0.006 -26"><span class='ocrx_word' id='word_1_247' title='bbox 352 3151 585 3220; x_wconf 86' lang='grc' dir='ltr'>σάμενος</span> <span class='ocrx_word' id='word_1_248' title='bbox 643 3152 775 3223; x_wconf 84' lang='grc' dir='ltr'>πρὸς</span> <span class='ocrx_word' id='word_1_249' title='bbox 835 3153 927 3206; x_wconf 88' lang='grc' dir='ltr'>τὸν</span> <span class='ocrx_word' id='word_1_250' title='bbox 980 3153 1205 3225; x_wconf 84' lang='grc' dir='ltr'>βασιλέα</span> <span class='ocrx_word' id='word_1_251' title='bbox 1255 3155 1387 3210; x_wconf 86' lang='grc' dir='ltr'>υίῶν</span> <span class='ocrx_word' id='word_1_252' title='bbox 1439 3157 1686 3228; x_wconf 84' lang='grc' dir='ltr'>Ἀμμὼν,</span> <span class='ocrx_word' id='word_1_253' title='bbox 1719 3158 1794 3223; x_wconf 88' lang='grc' dir='ltr'>ὡς</span> <span class='ocrx_word' id='word_1_254' title='bbox 1821 3159 1920 3212; x_wconf 78' lang='grc' dir='ltr'>οὐκ</span> 
     </span>
    </p>
   </div>
   <div class='ocr_carea' id='block_1_35' title="bbox 345 3233 1920 3311">
    <p class='ocr_par' dir='ltr' id='par_1_35' title="bbox 345 3233 1920 3311">
     <span class='ocr_line' id='line_1_35' title="bbox 345 3233 1920 3311; baseline 0.006 -26"><span class='ocrx_word' id='word_1_255' title='bbox 345 3233 582 3299; x_wconf 76' lang='grc' dir='ltr'>ἔπειθεν,</span> <span class='ocrx_word' id='word_1_256' title='bbox 611 3236 904 3306; x_wconf 78' lang='grc' dir='ltr'>εὐξάμενος</span> <span class='ocrx_word' id='word_1_257' title='bbox 933 3236 1009 3307; x_wconf 84' lang='grc' dir='ltr'>τῷ</span> <span class='ocrx_word' id='word_1_258' title='bbox 1038 3237 1155 3308; x_wconf 84' lang='grc' dir='ltr'>Θεῷ</span> <span class='ocrx_word' id='word_1_259' title='bbox 1185 3237 1367 3292; x_wconf 79' lang='grc' dir='ltr'>θύσειν</span> <span class='ocrx_word' id='word_1_260' title='bbox 1396 3239 1486 3292; x_wconf 78' lang='grc' dir='ltr'>τὸν</span> <span class='ocrx_word' id='word_1_261' title='bbox 1513 3240 1728 3311; x_wconf 83' lang='grc' dir='ltr'>πρῶτον</span> <span class='ocrx_word' id='word_1_262' title='bbox 1754 3242 1920 3294; x_wconf 75' lang='grc' dir='ltr'>ἀπανο</span> 
     </span>
    </p>
   </div>
   <div class='ocr_carea' id='block_1_36' title="bbox 341 3318 1919 3394">
    <p class='ocr_par' dir='ltr' id='par_1_36' title="bbox 341 3318 1919 3394">
     <span class='ocr_line' id='line_1_36' title="bbox 341 3318 1919 3394; baseline 0.006 -26"><span class='ocrx_word' id='word_1_263' title='bbox 341 3318 585 3388; x_wconf 76' lang='grc' dir='ltr'>τήσαντα</span> <span class='ocrx_word' id='word_1_264' title='bbox 621 3318 789 3390; x_wconf 79' lang='grc' dir='ltr'>αὐτῷ.</span> <span class='ocrx_word' id='word_1_265' title='bbox 828 3322 876 3373; x_wconf 81' lang='grc' dir='ltr'>εί</span> <span class='ocrx_word' id='word_1_266' title='bbox 921 3321 1204 3374; x_wconf 80' lang='grc' dir='ltr'>ἐπανέλθοι</span> <span class='ocrx_word' id='word_1_267' title='bbox 1241 3323 1306 3374; x_wconf 83' lang='grc' dir='ltr'>ἐκ</span> <span class='ocrx_word' id='word_1_268' title='bbox 1351 3323 1446 3376; x_wconf 83' lang='grc' dir='ltr'>τοῦ</span> <span class='ocrx_word' id='word_1_269' title='bbox 1489 3323 1748 3392; x_wconf 86' lang='grc' dir='ltr'>πολέμου.</span> <span class='ocrx_word' id='word_1_270' title='bbox 1781 3341 1919 3394; x_wconf 80' lang='grc' dir='ltr'>συμ-</span> 
     </span>
    </p>
   </div>
   <div class='ocr_carea' id='block_1_37' title="bbox 340 3401 1918 3480">
    <p class='ocr_par' dir='ltr' id='par_1_37' title="bbox 340 3401 1918 3480">
     <span class='ocr_line' id='line_1_37' title="bbox 340 3401 1918 3480; baseline 0.007 -27"><span class='ocrx_word' id='word_1_271' title='bbox 340 3401 524 3454; x_wconf 86' lang='grc' dir='ltr'>ϐαλὼν</span> <span class='ocrx_word' id='word_1_272' title='bbox 565 3405 674 3465; x_wconf 88' lang='grc' dir='ltr'>τοῖς</span> <span class='ocrx_word' id='word_1_273' title='bbox 716 3403 930 3475; x_wconf 76' lang='grc' dir='ltr'>ἐχθροῖς</span> <span class='ocrx_word' id='word_1_274' title='bbox 964 3405 1058 3459; x_wconf 74' lang='grc' dir='ltr'>καὶ</span> <span class='ocrx_word' id='word_1_275' title='bbox 1092 3407 1337 3477; x_wconf 84' lang='grc' dir='ltr'>νικήσας,</span> <span class='ocrx_word' id='word_1_276' title='bbox 1369 3405 1486 3460; x_wconf 83' lang='grc' dir='ltr'><strong>θύει</strong></span> <span class='ocrx_word' id='word_1_277' title='bbox 1519 3408 1617 3479; x_wconf 83' lang='grc' dir='ltr'>τήν</span> <span class='ocrx_word' id='word_1_278' title='bbox 1645 3409 1918 3480; x_wconf 83' lang='grc' dir='ltr'>θυγατέρα</span> 
     </span>
    </p>
   </div>
   <div class='ocr_carea' id='block_1_38' title="bbox 340 3484 1916 3564">
    <p class='ocr_par' dir='ltr' id='par_1_38' title="bbox 340 3484 1916 3564">
     <span class='ocr_line' id='line_1_38' title="bbox 340 3484 1916 3564; baseline 0.007 -27"><span class='ocrx_word' id='word_1_279' title='bbox 340 3484 530 3538; x_wconf 78' lang='grc' dir='ltr'>αὑτοῦ·</span> <span class='ocrx_word' id='word_1_280' title='bbox 561 3485 750 3558; x_wconf 84' lang='grc' dir='ltr'>πρώτη</span> <span class='ocrx_word' id='word_1_281' title='bbox 771 3486 881 3557; x_wconf 75' lang='grc' dir='ltr'>γὰρ</span> <span class='ocrx_word' id='word_1_282' title='bbox 899 3486 1046 3558; x_wconf 81' lang='grc' dir='ltr'>αύτῷ</span> <span class='ocrx_word' id='word_1_283' title='bbox 1067 3489 1379 3559; x_wconf 86' lang='grc' dir='ltr'>ἀπήντησεν</span> <span class='ocrx_word' id='word_1_284' title='bbox 1400 3489 1559 3561; x_wconf 80' lang='grc' dir='ltr'>αὕτη.</span> <span class='ocrx_word' id='word_1_285' title='bbox 1591 3493 1756 3547; x_wconf 89' lang='grc' dir='ltr'>Πάλιν</span> <span class='ocrx_word' id='word_1_286' title='bbox 1777 3511 1916 3564; x_wconf 76' lang='grc' dir='ltr'>παρ-</span> 
     </span>
    </p>
   </div>
   <div class='ocr_carea' id='block_1_39' title="bbox 337 3569 1916 3648">
    <p class='ocr_par' dir='ltr' id='par_1_39' title="bbox 337 3569 1916 3648">
     <span class='ocr_line' id='line_1_39' title="bbox 337 3569 1916 3648; baseline 0.006 -26"><span class='ocrx_word' id='word_1_287' title='bbox 337 3569 584 3641; x_wconf 86' lang='grc' dir='ltr'>ώργισαν</span> <span class='ocrx_word' id='word_1_288' title='bbox 621 3569 714 3622; x_wconf 81' lang='grc' dir='ltr'>τὸν</span> <span class='ocrx_word' id='word_1_289' title='bbox 751 3569 882 3622; x_wconf 82' lang='grc' dir='ltr'>Θεὸν</span> <span class='ocrx_word' id='word_1_290' title='bbox 927 3571 978 3623; x_wconf 83' lang='grc' dir='ltr'>οί</span> <span class='ocrx_word' id='word_1_291' title='bbox 1019 3571 1368 3642; x_wconf 82' lang='grc' dir='ltr'>Ἰσραηλῖται,</span> <span class='ocrx_word' id='word_1_292' title='bbox 1411 3576 1505 3628; x_wconf 82' lang='grc' dir='ltr'>καὶ</span> <span class='ocrx_word' id='word_1_293' title='bbox 1541 3577 1916 3648; x_wconf 87' lang='grc' dir='ltr'>παρεδόθησαν</span> 
     </span>
    </p>
   </div>
   <div class='ocr_carea' id='block_1_40' title="bbox 336 3654 1916 3731">
    <p class='ocr_par' dir='ltr' id='par_1_40' title="bbox 336 3654 1916 3731">
     <span class='ocr_line' id='line_1_40' title="bbox 336 3654 1916 3731; baseline 0.007 -25"><span class='ocrx_word' id='word_1_294' title='bbox 336 3656 425 3716; x_wconf 84' lang='grc' dir='ltr'>είς</span> <span class='ocrx_word' id='word_1_295' title='bbox 459 3657 646 3725; x_wconf 88' lang='grc' dir='ltr'>χεῖρας</span> <span class='ocrx_word' id='word_1_296' title='bbox 680 3654 1010 3722; x_wconf 79' lang='grc' dir='ltr'>ἀλλοφύλων.</span> <span class='ocrx_word' id='word_1_297' title='bbox 1037 3657 1169 3709; x_wconf 87' lang='grc' dir='ltr'>Τότε</span> <span class='ocrx_word' id='word_1_298' title='bbox 1207 3656 1451 3712; x_wconf 87' lang='grc' dir='ltr'>τίκτεται</span> <span class='ocrx_word' id='word_1_299' title='bbox 1477 3661 1506 3712; x_wconf 90' lang='lat'>6</span> <span class='ocrx_word' id='word_1_300' title='bbox 1533 3661 1788 3731; x_wconf 84' lang='grc' dir='ltr'>Σαμψὼν,</span> <span class='ocrx_word' id='word_1_301' title='bbox 1823 3665 1916 3717; x_wconf 82' lang='grc' dir='ltr'>καὶ</span> 
     </span>
    </p>
   </div>
   <div class='ocr_carea' id='block_1_41' title="bbox 341 3738 1915 3814">
    <p class='ocr_par' dir='ltr' id='par_1_41' title="bbox 341 3738 1915 3814">
     <span class='ocr_line' id='line_1_41' title="bbox 341 3738 1915 3814; baseline 0.008 -23"><span class='ocrx_word' id='word_1_302' title='bbox 341 3738 470 3792; x_wconf 75' lang='grc' dir='ltr'>ἰδὼν</span> <span class='ocrx_word' id='word_1_303' title='bbox 496 3743 727 3807; x_wconf 89' lang='grc' dir='ltr'>γυναῖκα</span> <span class='ocrx_word' id='word_1_304' title='bbox 756 3740 814 3791; x_wconf 87' lang='grc' dir='ltr'>ἐν</span> <span class='ocrx_word' id='word_1_305' title='bbox 839 3739 1124 3810; x_wconf 80' lang='grc' dir='ltr'>Θαμναθᾶ,</span> <span class='ocrx_word' id='word_1_306' title='bbox 1150 3742 1361 3814; x_wconf 76' lang='grc' dir='ltr'>ἠράσθη</span> <span class='ocrx_word' id='word_1_307' title='bbox 1391 3744 1584 3814; x_wconf 84' lang='grc' dir='ltr'>αὐτῆς,</span> <span class='ocrx_word' id='word_1_308' title='bbox 1609 3747 1703 3800; x_wconf 78' lang='grc' dir='ltr'>καὶ</span> <span class='ocrx_word' id='word_1_309' title='bbox 1734 3747 1915 3804; x_wconf 89' lang='grc' dir='ltr'>λαϐεῖν</span> 
     </span>
    </p>
   </div>
   <div class='ocr_carea' id='block_1_42' title="bbox 335 3821 1914 3899">
    <p class='ocr_par' dir='ltr' id='par_1_42' title="bbox 335 3821 1914 3899">
     <span class='ocr_line' id='line_1_42' title="bbox 335 3821 1914 3899; baseline 0.011 -30"><span class='ocrx_word' id='word_1_310' title='bbox 335 3821 572 3893; x_wconf 66' lang='grc' dir='ltr'>ἠθέλησε</span> <span class='ocrx_word' id='word_1_311' title='bbox 606 3824 753 3892; x_wconf 86' lang='grc' dir='ltr'>νόμῳ</span> <span class='ocrx_word' id='word_1_312' title='bbox 777 3823 977 3893; x_wconf 83' lang='grc' dir='ltr'>γάμου.</span> <span class='ocrx_word' id='word_1_313' title='bbox 1009 3826 1072 3876; x_wconf 85' lang='grc' dir='ltr'>Οί</span> <span class='ocrx_word' id='word_1_314' title='bbox 1095 3824 1151 3877; x_wconf 83' lang='grc' dir='ltr'>δὲ</span> <span class='ocrx_word' id='word_1_315' title='bbox 1174 3828 1349 3893; x_wconf 82' lang='grc' dir='ltr'>γονεῖς</span> <span class='ocrx_word' id='word_1_316' title='bbox 1374 3826 1434 3880; x_wconf 89' lang='grc' dir='ltr'><strong>τὸ</strong></span> <span class='ocrx_word' id='word_1_317' title='bbox 1462 3828 1560 3897; x_wconf 83' lang='grc' dir='ltr'>μὲν</span> <span class='ocrx_word' id='word_1_318' title='bbox 1594 3830 1808 3899; x_wconf 83' lang='grc' dir='ltr'>πρῶτον</span> <span class='ocrx_word' id='word_1_319' title='bbox 1833 3831 1914 3886; x_wconf 75' lang='grc' dir='ltr'>διε-</span> 
     </span>
    </p>
   </div>
   <div class='ocr_carea' id='block_1_43' title="bbox 333 3904 1914 3984">
    <p class='ocr_par' dir='ltr' id='par_1_43' title="bbox 333 3904 1914 3984">
     <span class='ocr_line' id='line_1_43' title="bbox 333 3904 1914 3984; baseline 0.006 -26"><span class='ocrx_word' id='word_1_320' title='bbox 333 3904 575 3958; x_wconf 78' lang='grc' dir='ltr'>ἐκώλυον</span> <span class='ocrx_word' id='word_1_321' title='bbox 603 3906 690 3958; x_wconf 83' lang='grc' dir='ltr'>διὰ.</span> <span class='ocrx_word' id='word_1_322' title='bbox 713 3905 774 3958; x_wconf 85' lang='grc' dir='ltr'>τὸ</span> <span class='ocrx_word' id='word_1_323' title='bbox 799 3906 1090 3975; x_wconf 86' lang='grc' dir='ltr'>ἀλλόφυλον</span> <span class='ocrx_word' id='word_1_324' title='bbox 1112 3905 1268 3960; x_wconf 80' lang='grc' dir='ltr'>εἶναι·</span> <span class='ocrx_word' id='word_1_325' title='bbox 1291 3909 1366 3972; x_wconf 86' lang='grc' dir='ltr'>ὡς</span> <span class='ocrx_word' id='word_1_326' title='bbox 1393 3909 1450 3962; x_wconf 91' lang='grc' dir='ltr'>δέ</span> <span class='ocrx_word' id='word_1_327' title='bbox 1478 3905 1616 3966; x_wconf 83' lang='grc' dir='ltr'>εἶδον</span> <span class='ocrx_word' id='word_1_328' title='bbox 1637 3913 1914 3984; x_wconf 89' lang='grc' dir='ltr'>ἐπικείμε-</span> 
     </span>
    </p>
   </div>
   <div class='ocr_carea' id='block_1_44' title="bbox 331 3988 1913 4069">
    <p class='ocr_par' dir='ltr' id='par_1_44' title="bbox 331 3988 1913 4069">
     <span class='ocr_line' id='line_1_44' title="bbox 331 3988 1913 4069; baseline 0.008 -29"><span class='ocrx_word' id='word_1_329' title='bbox 331 4007 449 4049; x_wconf 83' lang='grc' dir='ltr'>νον,</span> <span class='ocrx_word' id='word_1_330' title='bbox 474 3989 574 4042; x_wconf 79' lang='grc' dir='ltr'>οὐκ</span> <span class='ocrx_word' id='word_1_331' title='bbox 603 3988 1027 4060; x_wconf 81' lang='grc' dir='ltr'>ἠναντιώθησαν.</span> <span class='ocrx_word' id='word_1_332' title='bbox 1069 3993 1261 4047; x_wconf 84' lang='grc' dir='ltr'>Ἢνίκα</span> <span class='ocrx_word' id='word_1_333' title='bbox 1287 3993 1342 4046; x_wconf 88' lang='grc' dir='ltr'>δὲ</span> <span class='ocrx_word' id='word_1_334' title='bbox 1372 3993 1536 4064; x_wconf 84' lang='grc' dir='ltr'>ἀπῄει</span> <span class='ocrx_word' id='word_1_335' title='bbox 1569 3996 1913 4069; x_wconf 85' lang='grc' dir='ltr'>διαλεχθῆναι</span> 
     </span>
    </p>
   </div>
   <div class='ocr_carea' id='block_1_45' title="bbox 331 4071 1912 4154">
    <p class='ocr_par' dir='ltr' id='par_1_45' title="bbox 331 4071 1912 4154">
     <span class='ocr_line' id='line_1_45' title="bbox 331 4071 1912 4154; baseline 0.01 -32"><span class='ocrx_word' id='word_1_336' title='bbox 331 4073 468 4141; x_wconf 77' lang='grc' dir='ltr'>περὶ</span> <span class='ocrx_word' id='word_1_337' title='bbox 494 4071 684 4142; x_wconf 80' lang='grc' dir='ltr'>αὐτῆς,</span> <span class='ocrx_word' id='word_1_338' title='bbox 710 4073 1038 4143; x_wconf 83' lang='grc' dir='ltr'>συνήντησεν</span> <span class='ocrx_word' id='word_1_339' title='bbox 1058 4074 1203 4144; x_wconf 89' lang='grc' dir='ltr'>αὑτῷ</span> <span class='ocrx_word' id='word_1_340' title='bbox 1227 4075 1384 4142; x_wconf 86' lang='grc' dir='ltr'>λέων,</span> <span class='ocrx_word' id='word_1_341' title='bbox 1409 4079 1502 4131; x_wconf 76' lang='grc' dir='ltr'>καὶ</span> <span class='ocrx_word' id='word_1_342' title='bbox 1531 4081 1738 4133; x_wconf 88' lang='grc' dir='ltr'>ἀνεῖλεν</span> <span class='ocrx_word' id='word_1_343' title='bbox 1762 4081 1912 4154; x_wconf 66' lang='grc'>[54⁸2]</span> 
     </span>
    </p>
   </div>
   <div class='ocr_carea' id='block_1_46' title="bbox 329 4154 1912 4230">
    <p class='ocr_par' dir='ltr' id='par_1_46' title="bbox 329 4154 1912 4230">
     <span class='ocr_line' id='line_1_46' title="bbox 329 4154 1912 4230; baseline 0.008 -23"><span class='ocrx_word' id='word_1_344' title='bbox 329 4154 502 4207; x_wconf 78' lang='grc' dir='ltr'>αὑτὸν</span> <span class='ocrx_word' id='word_1_345' title='bbox 532 4158 648 4218; x_wconf 88' lang='grc' dir='ltr'>ταῖς</span> <span class='ocrx_word' id='word_1_346' title='bbox 680 4159 864 4227; x_wconf 76' lang='grc' dir='ltr'>χερσὶν</span> <span class='ocrx_word' id='word_1_347' title='bbox 890 4157 1073 4211; x_wconf 79' lang='grc' dir='ltr'>αὐτοῦ.</span> <span class='ocrx_word' id='word_1_348' title='bbox 1118 4159 1269 4211; x_wconf 82' lang='grc' dir='ltr'>Ἐπεὶ</span> <span class='ocrx_word' id='word_1_349' title='bbox 1295 4159 1351 4211; x_wconf 84' lang='grc' dir='ltr'>δὲ</span> <span class='ocrx_word' id='word_1_350' title='bbox 1378 4159 1484 4213; x_wconf 75' lang='grc' dir='ltr'>ἔδει</span> <span class='ocrx_word' id='word_1_351' title='bbox 1511 4163 1760 4229; x_wconf 87' lang='grc' dir='ltr'>γενέσθαι</span> <span class='ocrx_word' id='word_1_352' title='bbox 1787 4167 1912 4230; x_wconf 74' lang='grc' dir='ltr'>τοὺς</span> 
     </span>
    </p>
   </div>
   <div class='ocr_carea' id='block_1_47' title="bbox 330 4238 1912 4318">
    <p class='ocr_par' dir='ltr' id='par_1_47' title="bbox 330 4238 1912 4318">
     <span class='ocr_line' id='line_1_47' title="bbox 330 4238 1912 4318; baseline 0.007 -27"><span class='ocrx_word' id='word_1_353' title='bbox 330 4238 570 4306; x_wconf 80' lang='grc' dir='ltr'>γάμους,</span> <span class='ocrx_word' id='word_1_354' title='bbox 597 4239 756 4292; x_wconf 86' lang='grc' dir='ltr'>πάλιν</span> <span class='ocrx_word' id='word_1_355' title='bbox 783 4240 980 4302; x_wconf 84' lang='grc' dir='ltr'>ἀπιὼν,</span> <span class='ocrx_word' id='word_1_356' title='bbox 1011 4243 1114 4312; x_wconf 77' lang='grc' dir='ltr'>ὁρᾷ</span> <span class='ocrx_word' id='word_1_357' title='bbox 1146 4241 1333 4312; x_wconf 78' lang='grc' dir='ltr'>κηρίον</span> <span class='ocrx_word' id='word_1_358' title='bbox 1365 4243 1578 4311; x_wconf 85' lang='grc' dir='ltr'>μέλιτος</span> <span class='ocrx_word' id='word_1_359' title='bbox 1610 4247 1666 4297; x_wconf 93' lang='grc' dir='ltr'>ἐν</span> <span class='ocrx_word' id='word_1_360' title='bbox 1686 4247 1762 4318; x_wconf 83' lang='grc' dir='ltr'>τῷ</span> <span class='ocrx_word' id='word_1_361' title='bbox 1794 4250 1912 4302; x_wconf 73' lang='lat'>0&#39;16-</span> 
     </span>
    </p>
   </div>
   <div class='ocr_carea' id='block_1_48' title="bbox 331 4321 1910 4396">
    <p class='ocr_par' dir='ltr' id='par_1_48' title="bbox 331 4321 1910 4396">
     <span class='ocr_line' id='line_1_48' title="bbox 331 4321 1910 4396; baseline 0.009 -24"><span class='ocrx_word' id='word_1_362' title='bbox 331 4339 469 4391; x_wconf 86' lang='grc' dir='ltr'>ματι</span> <span class='ocrx_word' id='word_1_363' title='bbox 503 4321 598 4374; x_wconf 88' lang='grc' dir='ltr'>τοῦ</span> <span class='ocrx_word' id='word_1_364' title='bbox 627 4323 836 4388; x_wconf 83' lang='grc' dir='ltr'>λέοντος</span> <span class='ocrx_word' id='word_1_365' title='bbox 865 4323 958 4378; x_wconf 86' lang='grc' dir='ltr'>τοῦ</span> <span class='ocrx_word' id='word_1_366' title='bbox 990 4325 1333 4396; x_wconf 85' lang='grc' dir='ltr'>ἀνῃρημένου</span> <span class='ocrx_word' id='word_1_367' title='bbox 1362 4326 1454 4379; x_wconf 83' lang='grc' dir='ltr'>ὑπ’</span> <span class='ocrx_word' id='word_1_368' title='bbox 1475 4329 1660 4394; x_wconf 81' lang='grc' dir='ltr'>αὑτοῦ,</span> <span class='ocrx_word' id='word_1_369' title='bbox 1697 4332 1792 4384; x_wconf 68' lang='grc' dir='ltr'>κα)⁸</span> <span class='ocrx_word' id='word_1_370' title='bbox 1817 4333 1910 4386; x_wconf 92' lang='grc' dir='ltr'>λα-</span> 
     </span>
    </p>
   </div>
   <div class='ocr_carea' id='block_1_49' title="bbox 328 4405 1910 4486">
    <p class='ocr_par' dir='ltr' id='par_1_49' title="bbox 328 4405 1910 4486">
     <span class='ocr_line' id='line_1_49' title="bbox 328 4405 1910 4486; baseline 0.006 -28"><span class='ocrx_word' id='word_1_371' title='bbox 328 4405 449 4458; x_wconf 83' lang='grc' dir='ltr'>ϐὼν</span> <span class='ocrx_word' id='word_1_372' title='bbox 479 4405 668 4475; x_wconf 74' lang='grc' dir='ltr'>ἔφαγε,</span> <span class='ocrx_word' id='word_1_373' title='bbox 701 4407 795 4460; x_wconf 77' lang='grc' dir='ltr'>καὶ</span> <span class='ocrx_word' id='word_1_374' title='bbox 827 4407 994 4460; x_wconf 76' lang='grc' dir='ltr'>ἔδωκε</span> <span class='ocrx_word' id='word_1_375' title='bbox 1016 4410 1109 4461; x_wconf 75' lang='grc' dir='ltr'>καὶ</span> <span class='ocrx_word' id='word_1_376' title='bbox 1131 4410 1244 4471; x_wconf 86' lang='grc' dir='ltr'>τοῖς</span> <span class='ocrx_word' id='word_1_377' title='bbox 1271 4409 1485 4476; x_wconf 81' lang='grc' dir='ltr'>γονεῦσι</span> <span class='ocrx_word' id='word_1_378' title='bbox 1510 4412 1605 4464; x_wconf 79' lang='grc' dir='ltr'>καὶ</span> <span class='ocrx_word' id='word_1_379' title='bbox 1636 4416 1747 4478; x_wconf 89' lang='grc' dir='ltr'>τοῖς</span> <span class='ocrx_word' id='word_1_380' title='bbox 1773 4433 1910 4486; x_wconf 86' lang='grc' dir='ltr'>συμ-</span> 
     </span>
    </p>
   </div>
   <div class='ocr_carea' id='block_1_50' title="bbox 327 4489 1908 4570">
    <p class='ocr_par' dir='ltr' id='par_1_50' title="bbox 327 4489 1908 4570">
     <span class='ocr_line' id='line_1_50' title="bbox 327 4489 1908 4570; baseline 0.006 -26"><span class='ocrx_word' id='word_1_381' title='bbox 327 4490 582 4555; x_wconf 86' lang='grc' dir='ltr'>πολίταις</span> <span class='ocrx_word' id='word_1_382' title='bbox 631 4489 816 4544; x_wconf 80' lang='grc' dir='ltr'>αὐτοῦ’</span> <span class='ocrx_word' id='word_1_383' title='bbox 867 4492 962 4545; x_wconf 78' lang='grc' dir='ltr'>καὶ</span> <span class='ocrx_word' id='word_1_384' title='bbox 1018 4493 1328 4562; x_wconf 85' lang='grc' dir='ltr'>προέτεινεν</span> <span class='ocrx_word' id='word_1_385' title='bbox 1383 4496 1565 4559; x_wconf 83' lang='grc' dir='ltr'>αὐτοῖς</span> <span class='ocrx_word' id='word_1_386' title='bbox 1615 4499 1908 4570; x_wconf 86' lang='grc' dir='ltr'>πρόϐλημα</span> 
     </span>
    </p>
   </div>
   <div class='ocr_carea' id='block_1_51' title="bbox 324 4573 1904 4650">
    <p class='ocr_par' dir='ltr' id='par_1_51' title="bbox 324 4573 1904 4650">
     <span class='ocr_line' id='line_1_51' title="bbox 324 4573 1904 4650; baseline 0.005 -22"><span class='ocrx_word' id='word_1_387' title='bbox 324 4574 529 4643; x_wconf 85' lang='grc' dir='ltr'>λέγων·</span> <span class='ocrx_word' id='word_1_388' title='bbox 566 4573 662 4630; x_wconf 80' lang='grc' dir='ltr'>Ἐκ</span> <span class='ocrx_word' id='word_1_389' title='bbox 688 4577 986 4644; x_wconf 80' lang='grc' dir='ltr'>στόματος</span> <span class='ocrx_word' id='word_1_390' title='bbox 1017 4577 1326 4643; x_wconf 75' lang='grc' dir='ltr'>ἐσθίοντος</span> <span class='ocrx_word' id='word_1_391' title='bbox 1353 4578 1575 4646; x_wconf 77' lang='grc' dir='ltr'>ἐξῆλθε</span> <span class='ocrx_word' id='word_1_392' title='bbox 1607 4582 1838 4650; x_wconf 79' lang='grc' dir='ltr'>βρῶσις</span> <span class='ocrx_word' id='word_1_393' title='bbox 1855 4597 1904 4646; x_wconf 74' lang='grc' dir='ltr'>ει,</span> 
     </span>
    </p>
   </div>
   <div class='ocr_carea' id='block_1_52' title="bbox 325 4657 1906 4730">
    <p class='ocr_par' dir='ltr' id='par_1_52' title="bbox 325 4657 1906 4730">
     <span class='ocr_line' id='line_1_52' title="bbox 325 4657 1906 4730; baseline 0.006 -18"><span class='ocrx_word' id='word_1_394' title='bbox 325 4657 628 4723; x_wconf 88' lang='grc' dir='ltr'>τουτέστιν,</span> <span class='ocrx_word' id='word_1_395' title='bbox 695 4660 760 4714; x_wconf 86' lang='grc' dir='ltr'>ἐκ</span> <span class='ocrx_word' id='word_1_396' title='bbox 811 4661 907 4712; x_wconf 86' lang='grc' dir='ltr'>τοῦ</span> <span class='ocrx_word' id='word_1_397' title='bbox 950 4661 1218 4730; x_wconf 88' lang='grc' dir='ltr'>στόματος</span> <span class='ocrx_word' id='word_1_398' title='bbox 1276 4661 1369 4715; x_wconf 80' lang='grc' dir='ltr'>τοῦ</span> <span class='ocrx_word' id='word_1_399' title='bbox 1419 4662 1648 4729; x_wconf 86' lang='grc' dir='ltr'>λέοντος,</span> <span class='ocrx_word' id='word_1_400' title='bbox 1703 4668 1799 4720; x_wconf 77' lang='grc' dir='ltr'>καὶ</span> <span class='ocrx_word' id='word_1_401' title='bbox 1837 4669 1906 4722; x_wconf 79' lang='grc' dir='ltr'>ἐκ</span> 
     </span>
    </p>
   </div>
   <div class='ocr_carea' id='block_1_53' title="bbox 326 4742 1905 4818">
    <p class='ocr_par' dir='ltr' id='par_1_53' title="bbox 326 4742 1905 4818">
     <span class='ocr_line' id='line_1_53' title="bbox 326 4742 1905 4818; baseline 0.006 -24"><span class='ocrx_word' id='word_1_402' title='bbox 326 4743 607 4810; x_wconf 80' lang='grc' dir='ltr'>σκληροῦ</span> <span class='ocrx_word' id='word_1_403' title='bbox 629 4742 761 4797; x_wconf 77' lang='grc' dir='ltr'>ἀντὶ</span> <span class='ocrx_word' id='word_1_404' title='bbox 789 4743 894 4797; x_wconf 86' lang='grc' dir='ltr'>τοῦ</span> <span class='ocrx_word' id='word_1_405' title='bbox 922 4743 1136 4812; x_wconf 82' lang='grc' dir='ltr'>πικροῦ</span> <span class='ocrx_word' id='word_1_406' title='bbox 1162 4745 1376 4812; x_wconf 76' lang='grc' dir='ltr'>γλυκύ.</span> <span class='ocrx_word' id='word_1_407' title='bbox 1403 4746 1513 4800; x_wconf 74' lang='grc' dir='ltr'>Καὶ</span> <span class='ocrx_word' id='word_1_408' title='bbox 1542 4749 1827 4818; x_wconf 83' lang='grc' dir='ltr'>ὑπέσχετο,</span> <span class='ocrx_word' id='word_1_409' title='bbox 1856 4755 1905 4804; x_wconf 84' lang='grc' dir='ltr'><strong>εἰ</strong></span> 
     </span>
    </p>
   </div>
   <div class='ocr_carea' id='block_1_54' title="bbox 325 4824 1906 4898">
    <p class='ocr_par' dir='ltr' id='par_1_54' title="bbox 325 4824 1906 4898">
     <span class='ocr_line' id='line_1_54' title="bbox 325 4824 1906 4898; baseline 0.007 -21"><span class='ocrx_word' id='word_1_410' title='bbox 325 4824 628 4889; x_wconf 86' lang='grc' dir='ltr'>ἐπιλύσειε,</span> <span class='ocrx_word' id='word_1_411' title='bbox 691 4824 882 4877; x_wconf 86' lang='grc' dir='ltr'>δώσειν</span> <span class='ocrx_word' id='word_1_412' title='bbox 925 4827 1108 4890; x_wconf 82' lang='grc' dir='ltr'>αὐτοῖς</span> <span class='ocrx_word' id='word_1_413' title='bbox 1162 4829 1456 4898; x_wconf 89' lang='grc' dir='ltr'>τριάκοντα</span> <span class='ocrx_word' id='word_1_414' title='bbox 1513 4830 1771 4896; x_wconf 84' lang='grc' dir='ltr'>σινδόνας,</span> <span class='ocrx_word' id='word_1_415' title='bbox 1814 4837 1906 4887; x_wconf 71' lang='grc' dir='ltr'>καὶ</span> 
     </span>
    </p>
   </div>
   <div class='ocr_carea' id='block_1_55' title="bbox 324 4909 1905 4986">
    <p class='ocr_par' dir='ltr' id='par_1_55' title="bbox 324 4909 1905 4986">
     <span class='ocr_line' id='line_1_55' title="bbox 324 4909 1905 4986; baseline 0.006 -24"><span class='ocrx_word' id='word_1_416' title='bbox 324 4909 624 4980; x_wconf 84' lang='grc' dir='ltr'>τριάκοντα</span> <span class='ocrx_word' id='word_1_417' title='bbox 651 4909 860 4972; x_wconf 81' lang='grc' dir='ltr'>στολάς·</span> <span class='ocrx_word' id='word_1_418' title='bbox 889 4912 937 4962; x_wconf 86' lang='grc' dir='ltr'>εἰ</span> <span class='ocrx_word' id='word_1_419' title='bbox 963 4910 1016 4963; x_wconf 79' lang='grc' dir='ltr'>δὲ</span> <span class='ocrx_word' id='word_1_420' title='bbox 1047 4912 1120 4981; x_wconf 87' lang='grc' dir='ltr'>μὴ</span> <span class='ocrx_word' id='word_1_421' title='bbox 1146 4912 1442 4982; x_wconf 87' lang='grc' dir='ltr'>δυνηθεῖεν,</span> <span class='ocrx_word' id='word_1_422' title='bbox 1471 4915 1800 4986; x_wconf 87' lang='grc' dir='ltr'>ἀπαιτήσειν</span> <span class='ocrx_word' id='word_1_423' title='bbox 1814 4920 1905 4971; x_wconf 85' lang='grc' dir='ltr'>αύ-</span> 
     </span>
    </p>
   </div>
   <div class='ocr_carea' id='block_1_56' title="bbox 323 4993 1900 5070">
    <p class='ocr_par' dir='ltr' id='par_1_56' title="bbox 323 4993 1900 5070">
     <span class='ocr_line' id='line_1_56' title="bbox 323 4993 1900 5070; baseline 0.004 -22"><span class='ocrx_word' id='word_1_424' title='bbox 323 4997 458 5057; x_wconf 80' lang='grc' dir='ltr'>τοὺς</span> <span class='ocrx_word' id='word_1_425' title='bbox 500 4993 755 5048; x_wconf 86' lang='grc' dir='ltr'>τοσαῦτα.</span> <span class='ocrx_word' id='word_1_426' title='bbox 800 4995 886 5058; x_wconf 81' lang='grc' dir='ltr'>Ὠς</span> <span class='ocrx_word' id='word_1_427' title='bbox 925 4994 982 5047; x_wconf 85' lang='grc' dir='ltr'>δὲ</span> <span class='ocrx_word' id='word_1_428' title='bbox 1024 4995 1335 5065; x_wconf 87' lang='grc' dir='ltr'>διηπόρουν,</span> <span class='ocrx_word' id='word_1_429' title='bbox 1371 4997 1465 5050; x_wconf 83' lang='grc' dir='ltr'>καὶ</span> <span class='ocrx_word' id='word_1_430' title='bbox 1491 4999 1588 5069; x_wconf 82' lang='grc' dir='ltr'>οὐχ</span> <span class='ocrx_word' id='word_1_431' title='bbox 1631 5001 1900 5070; x_wconf 79' lang='grc' dir='ltr'>εὖρισκον,</span> 
     </span>
    </p>
   </div>
   <div class='ocr_carea' id='block_1_57' title="bbox 322 5077 1902 5152">
    <p class='ocr_par' dir='ltr' id='par_1_57' title="bbox 322 5077 1902 5152">
     <span class='ocr_line' id='line_1_57' title="bbox 322 5077 1902 5152; baseline 0.006 -24"><span class='ocrx_word' id='word_1_432' title='bbox 322 5077 633 5148; x_wconf 76' lang='grc' dir='ltr'>ἠπείλησαν</span> <span class='ocrx_word' id='word_1_433' title='bbox 674 5079 740 5148; x_wconf 83' lang='grc' dir='ltr'>τῇ</span> <span class='ocrx_word' id='word_1_434' title='bbox 777 5078 996 5144; x_wconf 75' lang='grc' dir='ltr'>γυναικὶ</span> <span class='ocrx_word' id='word_1_435' title='bbox 1034 5078 1196 5130; x_wconf 82' lang='grc' dir='ltr'>αὑτοῦ</span> <span class='ocrx_word' id='word_1_436' title='bbox 1242 5078 1486 5142; x_wconf 87' lang='grc' dir='ltr'>θάνατον,</span> <span class='ocrx_word' id='word_1_437' title='bbox 1528 5084 1574 5133; x_wconf 88' lang='grc' dir='ltr'>εί</span> <span class='ocrx_word' id='word_1_438' title='bbox 1612 5083 1687 5152; x_wconf 84' lang='grc' dir='ltr'>μὴ</span> <span class='ocrx_word' id='word_1_439' title='bbox 1743 5085 1902 5152; x_wconf 87' lang='grc' dir='ltr'>μάθοι</span> 
     </span>
    </p>
   </div>
   <div class='ocr_carea' id='block_1_58' title="bbox 325 5159 1902 5234">
    <p class='ocr_par' dir='ltr' id='par_1_58' title="bbox 325 5159 1902 5234">
     <span class='ocr_line' id='line_1_58' title="bbox 325 5159 1902 5234; baseline 0.003 -20"><span class='ocrx_word' id='word_1_440' title='bbox 325 5159 462 5232; x_wconf 82' lang='grc' dir='ltr'>παρ’</span> <span class='ocrx_word' id='word_1_441' title='bbox 494 5161 656 5214; x_wconf 84' lang='grc' dir='ltr'>αὐτοῦ</span> <span class='ocrx_word' id='word_1_442' title='bbox 699 5161 760 5214; x_wconf 86' lang='grc' dir='ltr'>τὸ</span> <span class='ocrx_word' id='word_1_443' title='bbox 787 5161 1032 5232; x_wconf 71' lang='grc' dir='ltr'>αἴνιγμα·</span> <span class='ocrx_word' id='word_1_444' title='bbox 1085 5163 1119 5232; x_wconf 88' lang='grc' dir='ltr'>ή</span> <span class='ocrx_word' id='word_1_445' title='bbox 1163 5161 1219 5214; x_wconf 82' lang='grc' dir='ltr'>δὲ</span> <span class='ocrx_word' id='word_1_446' title='bbox 1265 5161 1530 5232; x_wconf 84' lang='grc' dir='ltr'>μαθοῦσα,</span> <span class='ocrx_word' id='word_1_447' title='bbox 1570 5166 1902 5234; x_wconf 89' lang='grc' dir='ltr'>ἀπήγγειλεν</span> 
     </span>
    </p>
   </div>
   <div class='ocr_carea' id='block_1_59' title="bbox 388 5370 1900 5434">
    <p class='ocr_par' dir='ltr' id='par_1_59' title="bbox 388 5370 1900 5434">
     <span class='ocr_line' id='line_1_59' title="bbox 388 5370 1900 5434; baseline 0.002 -14"><span class='ocrx_word' id='word_1_448' title='bbox 388 5373 404 5393; x_wconf 91' lang='grc'><em>³</em></span> <span class='ocrx_word' id='word_1_449' title='bbox 442 5370 568 5421; x_wconf 81' lang='lat' dir='ltr'><strong>Aliis</strong></span> <span class='ocrx_word' id='word_1_450' title='bbox 583 5372 716 5434; x_wconf 58' lang='lat' dir='ltr'>jacet</span> <span class='ocrx_word' id='word_1_451' title='bbox 759 5371 921 5420; x_wconf 73' lang='lat' dir='ltr'><strong>verbis</strong></span> <span class='ocrx_word' id='word_1_452' title='bbox 941 5374 1145 5434; x_wconf 61' lang='lat' dir='ltr'><strong>anigma</strong></span> <span class='ocrx_word' id='word_1_453' title='bbox 1170 5371 1216 5420; x_wconf 90' lang='lat' dir='ltr'>in</span> <span class='ocrx_word' id='word_1_454' title='bbox 1243 5372 1460 5434; x_wconf 81' lang='lat' dir='ltr'>editione</span> <span class='ocrx_word' id='word_1_455' title='bbox 1481 5375 1576 5420; x_wconf 84' lang='grc' dir='ltr'>τῶν</span> <span class='ocrx_word' id='word_1_456' title='bbox 1601 5372 1682 5422; x_wconf 91' lang='lat'>0&#39;.</span> <span class='ocrx_word' id='word_1_457' title='bbox 1707 5372 1900 5423; x_wconf 88' lang='lat' dir='ltr'>Deinde</span> 
     </span>
    </p>
   </div>
   <div class='ocr_carea' id='block_1_60' title="bbox 335 5432 1902 5495">
    <p class='ocr_par' dir='ltr' id='par_1_60' title="bbox 335 5432 1902 5495">
     <span class='ocr_line' id='line_1_60' title="bbox 335 5432 1902 5495; baseline 0.001 -12"><span class='ocrx_word' id='word_1_458' title='bbox 335 5436 409 5484; x_wconf 80' lang='grc' dir='ltr'>ιαὶ</span> <span class='ocrx_word' id='word_1_459' title='bbox 434 5432 741 5495; x_wconf 57' lang='grc' dir='ltr'>ἐκπληροῖ,</span> <span class='ocrx_word' id='word_1_460' title='bbox 766 5436 815 5481; x_wconf 89' lang='lat' dir='ltr'>in</span> <span class='ocrx_word' id='word_1_461' title='bbox 840 5432 1059 5482; x_wconf 67' lang='lat' dir='ltr'><strong>editione</strong></span> <span class='ocrx_word' id='word_1_462' title='bbox 1097 5435 1192 5481; x_wconf 85' lang='grc' dir='ltr'>τῶν</span> <span class='ocrx_word' id='word_1_463' title='bbox 1215 5433 1282 5495; x_wconf 45' lang='lat' dir='ltr'>Of</span> <span class='ocrx_word' id='word_1_464' title='bbox 1320 5443 1372 5495; x_wconf 68' lang='lat' dir='ltr'>ei</span> <span class='ocrx_word' id='word_1_465' title='bbox 1394 5437 1452 5486; x_wconf 88' lang='lat' dir='ltr'><strong>in.</strong></span> <span class='ocrx_word' id='word_1_466' title='bbox 1490 5435 1829 5484; x_wconf 80' lang='lat' dir='ltr'><strong>&#39;I‘heodolione</strong></span> <span class='ocrx_word' id='word_1_467' title='bbox 1855 5437 1902 5486; x_wconf 82' lang='grc' dir='ltr'>ἐξ</span> 
     </span>
    </p>
   </div>
   <div class='ocr_carea' id='block_1_61' title="bbox 329 5493 1901 5560">
    <p class='ocr_par' dir='ltr' id='par_1_61' title="bbox 329 5493 1901 5560">
     <span class='ocr_line' id='line_1_61' title="bbox 329 5493 1901 5560; baseline 0.003 -18"><span class='ocrx_word' id='word_1_468' title='bbox 329 5493 528 5560; x_wconf 76' lang='grc' dir='ltr'>ισχυροῦ</span> <span class='ocrx_word' id='word_1_469' title='bbox 549 5502 604 5544; x_wconf 70' lang='lat' dir='ltr'><strong>et</strong></span> <span class='ocrx_word' id='word_1_470' title='bbox 619 5493 714 5544; x_wconf 76' lang='grc' dir='ltr'>ἀπὸ</span> <span class='ocrx_word' id='word_1_471' title='bbox 740 5495 936 5558; x_wconf 78' lang='grc' dir='ltr'>ἰσχυροῦ</span> <span class='ocrx_word' id='word_1_472' title='bbox 961 5496 1233 5558; x_wconf 75' lang='lat' dir='ltr'><strong>legilur,ea:</strong></span> <span class='ocrx_word' id='word_1_473' title='bbox 1257 5494 1388 5557; x_wconf 79' lang='lat' dir='ltr'><strong>forti.</strong></span> <span class='ocrx_word' id='word_1_474' title='bbox 1403 5495 1454 5544; x_wconf 88' lang='lat' dir='ltr'><strong>In</strong></span> <span class='ocrx_word' id='word_1_475' title='bbox 1476 5495 1716 5545; x_wconf 83' lang='lat' dir='ltr'><strong>Hebraico</strong></span> <span class='ocrx_word' id='word_1_476' title='bbox 1737 5505 1901 5546; x_wconf 74' lang='lat' dir='ltr'><strong>autem</strong></span> 
     </span>
    </p>
   </div>
   <div class='ocr_carea' id='block_1_62' title="bbox 327 5565 1901 5629">
    <p class='ocr_par' dir='ltr' id='par_1_62' title="bbox 327 5565 1901 5629">
     <span class='ocr_line' id='line_1_62' title="bbox 327 5565 1901 5629; baseline 0.001 -12"><span class='ocrx_word' id='word_1_477' title='bbox 327 5571 511 5629; x_wconf 71' lang='lat' dir='ltr'><strong>legitur</strong></span> <span class='ocrx_word' id='word_1_478' title='bbox 542 5569 652 5620; x_wconf 65' lang='lat'>117:3</span> <span class='ocrx_word' id='word_1_479' title='bbox 680 5601 692 5619; x_wconf 83' lang='lat'><strong>,</strong></span> <span class='ocrx_word' id='word_1_480' title='bbox 726 5568 858 5629; x_wconf 86' lang='lat' dir='ltr'><strong>quod</strong></span> <span class='ocrx_word' id='word_1_481' title='bbox 899 5565 1030 5615; x_wconf 86' lang='lat' dir='ltr'><strong>idem</strong></span> <span class='ocrx_word' id='word_1_482' title='bbox 1077 5566 1334 5628; x_wconf 77' lang='lat' dir='ltr'>signiﬁcat.</span> <span class='ocrx_word' id='word_1_483' title='bbox 1381 5567 1700 5626; x_wconf 76' lang='lat' dir='ltr'>Symmachus</span> <span class='ocrx_word' id='word_1_484' title='bbox 1737 5577 1901 5618; x_wconf 76' lang='lat' dir='ltr'><strong>tamen</strong></span> 
     </span>
    </p>
   </div>
   <div class='ocr_carea' id='block_1_63' title="bbox 326 5637 1895 5698">
    <p class='ocr_par' dir='ltr' id='par_1_63' title="bbox 326 5637 1895 5698">
     <span class='ocr_line' id='line_1_63' title="bbox 326 5637 1895 5698; baseline 0.002 -11"><span class='ocrx_word' id='word_1_485' title='bbox 326 5639 471 5687; x_wconf 66' lang='lat' dir='ltr'><strong>Isaia:</strong></span> <span class='ocrx_word' id='word_1_486' title='bbox 497 5639 634 5690; x_wconf 64' lang='lat'>19.4.</span> <span class='ocrx_word' id='word_1_487' title='bbox 669 5641 750 5692; x_wconf 64' lang='lat' dir='ltr'>ni.</span> <span class='ocrx_word' id='word_1_488' title='bbox 792 5637 996 5698; x_wconf 78' lang='grc' dir='ltr'>σκληρός</span> <span class='ocrx_word' id='word_1_489' title='bbox 1013 5637 1271 5692; x_wconf 74' lang='lat' dir='ltr'><strong>convertit,</strong></span> <span class='ocrx_word' id='word_1_490' title='bbox 1297 5639 1518 5686; x_wconf 72' lang='lat' dir='ltr'><strong>utetiam</strong></span> <span class='ocrx_word' id='word_1_491' title='bbox 1538 5649 1600 5684; x_wconf 87' lang='lat' dir='ltr'>eo</span> <span class='ocrx_word' id='word_1_492' title='bbox 1621 5639 1730 5687; x_wconf 88' lang='lat' dir='ltr'><strong>loco</strong></span> <span class='ocrx_word' id='word_1_493' title='bbox 1753 5641 1895 5690; x_wconf 79' lang='lat' dir='ltr'>LXX:</span> 
     </span>
    </p>
   </div>
   <div class='ocr_carea' id='block_1_64' title="bbox 325 5698 1902 5760">
    <p class='ocr_par' dir='ltr' id='par_1_64' title="bbox 325 5698 1902 5760">
     <span class='ocr_line' id='line_1_64' title="bbox 325 5698 1902 5760; baseline 0.003 -12"><span class='ocrx_word' id='word_1_494' title='bbox 325 5700 648 5760; x_wconf 85' lang='lat' dir='ltr'>quamobrem</span> <span class='ocrx_word' id='word_1_495' title='bbox 683 5699 907 5760; x_wconf 84' lang='lat' dir='ltr'>suspicor</span> <span class='ocrx_word' id='word_1_496' title='bbox 944 5699 1066 5746; x_wconf 85' lang='lat' dir='ltr'><strong>hanc</strong></span> <span class='ocrx_word' id='word_1_497' title='bbox 1102 5698 1366 5760; x_wconf 73' lang='lat' dir='ltr'>lectionem</span> <span class='ocrx_word' id='word_1_498' title='bbox 1392 5713 1502 5747; x_wconf 85' lang='lat' dir='ltr'><strong>esse</strong></span> <span class='ocrx_word' id='word_1_499' title='bbox 1528 5698 1824 5758; x_wconf 81' lang='lat' dir='ltr'><strong>Symmachi,</strong></span> <span class='ocrx_word' id='word_1_500' title='bbox 1847 5710 1902 5753; x_wconf 79' lang='lat' dir='ltr'><strong>et</strong></span> 
     </span>
    </p>
   </div>
   <div class='ocr_carea' id='block_1_65' title="bbox 325 5759 1900 5822">
    <p class='ocr_par' dir='ltr' id='par_1_65' title="bbox 325 5759 1900 5822">
     <span class='ocr_line' id='line_1_65' title="bbox 325 5759 1900 5822; baseline 0.002 -11"><span class='ocrx_word' id='word_1_501' title='bbox 325 5759 378 5810; x_wconf 80' lang='lat' dir='ltr'>in</span> <span class='ocrx_word' id='word_1_502' title='bbox 403 5761 676 5811; x_wconf 81' lang='lat' dir='ltr'><strong>editionem</strong></span> <span class='ocrx_word' id='word_1_503' title='bbox 698 5759 849 5809; x_wconf 69' lang='grc' dir='ltr'>τῶνο</span> <span class='ocrx_word' id='word_1_504' title='bbox 863 5761 874 5779; x_wconf 87' lang='grc'><em>¹</em></span> <span class='ocrx_word' id='word_1_505' title='bbox 896 5773 1003 5809; x_wconf 83' lang='lat' dir='ltr'><strong>eam</strong></span> <span class='ocrx_word' id='word_1_506' title='bbox 1029 5759 1234 5822; x_wconf 74' lang='lat' dir='ltr'><strong>scilicet,</strong></span> <span class='ocrx_word' id='word_1_507' title='bbox 1244 5775 1340 5822; x_wconf 84' lang='lat' dir='ltr'><strong>qua</strong></span> <span class='ocrx_word' id='word_1_508' title='bbox 1362 5761 1709 5821; x_wconf 77' lang='lat' dir='ltr'><strong>Chysostomus</strong></span> <span class='ocrx_word' id='word_1_509' title='bbox 1730 5765 1900 5814; x_wconf 80' lang='lat' dir='ltr'>uteba-</span> 
     </span>
    </p>
   </div>
   <div class='ocr_carea' id='block_1_66' title="bbox 261 5821 731 5886">
    <p class='ocr_par' dir='ltr' id='par_1_66' title="bbox 261 5821 731 5886">
     <span class='ocr_line' id='line_1_66' title="bbox 261 5821 731 5886; baseline 0 -15"><span class='ocrx_word' id='word_1_510' title='bbox 261 5821 275 5835; x_wconf 90' lang='lat'><strong>&#39;</strong></span> <span class='ocrx_word' id='word_1_511' title='bbox 330 5831 424 5884; x_wconf 81' lang='lat' dir='ltr'><strong>iur,</strong></span> <span class='ocrx_word' id='word_1_512' title='bbox 448 5825 731 5886; x_wconf 82' lang='lat' dir='ltr'>irrepsisse.</span> 
     </span>
    </p>
   </div>
   <div class='ocr_carea' id='block_1_67' title="bbox 1397 362 2491 422">
    <p class='ocr_par' dir='ltr' id='par_1_67' title="bbox 1397 362 2491 422">
     <span class='ocr_line' id='line_1_67' title="bbox 1397 362 2491 422; baseline -0.003 -2"><span class='ocrx_word' id='word_1_513' title='bbox 1397 364 1728 421; x_wconf 79' lang='lat' dir='ltr'>SYNOPSIS</span> <span class='ocrx_word' id='word_1_514' title='bbox 1768 362 2182 422; x_wconf 67' lang='lat' dir='ltr'>SCRIPTURJE</span> <span class='ocrx_word' id='word_1_515' title='bbox 2219 363 2491 420; x_wconf 63' lang='lat' dir='ltr'>SACRlE.</span> 
     </span>
    </p>
   </div>
   <div class='ocr_carea' id='block_1_68' title="bbox 3519 371 3625 429">
    <p class='ocr_par' dir='ltr' id='par_1_68' title="bbox 3519 371 3625 429">
     <span class='ocr_line' id='line_1_68' title="bbox 3519 371 3625 429; baseline 0.028 -2"><span class='ocrx_word' id='word_1_516' title='bbox 3519 371 3625 429; x_wconf 68' lang='grc'>540</span> 
     </span>
    </p>
   </div>
   <div class='ocr_carea' id='block_1_69' title="bbox 2053 477 3621 552">
    <p class='ocr_par' dir='ltr' id='par_1_69' title="bbox 2053 477 3621 552">
     <span class='ocr_line' id='line_1_69' title="bbox 2053 477 3621 552; baseline 0.005 -22"><span class='ocrx_word' id='word_1_517' title='bbox 2053 477 2254 542; x_wconf 80' lang='grc' dir='ltr'>αὐτοῖς,</span> <span class='ocrx_word' id='word_1_518' title='bbox 2294 480 2388 532; x_wconf 75' lang='grc' dir='ltr'>καὶ</span> <span class='ocrx_word' id='word_1_519' title='bbox 2420 477 2667 541; x_wconf 77' lang='grc' dir='ltr'>εἰπόντες</span> <span class='ocrx_word' id='word_1_520' title='bbox 2701 477 2910 530; x_wconf 73' lang='grc' dir='ltr'>ἔλαϐον.</span> <span class='ocrx_word' id='word_1_521' title='bbox 2951 479 3204 550; x_wconf 84' lang='grc' dir='ltr'>Ὧργίσθη</span> <span class='ocrx_word' id='word_1_522' title='bbox 3233 479 3289 532; x_wconf 79' lang='grc' dir='ltr'>δὲ</span> <span class='ocrx_word' id='word_1_523' title='bbox 3309 481 3338 531; x_wconf 91' lang='lat'>6</span> <span class='ocrx_word' id='word_1_524' title='bbox 3362 481 3621 552; x_wconf 74' lang='grc' dir='ltr'>Σαμψών.</span> 
     </span>
    </p>
   </div>
   <div class='ocr_carea' id='block_1_70' title="bbox 2060 560 3623 633">
    <p class='ocr_par' dir='ltr' id='par_1_70' title="bbox 2060 560 3623 633">
     <span class='ocr_line' id='line_1_70' title="bbox 2060 560 3623 633; baseline 0.004 -20"><span class='ocrx_word' id='word_1_525' title='bbox 2060 561 2118 613; x_wconf 90' lang='lat' dir='ltr'>&#39;O</span> <span class='ocrx_word' id='word_1_526' title='bbox 2146 560 2201 614; x_wconf 89' lang='grc' dir='ltr'>δέ</span> <span class='ocrx_word' id='word_1_527' title='bbox 2227 561 2409 632; x_wconf 78' lang='grc' dir='ltr'>πατὴρ</span> <span class='ocrx_word' id='word_1_528' title='bbox 2432 562 2533 629; x_wconf 81' lang='grc' dir='ltr'>τῆς</span> <span class='ocrx_word' id='word_1_529' title='bbox 2562 560 2778 630; x_wconf 83' lang='grc' dir='ltr'>νύμφης</span> <span class='ocrx_word' id='word_1_530' title='bbox 2804 561 3006 624; x_wconf 78' lang='grc' dir='ltr'>δείσας,</span> <span class='ocrx_word' id='word_1_531' title='bbox 3039 562 3219 614; x_wconf 83' lang='grc' dir='ltr'>λαϐὼν</span> <span class='ocrx_word' id='word_1_532' title='bbox 3252 561 3421 633; x_wconf 79' lang='grc' dir='ltr'>αὐτὴν</span> <span class='ocrx_word' id='word_1_533' title='bbox 3455 565 3623 619; x_wconf 76' lang='grc' dir='ltr'>ἔδωκε</span> 
     </span>
    </p>
   </div>
   <div class='ocr_carea' id='block_1_71' title="bbox 2046 642 3626 718">
    <p class='ocr_par' dir='ltr' id='par_1_71' title="bbox 2046 642 3626 718">
     <span class='ocr_line' id='line_1_71' title="bbox 2046 642 3626 718; baseline 0.003 -23"><span class='ocrx_word' id='word_1_534' title='bbox 2046 643 2122 713; x_wconf 83' lang='grc' dir='ltr'>τῷ</span> <span class='ocrx_word' id='word_1_535' title='bbox 2151 644 2501 714; x_wconf 85' lang='grc' dir='ltr'>νυμφαγωγῷ</span> <span class='ocrx_word' id='word_1_536' title='bbox 2528 643 2712 696; x_wconf 81' lang='grc' dir='ltr'>αὐτοῦ’</span> <span class='ocrx_word' id='word_1_537' title='bbox 2742 642 2897 696; x_wconf 88' lang='grc' dir='ltr'>τοῦτο</span> <span class='ocrx_word' id='word_1_538' title='bbox 2923 643 2977 694; x_wconf 80' lang='grc' dir='ltr'>δὲ</span> <span class='ocrx_word' id='word_1_539' title='bbox 3005 645 3203 713; x_wconf 73' lang='grc' dir='ltr'>μᾶλλον</span> <span class='ocrx_word' id='word_1_540' title='bbox 3231 646 3392 698; x_wconf 82' lang='grc' dir='ltr'>αὑτὸν</span> <span class='ocrx_word' id='word_1_541' title='bbox 3421 648 3626 718; x_wconf 86' lang='grc' dir='ltr'>ἐλύπη-</span> 
     </span>
    </p>
   </div>
   <div class='ocr_carea' id='block_1_72' title="bbox 2047 727 3624 801">
    <p class='ocr_par' dir='ltr' id='par_1_72' title="bbox 2047 727 3624 801">
     <span class='ocr_line' id='line_1_72' title="bbox 2047 727 3624 801; baseline 0.002 -21"><span class='ocrx_word' id='word_1_542' title='bbox 2047 745 2159 791; x_wconf 86' lang='grc' dir='ltr'>σεν,</span> <span class='ocrx_word' id='word_1_543' title='bbox 2197 728 2288 780; x_wconf 77' lang='grc' dir='ltr'>καὶ</span> <span class='ocrx_word' id='word_1_544' title='bbox 2322 727 2503 782; x_wconf 87' lang='grc' dir='ltr'>λαϐὼν</span> <span class='ocrx_word' id='word_1_545' title='bbox 2541 727 2886 798; x_wconf 84' lang='grc' dir='ltr'>τριακοσίους</span> <span class='ocrx_word' id='word_1_546' title='bbox 2918 727 3227 794; x_wconf 84' lang='grc' dir='ltr'>ἀλώπεκας,</span> <span class='ocrx_word' id='word_1_547' title='bbox 3268 732 3362 782; x_wconf 77' lang='grc' dir='ltr'>καὶ</span> <span class='ocrx_word' id='word_1_548' title='bbox 3403 731 3624 801; x_wconf 68' lang='grc' dir='ltr'>λαμπάς⁸</span> 
     </span>
    </p>
   </div>
   <div class='ocr_carea' id='block_1_73' title="bbox 2043 810 3623 883">
    <p class='ocr_par' dir='ltr' id='par_1_73' title="bbox 2043 810 3623 883">
     <span class='ocr_line' id='line_1_73' title="bbox 2043 810 3623 883; baseline 0.003 -19"><span class='ocrx_word' id='word_1_549' title='bbox 2043 811 2136 874; x_wconf 86' lang='grc' dir='ltr'>δας</span> <span class='ocrx_word' id='word_1_550' title='bbox 2165 812 2388 866; x_wconf 77' lang='grc' dir='ltr'>ὄπισθεν</span> <span class='ocrx_word' id='word_1_551' title='bbox 2417 812 2595 865; x_wconf 74' lang='grc' dir='ltr'>αὐτῶν</span> <span class='ocrx_word' id='word_1_552' title='bbox 2627 810 2852 879; x_wconf 68' lang='grc' dir='ltr'>ἐξάψας,</span> <span class='ocrx_word' id='word_1_553' title='bbox 2883 812 3092 883; x_wconf 84' lang='grc' dir='ltr'>ἀφῆκεν</span> <span class='ocrx_word' id='word_1_554' title='bbox 3118 815 3196 876; x_wconf 86' lang='grc' dir='ltr'>εἰς</span> <span class='ocrx_word' id='word_1_555' title='bbox 3227 812 3296 866; x_wconf 81' lang='grc' dir='ltr'>τὰ</span> <span class='ocrx_word' id='word_1_556' title='bbox 3330 815 3488 868; x_wconf 86' lang='grc' dir='ltr'>πεδία</span> <span class='ocrx_word' id='word_1_557' title='bbox 3515 815 3623 868; x_wconf 82' lang='grc' dir='ltr'>τῶν</span> 
     </span>
    </p>
   </div>
   <div class='ocr_carea' id='block_1_74' title="bbox 2043 894 3624 968">
    <p class='ocr_par' dir='ltr' id='par_1_74' title="bbox 2043 894 3624 968">
     <span class='ocr_line' id='line_1_74' title="bbox 2043 894 3624 968; baseline 0.004 -23"><span class='ocrx_word' id='word_1_558' title='bbox 2043 894 2375 963; x_wconf 75' lang='grc' dir='ltr'>ἀλλοφύλωνο</span> <span class='ocrx_word' id='word_1_559' title='bbox 2405 898 2482 958; x_wconf 87' lang='grc' dir='ltr'>ώς</span> <span class='ocrx_word' id='word_1_560' title='bbox 2513 895 2571 948; x_wconf 84' lang='grc' dir='ltr'>δὲ</span> <span class='ocrx_word' id='word_1_561' title='bbox 2599 894 2917 965; x_wconf 83' lang='grc' dir='ltr'>ἐνεπύρισεν</span> <span class='ocrx_word' id='word_1_562' title='bbox 2959 894 3136 947; x_wconf 81' lang='grc' dir='ltr'>αὐτῶν</span> <span class='ocrx_word' id='word_1_563' title='bbox 3176 895 3245 948; x_wconf 79' lang='grc' dir='ltr'>τά</span> <span class='ocrx_word' id='word_1_564' title='bbox 3277 896 3624 968; x_wconf 81' lang='grc' dir='ltr'>σταχυοφόρα</span> 
     </span>
    </p>
   </div>
   <div class='ocr_carea' id='block_1_75' title="bbox 2043 978 3620 1052">
    <p class='ocr_par' dir='ltr' id='par_1_75' title="bbox 2043 978 3620 1052">
     <span class='ocr_line' id='line_1_75' title="bbox 2043 978 3620 1052; baseline 0.004 -23"><span class='ocrx_word' id='word_1_565' title='bbox 2043 978 2221 1043; x_wconf 89' lang='grc' dir='ltr'>πεδία,</span> <span class='ocrx_word' id='word_1_566' title='bbox 2253 979 2556 1049; x_wconf 80' lang='grc' dir='ltr'>ἐνέπρησαν</span> <span class='ocrx_word' id='word_1_567' title='bbox 2576 981 2772 1032; x_wconf 88' lang='grc' dir='ltr'>ἐκεῖνοι</span> <span class='ocrx_word' id='word_1_568' title='bbox 2799 979 2896 1048; x_wconf 80' lang='grc' dir='ltr'>τὴν</span> <span class='ocrx_word' id='word_1_569' title='bbox 2927 980 3102 1031; x_wconf 83' lang='grc' dir='ltr'>οἰκίαν</span> <span class='ocrx_word' id='word_1_570' title='bbox 3126 981 3223 1049; x_wconf 82' lang='grc' dir='ltr'>τῆς</span> <span class='ocrx_word' id='word_1_571' title='bbox 3252 981 3470 1052; x_wconf 87' lang='grc' dir='ltr'>νύμφης</span> <span class='ocrx_word' id='word_1_572' title='bbox 3502 985 3620 1052; x_wconf 85' lang='grc' dir='ltr'>μετ’</span> 
     </span>
    </p>
   </div>
   <div class='ocr_carea' id='block_1_76' title="bbox 2042 1061 3617 1137">
    <p class='ocr_par' dir='ltr' id='par_1_76' title="bbox 2042 1061 3617 1137">
     <span class='ocr_line' id='line_1_76' title="bbox 2042 1061 3617 1137; baseline 0.005 -25"><span class='ocrx_word' id='word_1_573' title='bbox 2042 1061 2209 1132; x_wconf 82' lang='grc' dir='ltr'>αὐτῆς</span> <span class='ocrx_word' id='word_1_574' title='bbox 2233 1064 2325 1115; x_wconf 78' lang='grc' dir='ltr'>καὶ</span> <span class='ocrx_word' id='word_1_575' title='bbox 2358 1063 2452 1114; x_wconf 89' lang='grc' dir='ltr'>τοῦ</span> <span class='ocrx_word' id='word_1_576' title='bbox 2485 1063 2689 1133; x_wconf 84' lang='grc' dir='ltr'>πατρὸς</span> <span class='ocrx_word' id='word_1_577' title='bbox 2721 1063 2910 1131; x_wconf 79' lang='grc' dir='ltr'>αὐτῆς.</span> <span class='ocrx_word' id='word_1_578' title='bbox 2943 1062 3073 1114; x_wconf 77' lang='grc' dir='ltr'>Οὐδὲ</span> <span class='ocrx_word' id='word_1_579' title='bbox 3105 1064 3293 1116; x_wconf 89' lang='grc' dir='ltr'>τούτου</span> <span class='ocrx_word' id='word_1_580' title='bbox 3322 1067 3617 1137; x_wconf 84' lang='grc' dir='ltr'>γενομένου</span> 
     </span>
    </p>
   </div>
   <div class='ocr_carea' id='block_1_77' title="bbox 2040 1144 3618 1219">
    <p class='ocr_par' dir='ltr' id='par_1_77' title="bbox 2040 1144 3618 1219">
     <span class='ocr_line' id='line_1_77' title="bbox 2040 1144 3618 1219; baseline 0.005 -24"><span class='ocrx_word' id='word_1_581' title='bbox 2040 1144 2272 1214; x_wconf 85' lang='grc' dir='ltr'>ἐχάλασε</span> <span class='ocrx_word' id='word_1_582' title='bbox 2308 1146 2407 1215; x_wconf 83' lang='grc' dir='ltr'>τὴν</span> <span class='ocrx_word' id='word_1_583' title='bbox 2439 1146 2608 1216; x_wconf 84' lang='grc' dir='ltr'>ὀργὴν</span> <span class='ocrx_word' id='word_1_584' title='bbox 2640 1148 2668 1198; x_wconf 90' lang='lat'>6</span> <span class='ocrx_word' id='word_1_585' title='bbox 2694 1145 2950 1215; x_wconf 69' lang='grc' dir='ltr'>Σαμψὼν,</span> <span class='ocrx_word' id='word_1_586' title='bbox 2976 1145 3088 1197; x_wconf 77' lang='grc' dir='ltr'>ἀλλ’</span> <span class='ocrx_word' id='word_1_587' title='bbox 3120 1146 3201 1199; x_wconf 80' lang='grc' dir='ltr'>ἐτι</span> <span class='ocrx_word' id='word_1_588' title='bbox 3230 1148 3482 1219; x_wconf 81' lang='grc' dir='ltr'>ἐπολέμει</span> <span class='ocrx_word' id='word_1_589' title='bbox 3515 1151 3618 1202; x_wconf 86' lang='grc' dir='ltr'>αύ-</span> 
     </span>
    </p>
   </div>
   <div class='ocr_carea' id='block_1_78' title="bbox 2037 1227 3617 1301">
    <p class='ocr_par' dir='ltr' id='par_1_78' title="bbox 2037 1227 3617 1301">
     <span class='ocr_line' id='line_1_78' title="bbox 2037 1227 3617 1301; baseline 0.004 -24"><span class='ocrx_word' id='word_1_590' title='bbox 2037 1229 2170 1288; x_wconf 90' lang='grc' dir='ltr'>τοῖς.</span> <span class='ocrx_word' id='word_1_591' title='bbox 2224 1228 2287 1280; x_wconf 79' lang='grc' dir='ltr'>Οί</span> <span class='ocrx_word' id='word_1_592' title='bbox 2335 1227 2393 1280; x_wconf 83' lang='grc' dir='ltr'>δέ</span> <span class='ocrx_word' id='word_1_593' title='bbox 2436 1228 2878 1298; x_wconf 78' lang='grc' dir='ltr'>παραταξάμενοι</span> <span class='ocrx_word' id='word_1_594' title='bbox 2926 1228 3064 1281; x_wconf 83' lang='grc' dir='ltr'>κατά</span> <span class='ocrx_word' id='word_1_595' title='bbox 3115 1229 3208 1281; x_wconf 87' lang='grc' dir='ltr'>τοῦ</span> <span class='ocrx_word' id='word_1_596' title='bbox 3248 1231 3481 1301; x_wconf 76' lang='grc' dir='ltr'>Ἰσραὴλ,</span> <span class='ocrx_word' id='word_1_597' title='bbox 3525 1235 3617 1286; x_wconf 79' lang='grc' dir='ltr'>τὸν</span> 
     </span>
    </p>
   </div>
   <div class='ocr_carea' id='block_1_79' title="bbox 2039 1308 3612 1387">
    <p class='ocr_par' dir='ltr' id='par_1_79' title="bbox 2039 1308 3612 1387">
     <span class='ocr_line' id='line_1_79' title="bbox 2039 1308 3612 1387; baseline 0.006 -28"><span class='ocrx_word' id='word_1_598' title='bbox 2039 1308 2272 1378; x_wconf 75' lang='grc' dir='ltr'>Σαμψὼν</span> <span class='ocrx_word' id='word_1_599' title='bbox 2295 1310 2538 1380; x_wconf 71' lang='grc' dir='ltr'>ἐζήτουνο</span> <span class='ocrx_word' id='word_1_600' title='bbox 2572 1310 2832 1380; x_wconf 84' lang='grc' dir='ltr'>δήσαντες</span> <span class='ocrx_word' id='word_1_601' title='bbox 2861 1312 3024 1364; x_wconf 75' lang='grc' dir='ltr'>αὐτὸν</span> <span class='ocrx_word' id='word_1_602' title='bbox 3049 1315 3095 1364; x_wconf 81' lang='grc' dir='ltr'>οἱ</span> <span class='ocrx_word' id='word_1_603' title='bbox 3134 1313 3456 1384; x_wconf 80' lang='grc' dir='ltr'>Ἰσραηλῖται</span> <span class='ocrx_word' id='word_1_604' title='bbox 3486 1334 3612 1387; x_wconf 82' lang='grc' dir='ltr'>παρ-</span> 
     </span>
    </p>
   </div>
   <div class='ocr_carea' id='block_1_80' title="bbox 2037 1391 3618 1468">
    <p class='ocr_par' dir='ltr' id='par_1_80' title="bbox 2037 1391 3618 1468">
     <span class='ocr_line' id='line_1_80' title="bbox 2037 1391 3618 1468; baseline 0.007 -25"><span class='ocrx_word' id='word_1_605' title='bbox 2037 1391 2244 1444; x_wconf 83' lang='grc' dir='ltr'>έδωκαν</span> <span class='ocrx_word' id='word_1_606' title='bbox 2268 1396 2380 1456; x_wconf 90' lang='grc' dir='ltr'>τοῖς</span> <span class='ocrx_word' id='word_1_607' title='bbox 2404 1393 2637 1464; x_wconf 84' lang='grc' dir='ltr'>ἐχθροῖς.</span> <span class='ocrx_word' id='word_1_608' title='bbox 2689 1394 2747 1447; x_wconf 88' lang='lat'>&#39;0</span> <span class='ocrx_word' id='word_1_609' title='bbox 2773 1394 2828 1446; x_wconf 84' lang='grc' dir='ltr'>δὲ</span> <span class='ocrx_word' id='word_1_610' title='bbox 2859 1394 2926 1447; x_wconf 78' lang='grc' dir='ltr'>τά</span> <span class='ocrx_word' id='word_1_611' title='bbox 2956 1395 3130 1466; x_wconf 86' lang='grc' dir='ltr'>δεσμά</span> <span class='ocrx_word' id='word_1_612' title='bbox 3163 1396 3480 1468; x_wconf 73' lang='grc' dir='ltr'>διαρρήξας,</span> <span class='ocrx_word' id='word_1_613' title='bbox 3522 1404 3618 1454; x_wconf 79' lang='grc' dir='ltr'>καὶ</span> 
     </span>
    </p>
   </div>
   <div class='ocr_carea' id='block_1_81' title="bbox 2037 1473 3617 1553">
    <p class='ocr_par' dir='ltr' id='par_1_81' title="bbox 2037 1473 3617 1553">
     <span class='ocr_line' id='line_1_81' title="bbox 2037 1473 3617 1553; baseline 0.008 -28"><span class='ocrx_word' id='word_1_614' title='bbox 2037 1473 2210 1546; x_wconf 85' lang='grc' dir='ltr'>εὑρὼν</span> <span class='ocrx_word' id='word_1_615' title='bbox 2241 1475 2464 1542; x_wconf 89' lang='grc' dir='ltr'>σιαγόνα</span> <span class='ocrx_word' id='word_1_616' title='bbox 2493 1477 2636 1541; x_wconf 75' lang='grc' dir='ltr'>ὄνου,</span> <span class='ocrx_word' id='word_1_617' title='bbox 2665 1477 2868 1547; x_wconf 85' lang='grc' dir='ltr'>χιλίους</span> <span class='ocrx_word' id='word_1_618' title='bbox 2887 1478 3208 1533; x_wconf 89' lang='grc' dir='ltr'>ἀπέκτεινεν</span> <span class='ocrx_word' id='word_1_619' title='bbox 3238 1482 3292 1532; x_wconf 85' lang='grc' dir='ltr'>ἐν</span> <span class='ocrx_word' id='word_1_620' title='bbox 3320 1483 3478 1553; x_wconf 78' lang='grc' dir='ltr'>αὐτῇ.</span> <span class='ocrx_word' id='word_1_621' title='bbox 3507 1485 3617 1537; x_wconf 79' lang='grc' dir='ltr'>Καὶ</span> 
     </span>
    </p>
   </div>
   <div class='ocr_carea' id='block_1_82' title="bbox 2035 1555 3615 1635">
    <p class='ocr_par' dir='ltr' id='par_1_82' title="bbox 2035 1555 3615 1635">
     <span class='ocr_line' id='line_1_82' title="bbox 2035 1555 3615 1635; baseline 0.008 -28"><span class='ocrx_word' id='word_1_622' title='bbox 2035 1555 2265 1626; x_wconf 73' lang='grc' dir='ltr'>διψήσας</span> <span class='ocrx_word' id='word_1_623' title='bbox 2297 1557 2500 1628; x_wconf 78' lang='grc' dir='ltr'>ηὔξατο</span> <span class='ocrx_word' id='word_1_624' title='bbox 2549 1559 2626 1629; x_wconf 80' lang='grc' dir='ltr'>τῷ</span> <span class='ocrx_word' id='word_1_625' title='bbox 2673 1559 2810 1629; x_wconf 82' lang='grc' dir='ltr'>Θεῷ,</span> <span class='ocrx_word' id='word_1_626' title='bbox 2848 1561 2940 1614; x_wconf 76' lang='grc' dir='ltr'>καὶ</span> <span class='ocrx_word' id='word_1_627' title='bbox 2980 1561 3202 1632; x_wconf 76' lang='grc' dir='ltr'>ἐξῆλθεν</span> <span class='ocrx_word' id='word_1_628' title='bbox 3244 1563 3387 1634; x_wconf 75' lang='grc' dir='ltr'>ὕδωρ</span> <span class='ocrx_word' id='word_1_629' title='bbox 3421 1567 3486 1617; x_wconf 83' lang='grc' dir='ltr'>ἐκ</span> <span class='ocrx_word' id='word_1_630' title='bbox 3516 1567 3615 1635; x_wconf 80' lang='grc' dir='ltr'>τῆς</span> 
     </span>
    </p>
   </div>
   <div class='ocr_carea' id='block_1_83' title="bbox 2039 1639 3616 1721">
    <p class='ocr_par' dir='ltr' id='par_1_83' title="bbox 2039 1639 3616 1721">
     <span class='ocr_line' id='line_1_83' title="bbox 2039 1639 3616 1721; baseline 0.008 -30"><span class='ocrx_word' id='word_1_631' title='bbox 2039 1642 2304 1708; x_wconf 85' lang='grc' dir='ltr'>σιαγόνος,</span> <span class='ocrx_word' id='word_1_632' title='bbox 2331 1643 2422 1695; x_wconf 76' lang='grc' dir='ltr'>καὶ</span> <span class='ocrx_word' id='word_1_633' title='bbox 2451 1643 2622 1697; x_wconf 77' lang='grc' dir='ltr'>ἔπιεν.</span> <span class='ocrx_word' id='word_1_634' title='bbox 2647 1639 2850 1696; x_wconf 68' lang='grc' dir='ltr'>τΗλθεν</span> <span class='ocrx_word' id='word_1_635' title='bbox 2879 1645 3087 1698; x_wconf 84' lang='grc' dir='ltr'>ἐκεῖθεν</span> <span class='ocrx_word' id='word_1_636' title='bbox 3119 1648 3199 1709; x_wconf 84' lang='grc' dir='ltr'>εἰς</span> <span class='ocrx_word' id='word_1_637' title='bbox 3227 1651 3459 1716; x_wconf 89' lang='grc' dir='ltr'>γυναῖκα</span> <span class='ocrx_word' id='word_1_638' title='bbox 3484 1651 3616 1721; x_wconf 86' lang='grc' dir='ltr'>πόρ-</span> 
     </span>
    </p>
   </div>
   <div class='ocr_carea' id='block_1_84' title="bbox 2035 1725 3616 1802">
    <p class='ocr_par' dir='ltr' id='par_1_84' title="bbox 2035 1725 3616 1802">
     <span class='ocr_line' id='line_1_84' title="bbox 2035 1725 3616 1802; baseline 0.007 -26"><span class='ocrx_word' id='word_1_639' title='bbox 2035 1741 2132 1793; x_wconf 90' lang='grc' dir='ltr'>νην</span> <span class='ocrx_word' id='word_1_640' title='bbox 2157 1727 2237 1788; x_wconf 84' lang='grc' dir='ltr'>είς</span> <span class='ocrx_word' id='word_1_641' title='bbox 2260 1725 2456 1790; x_wconf 79' lang='grc' dir='ltr'>Γάζαν,</span> <span class='ocrx_word' id='word_1_642' title='bbox 2496 1728 2590 1780; x_wconf 70' lang='grc' dir='ltr'>καὶ</span> <span class='ocrx_word' id='word_1_643' title='bbox 2616 1727 3062 1797; x_wconf 87' lang='grc' dir='ltr'>περιεκύκλωσαν</span> <span class='ocrx_word' id='word_1_644' title='bbox 3088 1730 3248 1783; x_wconf 82' lang='grc' dir='ltr'>αὐτὸν</span> <span class='ocrx_word' id='word_1_645' title='bbox 3275 1733 3323 1784; x_wconf 79' lang='grc' dir='ltr'>οἱ</span> <span class='ocrx_word' id='word_1_646' title='bbox 3352 1732 3556 1802; x_wconf 86' lang='grc' dir='ltr'>ἐχθροί·</span> <span class='ocrx_word' id='word_1_647' title='bbox 3585 1735 3616 1788; x_wconf 91' lang='lat'>6</span> 
     </span>
    </p>
   </div>
   <div class='ocr_carea' id='block_1_85' title="bbox 2033 1807 3610 1883">
    <p class='ocr_par' dir='ltr' id='par_1_85' title="bbox 2033 1807 3610 1883">
     <span class='ocr_line' id='line_1_85' title="bbox 2033 1807 3610 1883; baseline 0.006 -23"><span class='ocrx_word' id='word_1_648' title='bbox 2033 1807 2088 1860; x_wconf 85' lang='grc' dir='ltr'>δὲ</span> <span class='ocrx_word' id='word_1_649' title='bbox 2117 1809 2252 1862; x_wconf 85' lang='grc' dir='ltr'>κατά</span> <span class='ocrx_word' id='word_1_650' title='bbox 2277 1810 2338 1863; x_wconf 81' lang='grc' dir='ltr'>τὸ</span> <span class='ocrx_word' id='word_1_651' title='bbox 2361 1811 2708 1880; x_wconf 85' lang='grc' dir='ltr'>μεσονύκτιον</span> <span class='ocrx_word' id='word_1_652' title='bbox 2737 1810 2916 1864; x_wconf 89' lang='grc' dir='ltr'>λαϐὼν</span> <span class='ocrx_word' id='word_1_653' title='bbox 2937 1811 3034 1874; x_wconf 86' lang='grc' dir='ltr'>τὰς</span> <span class='ocrx_word' id='word_1_654' title='bbox 3063 1813 3234 1876; x_wconf 89' lang='grc' dir='ltr'>πύλας</span> <span class='ocrx_word' id='word_1_655' title='bbox 3261 1815 3358 1883; x_wconf 86' lang='grc' dir='ltr'>τῆς</span> <span class='ocrx_word' id='word_1_656' title='bbox 3386 1815 3610 1878; x_wconf 89' lang='grc' dir='ltr'>πόλεως.</span> 
     </span>
    </p>
   </div>
   <div class='ocr_carea' id='block_1_86' title="bbox 2034 1892 3613 1967">
    <p class='ocr_par' dir='ltr' id='par_1_86' title="bbox 2034 1892 3613 1967">
     <span class='ocr_line' id='line_1_86' title="bbox 2034 1892 3613 1967; baseline 0.004 -24"><span class='ocrx_word' id='word_1_657' title='bbox 2034 1892 2125 1944; x_wconf 71' lang='grc' dir='ltr'>καὶ</span> <span class='ocrx_word' id='word_1_658' title='bbox 2155 1892 2266 1957; x_wconf 77' lang='grc' dir='ltr'>θεὶς</span> <span class='ocrx_word' id='word_1_659' title='bbox 2293 1894 2386 1946; x_wconf 78' lang='grc' dir='ltr'>ἐπὶ</span> <span class='ocrx_word' id='word_1_660' title='bbox 2408 1894 2517 1948; x_wconf 85' lang='grc' dir='ltr'>τῶν</span> <span class='ocrx_word' id='word_1_661' title='bbox 2543 1894 2708 1964; x_wconf 77' lang='grc' dir='ltr'>ὤμων</span> <span class='ocrx_word' id='word_1_662' title='bbox 2735 1894 2976 1966; x_wconf 81' lang='grc' dir='ltr'>ἐξῆλθεν.</span> <span class='ocrx_word' id='word_1_663' title='bbox 3012 1896 3253 1967; x_wconf 86' lang='grc' dir='ltr'>Ἠράσθη</span> <span class='ocrx_word' id='word_1_664' title='bbox 3280 1897 3416 1966; x_wconf 83' lang='grc' dir='ltr'>μετὰ</span> <span class='ocrx_word' id='word_1_665' title='bbox 3439 1897 3613 1950; x_wconf 88' lang='grc' dir='ltr'>ταῦτα</span> 
     </span>
    </p>
   </div>
   <div class='ocr_carea' id='block_1_87' title="bbox 2033 1979 3613 2050">
    <p class='ocr_par' dir='ltr' id='par_1_87' title="bbox 2033 1979 3613 2050">
     <span class='ocr_line' id='line_1_87' title="bbox 2033 1979 3613 2050; baseline 0.005 -22"><span class='ocrx_word' id='word_1_666' title='bbox 2033 1980 2287 2042; x_wconf 87' lang='grc' dir='ltr'>γυναικός</span> <span class='ocrx_word' id='word_1_667' title='bbox 2317 1996 2462 2043; x_wconf 86' lang='grc' dir='ltr'>τινος</span> <span class='ocrx_word' id='word_1_668' title='bbox 2491 1982 2519 2032; x_wconf 91' lang='grc' dir='ltr'>ὁ</span> <span class='ocrx_word' id='word_1_669' title='bbox 2547 1979 2784 2050; x_wconf 72' lang='grc' dir='ltr'>Σαμψὼν</span> <span class='ocrx_word' id='word_1_670' title='bbox 2819 1979 3041 2050; x_wconf 85' lang='grc' dir='ltr'>ὀνόματι</span> <span class='ocrx_word' id='word_1_671' title='bbox 3069 1981 3315 2046; x_wconf 80' lang='grc' dir='ltr'>Δαλιδᾶς,</span> <span class='ocrx_word' id='word_1_672' title='bbox 3358 1983 3453 2037; x_wconf 76' lang='grc' dir='ltr'>καὶ</span> <span class='ocrx_word' id='word_1_673' title='bbox 3487 1985 3613 2036; x_wconf 82' lang='grc' dir='ltr'>ἐλα-</span> 
     </span>
    </p>
   </div>
   <div class='ocr_carea' id='block_1_88' title="bbox 2033 2058 3614 2135">
    <p class='ocr_par' dir='ltr' id='par_1_88' title="bbox 2033 2058 3614 2135">
     <span class='ocr_line' id='line_1_88' title="bbox 2033 2058 3614 2135; baseline 0.007 -25"><span class='ocrx_word' id='word_1_674' title='bbox 2033 2058 2124 2111; x_wconf 91' lang='grc' dir='ltr'>ϐεν</span> <span class='ocrx_word' id='word_1_675' title='bbox 2155 2061 2325 2131; x_wconf 77' lang='grc' dir='ltr'>αὐτὴν</span> <span class='ocrx_word' id='word_1_676' title='bbox 2358 2065 2438 2125; x_wconf 91' lang='grc' dir='ltr'>εἰς</span> <span class='ocrx_word' id='word_1_677' title='bbox 2467 2067 2720 2132; x_wconf 84' lang='grc' dir='ltr'>γυναῖκα.</span> <span class='ocrx_word' id='word_1_678' title='bbox 2761 2063 2943 2134; x_wconf 83' lang='grc' dir='ltr'>Ταύτῃ</span> <span class='ocrx_word' id='word_1_679' title='bbox 2977 2064 3033 2116; x_wconf 89' lang='grc' dir='ltr'>δέ</span> <span class='ocrx_word' id='word_1_680' title='bbox 3074 2065 3370 2135; x_wconf 83' lang='grc' dir='ltr'>ὑπέσχοντο</span> <span class='ocrx_word' id='word_1_681' title='bbox 3413 2069 3464 2120; x_wconf 86' lang='grc' dir='ltr'>οί</span> <span class='ocrx_word' id='word_1_682' title='bbox 3519 2085 3614 2121; x_wconf 91' lang='grc' dir='ltr'>σα-</span> 
     </span>
    </p>
   </div>
   <div class='ocr_carea' id='block_1_89' title="bbox 2030 2144 3607 2220">
    <p class='ocr_par' dir='ltr' id='par_1_89' title="bbox 2030 2144 3607 2220">
     <span class='ocr_line' id='line_1_89' title="bbox 2030 2144 3607 2220; baseline 0.005 -25"><span class='ocrx_word' id='word_1_683' title='bbox 2030 2144 2234 2212; x_wconf 87' lang='grc' dir='ltr'>τράπαι</span> <span class='ocrx_word' id='word_1_684' title='bbox 2265 2145 2370 2198; x_wconf 82' lang='grc' dir='ltr'>τῶν</span> <span class='ocrx_word' id='word_1_685' title='bbox 2397 2147 2710 2215; x_wconf 82' lang='grc' dir='ltr'>ἀλλοφύλων</span> <span class='ocrx_word' id='word_1_686' title='bbox 2732 2148 2934 2218; x_wconf 88' lang='grc' dir='ltr'>χιλίους</span> <span class='ocrx_word' id='word_1_687' title='bbox 2960 2149 3052 2201; x_wconf 73' lang='grc' dir='ltr'>καὶ</span> <span class='ocrx_word' id='word_1_688' title='bbox 3076 2149 3268 2202; x_wconf 86' lang='grc' dir='ltr'>ἐκατὸν</span> <span class='ocrx_word' id='word_1_689' title='bbox 3289 2151 3607 2220; x_wconf 82' lang='grc' dir='ltr'>ἀργυρίους,</span> 
     </span>
    </p>
   </div>
   <div class='ocr_carea' id='block_1_90' title="bbox 2030 2228 3607 2302">
    <p class='ocr_par' dir='ltr' id='par_1_90' title="bbox 2030 2228 3607 2302">
     <span class='ocr_line' id='line_1_90' title="bbox 2030 2228 3607 2302; baseline 0.006 -23"><span class='ocrx_word' id='word_1_690' title='bbox 2030 2229 2079 2279; x_wconf 85' lang='grc' dir='ltr'><strong>εἰ</strong></span> <span class='ocrx_word' id='word_1_691' title='bbox 2105 2228 2266 2292; x_wconf 84' lang='grc' dir='ltr'>μάθοι</span> <span class='ocrx_word' id='word_1_692' title='bbox 2288 2231 2418 2299; x_wconf 82' lang='grc' dir='ltr'>παρ’</span> <span class='ocrx_word' id='word_1_693' title='bbox 2437 2231 2622 2295; x_wconf 85' lang='grc' dir='ltr'>αὑτοῦ,</span> <span class='ocrx_word' id='word_1_694' title='bbox 2653 2232 2769 2296; x_wconf 82' lang='grc' dir='ltr'>πῶς</span> <span class='ocrx_word' id='word_1_695' title='bbox 2795 2232 2860 2285; x_wconf 85' lang='grc' dir='ltr'>ἂν</span> <span class='ocrx_word' id='word_1_696' title='bbox 2889 2232 3359 2299; x_wconf 86' lang='grc' dir='ltr'>εὑκαταγώνιστος</span> <span class='ocrx_word' id='word_1_697' title='bbox 3380 2234 3607 2302; x_wconf 88' lang='grc' dir='ltr'>γένοιτο.</span> 
     </span>
    </p>
   </div>
   <div class='ocr_carea' id='block_1_91' title="bbox 2041 2309 3607 2388">
    <p class='ocr_par' dir='ltr' id='par_1_91' title="bbox 2041 2309 3607 2388">
     <span class='ocr_line' id='line_1_91' title="bbox 2041 2309 3607 2388; baseline 0.007 -27"><span class='ocrx_word' id='word_1_698' title='bbox 2041 2309 2128 2374; x_wconf 87' lang='grc' dir='ltr'>Ὣς</span> <span class='ocrx_word' id='word_1_699' title='bbox 2152 2311 2206 2364; x_wconf 85' lang='grc' dir='ltr'>δὲ</span> <span class='ocrx_word' id='word_1_700' title='bbox 2229 2313 2487 2384; x_wconf 80' lang='grc' dir='ltr'>ἐπειρᾶτο</span> <span class='ocrx_word' id='word_1_701' title='bbox 2515 2315 2725 2384; x_wconf 82' lang='grc' dir='ltr'>μαθεῖν,</span> <span class='ocrx_word' id='word_1_702' title='bbox 2743 2316 2805 2368; x_wconf 85' lang='grc' dir='ltr'>τὸ</span> <span class='ocrx_word' id='word_1_703' title='bbox 2836 2316 2934 2385; x_wconf 82' lang='grc' dir='ltr'>μὲν</span> <span class='ocrx_word' id='word_1_704' title='bbox 2965 2315 3178 2387; x_wconf 84' lang='grc' dir='ltr'>πρῶτον</span> <span class='ocrx_word' id='word_1_705' title='bbox 3205 2317 3376 2387; x_wconf 81' lang='grc' dir='ltr'>αὐτὴν</span> <span class='ocrx_word' id='word_1_706' title='bbox 3402 2319 3607 2388; x_wconf 76' lang='grc' dir='ltr'>ἠπάτα·</span> 
     </span>
    </p>
   </div>
   <div class='ocr_carea' id='block_1_92' title="bbox 2026 2392 3610 2472">
    <p class='ocr_par' dir='ltr' id='par_1_92' title="bbox 2026 2392 3610 2472">
     <span class='ocr_line' id='line_1_92' title="bbox 2026 2392 3610 2472; baseline 0.006 -28"><span class='ocrx_word' id='word_1_707' title='bbox 2026 2392 2178 2456; x_wconf 89' lang='grc' dir='ltr'>τέλος</span> <span class='ocrx_word' id='word_1_708' title='bbox 2219 2395 2297 2458; x_wconf 85' lang='grc' dir='ltr'>δὲ,</span> <span class='ocrx_word' id='word_1_709' title='bbox 2345 2396 2419 2460; x_wconf 82' lang='grc' dir='ltr'>ὡς</span> <span class='ocrx_word' id='word_1_710' title='bbox 2463 2397 2863 2470; x_wconf 86' lang='grc' dir='ltr'>κατειργάσατο</span> <span class='ocrx_word' id='word_1_711' title='bbox 2899 2399 3080 2462; x_wconf 87' lang='grc' dir='ltr'>αὑτὸν,</span> <span class='ocrx_word' id='word_1_712' title='bbox 3123 2396 3275 2452; x_wconf 81' lang='grc' dir='ltr'>εἶπεν</span> <span class='ocrx_word' id='word_1_713' title='bbox 3321 2400 3458 2472; x_wconf 80' lang='grc' dir='ltr'>αὐτῇ</span> <span class='ocrx_word' id='word_1_714' title='bbox 3509 2402 3610 2471; x_wconf 81' lang='grc' dir='ltr'>τὴν</span> 
     </span>
    </p>
   </div>
   <div class='ocr_carea' id='block_1_93' title="bbox 2027 2483 3605 2561">
    <p class='ocr_par' dir='ltr' id='par_1_93' title="bbox 2027 2483 3605 2561">
     <span class='ocr_line' id='line_1_93' title="bbox 2027 2483 3605 2561; baseline 0.005 -26"><span class='ocrx_word' id='word_1_715' title='bbox 2027 2483 2305 2554; x_wconf 87' lang='grc' dir='ltr'>ἀλήθειαν,</span> <span class='ocrx_word' id='word_1_716' title='bbox 2342 2487 2424 2539; x_wconf 84' lang='grc' dir='ltr'>ὅτι</span> <span class='ocrx_word' id='word_1_717' title='bbox 2475 2488 2568 2541; x_wconf 88' lang='grc' dir='ltr'>ἐάν</span> <span class='ocrx_word' id='word_1_718' title='bbox 2608 2503 2692 2549; x_wconf 87' lang='grc' dir='ltr'>τις</span> <span class='ocrx_word' id='word_1_719' title='bbox 2735 2486 2898 2540; x_wconf 83' lang='grc' dir='ltr'>αὐτοῦ</span> <span class='ocrx_word' id='word_1_720' title='bbox 2935 2487 3174 2558; x_wconf 86' lang='grc' dir='ltr'>περιέλοι</span> <span class='ocrx_word' id='word_1_721' title='bbox 3215 2488 3341 2551; x_wconf 83' lang='grc' dir='ltr'>τοὺς</span> <span class='ocrx_word' id='word_1_722' title='bbox 3373 2488 3605 2561; x_wconf 87' lang='grc' dir='ltr'>βοστρύ-</span> 
     </span>
    </p>
   </div>
   <div class='ocr_carea' id='block_1_94' title="bbox 2026 2569 3608 2642">
    <p class='ocr_par' dir='ltr' id='par_1_94' title="bbox 2026 2569 3608 2642">
     <span class='ocr_line' id='line_1_94' title="bbox 2026 2569 3608 2642; baseline 0.001 -21"><span class='ocrx_word' id='word_1_723' title='bbox 2026 2586 2172 2638; x_wconf 89' lang='grc' dir='ltr'>χους,</span> <span class='ocrx_word' id='word_1_724' title='bbox 2199 2569 2506 2642; x_wconf 80' lang='grc' dir='ltr'>ἀσθενήσει.</span> <span class='ocrx_word' id='word_1_725' title='bbox 2556 2572 2619 2624; x_wconf 80' lang='grc' dir='ltr'><strong>Ἦ</strong></span> <span class='ocrx_word' id='word_1_726' title='bbox 2641 2571 2696 2623; x_wconf 89' lang='grc' dir='ltr'>δέ</span> <span class='ocrx_word' id='word_1_727' title='bbox 2719 2571 2995 2624; x_wconf 87' lang='grc' dir='ltr'>καλέσασα</span> <span class='ocrx_word' id='word_1_728' title='bbox 3022 2573 3148 2635; x_wconf 79' lang='grc' dir='ltr'>τοὺς</span> <span class='ocrx_word' id='word_1_729' title='bbox 3181 2573 3485 2642; x_wconf 85' lang='grc' dir='ltr'>σατράπας,</span> <span class='ocrx_word' id='word_1_730' title='bbox 3513 2573 3608 2625; x_wconf 78' lang='grc' dir='ltr'>καὶ</span> 
     </span>
    </p>
   </div>
   <div class='ocr_carea' id='block_1_95' title="bbox 2025 2654 3604 2726">
    <p class='ocr_par' dir='ltr' id='par_1_95' title="bbox 2025 2654 3604 2726">
     <span class='ocr_line' id='line_1_95' title="bbox 2025 2654 3604 2726; baseline 0.001 -20"><span class='ocrx_word' id='word_1_731' title='bbox 2025 2656 2334 2726; x_wconf 86' lang='grc' dir='ltr'>κοιμήσασα</span> <span class='ocrx_word' id='word_1_732' title='bbox 2362 2655 2544 2722; x_wconf 79' lang='grc' dir='ltr'>αὐτὸν,</span> <span class='ocrx_word' id='word_1_733' title='bbox 2578 2656 2803 2725; x_wconf 83' lang='grc' dir='ltr'>ἐποίησε</span> <span class='ocrx_word' id='word_1_734' title='bbox 2833 2655 3171 2726; x_wconf 85' lang='grc' dir='ltr'>ξυρισθῆναι,</span> <span class='ocrx_word' id='word_1_735' title='bbox 3201 2657 3292 2707; x_wconf 79' lang='grc' dir='ltr'>καὶ</span> <span class='ocrx_word' id='word_1_736' title='bbox 3319 2654 3604 2725; x_wconf 77' lang='grc' dir='ltr'>ἠσθένησε.</span> 
     </span>
    </p>
   </div>
   <div class='ocr_carea' id='block_1_96' title="bbox 2024 2737 3606 2808">
    <p class='ocr_par' dir='ltr' id='par_1_96' title="bbox 2024 2737 3606 2808">
     <span class='ocr_line' id='line_1_96' title="bbox 2024 2737 3606 2808; baseline -0.002 -16"><span class='ocrx_word' id='word_1_737' title='bbox 2024 2739 2134 2792; x_wconf 78' lang='grc' dir='ltr'>Καὶ</span> <span class='ocrx_word' id='word_1_738' title='bbox 2186 2739 2439 2804; x_wconf 89' lang='grc' dir='ltr'>λαϐόντες</span> <span class='ocrx_word' id='word_1_739' title='bbox 2493 2739 2654 2793; x_wconf 82' lang='grc' dir='ltr'>αὐτὸν</span> <span class='ocrx_word' id='word_1_740' title='bbox 2699 2741 2746 2792; x_wconf 88' lang='grc' dir='ltr'>οἱ</span> <span class='ocrx_word' id='word_1_741' title='bbox 2789 2738 3098 2808; x_wconf 84' lang='grc' dir='ltr'>ἀλλόφυλοι,</span> <span class='ocrx_word' id='word_1_742' title='bbox 3150 2737 3466 2806; x_wconf 85' lang='grc' dir='ltr'>ἐτύφλωσαν</span> <span class='ocrx_word' id='word_1_743' title='bbox 3514 2739 3606 2790; x_wconf 80' lang='grc' dir='ltr'>καὶ</span> 
     </span>
    </p>
   </div>
   <div class='ocr_carea' id='block_1_97' title="bbox 2024 2826 3607 2900">
    <p class='ocr_par' dir='ltr' id='par_1_97' title="bbox 2024 2826 3607 2900">
     <span class='ocr_line' id='line_1_97' title="bbox 2024 2826 3607 2900; baseline 0 -19"><span class='ocrx_word' id='word_1_744' title='bbox 2024 2826 2273 2882; x_wconf 89' lang='grc' dir='ltr'>ἐνέϐαλον</span> <span class='ocrx_word' id='word_1_745' title='bbox 2304 2831 2384 2892; x_wconf 81' lang='grc' dir='ltr'>είς</span> <span class='ocrx_word' id='word_1_746' title='bbox 2412 2828 2473 2882; x_wconf 88' lang='lat'>16</span> <span class='ocrx_word' id='word_1_747' title='bbox 2509 2829 2898 2900; x_wconf 85' lang='grc' dir='ltr'>δεσμωτήριον.</span> <span class='ocrx_word' id='word_1_748' title='bbox 2930 2827 2995 2883; x_wconf 88' lang='grc' dir='ltr'>Οἱ</span> <span class='ocrx_word' id='word_1_749' title='bbox 3023 2829 3078 2882; x_wconf 86' lang='grc' dir='ltr'>δέ</span> <span class='ocrx_word' id='word_1_750' title='bbox 3105 2827 3481 2898; x_wconf 83' lang='grc' dir='ltr'>ηύφραίνοντο,</span> <span class='ocrx_word' id='word_1_751' title='bbox 3511 2831 3607 2881; x_wconf 79' lang='grc' dir='ltr'>καὶ</span> 
     </span>
    </p>
   </div>
   <div class='ocr_carea' id='block_1_98' title="bbox 2023 2914 3606 2987">
    <p class='ocr_par' dir='ltr' id='par_1_98' title="bbox 2023 2914 3606 2987">
     <span class='ocr_line' id='line_1_98' title="bbox 2023 2914 3606 2987; baseline 0.003 -20"><span class='ocrx_word' id='word_1_752' title='bbox 2023 2914 2288 2986; x_wconf 77' lang='grc' dir='ltr'>ἐξήγαγον</span> <span class='ocrx_word' id='word_1_753' title='bbox 2315 2917 2478 2972; x_wconf 81' lang='grc' dir='ltr'>αὑτὸν</span> <span class='ocrx_word' id='word_1_754' title='bbox 2516 2917 2581 2968; x_wconf 85' lang='grc' dir='ltr'>ἐκ</span> <span class='ocrx_word' id='word_1_755' title='bbox 2609 2916 2702 2970; x_wconf 88' lang='grc' dir='ltr'>τοῦ</span> <span class='ocrx_word' id='word_1_756' title='bbox 2725 2916 3119 2987; x_wconf 87' lang='grc' dir='ltr'>δεσμωτηρίου,</span> <span class='ocrx_word' id='word_1_757' title='bbox 3153 2917 3232 2980; x_wconf 85' lang='grc' dir='ltr'>είς</span> <span class='ocrx_word' id='word_1_758' title='bbox 3260 2917 3320 2969; x_wconf 84' lang='grc' dir='ltr'>τὸ</span> <span class='ocrx_word' id='word_1_759' title='bbox 3343 2916 3606 2986; x_wconf 83' lang='grc' dir='ltr'>ἐμπαῖξαι</span> 
     </span>
    </p>
   </div>
   <div class='ocr_carea' id='block_1_99' title="bbox 2023 3003 3605 3076">
    <p class='ocr_par' dir='ltr' id='par_1_99' title="bbox 2023 3003 3605 3076">
     <span class='ocr_line' id='line_1_99' title="bbox 2023 3003 3605 3076; baseline 0.002 -20"><span class='ocrx_word' id='word_1_760' title='bbox 2023 3003 2188 3074; x_wconf 83' lang='grc' dir='ltr'>αὐτῷ·</span> <span class='ocrx_word' id='word_1_761' title='bbox 2219 3006 2247 3057; x_wconf 91' lang='lat'>6</span> <span class='ocrx_word' id='word_1_762' title='bbox 2275 3005 2330 3058; x_wconf 84' lang='grc' dir='ltr'>δὲ</span> <span class='ocrx_word' id='word_1_763' title='bbox 2361 3005 2554 3075; x_wconf 82' lang='grc' dir='ltr'>πικρὸν</span> <span class='ocrx_word' id='word_1_764' title='bbox 2583 3004 2864 3069; x_wconf 81' lang='grc' dir='ltr'>στενάξας,</span> <span class='ocrx_word' id='word_1_765' title='bbox 2898 3004 2992 3059; x_wconf 65' lang='lat' dir='ltr'>xal</span> <span class='ocrx_word' id='word_1_766' title='bbox 3031 3003 3126 3058; x_wconf 89' lang='grc' dir='ltr'>τοῦ</span> <span class='ocrx_word' id='word_1_767' title='bbox 3159 3005 3364 3076; x_wconf 85' lang='grc' dir='ltr'>Κυρίου</span> <span class='ocrx_word' id='word_1_768' title='bbox 3394 3005 3605 3076; x_wconf 83' lang='grc' dir='ltr'>δεηθεὶς</span> 
     </span>
    </p>
   </div>
   <div class='ocr_carea' id='block_1_100' title="bbox 2021 3091 3602 3163">
    <p class='ocr_par' dir='ltr' id='par_1_100' title="bbox 2021 3091 3602 3163">
     <span class='ocr_line' id='line_1_100' title="bbox 2021 3091 3602 3163; baseline 0.001 -18"><span class='ocrx_word' id='word_1_769' title='bbox 2021 3091 2161 3146; x_wconf 84' lang='grc' dir='ltr'>ὥστε</span> <span class='ocrx_word' id='word_1_770' title='bbox 2217 3092 2496 3162; x_wconf 81' lang='grc' dir='ltr'>ἐνισχῦσαι</span> <span class='ocrx_word' id='word_1_771' title='bbox 2546 3093 2729 3158; x_wconf 84' lang='grc' dir='ltr'>αὐτὸν,</span> <span class='ocrx_word' id='word_1_772' title='bbox 2788 3093 2897 3146; x_wconf 86' lang='grc' dir='ltr'>τῶν</span> <span class='ocrx_word' id='word_1_773' title='bbox 2949 3091 3143 3146; x_wconf 89' lang='grc' dir='ltr'>κιόνων</span> <span class='ocrx_word' id='word_1_774' title='bbox 3175 3091 3470 3163; x_wconf 88' lang='grc' dir='ltr'>λαϐόμενος</span> <span class='ocrx_word' id='word_1_775' title='bbox 3506 3093 3602 3147; x_wconf 86' lang='grc' dir='ltr'>τοῦ</span> 
     </span>
    </p>
   </div>
   <div class='ocr_carea' id='block_1_101' title="bbox 2022 3177 3604 3252">
    <p class='ocr_par' dir='ltr' id='par_1_101' title="bbox 2022 3177 3604 3252">
     <span class='ocr_line' id='line_1_101' title="bbox 2022 3177 3604 3252; baseline 0.001 -18"><span class='ocrx_word' id='word_1_776' title='bbox 2022 3179 2191 3243; x_wconf 74' lang='grc' dir='ltr'>οἴκου,</span> <span class='ocrx_word' id='word_1_777' title='bbox 2220 3181 2313 3234; x_wconf 78' lang='grc' dir='ltr'>καὶ</span> <span class='ocrx_word' id='word_1_778' title='bbox 2340 3180 2714 3246; x_wconf 86' lang='grc' dir='ltr'>διασαλεύσας,</span> <span class='ocrx_word' id='word_1_779' title='bbox 2744 3181 3047 3252; x_wconf 88' lang='grc' dir='ltr'>κατήνεγκε</span> <span class='ocrx_word' id='word_1_780' title='bbox 3073 3180 3164 3234; x_wconf 84' lang='grc' dir='ltr'>τὸν</span> <span class='ocrx_word' id='word_1_781' title='bbox 3190 3177 3335 3235; x_wconf 76' lang='grc' dir='ltr'>οἷκον</span> <span class='ocrx_word' id='word_1_782' title='bbox 3365 3182 3455 3235; x_wconf 76' lang='grc' dir='ltr'>ἐπὶ</span> <span class='ocrx_word' id='word_1_783' title='bbox 3477 3183 3604 3248; x_wconf 76' lang='grc' dir='ltr'>τοὺς</span> 
     </span>
    </p>
   </div>
   <div class='ocr_carea' id='block_1_102' title="bbox 2023 3267 3604 3338">
    <p class='ocr_par' dir='ltr' id='par_1_102' title="bbox 2023 3267 3604 3338">
     <span class='ocr_line' id='line_1_102' title="bbox 2023 3267 3604 3338; baseline 0.003 -17"><span class='ocrx_word' id='word_1_784' title='bbox 2023 3268 2307 3338; x_wconf 88' lang='grc' dir='ltr'>σατράπας</span> <span class='ocrx_word' id='word_1_785' title='bbox 2335 3268 2428 3321; x_wconf 79' lang='grc' dir='ltr'>καὶ</span> <span class='ocrx_word' id='word_1_786' title='bbox 2450 3267 2638 3321; x_wconf 84' lang='grc' dir='ltr'>ἐαυτὸν</span> <span class='ocrx_word' id='word_1_787' title='bbox 2669 3269 2763 3322; x_wconf 79' lang='grc' dir='ltr'>καὶ</span> <span class='ocrx_word' id='word_1_788' title='bbox 2791 3267 2978 3338; x_wconf 75' lang='grc' dir='ltr'>ἕτερον</span> <span class='ocrx_word' id='word_1_789' title='bbox 3011 3268 3136 3322; x_wconf 82' lang='grc' dir='ltr'>λαὸν</span> <span class='ocrx_word' id='word_1_790' title='bbox 3163 3268 3352 3331; x_wconf 76' lang='grc' dir='ltr'>πολὺν,</span> <span class='ocrx_word' id='word_1_791' title='bbox 3380 3270 3472 3324; x_wconf 72' lang='grc' dir='ltr'>καὶ</span> <span class='ocrx_word' id='word_1_792' title='bbox 3499 3273 3604 3325; x_wconf 85' lang='grc' dir='ltr'>ἁπ-</span> 
     </span>
    </p>
   </div>
   <div class='ocr_carea' id='block_1_103' title="bbox 2022 3354 3598 3426">
    <p class='ocr_par' dir='ltr' id='par_1_103' title="bbox 2022 3354 3598 3426">
     <span class='ocr_line' id='line_1_103' title="bbox 2022 3354 3598 3426; baseline 0.003 -18"><span class='ocrx_word' id='word_1_793' title='bbox 2022 3354 2213 3409; x_wconf 89' lang='grc' dir='ltr'>έθανον</span> <span class='ocrx_word' id='word_1_794' title='bbox 2245 3355 2478 3419; x_wconf 90' lang='grc' dir='ltr'>πλείους,</span> <span class='ocrx_word' id='word_1_795' title='bbox 2518 3355 2551 3426; x_wconf 83' lang='grc' dir='ltr'>ἢ</span> <span class='ocrx_word' id='word_1_796' title='bbox 2591 3356 2703 3410; x_wconf 83' lang='grc' dir='ltr'>ὅσοι</span> <span class='ocrx_word' id='word_1_797' title='bbox 2740 3356 3007 3410; x_wconf 90' lang='grc' dir='ltr'>ἀπέθανον</span> <span class='ocrx_word' id='word_1_798' title='bbox 3051 3356 3142 3410; x_wconf 81' lang='grc' dir='ltr'>ὑπ’</span> <span class='ocrx_word' id='word_1_799' title='bbox 3172 3357 3338 3411; x_wconf 82' lang='grc' dir='ltr'>αὑτοῦ</span> <span class='ocrx_word' id='word_1_800' title='bbox 3378 3359 3598 3424; x_wconf 80' lang='grc' dir='ltr'>ζῶντος.</span> 
     </span>
    </p>
   </div>
   <div class='ocr_carea' id='block_1_104' title="bbox 2022 3442 3602 3517">
    <p class='ocr_par' dir='ltr' id='par_1_104' title="bbox 2022 3442 3602 3517">
     <span class='ocr_line' id='line_1_104' title="bbox 2022 3442 3602 3517; baseline 0 -19"><span class='ocrx_word' id='word_1_801' title='bbox 2022 3443 2174 3514; x_wconf 72' lang='grc'>1545]</span> <span class='ocrx_word' id='word_1_802' title='bbox 2204 3443 2359 3498; x_wconf 86' lang='grc' dir='ltr'>Μετὰ</span> <span class='ocrx_word' id='word_1_803' title='bbox 2385 3442 2558 3496; x_wconf 88' lang='grc' dir='ltr'>ταῦτα</span> <span class='ocrx_word' id='word_1_804' title='bbox 2590 3443 3071 3514; x_wconf 87' lang='grc' dir='ltr'>ἐπιστρατεύουσιν</span> <span class='ocrx_word' id='word_1_805' title='bbox 3115 3445 3164 3498; x_wconf 88' lang='grc' dir='ltr'>οἱ</span> <span class='ocrx_word' id='word_1_806' title='bbox 3195 3447 3258 3498; x_wconf 88' lang='grc' dir='ltr'>ἐκ</span> <span class='ocrx_word' id='word_1_807' title='bbox 3295 3446 3394 3517; x_wconf 82' lang='grc' dir='ltr'>τῆς</span> <span class='ocrx_word' id='word_1_808' title='bbox 3427 3445 3602 3517; x_wconf 76' lang='grc' dir='ltr'>φυλῆς</span> 
     </span>
    </p>
   </div>
   <div class='ocr_carea' id='block_1_105' title="bbox 2020 3531 3598 3606">
    <p class='ocr_par' dir='ltr' id='par_1_105' title="bbox 2020 3531 3598 3606">
     <span class='ocr_line' id='line_1_105' title="bbox 2020 3531 3598 3606; baseline 0.003 -22"><span class='ocrx_word' id='word_1_809' title='bbox 2020 3531 2146 3594; x_wconf 85' lang='grc' dir='ltr'>Δάν,</span> <span class='ocrx_word' id='word_1_810' title='bbox 2180 3532 2271 3585; x_wconf 77' lang='grc' dir='ltr'>καὶ</span> <span class='ocrx_word' id='word_1_811' title='bbox 2303 3531 2494 3584; x_wconf 77' lang='grc' dir='ltr'>ἔλαϐον</span> <span class='ocrx_word' id='word_1_812' title='bbox 2513 3531 2612 3604; x_wconf 84' lang='grc' dir='ltr'>τὴν</span> <span class='ocrx_word' id='word_1_813' title='bbox 2643 3531 2870 3595; x_wconf 80' lang='grc' dir='ltr'>Δαῖσάν,</span> <span class='ocrx_word' id='word_1_814' title='bbox 2895 3533 2988 3586; x_wconf 74' lang='grc' dir='ltr'>καὶ</span> <span class='ocrx_word' id='word_1_815' title='bbox 3017 3533 3377 3603; x_wconf 87' lang='grc' dir='ltr'>ἐπωνόμασαν</span> <span class='ocrx_word' id='word_1_816' title='bbox 3406 3535 3598 3606; x_wconf 74' lang='grc' dir='ltr'>αὐτὴν,</span> 
     </span>
    </p>
   </div>
   <div class='ocr_carea' id='block_1_106' title="bbox 2019 3619 3597 3696">
    <p class='ocr_par' dir='ltr' id='par_1_106' title="bbox 2019 3619 3597 3696">
     <span class='ocr_line' id='line_1_106' title="bbox 2019 3619 3597 3696; baseline 0.003 -23"><span class='ocrx_word' id='word_1_817' title='bbox 2019 3621 2114 3675; x_wconf 79' lang='grc' dir='ltr'>καὶ</span> <span class='ocrx_word' id='word_1_818' title='bbox 2152 3621 2385 3691; x_wconf 78' lang='grc' dir='ltr'>ἔστησαν</span> <span class='ocrx_word' id='word_1_819' title='bbox 2422 3623 2540 3674; x_wconf 90' lang='grc' dir='ltr'>ἐκεῖ</span> <span class='ocrx_word' id='word_1_820' title='bbox 2569 3619 2805 3689; x_wconf 83' lang='grc' dir='ltr'>γλυπτδν</span> <span class='ocrx_word' id='word_1_821' title='bbox 2839 3620 3114 3692; x_wconf 87' lang='grc' dir='ltr'>λατρείαν.</span> <span class='ocrx_word' id='word_1_822' title='bbox 3159 3623 3322 3694; x_wconf 75' lang='grc' dir='ltr'>Ἀνὴρ</span> <span class='ocrx_word' id='word_1_823' title='bbox 3344 3625 3597 3696; x_wconf 80' lang='grc' dir='ltr'>Λευῒτης,</span> 
     </span>
    </p>
   </div>
   <div class='ocr_carea' id='block_1_107' title="bbox 2017 3707 3596 3780">
    <p class='ocr_par' dir='ltr' id='par_1_107' title="bbox 2017 3707 3596 3780">
     <span class='ocr_line' id='line_1_107' title="bbox 2017 3707 3596 3780; baseline 0.001 -18"><span class='ocrx_word' id='word_1_824' title='bbox 2017 3708 2360 3780; x_wconf 84' lang='grc' dir='ltr'>ὀργισθείσης</span> <span class='ocrx_word' id='word_1_825' title='bbox 2409 3707 2556 3779; x_wconf 82' lang='grc' dir='ltr'>αὐτῷ</span> <span class='ocrx_word' id='word_1_826' title='bbox 2616 3710 2715 3775; x_wconf 82' lang='grc' dir='ltr'>τῆς</span> <span class='ocrx_word' id='word_1_827' title='bbox 2773 3708 3055 3776; x_wconf 82' lang='grc' dir='ltr'>παλλακῆς</span> <span class='ocrx_word' id='word_1_828' title='bbox 3107 3709 3293 3769; x_wconf 80' lang='grc' dir='ltr'>αὑτοῦ.</span> <span class='ocrx_word' id='word_1_829' title='bbox 3346 3711 3437 3764; x_wconf 77' lang='grc' dir='ltr'>καὶ</span> <span class='ocrx_word' id='word_1_830' title='bbox 3487 3713 3596 3764; x_wconf 87' lang='grc' dir='ltr'>άπ-</span> 
     </span>
    </p>
   </div>
   <div class='ocr_carea' id='block_1_108' title="bbox 2018 3791 3595 3868">
    <p class='ocr_par' dir='ltr' id='par_1_108' title="bbox 2018 3791 3595 3868">
     <span class='ocr_line' id='line_1_108' title="bbox 2018 3791 3595 3868; baseline 0.001 -20"><span class='ocrx_word' id='word_1_831' title='bbox 2018 3795 2276 3864; x_wconf 89' lang='grc' dir='ltr'>ελθούσης</span> <span class='ocrx_word' id='word_1_832' title='bbox 2330 3797 2410 3861; x_wconf 82' lang='grc' dir='ltr'>είς</span> <span class='ocrx_word' id='word_1_833' title='bbox 2455 3797 2546 3849; x_wconf 84' lang='grc' dir='ltr'>τὸν</span> <span class='ocrx_word' id='word_1_834' title='bbox 2605 3791 2751 3849; x_wconf 77' lang='grc' dir='ltr'>οἷκον</span> <span class='ocrx_word' id='word_1_835' title='bbox 2801 3795 2894 3847; x_wconf 90' lang='grc' dir='ltr'>τοῦ</span> <span class='ocrx_word' id='word_1_836' title='bbox 2945 3795 3150 3865; x_wconf 79' lang='grc' dir='ltr'>πατρὸς</span> <span class='ocrx_word' id='word_1_837' title='bbox 3201 3796 3390 3865; x_wconf 68' lang='grc' dir='ltr'>αὐτῆς,</span> <span class='ocrx_word' id='word_1_838' title='bbox 3433 3798 3595 3868; x_wconf 66' lang='grc' dir='ltr'>ἀπῄει</span> 
     </span>
    </p>
   </div>
   <div class='ocr_carea' id='block_1_109' title="bbox 2018 3881 3593 3955">
    <p class='ocr_par' dir='ltr' id='par_1_109' title="bbox 2018 3881 3593 3955">
     <span class='ocr_line' id='line_1_109' title="bbox 2018 3881 3593 3955; baseline 0 -19"><span class='ocrx_word' id='word_1_839' title='bbox 2018 3884 2326 3948; x_wconf 82' lang='grc' dir='ltr'>καταλέξων</span> <span class='ocrx_word' id='word_1_840' title='bbox 2390 3883 2559 3954; x_wconf 81' lang='grc' dir='ltr'>αὐτὴν</span> <span class='ocrx_word' id='word_1_841' title='bbox 2615 3883 2814 3954; x_wconf 82' lang='grc' dir='ltr'>ἐαυτῷ·</span> <span class='ocrx_word' id='word_1_842' title='bbox 2883 3883 2976 3936; x_wconf 75' lang='grc' dir='ltr'>καὶ</span> <span class='ocrx_word' id='word_1_843' title='bbox 3036 3881 3216 3934; x_wconf 81' lang='grc' dir='ltr'>λαϐὼν</span> <span class='ocrx_word' id='word_1_844' title='bbox 3269 3885 3438 3955; x_wconf 74' lang='grc' dir='ltr'>αὐτὴν</span> <span class='ocrx_word' id='word_1_845' title='bbox 3497 3887 3593 3936; x_wconf 81' lang='grc' dir='ltr'>ἐπ-</span> 
     </span>
    </p>
   </div>
   <div class='ocr_carea' id='block_1_110' title="bbox 2017 3970 3594 4044">
    <p class='ocr_par' dir='ltr' id='par_1_110' title="bbox 2017 3970 3594 4044">
     <span class='ocr_line' id='line_1_110' title="bbox 2017 3970 3594 4044; baseline 0 -19"><span class='ocrx_word' id='word_1_846' title='bbox 2017 3972 2266 4042; x_wconf 72' lang='grc' dir='ltr'>ανῆλθενο</span> <span class='ocrx_word' id='word_1_847' title='bbox 2320 3973 2377 4024; x_wconf 85' lang='grc' dir='ltr'>ἐν</span> <span class='ocrx_word' id='word_1_848' title='bbox 2422 3973 2478 4024; x_wconf 76' lang='grc' dir='ltr'>δὲ</span> <span class='ocrx_word' id='word_1_849' title='bbox 2523 3973 2588 4043; x_wconf 79' lang='grc' dir='ltr'>τῇ</span> <span class='ocrx_word' id='word_1_850' title='bbox 2633 3971 2738 4042; x_wconf 80' lang='grc' dir='ltr'>ὁδῷ</span> <span class='ocrx_word' id='word_1_851' title='bbox 2793 3970 3084 4024; x_wconf 84' lang='grc' dir='ltr'>κατέλυσεν</span> <span class='ocrx_word' id='word_1_852' title='bbox 3129 3972 3208 4034; x_wconf 86' lang='grc' dir='ltr'>είς</span> <span class='ocrx_word' id='word_1_853' title='bbox 3262 3971 3448 4025; x_wconf 80' lang='grc' dir='ltr'>Γαϐαά</span> <span class='ocrx_word' id='word_1_854' title='bbox 3496 3973 3594 4044; x_wconf 73' lang='grc' dir='ltr'>τήν</span> 
     </span>
    </p>
   </div>
   <div class='ocr_carea' id='block_1_111' title="bbox 2017 4058 3594 4130">
    <p class='ocr_par' dir='ltr' id='par_1_111' title="bbox 2017 4058 3594 4130">
     <span class='ocr_line' id='line_1_111' title="bbox 2017 4058 3594 4130; baseline 0.002 -19"><span class='ocrx_word' id='word_1_855' title='bbox 2017 4060 2274 4130; x_wconf 77' lang='grc' dir='ltr'>Βενιαμὶν</span> <span class='ocrx_word' id='word_1_856' title='bbox 2323 4059 2474 4130; x_wconf 87' lang='grc' dir='ltr'>παρά</span> <span class='ocrx_word' id='word_1_857' title='bbox 2516 4076 2620 4111; x_wconf 89' lang='grc' dir='ltr'>τινι</span> <span class='ocrx_word' id='word_1_858' title='bbox 2664 4058 2962 4130; x_wconf 79' lang='grc' dir='ltr'>πρεσϐύτῃ.</span> <span class='ocrx_word' id='word_1_859' title='bbox 3014 4059 3076 4112; x_wconf 83' lang='lat' dir='ltr'>OE</span> <span class='ocrx_word' id='word_1_860' title='bbox 3115 4058 3173 4112; x_wconf 84' lang='grc' dir='ltr'>δὲ</span> <span class='ocrx_word' id='word_1_861' title='bbox 3214 4060 3270 4112; x_wconf 92' lang='grc' dir='ltr'>ἐν</span> <span class='ocrx_word' id='word_1_862' title='bbox 3304 4060 3594 4130; x_wconf 70' lang='grc' dir='ltr'>τῇΤαϐαέι</span> 
     </span>
    </p>
   </div>
   <div class='ocr_carea' id='block_1_112' title="bbox 2017 4147 3588 4220">
    <p class='ocr_par' dir='ltr' id='par_1_112' title="bbox 2017 4147 3588 4220">
     <span class='ocr_line' id='line_1_112' title="bbox 2017 4147 3588 4220; baseline -0.001 -17"><span class='ocrx_word' id='word_1_863' title='bbox 2017 4150 2368 4220; x_wconf 89' lang='grc' dir='ltr'>περιστάντες</span> <span class='ocrx_word' id='word_1_864' title='bbox 2410 4149 2509 4220; x_wconf 83' lang='grc' dir='ltr'>τὴν</span> <span class='ocrx_word' id='word_1_865' title='bbox 2549 4148 2726 4201; x_wconf 75' lang='grc' dir='ltr'>οἰκίαν</span> <span class='ocrx_word' id='word_1_866' title='bbox 2763 4149 2996 4218; x_wconf 88' lang='grc' dir='ltr'>ἐκείνην,</span> <span class='ocrx_word' id='word_1_867' title='bbox 3039 4147 3262 4218; x_wconf 78' lang='grc' dir='ltr'>ἐζήτουν</span> <span class='ocrx_word' id='word_1_868' title='bbox 3293 4149 3384 4202; x_wconf 84' lang='grc' dir='ltr'>τὸν</span> <span class='ocrx_word' id='word_1_869' title='bbox 3421 4149 3588 4214; x_wconf 82' lang='grc' dir='ltr'>ξένον,</span> 
     </span>
    </p>
   </div>
   <div class='ocr_carea' id='block_1_113' title="bbox 2017 4233 3590 4308">
    <p class='ocr_par' dir='ltr' id='par_1_113' title="bbox 2017 4233 3590 4308">
     <span class='ocr_line' id='line_1_113' title="bbox 2017 4233 3590 4308; baseline 0 -18"><span class='ocrx_word' id='word_1_870' title='bbox 2017 4238 2103 4292; x_wconf 77' lang='grc' dir='ltr'>ἵνα</span> <span class='ocrx_word' id='word_1_871' title='bbox 2129 4236 2484 4308; x_wconf 89' lang='grc' dir='ltr'>ἐξυϐρίσωσιν</span> <span class='ocrx_word' id='word_1_872' title='bbox 2517 4237 2597 4298; x_wconf 78' lang='grc' dir='ltr'>εἰς</span> <span class='ocrx_word' id='word_1_873' title='bbox 2627 4236 2809 4289; x_wconf 81' lang='grc' dir='ltr'>αὐτόν.</span> <span class='ocrx_word' id='word_1_874' title='bbox 2851 4236 2910 4288; x_wconf 89' lang='lat'>&#39;0</span> <span class='ocrx_word' id='word_1_875' title='bbox 2942 4235 3252 4306; x_wconf 85' lang='grc' dir='ltr'>πρεσϐύτης</span> <span class='ocrx_word' id='word_1_876' title='bbox 3277 4236 3493 4306; x_wconf 74' lang='grc' dir='ltr'>ἕτοιμος</span> <span class='ocrx_word' id='word_1_877' title='bbox 3520 4233 3590 4308; x_wconf 80' lang='grc' dir='ltr'>ἦν</span> 
     </span>
    </p>
   </div>
   <div class='ocr_carea' id='block_1_114' title="bbox 2012 4323 3590 4396">
    <p class='ocr_par' dir='ltr' id='par_1_114' title="bbox 2012 4323 3590 4396">
     <span class='ocr_line' id='line_1_114' title="bbox 2012 4323 3590 4396; baseline -0.001 -17"><span class='ocrx_word' id='word_1_878' title='bbox 2012 4325 2110 4396; x_wconf 82' lang='grc' dir='ltr'>τὴν</span> <span class='ocrx_word' id='word_1_879' title='bbox 2144 4324 2414 4393; x_wconf 88' lang='grc' dir='ltr'>θυγατέρα</span> <span class='ocrx_word' id='word_1_880' title='bbox 2437 4323 2600 4376; x_wconf 86' lang='grc' dir='ltr'>αὑτοῦ</span> <span class='ocrx_word' id='word_1_881' title='bbox 2639 4323 2821 4376; x_wconf 87' lang='grc' dir='ltr'>δοῦναι</span> <span class='ocrx_word' id='word_1_882' title='bbox 2850 4324 3032 4387; x_wconf 75' lang='grc' dir='ltr'>αὐτοῖς</span> <span class='ocrx_word' id='word_1_883' title='bbox 3067 4323 3164 4394; x_wconf 82' lang='grc' dir='ltr'>τὴν</span> <span class='ocrx_word' id='word_1_884' title='bbox 3202 4325 3486 4395; x_wconf 88' lang='grc' dir='ltr'>παρθένον.</span> <span class='ocrx_word' id='word_1_885' title='bbox 3525 4327 3590 4378; x_wconf 83' lang='grc' dir='ltr'>Οἱ</span> 
     </span>
    </p>
   </div>
   <div class='ocr_carea' id='block_1_115' title="bbox 2009 4409 3590 4482">
    <p class='ocr_par' dir='ltr' id='par_1_115' title="bbox 2009 4409 3590 4482">
     <span class='ocr_line' id='line_1_115' title="bbox 2009 4409 3590 4482; baseline 0 -16"><span class='ocrx_word' id='word_1_886' title='bbox 2009 4413 2067 4466; x_wconf 86' lang='grc' dir='ltr'>δὲ</span> <span class='ocrx_word' id='word_1_887' title='bbox 2097 4411 2351 4475; x_wconf 87' lang='grc' dir='ltr'>λαϐόντες</span> <span class='ocrx_word' id='word_1_888' title='bbox 2383 4411 2481 4481; x_wconf 84' lang='grc' dir='ltr'>τὴν</span> <span class='ocrx_word' id='word_1_889' title='bbox 2515 4409 2814 4481; x_wconf 77' lang='grc' dir='ltr'>παλλακήν,</span> <span class='ocrx_word' id='word_1_890' title='bbox 2848 4409 3134 4475; x_wconf 86' lang='grc' dir='ltr'>ἐνέπαιξαν</span> <span class='ocrx_word' id='word_1_891' title='bbox 3166 4411 3302 4482; x_wconf 83' lang='grc' dir='ltr'>αὐτῇ</span> <span class='ocrx_word' id='word_1_892' title='bbox 3338 4411 3466 4482; x_wconf 85' lang='grc' dir='ltr'>ὃλην</span> <span class='ocrx_word' id='word_1_893' title='bbox 3493 4412 3590 4482; x_wconf 81' lang='grc' dir='ltr'>τὴν</span> 
     </span>
    </p>
   </div>
   <div class='ocr_carea' id='block_1_116' title="bbox 2011 4496 3586 4570">
    <p class='ocr_par' dir='ltr' id='par_1_116' title="bbox 2011 4496 3586 4570">
     <span class='ocr_line' id='line_1_116' title="bbox 2011 4496 3586 4570; baseline -0.001 -17"><span class='ocrx_word' id='word_1_894' title='bbox 2011 4499 2202 4553; x_wconf 90' lang='grc' dir='ltr'>νύκτα.</span> <span class='ocrx_word' id='word_1_895' title='bbox 2234 4499 2320 4561; x_wconf 85' lang='grc' dir='ltr'>Ὠς</span> <span class='ocrx_word' id='word_1_896' title='bbox 2349 4497 2407 4550; x_wconf 84' lang='grc' dir='ltr'>δὲ</span> <span class='ocrx_word' id='word_1_897' title='bbox 2430 4496 2574 4568; x_wconf 80' lang='grc' dir='ltr'>πρωῒ</span> <span class='ocrx_word' id='word_1_898' title='bbox 2595 4498 2838 4566; x_wconf 85' lang='grc' dir='ltr'>γέγονεν,</span> <span class='ocrx_word' id='word_1_899' title='bbox 2869 4498 3096 4565; x_wconf 83' lang='grc' dir='ltr'>ἀφέντες</span> <span class='ocrx_word' id='word_1_900' title='bbox 3128 4498 3296 4569; x_wconf 76' lang='grc' dir='ltr'>αὐτὴν</span> <span class='ocrx_word' id='word_1_901' title='bbox 3322 4499 3586 4570; x_wconf 80' lang='grc' dir='ltr'>ἀπῆλθον.</span> 
     </span>
    </p>
   </div>
   <div class='ocr_carea' id='block_1_117' title="bbox 2020 4587 3587 4660">
    <p class='ocr_par' dir='ltr' id='par_1_117' title="bbox 2020 4587 3587 4660">
     <span class='ocr_line' id='line_1_117' title="bbox 2020 4587 3587 4660; baseline 0 -16"><span class='ocrx_word' id='word_1_902' title='bbox 2020 4591 2087 4644; x_wconf 85' lang='grc' dir='ltr'><strong>Ἦ</strong></span> <span class='ocrx_word' id='word_1_903' title='bbox 2122 4590 2180 4643; x_wconf 88' lang='grc' dir='ltr'>δὲ</span> <span class='ocrx_word' id='word_1_904' title='bbox 2222 4588 2328 4641; x_wconf 85' lang='grc' dir='ltr'>ὑπὸ</span> <span class='ocrx_word' id='word_1_905' title='bbox 2355 4587 2454 4659; x_wconf 85' lang='grc' dir='ltr'>τῆς</span> <span class='ocrx_word' id='word_1_906' title='bbox 2483 4589 2768 4660; x_wconf 87' lang='grc' dir='ltr'>ἐπηρείας,</span> <span class='ocrx_word' id='word_1_907' title='bbox 2799 4587 3029 4640; x_wconf 81' lang='grc' dir='ltr'>ἐλθοῦσα</span> <span class='ocrx_word' id='word_1_908' title='bbox 3069 4589 3220 4660; x_wconf 87' lang='grc' dir='ltr'>παρά</span> <span class='ocrx_word' id='word_1_909' title='bbox 3251 4589 3350 4659; x_wconf 83' lang='grc' dir='ltr'>τὴν</span> <span class='ocrx_word' id='word_1_910' title='bbox 3388 4590 3587 4652; x_wconf 83' lang='grc' dir='ltr'>οἰκίαν.</span> 
     </span>
    </p>
   </div>
   <div class='ocr_carea' id='block_1_118' title="bbox 2008 4674 3586 4745">
    <p class='ocr_par' dir='ltr' id='par_1_118' title="bbox 2008 4674 3586 4745">
     <span class='ocr_line' id='line_1_118' title="bbox 2008 4674 3586 4745; baseline 0.002 -16"><span class='ocrx_word' id='word_1_911' title='bbox 2008 4676 2137 4729; x_wconf 83' lang='grc' dir='ltr'>ἔνθα</span> <span class='ocrx_word' id='word_1_912' title='bbox 2179 4677 2445 4745; x_wconf 87' lang='grc' dir='ltr'>κατήγετο</span> <span class='ocrx_word' id='word_1_913' title='bbox 2476 4676 2504 4727; x_wconf 93' lang='lat'>6</span> <span class='ocrx_word' id='word_1_914' title='bbox 2535 4674 2670 4745; x_wconf 76' lang='grc' dir='ltr'>ἀνὴρ</span> <span class='ocrx_word' id='word_1_915' title='bbox 2709 4675 2898 4744; x_wconf 79' lang='grc' dir='ltr'>αὐτῆς,</span> <span class='ocrx_word' id='word_1_916' title='bbox 2933 4675 3206 4742; x_wconf 76' lang='grc' dir='ltr'>ἐξέψυξεν.</span> <span class='ocrx_word' id='word_1_917' title='bbox 3245 4675 3504 4742; x_wconf 86' lang='grc' dir='ltr'>Ἐξελθὼν</span> <span class='ocrx_word' id='word_1_918' title='bbox 3529 4679 3586 4732; x_wconf 86' lang='grc' dir='ltr'>δὲ</span> 
     </span>
    </p>
   </div>
   <div class='ocr_carea' id='block_1_119' title="bbox 2007 4765 3586 4836">
    <p class='ocr_par' dir='ltr' id='par_1_119' title="bbox 2007 4765 3586 4836">
     <span class='ocr_line' id='line_1_119' title="bbox 2007 4765 3586 4836; baseline 0.001 -16"><span class='ocrx_word' id='word_1_919' title='bbox 2007 4769 2235 4832; x_wconf 88' lang='grc' dir='ltr'>ἐκεῖνος,</span> <span class='ocrx_word' id='word_1_920' title='bbox 2265 4767 2358 4820; x_wconf 84' lang='grc' dir='ltr'><strong>καί</strong></span> <span class='ocrx_word' id='word_1_921' title='bbox 2385 4765 2560 4836; x_wconf 81' lang='grc' dir='ltr'>εὑρὼν</span> <span class='ocrx_word' id='word_1_922' title='bbox 2590 4765 2758 4836; x_wconf 74' lang='grc' dir='ltr'>αὐτὴν</span> <span class='ocrx_word' id='word_1_923' title='bbox 2783 4767 3002 4835; x_wconf 86' lang='grc' dir='ltr'>νεκρὰν,</span> <span class='ocrx_word' id='word_1_924' title='bbox 3041 4766 3235 4820; x_wconf 85' lang='grc' dir='ltr'>διεῖλεν</span> <span class='ocrx_word' id='word_1_925' title='bbox 3261 4769 3339 4830; x_wconf 90' lang='grc' dir='ltr'>είς</span> <span class='ocrx_word' id='word_1_926' title='bbox 3361 4769 3586 4822; x_wconf 91' lang='grc' dir='ltr'>δεκαδύο</span> 
     </span>
    </p>
   </div>
   <div class='ocr_carea' id='block_1_120' title="bbox 2010 4851 3584 4926">
    <p class='ocr_par' dir='ltr' id='par_1_120' title="bbox 2010 4851 3584 4926">
     <span class='ocr_line' id='line_1_120' title="bbox 2010 4851 3584 4926; baseline 0 -17"><span class='ocrx_word' id='word_1_927' title='bbox 2010 4856 2172 4926; x_wconf 84' lang='grc' dir='ltr'>μέρη,</span> <span class='ocrx_word' id='word_1_928' title='bbox 2203 4855 2297 4908; x_wconf 75' lang='grc' dir='ltr'>καὶ</span> <span class='ocrx_word' id='word_1_929' title='bbox 2325 4853 2538 4924; x_wconf 75' lang='grc' dir='ltr'>ἔπεμψε</span> <span class='ocrx_word' id='word_1_930' title='bbox 2583 4855 2701 4916; x_wconf 88' lang='grc' dir='ltr'>ταῖς</span> <span class='ocrx_word' id='word_1_931' title='bbox 2731 4851 2937 4906; x_wconf 81' lang='grc' dir='ltr'>δώδεκα</span> <span class='ocrx_word' id='word_1_932' title='bbox 2971 4854 3184 4922; x_wconf 83' lang='grc' dir='ltr'>φυλαῖς.</span> <span class='ocrx_word' id='word_1_933' title='bbox 3228 4855 3491 4918; x_wconf 85' lang='grc' dir='ltr'>Χαλεπῶς</span> <span class='ocrx_word' id='word_1_934' title='bbox 3526 4857 3584 4909; x_wconf 82' lang='grc' dir='ltr'>δὲ</span> 
     </span>
    </p>
   </div>
   <div class='ocr_carea' id='block_1_121' title="bbox 2006 4939 3582 5013">
    <p class='ocr_par' dir='ltr' id='par_1_121' title="bbox 2006 4939 3582 5013">
     <span class='ocr_line' id='line_1_121' title="bbox 2006 4939 3582 5013; baseline -0.001 -17"><span class='ocrx_word' id='word_1_935' title='bbox 2006 4943 2242 5013; x_wconf 80' lang='grc' dir='ltr'>ήνεγκαν</span> <span class='ocrx_word' id='word_1_936' title='bbox 2286 4941 2348 4994; x_wconf 89' lang='grc' dir='ltr'>τὸ</span> <span class='ocrx_word' id='word_1_937' title='bbox 2387 4940 2629 5008; x_wconf 84' lang='grc' dir='ltr'>γεγονὸς,</span> <span class='ocrx_word' id='word_1_938' title='bbox 2678 4939 2772 4994; x_wconf 76' lang='grc' dir='ltr'>καὶ</span> <span class='ocrx_word' id='word_1_939' title='bbox 2805 4941 3210 5012; x_wconf 82' lang='grc' dir='ltr'>ἐξοπλισάμενοι</span> <span class='ocrx_word' id='word_1_940' title='bbox 3257 4941 3419 5012; x_wconf 75' lang='grc' dir='ltr'>ᾔτουν</span> <span class='ocrx_word' id='word_1_941' title='bbox 3457 4943 3582 5007; x_wconf 82' lang='grc' dir='ltr'>τοὺς</span> 
     </span>
    </p>
   </div>
   <div class='ocr_carea' id='block_1_122' title="bbox 2006 5029 3581 5100">
    <p class='ocr_par' dir='ltr' id='par_1_122' title="bbox 2006 5029 3581 5100">
     <span class='ocr_line' id='line_1_122' title="bbox 2006 5029 3581 5100; baseline -0.001 -17"><span class='ocrx_word' id='word_1_942' title='bbox 2006 5032 2391 5100; x_wconf 88' lang='grc' dir='ltr'>ἐνυϐρίσαντας</span> <span class='ocrx_word' id='word_1_943' title='bbox 2421 5030 2482 5082; x_wconf 76' lang='grc' dir='ltr'>τὸ</span> <span class='ocrx_word' id='word_1_944' title='bbox 2508 5029 2746 5096; x_wconf 90' lang='grc' dir='ltr'>γύναιον.</span> <span class='ocrx_word' id='word_1_945' title='bbox 2787 5030 2872 5092; x_wconf 85' lang='grc' dir='ltr'>Ὠς</span> <span class='ocrx_word' id='word_1_946' title='bbox 2902 5030 2957 5083; x_wconf 86' lang='grc' dir='ltr'>δέ</span> <span class='ocrx_word' id='word_1_947' title='bbox 2985 5031 3084 5084; x_wconf 81' lang='grc' dir='ltr'>οὑκ</span> <span class='ocrx_word' id='word_1_948' title='bbox 3105 5030 3342 5084; x_wconf 86' lang='grc' dir='ltr'>ἐδίδοσαν</span> <span class='ocrx_word' id='word_1_949' title='bbox 3362 5032 3581 5095; x_wconf 86' lang='grc' dir='ltr'>ἐκεῖνοι,</span> 
     </span>
    </p>
   </div>
   <div class='ocr_carea' id='block_1_123' title="bbox 2007 5116 3580 5191">
    <p class='ocr_par' dir='ltr' id='par_1_123' title="bbox 2007 5116 3580 5191">
     <span class='ocr_line' id='line_1_123' title="bbox 2007 5116 3580 5191; baseline -0.003 -17"><span class='ocrx_word' id='word_1_950' title='bbox 2007 5120 2405 5191; x_wconf 84' lang='grc' dir='ltr'>συνεκρότησαν</span> <span class='ocrx_word' id='word_1_951' title='bbox 2437 5117 2688 5188; x_wconf 89' lang='grc' dir='ltr'>πόλεμον.</span> <span class='ocrx_word' id='word_1_952' title='bbox 2719 5118 2827 5171; x_wconf 80' lang='grc' dir='ltr'>Καὶ</span> <span class='ocrx_word' id='word_1_953' title='bbox 2863 5117 2924 5170; x_wconf 86' lang='grc' dir='ltr'>τὸ</span> <span class='ocrx_word' id='word_1_954' title='bbox 2964 5119 3060 5188; x_wconf 85' lang='grc' dir='ltr'>μὲν</span> <span class='ocrx_word' id='word_1_955' title='bbox 3102 5116 3316 5187; x_wconf 83' lang='grc' dir='ltr'>πρῶτον</span> <span class='ocrx_word' id='word_1_956' title='bbox 3341 5117 3580 5187; x_wconf 77' lang='grc' dir='ltr'>ἡττήθη-</span> 
     </span>
    </p>
   </div>
   <div class='ocr_carea' id='block_1_124' title="bbox 2007 5202 3578 5274">
    <p class='ocr_par' dir='ltr' id='par_1_124' title="bbox 2007 5202 3578 5274">
     <span class='ocr_line' id='line_1_124' title="bbox 2007 5202 3578 5274; baseline -0.002 -15"><span class='ocrx_word' id='word_1_957' title='bbox 2007 5225 2124 5269; x_wconf 89' lang='grc' dir='ltr'>σαν,</span> <span class='ocrx_word' id='word_1_958' title='bbox 2170 5208 2264 5260; x_wconf 78' lang='grc' dir='ltr'>καὶ</span> <span class='ocrx_word' id='word_1_959' title='bbox 2299 5203 2572 5274; x_wconf 87' lang='grc' dir='ltr'>δεύτερον,</span> <span class='ocrx_word' id='word_1_960' title='bbox 2614 5205 2672 5258; x_wconf 86' lang='grc' dir='ltr'>ἐν</span> <span class='ocrx_word' id='word_1_961' title='bbox 2716 5203 2772 5257; x_wconf 86' lang='grc' dir='ltr'>δὲ</span> <span class='ocrx_word' id='word_1_962' title='bbox 2806 5205 2872 5274; x_wconf 83' lang='grc' dir='ltr'>τῇ</span> <span class='ocrx_word' id='word_1_963' title='bbox 2910 5205 3068 5274; x_wconf 81' lang='grc' dir='ltr'>τρίτῃ</span> <span class='ocrx_word' id='word_1_964' title='bbox 3114 5202 3352 5273; x_wconf 80' lang='grc' dir='ltr'>συμϐολῇ</span> <span class='ocrx_word' id='word_1_965' title='bbox 3398 5205 3578 5257; x_wconf 84' lang='grc' dir='ltr'>πᾶσαν</span> 
     </span>
    </p>
   </div>
   <div class='ocr_carea' id='block_1_125' title="bbox 2003 5289 3577 5366">
    <p class='ocr_par' dir='ltr' id='par_1_125' title="bbox 2003 5289 3577 5366">
     <span class='ocr_line' id='line_1_125' title="bbox 2003 5289 3577 5366; baseline -0.004 -19"><span class='ocrx_word' id='word_1_966' title='bbox 2003 5295 2102 5366; x_wconf 84' lang='grc' dir='ltr'>τὴν</span> <span class='ocrx_word' id='word_1_967' title='bbox 2130 5292 2299 5364; x_wconf 80' lang='grc' dir='ltr'>φυλὴν</span> <span class='ocrx_word' id='word_1_968' title='bbox 2327 5292 2583 5362; x_wconf 73' lang='grc' dir='ltr'>Βενιαμὶν</span> <span class='ocrx_word' id='word_1_969' title='bbox 2616 5291 2946 5360; x_wconf 71' lang='grc' dir='ltr'>κατέκοψαν,</span> <span class='ocrx_word' id='word_1_970' title='bbox 2982 5289 3121 5356; x_wconf 82' lang='grc' dir='ltr'>πλὴν</span> <span class='ocrx_word' id='word_1_971' title='bbox 3152 5289 3447 5353; x_wconf 84' lang='grc' dir='ltr'>ἐξακοσίων</span> <span class='ocrx_word' id='word_1_972' title='bbox 3471 5292 3577 5344; x_wconf 84' lang='grc' dir='ltr'>τῶν</span> 
     </span>
    </p>
   </div>
   <div class='ocr_carea' id='block_1_126' title="bbox 2004 5378 3578 5452">
    <p class='ocr_par' dir='ltr' id='par_1_126' title="bbox 2004 5378 3578 5452">
     <span class='ocr_line' id='line_1_126' title="bbox 2004 5378 3578 5452; baseline -0.002 -16"><span class='ocrx_word' id='word_1_973' title='bbox 2004 5383 2391 5452; x_wconf 85' lang='grc' dir='ltr'>διαφυγόντων.</span> <span class='ocrx_word' id='word_1_974' title='bbox 2432 5382 2519 5444; x_wconf 87' lang='grc' dir='ltr'>Ὠς</span> <span class='ocrx_word' id='word_1_975' title='bbox 2548 5381 2604 5434; x_wconf 81' lang='grc' dir='ltr'>δὲ</span> <span class='ocrx_word' id='word_1_976' title='bbox 2627 5380 2998 5434; x_wconf 88' lang='grc' dir='ltr'>ἐκινδύνευσεν</span> <span class='ocrx_word' id='word_1_977' title='bbox 3026 5381 3057 5448; x_wconf 89' lang='grc' dir='ltr'>ή</span> <span class='ocrx_word' id='word_1_978' title='bbox 3087 5378 3226 5449; x_wconf 86' lang='grc' dir='ltr'>φυλὴ</span> <span class='ocrx_word' id='word_1_979' title='bbox 3250 5379 3447 5443; x_wconf 85' lang='grc' dir='ltr'>τελέως</span> <span class='ocrx_word' id='word_1_980' title='bbox 3472 5382 3578 5433; x_wconf 73' lang='grc' dir='ltr'>ἀπο</span> 
     </span>
    </p>
   </div>
   <div class='ocr_carea' id='block_1_127' title="bbox 2003 5463 3579 5540">
    <p class='ocr_par' dir='ltr' id='par_1_127' title="bbox 2003 5463 3579 5540">
     <span class='ocr_line' id='line_1_127' title="bbox 2003 5463 3579 5540; baseline -0.001 -16"><span class='ocrx_word' id='word_1_981' title='bbox 2003 5471 2218 5525; x_wconf 88' lang='grc' dir='ltr'>ολέσθαι</span> <span class='ocrx_word' id='word_1_982' title='bbox 2252 5470 2395 5538; x_wconf 79' lang='grc' dir='ltr'>(οὔτε</span> <span class='ocrx_word' id='word_1_983' title='bbox 2434 5470 2542 5539; x_wconf 87' lang='grc' dir='ltr'>γὰρ</span> <span class='ocrx_word' id='word_1_984' title='bbox 2577 5465 2718 5540; x_wconf 81' lang='grc' dir='ltr'>εἶχον</span> <span class='ocrx_word' id='word_1_985' title='bbox 2759 5463 2903 5522; x_wconf 73' lang='grc' dir='ltr'>οὗτοι</span> <span class='ocrx_word' id='word_1_986' title='bbox 2943 5470 3224 5535; x_wconf 88' lang='grc' dir='ltr'>γυναῖκας,</span> <span class='ocrx_word' id='word_1_987' title='bbox 3260 5467 3354 5520; x_wconf 72' lang='grc' dir='ltr'>καὶ</span> <span class='ocrx_word' id='word_1_988' title='bbox 3385 5469 3434 5521; x_wconf 77' lang='grc' dir='ltr'>οἱ</span> <span class='ocrx_word' id='word_1_989' title='bbox 3473 5471 3579 5523; x_wconf 72' lang='grc' dir='ltr'>υἱοὶ</span> 
     </span>
    </p>
   </div>
   <div class='ocr_carea' id='block_1_128' title="bbox 2017 5553 3574 5627">
    <p class='ocr_par' dir='ltr' id='par_1_128' title="bbox 2017 5553 3574 5627">
     <span class='ocr_line' id='line_1_128' title="bbox 2017 5553 3574 5627; baseline -0.001 -16"><span class='ocrx_word' id='word_1_990' title='bbox 2017 5556 2230 5627; x_wconf 82' lang='grc' dir='ltr'>Ἰσραήλ</span> <span class='ocrx_word' id='word_1_991' title='bbox 2255 5555 2478 5627; x_wconf 75' lang='grc' dir='ltr'>ὤμοσαν</span> <span class='ocrx_word' id='word_1_992' title='bbox 2504 5556 2561 5621; x_wconf 82' lang='grc' dir='ltr'>ἐξ</span> <span class='ocrx_word' id='word_1_993' title='bbox 2587 5555 2763 5608; x_wconf 84' lang='grc' dir='ltr'>αὐτῶν</span> <span class='ocrx_word' id='word_1_994' title='bbox 2793 5554 2867 5625; x_wconf 85' lang='grc' dir='ltr'>μὴ</span> <span class='ocrx_word' id='word_1_995' title='bbox 2891 5553 3082 5606; x_wconf 86' lang='grc' dir='ltr'>δώσειν</span> <span class='ocrx_word' id='word_1_996' title='bbox 3108 5555 3334 5624; x_wconf 85' lang='grc' dir='ltr'>αὐτοῖς),</span> <span class='ocrx_word' id='word_1_997' title='bbox 3365 5554 3574 5620; x_wconf 83' lang='grc' dir='ltr'>ἑλόντες</span> 
     </span>
    </p>
   </div>
   <div class='ocr_carea' id='block_1_129' title="bbox 2001 5641 3572 5713">
    <p class='ocr_par' dir='ltr' id='par_1_129' title="bbox 2001 5641 3572 5713">
     <span class='ocr_line' id='line_1_129' title="bbox 2001 5641 3572 5713; baseline 0 -17"><span class='ocrx_word' id='word_1_998' title='bbox 2001 5646 2127 5706; x_wconf 73' lang='grc' dir='ltr'>τοὺς</span> <span class='ocrx_word' id='word_1_999' title='bbox 2169 5644 2242 5713; x_wconf 82' lang='grc' dir='ltr'>μὴ</span> <span class='ocrx_word' id='word_1_1000' title='bbox 2279 5642 2782 5711; x_wconf 84' lang='grc' dir='ltr'>συστρατεύσαντας</span> <span class='ocrx_word' id='word_1_1001' title='bbox 2811 5643 2990 5703; x_wconf 83' lang='grc' dir='ltr'>αὐτοῖς</span> <span class='ocrx_word' id='word_1_1002' title='bbox 3016 5641 3158 5694; x_wconf 85' lang='grc' dir='ltr'>κατά</span> <span class='ocrx_word' id='word_1_1003' title='bbox 3183 5641 3290 5693; x_wconf 83' lang='grc' dir='ltr'>τῶν</span> <span class='ocrx_word' id='word_1_1004' title='bbox 3318 5643 3572 5712; x_wconf 86' lang='grc' dir='ltr'>Βενιαμι-</span> 
     </span>
    </p>
   </div>
   <div class='ocr_carea' id='block_1_130' title="bbox 2000 5729 3572 5803">
    <p class='ocr_par' dir='ltr' id='par_1_130' title="bbox 2000 5729 3572 5803">
     <span class='ocr_line' id='line_1_130' title="bbox 2000 5729 3572 5803; baseline -0.001 -18"><span class='ocrx_word' id='word_1_1005' title='bbox 2000 5732 2128 5794; x_wconf 86' lang='grc' dir='ltr'>τῶν,</span> <span class='ocrx_word' id='word_1_1006' title='bbox 2158 5733 2253 5794; x_wconf 77' lang='grc' dir='ltr'>τας</span> <span class='ocrx_word' id='word_1_1007' title='bbox 2281 5731 2504 5784; x_wconf 88' lang='grc' dir='ltr'>ἐκείνων</span> <span class='ocrx_word' id='word_1_1008' title='bbox 2530 5731 2827 5801; x_wconf 88' lang='grc' dir='ltr'>παρθένους</span> <span class='ocrx_word' id='word_1_1009' title='bbox 2857 5729 3060 5782; x_wconf 80' lang='grc' dir='ltr'>ἔδωκαν</span> <span class='ocrx_word' id='word_1_1010' title='bbox 3100 5731 3281 5794; x_wconf 81' lang='grc' dir='ltr'>αὐτοῖς</span> <span class='ocrx_word' id='word_1_1011' title='bbox 3312 5748 3572 5803; x_wconf 85' lang='grc' dir='ltr'>τετρακο-</span> 
     </span>
    </p>
   </div>
   <div class='ocr_carea' id='block_1_131' title="bbox 2006 5816 3570 5889">
    <p class='ocr_par' dir='ltr' id='par_1_131' title="bbox 2006 5816 3570 5889">
     <span class='ocr_line' id='line_1_131' title="bbox 2006 5816 3570 5889; baseline 0 -17"><span class='ocrx_word' id='word_1_1012' title='bbox 2006 5820 2140 5883; x_wconf 89' lang='grc' dir='ltr'>σίας·</span> <span class='ocrx_word' id='word_1_1013' title='bbox 2183 5821 2257 5882; x_wconf 84' lang='grc' dir='ltr'>ώς</span> <span class='ocrx_word' id='word_1_1014' title='bbox 2292 5819 2349 5872; x_wconf 85' lang='grc' dir='ltr'>δέ</span> <span class='ocrx_word' id='word_1_1015' title='bbox 2401 5819 2640 5872; x_wconf 77' lang='grc' dir='ltr'>ἐνέλιπον</span> <span class='ocrx_word' id='word_1_1016' title='bbox 2681 5818 2779 5880; x_wconf 74' lang='grc' dir='ltr'>ἔτι,</span> <span class='ocrx_word' id='word_1_1017' title='bbox 2827 5816 3018 5886; x_wconf 73' lang='grc' dir='ltr'>ἑορτῆς</span> <span class='ocrx_word' id='word_1_1018' title='bbox 3062 5818 3408 5889; x_wconf 85' lang='grc' dir='ltr'>τελουμένης,</span> <span class='ocrx_word' id='word_1_1019' title='bbox 3449 5837 3570 5872; x_wconf 90' lang='grc' dir='ltr'>συν-</span> 
     </span>
    </p>
   </div>
  </div>
