4058 6344
491 379 590 434 3M

492 494 782 566 ιχώρησαν
828 495 1007 560 αὐτοῖς
1046 495 1352 560 ἐξελθοῦσιν
1391 499 1711 571 ἀφαρπάσαι
1754 501 2077 573 παρθένους,

494 579 596 631 οὐκ
627 578 846 632 εἰδότων
879 579 984 632 τῶν
1018 580 1244 648 γονέων.

968 695 1236 764 Σύνοψις
1263 696 1376 766 τῆς
1413 697 1602 753 Ῥούθ.

577 808 638 862 'll
685 808 966 881 Νοεμμὴν,
1019 811 1379 876 ἀποθανόντος
1426 814 1564 885 αὐτῇ
1607 815 1701 867 τοῦ
1739 815 1950 887 ἀνδρὸς,
1987 819 2080 872 καὶ

493 891 602 945 τῶν
632 891 785 955 υἱῶν,
831 894 925 946 καὶ
965 892 1056 947 τοῦ
1105 895 1264 966 λιμοῦ
1309 896 1628 962 παυθέντος,
1663 898 1728 950 δι’
1765 898 1825 952 ὃν
1865 900 1957 953 καὶ
1998 903 2078 965 είς

493 973 592 1046 τὴν
621 975 901 1030 Μωαϐῖτιν
930 977 1272 1048 κατῴκησεν,
1305 977 1521 1050 ἔρχεται
1546 982 1626 1044 εἰς
1654 980 1752 1052 τὴν
1794 983 2075 1046 Ἰουδαίαν,

495 1059 588 1112 καὶ
635 1061 668 1130 ή
718 1060 816 1131 μὲν
861 1060 959 1132 μία
1001 1062 1173 1134 αὐτῆς
1215 1062 1398 1133 νύμφη
1440 1064 1666 1138 ἐπείσθη
1707 1069 1887 1136 μεῖναι
1918 1069 1976 1121 ἐν
2007 1072 2076 1140 τῇ

493 1143 817 1199 Μωαϐίτιδι’
861 1146 896 1216 ή
936 1145 993 1198 δέ
1031 1145 1186 1218 ἄλλη,
1290 1147 1459 1218 δνομα
1487 1148 1664 1213 Ῥοὺθ,
1694 1149 1865 1205 πολλά
1898 1167 2078 1221 παρα-

493 1225 756 1299 καλούσῃ,
786 1226 930 1280 ὥστε
961 1231 1164 1299 μεῖναι,
1202 1231 1302 1283 οὐκ
1339 1228 1501 1297 εἶξεν,
1529 1231 1667 1285 ἀλλὰ
1688 1232 2077 1305 συνηκολούθη-

493 1325 574 1364 σε.
607 1311 716 1364 Καὶ
755 1313 1010 1382 γαμεῖται
1042 1312 1119 1383 τῷ
1154 1313 1323 1378 Βοὼζ,
1353 1316 1730 1385 ἀγχιστεύοντι
1765 1316 1860 1386 τὴν
1899 1318 2076 1388 Νοεμ-

496 1394 624 1464 μὴν,
651 1394 745 1446 καὶ
778 1395 950 1447 τίκτει
984 1395 1077 1449 τὸν
1109 1396 1284 1468 ὐϐὴδ,
1313 1400 1340 1450 6
1369 1399 1427 1452 δέ
1473 1399 1632 1470 Ὀϐὴδ
1659 1400 1749 1454 τὸν
1796 1400 2012 1468 Ἰεσσαὶ,
2043 1403 2074 1454 6

488 1475 548 1529 δέ
591 1478 790 1532 Ἰεσσαὶ
820 1478 984 1532 Δαυῒδ
1001 1479 1092 1532 τὸν
1121 1479 1366 1551 βασιλέα.

811 1598 1078 1668 Σύνοψις
1116 1599 1221 1653 τοῦ
1254 1601 1763 1668 Τετραϐασιλείου.

576 1715 808 1770 Ἐλκανᾶ
837 1719 1098 1785 γυναῖκας
1120 1718 1257 1788 ἔχων
1281 1717 1392 1782 δύο,
1419 1718 1524 1771 ἀπὸ
1549 1718 1652 1788 τῆς
1681 1719 1806 1790 μιᾶς
1833 1718 1932 1772 οὐκ
1957 1713 2071 1789 εἶχε

493 1799 712 1864 παῖδας.
745 1800 833 1863 Ὠς
865 1800 923 1854 δέ
951 1801 1148 1869 ἀνῆλθε
1175 1801 1334 1855 θῦσαι
1361 1803 1419 1856 ἐν
1448 1801 1669 1874 Σηλὼμ,
1707 1802 2072 1873 προσεύχεται

491 1884 526 1952 ἠ
557 1881 714 1953 γυνὴ,
759 1883 853 1936 καὶ
883 1883 1056 1936 τίκτει
1103 1884 1195 1938 τὸν
1225 1885 1502 1957 Σαμουὴλ,
1541 1886 1635 1939 καὶ
1660 1886 1875 1940 δίδωσιν
1911 1887 2072 1941 αὑτὸν

491 1968 571 2030 είς
597 1966 688 2020 τὸν
710 1962 858 2020 οἷκον
884 1967 1088 2039 Κυρίου
1114 1967 1397 2038 διηνεκῶς,
1423 1969 1606 2034 καθὼς
1642 1968 1844 2041 ηὔξατο
1877 1970 2006 2042 πρὶν
2033 1970 2068 2041 ἢ

493 2049 775 2106 συλλαϐεῖν
816 2050 998 2106 αὐτόν.
1029 2047 1138 2106 Ἦν
1179 2053 1235 2106 δέ
1272 2053 1452 2125 ἱερεὺς
1489 2054 1611 2106 τότε
1642 2055 1671 2107 6
1705 2052 1874 2108 Ἠλεί.
1919 2055 1981 2106 Οί
2013 2053 2072 2106 δὲ

493 2135 598 2190 υἱοὶ
652 2135 798 2190 Ἠλεὶ
850 2137 1004 2203 Ὀφνὶ
1050 2139 1145 2191 καὶ
1189 2137 1393 2201 Φινεὲς,
1444 2137 1620 2208 λοιμοὶ
1668 2137 1762 2191 καὶ
1807 2137 2072 2210 μοχθηροὶ

491 2220 618 2285 νέοι,
654 2221 1157 2291 μεταλαμϐάνοντες
1194 2223 1259 2274 ἐκ
1287 2220 1395 2274 τῶν
1425 2219 1647 2283 θυσιῶν,
1679 2221 1811 2293 πρὶν
1841 2220 1872 2290 ἢ
1903 2238 2070 2291 προσ-

490 2304 769 2376 ενεχθῆναι
809 2303 947 2377 Θεῷ.
1008 2305 1067 2359 ὐ
1110 2303 1168 2357 δὲ
1209 2303 1358 2358 Ἠλεὶ
1403 2304 1664 2376 εὑλόγησε
1703 2305 1805 2376 τὴν
1847 2305 2068 2370 Ἄνναν,

491 2394 584 2447 καὶ
609 2391 765 2465 ἔσχεν
797 2393 877 2447 ἔτι
905 2395 1055 2462 τρεῖς
1085 2393 1252 2457 υἱοὺς,
1279 2393 1374 2444 καὶ
1385 2390 1478 2446 δύο
1503 2391 1829 2464 θυγατέρας,
1854 2393 1946 2446 καὶ
1961 2393 2068 2446 Σα·

493 2481 660 2553 μουὴλ
711 2481 954 2537 ἐπεδίδου
1001 2479 1140 2552 πρὸς
1170 2481 1394 2552 ἀρετήν.
1452 2480 1510 2533 ’0
1541 2479 1598 2533 δὲ
1657 2480 1804 2534 Ἠλεὶ
1828 2480 2068 2545 ἀκούσας

489 2574 595 2626 τῶν
623 2573 827 2626 παίδων
851 2573 919 2626 τὰ
949 2571 1276 2643 τολμήματα
1311 2571 1436 2641 (καὶ
1461 2569 1568 2640 γὰρ
1598 2570 1692 2624 καὶ
1724 2571 2066 2642 ἐμοιχῶντο),

490 2661 643 2736 [544]
664 2663 962 2734 ἐπετίμησε
984 2661 1128 2732 λόγῳ
1152 2677 1165 2692 ·
1190 2660 1239 2713 οί
1259 2659 1316 2712 δὲ
1341 2661 1441 2713 οὐκ
1458 2655 1628 2726 εἶξαν.
1660 2649 2068 2730 Προιρητεύεται

487 2753 568 2822 τῷ
609 2750 756 2804 Ἠλεὶ
782 2752 811 2804 6
859 2749 1076 2819 ὄλεθρος
1105 2747 1205 2819 τῆς
1236 2747 1413 2811 οίκίας
1447 2746 1613 2800 αὑτοῦ
1659 2749 1755 2801 καὶ⁸
1791 2747 1902 2803 τῶν
1936 2749 2068 2803 υἱῶν

489 2839 578 2893 διὰ
602 2841 700 2909 τὴν
735 2837 1008 2909 ἁμαρτίαν
1029 2837 1137 2888 τῶν
1167 2835 1323 2890 νέων.
1351 2835 1613 2907 Δηλοῦται
1652 2836 1708 2889 δὲ
1732 2836 1827 2890 καὶ
1853 2836 1931 2908 τῷ
1960 2838 2065 2890 Σα-

495 2927 666 3001 μουὴλ
689 2927 722 2998 ἠ
745 2924 1118 2996 ἀπαραίτητος
1147 2923 1286 2995 ὀργὴ
1308 2923 1401 2977 τοῦ
1437 2923 1594 2983 Θεοῦ,
1621 2925 1715 2977 καὶ
1735 2925 2066 2994 ἀπαγγέλλει

491 3015 586 3068 καὶ
613 3012 774 3077 αὐτὸς
807 3012 883 3083 τῷ
917 3010 1086 3067 Ἠλεί.
1132 3010 1538 3081 Συμϐἀλλουσιν
1583 3013 1630 3065 οἱ
1667 3012 1956 3082 ἀλλόφυλοι
1987 3014 2067 3086 τῷ

491 3100 728 3174 Ἰσραὴλ,
755 3102 849 3154 καὶ
875 3098 1166 3171 τρέπουσιν
1184 3096 1345 3152 αὑτὸν
1375 3100 1456 3163 εἰς
1473 3099 1652 3171 φυγὴν
1677 3101 1816 3171 μετὰ
1846 3102 1940 3155 τοῦ
1964 3119 2067 3156 πα-

489 3191 668 3256 τάξαι.
713 3190 800 3254 Ὠς
821 3189 878 3243 δὲ
913 3189 1006 3243 καὶ
1033 3189 1130 3260 τὴν
1161 3187 1394 3242 κιϐωτὸν
1435 3186 1701 3260 ἐξήγαγον
1754 3191 1858 3245 υἱοὶ
1896 3192 2063 3258 Ἠλεὶ,

488 3275 634 3336 οὗτοι
659 3280 756 3352 μὲν
792 3281 1080 3334 πίπτουσιν
1109 3277 1167 3332 έν
1198 3275 1277 3348 τῷ
1308 3276 1532 3348 πολέμῳ
1575 3278 1711 3349 μετά
1747 3280 1842 3334 καὶ
1865 3281 2067 3354 ἐτέρων

488 3369 720 3434 πολλῶν,
775 3369 876 3440 τὴν
922 3367 981 3421 δὲ
1028 3363 1259 3420 κιϐωτὸν
1311 3363 1680 3435 λαμϐάνουσιν
1718 3368 1767 3419 οἱ
1793 3368 2064 3438 πολέμιοι.

486 3457 660 3516 *Ηλθέ
688 3475 771 3522 τις
790 3454 962 3510 ταῦτα
985 3452 1343 3524 ἀπαγγέλλων
1372 3452 1450 3524 τῷ
1484 3453 1631 3506 Ἡλεί
1652 3471 1665 3485 ο
1693 3455 1722 3507 6
1745 3454 1801 3508 δὲ
1822 3473 2066 3511 καταπε-

491 3548 598 3604 σὼν
625 3551 689 3602 ἐκ
714 3546 808 3600 τοῦ
837 3545 1024 3616 δίφρου
1084 3543 1248 3597 αὑτοῦ
1287 3543 1577 3614 συνετρίϐη
1629 3542 1722 3596 καὶ¹
1758 3544 2030 3601 ἀπέθανεν
2050 3567 2064 3580 ·

487 3635 726 3692 ἀπέθανε
751 3635 807 3688 δὲ
825 3634 919 3688 καὶ
937 3635 971 3705 ἡ
986 3631 1178 3685 τούτου
1201 3630 1410 3703 νύμφη,
1433 3631 1599 3703 ήνίκα
1624 3631 1797 3686 ταῦτα
1812 3635 2063 3706 ήκουσεν.

489 3726 829 3797 Είσήνεγκαν
874 3724 923 3777 οί
955 3719 1240 3790 ἀλλόφυλοι
1265 3720 1364 3789 τὴν
1409 3719 1640 3774 κιϐωτὸν
1685 3722 1767 3786 εἰς
1795 3723 1888 3777 τὸν
1919 3720 2067 3780 οἷκον

489 3813 676 3882 Δαγὼν
693 3830 706 3844 ·
726 3815 753 3866 6
773 3811 829 3865 δὲ
846 3811 1116 3888 κατέπεσε
1143 3807 1414 3880 δεύτερον,
1439 3811 1536 3862 καὶ
1563 3811 1873 3884 συνετρίϐη.
1901 3815 2067 3868 Ἐπα-

487 3902 765 3974 τάχθησαν
814 3899 871 3952 δὲ
904 3899 999 3952 καὶ
1050 3898 1100 3950 οἱ
1150 3897 1339 3968 ἄνδρες
1385 3897 1468 3962 είς
1512 3899 1612 3962 τὰς
1657 3899 1818 3971 ἕδρας
1862 3901 2065 3957 αὐτῶν.

487 3987 669 4046 Ἦσαν
699 3989 755 4043 δέ
781 3988 830 4042 οἱ
864 3986 1106 4052 Ἀζώτιοι
1135 3980 1296 4050 οὗτοι,
1317 3987 1412 4040 καὶ
1441 3986 1546 4059 μῦς
1570 3989 1891 4063 ἀνέδωκενή
1915 3992 2068 4065 χώρα

489 4081 688 4137 αὐτῶν.
725 4077 1135 4132 ’Λποστέλλουσι
1163 4076 1262 4147 τὴν
1287 4076 1516 4131 κιϐωτὸν
1539 4080 1621 4142 εἰς
1648 4079 1750 4133 Γέθ
1767 4097 1781 4111 ·
1813 4083 1864 4134 οἱ
1887 4082 1946 4136 δέ
1971 4084 2066 4136 καὶ

490 4169 644 4226 αὐτοὶ
671 4166 1006 4238 ἐπλήγησαν.
1033 4165 1345 4236 Πέμπουσιν
1367 4165 1534 4236 αὐτὴν
1560 4168 1640 4232 είς
1667 4169 1982 4224 Ἀσκαλῶνα
2014 4176 2062 4239 ⁸,

489 4259 651 4312 κάκεῖ
674 4255 864 4325 γέγονε
900 4253 1148 4316 θάνατος.
1199 4253 1701 4324 Συμϐουλευθέντες
1727 4257 1786 4311 δέ
1825 4259 1930 4313 ὑπὸ
1958 4261 2066 4316 τῶν

493 4347 738 4419 μάντεων
795 4341 972 4398 αὐτῶν
1004 4381 1019 4406 ,
1065 4339 1308 4394 ποιοῦσιν
1337 4340 1498 4412 ἕδρας
1542 4347 1785 4414 χρυσᾶς,
1819 4348 1914 4402 καὶ
1964 4349 2069 4422 μῦς

489 4433 743 4508 χρυσοῦς,
779 4433 875 4486 καὶ
904 4429 1179 4492 ἐπιθέντες
1213 4429 1412 4493 αὐτοὺς
1450 4431 1638 4504 ἀμάξῃ
1675 4436 1811 4506 μετὰ
1849 4437 1949 4508 τῆς
1983 4456 2069 4492 κι-

491 4520 664 4576 ϐωτοῦ
698 4519 999 4586 ὑπέζευξαν
1032 4510 1291 4590 βόας,ὧν
1327 4517 1397 4570 τὰ
1423 4519 1589 4573 τέκνα
1627 4523 1957 4579 ἀπέκλεισαν
1989 4528 2069 4590 εἰς

489 4609 752 4665 οικισκον.
795 4609 862 4661 Ai
894 4609 950 4662 δὲ
1000 4608 1162 4681 ὀρθὴν
1215 4607 1592 4680 ἐπορεύθησαν
1626 4609 1706 4674 εις
1759 4612 2064 4682 Βεθσαμῠς.

490 4697 743 4768 Δέχονται
765 4696 935 4768 αὐτὴν
965 4699 1013 4750 οἱ
1038 4695 1227 4768 ἄνδρες
1247 4698 1469 4761 ἐκεῖνοι,
1493 4698 1589 4749 καὶ
1617 4697 1896 4770 θύουσιτῷ
1925 4701 2064 4771 Θεῷ,

490 4785 741 4860 ὁρώντων
764 4783 872 4838 τῶν
910 4783 1204 4856 σατραπῶν
1247 4783 1355 4837 τῶν
1387 4784 1721 4854 ἀλλοφύλων.
1766 4785 1852 4848 Ὡς
1874 4786 1932 4839 δὲ
1968 4786 2069 4839 οὐκ

489 4876 794 4948 ἡσμένισαν
819 4875 872 4938 δ,
895 4873 1193 4936 τουτέστιν,
1217 4873 1278 4924 ού
1305 4873 1681 4944 συνεχάρησαν
1705 4874 1754 4925 οἱ
1784 4874 1890 4926 υἱοὶ
1915 4872 2068 4944 Ἰεχο-

488 4969 624 5031 νίου,
681 4965 890 5034 γίνεται
918 4961 1100 5033 πληγὴ
1140 4961 1355 5032 μεγάλη
1385 4963 1443 5014 ἐν
1468 4961 1547 5032 τῷ
1596 4961 1713 5032 λαῷ
1731 4979 1746 4993 ο
1783 4962 1877 5015 καὶ
1903 4963 2068 5034 φοδη-

489 5059 674 5118 θέντες
700 5055 747 5106 οἱ
772 5053 880 5106 ὰπὸ
897 5050 1202 5121 Βεθσαμῦς,
1235 5050 1656 5104 ἀποστέλλουσιν
1683 5048 1743 5114 ἐξ
1765 5052 1942 5104 αὐτῶν
1967 5054 2068 5124 τὴν

488 5147 720 5201 κιϐωτὸν
749 5147 828 5208 εἰς
859 5143 950 5197 τὸν
1003 5137 1156 5196 οἷκον
1192 5142 1506 5212 Ἀμιναδάϐ.
1562 5142 1696 5195 Τότε
1724 5143 2066 5215 ἐπέστρεψαν

491 5236 627 5306 πρὸς
655 5237 746 5286 τὸν
768 5233 900 5287 Θεὸν
929 5236 980 5286 oi
1007 5231 1358 5303 Ἰσραηλῖται,
1386 5231 1481 5283 καὶ
1498 5231 1843 5301 ἐπολέμησαν
1870 5233 2067 5298 αὐτοὺς

489 5323 538 5373 οἱ
565 5320 871 5390 ἀλλόφυλοι,
905 5321 998 5374 καὶ
1017 5319 1349 5390 ἡττήθησαν,
1369 5316 1464 5370 τοῦ
1486 5318 1737 5389 Σαμουὴλ
1769 5318 2065 5391 εὐξαμένου

491 5409 632 5481 ὑπὲρ
665 5407 864 5475 αὐτῶν,
894 5409 989 5462 καὶ
1018 5407 1207 5460 ἔλαϐον
1238 5407 1368 5476 παρ’
1392 5404 1572 5457 αὐτῶν
1607 5405 1705 5470 τὰς
1738 5406 1920 5472 πόλεις
1941 5450 1957 5476 ,
2001 5408 2068 5474 ἂς

555 5614 578 5642 ³
607 5612 661 5661 In
687 5615 831 5662 Coisl.
878 5615 1139 5663 Βαϐυλῶνα
1180 5612 1260 5662 hic
1302 5612 1442 5673 lapsu
1465 5605 1701 5670 ἕτερὴίεο
1739 5609 1950 5675 positum
1978 5615 2066 5666 fuit

555 5688 581 5722 0
612 5673 909 5722 Ἀσκαλῶνα.

491 5688 581 5738 pro
614 5681 909 5724 Ἀσκαλῶνα.

612 5736 862 5810 l‘llamvoce
899 5743 1106 5810 ptumur
1126 5735 1246 5788 LXX
1279 5738 1603 5810 int-erpteles,
1630 5750 1776 5810 quam_
1797 5738 1952 5810 ρει)ρθ
1977 5753 2055 5810 εις

493 5797 644 5857 ριὶοαι
687 5797 1058 5864 Chryspslomus
1082 5812 1170 5862 per
1194 5800 1539 5863 συνεχάρησαν,
1581 5797 1898 5864 εοιιςινιιιῐίαιί
1938 5808 2064 5863 sum,

492 5859 573 5908 vel
597 5870 689 5909 una
705 5858 849 5910 ιωιιιιι
868 5866 990 5909 sunt.

1163 378 1221 435 S.
1263 378 1546 437 JOANNIS
1583 381 2078 441 CHRYSOSTOMI
2115 382 2440 439 ARCHIEP.
2480 379 3031 441 CONSTANTINOP.
3090 371 3098 381 ’

3652 367 3752 424 342

2185 499 2331 574 εἶχον
2358 501 2558 557 αὐτῶν.
2596 503 2682 564 Ὠς
2714 500 2771 553 δέ
2792 499 3030 569 ἐγήρασε
3062 488 3336 562 Σαμουὴλ,
3365 490 3414 542 οἱ
3441 487 3499 541 δὲ
3527 487 3634 540 υἱοὶ
3662 485 3755 539 αὐ-

2182 590 2276 644 τοῦ
2314 591 2414 643 οὐκ
2435 589 2760 661 ἐπορεύοντο
2794 589 2852 640 ἐν
2883 588 2950 656 τῇ
2975 581 3080 652 ὀδῷ
3105 579 3296 640 αὑτοῦ,
3321 575 3676 645 συναχθέντες
3706 574 3753 626 οι

2183 679 2424 732 Ἰουδαῖοι
2457 677 2668 732 αἰτοῦσι
2705 675 2948 747 βασιλέα.
2977 670 3252 740 Ἤλγησεν
3278 665 3372 719 ἐπὶ
3396 664 3574 733 τούτῳ
3594 663 3624 715 6
3657 663 3756 715 Σα-

2183 765 2375 836 μουὴλ,
2409 764 2503 818 καί
2530 781 2694 833 φησιν
2727 762 2877 832 αύτῷ
2897 761 2926 813 6
2955 759 3112 821 Θεόςο
3153 759 3236 810 Οὐ
3259 755 3334 810 σὲ
3358 751 3757 820 ἐξουδενήκα-

2178 867 2305 915 σιν,
2333 853 2472 906 ἀλλ’
2500 851 2624 922 ἐμέ.
2662 849 2844 904 Τοῦτο
2875 846 2988 902 οὖν
3025 843 3490 914 διαμαρτύρομαι
3529 837 3754 904 αὐτοῖς,

2178 941 2246 994 τὸ
2263 941 2548 1010 δικαίωμα
2574 939 2680 994 τοῦ
2699 935 3012 1003 ,βασιλέως
3030 951 3044 965 °
3072 932 3372 994 τουτέστιν,
3399 931 3533 999 ὅσης
3554 927 3756 998 ὀφείλει

2179 1029 2306 1099 παρ’
2356 1028 2534 1081 αὐτῶν
2581 1026 2870 1098 τυγχάνειν
2915 1021 3221 1094 θεραπείας
3277 1016 3679 1090 διεμαρτύρατο
3727 1017 3755 1066 6

2177 1115 2459 1188 Σαμουήλ·
2490 1117 2538 1169 οἱ
2562 1115 2618 1168 δέ
2651 1114 2933 1169 ἐπέκειντο
2969 1110 3267 1173 αἰτοῦντες.
3316 1106 3622 1160 ’Δπώλοντο
3646 1115 3668 1143 ο
3700 1105 3756 1157 αἱ

2176 1202 2288 1257 ὄνοι
2320 1205 2451 1267 Κεὶς
2481 1201 2576 1256 τοῦ
2617 1200 2825 1274 πατρὸς
2867 1197 3039 1253 Σαούλ
3058 1214 3072 1229 ·
3110 1195 3356 1267 ἔπεμψεν
3392 1193 3560 1248 αὐτὸν
3587 1195 3616 1246 ὁ
3647 1209 3758 1244 πα-

2175 1290 2279 1362 τὴρ
2317 1291 2718 1362 ἐπιζητήσοντα
2758 1286 2979 1350 ταύτας.
3030 1285 3120 1348 Ὧς
3165 1282 3223 1336 δὲ
3259 1284 3358 1354 ούχ
3387 1280 3632 1353 ε’ύρισκε,
3661 1278 3758 1332 τοῦ

2174 1376 2470 1430 ἀκολούθου
2519 1375 2668 1447 αὐτῷ
2717 1371 3244 1446 συμϐουλεύσαντος,
3275 1369 3585 1440 εἰσέρχεται
3622 1367 3760 1436 πρὸς

2173 1465 2264 1517 τὸν
2289 1464 2545 1536 Σαμουὴλ
2590 1463 2886 1535 ἐρωτήσων
2924 1461 3055 1532 περὶ
3082 1459 3270 1514 αὐτοῦ.
3314 1458 3354 1511 Γ
3357 1457 3572 1527 νωρίζει
3595 1454 3761 1509 αὑτὸν

2173 1553 2202 1605 6
2234 1552 2366 1617 Θεὸς
2392 1552 2471 1624 τῷ
2497 1551 2753 1623 Σαμουὴλ
2783 1551 2980 1621 λέγων,
3015 1550 3097 1604 ὅτι
3126 1545 3343 1605 Τοῦτον
3375 1547 3564 1616 χρῖσον
3599 1543 3759 1614 βασι-

2173 1641 2290 1698 λέα.
2319 1641 2636 1712 Προσῆλθεν
2672 1641 2700 1694 6
2724 1640 2896 1694 Σαοὺλ
2943 1637 3161 1710 ἐρωτῶν
3202 1634 3295 1690 τὸν
3347 1633 3620 1705 Σαμουὴλ,
3653 1632 3759 1686 ποῦ

2173 1727 2258 1799 εἴη
2287 1730 2316 1782 6
2350 1727 2565 1799 βλέπων
2583 1744 2598 1760 ·
2633 1727 2780 1782 οὕτω
2804 1727 2915 1799 γὰρ
2942 1726 3173 1781 ἐκάλουν
3200 1724 3329 1786 τοὺς
3352 1724 3661 1794 προφήτας.
3698 1721 3759 1772 ὐ

2172 1817 2228 1870 δέ
2252 1816 2378 1889 ἐφη,
2409 1816 2571 1870 αὐτὸν
2610 1811 2774 1880 εἶναι,
2830 1815 2925 1869 καὶ
2959 1811 3250 1882 ἀναγαγὼν
3275 1811 3438 1866 αὐτὸν
3485 1811 3568 1875 είς
3598 1809 3761 1878 Βαμᾶ

2175 1904 2371 1977 (θυσία
2399 1903 2509 1976 γὰρ
2530 1899 2601 1976 ἧν
2625 1904 2706 1975 τῷ
2744 1903 2918 1974 λαῷ),
2967 1904 3063 1956 καὶ
3089 1900 3367 1964 ἐστιάσας,
3397 1897 3504 1952 ὑπὸ
3557 1898 3658 1968 τὴν
3682 1897 3762 1949 ἕω

2172 1990 2449 2046 κατελθὼν
2484 1993 2600 2064 μετ’
2631 1989 2798 2058 αύτρῦ
2829 1990 3086 2061 κατέχεεν
3115 1987 3281 2042 αὑτοῦ
3316 1986 3409 2041 τὸν
3439 1984 3613 2056 φακὸν
3659 1984 3758 2038 τοῦ

2172 2079 2374 2144 ἐλαίου,
2405 2081 2501 2134 καὶ
2530 2079 2908 2150 καταφιλήσας
2925 2075 3088 2130 αὑτὸν
3114 2071 3268 2129 εἶπεν
3297 2074 3466 2144 αὐτῷ,
3501 2075 3585 2129 ὃτι
3620 2074 3758 2142 Ἀρ-

2172 2166 2284 2234 ξεις
2302 2167 2396 2221 τοῦ
2425 2166 2578 2232 λαοῦ,
2606 2167 2702 2222 καὶ
2727 2165 2931 2238 σημεῖά
2951 2182 3075 2219 τινα
3095 2164 3218 2227 δοὺς
3237 2162 3544 2233 ἐξέπεμψεν
3567 2162 3753 2225 αὑτὸν,

2171 2257 2266 2312 καὶ
2295 2257 2702 2330 προεφήτευσεν
2730 2258 2760 2310 6
2781 2254 2974 2310 Σαούλ.
3022 2251 3178 2326 [545]
3212 2252 3422 2324 Ἐρωτᾷ
3456 2250 3549 2306 τὸν
3581 2250 3757 2304 Σαοὺλ

2169 2345 2198 2398 6
2224 2345 2423 2410 οἰκεῖος
2445 2343 2634 2409 αὑτοῦ,
2657 2343 2761 2397 ποῦ
2781 2341 3023 2415 ἀπῆλθεν
3047 2355 3061 2374 ⁸
3093 2342 3122 2394 6
3154 2338 3213 2394 δέ
3237 2335 3412 2394 εἶπεν·
3449 2339 3544 2401 Et:
3569 2337 3756 2408 ἐπιζήσ

2169 2450 2326 2504 τησιν
2351 2434 2458 2487 τῶν
2480 2433 2638 2487 δνων.
2661 2432 2960 2501 Συνάγεται
2988 2431 3017 2484 6
3038 2428 3166 2492 λαὸς
3192 2427 3273 2491 είς
3293 2428 3576 2497 Μασσηφᾶ
3591 2442 3607 2458 ·
3635 2443 3752 2496 χει-

2175 2523 2470 2592 ροτονεῖται
2496 2521 2688 2575 Σαούλ.
2725 2519 3116 2576 Ἐπανίσταται
3142 2517 3171 2570 6
3219 2515 3570 2587 Ἀμμανιτῶν
3602 2514 3754 2584 βασι-

2169 2608 2294 2674 λεὺς
2319 2613 2433 2675 τοῖς
2454 2609 2807 2674 Γαλααδίταις
2827 2623 2841 2637 ·
2867 2605 3262 2680 πρεσϐεύονται
3289 2605 3426 2676 πρὸς
3444 2604 3535 2658 τὸν
3558 2603 3752 2656 Σαούλ·

2170 2697 2340 2753 ἐλθὼν
2381 2698 2759 2771 συνεμάχησεν
2788 2696 2992 2763 αὐτοῖς,
3042 2694 3138 2748 καὶ
3167 2689 3284 2747 εἷλε
3310 2693 3436 2757 τοὺς
3463 2691 3752 2764 πολεμίους

2171 2788 2314 2842 κατά
2344 2788 2564 2860 κράτος.
2598 2784 2946 2858 Εὺωχοῦνται
2995 2785 3054 2838 ἐν
3083 2781 3404 2852 Γαλγάλοις.
3451 2781 3564 2835 Καὶ⁵
3611 2783 3750 2854 δημ-

2169 2878 2362 2947 ηγορεῖ
2387 2876 2525 2948 πρὸς
2547 2875 2638 2930 τὸν
2669 2874 2797 2928 λαὸν
2817 2875 2846 2928 6
2875 2871 3285 2944 Σαμουήλ.Τότε
3309 2870 3480 2937 λέγει·
3504 2870 3752 2938 Μόσχον

2167 2966 2330 3032 τινὸς
2357 2966 2598 3036 εῖληςρα,
2643 2965 2679 3034 ἢ
2722 2964 2866 3018 ὄνον
2893 2962 3058 3029 τινός
3085 2962 3338 3030 summ;
3372 2961 3752 3030 Παραγγείλας

2168 3056 2225 3111 δέ
2246 3055 2430 3120 αὐτοῖς
2452 3053 2749 3109 ὑπακούειν
2774 3052 2853 3124 τῷ
2899 3051 3040 3123 Θεῷ,
3089 3050 3327 3122 εὔχεται,
3382 3051 3477 3104 καὶ
3511 3050 3668 3114 ὑετὸς
3695 3051 3752 3102 ἐν

2167 3143 2349 3214 ἡμέρα
2375 3142 2636 3215 θερισμοῦ
2663 3141 2891 3210 γίνεται.
2935 3137 3210 3211 Ἐφοϐήθη
3234 3139 3262 3191 6
3289 3136 3438 3202 λαὸς,
3475 3139 3571 3190 καὶ
3604 3136 3750 3206 ὦμοι

2166 3231 2402 3301 λόγησαν
2433 3229 2812 3302 ἡμαρτηκέναι
2840 3229 3165 3300 αἰτήσαντες
3196 3225 3440 3297 βασιλέα.
3481 3225 3540 3278 Ὀ
3569 3225 3626 3278 δὲ
3650 3226 3750 3279 Σα-

2172 3319 2342 3390 μουὴλ
2370 3317 2534 3374 πάλιν
2553 3319 2828 3386 παραινεῖ,
2854 3315 2997 3369 ὥστε
3022 3313 3340 3368 ἀκολουθεῖν
3360 3315 3473 3375 τοῖς
3494 3312 3591 3365 τοῦ
3617 3311 3748 3364 Θεοῦ

2169 3407 2607 3478 προστάγμασιν.
2637 3404 2843 3459 Κόπτει
2887 3403 3012 3467 τοὺς
3051 3400 3382 3471 ἀλλοφύλους
3415 3402 3445 3452 6
3466 3399 3661 3454 Σαούλ.
3689 3399 3750 3452 Οἱ

2167 3498 2223 3552 δὲ
2247 3495 2673 3568 παροξυνθέντες
2698 3492 3150 3565 ἐπιστρατεύουσι
3174 3490 3313 3561 μετά
3329 3487 3576 3552 πλείονος
3597 3488 3750 3542 δυνά-

2170 3601 2336 3656 μεως.
2365 3583 2662 3652 Φεύγουσιν
2693 3581 2742 3636 οἱ
2774 3581 3130 3653 Ἰσραηλῖται,
3158 3577 3636 3648 καταλιμπάνεται
3659 3576 3747 3648 μό-

2168 3691 2256 3737 νος
2281 3676 2310 3727 ό
2331 3673 2523 3727 Σαούλ.
2564 3671 2851 3743 ’Δναφέρει
2877 3669 3243 3733 ὁλοκαύτωσιν
3276 3666 3354 3737 τῷ
3382 3665 3525 3737 Θεῷ,
3562 3665 3639 3736 μὴ
3666 3681 3747 3717 περ

2170 3762 2418 3834 ριμείνας
2448 3761 2540 3815 τὸν
2572 3758 2824 3833 Σαμουὴλ
2845 3800 2862 3824 ,
2897 3759 3213 3830 περιμεῖναι
3247 3756 3306 3809 δέ
3345 3754 3496 3825 αὐτῷ
3539 3770 3749 3825 παρηγ-

2169 3850 2374 3920 γέλκει.
2416 3851 2675 3921 Ἔρχεται
2723 3850 2752 3902 6
2806 3846 3083 3917 Σαμουὴλ,
3136 3843 3480 3915 δυσχεραίνει
3515 3844 3654 3916 πρὸς
3693 3841 3748 3894 τὸ

2168 3938 2412 4009 γεγονὸς,
2447 3937 2663 3991 ἀπειλεῖ
2693 3935 2843 4006 αὐτῷ
2871 3933 3169 3989 κατάλυσιν
3212 3933 3313 4003 τῆς
3344 3931 3624 4001 βασιλείας
3661 3931 3748 3984 αὖ·

2169 4026 2264 4081 τοῦ
2291 4044 2303 4057 ·
2335 4029 2415 4090 είς
2435 4025 2545 4098 γάρ
2569 4025 2756 4097 ἕτερον
2781 4023 2953 4095 αὐτὴν
2995 4019 3408 4094 μετατίθεσθαι·
3465 4020 3562 4073 τὸν
3596 4017 3749 4074 Δαυῒδ

2170 4115 2296 4187 ἔφη.
2320 4113 2650 4184 Καθημένου
2675 4112 2771 4166 τοῦ
2795 4111 2971 4166 Σαοὺλ
3002 4112 3060 4164 ἐν
3090 4108 3168 4180 τῷ
3201 4108 3394 4179 βουνῷ,
3427 4107 3526 4161 καὶ
3562 4107 3748 4172 ἐξακο-

2170 4206 2299 4258 σίων
2325 4202 2442 4274 μετ’
2465 4201 2654 4269 αὑτοῦ,
2683 4200 2860 4272 λάθρα
2904 4198 3160 4253 ἰωνάθαν
3199 4200 3228 4251 6
3271 4197 3386 4261 υἱὸς
3412 4195 3582 4250 αὐτοῦ
3620 4195 3749 4266 μετά

2167 4293 2263 4348 τοῦ
2299 4293 2430 4347 ίδίου
2461 4291 2648 4355 παιδὸς
2677 4288 2919 4344 ἐπελθὼν
2941 4292 3054 4352 τοῖς
3071 4287 3305 4359 ἐχθροῖς,
3338 4286 3558 4356 ἀναιρεῖ
3579 4301 3745 4347 τινας.

2183 4381 2328 4437 Ἰδὼν
2358 4382 2415 4434 δὲ
2437 4380 2665 4451 ἀντικρὺ
2692 4381 2722 4434 6
2752 4378 2946 4443 Σαοὺλ,
2977 4378 3073 4431 καί
3099 4374 3531 4447 τεταραγμένοις
3560 4374 3747 4426 ἐπιπε-

2171 4470 2300 4536 σὼν,
2331 4471 2461 4542 νικᾷ
2490 4469 2630 4522 κατὰ
2683 4468 2907 4539 κράτος,
2961 4465 3058 4520 καὶ
3113 4464 3317 4534 ὥρκισε
3355 4462 3566 4534 μηδένα
3611 4459 3749 4524 τινὸς

2169 4557 2466 4628 γεύσασθαι
2495 4558 2599 4620 ἕως
2633 4557 2895 4626 ἑσπέρας.
2931 4555 2990 4607 ὐ
3025 4551 3280 4606 Ἰωνάθαν
3314 4551 3416 4604 οὐκ
3441 4549 3748 4611 ἐπακούσας

2169 4647 2433 4716 ἐγεύσατο
2461 4644 2696 4716 μέλιτος.
2721 4641 3090 4714 Προσέρχεται
3115 4642 3142 4692 ὁ
3173 4637 3344 4692 Σαοὺλ
3370 4639 3646 4708 ἐρωτῆσαι
3667 4635 3750 4688 τὸν

2169 4737 2322 4799 Θεὸν,
2349 4737 2396 4788 εί
2423 4735 2532 4787 δέοι
2568 4732 2852 4796 ἐπιδιῶξαι
2873 4731 3046 4784 ὀπίσω
3072 4730 3181 4782 τῶν
3211 4727 3446 4801 ἐχθρῶν.
3477 4728 3596 4781 Οὐκ
3618 4729 3750 4780 ἀπο-

2168 4826 2410 4897 κρίνεται
2444 4821 2592 4892 αὐτῷ
2635 4823 2664 4875 6
2694 4819 2848 4884 Θεός.
2896 4819 3138 4888 Συνῆκεν
3189 4817 3496 4888 ἁμάρτημα
3535 4815 3751 4885 γεγενῆο

2169 4915 2292 4967 σθαι
2313 4914 2370 4967 ἐν
2399 4909 2475 4981 τῷ
2505 4907 2638 4979 λαῷ.
2687 4908 2775 4970 Ὠς
2810 4908 2868 4961 δὲ
2895 4906 3178 4976 ἀνεδείχθη
3223 4903 3500 4967 Ἰωνάθαν,
3540 4904 3751 4973 ἕτοιμος

2168 4996 2240 5073 ἦν
2259 4999 2417 5053 αὑτὸν
2455 4996 2684 5051 ἀνελεῖν.
2723 4995 2782 5048 '0
2815 4994 2872 5048 δὲ
2902 4995 3029 5057 λαὸς
3055 4993 3292 5060 ἐξείλετο
3323 4991 3490 5045 αὑτὸν
3511 4990 3625 5044 τῶν
3645 5008 3752 5060 χει-

2173 5089 2281 5162 ρῶν
2310 5085 2498 5142 αύτοῦ.
2527 5083 2904 5155 Παραγγέλλει
2926 5085 2954 5137 6
2983 5081 3236 5153 Σαμουὴλ
3274 5079 3353 5150 τῷ
3381 5079 3580 5144 Σαοὺλ,
3615 5079 3750 5132 ὥστε

2169 5175 2616 5247 καταπολεμῆσαι
2685 5173 2776 5226 τὸν
2848 5170 3097 5242 Ἀμαλὴκ
3121 5211 3135 5233 ,
3199 5169 3294 5222 καὶ
3355 5167 3751 5238 ἀναθεματίσαι

2171 5269 2369 5331 πάντα,
2404 5267 2500 5319 καὶ
2527 5265 2755 5338 μηδενὸς
2785 5260 3097 5330 φείσασθαι.
3133 5260 3190 5313 Ὁ
3219 5259 3274 5312 δέ
3299 5259 3644 5330 παρήκουσε,
3663 5257 3754 5310 καὶ

2171 5356 2595 5427 περιεποιήσατο
2631 5351 2720 5405 τὸν
2770 5349 2941 5417 Ἀγάγ
2993 5349 3084 5401 τὸν
3137 5346 3360 5417 βασιλέα
3407 5347 3628 5410 αὐτῶν,
3666 5345 3754 5398 καὶ

2172 5447 2418 5516 ποίμνια,
2447 5445 2540 5497 καὶ
2569 5440 2841 5513 βουκόλια.
2889 5437 3089 5492 Ἐλθὼν
3116 5433 3256 5489 εἶδεν
3283 5437 3310 5489 6
3342 5435 3623 5506 Σαμουὴλ,
3650 5434 3755 5504 ὡρ-

2169 5534 2356 5605 γίσθη,
2381 5534 2473 5586 καί
2506 5549 2702 5603 φησιν·
2745 5530 2827 5582 Οὐ
2861 5527 3018 5582 θέλει
3055 5524 3271 5594 Κύριος
3312 5523 3753 5584 ὁλοκαυτώσεις

2170 5623 2269 5677 καί
2306 5623 2545 5688 θυσίας,
2589 5621 2671 5686 ὡς
2704 5618 2769 5673 τὸ
2807 5615 3069 5672 ἀκοῦσαι
3109 5613 3218 5682 τῆς
3258 5611 3470 5682 φωνῆς
3533 5609 3750 5666 αὐτοῦ’

2233 5803 2255 5832 ε
2289 5799 2743 5868 Ἀπώλωτασὶοίιι
2780 5801 2922 5848 textu
2959 5797 3061 5843 τῶν
3092 5797 3165 5855 0',
3203 5791 3252 5842 id
3295 5796 3391 5852 est,
3443 5790 3749 5850 oberrabant.

2169 5861 2434 5926 deperdin
2457 5866 2611 5911 eram.
