4102 6322
462 375 558 430 541

460 486 603 541 enim
635 485 705 538 illi
735 486 980 540 mulieres
1010 485 1296 554 habebant,
1330 489 1527 558 ﬁliique
1550 489 2034 559 lsraeljuraverant

461 593 519 631 se
548 578 682 631 ﬁlias
720 593 843 630 snas
869 593 973 631 non
1003 579 1130 647 ipsis
1160 579 1211 632 in
1235 595 1428 634 uxores
1453 580 1670 636 daturos
1708 583 1874 651 esse),
1898 584 2031 637 occi-

458 669 532 723 sis
559 670 663 723 illis
689 670 918 738 quicum
943 671 1074 740 ipsis
1122 672 1318 726 bellum
1363 687 1470 727 non
1524 684 1804 744 gesserant
1847 688 2032 730 contra

462 760 804 828 Benjamitas,
829 762 1037 815 illorum
1057 762 1196 816 filias
1216 762 1450 832 virgines
1471 765 1884 836 quadringentas
1906 767 2032 836 ipsis

461 852 765 905 dederunt:
791 869 909 906 cum
939 861 1116 908 autem
1147 854 1344 909 residui
1396 866 1575 910 essent
1611 857 1700 926 qui
1735 874 1836 911 non
1875 857 2034 911 habe-

461 953 581 998 rent
627 957 819 997 uxores
844 983 857 1002 .
888 942 1014 997 dum
1040 944 1232 998 festum
1265 944 1650 1012 celebraretur,
1678 951 2033 1016 permiserunt

459 1038 538 1092 cis
569 1046 625 1092 ut
649 1037 881 1107 virgines
901 1046 1168 1110 raperent,
1197 1038 1376 1093 insciis
1403 1041 1729 1108 parentibus.

950 1162 1184 1204 εῐκορειε
1211 1165 1346 1204 LIBRI
1377 1165 1537 1205 BU'ﬂl.

528 1259 804 1314 Noemmin
825 1301 840 1326 ,
868 1260 985 1314 viro
1011 1274 1112 1314 suo
1135 1260 1362 1330 ﬁliisque
1393 1263 1615 1318 mortuis
1635 1303 1650 1327 ,
1681 1272 1920 1318 cessante
1952 1263 2031 1317 fa-

457 1365 544 1403 me
564 1390 580 1415 ,
611 1349 680 1403 ob
705 1364 862 1420 quam
893 1350 945 1403 in
975 1349 1310 1406 Moabitidem
1351 1353 1821 1423 lransmigraverat
1842 1395 1856 1419 ,
1889 1356 2034 1410 venit

458 1441 511 1493 in
531 1441 787 1506 Judaeam,
812 1442 1030 1512 ejusque
1049 1443 1215 1497 altera
1245 1459 1430 1511 nurus,
1454 1445 1564 1515 ipsa
1585 1446 1860 1509 suadente,
1886 1462 2032 1502 man-

455 1533 528 1586 sit
552 1533 603 1586 in
633 1532 948 1598 Moabitide;
976 1533 1140 1588 altera
1171 1550 1297 1589 vero
1316 1576 1332 1602 ,
1361 1537 1444 1589 cui
1485 1551 1678 1590 nomen
1717 1537 1857 1591 Ruth
1881 1577 1898 1604 ,
1932 1537 2028 1607 ipsi

456 1624 636 1677 multis
675 1623 902 1678 hortanti
943 1633 1000 1678 ut
1041 1634 1310 1690 maneret,
1349 1641 1453 1680 non
1492 1627 1906 1697 obtemperavit,
1935 1629 2029 1683 sed

457 1724 680 1784 sequuta
719 1723 802 1769 est
842 1715 1007 1769 illam.
1047 1715 1337 1787 Nupsitque
1365 1718 1572 1784 Boozo,
1601 1721 1690 1789 qui
1717 1719 1893 1775 affinis
1917 1729 2032 1776 erat

454 1803 748 1870 Noemmin,
777 1816 832 1862 et
857 1809 1062 1878 peperit
1084 1808 1254 1875 Obed,
1277 1809 1424 1866 Obed
1453 1819 1629 1866 autem
1654 1810 1840 1879 Jessm,
1865 1812 2028 1869 Jcssze

459 1898 624 1952 David
651 1913 855 1968 regem.

679 2027 916 2068 SYNOPSIS
943 2029 1189 2078 QUATUGR
1215 2030 1473 2071 LIBRORUM
1503 2031 1800 2072 REGNOBUH.

528 2123 720 2178 Eleana
758 2139 948 2178 uxores
989 2123 1189 2180 habens
1219 2126 1350 2180 duas
1370 2168 1384 2191 ,
1415 2142 1480 2182 ex
1508 2113 1673 2181 altera
1703 2143 1808 2181 non
1843 2142 2026 2183 susce-

452 2224 604 2282 perat
638 2214 848 2269 liberos.
884 2215 952 2270 Ut
984 2225 1160 2270 autem
1202 2218 1440 2272 ascendit
1475 2217 1824 2272 sacriﬁcatum
1855 2219 1905 2272 in
1931 2219 2026 2276 Se-

452 2305 582 2368 lom,
613 2318 860 2374 precatur
885 2307 972 2361 illa
1000 2308 1210 2371 mulier,
1237 2320 1289 2362 et
1319 2310 1454 2377 parit
1480 2310 1800 2376 Samuelem,
1829 2311 2027 2380 ipsum-

452 2412 554 2465 que
599 2397 745 2451 dedit
780 2398 845 2452 ad
893 2397 1106 2453 domum
1152 2399 1358 2454 Domini
1406 2412 1697 2470 perpetuo,
1728 2412 1785 2456 ut
1814 2413 2028 2458 voverat

450 2495 734 2556 antequam
762 2487 905 2542 illum
927 2491 1248 2557 conciperet.
1273 2490 1419 2544 'l‘unc
1440 2501 1614 2545 autem
1636 2493 1886 2548 sacerdos
1912 2505 2026 2550 erat

451 2578 550 2634 Eli.
583 2577 695 2632 Filii
735 2588 909 2634 autem
950 2581 1064 2645 Eli,
1105 2580 1278 2650 Ophni
1317 2592 1372 2637 et
1407 2582 1668 2650 Phinees,
1702 2585 1943 2640 scelerati
1972 2596 2024 2642 et

451 2670 674 2738 improbi
715 2670 939 2740 juvenes
964 2681 1146 2739 erant,
1173 2675 1263 2743 qui
1292 2674 1358 2728 de
1384 2675 1608 2730 victimis
1641 2686 1818 2746 partes
1842 2692 2021 2734 sume-

447 2762 575 2816 bant
611 2774 894 2834 antequam
935 2765 1249 2820 offerrentur
1274 2767 1401 2821 Deo.
1433 2767 1511 2822 Eli
1541 2777 1714 2823 autem
1754 2769 2025 2826 benedixit

447 2855 652 2907 Annam
674 2894 689 2919 ,
721 2870 839 2923 quas
868 2863 976 2910 tres
1001 2855 1172 2910 adhuc
1207 2857 1336 2912 ﬁlios
1367 2856 1583 2922 habuit,
1611 2867 1666 2913 et
1689 2857 1821 2914 duas
1851 2859 2019 2926 ﬁlias,

448 2944 765 3014 Samuelqne
809 2946 859 2999 in
896 2947 1088 3001 virtute
1135 2947 1462 3017 proﬁciebat.
1507 2948 1588 3003 Eli
1633 2964 1791 3018 porro
1829 2950 2022 3006 auditis

452 3035 675 3088 ﬁliorum
703 3035 1022 3090 facinoribus
1043 3036 1060 3106 (
1082 3036 1481 3093 meechabantur
1503 3039 1704 3109 enim),
1735 3041 2022 3109 increpavit

452 3140 545 3178 eos
568 3126 764 3192 verbo;
797 3126 870 3180 illi
901 3143 1028 3182 vero
1069 3144 1174 3183 non
1215 3129 1669 3198 obtemperarunt.
1711 3131 2022 3187 Prmdicitur

453 3214 534 3268 Eli
563 3216 819 3284 pernicies
840 3202 1029 3272 domus
1054 3234 1162 3274 sua:
1187 3228 1242 3274 et
1269 3219 1498 3274 ﬁliorum
1529 3221 1597 3277 ob
1637 3233 1906 3291 peccatum
1928 3225 2016 3293 ju-

450 3321 666 3361 venem.
693 3309 922 3364 Samucli
958 3325 1166 3380 quoque
1202 3310 1543 3366 denuntiatur
1580 3313 1909 3383 inexpiabilis
1943 3315 2020 3369 ira

453 3397 589 3463 Dei;
623 3399 673 3452 id
714 3400 813 3469 ipsi
853 3401 1065 3456 Samuel
1105 3403 1397 3458 denuntiat.
1443 3405 1682 3475 Pugnant
1710 3406 2019 3476 alienigena:

449 3503 569 3544 cum
598 3489 804 3556 lsraele,
826 3507 978 3561 quem
1006 3508 1199 3546 e:esum
1223 3495 1272 3548 in
1296 3494 1472 3565 fugam
1495 3505 1722 3550 vertunt.
1752 3496 1817 3552 Ut
1840 3507 2017 3553 autem

449 3595 622 3634 arcam
648 3581 942 3638 eduxerunt
981 3585 1070 3638 lilii
1110 3584 1224 3652 Eli,
1254 3585 1352 3655 ipsi
1382 3586 1578 3643 cadunt
1617 3588 1671 3641 in
1715 3588 1855 3642 bello
1896 3605 2018 3643 cum

447 3673 564 3725 aliis
593 3675 766 3728 multis
787 3716 800 3738 ,
829 3690 1004 3729 arcam
1045 3692 1170 3730 vero
1213 3678 1428 3746 capiunt
1466 3677 1664 3734 hostes.
1692 3680 1845 3734 Venit
1873 3681 2017 3750 quis-

445 3766 583 3833 piam
613 3767 698 3836 qui
739 3766 851 3821 haec
888 3771 1212 3823 renuntiaret
1249 3769 1366 3834 Eli;
1397 3769 1485 3823 ille
1515 3785 1642 3825 vero
1671 3786 1736 3826 ex
1769 3771 1894 3826 sella
1921 3772 2017 3828 de-

445 3855 624 3925 lapsus
649 3863 860 3912 attritus
894 3867 975 3924 est
1013 3867 1068 3913 et
1091 3859 1221 3914 obiit
1249 3877 1262 3914 :
1293 3868 1496 3914 mortua
1539 3876 1747 3931 quoque
1783 3871 1865 3917 est
1901 3863 2014 3932 ejus

441 3963 607 4002 nurus
633 3964 753 4004 cum
786 3949 899 4004 hinc
927 3951 1144 4005 audivit.
1179 3951 1468 4006 lntulerunt
1495 3953 1805 4024 alienigena:
1833 3969 2011 4010 arcam

441 4039 493 4092 in
520 4039 736 4093 dotnum
763 4041 1008 4110 Dagonis,
1036 4041 1125 4110 qui
1153 4041 1399 4110 delapsus
1424 4051 1506 4096 est
1530 4043 1609 4097 bis
1637 4055 1690 4097 et
1713 4044 2013 4102 confracms

439 4130 555 4183 fuit.
590 4129 830 4185 Percussi
871 4141 992 4185 sunt
1020 4132 1177 4186 etiam
1209 4133 1305 4185 viri
1344 4132 1396 4186 in
1440 4133 1730 4202 podicibus.
1763 4136 1821 4190 lli
1856 4153 2013 4206 porro

438 4232 593 4276 erant
617 4224 818 4287 Azotii,
852 4235 904 4278 et
933 4239 1110 4278 mures
1137 4225 1353 4294 protulit
1387 4225 1593 4280 illorum
1629 4241 1772 4296 ager.
1803 4229 2013 4284 Mittunt

435 4329 614 4368 arcam
646 4316 694 4367 in
724 4315 898 4381 Geth;
930 4315 980 4369 bi
1007 4331 1214 4386 quoque
1244 4317 1407 4386 plagis
1435 4317 1606 4372 affecti
1631 4328 1772 4373 sunt.
1801 4321 2013 4378 Mittunt

434 4419 649 4473 quinque
679 4405 819 4459 illam
850 4407 1204 4464 Ascalonem:
1231 4417 1286 4463 et
1310 4408 1418 4463 illic
1443 4424 1650 4478 quoque
1684 4426 1828 4466 mors
1858 4428 2010 4482 gras-

435 4504 607 4549 satur.
636 4498 1039 4554 Consulentibus
1073 4509 1249 4554 autem
1289 4502 1500 4555 illorum
1529 4503 1765 4566 vatibus,
1799 4505 2010 4572 podices

433 4601 657 4651 aureos,
687 4604 968 4659 murosque
999 4606 1187 4645 aureos
1215 4591 1464 4659 conﬂant,
1497 4603 1549 4647 et
1575 4594 1810 4663 plaustro
1835 4595 2008 4665 impo-

433 4679 566 4734 sitos
590 4695 710 4734 cum
738 4697 881 4747 arca,
909 4698 1096 4737 vaccas
1130 4683 1334 4754 jugant,
1361 4700 1582 4754 quarum
1611 4686 1801 4740 vitulos
1827 4687 1879 4741 in
1908 4688 2008 4742 do-

434 4773 679 4827 muncula
707 4775 1044 4830 concludunt.
1073 4776 1178 4829 lllze
1204 4792 1331 4831 vero
1358 4787 1495 4832 recta
1526 4778 1605 4831 via
1639 4789 2010 4847 processerunt

434 4867 487 4921 in
516 4867 845 4938 Bethsamys.
877 4869 1156 4937 Excipiunt
1186 4869 1327 4922 illam
1357 4870 1453 4923 viri
1481 4870 1620 4923 illius
1651 4871 1748 4924 loci
1771 4911 1784 4934 ,
1814 4881 1868 4926 et
1901 4872 2010 4926 Deo

432 4958 763 5024 sacriﬁcant,
805 4959 1101 5012 videntibus
1141 4959 1549 5027 alienigenarum
1595 4961 1836 5029 satrapis.
1873 4960 2006 5016 Cum

433 5065 562 5104 vero
588 5065 690 5103 non
723 5050 922 5119 placide
952 5050 1274 5118 exciperent,
1298 5050 1347 5102 id
1371 5059 1470 5114 est,
1497 5066 1600 5103 non
1634 5066 1734 5104 una
1766 5052 2007 5106 lzctaren-

433 5153 519 5195 tur
544 5143 632 5196 lilii
658 5142 947 5206 Jechonim,
982 5144 1128 5211 plaga
1161 5157 1347 5210 magna
1381 5142 1627 5210 populum
1661 5142 1859 5196 invadit
1885 5143 2002 5214 (a):

430 5250 493 5288 ac
521 5243 815 5288 metuentes
843 5233 914 5299 ii,
947 5234 1036 5302 qui
1078 5232 1394 5301 Bethsamyn
1431 5232 1760 5298 incolebant,
1789 5233 2005 5287 mittunt

428 5342 606 5380 arcam
639 5327 689 5379 in
719 5326 933 5380 domum
962 5324 1276 5378 Aminadab.
1309 5323 1457 5377 Tunc
1496 5323 1742 5377 conversi
1784 5333 1904 5376 stitit
1937 5325 2002 5378 ad

399 5407 872 5490 ilteumlsmelitm
891 5458 905 5480 ,
933 5424 986 5470 et
1017 5411 1465 5484 alienigenas'sibi
1494 5414 1689 5468 bellum
1717 5413 2003 5469 inferentes

428 5512 727 5580 piotligant,
756 5509 1004 5563 Samuele
1032 5524 1125 5575 pro
1163 5507 1288 5575 ipsis
1313 5515 1520 5573 orante,
1550 5515 1604 5560 ct
1627 5516 1880 5574 ceperunt
1909 5522 1998 5558 ur-

490 5619 562 5676 (at
587 5617 941 5685 Qllil‘,_(|_it'.lllll|1l_‘
963 5617 1025 5663 de
1042 5615 1433 5685 ﬁliis_.lechonize,
1452 5629 1546 5662 non
1570 5623 1680 5662 sunt
1698 5615 1745 5685 in
1769 5614 2001 5685 ltebraieo

425 5689 598 5735 textu;
625 5679 710 5726 sed
747 5679 853 5725 ha'e
893 5677 1030 5738 plaga
1072 5677 1380 5738 ttcthsaniitas
1418 5685 1621 5736 spectat,
1661 5677 1742 5737 qui
1777 5677 2001 5722 sacriﬁcia

425 5743 633 5804 quidem
659 5735 948 5804 etvietimas
971 5735 1280 5804 elitulerunt,
1303 5739 1387 5788 sed
1415 5735 1627 5801 percussi
1665 5735 1826 5786 tamen
1867 5743 1996 5792 sunt,

425 5799 480 5855 eo
505 5802 634 5866 quod
658 5799 880 5849 ridisscat
905 5812 1067 5847 arcam
1095 5799 1296 5850 Domini.

1545 377 1868 433 SYNUPSIS
1906 378 2313 438 ὃίὶΙὶΙΡΤυῐὶίΕ
2350 385 2623 440 ΞΜΣΙΗΕ.

3613 389 3732 444 542,

2137 494 2262 557 bes,
2298 513 2429 565 quas
2478 499 2576 552 sibi
2620 499 2964 555 abstulerant.
3005 501 3136 556 Cum
3184 517 3309 556 vero
3350 505 3716 561 consenuisset

2136 584 2380 650 Samuel,
2417 589 2611 658 ﬁliique
2649 590 2764 658 ejus
2805 606 2910 645 non
2953 594 3285 651 ambularent
3314 595 3365 648 in
3395 594 3474 648 via
3509 597 3708 665 ipsius,

2135 681 2435 748 congregati
2462 680 2628 734 Juda-i
2659 698 2834 752 regem
2863 692 3063 752 petunt.
3089 686 3278 741 Dolore
3301 686 3396 741 hac
3417 688 3484 742 de
3505 704 3561 742 re
3583 687 3711 744 all'e-

2136 780 2251 824 ctus
2275 781 2357 825 cst
2379 772 2611 837 Samuel,
2641 773 2820 842 aitque
2850 776 2925 831 illi
2966 776 3105 832 Deus
3138 796 3151 833 :
3184 778 3302 832 Non
3331 789 3379 834 te
3405 790 3716 852 contempse-

2137 872 2286 928 runt,
2315 863 2400 916 sed
2426 881 2518 916 me.
2552 863 2664 917 Hoc
2700 866 2861 934 itaque
2890 869 3124 936 testi/icor
3161 870 3284 938 ipsis
3303 911 3320 936 ,
3347 871 3438 941 jus
3475 873 3606 942 regis
3634 871 3714 944 (Ι.

2139 953 2263 1023 Reg.
2295 955 2347 1010 8.
2377 956 2428 1008 7.
2458 956 2516 1024 9)
2545 974 2557 1010 :
2591 956 2639 1010 id
2666 967 2745 1011 est
2765 997 2779 1022 ,
2811 968 3063 1027 quantum
3101 960 3168 1015 ab
3201 961 3326 1030 ipsis
3356 963 3708 1018 ministerium

2135 1045 2376 1113 accipere
2403 1062 2493 1100 rex
2519 1046 2726 1102 debeat.
2757 1047 2969 1103 Samuel
2996 1049 3304 1106 testiﬁcatus
3331 1061 3411 1106 est
3440 1071 3453 1107 :
3484 1053 3561 1109 illi
3584 1069 3712 1109 vero

2104 1186 2106 1190 .
2138 1146 2376 1202 petentes
2405 1137 2690 1192 instabant.
2725 1138 3021 1208 Deperditze
3049 1151 3200 1194 erant
3234 1141 3398 1197 asina:
3431 1141 3521 1198 Kis
3548 1150 3711 1213 patris

2135 1225 2258 1283 Sat'il
2292 1246 2304 1281 :
2337 1229 2477 1284 misit
2517 1229 2660 1284 illum
2703 1241 2883 1300 pater,
2920 1233 3006 1301 qui
3046 1233 3160 1289 illas
3202 1235 3548 1304 perquireret.
3573 1234 3707 1290 Cum

2135 1328 2310 1374 autem
2339 1336 2442 1375 non
2473 1321 2766 1389 inveniret,
2795 1323 3103 1378 consulente
3133 1325 3326 1380 famulo
3350 1341 3448 1382 suo
3475 1326 3586 1382 adit
3605 1327 3705 1383 Sa-

2135 1411 2391 1477 muelem,
2419 1413 2780 1468 sciscitaturus
2807 1413 2875 1470 de
2905 1431 2964 1471 re
2998 1416 3116 1470 illa.“
3138 1415 3310 1486 Ipsum
3347 1417 3542 1474 indicat
3567 1421 3707 1474 Deus

2132 1500 2362 1558 Samueli
2397 1502 2580 1558 dicens
2608 1521 2621 1556 :
2654 1503 2803 1559 ilunc
2839 1507 3033 1576 inungc
3075 1523 3273 1577 regem.
3312 1509 3548 1565 Accessit
3577 1512 3702 1566 Saiil

2133 1591 2431 1648 Samuelem
2475 1593 2805 1664 interrogans
2828 1637 2842 1661 ,
2882 1596 2971 1651 ubi
3010 1609 3150 1653 esset
3191 1597 3411 1664 videns;
3449 1602 3526 1655 sic
3561 1604 3703 1657 enim

2133 1683 2418 1754 prophetas
2466 1686 2740 1740 vocabant.
2785 1687 2876 1743 llle
2917 1703 3044 1742 vero
3088 1690 3395 1759 respondit,
3434 1705 3493 1746 se
3533 1692 3703 1762 ipsum

2132 1789 2270 1838 esse,
2294 1785 2347 1830 et
2367 1775 2646 1831 adductum
2671 1777 2814 1832 illum
2837 1779 2888 1833 in
2916 1779 3093 1845 Bama,
3120 1781 3205 1835 ubi
3227 1781 3542 1835 sacriﬁcium
3566 1784 3724 1850 apud;

2131 1865 2383 1934 populum
2417 1877 2562 1932 erat,
2591 1869 2833 1922 convivio
2870 1871 3104 1938 excepit,
3141 1880 3196 1926 et
3233 1873 3568 1928 illucescente
3606 1890 3704 1928 au-

2133 1971 2250 2010 rora
2275 1997 2290 2021 ,
2322 1957 2534 2026 quando
2560 1973 2679 2013 cum
2718 1960 2808 2012 illo
2844 1960 3236 2028 descendebat,
3267 1962 3450 2016 effudit
3479 1965 3528 2017 in
3559 1964 3706 2018 illum

2131 2046 2432 2102 lenticulam
2470 2050 2610 2116 olei,
2652 2050 2928 2120 ipsumque
2969 2052 3210 2107 osculans
3248 2053 3323 2108 sic
3358 2053 3547 2108 effatus
3576 2064 3657 2108 est
3689 2074 3702 2108 :

2132 2135 2422 2207 lmpcrabis
2452 2141 2643 2210 populo
2663 2182 2677 2205 ,
2704 2151 2756 2194 et
2794 2141 2960 2210 signis
2996 2142 3306 2210 quibusdam
3337 2144 3502 2207 datis,
3531 2147 3708 2200 emisit

2131 2229 2314 2296 illum,
2345 2239 2399 2285 et
2438 2232 2769 2301 prophetavit
2805 2232 2951 2287 Saiil.
3003 2232 3295 2304 lnterrogat
3339 2233 3550 2290 Saulem
3588 2235 3703 2304 ejus

2131 2321 2528 2391 propinquus‘,
2576 2339 2804 2392 quonam
2848 2325 3102 2392 abiissct;
3141 2327 3230 2396 qui
3272 2328 3579 2397 respondit,
3620 2328 3701 2382 Ad

2130 2412 2565 2480 perquisitioncm
2617 2415 2906 2468 asinarum.
2961 2416 3325 2486 Congregatur
3377 2421 3597 2488 pupulas
3651 2422 3701 2472 in

2131 2502 2400 2574 Massepha
2436 2524 2450 2560 :
2481 2523 2571 2560 rex
2602 2509 2941 2562 constituitur
2977 2510 3123 2564 Saul.
3166 2511 3368 2565 Bellum
3403 2523 3582 2568 movet
3613 2531 3702 2568 rex

2129 2598 2543 2652 Ammanitarum
2572 2610 2753 2654 contra
2781 2601 3082 2656 Galaaditas
3112 2619 3124 2655 :
3155 2603 3226 2657 illi
3259 2604 3458 2674 legatos
3493 2606 3706 2660 mittunt

2126 2689 2190 2742 ad
2213 2689 2336 2744 Safil
2361 2691 2480 2760 :qui
2507 2692 2662 2745 motis
2679 2693 2866 2746 castris
2892 2693 3125 2762 pra-lium
3150 2709 3268 2748 eum
3291 2696 3393 2750 illis
3414 2695 3700 2758 commisit,

2127 2791 2179 2834 et
2211 2779 2390 2836 hostes
2425 2784 2641 2835 omnino
2682 2784 2994 2852 profligavit.
3019 2785 3328 2839 C()ttVi\iUll|
3355 2787 3618 2841 celebrant
3651 2791 3706 2839 in

2126 2872 2376 2941 Galgalis.
2401 2874 2754 2927 (loncionatur
2782 2875 2976 2944 populo
3001 2876 3230 2930 Samuel.
3255 2876 3402 2930 Tunc
3430 2877 3559 2929 dixit
3586 2895 3598 2928 :
3624 2879 3701 2928 An

2124 2965 2335 3016 vitulum
2381 2966 2700 3031 ετιίαδμὶιιηι,
2741 2983 2806 3016 mi
2849 2967 3043 3018 asinam
3089 2967 3371 3036 cujuSpiam
3415 2969 3583 3035 accepi
3625 2969 3698 3034 (l.

2127 3056 2249 3123 Reg.
2294 3057 2377 3109 1‘2.
2415 3057 2511 3126 5)?
2555 3058 2799 3112 llortalus
2847 3058 2963 3112 illos
3006 3069 3059 3112 ut
3100 3059 3206 3113 Deo
3244 3060 3696 3128 obsequerentur,

2125 3161 2402 3217 precatur,
2443 3161 2495 3203 et
2535 3151 2704 3218 pluria
2743 3152 2791 3204 in
2836 3151 2920 3205 die
2965 3151 3154 3204 messis
3190 3150 3466 3204 delabitur.
3503 3149 3710 3203 Timuit.

2126 3241 2368 3310 populus,
2392 3241 2771 3310 confessusque
2793 3249 2872 3293 est
2894 3256 2953 3295 se
2975 3255 3223 3310 peccasse
3246 3239 3474 3308 petendo
3496 3255 3699 3306 regem.

2124 3335 2334 3391 Samuel
2374 3343 2548 3388 autem
2585 3349 2767 3387 rursus
2807 3333 3065 3396 hortatur,
3095 3342 3151 3384 ut
3193 3332 3285 3385 Dei
3319 3340 3578 3400 pra‘cCpta
3608 3345 3696 3384 se-

2122 3438 2367 3497 quantur.
2402 3425 2736 3493 Alienigenas
2757 3422 2912 3477 caedit
2937 3422 3084 3477 Saﬁl.
3112 3421 3189 3476 llli
3215 3431 3390 3475 autem
3418 3421 3701 3490 indignati,

2121 3519 2316 3573 hellmn
2361 3517 2717 3587 redintegrant
2755 3530 2876 3568 cum
2918 3512 3204 3582 majoribus
3240 3513 3424 3582 copiis.
3469 3511 3700 3582 Fugiunt

2122 3611 2369 3664 Israelita:
2389 3649 2404 3673 ,
2440 3609 2584 3663 Solus
2616 3607 2928 3674 relinquitur
2957 3604 3104 3660 Saul.
3134 3603 3300 3658 Oﬁert
3329 3603 3692 3658 holocaustum

2122 3704 2231 3758 Deo
2275 3719 2377 3756 non
2417 3708 2722 3770 exspectato
2757 3698 3038 3762 Samuele,
3070 3697 3160 3767 qui
3189 3707 3242 3750 ut
3271 3712 3330 3751 se
3365 3706 3696 3763 exspectaret

2120 3801 2463 3864 praeceperat.
2495 3791 2648 3846 Venit
2675 3789 2925 3856 Samuel,
2959 3789 3171 3858 indigne
3211 3788 3313 3842 fert
3350 3788 3400 3842 id
3432 3788 3569 3856 quod
3597 3802 3692 3856 ge-

2117 3897 2258 3941 stum
2288 3896 2420 3951 erat,
2455 3884 2683 3938 minatur
2712 3881 2812 3950 ipsi
2849 3881 2994 3950 regni
3023 3879 3424 3934 dissolutionem
3449 3894 3464 3939 ;
3493 3878 3545 3932 in
3573 3878 3695 3930 alte-

2119 3993 2234 4034 rum
2277 3978 2470 4048 quippe
2516 3973 2936 4030 transferendum
2976 3987 3128 4036 esse;
3169 3970 3420 4024 Davidem
3461 3969 3688 4024 dicebat.

2117 4069 2246 4125 Cum
2275 4069 2486 4125 sederet
2513 4067 2638 4122 Sai‘il
2668 4066 2721 4120 in
2749 4065 2884 4121 colle
2910 4079 3030 4119 cum
3068 4062 3332 4118 sexcentis
3361 4061 3489 4116 viris
3508 4103 3524 4128 ,
3554 4061 3691 4116 clam

2115 4163 2378 4218 Jonathan
2407 4162 2546 4215 ﬁlius
2565 4159 2680 4230 ejus
2699 4174 2820 4215 cum
2839 4156 3034 4212 famulo
3052 4171 3150 4211 suo
3177 4156 3382 4210 irruens
3406 4155 3460 4209 in
3484 4154 3693 4221 hostes,

2116 4253 2370 4323 quosdam
2399 4251 2610 4307 occidit.
2644 4249 2699 4305 ld
2728 4264 2846 4304 cum
2874 4247 3079 4302 videret
3114 4245 3237 4301 Saﬁl
3261 4289 3274 4314 ,
3309 4245 3418 4316 jam
3449 4247 3688 4301 turbatos

2116 4347 2330 4401 adortus
2359 4345 2546 4404 vincit.
2576 4353 2772 4397 etcum
2798 4341 3100 4410 juramento
3126 4338 3290 4394 edixit
3325 4355 3394 4394 ne
3427 4337 3686 4408 quispiam

2115 4451 2281 4508 usque
2304 4435 2370 4490 ad
2397 4450 2668 4504 vesperam
2695 4431 2887 4502 aliquid
2922 4440 3175 4502 gustaret.
3204 4429 3466 4484 .lonathan
3490 4446 3607 4483 cum
3632 4429 3685 4484 id

2113 4544 2220 4584 non
2257 4527 2526 4592 audisset,
2565 4525 2632 4580 de
2665 4525 2823 4579 melle
2855 4523 3100 4594 gustavit.
3135 4519 3353 4575 Accedit
3376 4518 3500 4573 Sai‘d
3525 4521 3687 4573 inter-

2113 4631 2392 4690 rogaturus
2427 4619 2590 4672 Deum
2629 4632 2749 4670 num
2783 4624 3053 4685 oporteret
3091 4614 3268 4667 hostes
3306 4612 3528 4682 insequi.
3569 4610 3687 4664 Non

2114 4710 2398 4780 respondet
2421 4710 2516 4778 ipsi
2542 4709 2699 4762 Deus.
2727 4706 3089 4775 lntellexitquc
3111 4705 3197 4758 ille
3224 4712 3492 4773 ιιοορςιιιιιιι
3512 4703 3568 4756 in
3587 4718 3683 4770 po-

2116 4805 2238 4874 pulo
2266 4803 2458 4857 factum
2489 4816 2628 4856 esse.
2670 4799 2740 4854 Ut
2781 4809 2955 4852 autem
2998 4796 3361 4866 deprehensus
3402 4805 3485 4850 est
3519 4793 3680 4848 Jona-

2113 4900 2262 4962 tban,
2293 4909 2505 4966 paratus
2532 4902 2647 4949 erat
2673 4893 2737 4947 ad
2765 4891 3108 4946 occidendum
3139 4892 3302 4945 illum.
3328 4889 3429 4945 Sed
3461 4888 3683 4956 populus

2111 4992 2307 5047 exemit
2329 5005 2450 5044 eum
2479 4988 2544 5041 de
2584 4985 2822 5038 inanibus
2845 4985 2978 5053 ejus.
3010 4983 3253 5051 Prwcipit
3276 4980 3488 5036 Samuel
3512 4979 3678 5045 Sat'ili,

2111 5095 2170 5140 ut
2195 5083 2422 5138 debellet
2451 5077 2789 5138 Amalecitas,
2815 5076 2990 5130 omnia
3020 5076 3224 5142 perdat,
3253 5081 3306 5125 et
3336 5070 3531 5125 nemini
3563 5085 3682 5138 parv

2109 5186 2212 5232 cat.
2247 5175 2340 5229 llle
2377 5187 2502 5227 vero
2541 5186 2644 5224 non
2692 5169 2899 5238 paruit,
2947 5166 3277 5232 servavitque
3320 5165 3462 5231 Agag
3502 5176 3684 5229 regem

2109 5283 2314 5330 eorum,
2339 5275 2392 5318 et
2419 5277 2625 5334 greges,
2655 5270 2710 5314 et
2741 5270 2994 5313 armenta.
3031 5257 3258 5310 Veniens
3287 5252 3498 5308 Samuel
3530 5253 3574 5304 vi
3590 5255 3686 5315 dit,

2108 5361 2272 5413 iratus
2307 5366 2389 5408 est
2411 5396 2426 5420 ,
2454 5363 2506 5407 et
2538 5353 2610 5405 ait
2641 5369 2652 5402 :
2684 5349 2804 5403 Non
2843 5359 2943 5400 tam
2980 5347 3085 5398 vult
3124 5345 3260 5398 Dctts
3302 5340 3592 5395 holocausta
3644 5358 3690 5398 ei

2106 5447 2384 5515 sacriﬁcia,
2413 5459 2562 5512 quant
2591 5451 2644 5496 ut
2677 5439 2912 5493 audiatur
2948 5451 3042 5488 eoa:
3080 5436 3186 5502 ejus
3212 5449 3230 5486 :
3259 5449 3369 5486 ecce
3398 5433 3529 5486 enim
3573 5434 3689 5487 obe-

2108 5541 2294 5595 dientia
2339 5539 2514 5592 melior
2553 5545 2625 5590 est
2707 5519 2857 5604 quain
2895 5530 3090 5583 victima
3117 5528 3202 5595 (i.
3251 5525 3380 5598 Reg.
3427 5527 3510 5582 15.
3560 5529 3684 5597 ‘22).

2170 5675 2183 5704 ι
2213 5673 2318 5720 vox
2345 5671 2572 5719 “cbmicu
2599 5674 2675 5715 est
2693 5670 2799 5720 'm’,
2815 5673 2957 5723 quam
2983 5657 3150 5720 Aquila
3172 5666 3418 5734 tinguat)qu
3444 5666 3616 5717 vertit,
3646 5660 3692 5734 id.

2087 5743 2198 5785 .est.
2226 5742 2440 5793 patruus,
2467 5740 2517 5779 nt
2543 5730 2687 5793 habet
2712 5737 2858 5783 etiam
2881 5730 3100 5792 Vulgata.
3117 5730 3352 5790 Josephus
3375 5729 3539 5789 habet,
3582 5743 3682 5786 0.19;.

2112 5790 2324 5856 patruus,
2351 5802 2427 5841 aut
2450 5790 2724 5847 artmcalus.
