4058 6344
358 327 468 382 5ίῆ

356 446 487 499 ἰδοὺ
510 448 618 514 γὰρ
640 449 791 518 ἀκοὴ
821 454 1048 522 ἀγαθὸν
1070 459 1216 524 ὑπὲρ
1241 461 1459 514 θυσίαν
1489 464 1535 510 ⁸.
1578 460 1815 512 ’Λπειλεῖ
1831 459 1923 511 καὶ

349 533 471 584 τότε
502 536 648 603 αὑτῷ
670 538 767 607 τὴν
799 540 1066 611 ἐξαίρεσιν
1087 543 1186 612 τῆς
1212 544 1504 613 βασιλείας.
1561 548 1618 599 '0
1648 547 1704 599 δέ
1751 547 1921 599 Σαοὺλ

352 622 719 690 παρεϐιάξετο
746 629 907 681 αὑτὸν
936 631 1287 684 συναπελθεῖν
1313 633 1478 703 αὐτῷ.
1513 634 1570 686 Ὁ
1594 635 1650 686 δέ
1680 635 1776 687 οὑκ
1799 635 1919 688 ἐθέ-

351 706 535 775 λησεν.
568 709 832 781 ’Ύστερον
851 715 906 768 δὲ
936 716 1175 785 βιασθεὶς
1202 720 1418 790 ἀνῆλθε.
1459 721 1562 773 Καὶ
1592 723 1726 791 μετά
1747 723 1919 775 ταῦτα

351 795 513 858 αὐτὸς
537 799 566 849 ὁ
616 800 865 868 Σαμουὴλ
895 805 1150 870 κελεύσας
1199 812 1622 880 προσενεχθῆναι
1656 811 1801 880 αὑτῷ
1827 813 1918 864 τὸν

363 882 554 949 Ἀγάγ,
582 886 787 940 ἀνεῖλεν
819 891 978 943 αὑτὸν
1010 897 1124 956 ταῖς
1157 896 1348 948 ἑαυτοῦ
1388 897 1559 967 χερσί.
1591 900 1700 950 Καὶ
1733 898 1916 951 ἔκτοτε

348 969 452 1021 οὑκ
481 966 588 1023 εἶδε
614 972 704 1024 τὸν
745 976 913 1029 Σαοὺλ
939 978 1042 1041 ἕως
1073 981 1172 1049 τῆς
1201 983 1411 1053 ἡμέρας
1442 966 1535 1036 τοῦ
1564 984 1792 1037 Θανάτου
1820 987 1918 1038 αὑ-

349 1056 466 1145 τοῦ,
497 1057 609 1145 ἀλλ’
637 1060 848 1114 ἐπένθει
876 1063 1054 1119 αὐτόν.
1084 1063 1217 1122 Εἶτα
1244 1071 1627 1124 ἀποστέλλεται
1667 1074 1916 1145 Σαμουὴλ

349 1143 457 1195 ὑπὸ
491 1144 584 1197 τοῦ
615 1146 746 1198 Θεοῦ
792 1151 973 1218 χρῖσαι
1023 1152 1114 1206 τὸν
1139 1153 1318 1220 Δαυῒδ,
1369 1157 1462 1209 καὶ
1510 1157 1677 1211 ἐλθὼν
1708 1143 1910 1230 ἔχρισε.

349 1232 484 1284 Τότε
515 1235 738 1305 συνέσχε
777 1239 994 1310 πνεῦμα
1046 1244 1278 1313 πονηρὸν
1316 1246 1406 1298 τὸν
1448 1247 1636 1312 Σαοὺλ,
1677 1253 1767 1302 καὶ
1797 1253 1913 1304 εἰσ·-

349 1316 573 1381 ἀγη-υσιν
618 1321 765 1391 αὑτῷ
792 1325 882 1376 τὸν
930 1326 1109 1394 Δαυῖδ,
1141 1329 1278 1383 ὥστε
1324 1332 1563 1400 ψάλλειν,
1611 1336 1704 1388 καὶ
1751 1355 1912 1390 κατα-

347 1403 542 1455 παύειν
558 1406 618 1456 τὸ
641 1408 856 1480 πνεῦμα
889 1412 948 1464 τὸ
976 1431 1108 1486 πονη
1120 1417 1226 1486 ρόν.
1247 1416 1333 1484 Ὠς
1355 1419 1409 1471 δὲ
1434 1422 1865 1493 ἐπεστράτευσεν
1882 1427 1910 1477 6

348 1487 561 1555 Γολιάθ,
594 1494 686 1545 καὶ
717 1496 915 1560 πάντες
947 1499 1262 1571 ἐξέστησαν,
1296 1506 1568 1575 πέμπεται
1597 1510 1760 1563 Δαυῒδ
1799 1514 1911 1566 ἐπι-

348 1576 679 1646 σκεψόμενος
715 1585 838 1647 τοὺς
874 1585 1131 1654 ἀδελφοὺς
1170 1591 1353 1646 αὑτοῦ.
1399 1595 1506 1648 Καὶ
1537 1599 1722 1668 ἐπειδὴ
1751 1596 1910 1670 ἦλθεν

346 1667 429 1726 εἰς
454 1667 514 1718 τὸ
546 1672 902 1736 στρατόπεδον
923 1714 936 1737 ,
979 1677 1157 1747 ἐρωτᾷ
1188 1681 1238 1731 τί
1265 1681 1413 1736 ἔσται
1440 1684 1515 1754 τῷ
1540 1687 1908 1742 ἀποκτείνοντι

342 1751 437 1846 τὸν
471 1753 763 1846 ἀλλόφυλον
787 1761 994 1814 τοῦτον.
1030 1765 1090 1816 Οἱ
1121 1765 1177 1818 δέ
1219 1763 1403 1821 εἷπονο
1445 1751 1505 1823 Ἢ
1543 1772 1788 1846 Θυγάτηρ
1813 1777 1906 1830 τοῦ

347 1833 612 1900 βασιλέως
657 1839 934 1910 δοθήσεται
982 1847 1130 1916 αὑτῷ
1187 1853 1343 1922 γυνή.
1401 1833 1631 1924 Εἱσῆλθέ
1657 1833 1792 1926 πρδς
1818 1863 1908 1915 τὸν

344 1920 557 2015 Ξιξρῦλ.-
763 1929 1026 1999 ὑπέσχετο
1057 1920 1389 2006 ἀναιρήσειν.
1431 1940 1486 1993 '0
1523 1920 1578 1995 δέ
1615 1920 1904 2015 διηπίξςτει,

341 2006 511 2102 Τέλος
529 2009 810 2102 ἐξέπεμψε
839 2018 1041 2086 γυμνὸν
1068 2021 1265 2088 ὅπλων,
1312 2025 1396 2078 διὰ
1446 2028 1504 2080 τὸ
1555 2032 1626 2102 μὴ
1652 2006 1906 2090 δύνασθαι

342 2093 634 2159 βαστάζειν
656 2099 725 2151 τὰ
754 2102 914 2157 ὅπλα.
970 2105 1025 2160 '0
1052 2107 1106 2160 δὲ
1138 2108 1279 2163 λίθον
1314 2115 1597 2182 ἀκοντίσας
1643 2121 1782 2174 κατά
1815 2125 1906 2178 τοῦ

343 2184 620 2250 μετώπου,
652 2191 987 2260 κατήνεγκεν
1014 2197 1194 2261 αὑτὸν,
1226 2203 1318 2253 καὶ
1351 2203 1447 2274 τὴν
1476 2209 1716 2278 κεφαλὴν
1744 2213 1904 2266 αὑτοῦ

338 2272 632 2335 ἀποτεμὼν
657 2280 719 2346 τῇ
764 2281 970 2334 ἐκείνου
1009 2287 1268 2358 ῥομφαίᾳ,
1327 2291 1593 2364 ἐπανῆλθε
1643 2298 1907 2372 λαμπρῶς

467 2358 566 2460 τοῦ
580 2362 838 2460 πολέμου.
879 2366 1018 2421 Ἰδὼν
1039 2371 1092 2424 δέ
1112 2357 1273 2429 αὑτὸν
1299 2378 1327 2430 6
1357 2357 1626 2447 Ἰωνάθαν,
1653 2357 1903 2460 συνεδέθή

333 2447 402 2512 τῇ
424 2444 570 2518 ψυχῇ
603 2450 764 2505 αὑτοῦ
787 2491 802 2513 ,
835 2455 929 2508 καὶ
980 2457 1098 2510 λίαν
1127 2462 1284 2514 αὑτὸν
1331 2467 1602 2539 ἠγάπησε,
1636 2475 1725 2526 καὶ
1757 2444 1904 2550 δῶρά

333 2531 556 2587 ἔδωκεν.
596 2537 654 2589 ’0
683 2537 740 2590 δέ
771 2541 942 2595 Σαοὺλ
974 2543 1297 2614 διεφθονεῖτο
1323 2553 1488 2625 αὐτῷ,
1507 2531 1710 2630 ⁷ἐπειδὴ
1740 2565 1792 2616 αἱ
1816 2531 1903 2634 χο-

340 2619 594 2686 ρεύουσαι
619 2621 801 2679 εἷπον’
849 2630 1138 2696 Ἑπάταξε
1190 2639 1386 2692 Σαοὺλ
1413 2642 1484 2695 ἐν
1521 2619 1768 2715 χιλιάσι,
1805 2619 1901 2706 καὶ

331 2709 516 2798 Δτηιῒδ
534 2711 603 2762 ἐν
627 2714 934 2781 μιιοιάσιν.
974 2720 1177 2792 Ἐπῆρε
1205 2725 1264 2778 τὸ
1293 2727 1420 2798 δόρυ
1446 2709 1610 2786 Σαούλ
1643 2709 1780 2792 κατά
1806 2743 1898 2795 τοῦ

329 2796 516 2862 Δαυῒδ,
556 2799 696 2853 ὥστε
721 2803 928 2857 ἀνελεῖν
955 2808 1114 2860 αὐτόν
1138 2825 1152 2840 ·
1205 2813 1234 2864 6
1278 2814 1334 2867 δὲ
1355 2796 1642 2889 ἐξέφυγεν.
1716 2827 1802 2891 Ὠς
1842 2831 1898 2883 δέ

331 2885 618 2974 ηὐδοκίμει
668 2891 818 2959 παρά
846 2894 1012 2946 πᾶσιν
1036 2898 1065 2948 6
1104 2898 1266 2952 Δαυῒδ
1289 2940 1306 2966 ,
1355 2885 1552 2974 μᾶλλον
1588 2885 1839 2970 ἐδάκνετο
1871 2922 1900 2972 ὀ

331 2971 539 3074 Σαούλ·
583 2977 674 3074 καῖ
726 2977 1046 3049 βουλόμενος
1077 2986 1237 3040 αὑτὸν
1280 2971 1562 3060 ἀπολέσαι,
1595 2999 1899 3074 ὑπισχνεῖτο

329 3061 438 3164 τὴν
479 3061 952 3164 θσδγατέραῃαὺτοῦ
1001 3072 1190 3128 δώσειν
1215 3078 1382 3148 αὐτῷ,
1416 3084 1464 3134 εί
1496 3086 1671 3142 ἀνέλοι
1700 3061 1897 3164 ἀνδρας

331 3147 534 3251 ἐκαῖὸν
692 3155 927 3251 ἐχθρίὑν·
983 3160 1057 3223 ὡς
1106 3163 1162 3216 δὲ
1189 3147 1382 3234 ἀνεῖλε,
1419 3171 1623 3239 γίνεται
1651 3147 1896 3251 γαμϐρὸς

453 3235 728 3335 βασιλέως.
763 3245 872 3335 Ις-αἱ
903 3249 1138 3321 πολέμου
1175 3235 1464 3322 συστάντος
1496 3235 1702 3335 ἐτέρου,
1727 3235 1896 3325 ’πάλιν

323 3324 644 3421 56602-0952:
692 3332 720 3383 6
775 3331 830 3385 δέ
861 3335 1058 3404 μᾶλλον
1094 3341 1403 3411 ήγριαίνετο
1437 3350 1556 3402 κατ’
1581 3324 1765 3421 αὑτοῦ,
1803 3324 1896 3412 καὶ

325 3413 548 3467 ἐκλαλεῖ
576 3415 653 3486 τῷ
696 3418 797 3488 υίῷ
838 3423 1002 3477 αὑτοῦ
1070 3428 1340 3498 Ἰωνάθαν,
1369 3434 1448 3490 ὅτι
1493 3438 1698 3495 ἀνελεῖν
1735 3446 1895 3501 αὑτὸν

328 3499 591 3568 βούλοιτο.
626 3505 683 3557 Ὀ
709 3506 766 3558 δέ
792 3508 1085 3578 ἀπήγγειλε
1114 3514 1191 3585 τῷ
1212 3518 1391 3584 Δαυῒδ,
1411 3524 1504 3576 καὶ
1533 3525 1739 3581 κελεύει
1761 3533 1893 3603 κρύ-

325 3589 577 3641 πτεσθαι.
625 3591 712 3654 Ὠς
742 3593 798 3646 δὲ
855 3597 1243 3667 ἐξηυμενίσατο
1299 3607 1387 3660 τὸν
1421 3611 1648 3682 πατέρα,
1687 3589 1892 3688 εἰσάγει

322 3676 420 3726 τὸν
449 3675 609 3729 Δαυῖδ
631 3678 764 3749 πρὸς
792 3682 972 3737 αὑτόν.
1008 3687 1249 3759 Πολέμου
1279 3709 1336 3744 τε
1370 3695 1528 3751 πάλιν
1553 3675 1890 3775 ἐπιστάντος,

322 3763 603 3832 ἀριστεύει
630 3768 658 3818 6
679 3766 859 3834 Δαυῖδ,
888 3771 980 3824 καὶ
996 3774 1156 3827 πάλιν
1182 3769 1434 3849 ἐκφεύγει
1463 3785 1552 3838 τὸν
1579 3789 1749 3844 Σαοὺλ
1773 3763 1893 3863 βουζ

322 3852 560 3955 λόμενοχ
581 3854 740 3908 αὑτὸν
793 3860 1029 3955 πατάξαι
1064 3864 1140 3934 τῷ
1175 3866 1376 3938 δόρατι.
1411 3852 1892 3955 Συμϐουλευσάσης

320 3941 476 4012 αὐτῷ
501 3941 600 4011 τῆς
623 3945 895 4011 γυναικὸς,
922 3949 1126 4020 ἀπέδρα
1153 3954 1377 4011 ἐκεῖθεν.
1413 3941 1623 4033 Πέμπει
1658 3970 1686 4020 6
1723 3941 1891 4026 Σαούλ

321 4029 511 4083 λαϐεῖν
540 4031 718 4099 αὑτὸν,
751 4034 782 4102 ή
813 4033 870 4086 δὲ
902 4034 1002 4106 ἔφη
1024 4039 1181 4092 αὑτὸν
1207 4029 1522 4114 ἀρρωστεῖν.
1560 4052 1644 4116 Ὡς
1673 4055 1727 4108 δέ
1753 4057 1891 4126 ἔγνω

319 4116 556 4214 6-2006).
582 4118 664 4214 ὅτι
697 4119 914 4188 ἔφυγεν,
951 4124 1246 4192 ἐγκαλέσας
1277 4134 1342 4202 τῇ
1379 4133 1624 4208 θυγατρὶ,
1659 4144 1752 4196 καὶ
1784 4116 1889 4214 ξλα-

320 4203 689 4296 θὼν-ὄπουᾼῆν
775 4210 954 4274 Δαυῖδ,
1003 4216 1315 4272 ἀποστέλλει
1376 4203 1678 4296 ληψόμενος
1732 4203 1890 4288 αὑτὸν

320 4293 556 4385 ἐκεῖθεν.
599 4294 684 4358 Ὧς
712 4295 768 4348 δέ
796 4298 846 4385 οἱ
875 4301 1211 4370 πεμπόμενοι
1240 4307 1335 4376 οὑχ
1370 4293 1724 4385 ὑπέστρεφον,
1756 4320 1890 4374 ἀλλά

325 4379 993 4478 μένοχτεςιπροεφήτευον,
1015 4387 1252 4459 ἀπῆλθεν
1274 4394 1452 4460 αὑτός.
1479 4379 1733 4473 Ἔρχεταί
1755 4409 1890 4478 πρὸς

318 4465 416 4518 τδν
455 4466 705 4565 Ἰωνάθαν
725 4471 754 4521 6
787 4471 949 4523 Δαυῖδ
969 4489 983 4502 ·
1023 4475 1351 4545 ἀπαγγέλλει
1385 4465 1558 4557 αὐτῷ,
1582 4465 1662 4544 61¢
1694 4465 1827 4565 φονᾷ
1863 4465 1888 4535 1;

321 4554 447 4605 κατ’
469 4553 634 4607 αὑτοῦ
661 4557 690 4608 6
718 4557 908 4612 Σαούλ.
938 4561 1044 4612 Καὶ
1064 4564 1112 4614 εί
1141 4565 1318 4633 βούλει
1350 4553 1677 4647 σαφέστερον
1698 4553 1888 4652 αὑριιον

323 4640 555 4740 μαθεῖν’,
599 4643 741 4740 κατά
760 4645 861 4740 ῌτὸν
892 4647 984 4700 τοῦ
1015 4649 1234 4720 ἀρίστου
1271 4658 1460 4728 καιρὸν
1496 4640 1889 4740 ἀπολειφθήσο-

323 4725 606 4826 μαιᾏΕἷτα
633 4730 730 4826 ἐάν
756 4733 946 4805 ἔρηται
991 4738 1020 4789 ὁ
1053 4741 1236 4811 πατήρ
1266 4725 1486 4818 σουήτήν
1517 4725 1713 4816 αἱτίαν;
1745 4725 1884 4826 είπέ,

318 4819 403 4870 ἕντι
435 4815 624 4881 θυσίας
650 4817 816 4889 οὔσης
842 4823 899 4874 ἐν
927 4825 992 4893 τῇ
1026 4826 1190 4888 πόλει,
1218 4828 1417 4900 ᾔτησεν
1447 4836 1715 4896 ἀπελθεῖν.
1767 4815 1890 4900 Ἐάν

325 4904 427 4972 μὲν
450 4899 542 4957 06v
570 4906 756 4976 πράως
799 4908 1016 4980 ἐνέγκῃ,
1052 4913 1199 4966 οὐδὲν
1231 4917 1518 4975 ὑποπτεύω
1563 4925 1732 4981 δεινόν
1753 4947 1765 4960 ·
1795 4933 1888 4986 ἐάν

316 4993 377 5083 δὲ
413 4992 732 5083 δυσχεράνῃ,
777 4997 1040 5066 πρόδηλος
1089 5001 1120 5070 ή
1154 5003 1273 5055 κατ’
1302 5007 1434 5076 ἐμοῦ
1477 5011 1596 5083 δίκη
1650 5018 1741 5070 καὶ
1770 5020 1889 5074 ἐπι-

315 5079 508 5148 ϐουλή.
551 5084 701 5135 [Ιοιεῖ
751 5083 924 5136 ταῦτα
952 5085 981 5136 6
1025 5087 1307 5142 Ἷωνάθαν·
1340 5093 1368 5143 6
1407 5093 1464 5147 δὲ
1509 5079 1680 5153 Σαοὺλ
1717 5104 1888 5171 οὑτως

313 5167 585 5237 ὠργίσθη,
613 5169 752 5222 ὥστε
789 5173 882 5223 καὶ
925 5175 1270 5245 ἐπιχειρῆσαι
1302 5179 1391 5232 τὸν
1415 5183 1530 5235 υἱὸν
1574 5188 1738 5242 αὑτοῦ
1794 5167 1888 5246 ἀνξι

314 5255 499 5348 5:11:61.—
514 5257 584 5348 ,Ὁ
613 5257 668 5310 δὲ
689 5259 1040 5348 ἀναπηδήσας
1068 5263 1131 5314 ἐκ
1152 5267 1248 5332 τῆς
1276 5269 1568 5340 τραπέζης,
1587 5273 1776 5344 ἐξῆλθε
1807 5284 1886 5348 είς

309 5343 375 5394 τὸ
405 5343 606 5406 πεδίον,
643 5347 735 5398 καὶ
758 5346 933 5415 ῥίπτει
963 5348 1060 5411 τὰς
1095 5350 1282 5419 σχίζας
1305 5368 1319 5382 ·
1350 5350 1416 5424 ἦν
1451 5359 1559 5428 γὰρ
1610 5343 1702 5416 καὶ
1727 5343 1885 5423 τοῦτό

376 5531 401 5612 εἶ
441 5528 789 5612 Ἀγαθὸης-ὗπὲρ
829 5532 1010 5604 ουσίαν,
1052 5532 1223 5612 ροιιαηι
1253 5537 1364 5601 plus
1387 5552 1530 5612 quam
1563 5547 1880 5612 mai/icium.

307 5591 738 5667 forteiﬁ'ﬁc‘lllglill’s,
764 5591 912 5667 Quain’
933 5596 982 5641 in
999 5595 1124 5667 sdit.
1164 5591 1411 5667 .Royinanp,’
1451 5604 1532 5653 ubi

308 5653 428 5707 ἀλωὴ
449 5653 757 5729 ὺπέρ-θυσίαν
768 5653 966 5729 ἀγαρέλν,
991 5657 1109 5729 Εεςε
1129 5653 1880 5729 οὸεάίεηιὶαδηρναίιῧέἱῖᾶηίῦὖῖ

310 5725 438 5776 nam,
459 5721 548 5761 aut
569 5725 721 5773 supra
739 5713 1036 5776 amri/icium
1054 5716 1240 5770 bonum.

374 5774 402 5814 ιι
424 5777 583 5837 Φονᾷν
607 5782 685 5825 ρει
707 5774 916 5838 alicujus
940 5782 1139 5828 mortem
1161 5782 1442 5836 machinari.

1455 343 1782 400 SYNOI‘SIS
1821 341 2237 400 SCRIPTUIUE
2269 347 2539 402 SACIUE.

3493 356 3611 410 564-

2035 459 2315 530 σύνοημα·
2369 465 2462 516 καὶ
2490 463 2804 534 ἐπιδραμὼν
2838 466 3059 520 ὄπισθεν
3106 467 3183 537 τῷ
3222 467 3370 521 παιδὶ
3409 468 3592 531 αὑτοῦ,

2031 549 2406 618 κρυπτομένου
2436 551 2554 603 ἐκεῖ
2577 569 2677 603 που
2700 553 2794 604 τοῦ
2824 553 3005 617 Δαυῒδ,
3039 555 3200 625 φησί·
3233 555 3482 625 Ταχὺνας
3507 574 3596 608 πο-

2031 633 2209 702 ρεύου,
2249 637 2341 688 καὶ
2383 636 2456 707 μὴ
2511 641 2659 708 στῆς.
2688 640 2769 691 ὅτι
2798 641 2912 693 ἐκεῖ
2942 643 2974 710 ή
3035 641 3192 711 σχίζα
3222 642 3328 695 ἀπὸ
3382 643 3474 694 σοῦ
3507 645 3598 694 καὶ

2027 719 2303 773 ἐπέκεινα.
2357 723 2591 790 Σννῆκεν
2625 725 2652 776 6
2700 725 2859 778 Δαύῒδ
2904 727 2955 778 τί
2984 728 3230 780 ἐϐούλετο
3259 727 3327 780 τὰ
3377 730 3596 798 ῥήματα

2027 805 2214 870 ταῦτα,
2248 811 2340 860 καὶ
2373 810 2464 862 τοῦ
2485 811 2672 874 παιδὸς
2697 814 3165 883 ἀναχωρήσαντος,
3202 817 3486 869 ἐπιπίπτει
3516 816 3593 885 τῷ

2025 893 2277 947 Ἰωνάθαν
2307 898 2398 949 καὶ
2422 899 2592 951 κλαίει
2620 916 2632 929 ·
2666 903 2692 952 6
2720 901 2775 952 δέ
2809 902 3017 954 κελεύει
3049 906 3237 971 φυγεῖν
3262 905 3352 956 καλ¹
3387 905 3592 973 μεμνῆ-

2025 980 2148 1034 σθαι
2177 983 2284 1034 τῶν
2306 984 2607 1054 συνθηκῶν.
2641 980 2809 1040 Αῦται
2839 989 2894 1041 δὲ
2925 984 3082 1058 ἦσαν,
3113 990 3376 1060 μηδέποτε
3401 991 3590 1060 ἐξᾶραι

2024 1067 2168 1120 ἔλεον
2191 1070 2254 1121 ἐκ
2286 1069 2375 1122 τοῦ
2404 1071 2552 1124 οἴκου
2580 1073 2854 1134 Ἰωνάθοιν,
2890 1076 3025 1144 μήτε
3071 1075 3292 1140 ζῶντος,
3329 1079 3465 1147 μήτε
3497 1079 3590 1130 θα·-

2022 1155 2200 1218 νόντος
2218 1156 2401 1211 αὑτοῦ.
2440 1159 2696 1229 Ἔρχεται
2725 1161 2860 1230 πρὸς
2886 1160 2976 1214 τὸν
3005 1162 3152 1232 ἱερέα
3175 1163 3266 1214 τὸν
3303 1164 3588 1234 Ἀϐιμέλεκ

2021 1243 2048 1294 6
2080 1245 2258 1297 Δαυῖδ.
2290 1246 2423 1298 Τότε
2448 1249 2574 1310 τοὺς
2623 1249 2820 1318 ἄρτους
2868 1250 2966 1318 τῆς
3013 1250 3320 1320 προθέσεως
3379 1252 3548 1320 ἔφαγε
3572 1270 3586 1283 ο

2021 1328 2178 1382 ἔλαϐε
2217 1331 2272 1384 δὲ
2314 1334 2404 1385 καὶ
2436 1333 2534 1403 τὴν
2576 1334 2847 1404 ῥομφαίαν
2877 1335 3100 1396 Γολιάθ,
3141 1339 3317 1407 φήσας
3355 1338 3460 1390 ὑπὸ
3494 1337 3587 1391 τοῦ

2023 1417 2280 1486 βασιλέως
2311 1420 2641 1474 ἀπεστάλθαι
2681 1439 2784 1474 που
2823 1422 2962 1474 κατά
3008 1423 3263 1494 σπουδήν.
3304 1425 3412 1478 Καὶ
3441 1426 3591 1496 ἔρχε-

2018 1522 2104 1556 ται
2128 1507 2334 1560 ἐκεῖθεν
2360 1507 2494 1578 πρὸς
2536 1509 2778 1578 Ἀγχοῦς,
2833 1505 2981 1581 [547]
3012 1506 3130 1562 εἶτα
3185 1513 3264 1574 εἱς
3336 1511 3584 1582 Ὀδολάμ,

2020 1595 2111 1646 καὶ
2137 1594 2491 1664 παρατίθεται
2519 1597 2595 1665 τῷ
2625 1595 2832 1665 βασιλεῖ
2855 1597 3022 1650 Μωάϐ
3055 1597 3154 1667 τὴν
3191 1597 3368 1650 οἱκίαν
3399 1598 3584 1653 αὑτοῦ.

2030 1680 2115 1742 Ὡς
2140 1680 2195 1732 δὲ
2228 1681 2600 1753 ἐδυσχέραινεν
2630 1685 2658 1735 ό
2677 1682 2846 1735 Σαοὺλ
2875 1684 3008 1753 πρὸς
3028 1686 3152 1747 τοὺς
3183 1685 3346 1736 αὑτοῦ
3372 1686 3584 1750 παῖδας,

2017 1765 2098 1818 ὃτι
2157 1769 2341 1837 μηδεὶς
2399 1769 2546 1840 αὑτῷ
2605 1773 2888 1841 συμπονεῖ,
2929 1772 3062 1843 μηδέ
3109 1773 3439 1843 παραδίδωσι
3495 1775 3585 1827 τὸν

2017 1853 2195 1922 Δαυῒδ,
2231 1857 2388 1927 Δωὴκ
2427 1858 2719 1928 Ἰδουμαῖος
2758 1858 2952 1931 (ἔτυχε
3009 1861 3115 1930 γὰρ
3171 1861 3289 1912 τότε
3336 1861 3469 1924 ἐκεῖ,
3496 1863 3580 1914 ὅτε

2016 1943 2178 1995 Δαυὶδ
2215 1944 2351 2012 πρὸς
2390 1945 2481 1998 τὸν
2525 1945 2674 2017 ἱερέα
2712 1943 2936 2018 ἦλθεν),
2978 1948 3308 2018 ἀπήγγειλεν
3350 1948 3497 2020 αὑτῷ
3525 1952 3586 2002 16

2016 2031 2256 2098 γεγονός.
2305 2033 2360 2085 'O
2386 2033 2443 2086 δὲ
2473 2035 2969 2105 μεταπεμψάμενος
2990 2038 3115 2100 τοὺς
3145 2039 3327 2108 ἱερεῖς,
3353 2039 3444 2091 καὶ
3475 2038 3583 2090 τῶν

2017 2119 2436 2189 παρεστηκότων
2457 2119 2518 2172 οὐ
2547 2120 2882 2192 βουλομένων
2906 2124 3100 2187 αὑτοὺς
3119 2125 3345 2187 ἀνελεῖν,
3375 2127 3583 2179 κελεύει

2014 2205 2092 2274 τῷ
2107 2207 2287 2276 Δωήκ.
2321 2209 2380 2259 ὐ
2401 2207 2457 2260 δὲ
2475 2208 2653 2264 ἀνεῖλε
2667 2209 3007 2280 τριακοσίους
3023 2213 3357 2282 πεντήκοντα
3387 2213 3582 2284 ἄνδρας

2015 2293 2265 2362 αἴροντας
2285 2295 2466 2363 ἐφοὺδ,
2493 2298 2586 2348 καὶ
2612 2295 2708 2366 τὴν
2742 2297 2890 2350 Νοϐἀ
2927 2298 3026 2367 τὴν
3068 2299 3222 2350 πόλιν
3265 2301 3443 2353 αὐτῶν
3496 2301 3583 2367 ἐξα

2013 2380 2368 2451 ωλόθρευσεν.
2402 2384 2754 2451 Ἀπαγγέλλει
2775 2385 2948 2438 ταῦτα
2965 2385 3216 2456 τῷΔαυῒδ
3246 2381 3324 2450 εἷς
3351 2388 3458 2441 τῶν
3486 2390 3579 2440 τοῦ

2017 2469 2202 2538 ἱερέως
2225 2470 2358 2522 υἱῶν
2377 2471 2677 2533 διασωθείς.
2726 2475 2780 2525 Ὀ
2804 2473 2859 2526 δὲ
2883 2472 3123 2544 ἀλγήσας
3165 2471 3276 2545 εἷχε
3313 2476 3428 2545 μεθ’
3455 2477 3578 2528 ἐαυ-

2010 2555 2103 2608 τοῦ
2129 2557 2220 2608 τὸν
2235 2557 2582 2623 διασωθέντα,
2603 2561 2694 2612 καὶ
2722 2560 2820 2628 τὴν
2851 2560 2985 2612 Κῖλα
3015 2561 3417 2632 πολεμουμένην
3440 2563 3576 2615 ἐσω-

2013 2662 2122 2696 σεν.
2164 2645 2423 2708 Ἀκούσας
2458 2664 2538 2707 τε,
2597 2648 2679 2699 δτι
2712 2649 2740 2700 6
2772 2649 2942 2701 Σαοὺλ
2990 2649 3206 2720 ἔρχεται
3254 2650 3344 2702 ἐπ’
3394 2651 3576 2715 αὑτὸν,

2009 2730 2231 2800 ἐξῆλθεν
2266 2734 2471 2786 ἐκεῖθεν
2499 2736 2578 2796 είς
2599 2734 2696 2805 τὴν
2724 2733 2928 2806 ἔρημον
2966 2737 3086 2805 Ζίφ.
3127 2735 3213 2794 Ὦς
3252 2736 3308 2789 δέ
3347 2737 3578 2809 ήκουσεν

2008 2820 2037 2870 6
2062 2820 2250 2882 Σαοὺλ,
2282 2821 2496 2890 ἔρχεται
2520 2821 2604 2874 ἐπ’
2633 2823 2811 2876 αὑτόν.
2871 2824 3332 2895 Ἀπαγγελθείσης
3390 2825 3445 2878 δὲ
3475 2826 3575 2894 ἐφ-

2007 2905 2129 2958 όδου
2160 2907 2430 2976 πολεμίων
2450 2908 2652 2978 μεταξὺ
2685 2908 2897 2963 διώκειν
2919 2909 3096 2973 αὑτὸν,
3125 2913 3410 2983 ἀναχωρεῖ.
3445 2909 3576 2966 Εἶτα

2007 2993 2317 3046 ἐπανελθὼν
2343 2997 2405 3046 ἐκ
2429 2995 2536 3048 τῶν
2564 2997 2854 3067 πολεμίων,
2898 2999 3058 3052 πάλιν
3103 3003 3263 3053 αὑτζν
3297 3003 3569 3071 ἐπεζήτει,

2008 3083 2102 3134 καὶ
2127 3081 2427 3150 εἰσέρχεται
2449 3084 2526 3144 είς
2565 3085 2624 3136 τὸ
2655 3083 2938 3154 σπήλαιον,
2971 3085 3098 3140 ἔνθα
3133 3087 3293 3140 Δαυῒδ
3317 3089 3569 3159 ἐκάθητο,

2007 3169 2101 3220 καὶ
2133 3169 2250 3238 μετ’
2271 3169 2431 3221 αὑτοῦ
2454 3169 2644 3241 ἄνδρες
2664 3172 2939 3242 ἐσώτεροι.
2992 3175 3102 3227 Καὶ
3147 3176 3363 3228 πάντων
3392 3193 3570 3246 παρα-

2005 3256 2375 3327 κελευομένων
2404 3257 2613 3312 ἀνελεῖν
2643 3259 2732 3312 τὸν
2783 3260 2974 3323 Σαοὺλ,
3009 3263 3109 3315 οὑκ
3157 3263 3402 3332 ἐπείσθη,
3447 3263 3571 3318 οὕτε

2002 3347 2117 3401 τοῖς
2153 3344 2492 3415 βουλομένοις
2535 3346 2926 3418 συνεχώρησεν.
2969 3351 3055 3413 Ὡς
3089 3350 3144 3402 δὲ
3177 3349 3394 3419 ἐξῆλθεν
3427 3355 3569 3406 ἐκεῖ-

1967 3487 1972 3491 ,
2003 3447 2094 3494 νος
2138 3434 2201 3486 ἐκ
2249 3433 2343 3485 τοῦ
2374 3433 2659 3502 σπηλαίου,
2702 3436 3104 3506 ἐπηκολούθησε
3132 3440 3225 3490 καὶ
3271 3433 3442 3504 οὗτος,
3477 3444 3569 3494 καὶ

2006 3520 2208 3590 βοήσας
2244 3521 2380 3591 πρὸς
2429 3521 2618 3584 αὑτὸν,
2664 3526 2760 3592 τήν
2806 3541 2863 3575 τε
2892 3525 3098 3577 ἐκείνου
3127 3528 3323 3581 κακίαν
3349 3533 3439 3582 καὶ
3471 3531 3568 3600 τὴν

2003 3607 2168 3660 αὑτοῦ
2191 3608 2530 3678 δικαιοσύνην
2552 3608 2793 3661 ἐδίδασκε
2813 3611 2902 3662 τὸν
2917 3611 3109 3664 Σαούλ.
3140 3615 3196 3664 Ὁ
3211 3614 3264 3666 δὲ
3279 3615 3563 3684 ἐδάκρυσε.

2002 3694 2135 3744 Τότε
2165 3692 2399 3745 ἀπέθανε
2429 3694 2703 3764 Σαμουήλ.
2762 3696 2994 3766 Πέμπει,
3055 3698 3204 3769 δῶρα
3254 3701 3347 3753 τὸν
3379 3703 3565 3755 Νάϐαλ

2002 3782 2190 3846 αἰτῶν,
2225 3783 2343 3836 ἀντὶ
2373 3785 2473 3852 τῆς
2505 3784 2746 3854 φυλακῆς
2764 3781 2831 3858 ἧς
2857 3785 3116 3855 ἐφύλαξεν
3154 3791 3316 3842 αὑτοῦ
3343 3792 3408 3844 τά
3444 3793 3564 3844 ποί-

2006 3887 2150 3940 μνια.
2211 3871 2270 3923 Ὀ
2298 3871 2353 3923 δέ
2386 3872 2445 3922 οὑ
2480 3871 2638 3939 μόνον
2668 3872 2764 3923 οὑκ
2789 3872 3006 3936 ἔδωκεν,
3037 3875 3171 3928 ἀλλὰ
3221 3878 3318 3929 καὶ·
3346 3877 3564 3946 ὕϐρισεν

2002 3957 2165 4010 αὑτὸν
2183 3958 2269 4010 διὰ
2291 3957 2397 4009 τῶν
2417 3957 2856 4029 ἀπεσταλμένων.
2877 3959 3324 4032 Ἐξοπλισάμενος
3341 3965 3396 4017 δέ
3413 3967 3561 4036 ἀνῄει

2001 4044 2142 4097 ὥστε
2175 4045 2433 4097 ἀπολέσαι
2479 4045 2661 4099 αὑτόν.
2706 4046 2914 4116 Ἐμαθε
2968 4047 3141 4101 ταῦτα
3173 4051 3206 4120 ή
3246 4051 3494 4119 Ἀϐιγαία
3529 4057 3559 4122 ἡ

2001 4130 2186 4184 τούτου
2214 4131 2374 4201 γυνὴ,
2407 4132 2502 4184 καὶ
2528 4131 2764 4185 λαϐοῦσα
2785 4133 2931 4203 δῶρα
2974 4135 3249 4207 ἀπήντησε
3281 4138 3355 4208 τῷ
3376 4140 3557 4198 Δαυῖδ,

2000 4217 2286 4272 καὶπολλὰ
2313 4217 2589 4288 δεηθεῖσα,
2613 4220 2842 4289 ἐπέσχεν
2892 4223 3051 4274 αὑτὸν
3081 4224 3178 4293 τῆς
3225 4226 3422 4296 ὁρμῆς.
3457 4229 3562 4280 Καὶ

1999 4305 2356 4367 ἀποθανόντος
2389 4305 2482 4358 τοῦ
2516 4306 2721 4370 Νάϐαλ,
2753 4306 2958 4375 γίνεται
2989 4309 3137 4380 αὑτῷ
3180 4314 3338 4382 γυνή.
3382 4315 3559 4368 ’Λκού-

2001 4411 2099 4455 σας
2127 4394 2155 4444 ὁ
2190 4393 2378 4456 Σαοὺλ,
2407 4393 2535 4445 ἐνοα
2567 4389 2634 4464 ἦν
2664 4397 2690 4446 ὁ
2715 4394 2895 4458 Δαυῒδ,
2923 4395 3134 4468 ἔρχεται
3177 4399 3334 4454 πάλιν
3365 4403 3451 4453 ἐπ’
3471 4405 3560 4455 αὑ-

1999 4482 2107 4534 τόν.
2143 4481 2230 4543 Ὠς
2256 4481 2311 4532 δέ
2340 4483 2431 4533 καὶ
2473 4482 2794 4553 ἐκαθεύδησε
2847 4485 2983 4553 μετά
3009 4485 3106 4555 τῆς
3139 4491 3393 4557 στρατιᾶς
3427 4492 3558 4544 ἀπά-

2001 4587 2120 4640 σης,
2148 4570 2424 4636 ἐφίσταται
2453 4570 2480 4620 6
2503 4569 2664 4622 Δαυῒδ
2694 4572 2831 4639 μετὰ
2885 4572 3274 4628 ’Λϐεσσᾶ-’νκαὶ
3313 4577 3558 4631 κελεύον-

1997 4673 2088 4720 τος
2115 4655 2320 4708 ἐκείνου
2355 4656 2535 4709 παίειν
2576 4657 2666 4710 τὸν
2707 4658 2897 4728 ἐχθρὸν
2919 4699 2934 4722 ,
2974 4661 3072 4713 οὐκ
3097 4657 3236 4728 εἶξεν
3264 4706 3278 4724 ,
3309 4665 3443 4718 ἀλλά
3469 4669 3559 4720 τὸν

1999 4742 2134 4812 πρὸς
2160 4741 2396 4810 κεφαλῆς
2430 4741 2675 4810 κείμενον
2705 4745 2872 4810 φακὸν
2902 4745 3078 4799 λαϐὼν
3106 4751 3198 4801 καὶ⁵
3219 4751 3366 4821 δόρυ,
3385 4754 3558 4823 ἀπῆλ-

1999 4829 2088 4881 θεν
2112 4828 2215 4892 ἐως
2252 4832 2602 4900 πορρωτάτω,
2652 4832 2744 4884 καὶ
2792 4831 2988 4903 βοήσας
3039 4835 3276 4907 διήγειρέ
3298 4857 3355 4891 τε
3395 4842 3555 4893 αὑτοῦ

1996 4917 2084 4968 τὸν
2119 4916 2438 4987 στρατηγὸν,
2468 4917 2561 4968 καὶ
2616 4918 2856 4970 ἐνεκάλει
2910 4920 3200 4991 ρᾳθυμίαν,
3246 4925 3327 4976 ὅτι
3356 4926 3430 4995 μὴ
3453 4944 3556 4994 φυ-

1997 5003 2176 5056 λάττει
2208 5003 2298 5055 τὸν
2342 5003 2582 5072 βασιλέα.
2625 5005 2977 5059 Ἑπιδεικνύει
3002 5008 3062 5059 τό
3087 5027 3145 5061 τε
3181 5009 3305 5080 δόρυ
3340 5013 3432 5063 καὶ
3465 5013 3556 5066 τὸν

1997 5091 2188 5158 φακὸν,
2244 5091 2336 5142 καὶ
2365 5091 2587 5158 ἐγκαλεῖ
2635 5091 2712 5160 τῷ
2736 5094 2925 5157 Σαοὺλ,
2950 5095 3030 5147 ὅτι
3055 5097 3144 5148 τὸν
3171 5097 3325 5150 οὐδὲν
3363 5097 3554 5168 ἠδικη-

1995 5178 2126 5229 κὸτα
2150 5177 2488 5233 καταδιώκει.
2527 5179 2658 5231 Τότε
2693 5179 2882 5248 φεύγει
2916 5182 3050 5251 πρὸς
3085 5183 3307 5253 Ἀγχοῦς
3327 5187 3549 5238 όΔαυῒδ·

1994 5266 2053 5316 οὑ
2085 5266 2184 5335 γάρ
2221 5267 2457 5334 ἀσφαλὲς
2485 5267 2666 5336 ἡγεῖτο
2699 5264 2836 5321 εἶναι
2873 5269 3098 5338 πλησίον
3127 5270 3422 5339 διατρίϐειν
3458 5275 3549 5326 τοῦ

1995 5353 2182 5406 Σαούλ.
2212 5353 2488 5422 Λαμϐάνει
2513 5357 2540 5406 6
2563 5353 2724 5406 Δαυῒδ
2753 5357 2902 5426 παρά
2935 5355 3026 5407 τοῦ
3069 5357 3292 5426 Ἀγχοῦς
3332 5359 3428 5429 τήν
3456 5363 3553 5414 Σε-

1995 5441 2161 5494 κελάκ
2180 5458 2193 5471 '
2252 5441 2347 5493 καὶ
2390 5441 2664 5494 ἐπετίθετο
2700 5446 2811 5505 τοῖς
2843 5442 3138 5512 πολεμίοις,
3166 5447 3259 5498 καὶ
3283 5447 3552 5518 ἐλάμϐανε

1993 5532 2247 5600 χρήματα
2263 5531 2356 5583 καὶ
2387 5531 2631 5602 πρόϐατα
2658 5532 2844 5586 πολλά.
2874 5532 3004 5583 Τότε
3031 5535 3464 5606 συναθροίζονται
3503 5543 3553 5593 οἱ

1992 5619 2271 5686 ἀλλόφυλοι
2307 5621 2447 5673 κατά
2494 5619 2587 5672 τοῦ
2627 5619 2860 5688 Ἰσραὴλ,
2904 5621 2996 5672 καὶ
3042 5623 3209 5676 Σαοὺλ
3239 5627 3415 5698 ἐρωτᾷ
3454 5630 3552 5700 τὴν

1992 5707 2439 5787 ἐγγαστρίμυθον.
2489 5710 2875 5775 Ἀποστραφεὶς
2904 5708 2931 5759 6
2956 5708 3115 5764 Δαυῒδ
3143 5712 3357 5767 ἀπὸτοῦ
3387 5734 3550 5787 στρα-

1993 5794 2210 5850 τοπέδου
2243 5795 2260 5863 (
2275 5783 2339 5847 οὑ
2373 5795 2476 5863 γάρ
2499 5793 2683 5848 εἴασαν
2707 5794 2864 5850 αὑτὸν
2886 5796 2931 5849 οἱ
2966 5799 3240 5869 σατράπαι
3265 5803 3369 5858 τῶν
3394 5804 3547 5858 ἀλλο-
