4058 6344
534 264 640 318 545

532 375 714 444 φύλων
740 371 1090 438 συνεξελθεῖν,
1112 370 1502 432 ὑποπτεύοντες
1529 368 1690 422 αὐτὸν
1715 366 2013 437 προδιδόναι
2035 365 2094 417 τὸ

533 459 934 533 στρατόπεδον),
966 457 1206 529 εὑρίσκει
1227 458 1326 528 τὴν
1348 456 1587 510 Σεκελάκ
1610 453 2094 526 ἐμπεπρησμένην,

531 550 627 601 καὶ
664 547 760 610 τὰς
787 549 1049 614 γυναῖκας
1073 545 1307 616 οὐδαμοῦ
1329 560 1342 574 ⁸
1407 544 1731 614 ἀπήχθησαν
1779 542 1884 613 γὰρ
1936 542 2098 610 αἰχμ-

532 636 747 688 άλωτοι.
795 634 1081 706 Ἐρόμενος
1108 633 1167 686 δὲ
1199 633 1290 686 τὸν
1328 633 1478 698 Θεὸν,
1510 633 1558 684 εἰ
1595 633 1703 685 δέοι
1749 629 2094 695 καταδιῶξαι,

529 721 773 785 εἰπόντος
795 721 875 773 ὅτι
903 720 1033 784 δέοι,
1066 719 1376 783 κατεδίωξε.
1418 719 1527 772 Kal
1564 716 1748 789 μαθὼν
1795 715 1946 788 παρὰ
1972 732 2098 772 παι-

530 809 641 861 δίου
661 807 980 876 Αἰγυπτίου,
1013 806 1116 860 ποῦ
1148 806 1678 876 στρατοπεδεύονται,
1720 803 1870 876 [548]
1903 805 2099 856 ἐπιπε-

532 895 640 948 σὼν
679 893 1033 965 ρᾳθυμοῦσιν,
1085 893 1351 958 ἐπάταξεν
1386 893 1621 957 αὐτοὺς,
1666 893 1761 944 καὶ
1812 891 1879 943 τά
1928 888 2099 943 σκῦλα

531 984 709 1045 ἔλαϐε,
749 984 843 1036 καὶ
873 983 1137 1052 διένειμεν
1159 983 1218 1046 ἐξ
1251 983 1372 1052 ἴσης
1420 984 1532 1045 τοῖς
1552 1000 1612 1034 τε
1641 979 1979 1050 πολεμήσασι
2007 978 2099 1032 καὶ

530 1075 641 1134 τοῖς
666 1070 1024 1140 ἁπομείνασιν
1048 1069 1262 1122 ἐπὶτῶν
1291 1068 1519 1124 σκευῶν.
1560 1068 1646 1132 Ὠς
1679 1068 1734 1120 δέ
1763 1069 1792 1120 6
1836 1067 1974 1137 πρὸς
2008 1066 2100 1119 τὸν

543 1158 759 1228 Ἰσραὴλ
779 1157 966 1225 γέγονε
989 1155 1220 1225 πόλεμος
1241 1154 1351 1206 τῶν
1372 1153 1699 1222 ἀλλοφύλων,
1723 1154 1910 1206 πίπτει
1928 1153 2099 1206 Σαοὺλ

530 1247 626 1300 καὶ
662 1245 939 1310 ’ἰωνάθαν,
973 1244 1067 1296 καὶ
1104 1247 1152 1296 οί
1191 1242 1282 1296 δύο
1307 1242 1456 1296 ἄλλοι
1497 1243 1603 1294 υἱοὶ
1628 1240 1825 1294 αὐτοῦ·
1875 1241 1970 1292 καὶ
2002 1240 2100 1292 λα-

532 1334 718 1396 ϐόντες
741 1331 903 1385 αὐτὸν
933 1332 982 1383 οἱ
1011 1329 1276 1400 πολέμιοι,
1317 1328 1661 1399 προσέπηξαν
1682 1327 1758 1398 τῷ
1785 1326 1952 1396 τείχει
1976 1327 2100 1379 Βιθ-

533 1421 666 1484 dav,
722 1422 756 1490 ἦ
799 1420 913 1472 ἐστι
943 1417 1290 1480 Σκυθόπολις.
1348 1417 1621 1480 Ἐλθόντες
1671 1417 1727 1468 δέ
1763 1417 1812 1474 οἱ
1850 1415 1958 1468 ἀπὸ
1996 1415 2100 1468 Ἰά-

533 1511 631 1580 ϐης
651 1520 699 1574 ⁸,
719 1507 908 1560 ἔλαϐόν
928 1524 988 1560 τε
1016 1503 1171 1558 αὐτὸν
1204 1506 1298 1558 καὶ
1325 1504 1416 1556 τὸν
1451 1503 1721 1566 Ἰωνάθαν,
1755 1502 1849 1555 καὶ
1871 1501 2094 1571 ἔθαψαν.

1089 1657 1416 1710 Βασιλειῶι·
1459 1658 1540 1722 β’.

607 1767 864 1840 Ἕρχεταί
910 1785 990 1827 τις
1021 1767 1377 1834 ἀπαγγέλλων
1430 1765 1510 1836 τῷ
1535 1765 1719 1828 Δαυῒδ,
1761 1767 1842 1820 ὅτι
1889 1763 2099 1818 ἀνεῖλεν

532 1857 695 1920 αὐτὸς
723 1854 816 1909 τὸν
854 1854 1051 1908 Σαούλ·
1110 1854 1204 1907 καὶ
1259 1854 1465 1908 ἀνεῖλεν
1507 1853 1669 1908 αὐτὸν
1707 1855 1735 1906 ὁ
1776 1852 1938 1907 Δαυΐδ
1961 1868 1976 1882 ο
2006 1851 2100 1905 καὶ

532 1945 797 2017 ἐθρήνησε
827 1943 919 1997 τὸν
951 1941 1122 1999 Σαοὺλ
1165 1941 1258 1994 καὶ
1305 1941 1394 1993 τὸν
1420 1940 1696 2003 Ὶωνάθαν,
1727 1940 1820 1993 καὶ
1858 1939 2098 2011 χρίουσιν

531 2033 696 2086 αὐτὸν
727 2033 804 2095 είς
838 2030 1079 2101 βασιλέα.
1121 2031 1230 2082 Καὶ
1251 2028 1563 2082 ἀποστέλλει
1597 2029 1731 2098 πρὸς
1770 2028 1896 2090 τούς
1931 2026 2098 2089 Ἰαϐἐς

531 2119 763 2185 Γαλαὰδ,
794 2119 1029 2177 ἐπαινῶν
1060 2118 1259 2180 αὐτοὺς
1281 2118 1361 2170 ὅτι
1389 2117 1594 2186 ἔθαψαν
1639 2117 1729 2170 τὸν
1761 2115 1950 2169 Σαούλ.
1989 2115 2098 2168 Καὶ

544 2207 797 2278 Ἀϐεννὴρ
831 2208 860 2259 6
893 2205 1196 2276 στρατηγὸς
1238 2204 1332 2256 τοῦ
1379 2204 1548 2256 Σαοὺλ
1602 2203 1912 2255 ἐϐασίλευσε
1943 2204 1971 2242 b
2001 2200 2096 2255 τοῦ

541 2294 756 2366 Ἰσραὴλ
789 2294 900 2346 υἱὸν
935 2291 1108 2346 Σαοὺλ
1147 2290 1238 2344 τὸν
1285 2289 1658 2360 Μεμφιϐοσθέ.
1693 2289 1798 2343 Τοῦ
1827 2290 1882 2342 δέ
1929 2289 2097 2342 Ἰούδα

531 2383 848 2437 ἐϐασίλευσε
879 2381 1062 2434 Δαυῖδ.
1111 2379 1196 2441 Ὠς
1237 2379 1293 2432 66
1333 2377 1618 2448 συνέτυχον
1651 2379 1900 2449 ἀλλήλοις
1938 2378 2096 2432 Ἰωάϐ

530 2475 559 2524 6
586 2471 679 2524 τοῦ
707 2468 890 2533 Δαυτδ,
915 2470 1010 2522 καὶ
1043 2467 1304 2536 Ἀϐεννὴρ
1332 2469 1358 2519 ὁ
1385 2467 1478 2520 τοῦ
1500 2465 1691 2529 Σαοὺλ,
1719 2466 1815 2520 καὶ
1843 2483 2098 2537 συνεκρο-

529 2561 668 2631 πήθη
717 2559 948 2625 πόλεμος
997 2557 1104 2611 ἀπὸ
1155 2556 1392 2619 παιδίας,
1449 2555 1774 2610 κατεδίωκεν
1823 2555 2019 2627 ’Λσαήλ
2067 2557 2096 2610 6

529 2649 757 2718 ἀδελφὸς
799 2647 954 2701 Ἰωάϐ
987 2646 1078 2700 τὸν
1117 2646 1408 2716 Ἀϐεννήρ·
1450 2643 1544 2697 καὶ
1565 2644 1822 2708 πολλάκις
1847 2644 2095 2698 κελεύον-

529 2754 616 2798 τος
660 2735 956 2805 ἀναχωρεῖν
983 2772 998 2797 ,
1051 2733 1149 2788 οὐκ
1179 2733 1454 2802 ἠνέσχετο.
1489 2732 1621 2785 Τότε
1677 2733 1890 2804 ἀναιρεῖ
1935 2733 2095 2785 αὐτὸν

542 2822 822 2892 ’Λϐεννὴρ,
859 2821 953 2874 καὶ
987 2820 1220 2882 καλέσας
1243 2819 1334 2872 τὸν
1355 2819 1514 2873 Ἰωάϐ
1539 2822 1790 2890 παραινεῖ
1809 2818 2097 2874 καταπαῦ-’

531 2927 623 2961 σαι
644 2910 733 2962 τὸν
766 2907 1019 2978 πόλεμον.
1043 2909 1152 2962 Καὶ
1175 2904 1243 2978 ἦν
1266 2908 1498 2977 πόλεμος
1531 2909 1798 2979 ἀναμέσον
1826 2908 1920 2961 τοῦ
1946 2911 2094 2962 οῐκου

528 2995 702 3057 Σαοὺλ
736 2995 828 3049 καὶ
854 2993 947 3047 τοῦ
976 2995 1124 3048 οἴκου
1151 2995 1342 3048 Δαυῖδ·
1373 2996 1466 3048 καὶ
1511 2997 1540 3048 6
1593 2996 1690 3065 μὲν
1721 2996 1953 3066 ήσθένει,
1987 2999 2015 3049 6
2039 2996 2095 3050 δέ

528 3082 901 3155 ἐκραταιοῦτο.
947 3082 1225 3152 Λαμϐάνει
1276 3083 1377 3154 τὴν
1423 3081 1703 3154 παλλακὴν
1741 3083 1835 3140 τοῦ
1868 3084 2038 3136 Σαοὺλ
2066 3087 2096 3138 6

541 3169 833 3238 Ἀϐεννήρ·
881 3168 1197 3222 ἐνεκάλεσεν
1247 3169 1677 3241 ὁΜεμφιϐοσθὲ.
1729 3169 2013 3242 Θυμωθεὶς
2065 3171 2095 3223 6

539 3258 798 3330 ’Λϐεννὴρ
837 3258 1043 3328 πέμπει
1077 3257 1216 3328 πρὸς
1263 3257 1356 3310 τὸν
1393 3257 1555 3312 Δαυῒδ
1582 3299 1597 3323 ,
1629 3259 2094 3330 ἐπαγγελλόμενος

526 3347 742 3410 ᾶπαντα
765 3345 856 3398 τὸν
882 3344 1009 3398 λαὸν
1033 3343 1182 3412 αὐτῷ
1210 3343 1568 3415 παραδώσειν.
1603 3345 1714 3397 Καὶ
1757 3345 1976 3398 ἐλθόντα
1998 3346 2094 3397 αὐ-

525 3434 618 3487 τὸν
664 3433 800 3504 πρὸς
830 3433 1011 3497 αὐτὸν,
1046 3432 1316 3487 εἱστίασεν
1347 3435 1375 3486 6
1421 3433 1600 3484 Δαυῒδ.
1659 3433 1745 3495 Ὠς
1775 3433 1831 3484 δὲ
1864 3433 2092 3504 ἤκουσεν

525 3520 688 3575 πόθεν
719 3524 782 3574 ἐκ
801 3520 1036 3591 πολέμου
1064 3519 1363 3590 ἐπανῆλθεν
1387 3522 1415 3574 ὀ
1440 3519 1620 3582 Ἰωάϐ,
1661 3520 2092 3590 μεταπεμψάμε-

525 3621 616 3672 νος
645 3609 734 3662 τὸν
750 3607 1007 3679 Ἀϐεννὴρ
1030 3607 1428 3676 ἐδολοφόνησεν,
1459 3607 1688 3660 ἐκδικῶν
1716 3607 1778 3659 τὸ
1805 3607 1898 3660 τοῦ
1935 3608 2090 3660 ἀδελ-

527 3695 626 3764 φοῦ
661 3690 820 3765 αἷμα.
848 3694 1052 3749 Μαθὼν
1075 3697 1104 3748 6
1126 3694 1287 3746 Δαυῒδ
1319 3697 1621 3772 καταρᾶται
1653 3695 1744 3748 τὸν
1774 3695 1931 3748 Ἰωάϐ
1951 3734 1964 3758 ,
2000 3697 2094 3748 καὶ⁵

525 3785 716 3855 θρηνεῖ
737 3783 829 3835 τὸν
854 3782 1136 3854 Ἀϐεννὴρ,
1164 3782 1257 3835 καὶ
1282 3781 1420 3851 μετά
1443 3782 1642 3851 πολλῆς
1675 3781 1866 3836 θάπτει
1890 3784 1989 3853 τῆς
2011 3801 2092 3838 τι·

527 3870 656 3938 μῆς.
703 3869 886 3938 Ῥιχάν
934 3872 1029 3923 καὶ
1069 3869 1274 3933 Βανέας
1309 3879 1333 3908 ο
1382 3868 1556 3938 λάθρα
1603 3869 1694 3922 τὸν
1739 3871 2091 3940 Μεμφιϐοσθέ

525 3955 802 4017 ἀνελόντες
828 3951 989 4026 ἦλθον
1017 3956 1152 4026 πρὸς
1188 3957 1277 4009 τὸν
1307 3955 1488 4019 Δαυῒδ,
1529 3957 1604 4019 ὡς
1643 3957 2093 4029 εὐδοκιμήσαντες

524 4042 614 4096 διά
638 4041 727 4094 τὸν
771 4043 947 4110 φόνον.
1015 4042 1074 4096 ’0
1124 4043 1181 4100 66
1218 4044 1412 4106 αὐτοὺς
1449 4044 1642 4102 ἀνεῖλε.
1699 4045 1832 4098 Τότε
1882 4046 2091 4114 γίνεται

525 4129 725 4192 παντὸς
762 4129 854 4182 τοῦ
883 4129 1012 4182 λαοῦ
1053 4130 1303 4200 βασιλεὺς
1346 4131 1375 4182 6
1407 4130 1568 4187 Δαυῖδ
1590 4171 1604 4195 ,
1638 4133 1731 4185 καὶ
1753 4133 1970 4203 ἔρχεται
2013 4136 2092 4199 εἰς

537 4217 888 4289 Ἰερουσαλὴμ
910 4217 1047 4288 πρὸς
1071 4217 1160 4270 τὸν
1176 4218 1515 4280 Ἰεϐουσαῖον,
1554 4220 1645 4271 xa‘:
1666 4220 1964 4275 κωλύουσιν
1990 4223 2090 4274 αὐ-

523 4303 615 4356 τὸν
644 4305 692 4355 οἱ
715 4303 876 4372 χωλοὶ
907 4304 1186 4370 εἰσελθεῖν,
1215 4307 1306 4358 καὶ
1334 4305 1597 4375 λαμϐάνει
1625 4307 1722 4378 τὴν
1751 4308 1925 4382 ἄκραν
1950 4349 1966 4374 ,
1998 4311 2091 4362 καὶ

524 4389 872 4460 «ξικοδόμησεν
901 4391 1077 4461 ἑαυτῷ
1104 4387 1268 4446 οἷκον.
1289 4393 1591 4464 Συνέπραξε
1616 4394 1671 4447 66
1694 4395 1841 4466 αὐτῷ
1869 4397 1960 4449 καὶ
1981 4397 2091 4453 Χυ-

525 4477 641 4548 ράμ
672 4478 700 4529 ὁ
731 4475 984 4545 βασιλεὺς
1021 4479 1218 4549 Τύρου.
1256 4481 1661 4551 Ἐπανέστησαν
1708 4485 1757 4537 οἱ
1783 4485 2086 4552 ἀλλόφυλοι,

524 4565 618 4618 καὶ
645 4562 873 4627 ἐξελθὼν
901 4565 1198 4636 κατέκοψεν
1224 4569 1419 4632 αὐτοὺς
1449 4570 1478 4621 6
1514 4570 1692 4623 Δαυΐδ.
1737 4572 1824 4634 Ὠς
1848 4571 1903 4624 δὲ
1930 4571 2089 4628 πάλιν

520 4650 777 4713 ἐπέθεντο
799 4688 814 4714 ,
865 4650 1130 4704 κωλύεται
1163 4656 1312 4724 παρά
1337 4655 1433 4714 τοῦ
1464 4655 1600 4709 Θεοῦ
1652 4658 1731 4720 εἰς
1767 4659 2088 4726 συνάντησιν

518 4739 700 4802 αὐτοῖς
729 4737 989 4793 ἀνελθεῖν.
1014 4739 1152 4798 Ἀλλ’
1193 4743 1298 4794 Ἐν
1320 4742 1401 4807 τῷ
1429 4743 1690 4805 ἀκοῦσαι
1726 4760 1829 4811 σε,
1867 4745 2030 4816 φησιν
2059 4749 2087 4810 6

518 4827 672 4903 [549]
689 4827 842 4892 Θεὸς,
863 4827 978 4896 τὴν
997 4829 1208 4898 φωνὴν
1235 4831 1339 4884 τοῦ
1360 4834 1615 4902 σεισμοῦ
1638 4833 1745 4888 τοῦ
1779 4835 2088 4903 κλαυθμῶ-

515 4935 640 4985 voc,
658 4917 791 4972 τότε
813 4916 1079 4986 πολέμει.
1105 4919 1146 4969 Τ
1149 4918 1235 4970 ότε
1257 4919 1365 4989 γὰρ
1389 4913 1770 4991 παραδίδονταί
1796 4940 1896 4975 σοι.
1934 4924 2086 4982 Ἀνά-

514 5023 602 5078 γει
617 5007 717 5077 τὴν
740 5005 969 5060 κιϐωτὸν
993 5007 1021 5058 6
1053 5004 1234 5064 Δαυῖδ.
1249 5007 1342 5058 καὶ
1360 5007 1690 5078 ἀποθνήσκει
1709 5008 1862 5074 Ὀζᾶ.
1881 5011 1960 5063 ὅτι
2013 5012 2088 5078 65-

512 5096 685 5151 ἔτεινε
707 5097 807 5168 τὴν
836 5100 992 5166 χεῖρα
1008 5095 1172 5149 αὐτοῦ
1205 5096 1340 5165 πρὸς
1372 5097 1470 5167 τὴν
1493 5098 1741 5152 κιϐωτόν.
1799 5100 1886 5163 Ὠς
1909 5100 1965 5153 δὲ
1993 5103 2087 5154 ἀν-

514 5184 730 5255 ήγετοή
762 5184 1012 5246 κιϐωτὸς,
1051 5183 1279 5253 ὠρχεῖτο
1303 5183 1331 5236 6
1355 5183 1541 5250 Δαυῒδ,
1557 5185 1651 5240 καὶ
1678 5187 2029 5259 ἐξουθένησεν
2053 5191 2088 5260 ή

512 5271 763 5342 Μελχώλ.
793 5271 929 5325 Τότε
959 5271 1280 5342 βουλόμενος
1307 5273 1335 5323 6
1354 5270 1516 5324 Δαυῒδ
1551 5272 1899 5345 οἰκοδομῆσαι
1933 5275 2085 5341 ναὸν,

573 5415 598 5441 ³
631 5415 803 5473 Ἰάϐης.
825 5415 950 5464 Infra
995 5415 1158 5472 Ἰαϐἐς.

511 5535 530 5582 r
575 5475 602 5514 ιι
623 5475 749 5526 Nota
773 5478 975 5527 verbum
1002 5477 1266 5541 βασιλεύειν
1287 5477 1447 5528 active
1486 5484 1752 5544 sumptum,
1777 5495 1879 5544 pro.
1910 5496 2084 5546 regem

528 5549 672 5583 acere

702 5598 821 5670 epit.
845 5599 1306 5670 _Rorq._Baavai,_gt
1340 5601 1537 5670 Ῥηχάϐ.
1563 5603 1762 5656 Coislin.
1800 5605 1962 5670 Ἰχαὰῧ
2001 5608 2082 5662 καὶ

513 5657 707 5711 Βανέας.
723 5657 944 5721 Lugdun.
975 5660 1137 5726 Ῥιχὰν
1157 5657 1236 5716 καὶ
1257 5657 1444 5720 Βενέαςξ

1207 255 1265 311 S.
1296 253 1579 312 JOANNIS
1610 251 2101 308 CHRYSOSTOMI
2139 252 2455 310 ARCIIIEP.
2486 255 3034 315 CONSTANTINOP.
3639 264 3718 321 Si“.

2206 367 2471 421 κωλύεται
2499 369 2603 422 ὐπὸ
2629 370 2720 423 τοῦ
2744 372 2929 425 Νάθαν
2957 371 3051 425 τοῦ.
3083 375 3378 446 προφήτου,
3421 374 3511 428 καὶ
3545 376 3722 447 εὔχεται

2205 455 2540 525 εὐχαριστῶν
2583 458 2720 529 πρὸς
2756 461 2847 513 τὸν
2879 460 3011 513 Θεὸν
3039 504 3056 527 ,
3101 463 3434 534 εὐχαριστῶν
3474 464 3600 536 ὑπὲρ
3638 466 3723 518 τῶν

2205 541 2544 610 ἐπαγγελιῶν
2571 537 2644 597 ὧν
2681 547 2930 618 ῆκουσεν.
2971 548 3235 611 Ἐπάταξε
3267 549 3426 602 Δαυῒδ
3449 552 3564 615 τούς
3600 553 3723 604 ἀλλο-

2205 629 2402 697 φύλους
2430 632 2523 684 καὶ
2548 633 2640 685 τὸν
2669 633 2843 688 Μωὰϐ
2871 635 2964 687 καὶ
2994 635 3121 696 τοὺς
3150 634 3370 706 Σύρους,
3419 638 3507 690 καὶ
3529 638 3590 692 τά
3614 639 3723 692 ὅπλα

2203 715 2271 768 τὰ
2314 719 2509 787 χρυσᾶ,
2539 717 2574 771 ἃ
2607 719 2818 788 ἔλαϐεν,
2847 721 3076 792 ἤνεγκεν
3102 724 3182 786 εἰς
3223 723 3581 794 Ἰερουσαλήμ,
3610 725 3723 801 ἅπερ

2207 801 2430 874 ὓστερον
2475 805 2634 858 ἔλαϐε
2683 807 2990 878 Σουσακεὶμ
3032 808 3281 879 βασιλεὺς
3326 811 3605 878 Αἰγύπτου.
3637 813 3724 866 Καὶ

2206 889 2378 942 πολλὰ
2399 891 2710 963 ἀναθέματα
2741 894 3007 967 ἀνέθηκεν
3032 898 3060 950 6
3092 898 3275 951 Δαυῒδ.
3316 899 3480 962 Ἀξιοῖ
3496 900 3578 952 τὸν
3601 901 3721 970 Μεμ-

2206 976 2408 1044 φιϐαάλ
2468 979 2581 1032 υἱὸν
2644 981 2897 1034 Ἰωνάθαν
2957 983 3234 1055 τραπέζης
3299 986 3602 1056 βασιλικῆς,
3652 987 3724 1039 καὶ

2205 1063 2382 1116 πάντα
2419 1064 2488 1118 τά
2533 1064 2626 1118 τοῦ
2657 1067 2827 1121 Σαοὺλ
2866 1068 3080 1127 δίδωσιν
3105 1070 3271 1142 αὐτῷ.
3312 1073 3423 1127 Καὶ
3453 1073 3642 1127 κελεύει
3665 1073 3725 1142 τῷ

2206 1150 2373 1222 Σίϐᾳ.
2423 1152 2481 1214 6;
2515 1148 2584 1224 ἦν
2629 1153 2776 1225 αὐτῷ
2809 1155 2995 1220 δοῦλος
3028 1159 3327 1230 πατρικὸς,
3374 1161 3627 1214 δουλεύειν
3665 1160 3725 1229 τῷ

2205 1239 2539 1308 Μεμφιϐαάλ
2584 1242 2721 1312 μετά
2746 1243 2855 1297 τῶν
2895 1244 3101 1299 τέκνων
3129 1247 3315 1302 αὐτοῦ.
3348 1249 3553 1318 Πέμπει
3579 1249 3629 1302 δὲ
3653 1252 3726 1302 καὶ

2206 1327 2344 1394 πρὸς
2367 1327 2458 1379 τὸν
2491 1327 2717 1397 βασιλέα
2747 1330 2879 1382 υἱῶν
2923 1331 3146 1403 Ἀμμὼν
3171 1336 3576 1405 παρακαλέσων,
3609 1338 3725 1388 ἐπει·

2205 1410 2271 1482 δὴ
2300 1410 2548 1482 τεθνήκει
2577 1413 2740 1468 αὐτοῦ
2769 1417 2798 1468 6
2829 1419 3030 1489 πατήρ.
3061 1419 3119 1472 Ὀ
3148 1419 3203 1475 66
3232 1420 3336 1474 ὐπὸ
3366 1422 3471 1476 τῶν
3495 1424 3726 1494 ἀρχόντων

2206 1497 2370 1550 αὐτοῦ
2403 1501 2770 1566 ἀναπεισθεὶς,
2794 1504 3047 1574 ἀτιμάζει
3074 1508 3201 1572 τοὺς
3238 1509 3625 1572 ἀποσταλέντας
3644 1510 3729 1564 ὑπὸ

2204 1583 2298 1636 τοῦ
2343 1586 2506 1639 Δαυῖδ
2547 1590 2626 1652 είς
2669 1590 3031 1662 παράκλησιν.
3071 1594 3347 1649 Ἐντεῦθεν
3371 1597 3567 1665 γίνεται
3596 1596 3726 1650 πόλει

2209 1691 2307 1744 μος
2325 1691 2338 1702 ·
2369 1677 2463 1729 καὶ
2487 1677 2548 1730 τὸ
2575 1678 2673 1748 μὲν
2705 1681 2918 1751 πρῶτον
2947 1681 3160 1753 έπεμψε
3184 1684 3273 1738 τὸν
3314 1686 3489 1753 Ἰωάϐ,
3519 1681 3626 1740 εἶτα
3648 1681 3726 1757 ἦλ-

2207 1761 2297 1814 θεν
2334 1764 2494 1827 αὐτὸς
2527 1767 2555 1818 6
2588 1766 2782 1831 Δαυῒδ,
2812 1769 2906 1822 καὶ
2947 1771 3210 1841 τρέπεται
3234 1775 3363 1837 τοὺς
3396 1775 3628 1846 ἐχθρούς.
3664 1774 3727 1826 Τὰ

2205 1848 2347 1902 κατὰ
2370 1850 2458 1904 τὸν
2482 1851 2683 1923 Οὐρίαν
2710 1855 2959 1908 ἐντεῦθεν
2994 1858 3087 1910 καὶ
3118 1859 3215 1929 τὴν
3246 1860 3543 1931 Βηρσαϐεὲ,
3582 1861 3728 1914 καὶτὸ

2204 1935 2411 1994 παιδίον
2456 1938 2516 1991 τὸ
2561 1940 2904 2012 τελευτῆσαν.
2955 1943 3089 1997 Μεθ’
3138 1945 3167 1998 ὃ
3209 1946 3451 2001 τίκτεται
3495 1947 3724 2017 Σολομὼν.

2205 2023 2436 2095 Πολεμεῖ
2461 2028 2489 2079 6
2517 2027 2672 2080 Ἰωάϐ
2694 2029 2792 2098 τὴν
2817 2029 3081 2098 Ῥαυάθιι,
3113 2036 3207 2084 καὶ
3245 2034 3386 2103 μετά
3411 2035 3471 2087 τὸ
3497 2035 3725 2106 κρατῆσαι

2203 2111 2302 2181 τῆς
2327 2112 2532 2177 πόλεως
2551 2155 2566 2178 ,
2619 2115 2820 2185 πέμπει
2848 2117 2938 2170 ἐπὶ
2968 2117 3060 2172 τὸν
3091 2118 3285 2184 Δαυῖδ,
3322 2120 3620 2192 βουλόμενος
3649 2122 3728 2190 τήν

2203 2199 2358 2269 νίκην
2380 2200 2570 2272 ἐκείνῳ
2590 2202 2982 2274 ἐπιγραφῆναι.
3013 2204 3144 2276 Ἐρᾷ
3172 2208 3201 2259 6
3230 2208 3345 2271 υἱὸς
3375 2209 3531 2262 Δαυῖδ
3554 2207 3727 2277 Ἀμνῶν

2202 2284 2301 2353 τῆς
2348 2285 2578 2357 ἀδελφῆς
2621 2288 2783 2342 αὐτοῦ
2831 2291 2929 2362 τῆς
2975 2291 3204 2364 Θάμαρ,
3246 2295 3342 2347 καὶ
3386 2295 3726 2367 προσποιηθεὶς

2203 2371 2390 2438 νόσον,
2451 2373 2708 2428 ἐλθοῦσαν
2758 2377 2925 2448 αὐτὴν
2979 2380 3060 2442 είς
3116 2379 3406 2451 ἐπίσκεψιν
3463 2382 3722 2452 ἐξύϐρισεν.

2215 2459 2477 2525 Ἀκούσας
2519 2462 2576 2516 δὲ
2615 2464 2645 2514 6
2691 2464 2916 2535 ἀδελφὸς
2955 2467 3126 2538 αὐτῆς
3177 2469 3559 2540 ’Δϐεσσαλὼμ,
3602 2469 3726 2524 καλεί

2208 2548 2346 2616 μετά
2372 2548 2547 2602 ταῦτα
2573 2549 2661 2603 τὸν
2693 2551 2916 2622 βασιλέα
2949 2556 3030 2617 εἰς
3057 2554 3302 2608 ἑστίασιν
3322 2572 3337 2586 ο
3364 2558 3437 2621 ὡς
3464 2559 3517 2611 66
3543 2558 3628 2610 οὐκ
3651 2552 3726 2625 ἦλ-

2203 2632 2294 2686 θεν
2323 2635 2552 2701 ἐκεῖνος,
2581 2637 2734 2708 ἠξίου
2760 2641 2885 2702 τούς
2921 2637 3055 2708 γοῦν
3086 2642 3350 2712 ἀδελφοὺς
3384 2645 3564 2698 ἐλθεῖν.
3603 2642 3726 2701 Ἐπεὶ

2199 2721 2256 2775 δέ
2277 2717 2458 2793 ἦλθον,
2495 2727 2828 2796 παρήγγειλε
2857 2730 2968 2790 τοῖς
2994 2729 3186 2782 ἐαυτοῦ
3217 2733 3429 2797 παισὶν,
3449 2735 3536 2786 καὶ
3553 2732 3726 2784 ἀνεῖλον

2201 2810 2258 2861 ἐν
2288 2810 2437 2880 αὐτῷ
2470 2812 2546 2881 τῷ
2579 2814 2786 2884 ἀρίστῳ
2827 2814 2917 2868 τὸν
2972 2815 3202 2886 Ἀμνῶν.
3257 2819 3349 2883 Ὠς
3393 2820 3447 2872 δὲ
3489 2821 3723 2891 ήκουσενὸ

2200 2896 2383 2958 Δαυῒδ,
2416 2898 2711 2969 ἐπένθησεν
2746 2901 2965 2968 ἱκανῶς,
2996 2905 3090 2956 καὶ
3117 2904 3382 2975 ὠργίζετο
3410 2909 3483 2979 τῷ
3510 2907 3723 2959 Ἀϐεσσα-

2199 2982 2338 3054 λώμ.
2380 2986 2439 3037 'U
2474 2985 2530 3038 δὲ
2573 2988 2814 3059 ἀπέδρα·
2862 2990 2954 3042 καὶ
3003 2992 3141 3061 μετὰ
3187 2993 3283 3064 ἐτη
3323 2994 3465 3065 τρία,
3509 2994 3588 3046 ὅτε
3627 2992 3724 3044 καθ-

2199 3070 2377 3140 υφῆκε
2415 3073 2514 3142 τῆς
2551 3073 2720 3144 ὀργῆς
2758 3077 2786 3127 6
2832 3075 3118 3146 βασιλεὺς,
3169 3069 3448 3149 σοφίζεται
3490 3080 3628 3135 Ἰωάϐ
3658 3080 3726 3131 διὰ

2199 3158 2455 3224 γυναικὸς
2501 3159 2860 3226 Θεκωΐτιδος,
2912 3164 3005 3217 καὶ
3054 3165 3228 3220 πείθει
3277 3169 3622 3236 ἐπαναγαγεῖν
3655 3167 3724 3216 τὸν

2213 3243 2582 3316 Ἀϐεσσαλώμ.
2626 3248 3015 3304 Ἐπανελθόντα
3048 3251 3106 3305 δὲ
3133 3252 3234 3306 οὐκ
3267 3255 3529 3326 ἠθέλησεν
3556 3253 3722 3314 εὐθέως

2203 3331 2326 3386 ἰδεῖν
2379 3335 2408 3386 ὁ
2452 3335 2653 3406 πατὴρ,
2707 3337 2822 3390 ἀλλ’
2859 3334 2926 3410 ἧν
2970 3340 3062 3392 δύο
3092 3343 3183 3412 ἐτη
3229 3345 3289 3396 ἐν
3331 3342 3655 3415 Ἰερουσαλὴμ
3680 3340 3722 3402 ἐξ

2198 3419 2370 3488 ὅψεως
2415 3419 2510 3472 τοῦ
2561 3421 2846 3490 βασιλέως.
2901 3425 3035 3478 Τότε
3084 3428 3241 3481 καλεῖ
3284 3431 3378 3484 τὸν
3420 3429 3593 3484 Ίωάϐ·
3634 3426 3722 3480 ὅδὲ

2198 3507 2295 3580 οὐχ
2341 3508 2666 3578 ὑπήκουσεν.
2717 3508 2848 3563 Εἶτα
2879 3513 3174 3585 ἐνέπρησεν
3223 3518 3393 3571 αὐτοῦ
3441 3520 3527 3570 τὸν
3569 3515 3721 3584 ἀτρλῖν

2199 3597 2292 3649 καὶ
2331 3597 2501 3661 οὕτως
2545 3599 2908 3667 ἀναγκασθεὶς
2936 3597 3068 3674 ἦλθε
3094 3605 3228 3676 πρὸς
3260 3607 3356 3660 τὸν
3396 3603 3720 3672 Ἀϐεσσαλὼμο

2198 3686 2291 3737 καὶ
2322 3685 2648 3751 ἀποσταλεὶς
2695 3688 2787 3740 ὑπ’
2828 3690 2993 3744 αὐτοῦ
3023 3693 3160 3762 πρὸς
3214 3694 3308 3752 τὸν
3352 3696 3582 3767 βασιλέα,
3623 3707 3723 3746 κατ-

2197 3774 2423 3845 ήλλαξεν
2497 3777 2691 3838 αὑτὸν,
2763 3779 2856 3832 καὶ
2917 3783 3181 3852 εἰσήγαγε
3234 3783 3329 3838 τὸν
3397 3781 3719 3850 Ἀϐεσσαλὼμ.

2212 3861 2462 3934 Ἐποίησε
2486 3863 2540 3916 66
2566 3864 2714 3939 αὐτῷ
2746 3866 2970 3936 ἅρματα
3016 3870 3110 3922 καὶ
3158 3871 3360 3936 ἵππους
3395 3868 3722 3937 Ἀϐεσσαλὼμν

2199 3949 2292 4001 καὶ
2329 3951 2456 4012 τούς
2488 3951 2817 4023 ἐρχομένους
2862 3953 3141 4024 κρίνεσθαι
3197 3960 3338 4026 μετά
3385 3958 3572 4028 πολλῆς
3617 3959 3724 4008 ἀπο-

2197 4035 2484 4106 δεχόμενος
2509 4039 2677 4109 τιμῆς
2695 4078 2710 4105 ,
2740 4039 2927 4110 ἐπῄνει
2979 4041 3078 4111 μὲν
3108 4042 3182 4106 ὡς
3211 4043 3396 4100 δίκαια
3420 4047 3584 4114 λέγειν
3607 4043 3725 4112 έχον-

2197 4139 2314 4186 τας,
2348 4122 2485 4176 ἐλέει
2527 4125 2585 4178 δὲ
2628 4125 2704 4188 ὡς
2740 4126 2954 4191 οὐδενὸς
2987 4127 3138 4192 ὄντος
3162 4128 3256 4182 τοῦ
3300 4133 3500 4203 ἀμῦναι
3530 4127 3722 4197 δυναμέ-

2197 4226 2308 4272 νου,
2337 4210 2431 4263 καὶ
2458 4210 2611 4278 ἔλεγε
2627 4229 2640 4242 ·
2665 4213 2761 4278 Τίς
2791 4214 3157 4283 καταστήσει
3178 4235 3255 4286 με
3292 4219 3502 4288 κριτὴν
3527 4218 3615 4272 ἐπὶ
3639 4213 3724 4281 τῆς

2196 4297 2345 4366 γῆς-ς
2382 4301 2476 4352 καὶ
2500 4299 2672 4363 οὕτως
2707 4301 2968 4372 ᾠκειοῦτο
2991 4305 3083 4358 τὸν
3112 4305 3259 4361 λαόν.
3303 4310 3660 4363 Ἐπανίσταται
3680 4304 3724 4355 δὲ

2211 4386 2562 4458 Ἀϐεσσαλὼμ
2596 4388 2674 4459 τῷ
2706 4391 2868 4448 Δαυῖδ
2888 4409 2901 4423 ·
2933 4393 2962 4444 6
2991 4393 3050 4446 δέ
3081 4395 3321 4461 ἀκούσας
3352 4399 3542 4467 ἔφυγεν
3569 4398 3623 4448 ἐκ
3647 4392 3723 4460 τῆς

2208 4473 2593 4558 Ἰερουσαλὴμ,
2625 4479 2781 4546 ἀφεὶς
2815 4479 2913 4543 τὰς
2965 4481 3246 4549 παλλακὰς
3279 4487 3446 4540 αὐτοῦ
3477 4489 3531 4540 ἐν
3556 4488 3615 4554 τῇ
3644 4480 3722 4532 7:6-

2195 4559 2292 4615 λει.
2323 4563 2656 4634 Βουλομένου
2688 4565 2782 4618 τοῦ
2805 4566 2925 4620 ’Ἑθι
2955 4571 3398 4640 συμπορεύεσθαι
3423 4564 3722 4643 αὐτῴ,[550]

2193 4647 2253 4700 τὸ
2285 4649 2384 4718 μὲν
2417 4651 2634 4720 πρῶτον
2667 4652 2921 4720 ἐκώλυεν,
2963 4657 3084 4709 ἐπεὶ
3126 4647 3184 4712 66
3226 4655 3368 4713 εἶδεν
3394 4661 3722 4729 ἐπικείμενον.

2193 4735 2390 4790 εἴασεν.
2427 4737 2514 4800 Ὠς
2560 4738 2616 4790 δὲ
2658 4739 2912 4811 διέϐησαν
2953 4742 3044 4796 τὸν
3075 4747 3432 4818 χειμάρρουν,
3466 4743 3723 4816 προσέταξε

2191 4826 2302 4885 τοῖς
2332 4823 2565 4892 ἱερεῦσιν
2599 4827 2938 4897 ἀποστρέψαι
2963 4831 3062 4900 τὴν
3091 4831 3322 4888 κιϐωτὸν
3351 4838 3429 4898 εἰς
3464 4835 3556 4905 τὴν
3579 4829 3721 4885 πόλιν.

2191 4909 2362 4972 Αὐτὸς
2383 4910 2440 4962 δὲ
2467 4914 2783 4983 περιμένειν
2809 4917 3005 4980 αὐτοὺς
3029 4917 3133 4988 ἔφη
3161 4922 3295 4991 πρὸς
3325 4926 3391 4993 τῇ
3421 4922 3587 4992 ἐλαίᾳ,
3613 4919 3660 4971 ετ
3682 4932 3723 4967 τι

2192 4998 2364 5069 ἔχοιεν
2427 4998 2537 5053 τῶν
2611 5002 2705 5055 τοῦ
2785 5004 3045 5075 βασιλέως
3110 5009 3438 5082 ἀπορρήτων
3503 5009 3721 5077 ἐξειπεῖν.

2205 5087 2446 5158 Ἀπαντᾷ
2473 5088 2548 5159 τῷ
2585 5090 2752 5145 Δαυῒδ
2795 5095 2824 5146 6
2863 5095 3053 5150 Χουσί.
3094 5097 3150 5150 Ὀ
3173 5098 3230 5151 66
3256 5100 3564 5153 ἀπέστειλεν
3591 5093 3725 5150 αὐτὸν

2192 5173 2268 5244 τῷ
2312 5175 2592 5246 Ἀχιτόφελ
2623 5179 3194 5254 ἐναντιωθησόμενον,
3241 5187 3299 5250 ὃς
3347 5184 3416 5257 ἦν
3459 5182 3725 5256 σύμϐουλος

2190 5262 2267 5332 τῷ
2315 5264 2689 5338 Ἀϐεσσαλώμ.
2738 5269 2828 5334 Ὠς
2871 5270 2928 5323 δὲ
2969 5272 3211 5342 ἀπῆλθεν
3249 5276 3437 5339 αὐτὸς,
3483 5268 3726 5344 ἔρχεταιό

2192 5351 2346 5418 Σιϐᾶ,
2379 5354 2474 5406 καὶ
2502 5359 2887 5428 κατηγορήσας
2913 5359 3007 5412 τοῦ
3038 5361 3298 5414 δεσπότου
3338 5361 3500 5416 αὐτοῦ
3526 5363 3724 5429 Μεμφι-

2191 5437 2360 5505 ϐαὰλ,
2392 5440 2468 5504 ὡς
2517 5441 2834 5514 βουλομένου
2881 5445 3047 5500 αὐτοῦ
3095 5447 3448 5518 βασιλεῦσαι,
3488 5447 3723 5520 λαμϐάνει

2257 5667 2282 5704 εἰ
2321 5667 2507 5730 Ῥοῧάθ,
2530 5672 2581 5720 in
2605 5672 2721 5722 edit.
2749 5675 2887 5725 Rom.
2915 5675 3136 5727 Ῥαϐϐάθ.
3162 5678 3356 5728 Coislin.
3396 5677 3582 5727 Ῥαυάθ.
