4102 6322
273 376 376 430 545

271 506 364 548 sus
405 490 570 545 David
606 490 674 545 ab
696 489 932 547 exercitu
954 489 1085 563 (non
1112 491 1255 545 enim
1275 491 1517 547 sinebant
1565 493 1737 562 ipsum
1759 507 1849 548 sa-

273 594 438 654 trapa:
475 583 892 654 alienigenarum
924 598 1108 639 secum
1138 583 1194 639 in
1238 583 1478 653 praelium
1522 583 1851 653 procedere,

268 675 603 746 suspicantes
651 689 718 729 ne
767 675 1059 730 exercitum
1103 674 1258 729 suum
1307 672 1598 747 proderet),
1654 675 1855 729 invenit

267 765 487 822 Secelae
527 766 833 831 incensam,
879 765 1219 836 sublatasque
1271 765 1518 821 mulieres
1563 785 1576 823 :
1629 767 1850 836 captivae

267 873 502 928 namque
527 858 770 916 abducta
798 858 1024 914 fuerant.
1053 857 1382 928 Interrogata
1402 869 1578 915 autem
1605 860 1714 916 Deo
1733 903 1748 928 ,
1780 877 1846 916 an

268 953 474 1023 insequi
505 951 755 1018 deberet,
788 953 986 1022 illoque
1031 951 1386 1022 respondente
1411 994 1426 1020 ,
1455 953 1672 1018 debere,
1707 955 1848 1010 inse-

265 1052 522 1113 sequutus
545 1044 666 1099 illos
687 1053 789 1099 est.
818 1044 1016 1098 Etcum
1037 1043 1308 1099 didicisset
1333 1060 1364 1099 a
1390 1059 1554 1114 puero
1573 1044 1844 1116 Egyptio,

265 1135 483 1190 ubinam
513 1143 1034 1201 castrametarentur,
1075 1135 1312 1204 segniter
1345 1144 1564 1205 agentes
1590 1136 1846 1193 invadens

265 1226 528 1296 percussit
552 1225 672 1280 illos
690 1265 706 1290 ,
735 1234 790 1280 et
831 1225 1001 1294 spolia
1029 1226 1270 1294 accepit,
1298 1234 1351 1281 et
1376 1228 1564 1297 mquali
1592 1235 1737 1282 sorte
1763 1226 1846 1282 di-

261 1320 390 1372 visit
409 1319 513 1374 illis
538 1319 627 1388 qui
659 1327 1038 1388 pugnaverant,
1068 1328 1122 1373 et
1149 1318 1256 1377 illis
1277 1319 1366 1388 qui
1388 1319 1440 1373 in
1469 1319 1611 1374 vasis
1635 1334 1845 1374 manse-

262 1418 405 1464 rant.
447 1409 578 1465 Cum
605 1410 948 1464 commissum
977 1417 1152 1464 autem
1195 1410 1436 1479 prmlium
1480 1408 1666 1466 fuisset
1705 1411 1843 1466 inter

260 1500 514 1555 lsraelctu
542 1509 596 1554 et
621 1499 980 1569 alienigenas,
1007 1499 1252 1555 cecidere
1291 1501 1417 1556 Saﬁl
1455 1511 1510 1555 et
1537 1499 1838 1569 Jonathan,

257 1601 314 1647 et
335 1591 446 1646 duo
471 1592 560 1645 alii
587 1591 679 1646 ﬁlii
702 1591 818 1661 ejus
847 1609 860 1645 :
891 1599 946 1646 et
969 1600 1182 1662 captum
1207 1593 1377 1662 ipsum
1409 1591 1592 1648 hostes
1612 1609 1840 1664 suspen-

258 1683 452 1738 derunt
476 1683 528 1737 in
563 1698 718 1738 muro
754 1683 970 1738 Bithsan
993 1725 1008 1749 ,
1047 1699 1167 1754 quae
1204 1693 1287 1739 est
1313 1683 1677 1756 Scythopolis.
1731 1685 1838 1740 Ve-

259 1778 471 1832 nientes
495 1785 672 1832 autem
704 1777 802 1846 viri
833 1776 899 1830 de
925 1776 1084 1831 Jabes
1102 1817 1120 1844 ,
1149 1785 1471 1847 acceperunt
1506 1793 1626 1834 eum
1653 1787 1708 1834 et
1741 1776 1837 1833 Jo-

259 1866 454 1921 uathan
477 1909 491 1933 ,
523 1875 578 1922 et
604 1867 950 1936 sepelierunt.

763 1996 1043 2037 REGNORUM
1082 1997 1235 2038 LIBER
1273 1996 1330 2037 11.

328 2097 487 2153 Venit
513 2098 776 2169 quispiam
803 2099 1122 2168 annuntians
1148 2099 1331 2155 Davidi
1353 2142 1367 2165 ,
1393 2115 1452 2157 se
1480 2101 1691 2158 Saﬁlem
1737 2118 1834 2158 oc-

256 2189 451 2246 cidisse
479 2209 492 2244 :
517 2199 570 2245 et
592 2190 855 2245 interfecit
881 2191 1029 2246 illum
1057 2192 1256 2258 David;
1287 2193 1526 2265 luxitque
1545 2195 1756 2252 Saﬁlcm
1779 2209 1834 2252 et

253 2281 520 2337 .lenathan
545 2323 561 2344 ,
588 2291 643 2336 et
675 2283 924 2338 inunctus
950 2293 1030 2337 cst
1061 2284 1112 2337 in
1141 2299 1343 2354 regem.
1387 2285 1544 2341 Mittit
1588 2287 1653 2341 ad
1685 2287 1835 2342 habi-

255 2381 454 2428 tatores
479 2372 640 2428 Jabes
669 2373 869 2430 Galaad
889 2416 904 2438 ,
935 2374 1154 2430 laudans
1178 2376 1295 2431 illos
1321 2377 1463 2446 quod
1493 2379 1833 2448 sepeliissent

253 2463 485 2520 Saftlcm.
505 2465 571 2519 Et
597 2466 844 2520 Ahenner
863 2466 967 2520 dux
989 2467 1161 2522 Saulis
1187 2485 1365 2538 regem
1387 2469 1598 2526 lsraelis
1627 2475 1829 2532 consti-

253 2556 350 2610 tuit
377 2555 806 2625 Memphibosthe
833 2556 908 2628 (α)
954 2557 1116 2612 ﬁlium
1161 2559 1356 2616 Saulis.
1400 2562 1562 2618 David
1592 2580 1719 2620 vero
1746 2581 1830 2621 re-

254 2648 431 2713 gnavit
482 2648 534 2701 in
569 2646 777 2703 .ludatn.
813 2648 882 2704 Ut
930 2662 1107 2705 autem
1157 2663 1504 2709 occurrerunt
1553 2657 1653 2710 sibi
1696 2658 1830 2714 Joab

257 2738 488 2808 Davidis,
517 2750 573 2795 et
603 2741 852 2796 Abenner
877 2741 1052 2798 Sat'tlis
1071 2745 1263 2812 duces,
1298 2756 1352 2802 et
1376 2750 1720 2804 commissum
1748 2761 1830 2806 est

253 2829 484 2900 praelium
513 2845 543 2884 a
579 2831 895 2901 juventutc,
946 2845 1298 2905 persequutus
1328 2847 1410 2893 est
1454 2841 1613 2896 Asaél
1666 2841 1830 2898 frater

251 2920 385 2975 Jnab
413 2923 661 2979 Abenner
691 2944 706 2977 :
736 2941 843 2994 quo
871 2940 1012 2995 saepe
1035 2927 1255 2997 jubente
1283 2937 1340 2984 ut
1382 2932 1692 2998 recederet,
1725 2950 1826 2988 uo-

251 3013 349 3067 luit
373 3014 480 3069 ille.
511 3013 653 3071 Tunc
691 3018 888 3072 occidit
914 3034 1035 3074 eum
1075 3020 1343 3088 Abenner,
1377 3032 1430 3078 et
1454 3033 1640 3079 vocato
1660 3025 1827 3080 Joabo

252 3105 498 3161 hortatur
523 3117 579 3162 ut
621 3110 896 3180 prmliandi
948 3110 1106 3167 ﬁnem
1152 3112 1330 3168 faciat.
1360 3115 1673 3188 Bellumque
1711 3127 1829 3174 erat

251 3197 394 3252 inter
418 3197 632 3253 domum
659 3199 831 3255 Saulis
857 3211 911 3255 et
937 3201 1152 3257 domum
1181 3204 1366 3258 David.
1400 3205 1470 3260 Et
1499 3207 1590 3261 ille
1612 3209 1823 3277 quidem

251 3289 553 3357 deﬁciebat,
587 3292 670 3348 hic
694 3310 822 3349 vero
849 3296 1282 3352 conﬁrmabatur.
1311 3297 1669 3354 Concubinam
1692 3302 1825 3356 Saii-

249 3380 317 3435 iis
357 3381 459 3436 sibi
507 3384 666 3437 sumit
709 3385 1001 3442 Ahenner:
1035 3387 1334 3457 objurgavit
1379 3389 1821 3460 Memphibosthe.

249 3471 421 3526 Iratus
462 3469 713 3529 Abenner'
753 3477 914 3531 mittit
941 3477 1007 3531 ad
1061 3479 1348 3547 Davidem,
1401 3483 1718 3552 promittens
1765 3499 1824 3538 se

247 3571 418 3616 totum
451 3563 522 3617 illi
547 3565 794 3633 pepulum
821 3567 1088 3623 daturum.
1119 3569 1430 3626 Venienteu'i
1467 3571 1530 3626 ad
1553 3588 1611 3628 se
1638 3573 1823 3627 convi-

247 3660 338 3709 vio
365 3658 574 3726 excepit
599 3658 782 3713 David.
833 3660 899 3716 Ut
927 3671 1103 3717 autem
1150 3663 1202 3718 id
1232 3663 1436 3718 audivit
1460 3679 1583 3719 cum
1625 3681 1656 3721 e
1681 3666 1821 3721 bello

245 3764 496 3805 reversus
515 3751 761 3821 estJoab,
781 3763 1057 3808 evocatqu
1088 3755 1429 3811 Abenuerum
1453 3757 1578 3812 dolo
1607 3759 1820 3824 occidit,

244 3850 300 3893 Ill.
324 3841 636 3911 sanguinem
674 3842 856 3898 fratris
894 3847 974 3900 sui
1017 3847 1386 3902 ulcisceretur.
1427 3849 1506 3904 Re
1550 3863 1821 3920 comperta

242 3931 406 3986 David
438 3934 711 3988 maledicit
738 3934 907 3990 Joabo
928 3977 940 4000 ,
971 3947 1025 3992 et
1050 3938 1191 4008 luget
1219 3939 1556 3994 Abennerum
1578 3982 1594 4008 ,
1616 3956 1678 3996 ac
1700 3956 1818 3995 cum

242 4025 444 4081 honore
472 4027 642 4080 multo
670 4027 880 4094 sepelit.
911 4028 1102 4086 lchaab
1127 4040 1180 4083 et
1215 4030 1417 4086 Banaas
1462 4031 1599 4086 clam
1643 4035 1821 4088 occiso

239 4117 671 4190 Memphibosthe
697 4131 957 4175 venerunt
981 4121 1048 4177 ad
1080 4123 1241 4177 David
1267 4165 1282 4186 ,
1311 4139 1373 4178 ac
1389 4124 1433 4178 si
1457 4125 1656 4180 cmdem
1686 4127 1821 4179 hanc

239 4211 492 4278 pra-clare
533 4211 851 4281 gessissent.
906 4212 999 4267 Ille
1045 4214 1296 4268 verohos
1341 4214 1624 4270 interfecit.
1671 4215 1820 4270 Tunc

240 4302 395 4357 totius
422 4301 613 4372 populi
639 4317 731 4356 rex
756 4302 985 4357 efﬁcitur
1028 4303 1226 4370 David,
1273 4314 1327 4358 et
1351 4305 1495 4359 venit
1517 4305 1814 4360 Jerusalem

237 4393 299 4444 ad
319 4393 657 4460 Jebusmum,
685 4393 1083 4463 impediuntque
1108 4394 1254 4449 illum
1281 4395 1455 4450 claudi
1483 4411 1551 4450 ne
1574 4396 1816 4462 intraret,

234 4498 704 4563 etcepitarmm,et
725 4488 1002 4544 aulilicavit
1023 4489 1123 4546 sibi
1139 4491 1375 4545 domum.
1408 4486 1538 4542 Cum
1567 4487 1660 4542 illo
1681 4504 1820 4558 quo-

234 4596 333 4648 que
358 4582 534 4637 foedus
565 4581 802 4636 habebat
827 4579 1057 4652 Cliyram
1089 4597 1182 4635 rex
1219 4580 1366 4650 Tyri.
1399 4581 1602 4634 Bellum
1647 4597 1820 4635 move-

234 4681 355 4727 runt
407 4675 768 4744 alienigenae,
825 4681 880 4726 et
919 4688 1169 4742 egressus
1219 4672 1352 4726 fudit
1397 4688 1490 4726 eos
1521 4673 1703 4726 David.
1751 4673 1823 4745 Ut

235 4776 405 4821 autem
435 4779 630 4822 rursus
679 4765 1017 4831 invaserunt,
1065 4781 1095 4818 a
1147 4767 1254 4820 Deo
1284 4767 1611 4834 prohibetur,
1659 4783 1725 4822 ne
1767 4768 1819 4822 in

236 4873 514 4914 occursum
542 4859 763 4912 illorum
787 4868 889 4912 eat.
911 4857 1013 4911 Sed
1037 4857 1161 4910 Cum
1182 4858 1400 4910 mulieris
1417 4899 1429 4919 ,
1457 4858 1628 4927 inquit
1656 4859 1815 4925 Deus,

294 5012 364 5074 (τι)
389 5012 446 5060 In
468 5010 705 5074 Vulgata,
729 5009 954 5074 Alsboseti't.
983 5012 1063 5060 llic
1086 5025 1202 5060 vero
1228 5011 1590 5068 Mentplti'bostltc
1622 5028 1718 5064 non
1756 5015 1821 5063 la-

236 5085 320 5133 jrsu
347 5072 592 5136 graphice
635 5072 842 5133 positum
890 5072 1426 5136 fuisset-idenm:nam
1470 5075 1642 5122 eodem
1680 5079 1821 5124 modo

231 5134 456 5198 scriptum
479 5136 560 5183 bis
581 5142 756 5198 postea
777 5134 1205 5198 occurﬁt._\'erunt
1229 5134 1479 5196 exemplar
1503 5136 1818 5198 Chrysostomi

234 5196 432 5259 multum
459 5195 932 5259 variabat,_eratque
970 5195 1052 5259 illo
1075 5203 1298 5258 tempore
1322 5195 1438 5259 mira
1470 5195 1820 5259 exemplarium

232 5257 504 5308 diversitas.
534 5257 681 5322 multa
704 5253 968 5322 lectionum
991 5253 1261 5322 discrimina
1285 5258 1502 5322 proferre
1528 5261 1574 5306 in
1600 5253 1820 5322 promptu

235 5327 383 5378 esset,
415 5321 636 5382 maxime
661 5331 780 5382 vero
816 5319 867 5366 in
904 5319 1178 5382 nominibus
1202 5319 1420 5382 propriis.
1445 5326 1558 5382 tunc
1583 5319 1723 5382 porro
1737 5319 1819 5371 Ἰθ-

231 5384 342 5436 ctio,
370 5378 774 5444 Memphibosthe,
798 5393 894 5444 non
933 5379 1151 5444 insolens
1187 5378 1336 5444 fuisse
1377 5378 1821 5444 videtur,'quando-

231 5445 424 5504 quidem
445 5442 790 5504 'l‘heodoretus
813 5443 958 5504 etiam
997 5443 1170 5490 eodem
1209 5443 1350 5490 modo
1389 5442 1512 5504 legit
1548 5442 1819 5501 Quaestione

232 5501 390 5553 octava
429 5507 479 5553 in
511 5501 999 5564 secundumilibrum
1039 5511 1234 5564 Regum.
1265 5511 1317 5552 et
1338 5501 1609 5561 Qnafstione
1632 5505 1820 5556 decima

231 5577 396 5625 quarta
433 5569 481 5615 in
523 5564 758 5613 eumdem
797 5563 990 5611 librum.
1018 5566 1148 5625 Unde
1186 5565 1330 5612 etiam
1362 5564 1595 5614 inferatur
1621 5579 1726 5614 eam
1750 5568 1821 5616 lc-

232 5624 438 5676 c’tiunem
477 5629 524 5675 in
567 5629 678 5684 eius
714 5625 982 5688 exetnplari
1016 5624 1182 5688 fuisse.
1210 5625 1392 5688 verum
1416 5635 1578 5688 autem
1604 5628 1709 5688 ejus
1731 5643 1818 5676 no-

233 5701 344 5736 men
371 5702 478 5739 erat
501 5696 648 5747 pum
678 5691 814 5750 tvm,
851 5687 1071 5743 tsboseth,
1105 5695 1160 5736 ut
1181 5687 1328 5735 habet
1349 5687 1554 5749 Vulgata
1574 5687 1820 5742 ;|ibrario-

232 5767 335 5802 rum
371 5766 540 5822 autem
579 5758 720 5822 lapsu
761 5757 991 5818 scriptum
1013 5757 1117 5818 fuit,
1154 5757 1538 5821 Mcmpliibosthc,
1565 5761 1692 5822 quod
1716 5769 1820 5812 erat

235 5829 408 5868 nomen
431 5821 513 5868 lilii
538 5818 780 5867 Jouatlue.

1363 375 1685 432 SYNOPSIS
1721 376 2125 433 SCRIPTURA‘J
2163 380 2433 438 ἓὶΩΙῖΑΕ.

3443 399 3546 455 516

1965 507 2131 547 uocem
2157 498 2385 551 tremoris
2412 499 2562 568 ﬂetus
2579 501 2617 564 ¹,
2641 510 2758 554 tunc
2782 505 3015 574 pretium
3044 509 3294 563 committe
3314 510 3392 581 (‘2.
3417 513 3540 583 Reg.

1956 584 2012 640 5.
2042 583 2159 658 24).
2187 587 2336 643 Tunc
2359 590 2502 643 enim
2526 589 2801 647 tradentur
2833 595 2946 649 tibi.
2980 598 3206 654 Amovet
3232 616 3412 657 arcam
3439 581 3558 658 Da}.

1955 676 2041 731 vid
2061 719 2077 744 ,
2113 687 2168 733 et
2193 680 2418 734 moritur
2442 679 2578 745 Oza,
2609 684 2732 751 quia
2762 686 3004 742 extendit
3047 705 3262 744 manum
3297 709 3446 747 suam
3478 697 3542 749 ad

1953 782 2153 822 arcam.
2177 768 2308 825 Cum
2334 780 2509 828 autem
2534 772 2820 828 duceretur
2841 791 2986 843 arca,
3018 780 3244 835 saltabat
3272 783 3460 849 David,
3491 797 3544 839 et

1953 858 2197 930 despexit
2221 877 2344 916 eum
2374 863 2622 918 Melchol.
2668 865 2815 920 Tunc
2841 883 2963 922 cum
2993 871 3153 926 vellet
3176 873 3341 927 David
3381 877 3542 930 a-diti-

1951 964 2076 1005 care
2103 953 2380 1023 templum,
2409 954 2720 1026 prohibetur
2748 972 2778 1011 a
2807 957 3014 1013 Nathau
3043 963 3332 1031 prOpheta,
3353 977 3406 1021 e—t
3428 984 3541 1036 prc-

1950 1051 2104 1098 catur
2131 1045 2330 1114 gratias
2356 1061 2520 1117 agens
2550 1048 2680 1115 Deo,
2709 1051 2927 1118 gratias,
2952 1050 3189 1122 inquam,
3223 1056 3289 1110 de
3317 1059 3541 1126 promis-

1949 1135 2193 1193 sionibus
2211 1152 2344 1208 quas
2372 1139 2594 1194 audivit.
2626 1141 2898 1197 Percussit
2928 1143 3092 1198 David
3125 1147 3454 1218 alienigenas
3483 1161 3540 1206 et

1948 1226 2195 1284 Moabum
2224 1239 2279 1284 et
2303 1230 2486 1301 Syros,
2517 1239 2573 1286 et
2599 1247 2749 1286 arma
2786 1247 2946 1287 aurea
2973 1250 3093 1304 qua:
3123 1241 3364 1308 accepit,
3396 1250 3536 1294 attn-

1947 1317 2446 1392 litJerosolymam,
2475 1339 2593 1392 qua:
2636 1323 2849 1378 demtun
2894 1325 3112 1382 abstulit
3154 1328 3391 1384 Susacim
3435 1349 3528 1388 rex

1946 1407 2183 1481 Egypti.
2198 1411 2465 1482 Multaque
2480 1413 2813 1469 anathemata
2829 1419 3159 1473 consecravit
3181 1420 3357 1474 David-
3379 1422 3533 1478 Mem-

1945 1501 2252 1571 phibaalum
2284 1503 2451 1558 ﬁlium
2493 1504 2736 1560 Jouatha:
2765 1506 3010 1576 dignatur
3048 1525 3228 1565 mensa
3270 1514 3410 1582 regia
3433 1556 3448 1580 ,
3479 1528 3533 1568 et

1945 1593 2125 1648 omnia
2154 1609 2274 1664 quae
2303 1595 2369 1649 ad
2399 1593 2612 1664 Saﬁlem
2643 1598 3091 1666 pertinebantdat
3120 1602 3238 1672 ipsi.
3269 1604 3537 1675 Jubetque

1942 1681 2142 1752 Sibam,
2173 1685 2261 1755 qui
2311 1695 2429 1741 erat
2469 1701 2660 1741 servus
2703 1697 2996 1757 paternus,
3038 1691 3411 1762 Memphibaali
3452 1698 3536 1766 (ei

1941 1776 2145 1831 servire
2169 1793 2290 1832 cum
2313 1778 2436 1832 ﬁliis
2458 1779 2590 1834 suis.
2618 1779 2776 1834 Mittit
2801 1789 2976 1835 autem
3007 1783 3071 1836 ad
3101 1799 3277 1855 regem
3302 1785 3527 1842 ﬁliorum

1940 1868 2197 1935 Ammon,
2244 1870 2332 1938 qui
2369 1871 2771 1925 consolarentur
2809 1888 2953 1937 eum,
2978 1873 3098 1942 quia
3141 1886 3384 1931 mortuus
3415 1887 3530 1932 erat

1942 1971 2096 2032 pater
2123 1963 2260 2032 ejus.
2312 1963 2408 2019 ille
2452 1980 2581 2020 vero
2619 1965 2967 2022 suadentibus
3009 1969 3352 2038 optimatibus
3380 1972 3524 2040 ejus.

1939 2052 2202 2108 dedecore
2227 2052 2396 2109 afficit
2422 2069 2516 2110 eos
2540 2057 2627 2125 qui
2655 2071 2683 2108 a
2709 2056 2913 2112 Davide
2937 2058 3085 2112 missi
3113 2060 3354 2114 erantad
3378 2061 3532 2117 illum

1938 2145 2340 2199 consolandum.
2366 2143 2505 2201 Hinc
2536 2147 2708 2201 oritur
2746 2148 2942 2202 belhuu
2983 2167 2996 2202 :
3024 2157 3080 2203 et
3112 2151 3284 2219 primo
3310 2152 3525 2222 quidem

1939 2238 2102 2291 mittit
2126 2237 2350 2293 Joabum
2379 2256 2393 2294 :
2423 2239 2616 2295 deinde
2644 2240 2790 2294 venit
2815 2241 2930 2310 ipse
2971 2242 3134 2296 David
3155 2285 3171 2309 ,
3199 2253 3253 2298 et
3282 2246 3534 2300 inituiCos.

1937 2328 2102 2401 fugat.
2135 2330 2268 2385 llinc
2301 2346 2364 2386 ea
2395 2347 2515 2400 qua:
2559 2330 2624 2386 ad
2652 2331 2833 2388 Uriam
2863 2343 2918 2386 et
2955 2318 3021 2387 ad
3051 2334 3317 2392 Bersabee
3356 2339 3524 2406 perti—

1936 2431 2087 2488 nent,
2114 2431 2167 2476 et
2194 2421 2258 2475 ad
2286 2423 2546 2477 infantem
2574 2424 2663 2492 qui
2695 2433 2937 2478 mortuus
2965 2433 3066 2478 est.
3101 2426 3398 2498 Posteaque
3427 2447 3522 2483 ua-

1936 2513 2104 2568 scitur
2127 2513 2401 2570 Salomon.
2431 2513 2712 2584 Oppugnat
2738 2514 2872 2570 Joab
2901 2516 3124 2580 Ravath,
3160 2527 3212 2572 et
3244 2529 3524 2590 postquam

1935 2607 2120 2662 urbem
2151 2607 2463 2676 occupavit,
2510 2609 2671 2661 mittit
2709 2608 2773 2662 ad
2807 2610 2989 2675 David,
3034 2611 3216 2665 volens
3250 2614 3526 2669 victoriam

1936 2698 2034 2770 ipsi
2055 2699 2304 2754 adscribi.
2329 2701 2485 2754 Amat
2511 2700 2649 2754 ﬁlius
2674 2701 2835 2755 David
2865 2705 3070 2757 Amnon
3099 2720 3336 2760 sororem
3366 2723 3516 2762 suam

1935 2790 2190 2853 Thamar,
2219 2799 2275 2845 et
2304 2792 2555 2844 simulato
2595 2793 2811 2855 morbo,
2857 2795 3156 2849 venientem
3188 2797 3327 2850 illam
3358 2799 3422 2852 ad
3463 2815 3522 2854 se

1936 2880 2257 2934 visitandum
2299 2882 2621 2935 contumelia
2664 2881 2848 2936 afﬁcit.
2892 2884 3005 2952 Qua
3034 2902 3093 2941 re
3136 2889 3310 2942 audita
3359 2891 3520 2944 frater

1934 2972 2050 3042 ejus
2077 2973 2414 3038 Abessaloiu,
2449 2975 2634 3028 invitat
2661 2985 2844 3044 postea
2874 2993 3052 3046 regem
3079 2979 3143 3033 ad
3173 2983 3471 3035 convivium
3503 3001 3513 3034 :

1933 3079 2161 3132 cumque
2203 3078 2296 3118 rex
2341 3081 2444 3118 non
2486 3067 2723 3133 veniret,
2767 3077 2918 3136 rogat
2959 3068 3152 3123 fratres
3183 3079 3238 3123 ut
3285 3073 3514 3126 veniant.

1931 3155 2064 3210 Cum
2097 3163 2273 3210 autem
2304 3157 2590 3221 venissent,
2625 3158 2715 3212 illo
2745 3159 2968 3227 jubente
2999 3161 3136 3214 servi
3171 3161 3336 3229 ipsius
3381 3163 3519 3217 inter

1933 3246 2305 3317 prandendum
2345 3247 2655 3302 occiderunt
2689 3253 3008 3302 Amnoucm.
3041 3250 3106 3306 Ut
3143 3267 3270 3306 vero
3299 3269 3390 3307 rex
3422 3270 3518 3307 au-

1932 3338 2084 3404 divit,
2113 3337 2338 3391 multum
2375 3337 2528 3404 luxit,
2571 3347 2626 3391 et
2655 3337 2820 3392 iratus
2849 3339 2946 3393 fuit
2974 3341 3026 3394 in
3058 3341 3394 3396 Abessalom.
3427 3345 3517 3400 Ille

1929 3437 2105 3484 autem
2135 3427 2370 3498 aufugit;
2399 3438 2452 3482 et
2505 3439 2624 3497 post
2655 3438 2762 3482 tres
2794 3445 2983 3494 annos,
3013 3446 3132 3485 cum
3165 3432 3344 3487 sedata
3373 3444 3519 3490 esset

1930 3521 2009 3574 ira
2032 3523 2194 3589 regis,
2225 3527 2402 3574 astute
2423 3519 2668 3590 providet
2692 3519 2827 3574 Joab
2840 3527 3513 3591 permulicrem’I‘hceoiti~

1929 3613 2086 3679 dem,
2111 3613 2404 3682 suadetque
2435 3613 2544 3682 regi
2579 3621 2636 3666 ιιι
2659 3613 2971 3668 Abessalotn
3001 3624 3234 3671 revocet.
3266 3617 3511 3671 Redeun-

1928 3715 2036 3760 tem
2063 3705 2234 3760 noluit
2257 3715 2405 3774 pater
2430 3707 2607 3758 statim
2635 3705 2845 3770 videre;
2868 3705 2962 3760 sed
2984 3705 3193 3763 duobus
3221 3711 3374 3762 annis
3400 3725 3509 3764 n-a-

1929 3797 2094 3854 nebat
2131 3800 2183 3851 in
2237 3797 2532 3851 Jerusalem
2576 3806 2730 3852 extra
2772 3807 3113 3866 conspectuin
3155 3799 3316 3869 regis.
3363 3800 3514 3854 Tunc

1927 3898 2084 3942 vocat
2115 3887 2375 3952 Joabuin;
2411 3887 2500 3942 ille
2543 3903 2670 3942 vero
2711 3904 2816 3941 non
2857 3888 3262 3958 obtemperavit.
3309 3891 3512 3946 Deinde

1932 3981 2076 4034 illius
2115 3995 2301 4050 agrum
2345 3979 2599 4046 incendit,
2630 3989 2686 4034 et
2711 3981 2786 4034 sic
2815 3989 3031 4036 coactus
3060 3983 3201 4037 venit
3229 3983 3295 4038 ad
3338 3985 3511 4039 Abes-

1928 4072 2094 4125 salom
2128 4088 2144 4126 :
2173 4079 2228 4124 et
2255 4071 2323 4125 ab
2354 4071 2444 4125 illo
2471 4071 2666 4125 missus
2687 4071 2753 4126 ad
2783 4087 2983 4140 regem,
3012 4073 3185 4141 ipsum
3210 4089 3330 4127 cum
3361 4085 3510 4144 patre

1927 4162 2319 4228 reconciliavit,
2351 4171 2405 4216 et
2432 4162 2498 4216 ad
2525 4163 2672 4216 illum
2703 4161 2941 4216 adduxit.
2967 4162 3113 4217 Fecit
3132 4173 3310 4219 autem
3341 4166 3512 4220 Abes-

1927 4255 2096 4308 salom
2124 4254 2224 4309 sibi
2264 4269 2454 4308 currus
2481 4263 2534 4308 et
2561 4253 2801 4323 equites,
2834 4263 2888 4308 et
2913 4269 3004 4310 eos
3031 4255 3123 4325 qui
3151 4255 3217 4310 ad
3250 4256 3509 4326 judicium

1927 4343 2259 4399 accedebant
2277 4359 2397 4397 cum
2426 4345 2591 4398 multo
2620 4345 2918 4412 excipiebat
2941 4345 3162 4408 honore,
3185 4356 3240 4400 et
3260 4346 3512 4403 laudabat

1927 4437 2078 4508 quasi
2106 4436 2196 4506 qui
2232 4435 2373 4505 justa
2402 4436 2580 4491 dicere
2616 4446 2866 4506 possent,
2911 4439 3262 4492 miserahatur
3295 4450 3508 4505 autem,

1926 4528 2078 4599 quasi
2107 4543 2266 4583 nemo
2293 4537 2435 4582 esset
2473 4528 2564 4598 qui
2608 4538 2789 4598 posset
2816 4530 2936 4585 illos
2973 4529 3290 4600 defendere,
3325 4549 3390 4587 ac
3420 4534 3506 4588 di-

1991 4694 2103 4741 1l-tic
2126 4691 2272 4751 longe
2295 4689 2483 4742 variant
2505 4692 2803 4752 interpretes
2824 4705 2838 4769 ξ
2868 4692 3100 4772 llebrmus
3122 4694 3271 4774 habet
3293 4674 3507 4778 δψ-Πιις

1927 4769 2143 4821 magna
2193 4768 2388 4816 arma:
2431 4765 2579 4818 Tm?!
2618 4774 2777 4810 vocem
2815 4760 3027 4812 incessus
3064 4762 3115 4812 in
3155 4760 3390 4828 cupitibt'w
3408 4783 3510 4819 mo.-

1925 4847 2108 4885 rorum.
2135 4831 2306 4893 Aquila
2333 4839 2393 4901 .et
2430 4833 2747 4901 Symmachus,
2769 4845 2879 4901 ea?“
2918 4842 3143 4901 sagittam,
3185 4849 3219 4885 ιν
3257 4851 3510 4901 “ﬂava,

1973 4911 2162 4960 caprinum,
2193 4891 2470 4960 Strepitunr
2501 4892 2747 4960 transitus
2775 4891 2832 4942 in"
2871 4891 3103 4960 capitibus
3135 4891 3386 4959 lpra'st'dw.
3406 4891 3507 4949 um.

1973 4923 2162 4960 ουρησιων,
2193 4923 2442 4953 οιιιμιινιυη
2501 4923 2747 4961 ιΙΞΙΙιύιΙΙΙΙἼ.
2777 4923 2825 4942 ιιι
2871 4923 3103 4965 ιιιμιιςυιω
3143 4923 3196 4959 IN
3211 4923 3386 4948 ιινῡιαιυ,
3406 4923 3507 4949 um.

1925 4923 2148 5020 Vulgata,
2174 4953 2378 5003 sonitum
2413 4954 2679 5013 grmltentts
2730 4968 2778 5002 'm
2822 4967 3070 5008 cucumme
3113 4972 3362 5021 pyrorum.
3399 4969 3508 5009 LXX

1927 5029 2032 5079 lnt.,
2060 5034 2124 5079 τήν
2150 5030 2262 5082 euri-ii
2294 5032 2357 5064 τῶν
2382 5027 2613 5082 maintain-3
2644 5028 2714 5064 ἀπὸ
2750 5033 2812 5082 τῷ
2842 5025 2973 5082 Quae;
2997 5036 3060 5069 τςΰ
3072 5026 3327 5079 κλαυθμῡνος
3348 5034 3505 5071 eorum

1926 5076 2242 5132 consumimus
2286 5091 2316 5125 a
2357 5077 2463 5124 luco
2505 5077 2658 5137 ﬂetus.
2707 5079 2798 5126 sed
2841 5078 2993 5138 alius,
3043 5093 3096 5128 ut
3145 5076 3411 5130 notavimus
3461 5084 3508 5132 in

1929 5142 2170 5205 llcxaplis,
2195 5138 2287 5187 hoc
2311 5137 2415 5186 loco
2433 5151 2534 5198 pro,
2551 5151 2800 5205 συγκλεισξροῦ,
2816 5137 3509 5205 habet.weattqmsllhrysosto—

1927 5220 2034 5255 mus
2051 5201 2186 5260 ὕει-ο,
2209 5216 2274 5264 τῷ
2298 5216 2456 5259 σιισμοῦ.
2481 5207 2560 5264 llze
2583 5214 2703 5264 ΥΕΙὈ
2725 5201 2981 5260 lectiones,
3000 5201 3232 5264 σνσσιυήιθῦ,
3255 5201 3508 5264 ριν-σιισμοῦ,

1927 5265 2161 5322 trenwris,
2189 5262 2267 5310 vel
2297 5261 2642 5320 corumotz'ouis,
2667 5265 2821 5325 magis
2855 5266 3087 5327 accedunt
3109 5261 3166 5327 ad
3201 5261 3509 5327 significatio;

1927 5343 2038 5379 nem
2061 5329 2190 5376 vocis
2216 5327 2380 5383 311313.
2403 5336 2547 5383 quam
2570 5337 2818 5386 σλτκλιισμςιῦ,
2841 5325 3167 5374 conclusionis.

1991 5391 2064 5458 (α)
2087 5391 2159 5458 sic
2181 5406 2377 5458 qutujue
2412 5391 2536 5454 legit
2565 5395 2916 5458 'rheodoretus,
2949 5396 3219 5458 Qt_t_:rstione
3259 5397 3509 5458 trigesima

1929 5455 2079 5514 prima
2126 5453 2394 5520 iu_librutn
2434 5457 2701 5504 secundum
2747 5464 2942 5514 negtuu.
2969 5456 3090 5520 illud
3123 5465 3288 5506 autem
3313 5453 3506 5520 nomen,

1929 5525 2162 5578 Μιμᾳϐαά),
2188 5514 2360 5564 factum
2389 5524 2465 5564 est
2503 5519 2674 5578 partim
2709 5532 2770 5565 ex
2799 5520 2904 5575 ejus
2928 5519 3140 5576 nomine,
3165 5527 3219 5566 ιιι
3243 5514 3509 5570 habebatur

1925 5577 2049 5642 apud
2074 5577 2560 5642 Lxxmterpretesin
2579 5579 2924 5626 libroscrundo
2937 5581 3340 5642 liegum,netupe
3366 5591 3509 5630 Mem-

1927 5637 2204 5702 pltibosflte,
2236 5641 2404 5702 partim
2432 5654 2492 5687 e\
2521 5641 2735 5698 ejusdem
2759 5643 2913 5687 altero
2937 5637 3287 5702 ιιοῄιὶιιύψιικῖ
3304 5643 3507 5692 habetur

1929 5702 2078 5760 pt‘inio
2116 5699 2246 5746 lihru’
2279 5701 2664 5761 l'aralipotnenon
2704 5715 2807 5760 cap.
2833 5701 2892 5756 1,),
2919 5715 2964 5747 v.
2990 5701 3066 5760 ili,
3097 5699 3344 5752 Mciibaal.
3371 5710 3508 5756 Error

1926 5767 2086 5808 autent
2108 5761 2217 5808 ideo
2242 5777 2524 5829 perseverat
2540 5763 2768 5829 erit,qui_:t
2790 5762 2990 5820 primum
3013 5778 3208 5829 nomen,
3227 5763 3510 5829 ΜθηῳΙιὶὺο-

1927 5832 2192 5884 διΙιι·,.;1,ιι;›ιι
2218 5826 2442 5883 graphio»
2467 5824 2521 5868 ad
2552 5823 2850 5870 lsluvst'lhuui
2877 5825 3146 5874 tt'ausitl‘al.
