4102 6322
579 375 685 431 317

581 488 736 541 cebat
796 504 809 539 :
868 485 992 551 Quis
1048 500 1125 537 me
1175 484 1441 536 constituet
1493 482 1718 554 judicent
1774 495 1925 549 super
1971 485 2156 530 terram

583 579 660 648 (9...
699 577 828 646 Reg.
860 576 947 628 15.
985 573 1082 645 4)?
1112 584 1165 628 et
1191 573 1270 626 sic
1306 574 1558 642 populum
1586 573 1688 627 sibi
1716 569 2035 626 conciliavit.
2069 568 2156 622 ln-

583 670 752 737 surgit
785 666 1095 721 Abessalon)
1134 674 1318 719 contra
1346 665 1632 730 Davidem;
1665 679 1766 733 qua
1797 679 1856 719 re
1887 673 2155 734 comperta

580 763 670 817 ille
698 760 828 829 fugit
858 775 922 812 ex
967 757 1262 812 Jerusalem
1281 799 1294 824 ,
1325 757 1558 812 dimissis
1588 757 1642 810 in
1678 757 1810 811 urbe
1848 756 2158 811 concubinis

586 853 716 907 suis.
764 851 884 905 Ethi
942 850 1211 903 volentem
1259 864 1436 904 secum
1491 850 1640 904 abire
1688 849 1860 918 primo
1911 847 2152 912 cohibet,

585 943 776 997 deinde
803 942 892 995 ubi
927 941 1213 995 instantem
1250 940 1412 1006 vidit,
1456 939 1506 993 id
1549 939 1804 1009 permisit.
1839 937 1937 994 Ubi
1980 946 2155 992 autem

575 1031 886 1079 torrentem
925 1032 1267 1100 trajecerunt,
1310 1031 1534 1098 imperat
1576 1029 1939 1084 sacerdotibus
1983 1039 2038 1082 ut
2067 1043 2155 1082 re-

588 1123 784 1177 ducant
811 1137 988 1176 aream
1031 1123 1081 1175 in
1111 1122 1317 1176 urbem.
1352 1123 1467 1191 Ipse
1493 1136 1622 1177 vero
1650 1135 1708 1175 se
1731 1129 2156 1188 exspectaturum

588 1229 682 1268 eos
709 1214 838 1268 dicit
865 1215 915 1266 in
947 1215 1063 1268 loco
1094 1212 1361 1267 Olivarum
1395 1213 1494 1284 (a),
1525 1214 1568 1266 si
1596 1212 1720 1282 quid
1751 1211 1979 1267 habeant
2005 1227 2156 1266 area-

587 1320 778 1358 norum
819 1305 959 1374 regis
997 1305 1298 1359 dicendum.
1342 1305 1584 1359 Occurrit
1622 1306 1802 1360 Davidi
1840 1304 2022 1360 Chusi.
2066 1305 2157 1360 Ille

587 1409 717 1449 vero
746 1395 890 1449 misit
927 1410 1046 1450 eum
1092 1404 1149 1450 ut
1188 1394 1524 1463 AchiIOplteli
1565 1395 1880 1459 obsisteret,
1917 1395 2006 1465 qui
2045 1406 2158 1450 erat

586 1486 686 1553 ipsi
731 1486 1039 1541 Abessalom
1065 1502 1095 1541 a
1123 1487 1376 1541 consiliis.
1421 1486 1489 1542 Ut
1527 1497 1702 1542 autem
1748 1487 2004 1542 abscessit
2035 1486 2154 1554 ille,

588 1577 734 1631 venit
779 1576 924 1643 Siba,
967 1579 1055 1647 qui
1099 1588 1344 1632 accusata
1382 1579 1510 1633 hero
1535 1592 1630 1632 suo
1673 1578 2021 1648 Memphibaal
2061 1577 2154 1651 (ὁ),

591 1669 739 1734 quasi
771 1684 990 1738 regnare
1037 1672 1225 1735 vellet,
1265 1679 1427 1724 totum
1473 1671 1664 1738 accipit
1702 1686 1731 1722 a
1765 1670 1978 1725 Davide.
2011 1670 2161 1727 Tunc

590 1758 766 1814 Semei
797 1761 1063 1815 maledicit
1091 1762 1306 1824 Davidi;
1343 1761 1504 1814 David
1548 1772 1721 1816 autem
1764 1763 2018 1817 Abessam
2061 1775 2155 1814 vo-

593 1853 787 1906 lentem
817 1852 960 1906 illum
991 1853 1234 1908 occidere
1253 1855 1506 1909 cohibuit.
1535 1853 1870 1908 VenitChusi
1896 1854 1960 1907 ad
1987 1853 2156 1907 Abes-

594 1943 786 2007 salom,
822 1944 1204 2014 persuadetque
1234 1946 1308 1998 illi
1330 1961 1388 1999 se
1415 1945 1726 1999 benevolum
1758 1945 1856 2014 ipsi
1881 1945 2154 2000 accedere.

591 2035 831 2104 Cumque
851 2037 1126 2090 consilium
1154 2039 1440 2107 agitaretur
1464 2037 1530 2091 de
1552 2037 1706 2091 rebus
1735 2038 1999 2106 gerendis,
2029 2037 2154 2091 hor-

590 2129 738 2178 tatur
757 2128 1067 2183 Abessalom
1089 2132 1425 2201 Aehitophel,
1454 2140 1510 2186 ut
1528 2146 1646 2185 eum
1667 2133 1974 2188 concubinis
1994 2134 2159 2202 patris

583 2223 669 2277 sui
686 2229 862 2275 coeat.
894 2221 948 2276 ld
975 2221 1064 2277 ille
1091 2223 1218 2278 fecit
1248 2225 1298 2278 in
1325 2225 1520 2279 solario
1540 2225 1750 2290 domus,
1781 2234 1837 2278 ut
1864 2239 2050 2279 omnes
2075 2225 2156 2278 vi-

585 2310 798 2364 derent.
823 2311 983 2366 Addit
1001 2313 1145 2366 aliud
1167 2313 1478 2377 consilium;
1504 2325 1560 2368 ut
1577 2315 1676 2368 sibi
1699 2315 1856 2368 liceat
1870 2329 1988 2368 eum
2011 2315 2158 2370 mille

592 2403 718 2454 viris
758 2403 1008 2458 Davidem
1042 2404 1256 2473 aggredi
1287 2413 1339 2459 et
1375 2421 1584 2460 necare.
1618 2405 1685 2461 Ut
1725 2415 1900 2460 autem
1941 2414 2158 2460 vocatus

593 2503 675 2547 est
699 2494 883 2563 Chusi,
917 2505 974 2550 ut
1001 2498 1280 2552 consilium
1309 2505 1364 2553 et
1391 2499 1503 2568 ipse
1528 2499 1696 2563 daret,
1721 2500 1765 2554 is
1794 2499 2157 2570 Aehitophelis

582 2592 907 2646 sententiam
937 2590 1144 2654 evertit,
1177 2590 1404 2645 suadens
1432 2600 1488 2644 ut
1514 2592 1722 2646 interim
1750 2593 2153 2661 supersederet,

588 2679 681 2732 sed
710 2691 890 2748 postea
918 2696 1036 2735 cum
1065 2697 1256 2749 magno
1278 2692 1530 2751 apparatu
1557 2683 1806 2738 Davidem
1837 2684 2153 2740 adoriretur.

591 2770 788 2840 lllaque
815 2775 1078 2827 sententia
1108 2775 1274 2843 magis
1304 2775 1526 2844 placuit,
1563 2777 1674 2831 Deo
1717 2778 1918 2832 scilicet
1942 2780 2013 2834 ita
2042 2779 2154 2835 dis-

590 2873 864 2930 pensante.
898 2865 1045 2920 Tunc
1074 2866 1216 2920 misit
1243 2866 1426 2932 Chusi,
1458 2876 1512 2922 et
1540 2885 1632 2937 per
1660 2864 1794 2924 ﬁlios
1820 2868 2154 2926 sacerdotum

593 2951 709 3005 hate
749 2953 927 3008 Davidi
969 2957 1244 3010 nuntiavit.
1274 2957 1590 3029 Acbitophel
1629 2971 1825 3026 autem,
1853 2963 2004 3030 cujus
2029 2977 2152 3017 sen-

592 3043 754 3096 tentia
795 3044 1044 3115 despeeta
1081 3047 1283 3115 fuerat,
1325 3064 1445 3104 sese
1485 3053 1848 3121 strangulavit.
1893 3054 2157 3110 Feruntur

589 3133 775 3187 Davidi
824 3140 988 3190 multa
1031 3137 1189 3194 dona.
1238 3141 1556 3196 lnstructum
1607 3152 1780 3199 autem
1829 3147 2155 3214 exercitum,

585 3226 763 3280 emisit
787 3227 972 3284 dicens
995 3247 1008 3284 :
1033 3229 1237 3286 Parcite
1257 3234 1465 3302 puerulo
1485 3250 1593 3289 meo
1609 3236 1898 3293 Abessalom
1920 3240 1995 3310 (2.
2026 3241 2152 3311 Reg.

586 3319 674 3373 18.
697 3319 773 3390 5).
799 3321 974 3390 Ipsum
999 3325 1140 3378 enim
1167 3325 1220 3380 in
1237 3327 1432 3382 bellum
1453 3329 1599 3385 exire
1625 3345 1728 3385 non
1760 3334 2153 3400 permittebant.

587 3409 834 3465 Praelium
861 3416 1226 3480 committitur,
1259 3419 1540 3490 multisque
1564 3423 1872 3479 cadentibus
1901 3425 2157 3481 occiditur

587 3503 746 3555 etiam
794 3504 1124 3570 Abessalom,
1152 3522 1182 3560 a
1221 3522 1372 3562 coma
1416 3511 1593 3565 arbori
1637 3513 1846 3567 cuidam
1887 3515 2152 3585 alligatus.

588 3592 683 3646 lllo
703 3596 879 3650 occiso
905 3609 1077 3652 cessat
1099 3601 1312 3653 bellum.
1337 3602 1494 3657 Mittit
1519 3603 1678 3658 Chusi
1704 3605 1834 3661 Joab
1862 3609 1948 3677 qui
1974 3609 2155 3665 Davidi

583 3683 858 3739 victoriam
908 3690 1130 3743 nuntiet.
1178 3690 1294 3757 Quo
1337 3693 1422 3747 ille
1465 3695 1644 3749 audito
1681 3696 1893 3767 lugebat
1939 3709 2158 3770 propter

586 3773 782 3841 ﬁlium,
809 3777 980 3832 donec
1019 3780 1288 3849 ingressus
1323 3782 1454 3838 Joab
1483 3785 1628 3838 illum
1669 3790 1922 3856 mutavit,
1953 3791 2157 3861 ipsique

587 3870 786 3931 suasit,
817 3879 872 3923 ut
909 3870 1030 3924 laeto
1057 3871 1314 3944 hilarique
1341 3877 1485 3929 vultu
1529 3879 1819 3934 exercitum
1863 3883 2152 3953 exciperet.

587 3958 896 4027 Fugientem
945 3960 1191 4018 lsraelem
1235 3982 1329 4020 rex
1375 3967 1693 4033 advocabat;
1735 3973 1933 4029 Abessa
1979 3985 2154 4032 autem

588 4048 744 4116 illos,
771 4049 880 4117 jam
908 4051 960 4105 id
992 4053 1042 4106 in
1074 4057 1345 4125 proposito
1369 4057 1653 4126 habentes,
1683 4077 1747 4116 eo
1775 4065 1992 4119 adduxit
2017 4075 2073 4121 ut
2100 4083 2157 4122 se

590 4140 774 4194 Davidi
795 4141 1136 4210 subjicerent.
1161 4146 1290 4200 Cum
1320 4151 1661 4217 pertransiret
1685 4152 1991 4221 Jordanem,
2016 4159 2158 4212 venit

590 4230 801 4296 Semei,
850 4247 1000 4287 suum
1054 4237 1312 4291 conﬁtens
1361 4250 1652 4308 peccatum.
1717 4243 1937 4300 Volebat
1981 4257 2155 4302 autem

589 4323 790 4378 Abessa
818 4323 961 4376 illum
1010 4325 1336 4393 interﬁcere,
1384 4331 1435 4385 id
1478 4333 1744 4401 prohibuit
1787 4336 1970 4392 David.
2006 4338 2160 4393 Venit

588 4414 746 4467 etiam
777 4415 1130 4483 Memphibaal
1157 4421 1428 4488 squalidus
1447 4462 1463 4487 ,
1495 4425 1722 4481 sordidis
1752 4427 1967 4482 indutus
1993 4430 2158 4484 vesti-

593 4505 711 4569 bus,
746 4504 966 4561 densnm
1019 4509 1218 4566 habens
1266 4523 1578 4584 mystaeem,
1624 4533 1826 4587 ungues
1871 4521 2159 4575 ostendens

591 4597 775 4666 longos
804 4599 842 4664 ί,
875 4614 993 4667 qua:
1019 4602 1194 4656 omnia
1221 4602 1421 4660 doloris
1448 4607 1594 4675 signa
1639 4622 1818 4673 erant,
1848 4612 1917 4666 ob
1961 4611 2158 4666 bellum

589 4698 771 4742 contra
803 4689 1046 4744 Davidem
1075 4703 1294 4747 motum.
1326 4695 1682 4768 Interrogabat
1706 4715 1800 4754 rex
1825 4717 1920 4754 cur
1941 4717 2046 4756 non
2071 4718 2161 4758 ve-

595 4780 761 4832 nisset
788 4794 986 4834 secum.
1021 4781 1312 4851 Respondit
1342 4787 1429 4841 ille
1453 4803 1512 4843 se
1538 4805 1750 4859 rogasse
1776 4791 1952 4846 Sibam
1983 4791 2128 4848 famu
2152 4829 2159 4833 -

593 4872 701 4925 lum
732 4887 908 4937 suum,
934 4880 990 4926 ut
1018 4888 1075 4926 se
1100 4874 1341 4942 jumento
1371 4879 1687 4949 imponeret,
1718 4883 1938 4937 claudus
1967 4885 2160 4955 quippe

591 4975 707 5018 erat
747 4963 1097 5034 Memphibaal
1131 4984 1144 5020 :
1174 4967 1320 5021 illum
1362 4986 1489 5024 vero
1530 4973 1782 5027 noluisse.
1827 4974 1975 5029 Tunc
2011 4976 2160 5044 jubet

591 5073 684 5112 rex
714 5059 858 5112 illum
903 5071 1023 5111 cum
1055 5057 1179 5112 Siba
1207 5073 1388 5129 agrum
1417 5062 1670 5119 dividere.
1705 5066 1924 5121 Berzelli
1964 5084 2122 5137 porro
2141 5113 2156 5138 ,

588 5151 677 5220 qni
709 5150 834 5206 belli
859 5159 1096 5220 tempore
1118 5151 1280 5206 multa
1309 5153 1407 5222 ipsi
1434 5155 1843 5224 ministraverat,
1867 5173 2044 5214 secum
2066 5161 2161 5215 ad-

589 5242 786 5298 ducere
805 5243 1034 5298 volebat.
1068 5243 1159 5297 llle
1187 5258 1314 5297 vero
1335 5247 1595 5298 recusavit
1623 5252 1690 5299 ob
1719 5259 2040 5304 senectutem
2071 5268 2083 5303 :
2109 5262 2161 5306 et

591 5346 773 5386 secum
803 5335 1010 5404 accepit
1040 5349 1136 5390 rex
1163 5333 1329 5388 ﬁlium
1360 5333 1525 5404 ipsius
1565 5337 1698 5392 loco.
1731 5339 1878 5395 Tunc
1907 5342 2161 5398 scinditur

592 5429 886 5491 exercitus,
920 5443 1149 5500 parsque
1185 5428 1359 5484 Sabee
1403 5443 1460 5483 se
1501 5429 1666 5484 dedit.
1709 5432 1968 5503 Mittitque
1997 5436 2158 5490 David

650 5576 664 5604 ¹
693 5573 748 5622 In
789 5574 1001 5642 mitione
1044 5579 1247 5642 Romana
1290 5571 1486 5634 legitur,
1513 5583 1664 5634 neque
1700 5586 1878 5638 ungues
1907 5576 2158 5635 subsecuit,

586 5647 735 5697 neque
761 5637 944 5686 curavit
966 5640 1240 5697 mystacem.
1548 5687 1556 5696 θ

651 5693 721 5754 (ιι)
746 5705 852 5744 Ilzee
876 5709 971 5742 non
996 5693 1219 5744 videntur
1243 5708 1510 5744 consonare
1533 5693 1641 5744 cum
1664 5704 1800 5747 textu
1841 5699 1982 5749 LXX.

652 5758 721 5816 (h)
740 5758 789 5806 [n
807 5756 1164 5821 exemplaribus
1181 5757 1285 5821 aliis
1307 5763 1415 5806 [χχ
1429 5765 1482 5821 et
1508 5759 1552 5821 in
1579 5757 1790 5807 Edit'ioue
1813 5767 2013 5821 Romana
2037 5759 2159 5821 legi-

589 5827 687 5878 tur,
697 5818 1073 5881 Mempttibostlte,
1089 5821 1174 5870 sed
1185 5819 1277 5868 alia
1290 5819 1585 5882 exemplaria
1598 5820 1912 5884 Alcmphibaat
1923 5818 2154 5872 habuere.

1303 369 1356 424 S.
1388 367 1664 424 JOANNIS
1699 359 2171 423 CHRYSOSTOMI
2201 360 2515 419 ARCHIEP.
2546 365 3075 420 CONSTANTINOP.

3737 367 3842 422 3-18

2266 475 2541 531 Amessam
2563 478 2652 546 qui
2677 477 2906 532 debellet
2929 493 3049 533 eum
3075 495 3089 532 :
3113 476 3246 532 Joab
3267 491 3393 532 vero
3414 478 3691 532 Amessam
3715 480 3842 532 dulo
3865 479 3868 500 '

2264 569 2479 634 occidit,
2514 571 2807 639 urbemque
2841 571 2893 624 in
2921 586 3079 640 quam
3117 570 3427 640 confugerat
3462 570 3635 626 Sabee
3677 571 3839 624 obse-

2263 657 2360 713 dit.
2383 658 2483 726 Qui
2507 660 2558 712 in
2575 660 2787 714 civitate
2806 670 2977 729 erant,
2993 661 3249 716 suadente
3273 661 3513 726 muliere,
3538 661 3835 716 abscissum

2263 761 2419 821 caput
2442 752 2612 807 Sabee
2651 752 2818 808 Joabo
2843 769 2906 808 ex
2952 769 3103 808 muro
3151 753 3488 822 proiecerunt
3519 771 3532 806 :
3562 763 3722 822 atque
3765 755 3838 807 ita

2264 839 2406 895 bello
2431 841 2640 896 liberati
2662 851 2804 896 sunt.
2837 843 3029 898 Fames
3055 844 3106 897 in
3134 855 3270 897 terra
3299 843 3514 898 advenit
3540 862 3556 899 :
3585 843 3835 913 adquam

2263 931 2647 1002 profligandam
2688 949 2909 989 necesse
2947 943 3060 990 erat
3093 937 3368 1004 quospiam
3399 950 3463 989 ex
3501 934 3677 990 Saulis
3710 951 3833 1004 pro-

2262 1025 2416 1094 genie
2432 1025 2569 1079 tradi
2585 1024 2910 1080 Gabaonitis.
2933 1025 3080 1080 Tune
3097 1026 3534 1095 Memphihaalum
3557 1037 3835 1082 conservat

2264 1115 2450 1181 David,
2476 1116 2548 1170 ob
2575 1117 2933 1185 juramentum
2977 1115 3277 1170 Jonathano
3307 1116 3622 1185 praestitum.
3654 1116 3835 1171 Tradit

2267 1220 2443 1264 autem
2475 1209 2649 1264 Saulis
2692 1211 2834 1264 ﬁlios
2858 1218 2910 1264 et
2936 1219 3156 1279 nepotes
3175 1251 3188 1277 ,
3217 1210 3510 1280 sepelitque
3546 1210 3758 1266 Saﬁlem
3783 1220 3836 1265 et

2262 1298 2616 1353 Jonathanum
2662 1300 2713 1353 in
2755 1301 2997 1368 sepulcro
3041 1298 3152 1354 Cis.
3201 1300 3344 1354 Bella
3384 1310 3684 1354 moventur.
3731 1301 3832 1354 Da-

2263 1391 2439 1446 videm
2467 1391 2717 1445 cohibent
2744 1392 2824 1445 sui
2863 1406 2931 1446 ne
2959 1399 3145 1457 exeat,
3199 1407 3268 1445 ne
3309 1392 3446 1446 forte
3487 1394 3831 1461 periclitetur.

2262 1481 2414 1537 Tunc
2458 1482 2587 1536 dicit
2635 1482 2899 1536 decimum
2947 1483 3232 1551 septimum
3286 1482 3578 1536 Psalmum.
3630 1483 3833 1537 Recen-

2263 1584 2448 1628 sentur
2479 1575 2632 1627 fortia
2673 1574 3031 1643 praeclaraque
3075 1583 3222 1644 gesta
3249 1574 3440 1628 ducum
3481 1575 3714 1628 Davidis.
3743 1575 3832 1630 Ju-

2261 1667 2416 1722 betur
2460 1666 2594 1722 Joab
2639 1668 2888 1736 populum
2931 1683 3274 1734 enumerare,
3317 1679 3741 1739 enumeratque:
3781 1677 3833 1724 et

2262 1769 2413 1813 erant
2439 1759 2646 1815 lsraelis
2681 1769 2942 1830 nongenta
2973 1761 3138 1815 millia
3159 1803 3173 1828 ,
3205 1771 3259 1816 et
3283 1762 3431 1818 Judae
3453 1763 3834 1833 quadringenta

2263 1851 2429 1904 millia
2458 1850 2752 1915 hominum,
2778 1853 3014 1906 omnium
3041 1855 3372 1910 bellatorum.
3390 1855 3540 1910 Tune
3559 1857 3702 1909 venit
3721 1856 3835 1910 Gad

2261 1941 2520 2011 propheta
2569 1941 2840 2012 optionem
2885 1943 2960 1997 illi
3003 1943 3138 1999 dans
3180 1961 3246 2000 ex
3292 1946 3460 2000 tribus
3508 1947 3826 2012 ullionibus,

2261 2050 2417 2104 quam
2445 2036 2628 2091 subire
2668 2037 2881 2112 mallet,
2902 2052 2969 2090 an
3004 2047 3110 2092 tres
3148 2052 3316 2094 annos
3362 2039 3544 2104 famis,
3573 2055 3640 2093 an
3675 2042 3829 2094 trium

2261 2124 2466 2180 dierum
2499 2127 2673 2196 fugam
2704 2127 3018 2182 instantibus
3046 2129 3302 2195 hostibus,
3324 2145 3388 2183 an
3408 2138 3516 2184 tres
3545 2130 3661 2184 dies
3688 2147 3827 2185 mor-

2261 2218 2400 2274 tiferi
2451 2220 2643 2275 morbi.
2698 2220 2790 2276 llle
2841 2236 2967 2276 vero
3017 2229 3125 2277 tres
3176 2221 3292 2277 dies
3341 2223 3600 2276 mortiferi
3656 2224 3826 2277 morbi

2263 2313 2610 2379 prmoptavit,
2659 2314 2959 2382 mortuique
3006 2321 3130 2367 sunt
3172 2327 3202 2366 a
3247 2313 3505 2367 matutino
3549 2329 3717 2384 usque
3760 2315 3824 2368 ad

2263 2403 2466 2472 prandii
2523 2415 2730 2473 tempus
2785 2406 3116 2476 septuaginta
3166 2406 3310 2460 mille
3361 2405 3625 2461 homines.
3684 2407 3830 2463 Tunc

2267 2494 2430 2549 David
2457 2495 2591 2549 dixit
2621 2513 2635 2550 :
2679 2496 2810 2550 Ecce
2836 2514 2926 2568 ego
2970 2498 3202 2569 peccaui,
3251 2507 3298 2551 et
3325 2514 3416 2567 ego
3457 2508 3630 2568 pastor
3668 2499 3831 2565 inique

2261 2587 2340 2657 egi
2365 2604 2382 2640 :
2409 2587 2461 2639 hi
2488 2587 2572 2658 qui
2599 2604 2720 2658 grex
2743 2598 2878 2653 sunt,
2902 2589 3022 2658 quid
3053 2590 3310 2658 fecerunt?
3332 2588 3378 2641 F
3380 2589 3450 2641 ἰαί
3466 2606 3645 2642 manus
3671 2599 3757 2642 tua
3780 2592 3831 2642 in

2261 2697 2340 2734 me
2367 2689 2414 2734 et
2441 2681 2494 2734 in
2522 2682 2725 2734 domum
2752 2683 2910 2752 patris
2935 2684 3030 2736 mei
3056 2683 3131 2754 (‘2.
3170 2682 3298 2753 Reg.
3331 2681 3419 2735 24.
3451 2682 3565 2752 17).
3597 2683 3832 2736 Cessavit

2261 2772 2485 2842 punitio,
2517 2783 2570 2826 et
2589 2773 2804 2842 jubetur
2831 2773 2994 2827 David
3015 2789 3159 2827 aram
3181 2774 3386 2842 erigere
3411 2773 3465 2826 in
3487 2788 3608 2827 area
3629 2773 3825 2837 Ornim,

2259 2871 2314 2917 et
2345 2863 2416 2919 ibi
2455 2864 2778 2928 sacriﬁcare,
2823 2864 2872 2918 id
2904 2863 3042 2933 quod
3084 2863 3174 2918 ille
3215 2862 3341 2918 fecit
3365 2863 3466 2933 (a).
3503 2862 3662 2919 Ornia
3693 2864 3831 2918 ﬁlius

2261 2953 2426 3008 David
2454 2955 2704 3008 convivio
2733 2955 2928 3024 excipit
2957 2955 3181 3010 Joabnm
3211 2962 3268 3009 et
3291 2954 3653 3019 Abiatharem,
3681 2961 3846 3025 quasi

2259 3057 2593 3117 regnaturus.
2643 3049 2939 3117 Ingreditur
2982 3048 3278 3116 Bersabee,
3321 3048 3613 3104 secundum
3653 3049 3830 3103 consi-

2259 3139 2387 3194 lium
2434 3140 2642 3194 Natban
2686 3141 2978 3211 prophetas,
3009 3151 3064 3196 et
3093 3141 3144 3196 id
3187 3142 3465 3196 annuntiat
3495 3141 3712 3205 Davidi;
3755 3141 3830 3194 lo-

2259 3240 2456 3300 quente
2499 3231 2586 3285 illa
2629 3231 2898 3302 ingressus
2950 3241 3032 3286 est
3079 3231 3319 3298 Nathan;
3369 3231 3423 3286 id
3478 3231 3829 3286 moliebantur

2261 3322 2464 3378 scilicet
2493 3333 2549 3378 ut
2574 3323 2823 3379 Salomon
2849 3333 3116 3395 regnaret.
3164 3323 3375 3394 Egressi
3418 3334 3542 3379 sunt
3585 3325 3829 3393 imposito

2260 3429 2418 3485 supra
2439 3417 2852 3490 regiammulam
2870 3406 3173 3472 Salomone.
3193 3416 3342 3471 Tunc
3357 3415 3562 3470 Natban
3578 3415 3826 3485 propheta

2259 3515 2314 3561 et
2337 3505 2547 3561 Saddue
2586 3507 2836 3562 sacerdos
2876 3508 3122 3562 abierunt
3168 3507 3217 3560 in
3264 3507 3430 3572 Gion,
3459 3517 3829 3576 unxeruntqne

2260 3598 2407 3652 illum
2433 3613 2496 3652 ac
2536 3597 2827 3652 dixerunt:
2870 3596 3015 3651 Vivat
3051 3615 3140 3652 rex
3167 3598 3241 3668 (5.
3274 3599 3402 3668 Reg.
3448 3599 3498 3652 1.
3529 3599 3643 3667 59).
3680 3599 3830 3652 Venit

2259 3687 2522 3744 Jonathan
2573 3691 2711 3744 ﬁlius
2750 3689 3070 3754 Abiatharis,
3115 3699 3169 3744 et
3213 3691 3450 3759 epulanti
3497 3689 3675 3744 Ornize
3718 3691 3828 3743 haec

2261 3781 2539 3835 nuntiavit.
2570 3781 2636 3835 Et
2661 3780 2748 3835 alii
2777 3781 2994 3851 quidem
3035 3780 3309 3850 fugerunt,
3339 3780 3529 3835 Ornias
3558 3796 3685 3836 vero
3708 3796 3830 3835 con-

2262 3872 2395 3942 fugit
2419 3872 2485 3926 ad
2512 3887 2656 3926 aram
2676 3914 2694 3941 ,
2723 3881 2967 3927 metuens
2999 3872 3358 3928 Salomonem.
3393 3872 3543 3926 Tunc
3570 3871 3745 3926 educit
3770 3871 3828 3924 il-

2259 3966 2368 4016 lum
2394 3963 2538 4030 inde,
2556 3971 2611 4018 et
2627 3964 2844 4017 veniens
2860 3962 3050 4018 Ornias
3071 3963 3306 4018 adoravit
3326 3979 3526 4033 regem.
3551 3964 3829 4018 Moriturus

2264 4057 2450 4123 David,
2479 4057 2718 4111 hortatur
2742 4046 3102 4124 Salomoriem,
3130 4067 3184 4112 ut
3203 4057 3464 4112 custodiat
3489 4057 3659 4127 legem
3687 4057 3776 4110 Dei
3802 4072 3818 4112 :

2263 4151 2340 4204 sic
2382 4149 2524 4204 enim
2576 4149 2722 4202 illum
2769 4149 3150 4216 promissiones
3190 4164 3308 4203 esse
3361 4157 3824 4216 consequuturum.

2263 4240 2513 4309 Praecipit
2538 4241 2700 4295 etiam
2733 4241 2873 4294 circa
2903 4240 3035 4294 Joab
3062 4251 3115 4293 et
3143 4241 3339 4306 Semei,
3373 4251 3433 4294 ut
3460 4241 3582 4294 illos
3609 4239 3827 4292 ulcisca-

2324 4330 2396 4392 (a)
2419 4338 2522 4400 l_luc_
2551 4330 3304 4400 desinit_Codex._t.ugdunensis,
3330 4331 3410 4400 qui
3450 4329 3566 4400 libri
3592 4329 3722 4397 tertii
3735 4328 3831 4400 ini-

2263 4390 2385 4441 tium'
2403 4392 2473 4440 sic
2493 4392 2624 4440 ducit
2647 4405 2659 4440 :
2683 4391 2888 4453 Adonias
2899 4390 3204 4453 ﬁlitts'Darid
3225 4390 3434 4453 convivio
3454 4390 3700 4453 excipiens
3721 4397 3827 4436 Joa-

2265 4455 2392 4511 tmm,
2418 4460 2513 4502 etc.
2529 4460 2650 4512 Mox,
2675 4452 2824 4502 Orm'a
2847 4452 2975 4514 ﬁlius
3000 4453 3173 4511 David,
3194 4455 3264 4501 sic
3285 4452 3477 4503 Coislin.
3492 4452 3831 4512 Antiquissima

2265 4514 2410 4564 lectio
2445 4521 2536 4573 est,
2554 4513 2718 4564 ornia.
2754 4513 2986 4565 I—Iebraiee
3020 4521 3194 4568 num.
3228 4522 3335 4562 Lxx
3354 4514 3576 4563 Editionis
3599 4521 3828 4569 Romanas.

2268 4584 2463 4641 Adonim
2476 4586 2560 4634 sed
2574 4584 2954 4644 lectio,()rm’a,in
2968 4585 3306 4634 vetustissimis
3317 4583 3678 4645 exemplaribus
3687 4583 3832 4645 habe.

2265 4655 2417 4724 turget
2430 4650 2500 4697 sic
2512 4647 2987 4724 legitTheodoretus.
3000 4647 3346 4724 l'r‘ocopi‘usait,
3362 4644 3660 4724 biogmi‘nfm
3678 4644 3826 4724 fuisse
3860 4648 3872 4658 '

2264 4708 2511 4758 Arioniam.
2537 4706 2717 4758 Verum
2741 4723 2802 4758 ex
2843 4706 3163 4758 similitudine“
3183 4707 3431 4757 literarum
3448 4714 3480 4760 Ἰ
3504 4713 3601 4764 et'l
3625 4706 3829 4761 factum,

2265 4787 2319 4828 ut
2337 4780 2473 4828 modo
2494 4779 2717 4838 Adonias,
2742 4778 2883 4845 modo
2903 4781 3067 4827 Ornias
3088 4779 3289 4845 dicatur,
3313 4779 3439 4845 quod
3463 4777 3577 4826 alibi
3598 4775 3829 4845 saepepb-

2265 4849 2501 4889 servatur.
2527 4849 2635 4887 nam
2670 4837 2799 4902 quod
2837 4847 3026 4899 spectat
3061 4841 3118 4889 ad
3158 4837 3579 4902 commutationem
3602 4837 3830 4902 vocalium

2266 4913 2296 4951 Α
2312 4939 2325 4958 ,
2349 4911 2400 4950 et
2421 4912 2473 4961 ω,
2501 4916 2558 4950 ea
2584 4916 2669 4961 pro
2687 4899 2835 4949 nihilo
2858 4902 2936 4949 hic
2959 4902 3178 4950 habenda
3203 4910 3295 4960 est,
3315 4909 3366 4950 ut
3383 4900 3497 4949 alibi
3520 4899 3744 4962 pluribus
3760 4906 3830 4945 est

2265 4959 2697 5026 commonstratum.
2723 4963 2778 5026 ]_u
2803 4963 3069 5024 exemplari
3087 4963 3424 5026 Cbrysostomi.
3450 4959 3714 5022 ut'liquet,
3735 4959 3830 5006 ha-e

2265 5039 2374 5088 quze
2398 5024 2592 5071 Adonize
2613 5025 2716 5088 sive
2730 5022 2893 5088 Orrnize
2913 5022 3197 5088 cenvivium
3211 5030 3447 5086 spectant,
3470 5036 3659 5088 necnon
3684 5028 3834 5088 totum

2267 5082 2410 5147 caput
2433 5088 2636 5157 primum
2666 5085 2777 5157 libri
2813 5087 2941 5157 tertii
2983 5095 3158 5148 Regum
3198 5082 3271 5157 et.
3290 5099 3401 5157 pars
3423 5084 3626 5157 secundi
3649 5082 3830 5157 capitis,

2265 5143 2477 5214 secundo
2515 5147 2636 5214 libro
2673 5147 2894 5214 adjuncta
2915 5143 3124 5214 fuerant,
3147 5147 3272 5214 quod
3285 5143 3346 5214 Ain
3369 5143 3827 5214 multis.exen'iplari.

2266 5210 2359 5257 bus
2381 5216 2492 5257 tunc
2521 5205 2886 5264 observabatur,
2909 5216 2962 5258 et
2986 5205 3259 5258 nominatim
3283 5210 3330 5256 in
3356 5205 3625 5268 exemplari
3652 5205 3829 5268 Diodori

2266 5271 2530 5328 Tarsensis,
2553 5272 2635 5332 qui
2659 5269 2974 5332 Chrysostomi
3000 5271 3144 5318 nostri
3171 5277 3437 5331 praeceptor
3461 5267 3576 5332 fuit;
3595 5272 3650 5314 ut
3665 5267 3830 5332 videre

2267 5340 2343 5380 est
2367 5333 2414 5394 in
2447 5326 2835 5394 nom'cujusd'am
2876 5332 3060 5382 Codicis
3085 5326 3245 5394 rltegii,
3294 5326 3346 5380 ei
3380 5332 3427 5378 in
3466 5326 3619 5377 altera
3657 5326 3831 5394 (‘.odi_eis

2267 5393 2554 5459 Coisliniaui,
2579 5387 2698 5459 quas
2721 5394 2768 5440 in
2790 5394 3012 5453 Hexaplis
3037 5387 3288 5459 edidinmS.
3313 5397 3580 5459 l‘ostre_ma_._
3600 5401 3708 5450 qua:
3736 5387 3830 5446 ilc-

2269 5459 2484 5519 niorrest,
2509 5456 2578 5504 sic
2596 5450 2747 5519 habet
2773 5469 2785 5502 :
2813 5463 2866 5502 In
2893 5450 3174 5519 lieraploet
3198 5450 3650 5519 ittaccnratioribus
3675 5460 3828 5519 eximi-

2266 5517 2506 5581 ptaribus,
2531 5515 3054 5581 sectutdusnegnorunt
3076 5515 3193 5565 liber
3227 5515 3399 5566 desinit
3436 5515 3484 5562 in
3514 5515 3830 5581 narrationem

2267 5577 2328 5628 de
2351 5579 2492 5642 plaga
2510 5577 2813 5646 populnetju
2837 5577 3272 5646 eniptionemurete
3291 5587 3449 5626 Orme.
3481 5577 3661 5646 Tertius
3684 5578 3831 5646 anteiit

2268 5628 2533 5702 Regnorum
2554 5628 2778 5689 libet’init
2802 5638 2861 5687 ab
2875 5628 3081 5702 historia
3103 5640 3165 5702 de
3189 5639 3356 5700 Abisag
3375 5633 3687 5702 Sunantitide,
3712 5639 3754 5681 rt
3777 5628 3830 5678 de

2267 5694 2448 5769 ...ιιίὸηξςζ
2467 5701 2661 5769 ejusque
2693 5699 2964 5769 tyrannide.
2991 5700 3228 5769 I)i_0_tht'tt8
3249 5694 3407 5769 autem
3427 5696 3829 5769 secundmneqr'tg-

2268 5777 2373 5811 t'tlm
2394 5753 2516 5825 libro
2538 5753 2807 5825 luosetiam
2837 5761 3078 5825 conjungit
3110 5775 3257 5825 usque
3292 5760 3356 5811 ad
3396 5765 3596 5811 mortem
3626 5753 3830 5811 Dmidis,

2266 5823 2574 5885 similiterque
2604 5821 2931 5874 Tltcodoretus.
