4058 6344
169 387 283 444 ’317

177 502 287 556 πᾶν
315 499 469 570 παρά
511 499 605 552 τοῦ
634 499 813 553 Δαυΐδ.
858 498 990 551 Τότε
1040 496 1231 566 Σεμεεὶ
1274 494 1622 564 κατηράσατο
1659 491 1748 544 τὸν

177 601 372 656 Δαυῖδ·
431 601 458 652 ὁ
502 599 560 653 δέ
609 599 770 652 Δαυῒδ
817 599 1137 669 βουλόμενον
1199 594 1360 648 αὐτὸν
1407 593 1617 647 ἀνελεῖν
1663 593 1753 645 τὸν

189 703 423 756 ’Δϐεσσᾶ
472 701 814 756 διεκώλυσεν.
868 701 1121 770 Ἔρχεται
1177 699 1205 749 ὁ
1250 697 1419 750 Χουσὶ
1477 694 1614 766 πρὸς
1663 695 1754 748 τὸν

190 801 543 874 Ἀϐεσσαλὼμ
561 843 576 868 ,
620 803 716 854 καὶ
758 800 933 854 πείθει
961 799 1122 853 αὐτὸν
1157 798 1232 862 ώς
1262 797 1519 860 εὐνοϊκῶς
1545 796 1753 850 διακεί-

183 922 344 976 μενος
370 905 520 974 αὺτῷ
547 903 853 976 προσέχειν.
883 903 992 954 Καὶ
1013 901 1380 972 προκειμένης
1411 899 1602 971 βουλῆς
1630 899 1758 953 τίνα

179 1007 289 1060 δέοι
316 1006 592 1076 πράττειν,
628 1002 979 1072 συγγενέσθαι
1012 1005 1132 1065 ταῖς
1171 1001 1470 1063 παλλακαῖς
1504 998 1597 1052 τοῦ
1649 1017 1756 1054 πα-

179 1108 307 1179 τρὸς
330 1108 588 1178 παραινεῖ
607 1105 696 1158 τὸν
711 1103 1063 1175 Ἀϐεσσαλὼμ
1078 1100 1375 1172 Ἀχιτόφελ.
1400 1103 1509 1154 Καὶ
1529 1099 1753 1170 ἐποίησε

178 1206 341 1260 τοῦτο
369 1206 461 1258 ἐπὶ
487 1204 578 1258 τοῦ
606 1205 871 1275 δώματος,
890 1203 1030 1257 ὥστε
1056 1203 1263 1265 πάντας
1284 1203 1434 1272 ὀρᾷν.
1458 1201 1567 1255 Καὶ
1591 1217 1755 1271 προσ-

180 1306 390 1377 τίθησιν
428 1305 620 1376 ἑτέραν
668 1304 924 1374 γνώμην,
961 1303 1101 1357 ὥστε
1147 1301 1332 1355 λαϐεῖν
1376 1301 1580 1372 χιλίους
1635 1299 1752 1371 μεθ’

177 1405 375 1464 ἑαυτοῦ
396 1445 411 1468 ,
442 1405 535 1459 καὶ
576 1403 854 1459 ἐπιθέσθαι
887 1403 964 1474 τῷ
990 1403 1172 1464 Δαυῒδ,
1216 1405 1308 1455 καὶ
1339 1403 1544 1456 ἀνελεῖν
1568 1402 1750 1457 αὐτόν.

188 1508 280 1569 Ὡς
321 1507 378 1560 δὲ
425 1505 626 1577 ἐκλήθη
665 1507 758 1559 καὶ
798 1507 826 1558 6
858 1505 1028 1559 Χουσὶ
1069 1506 1204 1576 πρὸς
1250 1505 1311 1558 τὸ
1359 1503 1752 1576 εἰσηγήσασθαι

177 1607 508 1679 συμϐουλὴν,
559 1607 853 1678 ἀνατρέπει
898 1606 997 1677 τὴν
1043 1604 1137 1659 τοῦ
1185 1605 1464 1676 Ἀχιτόφελ
1506 1604 1749 1675 γνώμην,

174 1711 316 1772 τέως
361 1710 460 1780 μέν
503 1708 830 1779 ὑπερθέσθαι
876 1707 1187 1778 παραινῶν,
1242 1706 1467 1778 ὕστερον
1511 1705 1566 1758 δὲ
1614 1705 1753 1775 μετά

175 1812 538 1882 παρασκευῆς
567 1809 846 1862 ἐπιθέσθαι
878 1808 955 1879 τῷ
981 1809 1161 1862 Δαυῖδ.
1209 1809 1318 1862 Καὶ
1355 1809 1520 1879 ἤρεσε
1551 1807 1750 1878 μᾶλλον

172 1912 321 1982 αὕτη
369 1913 403 1981 ἡ
457 1913 686 1983 γνώμη·
735 1910 869 1964 Θεοῦ
917 1910 1026 1981 γὰρ
1081 1905 1148 1982 ἦν
1193 1911 1227 1981 ή
1272 1910 1571 1980 οἰκονομία.
1617 1910 1751 1964 Τότε

174 2013 388 2083 πέμπει
425 2011 514 2065 διά
555 2011 664 2066 τῶν
705 2011 834 2065 υἱῶν
883 2011 994 2065 τῶν
1041 2011 1248 2082 ἱερέων,
1280 2011 1374 2065 καὶ
1421 2010 1751 2079 ἀπαγγέλλει

173 2115 352 2169 ταῦτα
384 2113 464 2185 τῷ
495 2113 654 2168 Δαυῖδ
685 2115 714 2166 6
741 2113 927 2166 Χουσί.
959 2113 1016 2165 '0
1042 2112 1098 2165 δὲ
1131 2111 1411 2182 Ἀχιτόφελ
1437 2111 1752 2182 διαμαρτὼν

173 2217 277 2288 τῆς
325 2215 582 2287 γνώμης,
633 2215 932 2284 ἀπήγξατο.
980 2213 1207 2285 Φέρεται
1258 2213 1426 2266 πολλά
1481 2213 1629 2284 δῶρα
1674 2213 1752 2284 τῷ

177 2318 360 2371 Δαυτδ.
386 2316 650 2383 Διατάξας
672 2317 728 2370 δὲ
753 2315 814 2368 τὸ
847 2314 1226 2385 στρατόπεδον,
1256 2313 1530 2384 ἐξέπεμψε
1558 2313 1747 2382 λέγων’

179 2417 480 2472 Φείσασθέ
506 2435 626 2487 μου
657 2416 762 2471 τοῦ
795 2417 1109 2484 παιδαρίου
1155 2414 1551 2484 Ἀϐεσσαλώμ.
1581 2414 1754 2469 Αὑτὸν

177 2519 289 2591 γάρ
313 2518 374 2572 06
415 2517 794 2588 συνεχώρησαν
823 2515 1075 2583 ἐξελθεῖν.
1106 2516 1318 2572 Γίνεται
1351 2516 1584 2588 πόλεμος
1603 2556 1618 2580 ,
1659 2517 1753 2571 καὶ

176 2619 391 2673 πολλῶν
443 2619 718 2672 πεσόντων
771 2618 1074 2688 ἀναιρεῖται
1138 2617 1233 2670 καὶ
1283 2618 1312 2670 6
1378 2616 1750 2688 ’Δϐεσσαλὼμ,

177 2719 499 2792 προσδεθείς
523 2737 628 2773 τινι
660 2718 859 2790 δένδρῳ
891 2718 998 2772 ἀπὸ
1019 2718 1115 2788 τῆς
1140 2717 1334 2790 κόμης.
1353 2718 1755 2792 ῗΑναιρεθέντος

175 2821 257 2883 δὲ,
294 2819 571 2875 ἐπαύσατο
601 2820 630 2871 6
656 2818 906 2889 πόλεμος.
934 2817 1148 2888 Πέμπει
1175 2818 1266 2872 τὸν
1303 2819 1473 2872 Χουσὶ
1517 2819 1546 2871 6
1597 2818 1753 2872 Ίωάϐ

174 2922 548 2991 ἀπαγγέλλειν
592 2919 671 2991 τῷ
713 2919 874 2975 Δαυῖδ
920 2919 1018 2991 τὴν
1071 2919 1246 2989 νίκην.
1307 2921 1365 2974 '0
1410 2919 1466 2972 δὲ
1517 2919 1756 2984 ἀκούσας

175 3025 406 3096 ἐθρήνει
433 3023 521 3077 διά
547 3023 635 3076 τὸν
663 3022 805 3076 υἱόν·
855 3022 959 3086 ἕως
995 3014 1056 3075 06
1091 3019 1346 3074 εἰσελθὼν
1377 3023 1405 3075 6
1442 3021 1598 3076 Ίωάϐ
1635 3039 1756 3093 μετ-

173 3125 352 3179 έϐαλέ
385 3141 445 3177 τε
483 3123 660 3188 αὑτὸν,
688 3124 780 3177 καὶ
809 3123 992 3176 ἔπεισε
1029 3122 1281 3186 δέξασθαι
1306 3122 1366 3175 τὸ
1394 3123 1754 3193 στρατόπεδον

174 3222 398 3297 φαιδρῷ
437 3223 516 3294 τῷ
543 3223 833 3295 προσώπῳ.
867 3223 1109 3292 Φυγόντα
1135 3224 1226 3276 τὸν
1265 3223 1478 3294 Ἰσραὴλ
1504 3225 1532 3277 δ
1558 3241 1620 3277 τε
1662 3224 1756 3295 βα-

175 3325 370 3386 σιλεὺς
411 3323 814 3394 προσεκαλεῖτο,
862 3324 891 3377 ὃ
935 3339 994 3376 τε
1053 3322 1287 3377 Ἀϐεσσᾶ
1339 3324 1756 3395 προῃρημένους

175 3427 383 3489 αὐτοὺς
399 3426 500 3497 ἤδη
521 3425 733 3480 ἔπεισεν
757 3426 1090 3496 ὑποταγῆναι
1117 3425 1193 3497 τῷ
1214 3425 1398 3480 Δαυῖδ.
1416 3426 1499 3489 Ὡς
1521 3425 1755 3480 διέϐαινε

172 3528 275 3580 τὸν
324 3527 594 3598 Ἰορδάνην
621 3523 784 3598 ἦλθεν
833 3528 862 3580 6
904 3528 1126 3597 Σεμεεὶ,
1157 3527 1430 3597 ὁμολογῶν
1465 3527 1629 3581 06106
1658 3528 1755 3597 τὴν

175 3627 479 3699 ἁμαρτίαν.
517 3627 795 3681 Ἐϐούλετο
820 3627 878 3681 δέ
914 3629 1076 3682 αὑτὸν
1104 3629 1408 3682 θανατῶσαι
1435 3630 1464 3680 6
1503 3629 1753 3697 Ἀϐεσσᾶ,

175 3731 278 3783 καὶ
311 3728 637 3782 διεκώλυσεν
666 3729 695 3781 6
720 3729 901 3782 Δαυῖδ.
940 3726 1110 3783 ’Ἦλθε
1139 3729 1197 3782 δέ
1226 3728 1317 3782 καὶ
1365 3732 1394 3783 6
1423 3731 1757 3800 Μεμφιϐαάλ

176 3827 452 3900 αὐχμῶν,
505 3830 724 3900 ῥυπαρά
770 3828 1112 3898 ἐνδεδυμένος
1162 3830 1379 3900 ἱμάτια,
1437 3831 1622 3901 κομῶν
1666 3832 1758 3885 τὸν

177 3930 464 4000 μύστακα,
490 3931 684 4002 δνυχας
718 3931 983 4002 μεγάλους
1007 3929 1312 3994 ἐπιδεικνὺς
1331 3944 1378 3998 α,
1404 3932 1581 3986 πάντα
1611 3931 1754 4004 ἅπερ

171 4028 244 4104 ἦν
272 4031 456 4103 λύπης
494 4034 693 4102 σημεῖα
722 4033 822 4103 τῆς
849 4033 1144 4104 γενομένης
1179 4031 1326 4103 αύτῷ
1364 4031 1451 4086 διὰ
1480 4032 1573 4086 τὸν
1601 4033 1758 4087 πόλε-

173 4149 282 4202 μον
305 4131 402 4185 τὸν
434 4133 576 4185 κατά
595 4131 690 4186 τοῦ
711 4133 894 4187 Δαυῖδ.
926 4130 1056 4186 Εἶτα
1079 4133 1108 4185 6
1139 4132 1236 4202 μὲν
1261 4131 1466 4204 ἠρώτα,
1493 4131 1581 4185 διὰ
1599 4133 1650 4185 τί
1681 4124 1757 4203 μὴ

171 4230 459 4304 ἐπορεύθη
500 4233 618 4303 μετ’
649 4233 830 4286 αὐτοῦ.
875 4233 932 4286 '0
966 4233 1021 4286 δὲ
1050 4232 1153 4304 ἐφη
1192 4231 1482 4302 ἠξιωκέναι
1506 4233 1597 4286 τὸν
1623 4232 1758 4287 Σιϐἀ

169 4333 268 4386 τὸν
302 4331 528 4402 οἰκέτην
559 4331 723 4387 06106
758 4331 896 4385 ὥστε
930 4331 1244 4385 ἐπιϐιϐάσαι
1291 4331 1451 4384 αὑτὸν
1479 4329 1758 4400 ὑποζυγίῳ

173 4435 302 4501 (καὶ
330 4435 446 4506 γὰρ
476 4430 544 4505 ἦν
569 4435 740 4506 χωλὸς
767 4437 797 4488 6
823 4433 1198 4504 Μεμφιϐαάλ),
1228 4433 1303 4505 μὴ
1339 4431 1669 4503 ἀνασχέσθαι
1699 4432 1757 4484 δὲ

174 4537 415 4589 ἐκεῖνον.
453 4535 585 4588 Τότε
625 4534 836 4588 κελεύει
874 4534 1036 4589 αὐτὸν
1064 4534 1156 4587 καὶ
1194 4533 1285 4585 τὸν
1317 4531 1453 4585 Σιϐἀ
1490 4531 1758 4585 διελέσθαι

175 4635 270 4688 τὸν
298 4634 494 4705 ἀγρόν.
551 4635 662 4688 Καὶ
691 4634 783 4688 τὸν
828 4632 1082 4706 Βερζελλὶ
1104 4672 1120 4697 ,
1152 4631 1212 4696 ὃς
1245 4633 1579 4702 ἐχορήγησεν
1611 4629 1759 4701 αὐτῷ

182 4735 360 4788 πολλὰ
389 4732 489 4787 106
523 4733 760 4804 πολέμου
807 4733 1158 4798 συνεστῶτος,
1201 4731 1260 4785 ὂν
1285 4731 1314 4771 ιι
1352 4730 1600 4784 ἐϐούλετο
1639 4731 1757 4802 μεθ’

181 4834 380 4890 ἐαυτοῦ
413 4836 622 4892 λαϐεῖν.
660 4837 719 4889 '0
747 4836 802 4889 δὲ
827 4836 1183 4907 παρῃτήσατο
1219 4833 1307 4887 διὰ
1333 4834 1394 4887 τὸ
1418 4833 1614 4904 γῆρας.
1648 4835 1760 4888 Καὶ

179 4935 451 5008 λαμϐάνει
498 4937 589 4990 τὸν
623 4936 737 4990 υἱὸν
776 4936 940 4990 06106
986 4935 1098 4990 ἀντ’
1134 4933 1320 4989 06106.
1353 4934 1486 4988 Τότε
1517 4933 1759 5005 σχίζεται

180 5035 244 5088 τὸ
295 5036 682 5108 στρατόπεδον,
736 5037 832 5090 καὶ
879 5036 1259 5108 προστίθενται
1307 5033 1386 5104 τῷ
1421 5034 1608 5088 Σαϐεέ.
1649 5035 1762 5087 Καὶ

181 5137 464 5208 ἐκπέμπει
494 5137 660 5207 Δαυζδ
691 5138 783 5191 τὸν
823 5138 1064 5208 Ἀμεσσᾶ
1086 5137 1388 5207 πολεμῆσαι
1416 5135 1566 5208 [551]
1589 5136 1757 5206 αὐτῷ’

182 5240 213 5290 6
235 5239 292 5292 δὲ
336 5240 495 5294 Ἰωάϐ
527 5241 746 5310 ἀναιρεῖ
778 5239 878 5310 μὲν
899 5239 991 5291 τὸν
1031 5239 1270 5309 Ἀμεσσᾶ
1298 5236 1452 5309 δόλῳ,
1486 5237 1764 5309 πολιορκεῖ

185 5339 242 5394 δέ
271 5341 368 5412 τὴν
397 5341 555 5396 πόλιν
585 5337 664 5404 εἱς
697 5341 764 5411 ἣν
793 5339 1102 5408 κατέφυγεν
1139 5341 1166 5392 ὁ
1203 5337 1392 5393 Σαϐεέ.
1427 5339 1489 5392 OE
1517 5339 1574 5393 δὲ
1605 5341 1663 5392 ἐν
1693 5341 1758 5410 τῇ

253 5701 277 5728 ³
305 5699 356 5773 in
377 5701 598 5774 egilione
622 5697 1153 5772 Ιξοηξδηειιεείωῐούδέ
1168 5697 1450 5761 ὠνυχίσατο,
1474 5695 1582 5744 ούδέ
1606 5695 1767 5752 ἐποίη-

193 5773 250 5809 σε
273 5778 349 5807 τον
368 5773 589 5821 μύστακα
607 5777 778 5808 αυτου.

256 5821 284 5862 b
304 5823 394 5872 "Ov
411 5825 489 5875 hic
511 5833 937 5886 supervacaneum
957 5825 1048 5870 est.

1240 377 1571 436 SYNOPSIS
1607 374 2023 434 SCRIPTURAE
2064 373 2336 429 δΑοιιΑε.

3319 375 3422 432 5ιὸ

1852 489 2026 552 πόλει,
2071 488 2329 557 γυναικὸς
2375 486 2874 558 ωμϐουλευσάσης,
2920 489 3283 558 ἀποτεμόντες
3328 491 3422 545 106

1851 593 2021 647 Σαϐεέ
2058 593 2153 664 τὴν
2193 591 2454 662 κεφαλὴν,
2503 591 2734 662 ἐῤῥιψαν
2789 592 2897 646 ἀπὸ
2945 593 3039 645 τοῦ
3083 594 3295 664 τείχους
3347 594 3423 665 τῷ

1863 695 2039 758 ’ῐωάϐ,
2067 693 2162 748 καὶ
2190 694 2362 756 οὕτως
2398 687 2788 764 ἀπηλλάγησαν
2826 695 2920 747 106
2967 695 3221 766 πολέμου.
3253 697 3424 767 Λιμὸς

1850 795 2256 867 καταλαμϐάνει
2285 794 2382 865 τὴν
2414 794 2515 864 γῆν
2537 811 2551 825 ·
2584 793 2734 857 λύσις
2763 794 2819 847 δέ
2843 789 2910 865 ἦν
2947 796 3039 848 τοῦ
3078 796 3235 867 λιμοῦ
3261 799 3322 851 τὸ
3343 816 3424 851 τι·

1851 898 1947 962 νάς
1976 898 2083 951 τῶν
2120 898 2214 952 τοῦ
2245 897 2418 950 Σαοὺλ
2443 896 2726 966 ἐκδοθῆναι
2750 900 2861 961 τοῖς
2887 897 3276 963 Γαϐαωνίταις.
3310 900 3422 952 Καὶ

1848 999 1939 1052 τὸν
1968 999 2302 1069 Μεμφιϐαάλ
2335 1001 2696 1068 περιποιεῖται
2738 1000 2766 1050 6
2795 997 2976 1062 Δαυῒδ,
3019 999 3106 1052 διά
3133 1000 3226 1051 τοῦ
3257 1000 3419 1070 ὅρκου

1847 1101 1944 1154 106
1976 1103 2110 1172 πρὸς
2147 1103 2422 1158 Ἰωνάθαν.
2441 1101 2716 1155 Ἐκδὶδωσι
2741 1099 2797 1152 δέ
2816 1101 2942 1162 τοὺς
2965 1101 3059 1153 τοῦ
3085 1102 3253 1155 Σαοὺλ
3273 1103 3421 1166 υἱοὺς

1849 1204 1943 1256 καὶ
1976 1203 2252 1272 ἐκγόνους,
2293 1203 2387 1255 καὶ
2413 1203 2606 1256 θάπτει
2645 1201 2735 1254 τὸν
2759 1201 2930 1254 Σαοὺλ
2973 1202 3066 1254 καὶ
3097 1203 3192 1254 τὸν
3239 1204 3418 1257 Ἰωνά-

1849 1303 1948 1357 θαν
1987 1307 2044 1356 ἐν
2089 1303 2168 1372 τῷ
2208 1303 2364 1374 τάφῳ
2412 1303 2563 1366 Κείς.
2611 1303 2858 1357 Γίνονται
2894 1303 3127 1357 ἐνταῦθα
3173 1305 3416 1375 πόλεμοι.

1849 1403 1954 1457 Καὶ
1970 1404 2236 1458 κωλύουσι
2260 1405 2352 1456 τὸν
2379 1405 2541 1457 Δαυῒδ
2564 1404 2820 1469 ἐξελθεῖν,
2841 1406 3048 1475 μήποτε
3077 1407 3416 1478 κινδυνεύσῃ.

1848 1501 1982 1554 Τότε
2029 1502 2175 1571 λέγει
2211 1503 2302 1555 τὸν
2334 1503 2794 1557 ἑπτακαιδέκατον
2835 1504 3068 1575 ψαλμόν.
3115 1506 3420 1574 Καταλέγει

1846 1604 1945 1668 τὰς
1978 1605 2254 1676 ἀριστείας
2285 1606 2379 1658 καὶ
2405 1605 2472 1659 τά
2502 1606 2808 1678 ἀνδραγαθή
2821 1625 2964 1678 ματα
3005 1607 3114 1662 τῶν
3145 1609 3420 1680 ἀρχόντων

1845 1704 1940 1758 τοῦ
1977 1705 2158 1758 Δαυτδ.
2194 1705 2485 1760 Κελεύεται
2529 1707 2684 1760 ἰωάϐ
2706 1708 3006 1779 ἀριθμῆσαι
3030 1709 3121 1762 τὸν
3145 1708 3292 1776 λαὸν,
3327 1710 3420 1762 καὶ

1846 1804 2098 1876 ἀριθμεῖ·
2151 1806 2242 1858 καὶ
2286 1801 2354 1876 ἦν
2396 1807 2611 1878 Ἰσραὴλ
2658 1809 2962 1863 ἐννακόσιαι
3021 1809 3274 1880 χιλιάδες,
3324 1814 3420 1865 καὶ

1859 1895 2399 1981 Ἰούδατετρακόσιαι
2430 1911 2682 1982 χιλιάδες,
2699 1913 2898 1977 πάντες
2918 1912 3046 1966 πολε
3054 1916 3256 1984 μισταί.
3275 1917 3410 1970 Τότε

1847 2007 2066 2079 ἔρχεται
2096 2008 2203 2061 Γάδ
2243 2012 2272 2062 6
2314 2012 2616 2083 προφήτης,
2650 2012 2861 2083 αἵρεσιν
2887 2013 3034 2084 αύτῷ
3059 2014 3231 2078 διδοὺς
3251 2017 3420 2088 τριῶν

1845 2109 2148 2180 τιμωριῶν,
2181 2110 2247 2181 ῆν
2276 2110 2516 2181 βούλοιτο
2553 2113 2871 2184 ὑποστῆναι,
2907 2115 2939 2186 ἢ
2968 2115 3094 2186 τρία
3122 2117 3216 2190 ἐτη
3243 2119 3417 2190 λιμὸν,

1847 2209 1880 2279 ἦ
1910 2213 2059 2280 τρεῖς
2093 2209 2304 2282 ἡμέρας
2335 2214 2525 2281 φυγεῖν
2550 2213 2914 2284 ἐπικειμένων
2944 2215 3175 2287 ἐχθρῶν,
3207 2218 3240 2290 ἢ
3272 2221 3422 2290 τρεῖς

1847 2307 2059 2380 ὴμέρας
2091 2307 2338 2363 θάνατον.
2378 2311 2434 2364 Ὁ
2458 2311 2515 2364 δέ
2538 2311 2638 2376 τὰς
2660 2316 2808 2384 τρεῖς
2838 2315 3052 2387 ἡμέρας
3071 2317 3165 2370 τοῦ
3191 2318 3420 2374 θανάτου

1848 2410 2040 2475 εἵλετο,
2069 2413 2163 2464 καὶ
2199 2412 2468 2467 ἀπέθανον
2493 2415 2601 2468 ἀπὸ
2630 2416 2776 2487 πρωῒ
2803 2417 2906 2482 ἕως
2936 2419 3159 2488 ἀρίστου
3194 2421 3423 2494 ἐϐδομή-

1847 2528 2013 2569 κοντα
2042 2516 2295 2588 χιλιάδες.
2332 2517 2466 2570 Τότε
2490 2515 2636 2584 λέγει
2661 2517 2826 2570 Δαυῖδ
2847 2533 2859 2546 ·
2902 2517 3048 2572 Ἰδοὺ
3078 2520 3192 2590 ἐγὼ
3233 2521 3422 2591 ἦμαρ-

1848 2632 1974 2679 τον,
2002 2618 2097 2670 καὶ
2122 2617 2234 2687 ἐγὼ
2254 2621 2286 2671 ό
2311 2617 2534 2686 ποιμὴν
2555 2617 2984 2686 ἐκακοποίησα,
3028 2621 3122 2674 καὶ
3148 2617 3312 2677 οὗτοι
3349 2624 3422 2677 τὸ

1848 2715 2126 2785 ποίμνιον
2158 2718 2214 2770 τί
2243 2717 2577 2784 ἐποίησαν;
2616 2719 2894 2774 Γενέσθω
2928 2719 2965 2787 ή
3017 2721 3144 2788 χείρ
3169 2723 3238 2775 ἐν·
3269 2723 3421 2791 ἐμοὶ,

1849 2817 1946 2870 καὶ
1980 2817 2049 2871 ἐν
2087 2817 2166 2883 τῷ
2193 2819 2336 2882 οἴκῳ
2364 2818 2470 2872 τοῦ
2505 2820 2729 2887 πατρός
2757 2837 2898 2888 μου.
2938 2821 3242 2876 Ἐπαύσατο
3271 2826 3303 2894 ή
3340 2841 3420 2878 τι-

1853 2919 2052 2993 μωρία.
2086 2919 2195 2972 Καὶ
2223 2919 2504 2974 κελεύεται
2550 2921 2578 2973 ὀ
2602 2919 2765 2974 Δαυῒδ
2799 2921 2958 2975 θῦσαι
2995 2922 3057 2994 [ι.
3087 2923 3304 2997 στῆσαι]
3332 2925 3424 2979 θυ-

1852 3020 2164 3090 σιαστήριον
2223 3023 2280 3073 ἐν
2327 3023 2394 3091 τῇ
2438 3021 2550 3092 ἅλῳ
2615 3021 2800 3093 Ὀρνία
2819 3033 2867 3089 θ,
2930 3023 3026 3076 καὶ
3076 3024 3272 3079 θῦσαι·
3328 3029 3424 3082 καὶ

1851 3119 2107 3189 ἐποίησεν
2138 3119 2330 3184 οὕτως.
2372 3123 2586 3193 ὐρνίας
2613 3123 2725 3186 υἱὸς
2750 3123 2913 3177 Δαυῖδ
2942 3126 3095 3197 ἐστιᾷ
3136 3129 3260 3192 τοὺς
3296 3132 3426 3202 περὶ

1861 3220 2019 3275 Ἰωάϐ
2063 3220 2158 3275 καὶ
2195 3221 2492 3293 Ἀϐιάθαρ,
2534 3222 2611 3285 ὡς
2653 3223 3006 3294 βασιλεύσων.
3039 3227 3356 3300 Εἱσέρχεται
3388 3233 3424 3302 ή

1852 3321 2133 3392 Βηρσαϐεέ
2163 3320 2306 3376 κατά
2333 3322 2640 3393 συμϐουλὴν
2671 3323 2856 3379 Νάθαν
2883 3324 2980 3378 τοῦ
3001 3331 3301 3400 προφήτου,
3327 3333 3426 3386 καὶ

1851 3421 2183 3490 ἀπαγγέλλει
2221 3420 2299 3492 τῷ
2332 3423 2529 3476 Δαυίδο
2585 3425 2787 3494 μεταξὺ
2811 3426 2868 3480 δὲ
2901 3423 3166 3501 λαλούσης
3209 3433 3424 3503 ἐκείνης

1852 3524 2067 3594 εἰσῆλθε
2107 3523 2200 3579 καὶ
2243 3527 2272 3578 6
2303 3525 2512 3590 Νάθαν,
2552 3527 3059 3593 κατασκευάσαντες
3084 3530 3111 3569 ά
3149 3530 3290 3585 ὥστε
3332 3535 3413 3603 βαο

1855 3625 2095 3680 σιλεῦσαι
2143 3625 2235 3679 τὸν
2261 3625 2568 3696 Σολομῶνα.
2615 3626 2867 3697 Ἐξῆλθον
2893 3629 3308 3696 ἐπιϐιϐάσαντες
3333 3635 3425 3688 τὸν

1853 3726 2141 3796 Σολομῶνα
2167 3728 2233 3796 τῇ
2267 3726 2474 3796 ἡμιόνῳ
2522 3729 2587 3798 τῇ
2621 3727 2894 3799 βασιλικῇ.
2925 3730 3057 3782 Τότε
3087 3732 3114 3784 6
3143 3735 3427 3804 προφήτης

1853 3826 2039 3879 Νάθαν
2069 3825 2160 3878 καὶ
2185 3827 2214 3878 6
2244 3827 2420 3896 ἱερεὺς
2450 3826 2687 3880 Σαδδοὺκ
2733 3828 2972 3902 ἀπῆλθον
3021 3832 3099 3894 εἰς
3138 3832 3236 3901 τὴν
3264 3833 3302 3885 Γ
3309 3834 3423 3901 ιὼν,

1853 3929 1947 3982 καὶ
1973 3927 2194 4000 ἔχρισαν
2209 3927 2370 3980 αὐτὸν
2391 3930 2482 3982 καὶ
2509 3923 2659 3982 εἷπον
2678 3947 2692 3961 ο
2724 3929 2894 3998 Ζήτω
2916 3935 2949 3986 ὀ
2963 3933 3282 4000 βασιλεύς.
3316 3937 3426 3990 ’15):-

1855 4027 1962 4082 θὼν
2009 4029 2037 4080 6
2079 4029 2192 4092 υίὸς
2247 4028 2500 4082 ’ῐωνάθαν
2550 4030 2850 4100 ἀπήγγειλε
2891 4032 2966 4104 τῷ
3023 4035 3206 4106 Ὀρνία
3254 4037 3427 4093 ταῦτα

1854 4129 2188 4198 ἐστιωμένῳ.
2232 4128 2344 4180 Καὶ
2391 4129 2441 4180 οί
2470 4128 2568 4199 μὲν
2612 4128 2759 4182 ἄλλοι
2793 4129 3010 4200 ἔφυγον,
3048 4135 3077 4185 6
3119 4134 3175 4186 δὲ
3212 4136 3429 4205 Ὀρνίας

1855 4231 2160 4301 κατέφυγεν
2206 4234 2286 4295 εἰς
2341 4231 2401 4284 τὸ
2445 4232 2847 4304 θυσιαστήριον,
2891 4235 3141 4301 δεδοικὼς
3191 4239 3282 4292 τὸν
3329 4241 3425 4293 Σο·

1855 4332 2094 4404 λομῶνα.
2129 4331 2263 4383 Τότε
2293 4329 2474 4399 ἐξάγει
2504 4332 2666 4386 αὑτὸν
2689 4335 2918 4398 ἐκεῖθεν,
2947 4337 3041 4391 καὶ
3069 4337 3237 4391 ἐλθὼν
3261 4357 3426 4410 προσ-

1856 4434 2087 4506 εκύνησε
2112 4432 2190 4502 τῷ
2221 4431 2445 4501 βασιλεῖ.
2477 4433 2702 4488 Μέλλων
2731 4435 2986 4508 τελευτᾷν
3014 4440 3042 4490 6
3067 4439 3250 4505 Δαυῖδ,
3279 4459 3423 4514 παρ-

1855 4539 1994 4590 αινεῖ
2024 4534 2102 4605 τῷ
2137 4533 2442 4604 Σολομῶντι
2466 4575 2481 4600 ,
2529 4535 2669 4589 ὥστε
2703 4536 2990 4606 φυλάττειν
3018 4540 3110 4593 τοῦ
3159 4541 3292 4596 Θεοῦ
3333 4545 3426 4598 τὸν

1855 4637 2044 4708 νόμον·
2080 4633 2222 4688 οὕτω
2247 4635 2356 4706 γὰρ
2398 4635 2681 4700 τεύξεσθαι
2724 4637 2873 4706 αὐτῷ
2916 4639 3026 4693 τῶν
3080 4642 3426 4714 ἐπαγγελιῶν

1853 4741 1962 4794 τῶν
1987 4739 2409 4811 ἐπηγγελμένων
2436 4739 2604 4811 αὐτῷ.
2627 4741 3004 4811 Παραγγέλλει
3024 4761 3083 4798 τε
3113 4748 3242 4817 περὶ
3266 4748 3424 4801 Ἰωάϐ

1855 4844 1949 4898 καὶ
1972 4843 2182 4912 Σεμεεὶ,
2209 4840 2350 4894 ὥστε
2369 4841 2745 4912 τιμωρηθῆναι
2762 4842 2910 4915 [552]
2937 4845 3152 4910 αὐτοὺς,
3180 4848 3274 4900 καὶ
3295 4850 3422 4919 περὶ

1854 4943 1962 4996 τῶν
1990 4941 2121 4996 υἱῶν
2154 4941 2410 5013 Βερζελλὶ
2432 4984 2448 5009 ,
2493 4941 2633 4995 ὥστε
2679 4944 2876 5008 αὐτοὺς
2911 4947 3075 5017 τιμῆς
3116 4949 3423 5018 τυγχάνειν,

1919 5199 1943 5228 ο
1978 5195 2119 5259 Ὀρνά
2143 5195 2398 5259 legituyjn
2435 5194 2556 5242 edit.
2585 5193 2813 5259 Romana.
2845 5193 3034 5259 Ibidem
3057 5194 3136 5259 καὶ
3163 5191 3319 5259 θῦσαι,
3343 5193 3424 5259 καὶ

1859 5256 2080 5314 ἐποίησεν
2101 5256 2266 5311 οὕτως.
2294 5256 2402 5304 Huc
2421 5269 2566 5318 porro
2588 5257 2788 5318 ‘desinit
2814 5257 2967 5304 codex
2992 5256 3350 5318 Lugdunensis,
3371 5256 3424 5318 in

1858 5333 1955 5380 quo
1981 5319 2104 5367 liber
2131 5316 2514 5380 tertiusAincipi:
2537 5338 2548 5365 :
2582 5316 2812 5380 ῘΑδωνίας
2841 5319 2940 5380 υἱὸς
2965 5317 3300 5380 Δαυὶδρστιῶν
3317 5317 3426 5380 τοὺς

1858 5376 1964 5444 περὶ
1997 5379 2158 5439 Ἰωοίϐ,
2187 5387 2281 5427 etc.
2312 5378 2418 5427 Mox
2444 5376 2648 5440 ἿΟρνίας
2668 5379 2768 5433 υίὸς
2809 5378 2976 5436 Δαυΐδ,
3000 5376 3069 5425 sic
3107 5377 3298 5425 Coislin.
3323 5377 3426 5426 All-

1861 5452 2134 5511 tiquissima
2187 5447 2337 5497 lectio
2378 5452 2461 5511 εει
2513 5448 2713 5511 Ὀρνίας.
2744 5447 3013 5511 Hebrqice
3039 5446 3236 5511 {PNK
3265 5510 3269 5511 ί
3303 5444 3426 5511 LXX

1859 5507 2094 5562 editionis
2119 5511 2347 5559 Romanae
2378 5507 2618 5566 Ἀδωνίας,
2631 5511 2718 5556 sed
2742 5510 2889 5557 lcclio
2921 5507 3103 5566 Ὀρνίας
3123 5510 3173 5556 in
3194 5510 3429 5557 vetustis-

1862 5576 1998 5624 simis
2031 5573 2394 5632 exemplaribus
2421 5571 2644 5627 habetur,
2668 5575 2718 5615 et
2734 5571 2807 5632 sic
2828 5569 2952 5629 legit
2974 5569 3330 5632 'l‘heoduretus,

1925 5634 1952 5672 d
1973 5635 2055 5682 Sic
2079 5629 2301 5692 Lugdun.
2330 5633 2506 5690 codex,
2546 5629 2870 5682 Coislinianus
2893 5641 3011 5676 vero
3037 5631 3429 5692 κατασκοτάσαν-

1863 5714 1953 5752 τες.
1999 5695 2090 5742 llic
2136 5689 2269 5741 Iécus
2317 5707 2412 5742 nou
2454 5689 2591 5741 vacat
2633 5689 3134 5753 suspicione_mendi.
3179 5692 3286 5753 Ipsa
3337 5704 3428 5740 vox

1866 5751 2312 5818 xa100x01000v15;
2338 5756 2513 5805 lexicis
2536 5753 2700 5818 ignota
2725 5757 2818 5813 est,
2843 5751 2932 5802 sed
2953 5754 3129 5804 multas
3156 5751 3432 5818 hdjusmodi

1865 5820 2014 5870 habet
2035 5816 2418 5877 Chrysoslomus.
