4102 6322
185 365 285 421 349

182 499 288 544 tltl'.
317 493 375 538 et
417 482 558 537 circa
601 477 739 533 ﬁlios
778 472 1027 538 Berzelli,
1060 480 1120 527 ut
1159 472 1283 526 illos
1313 470 1366 524 in
1416 469 1622 523 honore
1665 464 1767 519 Ita-

187 579 328 639 beat,
360 583 415 629 et
455 585 658 627 mensae
695 568 857 638 regia:
899 573 1179 620 consortes
1219 563 1396 617 faciat.
1442 560 1768 628 Moriturque

186 677 464 738 postquam
492 676 663 716 annos
681 657 1030 731 quadraginta
1055 659 1390 725 regnaverat.

683 805 968 848 REGNORUII
999 803 1154 844 LIBER
1193 802 1268 841 Ill.

255 928 464 986 Occidit
493 926 710 982 Orniant
737 923 1014 989 Salomon,
1041 920 1167 992 quia
1197 919 1478 974 Abisacam
1505 917 1734 987 petierat
1751 959 1766 981 ,

188 1032 241 1078 et
269 1019 611 1077 Abiatharem
658 1016 815 1084 cjecit
855 1028 921 1069 ex
964 1011 1285 1068 sacerdotio.
1323 1009 1649 1080 lmpletaque
1687 1017 1771 1063 est

189 1112 530 1168 comminatio
571 1119 760 1164 contra
802 1105 888 1161 Eli
918 1105 1074 1170 data;
1105 1119 1171 1158 ex
1211 1103 1304 1157 illo
1331 1117 1560 1170 namque
1600 1115 1771 1170 genus

190 1204 420 1258 ducebat
457 1199 736 1255 Abiatbar.
780 1196 980 1252 Occidit
1025 1204 1201 1249 autem
1249 1193 1508 1257 Joabum;
1561 1192 1770 1247 Sadduc

191 1304 364 1349 autent
391 1291 667 1347 constituit
689 1289 1022 1344 sacerdotem
1053 1302 1152 1355 pro
1173 1285 1482 1340 Abiatharc.
1517 1285 1766 1352 Praacep-

193 1394 298 1438 tttttt
331 1385 424 1438 dat
450 1383 626 1439 Semei
652 1380 927 1446 Salomon,
959 1387 1015 1432 ut
1039 1392 1252 1446 semper
1278 1377 1331 1430 itt
1360 1375 1492 1431 urbe
1517 1385 1766 1430 maneat:

193 1478 232 1530 si
261 1485 438 1531 autem
459 1485 612 1529 exeat
635 1487 910 1542 umquam,
939 1470 990 1524 id
1017 1485 1121 1524 non
1152 1470 1367 1538 impune
1392 1468 1648 1530 futurum,
1671 1468 1767 1524 sed

193 1580 359 1623 morte
387 1565 748 1624 tnulctandutn
776 1580 916 1620 esse.
945 1564 1077 1619 Cum
1105 1577 1289 1617 servos
1311 1562 1629 1630 perdidisset
1651 1562 1764 1624 ille,

195 1660 423 1714 mandati
451 1659 648 1714 oblitus
667 1698 681 1722 ,
711 1670 958 1726 egressus
983 1664 1065 1708 est
1095 1662 1150 1707 ut
1177 1661 1598 1722 quatreretzquo
1621 1668 1768 1706 com-

199 1763 344 1821 perto
394 1751 645 1806 Salomon
689 1746 952 1803 interfecit
1001 1760 1144 1801 eum.
1194 1745 1267 1798 De
1311 1742 1568 1810 sapientia
1618 1743 1766 1797 Salo-

197 1844 364 1896 monis
393 1842 682 1907 enarratio,
715 1839 782 1894 de
810 1852 941 1908 pace
983 1853 1100 1906 qua:
1129 1834 1243 1904 ejus
1269 1843 1508 1902 tempore
1540 1831 1670 1896 fuit,
1701 1831 1767 1886 de

194 1936 582 2006 magnificentia
613 1932 838 2003 prandii,
869 1931 936 1986 de
957 1929 1223 1992 curribus,
1247 1926 1314 1981 de
1340 1927 1513 1996 equis,
1536 1924 1604 1979 de
1622 1925 1766 1978 omni

191 2044 386 2096 genere
413 2027 738 2080 divitiarum.
773 2025 908 2079 Petit
936 2021 1189 2077 Salomon
1227 2019 1544 2088 sapientiam
1575 2031 1604 2070 a
1635 2016 1764 2070 Deo.

196 2121 338 2174 'l‘unc
365 2120 574 2189 jutlit-at
602 2119 670 2176 de
699 2117 904 2172 duabus
945 2113 1256 2170 mulieribus
1281 2128 1401 2182 quae
1448 2111 1596 2165 illum
1627 2111 1766 2165 circa

196 2210 443 2264 infantem
473 2210 733 2264 adierant.
781 2208 1014 2262 Rursum
1060 2205 1129 2260 de
1168 2204 1430 2274 sapientia
1471 2203 1768 2258 Salomonis

197 2301 452 2372 loquitur;
481 2302 550 2357 de
585 2301 791 2355 lautitia
821 2315 1022 2355 mensae
1065 2297 1182 2367 ejus
1203 2337 1218 2361 ,
1260 2306 1314 2352 et
1339 2295 1553 2366 quinam
1581 2295 1766 2364 hujus-

195 2395 333 2449 tttodi
372 2393 553 2450 officio
599 2394 965 2464 fungerentur.
1010 2391 1170 2445 Mittit
1214 2391 1279 2444 ad
1326 2389 1541 2444 Chiram
1586 2404 1766 2458 regem

199 2487 343 2558 Tyri,
362 2488 615 2558 lignarios
629 2499 816 2556 petens
836 2485 1186 2540 conductitios
1215 2500 1229 2537 :
1258 2482 1346 2537 ille
1366 2497 1495 2536 vero
1521 2482 1765 2552 praebuit.

195 2578 292 2634 Hic
310 2580 483 2649 agitur
505 2579 573 2633 de
599 2592 884 2648 operarum
913 2590 1156 2640 numero,
1184 2582 1238 2629 et
1266 2573 1332 2629 de
1359 2574 1594 2627 materiae
1618 2573 1768 2641 copia

194 2671 257 2724 ad
286 2673 694 2726 exstructionem
715 2670 891 2738 templi
925 2677 1101 2739 parata
1127 2683 1140 2721 :
1162 2667 1398 2735 sequitur
1421 2665 1615 2720 deinde
1635 2675 1768 2718 tem-

197 2764 268 2833 pli
297 2765 643 2818 constructio.
676 2764 932 2818 Precatur
973 2761 1222 2816 Salomon
1256 2761 1308 2814 in
1342 2759 1558 2830 templo,
1586 2769 1639 2814 et
1666 2759 1767 2812 itn-

193 2855 372 2920 molat,
396 2855 720 2924 domumque
745 2854 975 2908 dedicat.
1008 2851 1276 2906 Promittit
1301 2850 1378 2904 illi
1407 2851 1546 2905 bona
1575 2851 1715 2906 Deus
1745 2892 1761 2919 ,

191 2946 236 3000 si
258 2949 570 3002 custodierit
595 2948 842 3002 mandata
876 2947 1060 3016 ipsius,
1082 2955 1135 3000 et
1159 2945 1488 2998 contrarium
1510 2945 1765 3010 minatur,

191 3036 237 3089 si
262 3039 636 3105 prasvaricatus
673 3037 854 3092 fuerit.
883 3037 1012 3091 Erat
1035 3045 1212 3089 autem
1245 3035 1313 3088 illi
1343 3035 1492 3089 navis
1526 3050 1646 3105 qua:
1675 3050 1768 3088 au-

192 3142 313 3181 rum
342 3128 590 3185 vehebat.
618 3130 849 3185 Historia
874 3129 1073 3198 reginae
1116 3129 1318 3193 Austri,
1347 3143 1464 3196 qua:
1494 3129 1638 3181 venit
1663 3169 1677 3192 ,
1712 3136 1769 3182 ιιι

190 3219 412 3274 audiret
438 3221 748 3291 sapientiam
774 3223 911 3290 ejus.
943 3220 1020 3275 De
1063 3219 1364 3288 ingentibus
1403 3217 1518 3287 ejus
1548 3218 1766 3284 divitiis,

194 3310 264 3365 de
293 3311 463 3365 armis
484 3313 656 3368 aureis
682 3328 799 3382 quae
827 3313 940 3381 ipse
963 3311 1125 3376 fecit;
1159 3309 1226 3363 de
1250 3309 1398 3380 regni
1445 3308 1559 3378 ejus
1585 3309 1767 3363 limiti-

187 3403 313 3459 bus.
349 3405 487 3458 Hinc
509 3405 574 3460 de
622 3404 913 3460 idololatria
959 3403 1076 3474 ejus
1105 3411 1158 3457 et
1200 3403 1266 3456 de
1309 3401 1622 3464 offensione,
1665 3417 1768 3471 qua

190 3493 363 3547 Dcuttt
396 3495 637 3549 offendit.
668 3495 797 3549 llinc
823 3496 979 3548 mina:
999 3493 1255 3547 adversus
1282 3492 1428 3546 illum
1457 3492 1727 3546 intentata:
1749 3532 1769 3557 ,

189 3587 455 3654 regnique
477 3587 588 3654 ejus
616 3587 826 3651 solutio,
857 3601 1064 3657 paxque
1091 3585 1318 3638 sublata.
1357 3584 1600 3638 liebcllat
1627 3585 1769 3639 enim

184 3687 375 3731 centra
429 3677 574 3731 illttttt
622 3678 764 3733 Ader
807 3679 1090 3742 ldumznus,
1138 3686 1192 3731 ct
1235 3677 1480 3730 Esdrom.
1527 3676 1770 3732 ltebellat

184 3771 345 3823 etiam
378 3781 568 3825 contra
621 3772 766 3826 illum
815 3771 1099 3827 Jeroboam
1138 3784 1324 3825 servus
1353 3767 1492 3838 ejus.
1526 3768 1679 3822 Venit
1703 3769 1770 3824 ad

181 3861 474 3916 Jeroboant
529 3864 695 3918 Achia
750 3865 1027 3933 propheta.
1059 3862 1253 3933 datque
1292 3860 1368 3914 illi
1420 3859 1770 3915 scindendum

181 3955 567 4009 vestimentum
619 3956 672 4009 itt
704 3955 923 4011 lacinias
956 3953 1143 4010 decem
1165 3995 1182 4021 ,
1234 3952 1654 4023 pra-significans
1695 3954 1770 4027 illi

179 4043 320 4112 quod
349 4045 544 4099 decent
573 4055 783 4114 sceptra
809 4045 1084 4099 habiturus
1113 4053 1276 4098 esset.
1305 4044 1436 4097 Cum
1467 4058 1628 4113 porro
1656 4045 1770 4098 vel-

179 4134 248 4191 let
271 4135 531 4192 Salomott
558 4138 710 4192 illum
739 4133 1004 4202 occidere,
1027 4135 1161 4206 fugit
1190 4135 1241 4190 in
1272 4135 1584 4207 Egyptnm.
1609 4135 1771 4190 Redit

177 4229 246 4283 ab
271 4229 510 4303 JEgypto
555 4230 868 4296 Jeroboam,
923 4235 1135 4283 mortuo
1175 4226 1481 4282 Salomone.
1535 4227 1770 4297 P0pulus

175 4331 350 4378 autem
377 4323 580 4377 adiens
610 4321 853 4376 Roboam
883 4321 1050 4374 lilium
1097 4319 1416 4385 Salomonis,
1445 4320 1666 4390 rogabat
1694 4320 1768 4374 le-

176 4412 321 4468 viore
350 4413 456 4468 frui
489 4413 748 4484 imperio,
778 4427 936 4482 quant
959 4411 1057 4466 sub
1079 4411 1399 4475 Salomone;
1437 4410 1526 4466 ille
1555 4427 1679 4465 vero
1702 4427 1768 4465 ex

176 4507 689 4576 consiliojuvenum
718 4503 1067 4574 quorumdam
1093 4544 1108 4568 ,
1152 4503 1241 4572 qui
1273 4518 1390 4557 cum
1416 4503 1530 4572 ipso
1557 4502 1768 4557 educati

173 4595 404 4662 fuerant,
438 4599 690 4653 minatus
717 4606 797 4650 est
821 4611 881 4651 se
905 4595 1146 4665 graviore
1166 4609 1386 4647 usurum
1412 4594 1654 4662 imperio.
1687 4595 1770 4647 ln-

173 4689 236 4745 de
259 4689 445 4746 divis-.e
472 4698 612 4746 sunt
643 4686 826 4742 decent
858 4685 1049 4753 tribus,
1101 4693 1155 4740 et
1193 4699 1371 4754 regem
1413 4684 1512 4739 sibi
1567 4686 1768 4739 consti-

173 4794 387 4841 tuerunt
421 4787 747 4842 Jcroboam.
775 4782 1011 4837 Roboam
1041 4793 1169 4835 vero
1192 4780 1461 4834 volentem
1487 4788 1670 4833 contra
1703 4779 1768 4832 il-

175 4875 280 4930 lum
303 4893 529 4933 movere
565 4875 772 4930 bellum
803 4873 940 4926 Deus
957 4871 1216 4926 cohibuit.
1241 4869 1376 4924 Cum
1411 4880 1586 4924 autem
1602 4883 1769 4939 :egro—

174 4979 307 5023 taret
331 4971 470 5024 filius
503 4967 824 5028 Jeroboam,
853 4965 1013 5018 mittit
1039 4977 1257 5017 uxorem
1285 4976 1432 5014 suam
1463 4960 1528 5015 ad
1548 4961 1769 5014 Acltiam

171 5061 520 5130 prophetam.
543 5059 618 5114 de
670 5056 862 5110 morbo
903 5055 1326 5110 sciscitaturum:
1357 5053 1447 5107 ille
1482 5066 1611 5107 vero
1637 5053 1772 5106 dixit

170 5168 286 5205 esse
317 5153 676 5211 moriturum,
701 5158 755 5201 et
785 5156 1028 5201 mortuus
1053 5155 1135 5201 est
1155 5145 1251 5216 (a).
1277 5143 1769 5198 StatuitJeroboam

172 5245 368 5298 vitulas
399 5256 627 5304 aureas,
653 5238 878 5292 alteram
907 5239 959 5292 in
981 5236 1200 5301 Bazthel,
1228 5236 1448 5289 alteram
1472 5235 1524 5288 in
1553 5235 1683 5299 Dan,
1705 5250 1771 5288 ne

171 5335 398 5403 populus
421 5331 759 5388 ascenderet
785 5330 838 5383 in
867 5328 1186 5383 Jerusalem.
1221 5325 1352 5381 Cum
1382 5334 1558 5380 autem
1585 5326 1772 5379 immo-

173 5429 300 5483 laret
331 5427 430 5494 ibi,
462 5441 596 5481 ecce
628 5422 796 5476 homo
822 5421 922 5476 Dei
965 5421 1183 5474 veniens
1211 5418 1494 5488 prophetat
1532 5418 1598 5472 de
1626 5417 1771 5472 Josia

228 5562 301 5623 (ιι)
328 5568 442 5626 Haec
460 5571 581 5623 quae
604 5553 1103 5626 idg’ggritudinelilii
1123 5551 1392 5626 Jeroboami
1414 5551 1635 5626 dicuntur:
1659 5563 1770 5626 per:

171 5611 328 5673 ttn‘etit
362 5623 423 5672 ad
465 5611 622 5674 caput.
659 5611 900 5665 XlVlihri
925 5616 1056 5663 tertii
1082 5622 1288 5674 Regum.
1315 5621 1367 5661 ct
1391 5620 1496 5671 post
1521 5611 1774 5660 vitularttm

171 5699 426 5734 aureorum
461 5674 660 5732 cultum
703 5678 943 5726 habentur
979 5678 1028 5724 iu
1059 5675 1275 5733 Hebraeo,
1299 5677 1349 5723 in
1371 5674 1605 5734 Vulgatis,
1627 5681 1773 5734 atque

171 5749 217 5793 iu
241 5746 500 5810 ltexaplari
521 5743 772 5795 Editione.
791 5739 880 5788 Sed
898 5740 949 5787 in
965 5739 1070 5789 aliis
1089 5738 1262 5785 Graecis
1278 5737 1569 5784 Editiouiltus
1584 5736 1773 5785 inversa

169 5814 300 5864 sunt.

1241 352 1561 411 SYNOPSIS
1595 345 2003 406 SCRIPTUIUE
2041 346 2312 404 SACRIE.

3351 345 3457 411 330

1879 461 2023 536 rege.
2054 467 2123 522 Et
2160 469 2374 524 exaruit
2394 469 2536 539 regis
2579 480 2789 533 manus,
2813 479 2868 525 et
2894 480 3046 540 rupta
3075 481 3159 528 est
3177 487 3291 526 ara.
3317 469 3454 524 l‘rn-

1875 557 2034 626 pheta
2062 569 2238 614 autem
2269 560 2433 614 Deum
2457 569 2731 630 precante,
2762 576 2855 615 rex
2881 575 3041 616 sanus
3063 560 3232 616 factus
3257 572 3358 616 est.
3385 563 3451 616 Et

1875 647 2094 718 rogabat
2122 651 2436 720 prophetam
2467 659 2525 706 ut
2572 652 2877 720 epularetur
2900 652 3040 721 apud
3065 667 3144 708 se.
3191 653 3284 708 Ille
3324 671 3451 708 vero

1875 743 2110 810 nolebat,
2145 745 2237 799 Dei
2275 754 2600 816 pratceptum
2629 759 2871 807 servans,
2915 746 3055 814 quod
3093 761 3213 800 cum
3265 756 3450 815 postea

1877 844 2246 906 transgressus
2290 847 2475 905 esset,
2507 837 2718 893 occisus
2769 848 2851 893 est
2881 853 2911 893 a
2958 841 3127 894 leone.
3168 840 3450 895 Jeroboaut

1875 936 2050 982 autem
2077 927 2250 982 adhuc
2292 928 2542 984 manebat
2567 929 2618 983 in
2661 928 2933 998 impietate
2958 945 3070 991 sua,
3123 939 3177 985 et
3211 931 3446 985 Roboam

1875 1016 2017 1070 idola
2049 1018 2213 1072 coluit
2252 1017 2500 1073 omnibus
2530 1019 2651 1073 vita:
2674 1033 2785 1073 sua:
2809 1020 2987 1072 annis.
3021 1020 3253 1075 Veniens
3283 1021 3448 1075 Susa-

1873 1108 1976 1161 cim
2005 1109 2206 1177 accepit
2239 1109 2536 1164 thesauros.
2567 1109 2694 1164 Post
2726 1111 2865 1163 hunc
2894 1121 3076 1180 regnat
3117 1112 3276 1167 Abias
3306 1115 3444 1168 lilins

1872 1200 2009 1267 ejus,
2040 1209 2093 1253 et
2121 1211 2240 1268 post
2264 1200 2404 1255 hunc
2428 1202 2530 1254 Asa
2560 1201 2698 1255 filius
2716 1199 2867 1254 Abia.
2902 1201 3026 1256 Post
3047 1202 3327 1258 Jerohoam
3357 1221 3444 1258 re-

1872 1298 1999 1360 gnat
2031 1291 2169 1344 filius
2191 1291 2305 1359 ejus
2334 1291 2486 1346 Adab
2516 1292 2588 1362 (ιι)
2618 1307 2815 1361 :quem
2843 1307 2963 1345 cum
2987 1294 3271 1350 cecidisset
3290 1296 3446 1362 Basa,

1874 1381 2112 1450 regnarit
2138 1392 2190 1436 et
2208 1382 2440 1436 bellabat
2464 1391 2648 1437 contra
2666 1383 2792 1437 Asa.
2818 1383 2911 1437 llic
2939 1383 3137 1437 auxilio
3160 1400 3284 1438 usus
3309 1386 3450 1440 Adcr

1873 1473 1992 1545 Syri
2022 1477 2267 1544 superior
2291 1475 2406 1531 fuit.
2455 1475 2587 1543 Quia
2635 1492 2762 1531 vero
2806 1477 3079 1547 improbus
3122 1489 3235 1532 erat
3278 1479 3446 1543 Basa.

1873 1570 2104 1622 minatur
2133 1569 2230 1639 ipsi
2277 1569 2417 1623 Deus
2448 1570 2583 1624 mala
2616 1569 2870 1639 iugentia.
2905 1570 2996 1623 lllo
3017 1579 3226 1624 mortuo
3257 1587 3446 1642 regna-

1873 1660 1944 1713 rit
1973 1661 2065 1715 Ela
2089 1661 2226 1715 filius
2255 1660 2390 1730 ejus,
2421 1676 2579 1730 quem
2604 1677 2724 1715 cum
2755 1661 3039 1716 occidisset
3067 1662 3276 1716 Zambri
3314 1680 3449 1717 unus

1874 1753 2190 1822 principum,
2243 1753 2483 1820 regnavit
2527 1753 2660 1821 ipse,
2713 1761 2768 1806 et
2793 1753 2988 1807 delevit
3030 1757 3246 1808 domum
3277 1753 3447 1807 Basa-.

1872 1843 1942 1898 Ut
1984 1856 2160 1898 autem
2189 1843 2399 1897 Zambri
2425 1859 2634 1913 quoque
2663 1856 2900 1896 mortuus
2930 1854 3031 1910 est,
3062 1860 3181 1897 cum
3216 1846 3449 1914 scipsuttt

1871 1937 2211 2000 incendisset,
2235 1945 2420 2006 regnat
2437 1936 2642 1990 Ambri.
2659 1938 2792 1991 Cum
2817 1945 2991 1991 autem
3021 1937 3107 1992 hic
3126 1939 3282 1992 etiam
3301 1956 3448 1993 mor-

1873 2037 1992 2082 tuus
2040 2038 2210 2092 esset,
2242 2039 2429 2098 regnat
2458 2028 2674 2083 Achaab
2711 2030 2850 2082 filius
2875 2032 3012 2098 ejus.
3062 2031 3270 2100 [legunt
3325 2031 3448 2084 Josa

1875 2121 2000 2189 pltat
2023 2122 2159 2175 lilius
2189 2124 2328 2175 As:e.
2363 2121 2589 2174 Mittantur
2615 2122 2758 2175 Elias
2781 2123 3040 2191 propheta
3064 2123 3315 2176 Achaabo
3351 2140 3454 2180 src»

1873 2215 2117 2275 citatetn,
2142 2229 2258 2282 qua:
2291 2229 2386 2282 per
2413 2221 2522 2267 tres
2568 2230 2736 2268 anuos
2781 2223 2832 2265 et
2863 2228 2955 2268 sex
2983 2230 3195 2267 menses
3220 2215 3457 2270 duravit.

1872 2304 2022 2357 Tunc
2050 2319 2146 2372 per
2174 2319 2363 2356 corvos
2400 2304 2562 2356 alitur
2611 2305 2888 2372 propheta.
2935 2304 3028 2356 llic
3081 2315 3204 2358 sunt
3248 2324 3312 2362 ea
3340 2324 3462 2376 quae

1875 2395 2139 2466 pertinent
2158 2395 2222 2448 ad
2252 2395 2458 2448 viduam
2482 2392 2928 2461 Sarephtltauam,
2953 2411 3070 2463 qua:
3090 2395 3154 2448 ad
3182 2399 3460 2469 lceytltum

1873 2487 2000 2553 olei,
2024 2497 2079 2542 et
2109 2503 2227 2556 quat
2260 2486 2328 2540 ad
2353 2486 2591 2556 ltydriam
2623 2487 2824 2548 farinae,
2853 2485 2916 2538 ad
2947 2497 3171 2538 mortem
3204 2492 3374 2555 pueri,
3398 2500 3450 2542 ct

1872 2582 1936 2634 ad
1950 2582 2347 2634 suscitationcm
2372 2597 2434 2633 ex
2464 2593 2657 2634 morte.
2691 2579 2914 2632 Mittitur
2941 2579 3008 2632 ad
3041 2581 3255 2634 Aehaah
3286 2581 3448 2646 Elias,

1873 2685 1927 2728 et
1956 2675 2177 2727 hostiam
2207 2673 2384 2738 offert,
2410 2672 2642 2725 demittit
2676 2673 2850 2740 ignem
2879 2671 2946 2724 de
2971 2672 3124 2734 ezL-Io,
3169 2683 3222 2725 et
3249 2688 3448 2726 cottsu-

1874 2765 1970 2819 tttit
1997 2765 2161 2819 illam.
2194 2763 2345 2818 Tunc
2374 2773 2614 2832 arreptos
2643 2761 2948 2815 sacerdotes
2978 2762 3148 2814 Baalis
3171 2763 3449 2830 jugttlavit.

1874 2857 2125 2935 Ach'aabo
2158 2856 2388 2924 pluviam
2419 2854 2759 2924 prtenuntiat.
2786 2853 2850 2906 Et
2884 2868 3183 2907 conscenso
3206 2855 3450 2909 Cat-melo

1876 2957 2118 3016 precatus
2152 2957 2234 3000 est
2265 2947 2406 2999 Elias
2427 2985 2442 3008 ,
2494 2954 2548 2998 ct
2599 2944 2916 2997 sacrificium
2948 2943 3103 2997 offert
3131 2961 3143 2996 :
3177 2961 3300 2998 ecce
3331 2947 3449 3014 plu-

1875 3042 1979 3094 via.
2009 3039 2234 3092 Minatur
2258 3037 2387 3091 Elite
2414 3045 2638 3090 mortem
2663 3035 2877 3089 Jezabel
2906 3051 3038 3089 uxor
3061 3036 3315 3089 Acltaabi.
3353 3036 3445 3090 ille

1874 3143 2048 3187 autem
2076 3132 2218 3184 venit
2249 3131 2299 3183 in
2329 3130 2620 3190 desertum,
2651 3139 2703 3183 et
2731 3145 2850 3183 eum
2889 3129 3229 3184 dormivisset
3250 3131 3450 3183 excita-

1877 3234 2064 3292 tusque
2093 3231 2236 3275 esset
2263 3222 2331 3275 ab
2374 3223 2562 3290 angelo
2621 3221 2713 3275 Dei
2743 3262 2757 3285 ,
2817 3220 3023 3274 invenit
3053 3222 3448 3274 subciueritinnt

1875 3332 2066 3386 panem
2089 3331 2155 3368 ex
2181 3315 2348 3384 ulyra,
2369 3327 2526 3382 quem
2555 3328 2675 3366 eum
2694 3312 3012 3365 comedisset
3035 3312 3310 3366 rubetattts
3331 3321 3408 3364 est
3436 3329 3449 3364 :

1875 3424 1995 3463 cum
2028 3408 2117 3460 illo
2147 3406 2266 3460 cibo
2313 3403 2662 3474 quadraginta
2703 3402 2890 3456 diebus
2921 3402 3062 3454 venit
3108 3402 3159 3454 itt
3214 3401 3442 3454 Cltoreb.

1875 3501 2022 3554 Tunc
2048 3499 2120 3552 ait
2144 3515 2156 3551 :
2188 3499 2427 3560 Domine,
2455 3510 2577 3548 aras
2608 3503 2723 3546 tuas
2747 3492 3096 3546 sulfodt-runt.
3121 3491 3266 3561 Jugis
3287 3492 3447 3545 boum

1875 3590 2110 3645 dimissis
2153 3588 2404 3642 Elissazus
2434 3585 2670 3654 sequitur
2712 3583 2908 3636 Eliam.
2942 3583 3074 3635 llinc
3120 3583 3335 3637 historia
3368 3584 3449 3636 vi-

1876 3699 1992 3738 nea:
2031 3681 2289 3735 Nabutlta:
2320 3696 2333 3732 :
2371 3688 2425 3732 et
2452 3678 2608 3730 mina:
2639 3685 2821 3729 contra
2852 3674 3149 3728 chabelem
3177 3683 3230 3727 et
3251 3675 3451 3727 Acltaa.

1875 3776 2000 3830 bum
2052 3791 2066 3830 :
2114 3771 2454 3841 compunctio
2501 3768 2760 3823 Achaabi.
2815 3767 3166 3834 lrruptionem
3223 3769 3344 3820 fecit
3395 3771 3449 3823 in

1876 3867 2126 3922 lsraclem
2153 3865 2318 3936 Syrus
2371 3861 2516 3916 Ader
2552 3875 2674 3914 cum
2718 3859 2928 3928 triginta
2957 3857 3167 3911 duobus
3193 3860 3448 3927 regibus:

1876 3959 2093 4015 Achaab
2115 3973 2241 4013 vero
2266 3956 2461 4011 devicit
2497 3971 2610 4010 eos.
2639 3952 2771 4008 Cum
2816 3953 3052 4006 secundo
3081 3952 3227 4006 Ader
3251 3953 3449 4006 bellum

1877 4052 2178 4116 intulisset,
2220 4063 2392 4103 caesus
2443 4045 2834 4114 admodumque
2880 4043 3185 4113 prolligatus
3234 4053 3334 4096 est.
3377 4043 3445 4098 Ut

1876 4154 2053 4198 autem
2078 4157 2136 4197 se
2158 4141 2290 4196 vidit
2315 4141 2366 4194 itt
2389 4139 2627 4209 periculo
2665 4137 2884 4199 versari,
2918 4135 3204 4190 miserabili
3236 4136 3451 4189 indutus

1874 4246 2024 4291 veste
2061 4232 2369 4288 Achaabum
2391 4229 2541 4296 adiit,
2568 4244 2776 4284 servum
2818 4243 2876 4282 se
2901 4242 3115 4290 vocans,
3140 4236 3194 4280 et
3223 4227 3450 4282 salutem

1874 4326 2128 4396 consequi
2159 4335 2461 4394 peroptans.
2488 4321 2580 4375 ille
2605 4336 2733 4375 vero
2762 4335 2884 4374 eum
2927 4320 2979 4373 itt
3004 4335 3161 4373 curru
3193 4335 3289 4372 suo
3317 4334 3448 4373 con-

1876 4417 2134 4474 scendere
2159 4415 2338 4484 jussit,
2362 4423 2416 4467 et
2456 4413 2660 4466 honore
2707 4411 2955 4465 affectum
2988 4411 3038 4464 in
3074 4419 3266 4464 terram
3297 4428 3446 4465 suam

1835 4511 2100 4565 oremisit.
2124 4508 2280 4562 Venit
2307 4507 2561 4576 propheta
2610 4519 2791 4572 regem
2831 4517 2994 4571 super
3021 4503 3102 4557 his
3126 4503 3446 4572 oltjut-gans,

1877 4614 2168 4669 necemque
2211 4597 2482 4651 minitans.
2527 4593 2805 4648 Consultat
2853 4593 3108 4656 Acltaalt,
3159 4610 3224 4646 an
3261 4593 3450 4648 debeat

1881 4693 2031 4765 Syris
2073 4692 2267 4747 bellum
2316 4689 2547 4744 inferre:
2581 4700 2631 4741 et
2677 4703 2740 4740 ex
2773 4687 2994 4740 consilio
3018 4685 3270 4754 Josapltat
3310 4688 3451 4757 regis

1875 4789 2052 4851 Judaa,
2084 4785 2372 4840 accersitur
2411 4782 2659 4842 Micha'as
2685 4779 2960 4849 propheta,
2983 4780 3072 4849 qui
3099 4781 3451 4850 interrogatus

1877 4879 2203 4935 calamitates
2251 4873 2528 4945 praedicit,
2557 4873 2601 4926 si
2633 4872 2827 4926 bellum
2878 4871 3156 4926 inferatur.
3203 4871 3448 4926 Irascitur
3502 4909 3511 4915 -

1878 4972 2093 5028 Achaab
2114 4991 2126 5026 :
2148 4970 2421 5025 Mit-hteam
2449 4968 2667 5036 perculit
2691 4966 2940 5021 Sedecias
2967 4965 3447 5034 pseudopmpbeta.

1877 5066 2034 5121 Jubet
2071 5061 2287 5117 Arhaab
2339 5061 2540 5115 servari
2572 5057 2842 5113 Miclneam
2890 5057 3399 5128 pseudoprmtltetam
3429 5097 3448 5119 ,

1879 5159 2052 5213 donec
2078 5157 2201 5211 belli
2235 5156 2353 5209 finis
2379 5165 2542 5208 esset.
2566 5153 2762 5207 Exitad
2787 5169 3050 5222 pugnam,
3088 5160 3142 5205 et
3164 5150 3454 5219 Josapltato

1879 5253 2042 5308 dixit:
2065 5251 2326 5304 Mutetnus
2355 5247 2588 5301 habitum
2615 5247 3001 5300 etvestimcnta
3028 5261 3041 5305 ;
3071 5243 3324 5310 accipiam
3351 5257 3454 5311 ego

1883 5353 1991 5411 tua,
2021 5351 2074 5396 et
2104 5355 2218 5395 mea
2260 5340 2350 5393 tibi
2395 5338 2563 5392 trado.
2619 5337 2711 5390 llis
2739 5336 2986 5405 peractis,
3015 5351 3132 5388 cum
3166 5335 3451 5401 pra-cepis-

1882 5445 1966 5492 set
1989 5450 2082 5489 rex
2111 5433 2278 5504 Syria:
2300 5431 2553 5485 militibus
2569 5429 2700 5494 suis,
2735 5437 2792 5480 ut
2815 5426 2988 5478 missis
3018 5425 3261 5478 omnibus
3288 5438 3450 5478 unum

1944 5594 2015 5664 (α)
2027 5591 2080 5639 Itt
2093 5597 2198 5664 an
2212 5582 2538 5664 Interpretpm
2555 5586 2768 5664 editione
2789 5582 3455 5664 legi“ll£,-Na€é€t;H¢C3pip[JQ

1882 5642 2072 5703 noinitta
2093 5651 2292 5699 multum
2331 5642 2574 5697 variabant
2606 5649 2655 5695 in
2682 5643 3038 5704 exemplaribus
3067 5645 3252 5690 Graecis.
3275 5642 3455 5691 Vertittt

1880 5729 2058 5764 nomen
2083 5723 2162 5763 est
2181 5713 2336 5761 Nadab
2356 5710 2618 5761 secundum
2641 5708 2918 5754 tlehraieam
2955 5709 3206 5753 veritatem
3229 5709 3347 5763 ΤΠ.
3371 5706 3455 5754 Sic

1883 5796 1934 5840 et
1957 5786 2077 5837 infra
2098 5787 2192 5849 Ᾰδιρ
2213 5797 2302 5836 rex
2321 5784 2462 5847 Syriae
2482 5787 2558 5832 est
2576 5776 2807 5828 Bcuadad.
