4102 6322
638 335 736 389 551

643 464 819 521 regem
839 445 1052 503 Israelis
1074 444 1125 500 in
1150 442 1293 499 bello
1317 441 1671 507 adorirentur,
1697 440 1769 494 illi
1791 438 2031 494 videntes
2061 434 2215 491 Josa-

644 541 771 610 pbat
799 553 977 609 regem
991 535 1146 601 Iuda,
1174 543 1231 589 et
1256 541 1504 604 putantes
1528 545 1650 586 esse
1674 544 1856 600 regem
1878 526 2040 583 Israel
2071 527 2216 597 (nam

646 634 811 690 vestis
840 634 982 702 ipsos
1002 626 1254 699 decepit),
1282 624 1743 702 circumsistebant
1774 623 1922 677 illum
1945 663 1961 687 ,
1988 628 2048 675 ut
2072 619 2217 675 occi-

648 700 978 780 derent.Ille
1007 734 1138 775 vero
1164 718 1403 773 clamans
1429 731 1460 770 a
1501 700 1740 786 periculo
1764 713 2035 768 eximitur.
2068 710 2220 765 Alius

646 824 822 870 autem
848 810 1153 883 sagittarius
1174 809 1316 865 feriit
1339 806 1667 872 Acbaabum,
1693 812 1749 860 et
1777 804 1994 875 sanguis
2030 818 2219 857 mana-

645 907 753 970 bat,
785 918 943 974 quem
962 902 1246 956 abluerunt
1272 900 1325 954 in
1342 898 1509 964 fonte,
1539 907 1596 952 et
1622 895 1932 951 meretrices
1953 910 2012 950 se
2038 894 2222 949 ablue-

646 1007 773 1050 runt
812 996 864 1049 in
885 993 1142 1064 sanguine
1170 992 1285 1060 ejus
1309 1030 1325 1057 ,
1350 1003 1615 1058 canesque
1642 987 1909 1042 linxerunt
1931 1001 2074 1041 eum.
2119 985 2223 1039 Re-

644 1089 827 1159 gnavit
855 1095 976 1157 post
1019 1083 1326 1140 Acbaabum
1353 1080 1613 1137 chozias
1642 1078 1781 1133 ﬁlius
1802 1078 1937 1149 ejus.
1960 1076 2090 1145 Quia
2121 1091 2219 1131 au-

651 1191 755 1233 lem
783 1175 1036 1246 Josaphat
1084 1178 1286 1229 amicus
1337 1172 1453 1242 ejus
1475 1172 1592 1236 iuit,
1623 1184 1810 1241 ptenas
1849 1167 2027 1234 dedit;
2061 1168 2131 1221 ita
2167 1174 2224 1221 ut

647 1288 811 1343 Opera
825 1271 942 1342 ejus
969 1266 1430 1338 interpellarentur
1455 1260 1555 1336 (a).

1245 1415 1521 1458 ιιεςΝοιιωι
1549 1416 1620 1455 IV.

719 1536 1001 1608 Egrotans
1025 1535 1282 1592 Oebozias
1304 1535 1448 1590 misit
1465 1534 1765 1589 consultum
1783 1533 2019 1599 Baalem,
2047 1538 2222 1586 utrum

646 1639 984 1687 surrecturus
1010 1638 1189 1686 esset:
1220 1638 1272 1685 et
1298 1629 1496 1684 nuntiis
1517 1642 1803 1683 occurrens
1829 1628 1971 1682 Elias
1994 1625 2223 1696 prophe-

646 1735 721 1792 ta,
747 1724 905 1796 jussit
929 1738 1205 1796 regressus
1232 1723 1478 1778 nuntiare
1523 1722 1694 1791 ipsum
1720 1736 1826 1776 non
1854 1731 2222 1775 surrecturum

642 1830 783 1871 esse.
808 1815 938 1870 Cum
960 1814 1231 1869 didicisset
1253 1821 1428 1867 autem
1456 1811 1715 1866 Ochozias
1744 1825 1863 1866 esse
1900 1810 2089 1873 Eliam,
2122 1809 2225 1863 mi-

648 1907 719 1960 sit
746 1907 1250 1977 quinquagenarium
1281 1906 1452 1975 primo
1501 1912 1559 1960 et
1582 1903 1852 1968 secundo;
1896 1916 2017 1957 cum
2046 1910 2222 1958 autem

649 2012 871 2071 uterque
923 2014 1044 2054 cum
1107 1998 1485 2069 quinquaginta
1537 1998 1648 2051 suis
1710 1996 1831 2066 igne
1876 2003 2224 2063 consumptus

647 2094 855 2155 fuisset,
885 2106 1005 2148 cum
1036 2092 1192 2147 tertio
1211 2091 1427 2160 jubetur
1458 2088 1601 2144 Elias
1651 2087 2004 2151 descendere,
2038 2094 2094 2141 et
2132 2100 2221 2140 re-

646 2200 767 2255 gem
798 2182 982 2238 adiens
1011 2182 1144 2237 dixit
1192 2182 1344 2237 illum
1402 2195 1523 2237 esse
1549 2180 1887 2236 moriturum.
1917 2178 2047 2232 Post
2082 2176 2224 2231 hunc

650 2288 835 2348 regnat
857 2277 1021 2332 frater
1049 2275 1165 2346 ejus
1201 2274 1385 2329 Joram
1420 2293 1433 2328 :
1463 2288 1568 2327 non
1615 2273 1756 2328 enim
1797 2280 1913 2326 erat
1957 2270 2033 2326 illi
2060 2269 2222 2324 ﬁlius.

659 2369 796 2425 Hinc
822 2367 1114 2438 assumptio
1141 2366 1267 2421 Elite
1296 2366 1348 2420 in
1372 2348 1582 2421 caelum.
1603 2364 1858 2426 .Videntes
1879 2363 1968 2417 lilii
1992 2362 2223 2433 propbe-

649 2471 821 2515 tarum
842 2458 1116 2514 Elissaaum
1139 2457 1281 2513 sicco
1307 2455 1442 2527 pede
1466 2455 1755 2511 Iordanem
1788 2463 2218 2524 prmtcrcuntem,

649 2551 898 2606 dixerunt
933 2548 1198 2620 quievisse
1246 2548 1490 2616 spiritum
1524 2546 1652 2600 Elim
1680 2561 1843 2615 super
1867 2545 2039 2616 ipsum
2068 2586 2083 2610 ,
2132 2560 2222 2599 ro-

649 2652 881 2713 gantque
912 2641 1049 2696 mitti
1077 2640 1167 2711 qui
1199 2640 1367 2695 Eliam
1400 2640 1804 2709 perquirercnt:
1837 2637 1926 2693 ille
1976 2636 2223 2707 prohibe-

652 2734 763 2802 bat,
791 2732 1110 2802 demumque
1160 2732 1380 2788 annuit:
1412 2729 1509 2786 sed
1552 2731 1639 2801 qui
1673 2730 1818 2787 missi
1863 2728 2074 2785 fuerant
2117 2743 2224 2785 non

648 2827 987 2882 invenerunt.
1024 2825 1205 2895 Aquas
1234 2823 1285 2877 in
1316 2821 1529 2878 Iericho
1552 2836 1710 2876 sanas
1732 2820 1905 2876 reddit
1935 2820 2223 2886 Elissazus;

652 2932 773 2972 cum
798 2916 1004 2972 veniret
1030 2916 1082 2969 in
1105 2913 1308 2969 Bazthel
1335 2954 1351 2980 ,
1383 2913 1636 2983 puerulos
1662 2927 1722 2967 se
1747 2912 2031 2967 irridentes
2057 2911 2225 2967 male-

651 3009 801 3074 dicit,
821 3009 1003 3079 illique
1021 3007 1089 3062 ab
1110 3006 1248 3062 ursis
1276 3005 1683 3060 interﬁciuntur.
1708 3005 1817 3060 Rex
1839 3004 1991 3060 Moab
2010 3005 2223 3060 solitum

648 3100 883 3173 pendere
912 3101 1165 3156 tributum
1217 3099 1421 3155 abnuit.
1450 3099 1654 3153 Bellum
1689 3099 1788 3168 ipsi
1833 3096 1996 3153 inl‘ert
2043 3097 2223 3152 Joram

652 3210 746 3250 rex
769 3192 902 3250 Juda
922 3203 1195 3262 assumpto
1224 3206 1404 3248 secum
1430 3190 1659 3247 chnzia
1685 3207 1810 3261 rege
1837 3190 2024 3257 Israel,
2054 3200 2108 3247 et
2136 3207 2227 3248 re-

653 3302 721 3358 ge
745 3285 912 3342 Edam
943 3284 1045 3359 (ὁ).
1073 3285 1205 3340 Cum
1237 3293 1418 3339 autem
1450 3300 1555 3339 non
1606 3284 1904 3338 invenirent
1928 3299 2120 3354 aquam
2171 3286 2223 3340 in

654 3378 889 3442 deserto,
930 3387 985 3433 et
1014 3376 1081 3432 de
1109 3377 1218 3431 vita
1242 3376 1689 3446 periclitarentur,
1722 3376 2035 3432 consulente
2050 3376 2226 3433 Ocho-

648 3472 729 3527 zia
757 3470 976 3526 veniunt
998 3470 1064 3526 ad
1110 3471 1409 3526 Elissaeum.
1446 3469 1543 3526 Ille
1571 3485 1702 3526 vero
1740 3470 1986 3524 irascitur
2024 3479 2210 3526 contra

648 3577 828 3633 regem
857 3554 1035 3627 Israel,
1074 3576 1173 3616 nec
1192 3577 1251 3616 se
1279 3561 1424 3616 illum
1456 3561 1726 3631 respicere
1748 3561 2080 3625 velle-dixit,
2121 3563 2222 3616 nisi

649 3655 702 3709 in
725 3654 946 3725 gratiam
977 3654 1118 3724 regis
1144 3652 1316 3708 Judze.
1371 3652 1553 3722 Neque
1596 3662 1798 3707 tantum
1833 3668 2088 3723 aquarum
2133 3670 2227 3710 co-

647 3747 790 3818 piam
817 3745 1059 3817 praedicit
1078 3785 1095 3809 ,
1132 3744 1226 3798 sed
1269 3743 1431 3798 etiam
1461 3742 1738 3797 victoriam
1769 3753 1956 3798 contra
1981 3743 2226 3798 Moabiti-

647 3839 789 3903 dem,
823 3837 875 3890 id
906 3834 1047 3906 quod
1095 3836 1256 3891 etiam
1284 3833 1503 3889 evenit:
1537 3833 1590 3888 in
1634 3842 1939 3904 tantamque
1965 3833 2225 3892 deductus

648 3938 734 3984 est
760 3929 1117 3984 calamitatem
1164 3942 1260 3982 rex
1303 3926 1694 3994 Moabitarum,
1752 3935 1812 3981 ut
1842 3928 2000 3983 etiam
2055 3929 2223 3983 ﬁlium

651 4029 913 4077 mactaret
926 4035 1085 4089 supra
1113 4034 1344 4074 murum.
1382 4019 1479 4074 Hic
1502 4019 1678 4089 agitur
1698 4020 1764 4074 de
1795 4020 2040 4087 muliere,
2069 4020 2223 4090 cujus

647 4116 824 4170 oleum
868 4112 1353 4182 superabundavit,
1392 4120 1448 4168 et
1472 4111 1539 4167 de
1563 4112 1913 4176 Suuamitide,
1942 4113 2029 4167 cui
2058 4112 2221 4167 ﬁlium

646 4207 847 4260 salvum
881 4204 1110 4260 reddidit
1168 4204 1440 4269 Elissasus,
1494 4213 1550 4258 et
1600 4211 1865 4258 mortuum
1919 4205 2215 4259 suscitavit.

649 4297 811 4352 Fame
838 4297 1244 4367 superveniente
1264 4295 1668 4351 amaritudinem
1696 4296 1912 4351 abstulit
1953 4312 1984 4352 a
2010 4297 2216 4364 lebete,

646 4403 702 4446 et
727 4392 779 4446 in
809 4391 1026 4445 nomine
1064 4389 1155 4444 Dei
1198 4397 1412 4444 centum
1444 4390 1587 4445 viros
1642 4389 1896 4444 enutrivit
1925 4404 1991 4443 ex
2034 4390 2219 4459 viginti

648 4481 874 4552 panibus
903 4480 1238 4537 lmrdeaceis.
1284 4480 1455 4551 Lepra
1486 4480 1708 4537 allectus
1734 4490 1817 4536 est
1850 4480 2085 4536 Neeman
2111 4482 2219 4537 dux

586 4606 591 4614 -
648 4575 788 4645 regis
817 4576 1003 4639 Syriae,
1045 4574 1133 4644 qui
1164 4573 1428 4630 accedens
1462 4573 1530 4628 ad
1558 4588 1737 4643 regem
1767 4574 1927 4628 Israel
1955 4573 2218 4628 medelam

651 4666 890 4737 petebat;
923 4666 1011 4720 ille
1036 4681 1165 4722 vero
1187 4666 1376 4720 anxius
1392 4664 1546 4721 scidit
1565 4666 1879 4720 vestimenta
1904 4679 2019 4719 sua.
2042 4663 2217 4734 Ipsum

711 4826 787 4889 (α)
806 4824 861 4874 In
882 4830 1060 4889 amco,
1085 4832 1193 4874 tam
1214 4831 1331 4889 δίκην,
1354 4837 1396 4876 τὸ
1417 4832 1627 4889 suanm“
1641 4836 1688 4874 τὰ
1705 4833 1791 4886 ῑργα
1804 4835 1925 4889 cyma.
1949 4829 2089 4872 Forte
2112 4837 2216 4889 me-

647 4883 741 4938 lius
765 4883 882 4937 ’htnc
919 4887 1066 4936 verba
1103 4886 1413 4947 quadrarent,
1438 4887 1679 4948 praemissa
1721 4883 1948 4948 particula
1988 4888 2214 4948 negandi,

645 4964 708 5003 .ax
724 4958 834 5000 tam
849 4958 1033 5018 stag-35
1055 4946 1334 5018 gignant-16.
1365 4946 1453 5018 εῖγά
1466 4959 1591 5018 missis,
1612 4960 1705 4995 non
1724 4946 2216 5018 dedit_pmnas,'qu_o_d

643 5025 790 5078 opera
811 5008 1065 5078 ejusilltﬁd
1079 5008 1419 5078 “impedirent,
1430 5009 1557 5078 quod
1593 5016 1880 5078 consonaret
1915 5021 2023 5078 cum
2053 5011 2218 5078 verbis

644 5068 739 5124 illis
760 5068 958 5138 Paralip.
979 5071 1054 5120 19.
1076 5072 1133 5118 2:
1156 5068 1208 5138 ιξι
1231 5068 1414 5119 idcirco
1433 5068 1559 5138 {ram
1581 5069 1775 5132 quidem
1795 5069 1985 5120 Domini
2006 5072 2217 5122 mereba-

642 5138 712 5187 νίς
727 5149 745 5186 :
765 5134 848 5185 sed
871 5130 991 5183 bona
1007 5144 1155 5193 opera
1174 5130 1362 5179 invema
1382 5138 1487 5181 sunt
1508 5130 1557 5180 in
1580 5130 1642 5181 te.

706 5196 775 5260 (ὁ)
799 5202 911 5245 Haec
948 5192 1044 5260 non
1080 5193 1318 5260 quadrent
1348 5194 1444 5260 nisi
1472 5206 1583 5260 cum
1616 5192 1728 5260 Cod.
1756 5192 1896 5260 C_oisl.
1925 5194 1972 5242 in
1993 5206 2090 5260 quo
2113 5197 2213 5245 evi-

640 5253 817 5309 denter
852 5257 1078 5307 mendum
1099 5253 1208 5303 'est.
1237 5262 1345 5301 Nam
1366 5255 1447 5309 qui
1472 5253 1654 5302 bellum
1678 5253 1888 5303 intulere
1910 5253 2216 5306 Moabilarum

638 5322 765 5383 regi,
795 5325 1108 5383 erantJoram
1130 5328 1226 5383 rex
1249 5315 1417 5373 Israel,
1441 5330 1466 5363 a
1488 5329 1586 5383 quo
1603 5316 1982 5383 deieceratrex
2000 5322 2217 5383 Moabita-

643 5377 764 5438 rttfn,
790 5380 1013 5443 .losapltat
1033 5393 1122 5443 rex
1141 5377 1274 5443 Juda,
1302 5382 1352 5425 et
1372 5390 1465 5425 rex
1490 5377 1643 5426 illum.
1672 5379 1905 5443 Fortassis
1921 5381 2063 5427 etiam
2087 5381 2131 5428 id
2151 5396 2211 5431 ex

640 5445 876 5493 varietate
901 5440 1267 5501 exemplarium
1290 5444 1499 5501 ortum;
1513 5450 1620 5486 nam
1645 5445 1820 5500 quanta
1860 5440 1937 5488 illa
1971 5451 2120 5495 esset.
2145 5446 2214 5491 vi-

638 5507 772 5556 desis
795 5505 842 5554 in
866 5499 1172 5564 Hexaplisad
1199 5508 1343 5563 caput
1365 5499 1468 5564 XIV
1491 5499 1597 5549 libri
1616 5499 1748 5564 tertii
1773 5508 1969 5564 Regum.
1994 5504 2085 5551 Sed
2109 5519 2214 5554 me-

640 5566 733 5615 lius
753 5565 977 5615 credatur
1004 5562 1065 5613 Id
1102 5562 1237 5626 lapsu
1258 5562 1499 5624 graphice
1532 5562 1783 5626 accidisse.
1818 5562 2053 5626 Librarius
2086 5580 2215 5616 eum]

635 5629 881 5689 quispiam
893 5629 1045 5688 primo
1053 5623 1290 5689 Joramum
1312 5623 1484 5689 regem
1501 5623 1617 5689 .lu_da
1636 5636 1720 5689 pro
1733 5637 1855 5681 rege
1872 5624 2020 5689 Israel
2041 5639 2215 5686 posue-

637 5684 925 5752 Ifitabeitldé
944 5689 1068 5736 alius
1088 5687 1334 5738 ocboziam
1356 5684 1528 5750 régeu;
1550 5684 1701 5735 Israel
1722 5699 1808 5747 pro
1824 5684 2076 5750 δοδεψιιιιω
2094 5703 2215 5752 rege

635 5747 662 5796 ,Ι
668 5751 758 5799 uda
774 5749 1098 5800 substituet-it.

1409 326 1466 383 S.
1505 323 1779 382 JOANNIS
1812 316 2280 380 CHRYSOSTOMI
2317 317 2634 378 ARCHIEP.
2671 322 3201 388 CONSTANI‘INOP.

3812 334 3914 391 552

2328 438 2557 493 accersit
2579 439 2851 507 Elissaeas,
2870 442 3130 516 iubetque
3155 448 3397 519 immergi
3421 449 3474 504 in
3498 448 3797 508 Iordanem
3820 468 3911 510 se-

2329 531 2486 599 pties.
2518 530 2610 587 Ille
2635 550 2762 590 vero
2791 537 2962 605 primo
2981 539 3195 609 quidem
3220 542 3455 613 neglexit
3479 584 3496 609 ,
3521 559 3624 601 nec
3639 545 3906 602 medelam

2329 620 2453 677 inde
2471 625 2724 694 speravit.
2751 626 2974 683 Demunt
3000 631 3170 686 servis
3188 632 3301 688 suis
3317 633 3675 702 hortantibus,
3694 635 3915 692 immer-

2327 713 2469 783 gitur
2494 723 2549 769 et
2573 725 2791 771 curatur
2818 734 2833 771 :
2865 718 3110 789 donaque
3156 721 3417 779 offerebat
3441 724 3685 791 Elissaeo,
3715 729 3808 796 qui
3827 729 3912 783 illa

2334 810 2557 878 respuit.
2586 809 2973 867 Abscedentem
3023 814 3172 869 illum
3203 815 3514 886 insequutus
3553 818 3698 875 Giesi
3725 804 3925 875 servus'

2328 899 2557 965 Elissaai,
2589 904 2740 972 quasi
2781 905 2848 959 ab
2876 905 3095 962 Elissmo
3123 908 3338 975 missus,
3368 925 3399 965 a
3440 910 3674 967 Neeman
3720 914 3917 982 accipit

2329 993 2436 1048 duo
2460 994 2656 1049 talenta
2681 1008 2952 1066 argentea,
2976 1000 3152 1055 etduo
3172 1001 3511 1058 vestimenta.
3532 1004 3613 1059 Ad
3632 1005 3911 1060 Elissmum

2330 1100 2459 1141 vero
2488 1102 2752 1155 reversus,
2774 1098 2981 1159 gestum
3006 1092 3276 1149 occultare
3311 1097 3567 1151 tentabat.
3594 1097 3689 1153 Ille
3729 1109 3909 1155 autem

2329 1192 2545 1233 servum
2581 1180 2882 1252 redarguit.
2912 1195 2966 1238 et
2995 1185 3047 1239 in
3083 1200 3292 1256 poenam
3316 1188 3782 1260 immisitlepram.
3814 1192 3912 1249 Ve-

2329 1273 2484 1327 niunt
2512 1272 2601 1327 ﬁlii
2629 1274 3007 1343 prophetarum
3038 1292 3234 1332 caesum
3258 1279 3401 1349 ligna
3420 1281 3487 1335 ad
3498 1282 3869 1339 aediﬁcandum
3893 1304 3909 1340 :

2330 1374 2389 1421 ut
2423 1381 2554 1422 vero
2578 1366 2779 1423 ferrum
2806 1370 2963 1426 unius
2980 1386 3048 1426 ex
3075 1372 3269 1442 capulo
3291 1372 3513 1439 excidit,
3541 1384 3817 1431 exsectum
3843 1377 3911 1431 li-

2328 1470 2491 1527 gnum
2518 1458 2738 1514 immisit
2769 1460 3041 1529 Elissaeus,
3075 1473 3130 1519 et
3154 1464 3353 1520 ferrum
3381 1482 3539 1537 supra
3566 1483 3761 1538 aquam
3781 1469 3913 1524 sub-

2331 1548 2493 1602 latum
2530 1556 2633 1604 est.
2682 1549 2797 1606 Rex
2840 1551 3006 1622 Syriae
3042 1553 3241 1610 bellum
3283 1558 3532 1614 movebat
3575 1560 3627 1613 in
3660 1559 3911 1616 Israelem

2332 1646 2393 1692 ut
2417 1640 2739 1709 prazdixerat
2778 1641 3057 1700 Elisszeus.
3098 1645 3177 1700 Re
3202 1655 3471 1717 comperta
3496 1647 3710 1715 ,bostis
3750 1652 3913 1707 mittit

2332 1737 2561 1785 turmam
2587 1732 2813 1787 militum
2842 1735 2895 1789 in
2924 1734 3224 1791 Elissaeum.
3253 1738 3419 1793 Deum
3443 1753 3666 1811 rogante
3686 1743 3910 1813 preplte-

2330 1829 2382 1876 ta
2402 1862 2417 1887 ,
2449 1824 2691 1879 caecitate
2720 1827 3086 1894 percutiuntur
3110 1828 3146 1883 ii
3173 1830 3263 1900 qui
3303 1842 3584 1898 venerunt,
3624 1845 3681 1889 et
3707 1834 3911 1891 inducit

2330 1931 2424 1972 eos
2451 1918 2501 1972 in
2519 1918 2724 1974 medios
2753 1920 3017 1989 inimicos,
3048 1938 3331 1993 regemque
3355 1926 3500 1996 ipsos
3525 1928 3794 1996 perimere
3817 1943 3910 1984 vo.

2330 2010 2527 2064 lentem
2556 2011 2770 2066 cohibet
2816 2011 3101 2080 Elissteus,
3151 2015 3244 2069 sed
3271 2016 3424 2083 jubet
3469 2018 3737 2074 alimentis
3774 2020 3910 2074 datis

2330 2101 2550 2155 remitti.
2593 2101 2759 2157 Tanta
2791 2105 3201 2173 superveniente
3254 2106 3432 2175 fame,
3485 2118 3547 2165 ut
3587 2121 3749 2180 caput
3777 2113 3911 2167 asini

2330 2192 2709 2265 quinquaginta
2741 2196 2908 2263 siclis,
2941 2206 2996 2252 et
3023 2207 3209 2268 quarta
3237 2214 3362 2269 pars
3383 2202 3501 2257 cabi
3528 2205 3789 2260 stercoris
3812 2220 3906 2261 co-

2331 2284 2630 2342 lumbarum
2646 2289 2879 2359 quinque
2898 2289 3045 2345 siclis
3066 2291 3405 2361 venderetur,
3419 2295 3625 2351 accedit
3644 2297 3713 2351 ad
3731 2313 3909 2368 regem

2330 2379 2521 2434 mulier
2541 2379 2764 2434 alteram
2797 2382 3075 2438 mulierem
3118 2383 3384 2450 incusans,
3417 2387 3558 2457 quod
3597 2403 3718 2443 cum
3743 2389 3907 2444 ﬁlium

2330 2484 2484 2525 suum
2511 2486 2693 2526 secum
2717 2473 3060 2539 comedisset,
3091 2477 3536 2547 promisissetque
3565 2493 3627 2534 se
3665 2480 3826 2535 etiam
3851 2481 3909 2534 li-

2331 2562 2460 2618 lium
2491 2578 2645 2618 suum
2673 2565 2723 2619 in
2753 2566 2929 2620 cibum
2958 2567 3300 2637 praebituram
3322 2583 3461 2635 esse,
3491 2572 3771 2640 promissis
3803 2589 3907 2628 non

2331 2659 2587 2712 Stetisset.
2615 2657 2766 2713 Tunc
2816 2659 2973 2714 scidit
3000 2676 3095 2716 rex
3131 2662 3452 2718 vestimenta
3483 2679 3600 2731 sua,
3656 2666 3907 2736 misitque

2332 2750 2503 2806 virum
2549 2752 2640 2822 qui
2681 2764 2841 2823 caput
2887 2753 3097 2810 Elissaei
3152 2765 3471 2825 amputaret.
3503 2757 3757 2814 Praedicit
3789 2776 3907 2829 pro-

2332 2844 2493 2915 pheta
2522 2846 2573 2900 ei
2602 2846 2691 2916 qui
2727 2861 2786 2902 se
2836 2856 3201 2915 convenerat,
3253 2849 3341 2904 die
3366 2850 3602 2906 crastina
3624 2840 3747 2907 fore.
3770 2853 3906 2906 solu-

2333 2937 2538 2993 tionem
2563 2938 2754 2993 famis:
2785 2954 2909 2994 cum
2937 2950 3115 2995 autem
3160 2942 3251 2996 ille
3289 2957 3395 2996 non
3422 2943 3690 3011 crederet,
3722 2946 3905 3000 vatici-

2333 3039 2492 3125 nat.ur
2510 3030 2559 3085 ei
2588 3040 2838 3086 mortem.
2872 3030 3095 3102 Leprosi
3133 3043 3364 3102 quatuor
3401 3035 3473 3090 ob
3506 3034 3701 3091 famem
3734 3039 3787 3091 in
3816 3037 3907 3092 de-

2332 3121 2695 3188 sperationem
2713 3121 2948 3189 adducti,
2968 3138 3090 3179 sese
3115 3123 3357 3180 hostibus
3375 3125 3576 3182 dedere
3591 3127 3905 3192 decernunt,

2332 3223 2387 3271 ct
2406 3216 2471 3270 ad
2497 3225 2671 3270 castra
2699 3218 2995 3282 venientes,
3025 3216 3111 3271 illa
3148 3218 3362 3287 quidem
3395 3218 3703 3275 hominibus
3724 3236 3902 3285 vacua,

2332 3310 2560 3364 tentoria
2581 3325 2711 3366 vero
2751 3310 2951 3367 divitiis
2978 3312 3133 3381 plena
3163 3313 3499 3368 invenerunt.
3533 3314 3613 3368 Ac
3639 3328 3765 3369 cum
3789 3313 3908 3368 diri-

2332 3410 2572 3479 puissent
2595 3421 2791 3482 quanta
2829 3418 3042 3481 gestare
3075 3419 3340 3482 poterant,
3372 3410 3424 3465 id
3470 3411 3580 3481 regi
3609 3411 3906 3464 nuntiatum

2332 3511 2608 3556 venerunt.
2637 3500 2706 3555 Et
2733 3502 2904 3570 primo
2924 3500 3140 3572 quidem
3163 3517 3257 3557 rex
3277 3501 3457 3556 dolqu
3487 3502 3707 3556 subesse
3732 3500 3905 3569 suspic

2330 3595 2552 3649 cabatur
2594 3595 2818 3649 :missis
2850 3603 3024 3649 autem
3070 3594 3371 3664 equitibus,
3426 3608 3551 3648 cum
3597 3607 3712 3648 rem
3761 3602 3908 3645 certo

2331 3685 2715 3756 comperisset,
2765 3686 2941 3741 emisit
2970 3686 3225 3756 populum
3252 3685 3319 3741 ad
3365 3684 3663 3755 diripienda
3694 3693 3865 3739 castra
3890 3699 3906 3738 :

2330 3780 2666 3850 cessavitque
2697 3780 2881 3834 fames.
2914 3777 3015 3845 Qui
3044 3794 3171 3834 vero
3196 3792 3302 3832 non
3332 3775 3637 3833 crediderat
3665 3776 3906 3836 Elissaeo.

2330 3891 2360 3930 a
2389 3875 2543 3930 turba
2566 3874 2747 3945 populi
2771 3873 3112 3929 conculcatus
3132 3871 3356 3926 interiit.
3382 3868 3630 3925 Praedicit
3656 3868 3909 3923 Elissmus

2331 3966 2573 4030 mulieri,
2604 3965 2756 4034 cujus
2783 3963 2950 4018 ﬁlium
2992 3978 3022 4016 a
3056 3970 3230 4017 morte
3275 3961 3663 4026 suscitaverat,
3703 3968 3907 4028 septem

2330 4073 2591 4112 annorum
2646 4057 2836 4111 famem
2863 4097 2879 4121 ,
2936 4055 3282 4124 hortaturque
3326 4052 3470 4108 illam
3518 4062 3576 4106 ut
3614 4067 3645 4106 a
3690 4051 3907 4122 regione

2334 4153 2694 4221 trausmigret.
2743 4152 3030 4220 Postquam
3071 4155 3248 4201 autem
3291 4144 3801 4214 transmigraverat,
3833 4142 3908 4194 fa-

2331 4263 2548 4317 mesque
2574 4245 2835 4309 cessavit,
2864 4256 3077 4297 reversa
3104 4248 3186 4294 est
3223 4251 3510 4308 regemque
3542 4235 3731 4290 adiens
3757 4246 3909 4303 roga-

2329 4341 2402 4395 vit
2431 4349 2488 4395 ut
2515 4339 2709 4410 praedia
2738 4351 2830 4392 sua
2862 4336 2961 4390 sibi
2989 4333 3414 4388 restituerentur.
3444 4327 3559 4383 Rex
3581 4327 3751 4398 Syriae
3785 4324 3908 4378 mit-

2328 4436 2391 4489 tit
2436 4434 2500 4489 ad
2549 4433 3107 4499 Elissaeum,rogatum
3156 4441 3224 4480 an
3264 4439 3295 4480 e
3339 4423 3528 4478 morbo
3570 4431 3906 4476 surrecturus

2327 4538 2488 4586 esset.
2521 4527 2819 4583 llleautem
2845 4523 3029 4577 nuntio
3056 4521 3209 4583 dixit,
3237 4534 3341 4574 non
3369 4527 3734 4574 surrecturum
3758 4530 3898 4581 esse,

2326 4621 2533 4691 ipsique
2574 4619 2732 4674 etiam
2777 4614 3021 4687 praedixit
3048 4614 3404 4668 lsraelitarum
3436 4610 3748 4680 perniciem.
3775 4607 3905 4663 Cum

2324 4726 2500 4768 autem
2528 4712 2621 4769 ille
2649 4709 2906 4775 obiisset,
2957 4707 3198 4780 regnavit
3245 4707 3296 4761 in
3335 4705 3453 4775 ejus
3495 4703 3674 4758 locum
3721 4699 3899 4757 Azaél.

2324 4805 2533 4860 Mortuo
2576 4805 2703 4858 item
2750 4801 2966 4857 Joramo
3012 4814 3140 4869 rege
3163 4797 3298 4854 Juda
3323 4837 3338 4859 ,
3383 4796 3458 4851 illi
3489 4794 3743 4850 succedit
3767 4791 3905 4846 ﬁlius

2324 4900 2438 4963 ejus
2487 4895 2768 4951 chozias.
2807 4893 3022 4948 Missum
3049 4892 3302 4946 Elissaeas
3329 4903 3491 4943 unum
3517 4903 3583 4943 ex
3630 4886 3755 4942 ﬁliis
3783 4900 3905 4955 pro-

2326 4991 2604 5061 phetarum
2628 5031 2642 5054 ,
2674 4990 2822 5059 jubet
2845 5002 3044 5056 ungere
3071 4985 3207 5041 Jehu
3226 5027 3242 5051 ,
3273 4984 3361 5053 qui
3403 4997 3526 5036 cum
3554 4996 3777 5051 regnum
3805 4995 3902 5034 oc-

2322 5093 2589 5155 cupasset,
2620 5082 2891 5139 Joramum
2914 5079 3128 5143 occidit,
3152 5088 3205 5134 et
3230 5077 3440 5148 projicit
3465 5090 3588 5131 eum
3617 5076 3670 5130 in
3692 5075 3903 5128 vineam

2322 5176 2616 5239 Nabuthae,
2680 5189 2839 5244 quam
2895 5180 3238 5241 usurpaverat
3289 5178 3438 5238 pater
3486 5166 3713 5222 Iorami.
3765 5165 3898 5219 Cum

2323 5267 2606 5323 occidisset
2622 5268 2778 5321 etiam
2797 5263 3103 5328 Oclioziam,
3125 5261 3339 5317 intravit
3358 5259 3411 5315 in
3431 5259 3700 5314 civitatem
3719 5254 3904 5311 Israel.

2322 5362 2535 5418 Iezabel
2575 5370 2755 5415 autem
2796 5367 2985 5412 ornata
3009 5355 3329 5424 respiciebat
3357 5367 3388 5407 e
3411 5351 3562 5407 turri.
3591 5349 3708 5405 Rex
3739 5363 3904 5404 eunu-

2323 5455 2439 5510 chis
2492 5455 2747 5526 praecepit
2789 5460 2848 5505 ut
2891 5450 3034 5505 illam
3077 5447 3491 5519 prmcipitarent.
3544 5442 3763 5511 Dejecta
3810 5438 3901 5493 illa

2326 5560 2533 5608 mortua
2583 5557 2687 5604 est.
2733 5545 2939 5602 Occidit
2993 5544 3152 5598 etiam
3196 5540 3335 5596 Jehu
3379 5536 3718 5607 septuaginta
3761 5532 3902 5586 ﬁlios

2322 5645 2558 5702 Achaabi
2577 5685 2593 5710 ,
2622 5645 2854 5712 itemque
2885 5637 3075 5693 fratres
3116 5632 3362 5689 Ocltozia:
3387 5671 3404 5697 ,
3433 5626 3743 5684 sacerdotes
3766 5639 3904 5693 quo-

2326 5756 2429 5809 que
2461 5738 2653 5798 Baalis,
2685 5747 2739 5793 et
2766 5734 2978 5790 Baalem
3011 5730 3279 5787 contrivit.
3308 5726 3461 5782 'I‘unc
3482 5722 3645 5780 Azaél
3667 5717 3907 5776 concidit
