4058 6344
160 317 255 380 531

1220 311 1559 369 SYNOPSIS
1596 312 2018 372 SCRIPTUlUE
2053 313 2323 371 SACRE.

3299 315 3407 371 35?.

160 433 305 504 ἐμόν.
335 430 423 494 Ὦς
443 428 500 482 66
537 429 726 497 γέγονε
749 425 924 490 τοῦτο,
947 427 1040 480 καὶ
1061 427 1111 479 οί
1144 427 1468 497 στρατιῶται
1507 428 1724 499 ἐντολὴν
1833 429 2076 496 διώξαςὸ
2105 431 2143 482 Γ
2147 430 2248 491 ιεζὶ
2279 431 2307 481 6
2350 431 2478 493 παῖς
2526 429 2617 483 τοῦ
2657 429 2980 494 Ἐλισσαίου,
3022 429 3098 492 ὡς
3126 429 3275 500 παρὰ
3311 430 3408 483 τοῦ

162 520 467 587 εἰλήφεισαν
502 514 651 583 παρά
679 511 772 564 τοῦ
827 511 1086 581 βασιλέως
1121 512 1215 564 τοῦ
1253 512 1479 574 ἑαυτῶν,
1522 513 1730 574 πάντας

1844 511 2152 566 Ἐλισσαίου
2179 512 2468 582 πεμφθεὶς,
2498 512 2762 582 λαμϐάνει
2792 513 2944 582 παρά
2972 511 3064 564 τοῦ
3086 510 3303 582 Νεεμάν
3327 513 3408 564 δι-

163 601 406 668 ἀφέντες,
446 597 591 666 μόνῳ
616 593 695 664 τῷ
721 593 931 664 βασιλεῖ
948 593 1042 645 τοῦ
1094 593 1307 664 Ἰσραὴλ
1335 595 1624 646 συνάπτειν
1650 596 1730 656 είς
1832 593 2100 648 τάλαντον
2134 595 2420 666 ἀργυρίου,
2447 597 2654 648 καὶδύο
2691 595 2901 658 στολάς.
2949 595 3146 650 Ἐλθὼν
3180 595 3236 648 66
3274 595 3410 666 πρὸς

163 683 414 752 πόλεμον,
442 679 640 740 ἰδόντες
667 678 756 729 τὸν
807 675 1071 744 Ἰωσαφάτ
1091 676 1181 729 τὸν
1216 675 1440 745 βασιλέα
1467 677 1560 728 τοῦ
1601 675 1732 728 Ἰού-

165 767 242 828 δα,
272 765 364 816 καὶ
388 762 706 831 νομίσαντες
753 759 913 811 αὐτὸν
940 759 1035 811 τοῦ
1076 758 1290 828 Ἰσραὴλ
1323 753 1461 812 εἶναι
1507 758 1586 827 (:6
1623 757 1733 827 γὰρ

1847 676 2150 731 Ἐλισσαῖον
2170 680 2424 748 ἐπειρᾶτο
2451 678 2735 748 κρύπτειν.
2762 680 2819 730 '0
2836 679 2890 730 δὲ
2921 679 3196 750 διήλεγξεν
3226 679 3406 740 αὑτὸν,

1837 757 1934 812 καὶ
1964 762 2230 832 τιμωρίαν
2264 762 2419 817 ἔλαϐε
2472 763 2570 832 τὴν
2624 761 2848 833 λέπραν.
2878 765 3166 834 ’Ἐρχονται
3215 765 3264 815 οἱ
3306 764 3412 814 υἱοὶ

169 849 348 917 σχῆμα
380 845 576 906 αὐτοὺς
600 843 924 913 ἠπάτησεν),
960 840 1221 894 ἐκύκλουν
1254 841 1439 907 αὐτὸν,
1467 841 1676 894 ἀνελεῖν
1704 852 1732 881 α
1835 843 1948 897 τῶν
1982 844 2276 915 προφητῶν
2337 844 2498 914 κόψαι
2539 843 2671 908 ξύλα
2709 846 2844 916 πρὸς
2879 847 3184 916 οἰκοδομήν.
3215 846 3302 908 '0;
3355 845 3411 896 δὲ

169 931 425 990 θέλοντες.
476 927 612 979 Ὀδέ
640 924 965 995 ἀναϐοήσας,
1013 923 1303 994 ἀπηλλάγη
1327 923 1422 976 τοῦ
1465 923 1732 978 κινδύνου.

172 1015 387 1082 Ἕτερος
414 1009 471 1061 δέ
500 1026 583 1072 τις
615 1007 834 1078 τοξότης
856 1006 1012 1059 ἔϐαλε
1039 1007 1128 1058 τὸν
1168 1006 1388 1076 Ἀχαάϐ,
1422 1007 1515 1059 καὶ
1541 1007 1737 1077 κατέρ-

174 1100 249 1168 ρει
268 1095 330 1146 :6
357 1089 515 1162 αἷμα.
545 1093 722 1161 Ὅπερ
746 1089 1060 1144 ἀπέπλυναν
1097 1091 1156 1142 ἐν
1187 1093 1251 1160 τῇ
1286 1091 1496 1163 κυρήνῃ
1515 1090 1572 1161 (ί.
1595 1091 1736 1162 κρή-

174 1180 275 1249 νη),
305 1178 399 1229 καὶ
443 1177 498 1229 αί
534 1175 725 1246 πόρναι
782 1172 1067 1226 ἐλούσαντο
1113 1174 1170 1225 ἐν
1208 1173 1286 1243 τῷ
1317 1173 1508 1244 αἵματι
1549 1173 1739 1242 αὑτοῦ,

176 1263 260 1314 καὶ
307 1262 355 1312 οί
402 1258 561 1321 κύνες
615 1257 823 1322 ἐλειξαν
875 1256 1026 1309 αὐτό.
1061 1255 1407 1308 Ἐϐασίλευσε
1461 1256 1598 1326 μετὰ
1649 1257 1742 1312 τὸν

190 1343 383 1414 Ἀχαάϐ
418 1341 662 1412 Ὀχοζίας
693 1342 721 1380 b
747 1343 775 1393 6
797 1341 912 1404 υἱὸς
954 1335 1139 1394 αὐτοῦ.
1183 1341 1270 1403 '0;
1292 1340 1348 1392 66
1383 1340 1536 1408 φίλος
1575 1341 1742 1397 αὑτοῦ

180 1427 392 1494 γέγονεν
429 1423 717 1493 Ἰωσαφὰτ,
772 1423 938 1475 ἔδωκε
990 1423 1168 1491 δίκην,
1215 1421 1276 1474 τὸ
1325 1422 1650 1498 διακοπῆναι
1677 1426 1746 1479 τὰ

183 1511 308 1580 ἔργα.
332 1506 516 1564 αὑτοῦ.

731 1587 1062 1642 Βασιλειῶν
1111 1586 1181 1642 6'.

255 1674 636 1746 ’Ᾱρρωστήσας
675 1672 921 1742 Ὀχοζίας
966 1671 1209 1741 ἐπεμψεν
1242 1671 1517 1745 ἐρωτῆσαι
1564 1677 1621 1729 ἐν
1670 1674 1748 1747 τῷ

85 1757 88 1764 ’
185 1761 342 1823 Βάαλ,
378 1761 828 1829 είάναστήσεται,
851 1757 946 1810 καὶ
974 1759 1290 1827 ἀπαντήσας
1335 1757 1523 1822 Ἠλίας
1555 1762 1584 1813 6
1615 1777 1748 1830 προ-

187 1846 350 1914 φήτης
374 1845 482 1906 τοῖς
503 1841 872 1902 ἀποσταλεῖσι,
891 1840 1173 1892 ἐκέλευσεν
1197 1841 1532 1906 ἀπελθόντας
1553 1845 1745 1908 εἰπεῖν,

187 1928 258 1981 ὅτι
285 1928 386 1980 οὐκ
409 1926 791 1996 ἀναστήσεται.
823 1921 1025 1977 Μαθὼν
1050 1923 1106 1975 δὲ
1139 1924 1408 1995 Ὀχοζίας,
1438 1926 1520 1978 ὅτι
1565 1925 1749 1990 Ἠλίας

189 2012 342 2073 ἐστὶν,
363 2008 571 2078 έπεμψε
595 2009 684 2061 τὸν
723 2005 1192 2078 πεντηκόνταρχον
1219 2009 1432 2078 πρῶτον
1451 2009 1544 2062 καὶ
1565 2008 1748 2062 δεύτε-

195 2111 290 2166 ρον·
315 2095 395 2156 ὡς
414 2093 471 2146 δὲ
522 2091 874 2163 ἀνηλώθησαν
907 2090 1011 2142 61:6
1036 2091 1128 2145 :06
1158 2092 1327 2164 πυρὸς
1349 2093 1577 2157 ἕκαστος
1615 2094 1752 2163 μετὰ

193 2179 286 2230 τῶν
314 2178 674 2245 πεντήκοντα,
719 2173 857 2244 μετά
894 2172 990 2227 τοῦ
1039 2175 1223 2246 τρίτου
1255 2175 1530 2229 κελεύεται
1562 2176 1753 2229 κατελ-

195 2259 336 2311 θεῖνό
383 2259 584 2322 Ἠλίας,
605 2257 700 2310 καὶ
731 2255 901 2310 ἐλθὼν
940 2257 1076 2327 πρὸς
1103 2257 1194 2309 τὸν
1227 2257 1452 2327 βασιλέα
1473 2255 1644 2323 εἶπεν,
1673 2259 1754 2310 6::

199 2345 551 2399 ἀποθανεῖται.
591 2343 746 2396 Μετά
778 2343 965 2395 τοῦτον
997 2341 1267 2412 βασιλεύει
1289 2343 1317 2394 6
1339 2342 1563 2412 ἀδελφὸς
1591 2343 1755 2396 αὑτοῦ

210 2429 412 2498 Ἰωράμ·
445 2427 507 2480 οὒ
535 2425 643 2496 γὰρ
674 2421 744 2494 ῆν
770 2425 917 2495 αύτῷ
947 2425 1079 2488 υίός.
1125 2425 1454 2497 Ἐντεῦθενή
1492 2425 1758 2496 ἀνάληψις

201 2510 282 2562 τοῦ
328 2510 508 2562 Ἠλίου
531 2509 614 2572 εἰς
643 2508 736 2560 τὸν
757 2507 1002 2579 οὐρανόν.
1046 2509 1265 2572 ’ἰδόντες
1295 2510 1401 2562 υίοὶ
1429 2508 1536 2562 τῶν
1549 2527 1760 2580 προφη-

201 2592 298 2644 τῶν
324 2593 410 2646 τὸν
447 2591 750 2644 Ἐλισσαῖον
778 2590 867 2642 διά
901 2589 1070 2661 ξηρᾶς
1115 2593 1174 2644 ἐν
1212 2590 1290 2661 τῷ
1339 2591 1578 2664 Ἰορδάνῃ
1619 2592 1761 2662 βαδί-

203 2693 375 2740 σαντα,
409 2670 586 2728 εῐπονο
638 2675 1117 2728 Ἐπαναπέπαυται
1136 2674 1197 2727 :6
1212 2674 1427 2746 πνεῦμα
1469 2676 1646 2728 Ἠλίου
1673 2675 1759 2727 ἐπ’

204 2759 368 2826 αὐτὸν,
407 2761 504 2814 καὶ
547 2758 790 2824 ἀξιοῦσιν
821 2758 960 2811 ὥστε
988 2759 1295 2830 ἐπιπέμψαι
1323 2762 1404 2822 εἰς
1439 2760 1762 2832 ἐπιζήτησιν

203 2841 290 2894 τοῦ
338 2843 538 2896 Ἦλίου’
569 2843 598 2895 6
626 2842 683 2895 δὲ
709 2841 1055 2896 διεκώλυσεν·
1091 2841 1314 2914 ὕστερον
1355 2842 1412 2896 δὲ
1455 2843 1763 2915 συνεχώρη-

205 2941 308 2977 σενο
343 2926 390 2977 οί
422 2925 479 2978 δὲ
509 2923 836 2989 ἀπελθόντες
865 2925 962 2995 οὐχ
991 2918 1168 2996 εὗρον.
1218 2926 1382 2979 Ἰἀται
1408 2925 1476 2978 τά
1507 2928 1566 2980 ἐν
1605 2927 1762 2996 Ἱερι-

205 3006 280 3077 χὼ
310 3007 491 3062 ὕδατα·
531 3008 904 3079 ἀπερχόμενος
952 3009 1032 3073 είς
1064 3009 1288 3081 Βαιθὴλ,
1327 3008 1396 3063 τὰ
1443 3009 1764 3079 διασύροντα

206 3091 362 3144 αὑτὸν
416 3091 598 3145 παιδία
627 3094 951 3164 καταρᾶται,
1017 3094 1111 3146 καὶ
1145 3094 1444 3165 ἀναιρεῖται
1495 3095 1598 3148 61:6
1658 3094 1765 3150 τῶν

207 3175 439 3245 ἄρκτων.
479 3176 539 3227 '0
582 3176 753 3230 Ηωάϐ
803 3176 1057 3246 βασιλεὺς
1107 3178 1318 3248 ἀπέστη
1352 3178 1448 3232 τοῦ
1474 3178 1650 3232 τελεῖν
1676 3180 1766 3231 τὸν

205 3257 426 3311 εἰωθότα
448 3257 626 3328 φόρον.
662 3261 1075 3330 Ἐπιστρατεύει
1102 3262 1188 3315 ἐπ’
1207 3262 1367 3316 αὐτὸν
1405 3263 1607 3336 Ἰωρὰμ
1631 3265 1658 3316 6
1681 3262 1770 3332 βα-

208 3341 380 3404 σιλεὺς
417 3341 647 3414 Ἰσραὴλ,
674 3343 996 3412 προσλαϐὼν
1022 3344 1116 3397 καὶ
1138 3345 1229 3398 τὸν
1253 3345 1521 3412 Ἰωσαφὰτ
1548 3344 1770 3414 βασιλέα

225 3424 437 3488 Ἰούδαο,
465 3425 563 3478 καὶ
590 3425 680 3478 τὸν
713 3425 890 3496 Ἐδὼμ
933 3425 1175 3496 βασιλέα.
1193 3427 1282 3489 '0;
1306 3427 1362 3479 66
1387 3428 1484 3497 οὐχ
1517 3427 1771 3498 εὕρισκον

206 3505 342 3580 ὓδωρ
355 3513 412 3560 ἐν
424 3511 488 3579 τῇ
510 3509 536 3560 ἐ
547 3507 722 3578 ρήμῳ.
745 3508 856 3561 ἀλλ’
875 3509 1206 3562 ἐκινδύνευον
1221 3508 1370 3581 [555]
1384 3509 1768 3581 διαφθαρῆναι,

208 3590 696 3660 συμϐουλεύσαντος
717 3591 961 3661 Ὀχοζίου
991 3592 1238 3663 ἔρχονται
1263 3595 1400 3663 πρὸς
1445 3594 1767 3648 Ἐλισσαῖον.

218 3674 272 3727 '0
297 3674 351 3727 66
372 3675 646 3748 ὀργίζεται
691 3675 826 3745 πρὸς
865 3676 955 3728 τὸν
995 3675 1217 3745 βασιλέα
1259 3677 1494 3748 Ἰσραὴλ,
1527 3679 1622 3731 καὶ
1661 3679 1771 3730 οὐδ’

210 3757 270 3810 ἂν
297 3759 419 3812 ἰδεῖν
449 3759 616 3812 αὐτὸν
644 3757 769 3829 ἔφη,
797 3760 844 3811 εί
880 3760 956 3828 μὴ
995 3758 1082 3812 διὰ
1113 3758 1203 3813 τὸν
1227 3759 1449 3830 βασιλέα
1493 3761 1770 3815 Ἰούδα.ού

211 3842 356 3910 μόνον
381 3843 435 3896 δὲ
463 3842 658 3905 ὓδατος
681 3841 937 3910 ἀφθονίαν
959 3843 1214 3912 προεῖπεν
1235 3843 1416 3907 αὐτοῖς
1441 3844 1608 3914 ἥξειν,
1640 3845 1774 3898 ἀλλά

208 3925 294 3977 καὶ
314 3925 411 3994 τὴν
427 3927 697 3996 κράτησιν
718 3924 817 3993 τῆς
841 3918 1199 3988 Μωαϐίτιδος,
1231 3925 1418 3995 ὥσπερ
1433 3927 1526 3979 καὶ
1558 3927 1771 3994 γέγονεσ

208 4009 292 4061 καὶ
341 4011 420 4072 είς
455 4009 733 4078 τοσαύτην
766 4007 1048 4078 συμφοράν
1080 4002 1242 4078 ἦλθεν
1279 4007 1308 4059 6
1345 4009 1648 4062 Μωαϐιτῶν
1681 4009 1771 4079 βα-

211 4090 396 4155 σιλεὺς,
431 4092 578 4144 ὥστε
601 4091 694 4143 τὸν
725 4091 837 4143 υἱὸν
859 4091 1022 4142 αὑτοῦ
1067 4089 1267 4159 σφάξαι
1296 4090 1501 4144 ἀνωθεν
1541 4091 1647 4144 ἀπὸ
1680 4093 1772 4145 τοῦ

210 4173 426 4244 τείχους.
472 4171 744 4228 Ἐνταῦθα
778 4171 987 4244 ήγυνὴ,
1088 4171 1150 4224 :6
1191 4171 1371 4224 ἔλαιον
1401 4172 1773 4243 ἐπερίσσευσε,

214 4259 296 4310 καὶ
322 4259 355 4327 ή
393 4259 743 4328 Σουμανῖτις,
864 4255 955 4308 τὸν
983 4255 1098 4307 υἱὸν
1139 4256 1430 4325 ἐχαρίσατο
1461 4255 1774 4326 εὐξάμενος,

215 4341 299 4392 καὶ
333 4341 675 4394 ἀποθανόντα
700 4339 984 4408 ἀνέστησε.
1031 4337 1206 4406 Λιμοῦ
1240 4338 1532 4407 γενομένου
1564 4341 1665 4408 τήν
1717 4357 1777 4392 τε

216 4426 420 4493 πικρίαν
446 4425 640 4493 ἀφεῖλε
667 4423 766 4492 τὴν
779 4424 835 4475 ἐν
867 4422 944 4492 τῷ
977 4421 1165 4491 λέϐητι
1195 4421 1508 4493 γενομένην,
1536 4423 1631 4477 καὶ
1650 4424 1779 4476 ἐκα-

215 4507 294 4559 τὸν
333 4507 530 4578 ἄνδρας
585 4506 811 4576 ἔθρεψεν
843 4507 900 4557 ἐν
939 4504 1160 4573 ὀνόματι
1201 4504 1334 4556 Θεοῦ
1373 4506 1478 4558 ἀπὸ
1530 4506 1779 4575 κριθίνων

217 4588 376 4656 ἀρτων
399 4591 630 4644 εἴκοσιν.
670 4587 986 4659 Ἐλεπρὼθη
1030 4587 1247 4657 Νεεμάν
1283 4588 1311 4639 6
1351 4589 1657 4660 στρατηγὸς
1683 4590 1777 4643 τοῦ

220 4669 460 4736 βασιλέως
481 4674 698 4744 Σύρων
725 4672 819 4723 καὶ
846 4669 1015 4723 ἐλθὼν
1048 4669 1186 4740 πρὸς
1213 4669 1303 4722 τὸν
1321 4669 1546 4739 βασιλέα
1562 4670 1779 4743 Ἰσραὴλ

219 4754 379 4826 ἐζήτει
408 4756 736 4828 θεραπείαν·
764 4757 792 4808 6
816 4755 871 4808 66
891 4753 1158 4825 διηπόρει,
1190 4754 1280 4806 καὶ
1296 4753 1542 4826 διέρρηξε
1564 4755 1630 4808 τὰ
1660 4756 1783 4826 ἱμά-

217 4853 296 4890 τια
333 4841 523 4895 αὐτοῦ.
563 4837 1000 4907 Μεταπέμπεται
1046 4838 1207 4890 αὑτὸν
1239 4839 1266 4890 6
1321 4837 1639 4901 Ἐλισσαῖος,
1690 4840 1784 4891 καὶ

219 4919 410 4974 κελεύει
440 4921 810 4993 βαπτισθῆναι
837 4922 893 4974 ἐν
916 4920 992 4990 τῷ
1021 4920 1257 4993 Ἰορδάνῃ
1295 4919 1538 4990 ἕϐδομον.
1569 4922 1625 4973 'O
1641 4921 1696 4972 66
1724 4922 1784 4974 :6

221 5001 310 5069 μὲν
334 5006 546 5075 πρῶτον
558 5004 801 5074 ὤκνησε,
825 5003 1153 5073 καὶὴπίστει
1174 5002 1593 5074 θεραπευθῆναυ
1623 5002 1782 5055 ὔστε-

221 5101 302 5151 ρον
336 5087 390 5138 δὲ
425 5089 532 5142 61:6
555 5087 676 5142 τῶν
718 5087 920 5140 παίδων
964 5087 1128 5140 αὑτοῦ
1162 5085 1553 5156 παρακληθεὶς,
1589 5086 1784 5155 βαπτί-

221 5167 357 5229 ζεται
373 5172 465 5223 καὶ
482 5169 873 5242 θεραπεύεται,
899 5173 994 5222 καὶ
1017 5169 1187 5223 ἐδίδου
1208 5169 1360 5237 δῶρα
1385 5167 1461 5237 τῷ
1476 5169 1779 5239 Ἐλισσαίῳ.

231 5249 285 5301 '0
314 5251 368 5304 66
395 5254 492 5306 οὐκ
526 5253 745 5324 ῆθελεν.
772 5254 860 5316 '0;
883 5253 938 5306 66
963 5252 1202 5321 ἀπῆλθεν
1231 5253 1259 5304 6
1284 5251 1587 5321 ἄνθρωπος,
1615 5270 1785 5305 κατα-

276 5389 300 5419 θ
331 5392 470 5442 Coisl.
498 5393 733 5441 ἀνελθεῖν.

277 5451 516 5515 PCoislin.
557 5454 738 5510 Ὀζίας.
765 5453 990 5501 Mendum
1028 5457 1123 5500 est.
1159 5449 1441 5515 Legendum
1477 5450 1712 5513 Ὀχοζίας,
1735 5456 1790 5500 ιιι

223 5510 360 5580 112130}
381 5514 626 5580 1.9311110,
652 5522 785 5580 etp:
805 5517 926 5580 infra
952 5516 1148 5580 legilul'.

282 5571 1043 5650 “6098:1516:ﬂois‘i'tﬂefé’
1094 5575 1274 5650 Ἰωρείμ.
1301 5577 1328 5622 δ
1351 5573 1574 5650 Eam?
1618 5571 1789 5650 "965?»

609 5638 714 5706 ,καὶ
737 5637 815 5683 τάν
854 5637 1085 5708 ,Ὀχοζίαν
1112 5635 1308 5704 βασιλέα
1351 5635 1558 5708 Ἰσραῂλ,
1594 5635 1673 5680 καὶ
1696 5635 1791 5708 ,τόν

446 5697 647 5751 Videsis
670 5709 782 5762 quae
802 5697 865 5748 ad
906 5697 1339 5760 iiuerpremlimwm
1383 5697 1598 5744 Latinam
1630 5700 1789 5745 notata

329 5796 340 5806 .
434 5774 492 5810 ιτ.

329 5796 340 5806 .
364 5774 492 5812 ινιτ.

1839 925 2098 992 ἐξέπεσεν
2118 928 2234 990 ἐνὸς
2262 928 2322 980 :6
2351 927 2587 998 σιδήριον
2621 929 2684 980 ἐκ
2713 928 2806 980 τοῦ
2839 927 3076 988 στελεοῦ,
3113 927 3290 998 ῥίπτει
3317 927 3410 991 ξύ-

1839 1010 1932 1065 λον
1947 1013 2260 1075 ἀποκλάσας
2292 1013 2320 1064 6
2362 1011 2680 1075 Ἐλισσαῖος,
2711 1013 2802 1064 καὶ
2824 1013 3214 1082 ἐμετεωρίζετο
3245 1012 3306 1064 :6
3328 1029 3411 1062 σι-

1843 1097 2026 1165 δήριον
2053 1095 2146 1148 ἐπὶ
2173 1095 2264 1147 τοῦ
2297 1093 2506 1158 ὓδατος.
2541 1095 2799 1156 Βασιλεὺς
2821 1095 3016 1165 Συρίας
3043 1095 3297 1162 ἐπολέμει
3320 1093 3413 1146 τὸν

1859 1177 2090 1248 Ἰσραὴλ,
2125 1177 2478 1248 προλέγοντος
2525 1177 2675 1247 αὑτῷ
2721 1178 2813 1230 :06
2852 1177 3169 1229 Ἐλισσαίου.
3211 1175 3415 1230 Μαθὼν

1844 1261 1873 1312 6
1902 1261 2178 1330 πολέμιος,
2233 1261 2440 1330 πέμπει
2476 1262 2790 1331 στράτευμα
2831 1260 2922 1312 ἐπὶ
2960 1259 3051 1312 τὸν
3095 1261 3412 1313 Ἐλισσαῖον.

1847 1345 2156 1414 Εὑξαμένου
2186 1345 2244 1398 δὲ
2286 1345 2382 1398 τοῦ
2432 1347 2730 1415 προφήτου,
2765 1344 3087 1412 πλήττονται
3113 1345 3342 1416 ἀορασίᾳ
3366 1346 3414 1396 οἱ

1847 1427 2110 1492 ἐλθόντες,
2149 1429 2462 1498 καλείσάγει
2493 1428 2688 1490 αὐτοὺς
2717 1430 2796 1490 είς
2832 1429 3023 1498 μέσους
3046 1430 3168 1491 τοὺς
3194 1428 3416 1498 ἐχθροὺς

1847 1511 2046 1574 αὐτῶν,
2079 1513 2172 1565 καί
2201 1511 2523 1582 βουλόμενον
2551 1511 2642 1565 τὸν
2684 1511 2905 1581 βασιλέα
2946 1513 3156 1566 ἀνελεῖν
3197 1513 3414 1576 αὐτοὺς,

1847 1593 2172 1648 διεκώλυσεν
2222 1597 2250 1648 6
2318 1595 2652 1658 Ἐλισσαῖος
2707 1596 3059 1659 ὲστιάσαντας
3111 1595 3167 1648 66
3226 1595 3417 1656 αὐτοὺς

1848 1678 2130 1731 ἐκέλευσεν
2181 1679 2480 1749 ἐκπέμψαι.
2511 1678 2684 1748 Λιμοῦ
2733 1679 3125 1741 καταλαϐόντος
3175 1677 3418 1750 ίσχυροῦ,

1849 1761 1927 1824 ὼς
1953 1760 2190 1831 κεφαλὴν
2216 1761 2338 1813 δνου
2387 1763 2726 1832 πεντήκοντα
2773 1761 2988 1823 σίκλων,
3040 1761 3134 1815 καὶ
3166 1762 3420 1831 τέταρτον

1852 1842 2020 1896 κάϐου
2052 1845 2257 1915 κόπρου
2291 1845 2626 1916 περιστερῶν
2648 1846 2807 1898 πέντε
2844 1845 3038 1897 σίκλων
3064 1840 3220 1907 εἶναι,
3249 1860 3421 1912 προσ-

1853 1926 2072 1998 έρχεται
2093 1927 2229 1997 γυνὴ
2251 1928 2329 1998 τῷ
2369 1928 2577 1997 βασιλεῖ
2609 1926 2912 1995 ἐγκαλοῦσα
2950 1928 3110 1998 ἑτέρα
3154 1929 3308 1996 γυνῇ,
3338 1925 3418 1977 ὅτι

1854 2009 1945 2062 τὸν
1967 2010 2081 2063 υἱὸν
2101 2011 2273 2080 αὐτῆς
2289 2011 2677 2080 καταφαγοῦσα
2708 2012 2823 2080 μετ’
2852 2013 3041 2081 αὐτῆς,
3067 2012 3159 2063 καί⁵
3189 2010 3278 2062 τὸν
3295 2010 3422 2062 ἴδιον

1855 2093 2197 2164 ὑποσχομένη
2214 2093 2490 2164 παρέξειν,
2506 2095 2794 2164 ἡγνωμόνη
2803 2112 2861 2147 σε
2880 2111 2947 2147 πε
2957 2096 3008 2164 ρὶ
3023 2095 3118 2160 τὴν
3138 2094 3422 2146 ἀντίδοσιν.

1855 2177 1988 2228 Τότε
2006 2178 2254 2249 διέρρηξε
2284 2179 2350 2231 τά
2380 2179 2567 2246 ἱμάτια
2605 2178 2768 2230 αὑτοῦ
2803 2179 2832 2230 6
2863 2177 3134 2246 βασιλεὺς,
3167 2178 3259 2229 καὶ
3282 2175 3426 2242 πέμ-

1857 2276 1950 2312 πει
1967 2261 2058 2312 ἐπὶ
2078 2261 2165 2313 τὸν
2180 2261 2482 2314 Ἐλισσαῖον
2510 2260 2727 2330 ἀφελεῖν
2749 2259 2912 2313 αὐτοῦ
2934 2259 3030 2330 τὴν
3046 2260 3306 2330 κεφαλήν.
3329 2259 3426 2312 Λέ-

1856 2361 1942 2412 γει
1965 2346 2290 2415 ὁπροφήτης
2318 2344 2396 2415 τῷ
2422 2327 2726 2397 ἐλθόντιέπ’
2757 2343 2940 2406 αὑτὸν,
2966 2327 3047 2397 ὅτι
3077 2327 3427 2412 αῦριονέσται

1855 2425 1950 2479 τοῦ
1985 2425 2142 2497 λιμοῦ
2173 2429 2206 2496 ὴ
2237 2427 2408 2490 λύσις.
2464 2427 2548 2489 '0;
2574 2427 2630 2480 66
2679 2427 2974 2496 διηπίστει,
3005 2427 3256 2498 προλέγει
3281 2427 3431 2496 αὐτῷ

1860 2509 2105 2565 θάνατον.
2133 2511 2336 2581 Λεπροὶ
2358 2511 2620 2580 τέσσαρες
2649 2510 3004 2582 ἀπειρηκότες
3022 2509 3097 2580 τῷ
3131 2509 3292 2580 λιμῷ,
3310 2509 3430 2578 βου·

1858 2592 2102 2647 λεύονται
2129 2594 2460 2665 παραδοῦναι
2488 2595 2713 2657 ἑαυτοὺς
2750 2597 2860 2657 τοῖς
2894 2595 3190 2665 πολεμίοις,
3224 2595 3318 2646 καὶ
3345 2594 3432 2644 ἐλ-

1861 2677 2043 2740 θόντες
2063 2678 2140 2740 εἰς
2173 2677 2270 2747 τῆν
2313 2677 2683 2750 παρεμϐολὴν,
2727 2677 3026 2749 ἀνθρώπων
3061 2679 3156 2748 μὲν
3186 2679 3338 2730 κενὸν
3372 2675 3434 2728 τὸ

1858 2760 2059 2830 χωρίον
2091 2754 2268 2830 εὖρον,
2305 2760 2404 2823 τὰς
2428 2760 2485 2812 66
2518 2760 2720 2830 σκηνὰς
2751 2759 2929 2813 αὐτῶν
2960 2760 3183 2830 πλήρεις
3205 2757 3434 2811 πλούτου

1861 2843 2081 2898 πολλοῦ.
2136 2843 2246 2895 Καὶ
2295 2841 2691 2910 διαρπάσαντες
2736 2842 2878 2913 ἆπερ
2921 2842 3179 2911 ἠδύναντο
3227 2840 3448 2917 φέρειν,

1864 2927 2108 2989 ἐλθόντες
2138 2925 2473 2995 ἀπήγγειλαν
2501 2925 2578 2995 τῷ
2603 2925 2825 2995 βασιλεῖ.
2861 2926 2972 2978 Καὶ
3000 2927 3061 2978 :6
3095 2927 3191 2995 μὲν
3217 2924 3436 2996 πρῶτον

1863 3009 2012 3062 δόλον
2043 3007 2393 3060 ὑπώπτευσεν
2421 3001 2558 3061 εἶναι
2594 3009 2652 3060 :6
2676 3011 2906 3079 πρᾶγμα
2933 3011 2961 3061 ὀ
2992 3007 3239 3078 βασιλεύς
3259 3025 3272 3038 ·
3304 3009 3438 3061 ἀπο-

1867 3090 2083 3153 στείλας
2119 3090 2175 3142 δέ
2213 3092 2394 3152 ἱππεῖς
2419 3091 2512 3143 καὶ
2546 3090 2728 3160 μαθὼν
2764 3091 2823 3143 :6
2847 3091 3032 3160 σαφὲς,
3073 3091 3320 3162 ἐπαφῆκε
3345 3091 3437 3144 τὸν

1867 3174 1993 3227 λαὸν
2018 3176 2084 3243 τῇ
2126 3172 2225 3239 τῆς
2262 3172 2611 3242 παρεμϐολῆς
2645 3174 2920 3244 διαρπαγῇ
2943 3191 2955 3203 ·
2986 3175 3078 3226 καὶ
3122 3174 3282 3243 ἐλύθη
3312 3177 3341 3227 6
3367 3173 3438 3225 λι-

1872 3257 1990 3328 μός.
2017 3256 2126 3308 Καὶ
2148 3255 2548 3324 ὁδιαπιστήσας
2573 3256 2650 3325 τῷ
2690 3257 2972 3328 Ἐλισσαίῳ
3006 3258 3110 3310 61:6
3150 3257 3242 3310 :06
3282 3257 3439 3327 ὄχλου

1871 3339 2247 3410 συμπατηθεὶς
2270 3339 2527 3392 ἀπέθανε.
2557 3340 2819 3410 Προλέγει
2857 3342 2923 3411 τῇ
2955 3342 3173 3409 γυναικὶ
3199 3342 3228 3392 6
3262 3341 3440 3394 Ἐλισο

1873 3427 2042 3488 σαῖος,
2070 3421 2218 3494 [556]
2245 3417 2312 3493 ἦς
2343 3421 2673 3490 ἐζωοποίησε
2700 3423 2792 3474 τὸν
2829 3423 2961 3486 υἱὸν,
2992 3423 3223 3492 ἑπταετῆ
3263 3424 3438 3493 λιμὸν,

1871 3507 1964 3560 καὶ
1993 3507 2250 3576 παραινεῖ
2284 3503 2682 3574 μετοικίζεσθαι
2721 3505 2785 3556 ἐκ
2830 3501 2930 3574 τῆς
2975 3505 3157 3575 χώρας
3205 3506 3438 3576 ἐκείνην.

1883 3589 1969 3652 '0;
1996 3589 2051 3641 66
2077 3587 2378 3658 μετῴκησε,
2411 3588 2505 3641 καὶ
2531 3586 2806 3640 ἐπαύσατο
2833 3589 2860 3639 6
2884 3588 3058 3656 λιμὸς,
3097 3588 3256 3641 πάλιν
3279 3589 3444 3641 ἐπαν-

1872 3671 2019 3741 ῆλθε,
2046 3671 2139 3722 καὶ
2172 3667 2540 3739 προσελθοῦσα
2569 3669 2645 3738 τῷ
2676 3669 2882 3738 βασιλεῖ
2904 3669 3001 3740 τὴν
3021 3669 3128 3722 τῶν
3152 3670 3444 3740 κτημάτων

1872 3755 1990 3826 ᾔτει
2018 3753 2353 3806 δεσποτείαν.
2393 3754 2450 3806 Ὀ
2480 3752 2730 3822 βασιλεὺς
2751 3752 2945 3822 Συρίας
2969 3753 3284 3807 ἀποστέλλει
3311 3753 3446 3823 πρὸς

1872 3838 1964 3892 τὸν
2003 3836 2302 3888 Ἐλισσαῖον
2333 3836 2666 3905 πευσόμενος
2698 3837 2746 3888 εί
2770 3836 3022 3904 φεύξεται
3051 3837 3148 3907 τὴν
3175 3836 3348 3902 νόσον,
3386 3839 3446 3890 ἐν

1874 3914 1909 3994 ᾖ
1940 3919 2239 3986 κατείχετο.
2284 3916 2342 3970 '0
2371 3918 2428 3970 66
2449 3918 2525 3987 τῷ
2548 3917 2751 3971 ἐλθόντι
2781 3915 2952 3982 εἶπεν,
2975 3921 3055 3972 6::
3088 3921 3148 3973 06
3168 3917 3447 3988 διαφεύξε-

1878 4019 1984 4066 ται,
2011 4003 2103 4054 καὶ
2126 4002 2524 4070 προεφήτευσεν
2548 4001 2694 4071 αὐτῷ
2720 4003 2812 4055 καὶ
2839 4001 2935 4073 τὴν
2958 4004 3064 4056 τῶν
3102 4004 3446 4075 Ἰσραηλιτῶν

1877 4085 2172 4139 ἀπώλειαν.
2207 4085 2292 4147 '0;
2322 4083 2376 4136 66
2407 4085 2675 4137 ἀπέθανεν
2707 4088 2932 4151 ἐκεῖνος,
2963 4087 3306 4140 ἐϐασίλευσεν
3331 4088 3446 4140 ἀντ’

1876 4166 2042 4222 αὑτοῦ
2089 4167 2306 4236 Ἀζαήλ.
2352 4167 2438 4230 '0;
2472 4167 2528 4219 δὲ
2568 4169 2661 4221 καὶ
2695 4169 2896 4240 Ἰωρὰμ
2924 4170 3268 4242 ἐτελεύτησεν
3293 4175 3321 4224 6
3350 4171 3450 4242 βα-

1881 4251 2061 4312 σιλεὺς
2099 4249 2288 4311 Ἰούδα,
2331 4248 2632 4319 διαδέχεται
2675 4251 2837 4303 αὑτὸν
2866 4252 2892 4302 6
2930 4252 3041 4314 υἱὸς
3082 4253 3243 4306 αὑτοῦ
3301 4255 3449 4323 Ὀχο-

1881 4333 2019 4397 ζίας.
2052 4332 2277 4402 Πέμψας
2309 4335 2337 4385 6
2373 4333 2672 4396 Ἐλισσαῖος
2700 4335 2793 4386 ’ἐνα
2822 4335 2926 4386 τῶν
2953 4335 3080 4387 υἱῶν
3103 4336 3208 4388 τῶν
3241 4353 3451 4406 προφη-

1878 4417 2007 4480 τῶν,
2055 4416 2305 4467 ἐκέλευσε
2349 4418 2533 4486 χρῖσαι
2587 4415 2707 4479 Ἰοῦ,
2753 4417 2845 4468 καὶ
2893 4417 3213 4486 βασιλεύσας
3267 4423 3294 4472 6
3349 4419 3448 4471 Ἰοῦ

1880 4501 2093 4568 ἀναιρεῖ
2121 4499 2209 4549 τὸν
2253 4499 2471 4567 Ἰωρὰμ,
2517 4500 2608 4550 καὶ
2642 4498 2820 4565 ῥίπτει
2851 4501 3010 4553 αὑτὸν
3043 4502 3122 4564 είς
3157 4501 3248 4554 τὸν
3275 4503 3452 4573 ἀμπε-

1883 4582 2025 4635 λῶνα
2065 4579 2361 4640 Ναϐουθαὶ,
2405 4579 2463 4632 ὃν
2500 4581 2746 4651 ἥρπασεν
2789 4583 2816 4634 6
2865 4585 3045 4654 πατὴρ
3081 4584 3177 4638 τοῦ
3229 4586 3447 4656 Ἰωράμ.

1897 4668 1982 4729 Ὡς
2008 4665 2063 4718 δὲ
2088 4664 2262 4718 ἀνεῖλε
2287 4665 2380 4716 καὶ
2401 4664 2491 4716 τὸν
2505 4664 2772 4733 Ὀχοζίαν,
2797 4667 3040 4737 εἰσῆλθεν
3070 4671 3150 4731 είς
3182 4671 3279 4740 τὴν
3298 4671 3451 4722 πόλιν

1898 4749 2131 4821 Ἰσραήλ.
2163 4749 2226 4799 Ἠ
2247 4747 2302 4798 δὲ
2337 4746 2570 4810 Ἰεζάϐελ
2590 4749 2920 4820 κοσμηθεῖσα
2947 4753 3290 4822 παρέκυπτεν
3317 4757 3455 4808 ἄνω-

1887 4833 1996 4885 θεν.
2037 4832 2095 4883 '0
2123 4831 2179 4883 66
2211 4828 2458 4899 βασιλεὺς
2483 4825 2602 4882 εἷπε
2625 4833 2732 4894 τοῖς
2764 4833 3034 4902 εὐνούχοις
3072 4835 3222 4906 ῥῖψαι
3262 4837 3450 4904 αὐτὴν,

1889 4915 1982 4968 καὶ
2010 4915 2226 4985 ριφεῖσα
2247 4911 2536 4965 ἀπέθανεν.
2580 4913 2890 4967 Ἀπέκτεινε
2924 4917 2980 4969 δὲ
3014 4921 3042 4971 6
3075 4918 3173 4970 Ἰοῦ
3207 4919 3297 4970 καὶ
3330 4921 3453 4980 τοὺς

1889 4997 2254 5066 ἐϐδομήκοντα
2308 4996 2454 5057 υἱοὺς
2495 4995 2714 5064 ’Λχαάϐ,
2763 4991 2871 5049 εἷλε
2901 5001 2992 5052 καὶ
3029 5003 3152 5061 :06;
3197 5001 3454 5068 635410.;

1903 5079 2166 5150 Ὀχοζίου,
2198 5079 2370 5131 ἀνεῖλε
2395 5077 2449 5130 δὲ
2478 5081 2569 5132 καὶ
2603 5081 2728 5142 τοὺς
2757 5082 2918 5152 ἱερεῖς
2941 5083 3038 5135 τοῦ
3065 5085 3226 5148 Βάαλ,
3252 5086 3343 5137 καὶ
3365 5086 3455 5136 τὸν

1892 5163 2040 5216 Βάαλ
2071 5160 2372 5231 συνέτριψε.
2404 5161 2534 5214 Τότε
2562 5163 2590 5214 6
2630 5163 2828 5234 Ἀζαῆλ
2876 5167 3166 5218 συνέκοπτε
3199 5167 3288 5217 τὸν
3327 5166 3456 5230 Ἰεζ-

1895 5249 2050 5318 ραήλ.
2095 5244 2476 5306 Ἀποθανόντος
2507 5245 2565 5297 δὲ
2613 5246 2706 5298 τοῦ
2752 5247 2874 5311 Ἰοῦ,
2923 5249 3187 5318 βασιλεύει
3231 5251 3458 5319 Ἰωάχαζ

1893 5331 2008 5394 υἱὸς
2034 5327 2218 5382 αὑτοῦ.
2255 5327 2335 5378 Τά
2377 5327 2519 5379 κατά
2554 5329 2645 5381 τὸν
2689 5331 2840 5393 Ἰωάς
2875 5335 2962 5382 τὸν
2995 5332 3215 5400 βασιλέα
3266 5333 3455 5396 Ἰούδα,

1894 5417 1987 5468 καὶ
2020 5413 2108 5466 τὸν
2161 5411 2313 5480 ἱερέα
2351 5411 2547 5475 Ἰωδαὲ,
2593 5415 2684 5466 καὶ
2724 5415 2819 5485 τὴν
2875 5415 3142 5470 Γοθολίαν.
3183 5417 3457 5488 Παρεδόθη

1894 5499 2005 5559 τοῖς
2052 5494 2263 5566 ἐχθροῖς
2302 5494 2535 5566 Ἰσραὴλ,
2572 5497 2666 5548 καὶ
2703 5497 2862 5550 πάλιν
2902 5499 2930 5549 6
2963 5497 3090 5560 Θεὸς
3128 5498 3460 5570 ᾠκτείρησεν

1895 5579 2108 5642 αὐτούς.
2156 5579 2242 5640 '0;
2299 5577 2355 5629 66
2402 5578 2668 5632 ἀπέθανεν
2737 5580 2982 5650 Ἰωάχαζ,
3042 5582 3310 5650 βασιλεύει
3366 5585 3459 5636 τοῦ

1910 5661 2124 5735 Ἰσραὴλ
2152 5661 2302 5722 Ἰωάς
2322 5663 2350 5713 6
2375 5662 2486 5724 υἱὸς
2501 5663 2688 5727 αὑτοῦ,
2711 5665 2803 5716 καὶ
2827 5662 2994 5716 ἐλθὼν
3027 5665 3160 5734 πρὸς
3179 5665 3268 5719 τὸν
3291 5668 3462 5721 Ἐλισ-

1902 5751 2047 5804 σαῖον
2074 5745 2304 5800 ἔκλαιεν.
2349 5744 2406 5800 Ὀ
2460 5747 2516 5800 δὲ
2564 5747 2892 5817 προσέταξεν
2933 5748 3100 5820 αὐτῷ,
3130 5751 3289 5806 πέντε
3337 5754 3462 5825 βέλη
