4102 6322
425 273 533 332 353

425 383 712 443 Jesraélem
739 421 752 435 .
782 382 989 439 Mortuo
1014 382 1150 438 Jehu
1189 391 1376 454 regnat
1415 384 1643 440 Joacbas
1684 385 1823 441 ﬁlius
1862 387 1998 457 ejus.

425 476 657 532 Historia
684 491 871 531 eorum
899 491 1018 546 qua:
1048 483 1290 545 spectant
1307 474 1374 529 ad
1395 473 1612 530 Joasum
1637 491 1815 547 regem
1840 476 1999 542 Juda,

422 570 490 624 ad
521 569 854 623 sacerdotem
881 567 1047 623 Jodaé
1069 609 1085 635 ,
1113 577 1167 623 et
1187 568 1251 622 ad
1275 566 1600 623 Gotholiam.
1633 567 1797 623 Israel
1832 568 2001 623 hosti-

423 661 521 715 bus
553 660 779 714 traditur
801 701 818 728 ,
852 675 1173 729 rursumque
1209 660 1349 715 Deus
1393 660 1642 714 misertus
1668 669 1751 714 est
1794 676 2001 717 eorum.

429 754 636 808 Mortuo
660 762 840 808 autem
884 752 1152 808 Joaehazo
1176 793 1191 815 ,
1229 754 1469 823 regnavit
1505 754 1556 807 in
1586 753 1838 808 lsraelem
1877 755 2005 810 Joas

420 846 563 911 lilius
589 847 706 913 ejus
725 885 740 907 ,
768 844 858 915 qui
881 845 1100 899 veniens
1126 844 1191 898 ad
1223 844 1496 899 Elissaeum
1528 844 1708 899 ﬂebat.
1738 845 1833 901 llle
1861 862 2005 915 prae-

424 938 566 1005 cepit
591 936 675 1001 ei,
711 946 766 990 ut
809 937 1037 1006 arreptis
1065 937 1300 1006 quinque
1347 936 1553 1006 sagittis
1592 936 1919 1006 jacularetur
1946 938 1997 992 in

422 1036 640 1081 terram.
667 1026 799 1081 Cum
823 1036 1001 1080 autem
1033 1026 1199 1080 tribus
1227 1025 1441 1080 emissis
1460 1035 1716 1089 cessaret,
1745 1026 1879 1079 dixit
1910 1028 1956 1080 ei
1987 1046 2000 1081 :

422 1121 528 1175 Ter
554 1120 818 1189 percuties
849 1119 1057 1189 Syriam
1089 1134 1104 1175 :
1136 1118 1178 1172 si
1203 1118 1486 1188 quinquies
1507 1118 1779 1188 jaculatus
1814 1134 1961 1172 esses
1985 1161 2000 1182 ,

421 1227 590 1282 usque
630 1211 698 1266 ad
726 1211 1237 1267 consummationem
1284 1210 1637 1279 percussisses
1677 1224 1817 1265 eam.
1864 1211 2009 1265 Mor-'

420 1314 545 1359 tuus
571 1304 821 1359 Elissaeus
864 1302 1153 1373 sepelitur,
1186 1311 1241 1357 et
1263 1302 1531 1371 projectus
1582 1309 1828 1356 mortuus
1857 1302 2004 1373 quis-

421 1397 564 1464 piam
610 1394 663 1449 in
708 1394 1012 1463 sepulcrum
1062 1393 1198 1461 ejus,
1225 1392 1477 1446 surrexit.
1526 1391 1734 1446 Mortuo
1782 1394 1997 1458 Azaéle,

419 1486 660 1555 regnavit
703 1484 843 1539 illius
882 1483 1120 1565 Ader.in
1146 1482 1263 1553 ejus
1294 1483 1487 1537 locum.
1537 1482 1663 1537 Joas
1716 1491 1799 1537 ter
1835 1484 2002 1554 Syros

418 1577 699 1647 percussit,
734 1586 790 1631 et
819 1585 1059 1630 mortuus
1083 1585 1201 1642 est,
1230 1584 1520 1645 regnatque
1542 1574 1828 1630 Jeroboam
1861 1576 2001 1632 (ilius

417 1670 555 1737 ejus.
587 1668 794 1723 Mortuo
823 1667 948 1722 item
977 1666 1136 1723 Joaso
1176 1682 1302 1736 rege
1344 1666 1482 1721 Juda
1505 1707 1520 1731 ,
1551 1668 1793 1736 regnavit
1840 1669 2002 1723 Aine-

416 1760 527 1813 sias
557 1758 697 1813 illius
726 1745 842 1828 ejus
875 1774 889 1811 :
919 1759 1009 1828 qui
1055 1774 1176 1813 cum
1224 1758 1577 1827 percussisset
1624 1757 1792 1813 Edom
1820 1799 1834 1825 ,
1866 1774 1997 1815 con-

338 1872 345 1877 -
416 1864 633 1918 gressus
663 1859 745 1904 est
771 1864 892 1903 cum
922 1848 1083 1903 Joaso
1111 1863 1234 1917 rege
1258 1848 1494 1903 lsraelis.
1544 1848 1643 1903 Hic
1670 1860 1846 1904 autem
1875 1853 2001 1905 vicit

417 1958 571 2004 eum,
618 1951 673 1996 et
714 1942 988 2011 ingressus
1026 1950 1108 1996 est
1152 1941 1562 2013 Jerosolymam.
1609 1942 1815 1997 Mortuo
1843 1943 1997 1998 Jero-

417 2033 882 2103 boamo,regnavit
932 2035 985 2087 in
1037 2034 1288 2088 lsraelem
1341 2033 1625 2089 Zacharias
1669 2034 1807 2091 ﬁlius
1855 2037 1991 2105 ejus.

418 2125 681 2179 Defuncto
703 2126 829 2180 item
859 2127 1072 2180 Amesia
1100 2141 1226 2196 rege
1253 2125 1417 2190 Juda,
1449 2129 1694 2197 regnavit
1740 2131 1991 2196 Azarias,

417 2217 506 2285 qui
537 2227 587 2271 et
616 2216 788 2271 Ozias.
822 2216 932 2272 Hoc
972 2226 1225 2287 regnante
1267 2217 1585 2286 prophetare
1622 2220 1785 2288 coepit
1831 2219 1991 2275 Osee.

417 2306 674 2361 Zacliaria
718 2308 1086 2366 occiso,Sclus
1118 2307 1198 2379 (a)
1232 2311 1470 2378 regnavit
1500 2310 1550 2362 in
1580 2309 1849 2364 Israelem.
1898 2311 1994 2366 llic

417 2416 546 2455 usus
573 2410 656 2455 est
680 2401 992 2455 commilitio
1015 2401 1180 2455 Pluue
1208 2403 1347 2471 regis
1372 2403 1715 2473 Assyriorum
1743 2404 1891 2458 mille
1915 2414 1995 2457 ta-

416 2491 572 2547 lentis
598 2492 697 2562 ipsi
734 2492 892 2547 datis.
922 2492 1013 2546 Illo
1041 2492 1501 2556 mortuo,Manaim
1540 2495 1779 2563 regnavit
1805 2495 1855 2547 in
1878 2495 1993 2563 ejus

415 2583 609 2637 locum.
643 2584 769 2638 Post
789 2584 969 2637 Oziam
1016 2585 1255 2653 regnavit
1284 2588 1336 2637 in
1362 2583 1552 2638 Judam
1596 2584 1810 2639 Jotham
1850 2585 1991 2641 ﬁlius

412 2678 549 2745 ejus.
593 2674 709 2742 Quo
739 2684 950 2729 mortuo
978 2676 1223 2745 regnavit
1252 2675 1428 2729 Aehaz
1459 2675 1602 2729 filius
1629 2675 1861 2731 Jotham.
1892 2678 1993 2734 Illo

414 2777 671 2837 regnante
691 2767 884 2821 Raasin
904 2754 1070 2838 Syrus
1089 2774 1143 2821 et
1164 2766 1363 2821 Phaces
1384 2766 1521 2819 filius
1542 2766 1799 2821 Romelia:
1814 2783 1995 2823 ascen-

410 2861 625 2916 derunt.
675 2859 853 2915 Aehaz
880 2869 1057 2913 autem
1101 2857 1247 2912 misit
1274 2858 1341 2911 ad
1372 2856 1797 2927 Theglaphassar
1824 2862 1989 2932 Assy-

417 2955 575 3017 rium,
606 2953 671 3007 ad
701 2953 1073 3008 commilitium
1106 2968 1357 3008 evocans.
1387 2952 1481 3008 llle
1509 2957 1687 3010 autem
1733 2956 1954 3008 veniens
1974 2996 1987 3018 ,

414 3045 558 3113 cepit
584 3044 892 3099 Damascum
916 3086 931 3109 ,
960 3053 1014 3098 et
1044 3044 1242 3097 Baasin
1271 3045 1484 3098 occidit.
1515 3045 1771 3099 Ascendit
1810 3056 1988 3100 autem

415 3145 473 3189 et
500 3135 834 3189 Salmanasar
872 3136 1123 3206 Assyrius
1155 3135 1221 3189 ad
1268 3134 1405 3190 Osce
1432 3136 1598 3189 lilium
1627 3135 1743 3201 Ela,
1770 3138 1859 3206 qui
1898 3138 1994 3192 fuit

418 3230 490 3283 illi
520 3244 723 3284 servus.
758 3229 824 3285 Ut
854 3230 1001 3283 novit
1039 3238 1215 3283 autem
1266 3229 1517 3299 Assyrius
1562 3229 1709 3284 illum
1733 3229 1991 3285 defectio-

421 3338 543 3377 nem
571 3323 834 3392 cogitare;
867 3323 1085 3375 miserat
1106 3322 1300 3392 quippe
1327 3322 1525 3391 legatos
1550 3322 1617 3375 ad
1659 3321 1990 3392 EthiOpem,

416 3416 628 3471 obsedit
652 3431 769 3469 eum
796 3428 859 3470 et
888 3417 1053 3468 vinxit
1101 3432 1221 3468 eum
1250 3451 1266 3474 ,
1297 3426 1557 3484 raptaque
1579 3415 1822 3469 Samaria
1849 3417 1991 3470 aliis-

416 3525 519 3580 que
550 3510 764 3563 urbibus
785 3551 801 3573 ,
825 3510 1046 3579 populos
1074 3509 1341 3561 transtulit
1385 3509 1433 3560 in
1465 3509 1736 3577 Assyrios.
1769 3508 1862 3561 llic
1903 3524 1992 3560 ae-

414 3603 619 3657 eusatio
649 3601 866 3656 habetur
903 3601 1114 3654 lsraelis
1139 3608 1193 3654 et
1220 3599 1390 3653 Judae.
1420 3599 1519 3666 Qui
1541 3598 1752 3653 adducti
1781 3599 1992 3653 fuerant

413 3712 479 3749 ex
529 3696 796 3766 Babylone
843 3694 895 3748 in
924 3694 1215 3748 Samariam
1244 3734 1257 3756 ,
1305 3700 1359 3744 ut
1389 3691 1687 3745 habitarent
1731 3692 1837 3757 ibi,
1867 3693 1989 3760 quia

416 3804 520 3842 non
574 3788 828 3843 timebant
890 3787 1094 3849 Deum,
1144 3784 1600 3839 interficiebantur
1645 3799 1674 3837 a
1722 3784 1987 3839 leonibus.

412 3882 565 3934 Tunc
605 3879 831 3933 mittitur
860 3880 1114 3931 sacerdos
1146 3876 1299 3939 inde,
1332 3879 1421 3945 qui
1466 3875 1623 3928 docet
1662 3875 1781 3928 illos
1822 3876 1989 3943 legem

416 3975 508 4027 Dei
541 3991 552 4026 :
581 3980 635 4027 et
663 3972 739 4027 illi
762 3972 923 4026 Deum
953 3968 1227 4033 timebant,
1258 3968 1501 4037 idolaque
1521 3968 1785 4022 colebant.
1818 3967 1992 4021 Histo-

412 4068 490 4120 ria
524 4064 769 4119 Ezechiae
798 4069 853 4116 et
878 4061 1219 4131 ASsyriorum
1253 4100 1266 4122 ,
1297 4075 1413 4128 qua:
1453 4060 1610 4112 etiam
1651 4059 1702 4111 in
1736 4059 1867 4111 Isaia
1898 4058 1993 4111 ba-

412 4156 625 4211 bentur.
671 4153 900 4208 Historia
955 4151 1214 4205 Manassis
1239 4159 1292 4203 et
1331 4150 1615 4217 impietatis
1660 4148 1993 4219 mediumque

412 4251 548 4318 ejus.
572 4249 642 4305 Ut
669 4257 847 4301 autem
868 4259 1107 4299 mortuus
1127 4253 1229 4305 est,
1250 4242 1483 4311 regnavit
1507 4242 1644 4296 filius
1666 4242 1779 4313 ejus
1797 4244 1986 4297 Amen.

414 4345 530 4412 Quo
560 4352 790 4401 mortuo,
824 4339 1063 4409 regnavit
1091 4338 1264 4391 Josias
1293 4336 1433 4389 filius
1458 4337 1573 4404 ejus
1600 4351 1615 4388 :
1640 4336 1707 4390 de
1731 4351 1838 4406 quo
1868 4350 1992 4406 pro-

413 4437 572 4506 pheta
601 4434 847 4505 prtedixit
872 4432 1192 4488 Jeroboamo
1230 4445 1386 4485 servo
1415 4430 1714 4485 Salomonis
1733 4471 1748 4495 ,
1780 4430 1992 4499 quando

415 4544 605 4583 manus
633 4528 773 4596 regis
798 4524 943 4579 arida
987 4523 1123 4577 facta
1165 4532 1265 4578 est.
1303 4523 1397 4576 Hie
1441 4523 1749 4592 expurgavit
1774 4522 1992 4576 Jerusa-

414 4621 543 4683 lem,
576 4619 796 4688 locaque
814 4616 991 4671 omnia
1012 4657 1026 4679 ,
1056 4615 1237 4670 effodit
1266 4615 1380 4668 loca
1408 4614 1767 4682 sepulcrorum
1797 4613 1847 4665 in
1870 4612 1990 4681 qni-

415 4712 517 4766 bus
564 4710 869 4765 sacerdotes
912 4710 1214 4775 idolorum,
1265 4708 1511 4771 contrivit
1559 4705 1720 4760 idola.
1774 4704 1850 4757 De
1902 4704 1991 4757 illo

414 4803 611 4859 dictum
642 4811 758 4869 est,
800 4801 1027 4856 similem
1050 4801 1099 4854 ei
1142 4815 1247 4853 non
1288 4799 1450 4852 fuisse
1479 4805 1633 4850 antea
1662 4810 1839 4863 regem
1859 4834 1876 4859 ,
1903 4795 1990 4864 qui

415 4909 707 4949 conversus
757 4893 916 4947 fuerit
951 4892 1018 4947 ad
1066 4892 1347 4945 Dominum
1391 4889 1444 4941 in
1491 4896 1613 4951 toto.
1648 4885 1810 4940 corde
1858 4901 1988 4949 suo,

416 5001 471 5044 et
495 4991 543 5042 in
572 4998 679 5042 tota
705 4988 881 5041 anima
907 5001 1021 5040 sua.
1064 4984 1177 5037 Hoc
1206 4990 1459 5053 regnante
1488 4977 1807 5047 prophetare
1834 4978 1993 5045 coepit

416 5081 680 5136 Jeretnias
708 5096 721 5131 :
758 5078 1018 5147 hujusque
1048 5086 1287 5144 tempore
1312 5081 1427 5126 erat
1454 5067 1586 5124 Olda
1633 5069 1990 5138 prophetissa.

417 5174 550 5227 Cum
581 5182 756 5227 autem
784 5171 1070 5225 occidisset
1096 5182 1217 5221 eum
1245 5167 1454 5220 Pharao
1486 5162 1732 5225 Nechao,
1757 5162 1995 5230 regnavit

418 5268 647 5323 Joaehas
668 5266 807 5320 ﬁlius
832 5264 946 5333 ejus
968 5277 1064 5333 pro
1086 5276 1169 5315 eo.
1195 5258 1400 5314 Pharao
1429 5265 1605 5310 autem
1634 5254 1734 5308 hoc
1760 5253 1991 5322 dejecto,

418 5370 476 5417 et
520 5362 574 5416 in
616 5359 902 5430 Aigyptum
946 5354 1202 5417 abducto,
1252 5351 1341 5405 ubi
1388 5348 1550 5404 etiam
1588 5354 1829 5401 mortuus
1874 5353 1991 5412 est,

482 5498 553 5560 (a)
576 5492 971 5560 malua-habet:
986 5484 1177 5544 Αωνίαν
1202 5498 1307 5560 ea
1334 5477 1993 5560 κέξςιξαῖξεισ,1ξιηὲἔίίὲξθξὲξϊξ;

419 5538 853 5619 υιέίῖἱίῶξῗὲἐίίἰιῆ
868 5538 1072 5619 sulfura,
1085 5538 1187 5619 pro,
1205 5538 1564 5619 "seins._uou__bie
1583 5548 1763 5619 autem,
1782 5538 1999 5619 ἓξὲξ-ἕψε

418 5600 909 5668 ξῦἶέέξξοὲἶῖέιὶξὲέί
927 5600 1270 5676 auxil'iofhuae
1284 5648 1297 5665 ,
1321 5603 1594 5676 sive'tfhul,
1617 5603 1751 5676 regis
1774 5600 1996 5676 Assyrio:

416 5667 545 5730 rum.
558 5685 650 5733 sed
675 5686 780 5728 erat
797 5679 844 5725 in
865 5673 1223 5736 exemplaribus
1238 5672 1410 5719 Graecis
1431 5667 1659 5714 librorum
1678 5670 1859 5725 Regum
1877 5667 1995 5709 mira

419 5747 685 5794 lectionum
706 5740 930 5789 varietas.

718 5852 987 5911 Pyram.
1034 5851 1149 5907 Gn.
1193 5847 1347 5908 LVI.

1525 269 1848 329 SYNOPSIS
1883 272 2291 331 SCRIPTURiE
2330 274 2595 332 SACR/E.

3579 290 3693 347 '33!

2114 392 2389 446 constituit
2418 408 2600 463 regem
2642 393 2801 450 Josia:
2850 395 3014 451 lilium
3057 398 3311 465 Eliacim,
3362 378 3533 473 quiet
3563 405 3683 460 Joa-

2111 480 2287 547 chim,
2318 491 2372 537 et
2398 492 2554 537 terrae
2603 485 2856 541 tributum
2905 489 3176 559 imposuit.
3203 491 3443 549 Joachim
3488 498 3686 566 primus

2112 572 2166 626 in
2195 583 2507 643 potestatem
2535 575 3071 636 Nabucltodonosoris
3100 585 3365 651 redactus,
3399 601 3547 644 extra
3572 607 3690 645 mu-

2113 679 2201 718 ros
2225 665 2466 735 dejeetus
2490 675 2593 722 est.
2624 668 2702 723 De
2734 669 2824 725 illo
2853 673 2928 726 ait
2970 673 3228 731 Jeremias
3262 696 3275 730 :
3308 677 3422 733 Erit
3462 684 3690 736 mortici-

2112 772 2232 809 num
2257 758 2368 827 ejus
2393 760 2671 830 projectum
2699 762 2753 814 in
2779 772 2956 817 malum
2981 766 3081 820 diei
3100 809 3115 833 ,
3145 779 3190 822 et
3216 769 3267 823 in
3296 772 3462 844 frigus
3484 778 3643 829 noctis
3670 795 3688 831 :

2108 854 2165 937 et
2192 857 2316 903 tunc
2342 848 2620 920 Sepultum
2643 853 2772 906 asini
2804 856 3069 925 sepelietur
3089 859 3219 929 (Jer.
3241 862 3330 918 56.
3349 864 3439 919 50.
3467 866 3557 920 22.
3580 869 3690 937 19).

2111 936 2243 992 Nam
2274 950 2557 1011 postquam
2600 943 2891 1000 dissolutus
2938 956 2993 1001 et
3035 962 3319 1021 corruptus
3367 966 3515 1023 erat,
3568 969 3693 1015 tunc

2110 1031 2350 1099 sepultus
2393 1042 2492 1089 est.
2523 1033 2734 1091 Mortuo
2761 1037 2986 1093 Eliacim
3033 1042 3144 1096 sive
3186 1043 3428 1101 Joaehim
3462 1049 3572 1103 lilio
3594 1051 3691 1105 ,Ιο-

2108 1120 2238 1186 size,
2280 1132 2465 1191 regnat
2507 1124 2748 1180 Joachim
2792 1128 2931 1182 filius
2980 1130 3125 1200 ejus,
3160 1149 3323 1204 nepos
3365 1137 3543 1194 Josiae.
3592 1141 3690 1197 Ile

2110 1224 2269 1278 porro
2297 1212 2534 1267 Joaehim
2557 1257 2571 1281 ,
2600 1216 2761 1271 etiam
2789 1217 3072 1274 Jeehonias
3100 1226 3480 1291 appellabatur.
3505 1231 3687 1302 Neque

2109 1303 2245 1357 ultra
2276 1320 2369 1359 rex
2400 1305 2617 1376 ZEgypti
2647 1308 2812 1364 exivit
2861 1310 2929 1366 de
2955 1320 3095 1367 terra
3127 1329 3243 1369 sua.
3293 1317 3424 1372 Cum
3454 1322 3689 1377 venisset

2106 1400 2283 1450 autem
2329 1396 2826 1455 Nabuchodonosor
2870 1410 2924 1457 et
2970 1403 3241 1460 obsideret
3295 1410 3518 1480 urbem,
3564 1415 3686 1482 quia

2105 1489 2251 1542 venit
2278 1488 2345 1543 ad
2373 1504 2493 1543 eum
2522 1506 2644 1545 cum
2692 1503 2863 1547 matre
2892 1509 2987 1548 sua
3016 1495 3257 1551 Joachim
3289 1500 3379 1568 qui
3406 1510 3459 1555 et
3490 1502 3685 1558 Jeeho-

2104 1581 2243 1647 nias,
2266 1581 2621 1637 ahduxiteum
2645 1584 2696 1638 in
2719 1584 3069 1656 Babylonem,
3091 1598 3145 1643 et
3164 1591 3443 1646 constituit
3464 1593 3683 1652 fratrem

2104 1672 2270 1740 patris
2298 1672 2413 1742 ejus
2444 1674 2613 1728 lilium
2642 1675 2802 1731 Josizn
2829 1692 3010 1748 regem
3037 1681 3088 1733 in
3114 1680 3434 1738 Jerusalem.
3466 1685 3565 1741 Hic
3589 1705 3687 1742 au-

2105 1772 2211 1818 tem
2240 1774 2356 1819 erat
2381 1765 2723 1833 Matthanias,
2751 1769 2841 1838 qui
2880 1779 2936 1824 et
2975 1770 3245 1826 Sedecias.
3278 1773 3347 1829 Ut
3375 1785 3552 1830 autem
3597 1778 3683 1833 ille

2104 1858 2480 1925 praevaricatus
2500 1869 2582 1913 est
2601 1869 2785 1914 contra
2814 1877 2990 1931 regem
3013 1864 3321 1936 Babylonis,
3341 1869 3488 1923 venit
3506 1869 3687 1926 Nabu-

2102 1947 2462 2015 chodonosor,
2495 1960 2548 2004 et
2576 1951 2786 2006 obsedit
2812 1953 3111 2011 Jerusalem
3142 1974 3156 2011 :
3186 1974 3287 2028 qua
3317 1970 3471 2030 capta
3517 1973 3570 2017 et
3599 1965 3682 2017 in-

2101 2051 2284 2103 censa,
2302 2039 2577 2095 Sedeciam
2602 2054 2925 2099 excweatum
2944 2057 2997 2102 et
3014 2049 3244 2103 vinctum
3264 2051 3480 2107 abduxrt
3510 2053 3561 2109 in
3581 2054 3681 2109 Ba-

2100 2128 2366 2200 bylonem.
2387 2132 2667 2187 Godoliam
2683 2150 2809 2191 vero
2821 2139 3265 2211 constituitsuper
3282 2158 3377 2198 eos
3399 2144 3487 2214 qui
3506 2147 3676 2201 relicti

2099 2220 2309 2276 fuerant
2339 2224 2390 2277 in
2418 2223 2736 2281 Jerusalem.
2770 2228 3061 2301 Postquam
3092 2243 3266 2287 autem
3299 2235 3444 2291 illum
3484 2239 3679 2294 occidit

2099 2314 2307 2382 lsmael,
2331 2320 2549 2387 profecti
2570 2320 2643 2375 illi
2670 2321 2871 2377 residui
2900 2324 3123 2395 ingressi
3145 2337 3269 2381 sunt
3290 2330 3340 2383 in
3363 2329 3672 2401 Egyptum.

2100 2407 2288 2463 Postea
2343 2426 2470 2466 vero
2494 2412 2826 2469 Joacltimum
2857 2416 2907 2470 in
2939 2417 3209 2488 Babylone
3233 2424 3397 2476 multo
3422 2424 3673 2494 dignatus

2095 2511 2178 2555 est
2214 2502 2415 2558 honore
2444 2506 2626 2561 Evilad
2654 2507 2901 2565 Marodae
2932 2512 2948 2541 ¹
2981 2526 3074 2565 rex
3102 2511 3408 2584 Babylonis.

2169 2597 2412 2668 Regnum
2434 2601 2609 2668 itaque
2632 2601 2906 2668 Samariaa,
2939 2604 3122 2673 utjam
3151 2606 3351 2661 dictum
3378 2619 3492 2674 est,
3521 2610 3681 2666 desiit

2097 2689 2149 2742 in
2176 2688 2368 2744 Oseam
2402 2690 2566 2745 lilium
2597 2693 2684 2746 Ela
2718 2737 2732 2758 ,
2785 2695 2874 2765 qui
2906 2697 3177 2751 occiderat
3218 2699 3477 2754 Phaceam
3512 2702 3678 2757 filium

2098 2781 2372 2837 Romelim.
2405 2784 2756 2858 Jerosolymae
2796 2802 2923 2843 vero
2952 2804 3175 2860 regnum
3203 2790 3361 2846 desiit
3412 2794 3461 2847 in
3516 2794 3680 2849 Sede-

2094 2873 2228 2926 ciam
2264 2893 2277 2928 :
2310 2874 2398 2944 qui
2427 2876 2686 2930 abductus
2727 2878 2777 2930 in
2826 2878 3145 2951 Babylonem
3173 2920 3189 2944 ,
3218 2884 3385 2936 oculis
3411 2884 3632 2937 orbatus
3653 2928 3665 2949 ,

2096 2963 2149 3017 in
2180 2956 2403 3019 vinculis
2433 2967 2527 3021 fuit
2557 2984 2653 3036 per
2674 2984 2841 3023 annos
2867 2970 3047 3037 viginti
3076 2986 3301 3040 septem.
3329 2974 3667 3030 Joachimum

2096 3072 2222 3111 vero
2252 3068 2431 3126 postea
2459 3060 2647 3113 extulit
2676 3076 2766 3115 rex
2792 3060 3095 3133 Babylonis,
3129 3063 3273 3117 dedit
3297 3065 3393 3135 ipsi
3417 3070 3673 3125 thronum

2095 3163 2253 3219 supra
2302 3165 2452 3220 reges
2480 3151 2571 3220 qui
2620 3152 2740 3205 istic
2768 3164 2958 3219 erant,
2989 3164 3041 3207 et
3088 3154 3401 3209 comedebat
3432 3164 3677 3226 putabat-

2094 3257 2197 3310 que
2226 3256 2346 3297 cum
2377 3243 2468 3296 illo
2497 3245 2745 3299 omnibus
2790 3245 2978 3300 diebus
3007 3246 3127 3300 vita:
3174 3262 3303 3302 suae.
3352 3249 3466 3304 llue
3496 3261 3673 3306 autem

2094 3334 2291 3389 desinit
2333 3335 2506 3401 liber,
2554 3350 2677 3389 cum
2720 3337 2927 3392 scilicet
2979 3346 3135 3407 capta
3184 3340 3316 3394 urbe
3363 3342 3591 3411 populus
3621 3344 3669 3396 in

2094 3428 2453 3497 Captivitatem
2482 3429 2740 3483 abductus
2766 3437 2869 3484 est.

2163 3520 2282 3575 Jam
2303 3536 2432 3574 vero
2454 3528 2622 3575 restat
2646 3529 2703 3575 ut
2732 3522 2946 3575 nomina
2970 3537 3151 3591 regum
3174 3522 3371 3577 Judtem
3399 3532 3454 3579 et
3478 3526 3637 3581 Israel
3657 3568 3671 3586 ,

2094 3629 2211 3683 que
2240 3615 2571 3683 singulorum
2594 3612 2792 3669 fuerint
2815 3624 2964 3685 gesta
2992 3658 3006 3683 ,
3058 3617 3147 3686 qui
3178 3617 3296 3670 linis
3321 3659 3335 3681 ,
3361 3628 3493 3687 quot
3518 3620 3673 3676 annis

2094 3706 2439 3776 regnaveriut
2465 3721 2529 3760 ex
2562 3708 2710 3762 hisce
2744 3707 2895 3761 libris
2926 3721 3301 3763 reeenseamus
3321 3750 3335 3775 ,
3370 3709 3472 3764 hoc
3494 3721 3670 3781 pacto.

2167 3798 2244 3867 (a)
2279 3798 2403 3851 Post
2454 3798 2743 3866 perniciem
2791 3798 2967 3851 Saulis
3012 3798 3103 3867 qui
3146 3809 3461 3869 regnaverat
3501 3803 3657 3856 annis

2094 3888 2465 3958 quadraginta,
2493 3899 2680 3958 regnat
2711 3890 2873 3943 David
2908 3890 2957 3942 in
2983 3905 3193 3944 omnem
3227 3892 3480 3947 Israelem
3504 3903 3557 3948 et
3585 3893 3672 3949 Ju-

2093 3981 2215 4034 dam
2262 3980 2416 4033 anuis
2460 3980 2844 4050 quadraginta;
2888 3981 3095 4035 scilicet
3134 3982 3186 4034 in
3218 3982 3466 4037 Chebron
3517 3986 3673 4038 annis

2095 4082 2297 4142 septem
2319 4113 2333 4135 ,
2364 4074 2416 4127 in
2449 4082 2561 4127 toto
2584 4082 2762 4126 autem
2792 4073 2988 4128 lsraele
3025 4083 3079 4127 et
3101 4072 3235 4127 Juda
3260 4074 3416 4127 annis
3462 4075 3672 4144 triginta

2096 4166 2283 4219 tribus.
2325 4165 2394 4219 Et
2439 4164 2564 4221 fecit
2611 4172 2818 4219 rectum
2849 4168 2898 4217 in
2950 4166 3185 4232 perfecto
3213 4164 3397 4218 corde.
3436 4163 3546 4220 Sub
3574 4166 3673 4221 hoc

2095 4270 2246 4314 erant
2275 4258 2546 4327 prophetae
2572 4258 2779 4311 Nathan
2808 4265 2861 4312 et
2887 4256 3020 4311 Gad.
3050 4255 3302 4311 Salomon
3336 4258 3473 4311 ﬁlius
3508 4256 3669 4312 David

2094 4352 2334 4421 regnavit
2360 4364 2519 4420 supra
2568 4363 2782 4403 omnem
2834 4348 3088 4417 populum
3135 4357 3189 4401 et
3219 4348 3331 4417 ipse
3359 4349 3511 4401 annis
3540 4363 3672 4418 qua-

2092 4446 2333 4515 draginta
2368 4461 2380 4496 :
2409 4454 2462 4497 et
2488 4443 2613 4496 fecit
2639 4442 2854 4495 malum.
2902 4440 3013 4494 Sub
3044 4440 3146 4494 hoc
3175 4443 3337 4494 etiam
3368 4451 3523 4495 erant
3553 4458 3674 4511 pru-

2096 4538 2267 4607 phette
2307 4536 2512 4590 Nathan
2561 4544 2614 4588 et
2662 4533 2795 4588 Gad.
2827 4532 3064 4586 Roboam
3106 4532 3243 4586 filius
3272 4533 3384 4601 ejus
3436 4534 3677 4602 leg-navit

2093 4631 2245 4684 annis
2266 4614 2662 4699 septemdecim,
2682 4636 2736 4681 et
2758 4627 2881 4680 fecit
2899 4625 3115 4679 malum.
3136 4625 3247 4679 Sub
3267 4625 3368 4679 hoc
3388 4625 3668 4679 discissum

2094 4731 2177 4776 est
2200 4737 2419 4791 regnum
2443 4764 2455 4784 ,
2480 4731 2533 4775 et
2551 4725 2859 4772 manserunt
2905 4731 3027 4771 cum
3052 4730 3118 4784 eo
3147 4716 3201 4768 in
3230 4714 3525 4769 Jerusalem
3550 4715 3669 4767 dum

2096 4817 2283 4879 tribus,
2310 4814 2444 4868 Juda
2485 4821 2538 4866 et
2581 4810 2874 4879 Benjamin.
2910 4808 2965 4861 ln
3005 4796 3242 4863 Samaria
3293 4817 3469 4861 autem
3506 4805 3673 4859 tribus

2094 4911 2299 4965 decem.
2328 4906 2439 4961 Sub
2470 4906 2570 4958 hoc
2599 4911 2749 4957 erant
2785 4901 3057 4971 propheta:
3104 4899 3301 4954 Achias
3328 4897 3579 4951 Silonites
3617 4904 3671 4949 et

2096 5001 2267 5057 Addo.
2316 4998 2447 5053 Abia
2488 4996 2628 5049 filius
2667 4994 2781 5062 ejus
2834 4994 3075 5062 regnavit
3121 4991 3277 5046 annis
3330 4990 3520 5043 tribus.
3567 4986 3673 5041 Nc-

2096 5114 2196 5168 qne
2226 5104 2338 5148 erat
2387 5106 2479 5145 cor
2522 5090 2637 5158 ejus
2674 5097 2730 5141 ut
2770 5086 2965 5149 David,
2993 5085 3084 5139 sed
3131 5082 3419 5137 ambulavit
3469 5081 3522 5134 in
3555 5095 3667 5148 pec-

2097 5199 2216 5245 cato
2265 5186 2428 5256 patris
2485 5182 2585 5235 sui.
2633 5180 2743 5235 Sub
2786 5180 2889 5233 hoc
2942 5178 3099 5231 etiam
3149 5182 3264 5229 erat
3329 5172 3482 5226 Addo
3546 5186 3668 5240 prn-

2100 5284 2280 5352 plieta.
2306 5280 2409 5333 Asa
2444 5275 2583 5329 filius
2612 5274 2727 5342 ejus
2771 5272 2925 5326 annis
2954 5267 3296 5340 quadraginta
3325 5274 3519 5325 uno,et
3551 5265 3671 5318 fecit

2099 5383 2335 5431 rectum:
2383 5371 2477 5426 sed
2522 5369 2694 5423 adhuc
2744 5374 2898 5421 erant
2943 5361 3172 5417 excelsa.
3220 5358 3329 5412 Sub
3370 5359 3479 5412 hoc
3514 5362 3673 5411 erant

2162 5531 2178 5562 ι
2203 5528 2333 5577 Vera
2355 5526 2501 5576 lectio
2526 5531 2621 5582 est,
2646 5522 2990 5585 Epilmerodae.
3232 5575 3243 5585 ,
3448 5574 3461 5585 .
3481 5571 3509 5585 ..
3648 5570 3678 5581 .-

2161 5571 2233 5663 («5
2254 5571 2676 5663 ﬁnivis‘éiiuibih?
2691 5571 2941 5663 habent";
2968 5582 3025 5663 is
3053 5575 3410 5663 SFPSP§.59‘1"E
3431 5571 3681 5663 etuias?

2100 5634 2691 5704 nominewcir‘cumfertur,
2729 5653 2875 5703 Tom
2912 5642 2970 5699 ἢ,
2996 5654 3045 5700 p.
3072 5634 3097 5685 ἱ
3114 5634 3333 5685 lii—Vide
3350 5646 3408 5683 ea
3431 5647 3541 5697 qua:
3558 5634 3671 5683 dixt-

2099 5728 2207 5765 ntus
2229 5716 2277 5761 in
2302 5712 2507 5762 Diatriba
2533 5707 2666 5758 initio
2690 5707 2832 5766 hujus
2854 5712 3134 5764 Synopscos.

3243 5823 3324 5882 22
