4102 6322
503 282 606 300 ρυυ

507 304 609 338 ὓδὲ)

495 395 712 450 Azarias
739 392 873 447 ﬁlius
897 390 1042 446 Oded
1064 433 1077 457 ,
1117 400 1173 446 et
1217 392 1408 446 Anami
1432 433 1446 456 ,
1491 390 1784 461 prophetae.
1817 390 2070 459 Josaphat

492 488 633 542 ﬁlius
668 485 782 554 ejus
808 498 975 539 annos
1002 483 1181 553 viginti
1196 480 1669 551 quinque,etfecit
1698 493 1899 538 rectum
1931 499 1944 544 ;
1977 481 2071 536 sed

491 577 698 632 excelsa
717 575 891 631 adhuc
926 585 1096 629 erant.
1127 574 1318 629 Postea
1360 590 1488 629 vero
1526 578 1578 628 in
1602 574 2070 644 reprehensionem

497 670 784 740 iniquitatis
832 668 1089 734 incurrit,
1121 669 1244 737 quia
1274 667 1479 722 amicus
1519 675 1636 721 erat
1660 666 1904 721 Ochozizn
1931 666 2072 734 regis

495 761 656 818 Israel
679 804 693 823 ,
721 769 775 815 et
799 761 850 813 in
879 759 1102 830 negotiis
1128 758 1414 828 plurimum
1444 774 1566 812 cum
1593 758 1685 812 illo
1706 758 2072 813 communica-

496 854 600 907 hat.
646 853 755 906 Sub
798 852 898 905 hoc
927 860 1078 905 erant
1106 849 1377 920 propheta:
1423 846 1573 902 Elias
1609 888 1625 913 ,
1674 849 1945 911 Elisszeus,
1978 847 2072 900 Mi-

495 945 670 999 cha-as
699 951 752 998 et
780 941 916 997 Jebu
949 943 1087 995 ﬁlius
1114 942 1303 996 Anemi
1321 982 1336 1004 ,
1359 950 1415 994 et
1441 939 1585 994 Oziel
1610 939 1747 993 ﬁlius
1773 938 2063 1002 Zachariaz,

494 1046 549 1092 et
593 1035 810 1090 Eliadad
853 1033 1153 1089 ﬁliusAdire
1196 1048 1261 1087 ex
1310 1032 1550 1087 Marissa.
1583 1031 1762 1086 Joram
1793 1030 1931 1085 ﬁlius
1959 1031 2072 1100 ejus

492 1133 646 1181 annis
675 1136 795 1182 octo
816 1169 830 1191 ,
861 1135 914 1180 et
939 1124 1062 1180 fecit
1106 1125 1321 1179 malum.
1356 1124 1549 1179 Habuit
1571 1124 1713 1178 enim
1758 1128 1977 1177 uxorem
2008 1122 2070 1174 ﬁ-

496 1219 617 1272 liam
649 1218 883 1272 Achaab.
912 1218 1023 1272 Sub
1051 1218 1152 1270 hoc
1179 1224 1331 1271 erant
1360 1216 1499 1269 Elias
1527 1224 1580 1269 et
1607 1215 1878 1268 Elissmus.
1902 1212 2076 1268 Ochu-

490 1311 601 1363 zias
632 1309 768 1363 ﬁlius
796 1309 912 1379 ejus
941 1323 1085 1362 anno
1105 1324 1211 1362 uno
1236 1315 1324 1372 ,et
1367 1306 1489 1361 fecit
1516 1307 1733 1361 malum.
1784 1306 1911 1361 Post
1949 1320 2070 1360 eum

495 1410 663 1454 mater
689 1401 805 1470 ejus
831 1400 1075 1455 Gotholia
1119 1414 1287 1453 annos
1315 1407 1539 1469 septem.
1568 1398 1693 1453 Joas
1724 1399 1861 1453 ﬁlius
1892 1397 2070 1453 Ocho-

493 1490 592 1545 zia:
632 1507 802 1547 annos
854 1492 1218 1563 quadraginta.
1275 1491 1371 1546 Hic
1412 1490 1606 1545 occidit
1648 1490 1955 1545 Zachariam
1981 1499 2075 1556 ,et

493 1583 619 1638 fecit
641 1592 843 1638 rectum
873 1584 924 1637 in
956 1590 1068 1636 toto
1096 1581 1257 1636 corde
1286 1597 1418 1648 suo,
1442 1581 1626 1637 donec
1653 1581 1821 1637 Jodaé
1849 1581 1927 1635 vir
1949 1596 2071 1650 pru-

495 1675 628 1732 dens
658 1678 891 1743 viveret,
920 1684 974 1730 et
1019 1676 1326 1730 institueret
1368 1675 1560 1744 ipsum.
1586 1674 1737 1729 Hunc
1760 1674 2073 1729 occiderunt

497 1771 638 1827 servi
684 1770 849 1834 ipsius
881 1771 936 1824 in
973 1768 1133 1823 domo
1180 1766 1430 1824 Maéloth.
1456 1767 1567 1829 Sub
1596 1767 1697 1823 hoc
1740 1766 2074 1836 pr0phetavit

499 1863 788 1918 Zacharias
811 1862 947 1916 ﬁlius
968 1860 1151 1916 Jodaé.
1183 1861 1432 1914 Amesias
1462 1859 1601 1914 ﬁlius
1630 1858 1746 1929 ejus
1773 1860 1929 1913 annis
1970 1873 2071 1913 no-

498 1954 877 2011 vemdecim,et
906 1953 1025 2007 fecit
1048 1962 1248 2007 rectum
1280 1952 1331 2006 in
1362 1952 1653 2020 principio;
1684 1949 1777 2004 sed
1808 1965 1911 2004 non
1937 1950 2075 2004 sicut

504 2045 689 2101 David.
734 2044 922 2098 Adhuc
940 2043 1082 2098 enim
1117 2042 1341 2112 populus
1380 2042 1687 2097 immolabat
1712 2043 1762 2095 in
1810 2041 2070 2106 excelsis,

501 2145 555 2191 et
585 2137 730 2190 lucos
758 2152 861 2188 non
885 2134 1120 2189 abstulit.
1146 2132 1258 2188 Sub
1285 2132 1388 2187 hoc
1430 2133 1588 2187 etiam
1619 2132 2074 2202 prophetaverunt

502 2225 792 2296 prophetm,
825 2240 1047 2294 quorum
1080 2223 1293 2278 nomina
1317 2223 1513 2291 scripta
1550 2238 1654 2275 non
1680 2230 1824 2278 sunt.
1856 2222 2071 2275 Postea-

501 2334 657 2388 quam
691 2332 820 2371 vero
848 2331 961 2379 eos,
986 2317 1076 2385 qui
1103 2315 1154 2368 in
1185 2315 1305 2371 Seir
1330 2314 1674 2374 habitabant,
1708 2316 1986 2383 percussit,
2021 2313 2073 2367 in

502 2410 804 2478 superbiam
856 2409 1027 2462 elatus
1089 2417 1208 2470 est,
1259 2406 1399 2460 idola
1452 2405 1799 2459 habitantium
1864 2406 1916 2458 in
1959 2404 2077 2459 Seir

504 2503 687 2565 coluit,
721 2512 773 2556 et
802 2502 854 2554 iu
900 2515 1089 2554 manus
1114 2499 1345 2553 hostium
1368 2497 1619 2560 traditus,
1663 2511 1944 2565 percussus
1973 2505 2073 2551 est.

506 2594 753 2658 Azarias,
782 2593 868 2661 qui
894 2601 947 2645 et
965 2591 1120 2645 Ozias
1143 2630 1158 2655 ,
1181 2605 1350 2643 annos
1394 2589 1769 2658 quinquaginta
1807 2587 1944 2641 duos
1965 2630 1983 2653 ,
2024 2598 2077 2641 et

503 2686 655 2740 initio
681 2683 822 2754 quod
846 2693 1047 2738 rectum
1070 2692 1184 2735 erat
1208 2679 1327 2734 fecit
1356 2721 1371 2744 ,
1399 2681 1534 2733 sicut
1565 2690 1713 2749 pater
1733 2679 1849 2748 ejus
1875 2696 1890 2731 :
1919 2690 2076 2732 cane-

503 2777 876 2833 rumcxcelsa
926 2790 1029 2828 non
1062 2772 1296 2827 abstulit.
1328 2770 1461 2825 Cum
1502 2785 1755 2839 prospere
1800 2786 1910 2824 rem
1955 2786 2080 2841 age-

503 2880 624 2936 ret,
670 2870 843 2924 elatus
888 2878 970 2922 est
1018 2867 1236 2927 animo,
1295 2874 1348 2918 et
1415 2864 1580 2917 voluit
1622 2864 1735 2933 ipse
1763 2864 1977 2919 adolere
2025 2866 2075 2918 in

508 2961 747 3031 templo,
801 2958 940 3028 quod
990 2958 1117 3011 solis
1164 2955 1527 3009 sacerdotibus
1581 2955 1789 3008 licebat.
1831 2953 1953 3008 Ideo
2001 2955 2077 3009 le-

507 3068 603 3123 pra
659 3064 941 3121 percuSsus
990 3058 1107 3109 est,
1164 3056 1439 3116 postquam
1478 3046 1749 3109 audisset,
1799 3045 1918 3101 Non
1941 3057 2081 3100 tuum

508 3156 578 3199 est
599 3187 613 3210 ,
648 3144 773 3197 Ozia
795 3184 809 3204 ,
842 3142 1043 3195 adolere
1074 3140 1291 3193 Domino
1311 3182 1325 3203 ,
1354 3140 1408 3191 id
1433 3139 1565 3209 quod
1592 3138 1712 3193 solis
1746 3138 2083 3199 sacerdotibus

507 3240 622 3290 licet
646 3234 725 3308 (2.
758 3233 936 3287 Parui.
968 3232 1058 3285 26.
1094 3231 1204 3301 18).
1224 3229 1332 3284 Suh
1355 3229 1454 3283 hoc
1479 3240 1590 3283 erat
1612 3228 1770 3282 Isaias
1801 3227 2080 3298 propheta.

507 3328 716 3382 Jotham
746 3326 887 3380 filius
916 3324 1031 3393 ejus
1075 3337 1242 3376 annos
1289 3320 1522 3375 sedecim
1552 3320 1791 3391 regnavit
1818 3360 1832 3383 ,
1864 3326 1918 3373 et
1958 3319 2085 3373 fecit

511 3430 710 3475 rectum
739 3419 876 3473 sicut
904 3427 1051 3486 pater
1080 3416 1243 3484 ipsius
1273 3432 1285 3469 :
1318 3423 1567 3468 czeterum
1592 3412 1798 3468 excelsa
1826 3427 1932 3466 non
1958 3411 2082 3465 abs-

512 3513 648 3566 tulit.
697 3507 806 3565 Sub
834 3507 936 3564 hoc
977 3514 1092 3561 erat
1136 3505 1317 3559 Isaias.
1361 3503 1540 3558 Aehaz
1582 3502 1719 3556 ﬁlius
1756 3503 1871 3570 ejus
1915 3514 2085 3554 annos

511 3604 833 3664 sedecim,et
862 3599 985 3654 fecit
1010 3598 1229 3652 malum.
1246 3596 1356 3652 Sub
1377 3596 1478 3649 hoc
1507 3605 1657 3649 erant
1680 3593 1837 3647 Isaias
1860 3602 1912 3647 et
1936 3590 2085 3645 Oded

510 3695 808 3765 prephetaa.
851 3691 1074 3747 Ezekias
1125 3690 1265 3745 ﬁlius
1290 3689 1407 3758 ejus
1435 3687 1677 3758 regnavit
1702 3686 1856 3739 annis
1902 3684 2084 3754 viginti

515 3803 724 3852 novem,
762 3794 816 3840 et
854 3784 979 3839 fecit
1007 3782 1149 3853 quod
1180 3791 1380 3837 rectum
1412 3791 1525 3834 erat
1555 3782 1689 3833 sicut
1721 3776 1881 3832 David
1908 3775 2084 3845 perfe-

517 3893 623 3936 cte.
653 3880 748 3933 llic
773 3877 990 3931 abstulit
1017 3885 1319 3943 serpentem
1347 3888 1550 3926 a'neum
1576 3913 1591 3936 ,
1614 3887 1769 3940 quem
1797 3868 2087 3939 suspende-

514 3982 595 4027 rat
618 3972 811 4026 Muses.
855 3970 963 4024 Sub
987 3968 1085 4022 hoc
1109 3967 1436 4022 Senaeherih
1472 3975 1524 4021 et
1544 3966 1813 4034 Rapsaces
1842 3966 2044 4036 Assyrii
2070 4005 2086 4029 ,

514 4064 655 4134 quod
686 4062 1143 4131 blasphemassent
1166 4101 1178 4122 ,
1204 4059 1446 4128 percussi
1476 4065 1630 4121 sunt,
1665 4066 1954 4126 posteaque
1986 4072 2086 4110 una

517 4166 672 4213 nocte
715 4167 963 4225 egressus
1006 4152 1223 4222 angelus
1270 4158 1484 4205 centum
1538 4150 1805 4218 octoginta
1855 4149 2089 4218 quinque

518 4246 679 4302 millia
711 4243 983 4298 hominum
1016 4241 1230 4297 occidit.
1277 4241 1560 4295 llloriturus
1588 4239 1844 4294 Ezechias
1869 4238 1933 4292 ad
1960 4254 2091 4309 pro-

516 4336 846 4407 rogationem
871 4334 993 4387 vitae
1016 4348 1184 4387 annos
1223 4330 1525 4401 quindecim
1564 4329 1787 4398 accepit.
1822 4327 2092 4383 Manasses

522 4431 661 4483 ﬁlius
690 4428 807 4497 ejus
834 4440 1003 4479 annos
1032 4425 1409 4495 quinquaginta
1440 4424 1695 4493 quinque,
1719 4422 1953 4492 fecitque
1979 4438 2091 4476 ma-

521 4525 648 4576 lum.
685 4520 1041 4587 Quaecumque
1088 4516 1374 4571 demolitus
1421 4515 1593 4569 fuerat
1638 4515 1931 4579 Ezechias,
1980 4516 2094 4584 ipse

522 4614 790 4676 restituit,
831 4620 885 4665 et
923 4610 1091 4664 factus
1135 4619 1216 4663 est
1249 4608 1399 4664 ludar
1434 4607 1570 4662 alter
1596 4606 1906 4671 Jeroboam;
1938 4607 2007 4660 ita
2037 4616 2098 4660 ut

524 4708 640 4776 ejus
669 4718 825 4758 causa
854 4701 994 4757 idem
1020 4715 1176 4771 passa
1202 4701 1271 4754 sit
1307 4699 1603 4755 Jerusalem
1623 4740 1639 4766 ,
1666 4698 1807 4768 quod
1834 4698 2092 4753 Samaria.

526 4800 599 4854 De
616 4798 705 4851 illo
723 4796 919 4849 dictum
937 4801 1020 4847 est
1037 4833 1051 4856 ,
1074 4791 1172 4856 Qui
1194 4806 1397 4859 peccare
1414 4791 1527 4860 fecit
1546 4788 1577 4841 ,Ι
1586 4789 1738 4841 udam
1759 4789 1836 4857 (4.
1859 4786 1985 4857 Reg.
2004 4786 2064 4840 2|
2080 4824 2094 4838 .

524 4889 653 4961 16).
683 4887 806 4942 Ideo
837 4887 1075 4953 captivus
1101 4881 1363 4936 abductus
1404 4890 1487 4936 est
1522 4882 1572 4934 in
1604 4880 1951 4951 Babylonem.
1991 4878 2097 4933 Sed

528 4984 578 5034 in
607 4978 930 5048 captivitate,
965 4984 1019 5027 ut
1049 4974 1101 5026 in
1132 4971 1550 5042 Paralipomenis
1571 4972 1825 5040 scriptum
1856 4977 1959 5036 est,
1981 4983 2100 5038 pae-

528 5074 782 5126 nitentem
813 5066 1025 5122 reduxit
1067 5065 1204 5118 Deus
1229 5064 1284 5118 in
1309 5062 1623 5128 Jerusalem,
1658 5077 1985 5133 regnumque
2011 5078 2099 5117 re-

528 5161 820 5233 cuperavit.
850 5157 1221 5213 Paenitentiam
1253 5156 1430 5223 itaque
1456 5168 1637 5223 agens,
1668 5154 2025 5223 populumque
2046 5162 2104 5207 ut

535 5256 640 5309 Deo
669 5252 894 5307 serviret
930 5249 1129 5303 docens
1156 5287 1172 5309 ,
1213 5245 1363 5300 obiit.
1398 5246 1454 5299 In
1484 5246 1698 5300 civitate
1727 5256 1901 5299 tamen
1943 5245 2101 5299 David

523 5359 633 5399 non
683 5352 767 5397 est
812 5339 1050 5411 sepultus
1072 5377 1091 5405 ,
1144 5337 1239 5392 sed
1270 5338 1323 5391 in
1352 5337 1508 5391 horto
1547 5350 1643 5391 suo
1667 5377 1681 5402 ,
1713 5338 1764 5390 in
1795 5337 1950 5391 horto
1973 5336 2100 5392 Oza.

538 5440 697 5490 Amos
727 5436 864 5489 ﬁlius
891 5432 1005 5503 ejus
1029 5430 1269 5501 regnavit
1294 5444 1463 5485 annos
1493 5428 1649 5493 duos,
1674 5439 1728 5483 et
1756 5428 1879 5483 fecit
1908 5430 2103 5483 malum

532 5531 592 5585 sit
610 5537 665 5581 ut
689 5535 839 5598 pater
866 5526 982 5596 ejus
1010 5524 1280 5579 Manasses
1299 5563 1313 5585 ,
1339 5532 1393 5578 et
1425 5520 1739 5578 occiderunt
1764 5521 1936 5591 ipsum
1964 5522 2106 5577 servi

525 5620 667 5687 ejus,
706 5617 1049 5686 sepultusque
1075 5624 1156 5669 est
1194 5615 1246 5669 in
1272 5616 1426 5668 horto
1457 5611 1562 5668 Oza
1588 5653 1605 5679 ,
1636 5614 1687 5668 in
1721 5627 1826 5683 quo
1868 5614 2108 5683 sepultus

526 5726 605 5764 est
644 5717 696 5762 et
726 5718 870 5777 pater
911 5707 1093 5777 ipsius.
1143 5705 1314 5761 Jusias
1348 5704 1487 5759 ﬁlius
1519 5705 1632 5774 ejus
1662 5704 1898 5773 regnavit
1942 5705 2099 5760 annis

1210 278 1265 333 S.
1307 276 1582 333 JOANNIS
1623 276 2098 332 CIIRYSOSTOMI
2142 276 2457 334 ABCHIEP.
2497 277 3031 339 CONSTANTINOP.

3655 294 3815 354 356.

2184 392 2394 462 triginta
2424 409 2549 447 uno.
2586 390 2734 450 Ilunc
2762 398 2985 467 populus
3013 413 3188 470 regem
3217 403 3436 468 creavit,
3468 419 3589 459 cum
3617 416 3759 461 esset

2178 498 2437 537 annorum
2469 496 2610 550 octo,
2639 486 2870 558 fecitque
2896 497 3124 556 rectum,
3147 500 3201 546 et
3228 494 3517 550 ambulavit
3537 496 3589 550 in
3612 499 3752 552 omni

2181 577 2261 629 via
2291 576 2487 639 David,
2516 593 2616 633 nec
2650 578 2935 635 declinavit
2985 582 3052 636 ad
3097 583 3370 640 dexteram
3412 588 3493 643 vel
3521 589 3587 643 ad
3630 590 3755 645 sini-

2178 675 2364 719 stram.
2395 667 2605 722 Etenim
2636 680 2690 724 et
2711 671 2863 727 lucos
2892 674 3117 728 succidit
3144 716 3159 739 ,
3189 685 3238 730 et
3264 679 3442 733 omnia
3470 680 3746 737 simulacra

2178 758 2405 810 sustulit.
2436 759 2568 812 Cum
2596 776 2853 815 annorum
2885 772 3030 817 esset
3055 765 3286 819 sedecim
3308 809 3323 832 ,
3354 768 3523 838 legem
3563 773 3742 840 quaesi-

2181 849 2291 911 vit,
2324 858 2377 903 et
2414 864 2536 903 cum
2580 860 2702 905 ante
2740 853 3033 922 neglectam
3066 854 3389 922 invenisset,
3424 860 3523 929 legi
3545 859 3701 929 jussit
3732 874 3745 909 :

2179 953 2242 992 ac
2269 939 2462 1009 pascha
2508 941 2818 1010 praedicavit
2855 945 3282 1016 celebravitque,
3312 947 3452 1003 sicut
3501 951 3749 1019 scriptum

2177 1040 2277 1084 est.
2306 1030 2459 1085 Hunc
2479 1033 2674 1087 occidit
2695 1034 2900 1088 Pharao
2929 1034 3142 1090 Nechao
3167 1036 3233 1091 ad
3262 1039 3605 1108 Euphratem,
3631 1054 3747 1094 cum

2180 1122 2457 1176 contentio
2503 1125 2642 1178 inter
2687 1125 2805 1180 illos
2832 1136 2947 1180 orta
2971 1137 3132 1182 esset.
3175 1128 3343 1197 Hujus
3371 1141 3606 1200 tempore
3634 1131 3750 1186 fue-

2178 1226 2303 1268 runt
2328 1216 2599 1285 prophetat
2628 1216 2889 1273 Jeremias
2933 1228 2988 1273 et
3011 1220 3313 1290 Sophonias
3339 1263 3353 1282 .
3387 1234 3439 1277 et
3465 1223 3595 1277 Olda
3626 1241 3751 1293 pro-

2181 1306 2413 1375 phetissa
2436 1324 2567 1362 uxor
2590 1308 2753 1365 Selle.
2783 1308 3015 1365 Joachaz
3047 1312 3187 1367 ﬁlius
3211 1313 3324 1382 ejus
3348 1315 3589 1384 regnavit
3607 1331 3751 1370 men-

2177 1412 2264 1452 ses
2288 1404 2399 1453 tres
2423 1440 2437 1463 ,
2482 1408 2537 1452 et
2579 1397 2700 1453 fecit
2745 1401 2942 1454 malum
2965 1443 2979 1468 ,
3010 1412 3063 1456 et
3092 1405 3360 1459 transtulit
3399 1420 3521 1460 eum
3550 1405 3750 1461 Pharao

2178 1489 2410 1545 Nechao.
2438 1490 2549 1544 Sub
2576 1490 2678 1545 hoc
2707 1506 2918 1561 quoque
2945 1492 3074 1547 vixit
3098 1493 3380 1555 leremias.
3412 1493 3638 1550 Eliakim
3669 1499 3718 1550 al
3736 1528 3749 1539 -

2176 1588 2259 1634 ter
2284 1581 2422 1635 ﬁlius
2450 1581 2631 1648 Josite,
2658 1582 2747 1651 qui
2776 1592 2830 1636 et
2860 1582 3079 1637 Joakim
3110 1593 3314 1638 mutato
3342 1585 3556 1639 nomine
3581 1587 3750 1640 dictus

2178 1680 2297 1735 est,
2336 1671 2577 1740 regnavit
2617 1673 2772 1728 annis
2800 1672 3049 1728 undecim
3073 1715 3089 1740 ,
3119 1683 3175 1730 et
3215 1675 3342 1730 l'ecit
3363 1676 3504 1746 quod
3547 1677 3743 1733 malum

2179 1772 2316 1819 erat.
2339 1762 2548 1817 Joaltim
2578 1764 2666 1833 qui
2706 1774 2762 1819 et
2798 1764 3118 1832 Jechouias,
3152 1766 3298 1823 ﬁlius
3335 1770 3482 1839 ejus,
3518 1772 3753 1840 regnavit

2178 1867 2393 1908 menses
2419 1864 2548 1918 tres,
2580 1862 2635 1909 et
2663 1855 2784 1911 fecit
2812 1856 2952 1926 quod
2975 1858 3172 1912 malum
3199 1869 3333 1924 erat,
3363 1861 3751 1931 translatusque

2177 1954 2261 1998 est
2290 1945 2339 1997 in
2369 1945 2711 2017 Babylonem.
2744 1947 2976 2001 Matthan
3012 1948 3147 2002 ﬁlius
3186 1950 3323 2019 ejus.
3369 1950 3522 2007 Hunc
3574 1953 3751 2007 Nabu-

2178 2036 2515 2091 chodonosor
2544 2038 2820 2092 constituit
2848 2055 3026 2109 regem
3053 2081 3067 2104 ,
3098 2050 3151 2094 et
3178 2052 3379 2095 mutato
3407 2045 3621 2098 nomine
3658 2043 3753 2100 Se-

2179 2128 2382 2182 deciam
2424 2130 2740 2199 appellavit,
2772 2132 3120 2201 regnavitque
3159 2134 3312 2187 annis
3347 2134 3666 2201 duodecim,
3697 2146 3749 2191 et

2179 2220 2304 2275 fecit
2324 2222 2540 2274 malum.
2565 2221 2676 2276 Sub
2697 2222 2798 2277 hoc
2819 2239 3028 2294 quoque
3051 2234 3163 2278 erat
3183 2225 3459 2280 Jeremias.
3478 2227 3752 2298 llucusque

2182 2312 2391 2365 duravit
2409 2327 2626 2381 regnum
2648 2313 2675 2368 J
2684 2314 2803 2380 uda,
2827 2323 3056 2385 tuncque
3077 2316 3388 2371 subversum
3419 2328 3522 2381 est,
3549 2323 3679 2374 sicut
3701 2331 3751 2375 et

2181 2419 2399 2470 regnum
2424 2403 2696 2460 Samariae.
2724 2403 2864 2461 Urbs
2885 2422 3111 2476 namque
3134 2417 3284 2477 capta
3319 2420 3420 2475 εει,
3454 2419 3506 2463 et
3527 2412 3758 2473 universi

2183 2497 2232 2549 in
2258 2495 2581 2567 Babylonem
2605 2498 2794 2566 captivi
2822 2513 2944 2551 eum
2967 2503 3106 2553 vasis
3126 2499 3336 2554 abducti
3361 2512 3502 2556 sunt.
3520 2502 3752 2573 Suntque

2182 2602 2334 2654 reges
2360 2590 2540 2658 viginti
2570 2604 2705 2642 unus
2727 2629 2741 2653 ,
2783 2606 2885 2642 non
2936 2601 3279 2645 annumerata
3312 2592 3576 2648 Gotholia.

2250 2679 2471 2733 Nomina
2498 2694 2678 2749 regum
2709 2681 2796 2750 qui
2828 2680 3036 2735 fuerunt
3062 2682 3111 2735 in
3140 2683 3397 2749 Samaria,
3431 2693 3486 2738 et
3512 2699 3631 2754 qua:
3658 2700 3748 2754 ge-

2182 2783 2282 2835 sta,
2318 2773 2405 2842 qui
2449 2773 2568 2825 linis
2605 2773 2860 2842 cujusque
2910 2773 3085 2837 fuerit,
3118 2785 3171 2828 et
3199 2784 3328 2844 quot
3377 2777 3532 2830 annis
3568 2778 3751 2845 singuli

2182 2864 2521 2935 regnaveriut
2547 2864 2629 2918 his
2656 2865 2854 2934 accipe.
2885 2864 3168 2920 Jerohoam
3215 2867 3348 2921 ﬁlius
3372 2866 3579 2921 Nahath
3607 2868 3751 2921 annis

2182 2956 2272 3009 92.4.
2302 2955 2395 3008 Hic
2417 2955 2637 3009 discisSo
2660 2970 2822 3024 regno
2848 2956 3141 3011 ascendens
3168 2972 3233 3011 ex
3262 2957 3491 3027 IEgypto
3517 2999 3531 3021 ,
3558 2960 3751 3027 prinms

2185 3050 2425 3117 regnavit
2454 3050 2504 3101 in
2530 3048 2784 3111 Samaria,
2814 3058 2869 3103 et
2888 3050 3012 3103 fecit
3033 3050 3251 3113 malum,
3284 3051 3353 3103 ita
3377 3062 3434 3104 ut
3458 3052 3656 3105 nullum
3681 3052 3751 3105 si-

2186 3140 2363 3194 milem
2406 3139 2667 3194 habuerit.
2698 3138 2910 3193 Veritus
2966 3155 3031 3194 ne
3061 3156 3280 3210 regnum
3320 3140 3418 3210 ipsi
3444 3142 3750 3210 eriperetur,

2186 3247 2373 3285 aureas
2404 3231 2621 3285 buculas
2641 3231 2771 3284 duas
2799 3229 2938 3297 fecit,
2963 3242 3015 3285 et
3035 3231 3286 3301 populum
3313 3232 3520 3286 seduxit
3545 3232 3750 3287 dicens:

2190 3322 2262 3376 lli
2285 3331 2398 3376 sunt
2433 3323 2525 3387 dii,
2553 3322 2636 3391 qui
2657 3323 2933 3376 eduxerunt
2954 3339 3043 3375 nos
3070 3338 3133 3376 ea;
3158 3333 3291 3375 terra
3308 3321 3524 3393 [Egypti
3552 3324 3600 3393 (_I
3633 3323 3751 3392 Reg.

2191 3414 2277 3470 12.
2293 3412 2822 3486 ‘28).lustituitenim
2840 3415 2975 3470 festa
2993 3423 3044 3468 et
3071 3415 3407 3469 sacerdotes:
3440 3414 3505 3468 Et
3534 3415 3614 3469 hic
3642 3430 3753 3484 pec-

2187 3525 2300 3561 care
2319 3508 2435 3578 fecit
2454 3505 2617 3561 Israel
2642 3506 2715 3577 (2.
2749 3507 2874 3577 Reg.
2901 3508 2986 3562 14.
3020 3507 3098 3577 8).
3127 3509 3298 3578 Ipsum
3323 3525 3550 3579 namque
3579 3524 3756 3565 omnes

2190 3609 2372 3669 postea
2417 3614 2567 3670 reges
2612 3599 2799 3653 imitati
2839 3611 2982 3654 sunt.
3013 3600 3178 3669 Hujus
3209 3610 3446 3671 tempore
3490 3602 3756 3673 prophetat

2190 3700 2341 3744 erant
2370 3691 2562 3745 Achias
2586 3690 2858 3755 Silonites,
2890 3700 2945 3745 et
2978 3692 3065 3760 qui
3096 3702 3279 3745 contra
3310 3692 3482 3760 ipsum
3512 3707 3670 3759 super
3687 3693 3759 3747 al-

2193 3793 2302 3835 tare
2329 3781 2645 3836 vociferatus
2670 3792 2771 3836 est.
2791 3781 2992 3836 Nahath
3029 3782 3169 3836 ﬁlius
3199 3783 3312 3853 ejus
3336 3784 3575 3852 regnavit
3597 3798 3757 3838 annos

2192 3873 2345 3941 duos,
2367 3883 2422 3927 et
2453 3872 2806 3935 let-itmalum,
2837 3888 3006 3942 neque
3031 3874 3166 3927 alius
3194 3889 3259 3927 ex
3300 3888 3494 3942 genere
3524 3873 3641 3943 ejus
3678 3888 3757 3927 re-

2192 3967 2389 4035 gnavit.
2417 3964 2626 4018 Zanthri
2670 3964 2893 4019 alterius
2920 3964 3131 4034 generis
3160 3980 3327 4019 annos
3360 3966 3444 4019 12.
3478 3965 3644 4019 Baasa
3682 3979 3763 4019 re-

2193 4058 2372 4127 gnavit
2398 4073 2566 4109 annos
2595 4057 2687 4122 24,
2718 4066 2770 4111 et
2796 4055 2919 4110 fecit
2948 4056 3086 4125 quod
3136 4057 3334 4111 malum
3366 4066 3500 4111 erat.
3533 4056 3644 4111 Sub
3667 4056 3762 4110 hoc

2196 4150 2467 4221 prophetae
2519 4158 2673 4204 erant
2724 4150 2886 4214 Elias,
2932 4149 3203 4213 Elissmus,
3258 4132 3523 4211 Miclucas.
3580 4158 3635 4202 et
3677 4147 3760 4217 qui

2195 4241 2443 4297 Achaaho
2471 4240 2537 4295 de
2584 4242 2736 4311 Syria
2763 4250 2818 4295 et
2860 4240 2927 4294 de
2969 4240 3079 4294 ﬁlio
3120 4242 3261 4294 Ader
3300 4241 3668 4310 propln-tavit,
3712 4246 3764 4292 et

2196 4334 2284 4403 qui
2306 4334 2518 4401 pr0prio
2540 4332 2692 4402 jussu
2735 4332 3060 4396 vulneratus,
3106 4332 3411 4385 Achaabum
3463 4331 3760 4400 redarguit:

2197 4438 2260 4478 ac
2289 4434 2541 4493 praeterea
2571 4437 2810 4477 seorsum
2853 4422 2999 4477 multi
3033 4422 3407 4491 prophetarum
3451 4423 3566 4478 ﬁlii.
3594 4422 3767 4477 Ocho-

2199 4515 2307 4567 zias
2333 4514 2472 4567 ﬁlius
2509 4514 2625 4582 ejus
2653 4514 2807 4567 annis
2842 4513 3079 4574 duobus,
3116 4522 3169 4567 et
3220 4512 3341 4568 fecit
3387 4514 3527 4582 quod
3579 4514 3765 4567 malum

2199 4617 2332 4660 erat.
2355 4605 2463 4660 Sub
2490 4606 2587 4660 hoc
2606 4614 2760 4659 erant
2784 4604 2925 4659 Elias
2946 4614 3000 4660 et
3021 4604 3267 4659 Elissaeus
3298 4621 3313 4659 :
3342 4620 3462 4660 nam
3481 4606 3599 4675 ejus
3618 4606 3768 4675 quin-

2202 4696 2551 4764 quagenarius
2603 4696 2723 4765 igne
2769 4696 3029 4764 percussit
3059 4695 3201 4750 Elias
3248 4696 3300 4749 in
3349 4698 3515 4750 verbo
3547 4696 3767 4749 Domini.

2203 4790 2382 4844 Joram
2411 4790 2547 4843 ﬁlius
2574 4788 2788 4843 Achaah
2816 4789 2967 4842 annis
2993 4788 3275 4843 duodecim
3309 4787 3768 4850 :etfecitmalum,

2204 4895 2374 4949 neque
2403 4880 2538 4932 ultra
2567 4879 2704 4952 alius
2732 4895 2797 4933 ex
2826 4894 3020 4948 genere
3055 4879 3218 4948 ipsius
3252 4880 3506 4949 regnavit.
3540 4878 3650 4934 Sub
3678 4880 3773 4932 hoc

2207 4971 2350 5025 Elias
2369 4979 2673 5038 assumptus
2702 4980 2785 5024 est
2809 4988 2821 5024 :
2850 4970 3105 5025 Elissznus
3130 4986 3259 5025 vero
3289 4970 3482 5024 mansit
3523 4986 3686 5040 usque
3711 4968 3772 5022 ad

2205 5064 2484 5119 Jeroboam
2513 5063 2675 5117 ﬁlium
2701 5062 2825 5119 Joas
2851 5079 3030 5132 regem
3062 5063 3241 5118 Israel.
3266 5062 3376 5118 Sub
3407 5062 3507 5117 hoc
3544 5072 3695 5117 erant
3715 5063 3773 5114 li-

2207 5157 2264 5210 lii
2296 5156 2693 5225 prophetarum.
2722 5154 2856 5209 Jehu
2892 5154 2957 5208 de
2982 5154 3081 5207 alia
3109 5155 3291 5222 stirpe,
3321 5154 3458 5207 lilius
3502 5152 3771 5213 Namesse,

2211 5249 2363 5303 annis
2387 5247 2476 5300 22.
2493 5248 2587 5301 Hic
2607 5248 2818 5302 sustulit
2832 5263 2999 5317 genus
3012 5246 3265 5311 Achaabi,
3282 5255 3336 5300 et
3355 5246 3638 5315 prophetas
3654 5244 3774 5298 Baal

2212 5356 2303 5411 per
2319 5340 2537 5395 insidias
2558 5341 2769 5406 occidit,
2789 5351 3120 5409 statuamque
3140 5340 3279 5393 illius
3299 5338 3564 5394 contrivit.
3583 5339 3776 5392 Etcum

2212 5436 2263 5487 in
2292 5435 2436 5488 hisce
2459 5432 2671 5488 fecisset
2695 5434 2834 5503 quod
2865 5443 3068 5487 rectum
3098 5441 3231 5496 erat,
3264 5431 3449 5486 habuit
3480 5432 3781 5500 promissio-

2213 5540 2355 5590 nem,
2379 5523 2518 5595 quod
2545 5524 2709 5594 ipsius
2729 5524 2818 5577 ﬁlii
2838 5523 2907 5577 ad
2929 5530 3170 5592 quartam
3196 5537 3363 5591 usque
3389 5522 3779 5592 generationem

2214 5615 2409 5670 sessuri
2440 5624 2620 5669 essent
2645 5629 2807 5683 super
2838 5613 3106 5667 thronum.
3137 5613 3366 5667 Joachaz
3392 5613 3530 5667 lilius
3559 5614 3673 5683 ejus
3694 5629 3783 5666 an-

2219 5722 2314 5759 nos
2353 5704 2749 5777 septennlecim,
2777 5703 3005 5778 fecitque
3033 5703 3173 5776 quod
3195 5704 3388 5759 malum
3408 5715 3541 5759 erat.
3567 5706 3782 5762 Jerusa-
