4058 6344
352 341 461 396 355

354 455 622 528 ἐπορεύθη
650 455 706 507 ἐν
734 456 798 524 τῇ
828 453 1066 524 ἁμαρτίᾳ
1098 451 1188 505 106
1219 451 1421 522 πατρὸς
1458 449 1641 502 06106.
1675 447 1785 500 K01
1827 446 1920 498 ἐπὶ

350 545 542 598 τούτου
579 538 647 614 ῆν
686 541 850 594 Ἀδδὼ
897 543 926 593 6
972 540 1271 612 προφήτης.
1290 538 1419 590 Ἀσὰ
1442 540 1470 590 6
1497 536 1609 599 016;
1634 534 1797 589 06106
1827 534 1920 603 ἐτη
1962 583 1973 593 ,

353 638 465 702 μα’,
496 630 590 683 καὶ
619 628 840 698 ἐποίησε
872 626 931 679 τὸ
952 627 1138 689 εὐθέςο
1166 626 1276 678 ἀλλ’
1303 626 1381 677 ἔτι
1402 621 1468 696 ἦν
1494 624 1561 676 τά
1583 622 1780 693 ὑψηλά.
1799 621 1922 674 Ἐπὶ

347 718 538 772 τούτου
592 712 728 788 ἦσαν
771 712 1021 785 Ἀζαρίας
1083 714 1194 776 υἱὸς
1231 712 1416 783 Ὠδὴδ,
1467 713 1560 765 καὶ
1596 710 1821 778 Ἀναμὶ,
1871 707 1920 760 οί

349 805 644 877 προφῆται.
665 804 926 870 Ἰωσαφάτ
955 802 1067 863 υἱὸς
1111 799 1273 853 06106
1302 800 1395 869 ἐτη
1437 799 1535 859 κε’,
1574 798 1667 851 καὶ
1697 796 1921 865 ἐποίησε

347 891 411 946 16
434 892 588 954 εὐθές
603 909 618 923 ο
647 889 781 943 ἀλλά
812 890 880 942 τά
901 888 1078 960 ὑψηλά
1100 888 1179 941 ἐτι
1201 889 1429 961 ὑπῆρχε.
1463 888 1567 939 Καὶ
1597 885 1732 957 μετά
1752 883 1922 937 ταῦτα

352 980 558 1051 μέμψιν
589 977 745 1049 ἔσχεν
777 976 1021 1047 ἀνομίας,
1052 978 1132 1029 ὅτι
1159 976 1398 1043 ἐφιλίασε
1424 974 1499 1045 τῷ
1539 974 1753 1046 Ὀχοζία
1779 973 1924 1042 βασι-

345 1068 428 1120 λεῖ
472 1066 703 1137 Ἰσραὴλ,
732 1065 823 1118 καὶ
872 1063 1223 1134 ἐκοινώνησεν
1271 1062 1419 1133 αὐτῷ
1447 1064 1525 1125 είς
1556 1062 1735 1114 πλεῖον
1788 1078 1921 1131 πραο

344 1156 774 1228 γματείας.Ἐπὶ
799 1154 987 1208 τούτου
1036 1150 1173 1225 ἦσαν
1218 1154 1494 1224 11909-61101
1531 1151 1921 1214 Ἥλίας,Ἐλισ-

347 1246 486 1307 σαιέ,
532 1242 792 1313 Μιχαίας,
846 1242 939 1295 καὶ
980 1242 1079 1295 Ἰοῦ
1128 1244 1157 1295 6
1187 1241 1280 1294 106
1318 1241 1521 1310 'A059.1,
1558 1239 1653 1291 καὶ
1687 1237 1869 1308 Ὀζιὴλ
1892 1236 1921 1289 6

342 1332 439 1385 106
469 1329 756 1400 Ζαχαρίου,
791 1330 883 1383 καὶ
921 1328 1165 1384 Ἐλιάδαδ
1197 1332 1224 1383 6
1251 1328 1343 1383 106
1386 1328 1533 1382 Ἀδιά
1571 1327 1678 1380 ἀπὸ
1710 1324 1922 1395 Μαρίσ-

343 1437 466 1490 σης.
487 1417 687 1489 Ἰωρὰμ
729 1420 758 1472 6
792 1418 905 1480 016;
934 1417 1098 1471 06106
1127 1415 1222 1487 ἔτη
1252 1423 1324 1487 η’,
1353 1418 1447 1470 καὶ
1475 1415 1695 1484 ἐποίησε
1734 1413 1794 1467 τὸ
1820 1430 1921 1465 πο-

342 1508 528 1577 νηρόν.
561 1503 686 1577 Εἶχε
716 1505 825 1575 γὰρ
853 1508 1087 1573 γυναῖκα
1122 1504 1394 1575 θυγατέρα
1438 1502 1657 1573 Ἀχαάϐ.
1688 1502 1797 1555 K01
1831 1500 1923 1553 ἐπὶ

339 1594 536 1648 τούτου
561 1590 700 1664 ἦσαν
742 1593 925 1656 Ἠλίας
954 1592 1049 1645 καὶ
1080 1591 1395 1654 Ἐλισσαῖος.
1414 1588 1660 1661 Ὀχοζίας
1693 1589 1803 1651 υἱὸς
1825 1589 1922 1641 06-

338 1682 439 1736 106
470 1681 588 1745 E10;
618 1688 689 1748 α’,
716 1683 808 1736 καὶ
834 1680 1057 1752 ἐποίησε
1084 1680 1146 1733 16
1177 1678 1429 1750 πονηρόν.
1461 1678 1595 1732 Μετ’
1617 1676 1778 1729 06160
1825 1676 1863 1727 Γ
1864 1693 1921 1728 ο-

340 1769 498 1823 θολία
524 1771 557 1840 ή
588 1772 767 1841 μήτηρ
808 1767 996 1830 06106,
1026 1767 1119 1838 ἐτη
1164 1768 1321 1821 ἐπτά.
1341 1767 1490 1828 Ἰωᾶς
1526 1764 1638 1828 016;
1680 1760 1919 1833 Ὀχοζίου

337 1859 441 1929 ἐτη
472 1864 542 1929 μ’.
580 1850 744 1921 Οὗτος
771 1856 1027 1926 ἐφόνευσε
1055 1855 1144 1908 160
1175 1853 1468 1925 Ζαχαρίαν,
1499 1852 1593 1906 καὶ
1618 1852 1839 1922 ἐποίησε
1861 1850 1921 1904 16

338 1947 500 2011 5601;
546 1949 605 2001 ἐν
653 1945 747 2016 ὃλῃ
793 1948 858 2017 τῇ
900 1945 1045 2015 ψυχῇ
1090 1943 1273 2005 06106,
1308 1943 1411 2005 ἐως
1450 1941 1623 1995 Ἰωδαέ
1649 1944 1677 1995 6
1704 1939 1921 2003 000516;

337 2036 463 2106 ἔζη,
495 2035 589 2089 καὶ
616 2032 877 2103 ἐφώτισεν
898 2032 1077 2085 αὐτόν.
1096 2030 1296 2084 Τοῦτον
1318 2030 1643 2084 ἀπέκτειναν
1671 2031 1719 2082 οί
1745 2028 1918 2081 δοῦλοι

338 2122 511 2178 06106
545 2124 603 2175 ἐν
632 2123 763 2192 οίκῳ
788 2119 1039 2176 Μαελώθ.
1057 2120 1179 2172 Ἐπὶ
1204 2118 1396 2173 τούτου
1430 2119 1801 2191 ἐπροφήτευσε
1824 2116 1922 2171 Ζα-

336 2213 537 2283 χαρίας
576 2210 688 2273 υἱὸς
725 2208 1199 2279 Ἰωδαέ.“Λμεσίας
1237 2208 1349 2271 υίὸς
1393 2208 1555 2260 06106
1585 2206 1679 2275 ἐτη
1710 2206 1794 2272 ιθ’,
1827 2208 1919 2259 καὶ

338 2299 565 2369 ἐποίησε
590 2298 648 2350 τὸ
670 2296 823 2358 εὐθὲς
850 2297 907 2349 ἐν
936 2297 1099 2366 ἀρχῇ,
1124 2294 1235 2347 ἀλλ’
1257 2295 1355 2365 οὐχ
1380 2294 1453 2358 ὡς
1477 2294 1790 2347 Δαυῖδ.Ἔτι
1810 2292 1919 2363 γάρ

334 2390 367 2440 6
411 2386 537 2449 106;
580 2383 861 2446 ἐθυσίαζεν
893 2386 948 2436 ἐν
978 2386 1089 2447 τοῖς
1122 2383 1364 2452 ὑψηλοῖς,
1411 2383 1505 2435 καὶ
1547 2384 1617 2435 τά
1660 2381 1794 2451 ἄλση
1818 2381 1920 2434 οὐκ

335 2475 519 2544 ἐξῆρε.
549 2474 659 2526 Καὶ
688 2472 778 2524 ἐπὶ
806 2470 1438 2539 τούτουέπροφήτευσαν
1472 2468 1773 2539 προφῆται,
1800 2467 1917 2522 ἀλλ’

333 2564 441 2615 οὐκ
468 2561 783 2631 ἐγράφησαν
811 2559 878 2611 τά
911 2558 1148 2627 ὀνόματα
1181 2556 1381 2612 αὐτῶν.
1412 2555 1565 2611 Μετὰ
1590 2555 1760 2609 ταῦτα
1790 2555 1919 2625 μέν-

334 2667 419 2702 τοι
460 2649 717 2720 ’Δμεσίας
748 2645 994 2710 πατάξας
1035 2647 1160 2709 τοὺς
1206 2648 1263 2701 ἐν
1315 2645 1501 2715 Σηεὶρ,
1548 2643 1782 2715 ἐπήρθη,
1824 2644 1918 2696 καὶ

335 2738 633 2809 ἐλάτρευσε
646 2737 756 2798 τοῖς
774 2733 1008 2797 εἰδώλοις
1028 2731 1179 2805 {359]
1191 2732 1297 2786 τῶν
1314 2733 1496 2803 Σηεὶρ,
1520 2731 1615 2785 καὶ
1635 2730 1915 2803 ἐπατάχθη

336 2823 663 2897 παραδοθεὶς
707 2826 819 2886 τοῖς
866 2821 1098 2893 ἐχθροῖς.
1119 2820 1374 2891 Ἀζαρίας
1406 2821 1433 2873 6
1475 2821 1567 2874 καὶ
1603 2819 1783 2884 Ὀζίας
1822 2820 1915 2891 ἐτη

334 2913 440 2985 νβ’,
464 2912 556 2966 3:01
581 2912 803 2979 ἐποίησε
832 2910 974 2963 κατὰ
997 2908 1093 2979 τήν
1117 2907 1290 2979 ἀρχὴν
1313 2906 1374 2961 τὸ
1398 2907 1572 2970 εύθὲς,
1596 2908 1670 2971 ὼς
1689 2910 1717 2961 6
1736 2908 1918 2979 πατὴρ

338 3000 535 3053 0.6106'
582 2999 718 3069 πλὴν
756 2997 823 3051 10
870 2996 1048 3067 ὕψηλά
1081 2995 1179 3048 οὐκ
1226 2994 1437 3066 ἐξῆρεν.
1465 2993 1829 3064 Εὑοδούμενος
1859 2994 1918 3046 δὲ

338 3086 582 3158 ἐπήρθη,
624 3088 716 3141 καὶ
757 3084 1020 3157 ἠθέλησεν
1070 3082 1246 3153 ἐαυτῷ
1292 3082 1554 3153 θυμιᾶσαι
1584 3085 1642 3136 ἐν
1677 3082 1754 3154 τῷ
1782 3082 1914 3153 ναῷ,

337 3177 480 3246 ὅπερ
533 3174 705 3244 μόνοις
752 3177 864 3237 τοῖς
915 3171 1152 3243 ἱερεῦσιν
1172 3169 1367 3237 ἔξεστι.
1397 3170 1487 3223 Διὸ
1513 3171 1607 3224 καὶ
1633 3169 1918 3241 ἐλεπρώθη

333 3264 603 3326 ἀκούσας’
654 3264 734 3316 Οὐ
770 3260 892 3326 σοὶ,
940 3258 1114 3322 Ὀζῖα,
1163 3257 1445 3325 θυμιᾶσαι
1491 3257 1571 3323 τῷ
1621 3258 1832 3325 Κυρίῳ,
1886 3258 1918 3312 ὃ

326 3353 544 3420 μόνοις
566 3349 689 3416 τοῖς
712 3348 975 3417 ἱερεῦσιν
1003 3348 1260 3412 ἔξεστιν.
1280 3345 1402 3397 Ἐπὶ
1421 3344 1608 3397 τούτου
1636 3346 1919 3415 προφήτης

343 3438 819 3507 Ἡσαΐας.Ἰωθάμ
871 3439 899 3490 6
946 3436 1059 3499 016;
1106 3434 1271 3490 06106
1308 3432 1654 3486 ἐϐασίλευσεν
1696 3433 1790 3504 ἐτη
1820 3440 1917 3497 ις’,

332 3528 431 3579 καὶ
478 3525 701 3597 ἐποίησε
742 3525 804 3577 16
837 3524 992 3586 εὐθές
1024 3524 1099 3586 ὠς
1144 3524 1173 3576 6
1220 3521 1399 3593 πατὴρ
1431 3520 1594 3573 06106
1617 3535 1631 3550 ·
1678 3520 1819 3591 πλὴν
1850 3521 1919 3573 τὰ

324 3615 516 3685 ὑψηλά
550 3616 650 3668 οὐκ
690 3614 870 3685 ἐξῆρε.
904 3613 1015 3667 K01
1042 3612 1133 3665 ἐπὶ
1160 3612 1347 3664 τούτου
1374 3607 1443 3682 ῆν
1485 3610 1731 3672 Ἡσαΐας.
1753 3610 1918 3679 Ἀχάζ

329 3702 453 3765 016;
481 3702 645 3755 06106
676 3702 772 3772 ἐτη
802 3708 895 3766 ις’,
923 3703 1018 3755 καὶ
1046 3700 1269 3771 ἐποίησε
1300 3698 1360 3753 16
1383 3698 1637 3771 πονηρόν.
1674 3698 1811 3753 Καὶι
1826 3699 1919 3752 ἐπὶ

327 3791 528 3845 τούτου
576 3787 645 3859 ῆν
685 3790 911 3852 Ἡσαΐας
958 3790 1052 3842 καὶ
1092 3783 1239 3856 Ὠδὴδ
1288 3784 1847 3859 προφῆται.Ἑζεκίας
1890 3789 1920 3840 6

328 3879 450 3944 υίὸς
484 3878 647 3931 06106
690 3878 784 3949 ἔτη
825 3878 925 3941 κθ’,
960 3878 1052 3930 καὶ
1098 3875 1318 3946 ἐποίησε
1360 3875 1421 3927 16
1466 3874 1619 3937 5601:;
1649 3875 1725 3938 ὼς
1753 3874 1917 3928 Δαυῒδ

324 3968 573 4031 τελείως.
608 3963 773 4030 Οὗτος
800 3966 1045 4020 καθεῖλεν
1080 3964 1205 4033 ὅφιν
1231 3963 1489 4035 χαλκοῦν,
1538 3964 1597 4016 ὃν
1641 3965 1915 4035 ἐκρέμασε

327 4055 738 4125 Μωῦσῆς.Ἑπὶ
786 4054 973 4108 τούτου
1020 4052 1363 4123 Σεναχηρεὶμ
1411 4053 1503 4105 καὶ
1542 4050 1819 4122 Ῥαψάκης
1867 4053 1941 4104 οἱ·

342 4143 625 4214 Ἀσσύριοι
672 4139 1111 4212 βλασφημοῦντες
1154 4139 1538 4209 ἐπατάχθησαν
1594 4140 1693 4210 μὲν
1738 4140 1913 4201 06101,

329 4229 478 4303 μετά
524 4228 696 4283 ταῦτα
728 4231 787 4282 ἐν
827 4230 925 4299 μιᾷ
966 4229 1023 4282 δέ
1053 4226 1209 4281 νυκτὶ⁵
1248 4226 1490 4297 χιλιάδας
1542 4235 1654 4298 ρπε¹
1683 4225 1914 4294 ἐξελθὼν

324 4318 567 4387 ἄγγελος
621 4314 819 4371 ἀνεῖλε.
864 4316 1087 4370 Μέλλων
1132 4316 1187 4368 δὲ
1234 4314 1485 4379 Ἐζεκίας
1530 4315 1912 4385 ἀποθνήσκειν,

324 4405 498 4459 ἔλαϐε
528 4406 846 4477 προσθήκην
876 4403 969 4473 ἐτη
1000 4410 1081 4458 ιε’.
1116 4402 1412 4473 Μανασσῆς
1438 4404 1467 4455 6
1498 4404 1609 4466 υἱὸς
1629 4403 1792 4457 06106
1820 4403 1915 4474 ἐτη

324 4502 427 4558 05',
475 4493 571 4547 καὶ
618 4493 838 4562 ἐποίησε
894 4491 954 4544 16
1001 4491 1252 4561 πονηρόν.
1277 4488 1419 4545 Ὀσα
1470 4490 1527 4543 δὲ
1574 4492 1913 4561 κατέσκαψεν

339 4580 614 4646 Ἐζεκίας,
646 4578 821 4633 ταῦτα
856 4572 1008 4642 0610;
1040 4579 1316 4649 ἀνήγειρε,
1349 4578 1443 4630 καὶ
1490 4577 1710 4646 γέγονεν
1756 4579 1913 4643 ἄλλος

337 4668 627 4740 Ἰεροϐοάμ
671 4667 748 4738 τῷ
787 4667 977 4736 Ἰούδᾳ,
1010 4666 1150 4720 ὥστε
1189 4666 1254 4719 δι’
1281 4665 1443 4720 06160
1472 4667 1664 4720 παθεῖν
1694 4668 1791 4737 τὴν
1828 4669 1917 4721 Ἰε-

328 4757 637 4826 ρουσαλὴμ,
671 4757 749 4820 ῶς
791 4758 891 4827 τὴν
942 4757 1273 4827 Σαμάρειαν.
1314 4757 1427 4810 Καὶ
1476 4756 1584 4827 γάρ
1630 4758 1716 4810 ἐπ’
1746 4757 1911 4812 06106

323 4846 663 4917 ἐλέχθη,“ος
704 4844 997 4913 ἐξήμαρτε
1038 4844 1143 4896 τὸν
1184 4843 1427 4898 Ἰούδαν.
1472 4843 1563 4896 Διὸ
1599 4844 1691 4897 x01
1722 4845 1916 4915 αἰχμά-

323 4935 496 4998 λωτος
528 4934 639 5003 ἀπή
646 4932 855 5004 χθηείς
876 4931 1186 4984 Βαϐυλῶνα.
1207 4930 1345 4983 Ἀλλ’
1370 4932 1427 4983 ἐν
1456 4934 1522 5002 τῇ
1544 4930 1910 5002 αἰχμαλωσίᾳ,

325 5024 404 5084 ὡς
426 5025 482 5074 ἐν
506 5024 616 5085 τοῖς
634 5021 1130 5092 Παραλειπομένοις
1149 5018 1474 5090 γέγραπται,
1503 5021 1914 5089 μετανοήσαντα

332 5110 491 5163 06160
517 5107 881 5180 μετέστρεψεν
900 5110 927 5163 ὁ
945 5107 1074 5171 Θεὸς
1095 5108 1174 5170 είς
1206 5106 1579 5178 Ἰερουσαλὴμ,
1617 5107 1711 5159 καὶ
1749 5107 1912 5160 πάλιν

330 5195 652 5251 ἀντελάϐετο
691 5196 791 5265 τῆς
821 5194 1111 5265 βασιλείας.
1136 5192 1428 5247 Μετανοῶν
1450 5192 1505 5245 δέ
1531 5193 1625 5245 καὶ
1646 5192 1911 5247 διδάσκων

328 5287 417 5339 τὸν
437 5286 567 5340 λαὸν
585 5285 855 5339 δουλεύειν
875 5284 951 5355 τῷ
971 5282 1108 5355 Θεῷ,
1131 5282 1497 5354 ἐτελεύτησεν.
1524 5283 1638 5335 Οὐκ
1660 5282 1833 5352 ἐτάφη
1856 5283 1911 5337 δὲ

328 5374 385 5427 ἐν
425 5373 577 5427 πόλει
618 5371 801 5435 Δαυῒδ,
823 5372 937 5425 ἀλλ’
961 5373 1016 5425 ἐν
1038 5370 1115 5441 τῷ
1156 5371 1317 5441 κήπῳ
1355 5368 1541 5433 06106,
1569 5369 1730 5440 κήπῳ
1761 5367 1911 5433 Ὀζᾶ.

340 5462 521 5534 Ἀμὼς
541 5464 570 5517 6
588 5462 702 5525 υἱὸς
720 5460 885 5515 06106
911 5460 1004 5531 ἐτη
1031 5458 1097 5530 β’,
1122 5459 1214 5513 καὶ
1234 5457 1455 5529 ἐποίησε
1478 5458 1538 5511 16
1558 5457 1811 5527 πονηρὸν.
1838 5457 1912 5519 ὡς

326 5552 356 5604 6
379 5553 562 5624 πατὴρ
586 5551 753 5605 06106
778 5549 1096 5618 Μανασσῆς,
1121 5550 1211 5603 καὶ
1231 5547 1440 5601 ἀνεῖλον
1472 5548 1632 5600 06160
1654 5548 1704 5600 01
1726 5548 1913 5608 παῖδες

328 5640 511 5703 06106,
530 5640 628 5693 καὶ
651 5638 827 5709 ἐτάφη
852 5640 908 5690 ἐν
932 5642 1095 5709 κήπῳ
1126 5635 1276 5701 Ὀζᾶ,
1301 5635 1429 5689 ἔνθα
1451 5634 1545 5688 x01
1568 5636 1595 5688 6
1623 5634 1804 5705 πατὴρ
1824 5635 1921 5686 06-

324 5727 435 5781 106.
453 5725 666 5790 Ἰωσίας
685 5728 713 5780 6
736 5726 851 5788 016;
873 5723 1035 5778 06106
1060 5723 1153 5795 ἐτη
1176 5723 1278 5777 λα’.
1307 5722 1506 5776 Τοῦτον
1526 5724 1553 5775 6
1573 5721 1699 5785 106;
1726 5723 1914 5794 ήγειρε

329 5814 561 5884 βασιλέα,
589 5815 721 5870 ὄντα
762 5814 901 5867 ἐτῶν
942 5818 1012 5883 η’,
1038 5811 1130 5864 καὶ
1154 5810 1372 5881 ἐποίησε
1395 5810 1455 5862 16
1478 5810 1630 5875 εὺθές
1667 5812 1725 5863 ἐν
1759 5810 1907 5885 πάσῃ

1422 333 1759 391 SYNOPSIS
1798 326 2219 387 SCRIPTURE
2258 325 2531 383 SACRE.

2024 440 2128 511 ὁδῷ
2169 440 2351 505 Δαυτδ,
2374 441 2469 495 καὶ
2493 440 2591 493 οὐκ
2614 439 2823 511 ἀπέστη
2846 437 3015 507 δεξιᾷ,
3038 436 3161 491 οὑδέ
3184 436 3466 510 ἀριστερᾷ.
3494 440 3605 495 K01

2022 531 2093 594 γὰ
2101 546 2130 600 ρ
2148 530 2242 582 καὶ
2260 530 2325 583 τά
2344 530 2482 600 άλση
2500 528 2747 598 ἐξέκοψε,
2770 531 2865 582 καὶ
2879 528 2948 582 τά
2968 526 3159 580 εἴδωλα
3179 527 3354 580 πάντα
3369 526 3602 585 καθεῖλε.

2023 616 2311 687 Γενόμενος
2337 616 2393 669 δὲ
2416 616 2553 668 ἐτῶν
2577 621 2673 681 ις’,
2698 616 2788 668 τόν
2808 631 2867 668 τε
2888 614 3052 684 νόμον
3093 613 3357 685 ζητήσας,
3386 614 3477 668 καὶ
3514 616 3606 668 56-

2025 702 2134 775 ρὼν
2176 703 2553 776 ἀμεληθέντα,
2595 701 3011 771 ἀναγνωσθῆναι
3055 701 3326 771 πεποίηκε
3350 740 3364 765 ,
3412 700 3506 753 καὶ
3542 702 3605 755 16

2024 788 2207 859 πάσχα
2244 790 2488 860 ἐποίησε,
2514 789 2610 842 x01
2641 787 2925 859 ἐκήρυξεν,
2953 787 3029 850 ὼς
3051 787 3383 857 γέγραπται.
3406 785 3605 840 Τοῦτον

2020 877 2077 931 δέ
2096 877 2270 930 ἀνεῖλε
2293 876 2490 948 Φαραὼ
2533 875 2732 948 Νεχαὼ
2758 876 2852 929 ἐπὶ
2880 874 2976 928 106
3001 876 3284 946 Εὐφράτου
3310 874 3608 946 φιλονεική-

2023 981 2189 1017 σαντα
2212 965 2348 1035 πρὸς
2368 964 2546 1018 αὐτόν.
2564 965 2689 1017 Ἐπὶ
2722 964 2910 1017 τούτου
2944 962 3076 1032 Ἰερε
3083 963 3211 1027 μίας
3232 962 3326 1016 καὶ
3345 962 3605 1029 Σοφονίας

2020 1045 2157 1120 ἦσαν
2181 1053 2229 1103 οί
2253 1051 2549 1121 προφῆται,
2577 1051 2670 1104 καὶ
2704 1048 2909 1119 Ὀλδάή
2944 1050 3217 1119 προφῆτις
3238 1048 3377 1119 γυνὴ
3414 1048 3603 1117 Σελλῆ.

2035 1136 2260 1206 Ἰωάχας⁹
2288 1139 2399 1199 υίὸς
2420 1137 2583 1190 06106
2608 1137 2783 1208 μῆνας
2804 1138 2974 1207 τρεῖς,
3008 1137 3102 1189 x01
3124 1136 3346 1205 ἐποίησε
3369 1135 3429 1187 16
3451 1151 3606 1203 πονη-

2024 1222 2137 1294 ρὸν,
2166 1225 2259 1278 καὶ
2301 1226 2630 1296 μετέστησεν
2670 1223 2831 1277 06160
2873 1221 3071 1295 Φαραὼ
3114 1221 3344 1293 Νεχαώ·
3380 1223 3471 1275 καὶ
3514 1224 3606 1273 ἐπὶ

2020 1308 2212 1363 τούτου
2235 1305 2304 1381 ἦν
2337 1310 2625 1382 Ἱερεμίας.
2645 1311 2927 1381 Ἑλιακεὶμ
2946 1311 3130 1380 ἐτερος
3152 1310 3265 1371 υἱὸς
3300 1309 3522 1373 Ἰωσίου,
3546 1308 3605 1370 ὃς

2029 1398 2421 1469 μετωνομάσθη
2461 1400 2736 1469 Ἰωακεὶμ,
2763 1398 2856 1469 ἐτη
2882 1402 2971 1463 ια’,
2996 1398 3089 1451 καὶ
3111 1396 3333 1467 ἐποίησε
3356 1396 3416 1448 16
3439 1413 3605 1465 πονη-

2026 1484 2137 1555 ρόν.
2156 1486 2409 1556 Ἰωακεὶμ
2446 1487 2475 1539 6
2519 1487 2613 1539 καὶ
2644 1487 2915 1556 Ἰεχονίας,
2940 1486 2969 1537 6
2990 1485 3103 1548 υίὸς
3126 1483 3313 1545 06106,
3342 1484 3514 1553 μῆνας
3533 1482 3603 1551 γ’,

2022 1572 2117 1624 καὶ
2153 1572 2375 1642 ἐποίησε
2418 1573 2480 1625 16
2517 1574 2751 1645 πονηρὸν
2785 1574 2879 1627 καὶ
2912 1572 3132 1644 ἀπήχθη
3172 1572 3252 1635 είς
3291 1569 3602 1625 Βαϐυλῶνα.

2020 1658 2249 1713 Ματθάν
2274 1660 2302 1711 6
2317 1660 2430 1723 016;
2453 1660 2637 1715 06106.
2667 1661 2866 1714 T06100
2887 1659 3355 1729 Ναϐουχοδονόσορ
3382 1657 3605 1729 ἐποίησε

2022 1744 2267 1816 βασιλέα,
2305 1746 2455 1819 [560]
2489 1748 2584 1800 καὶ
2620 1748 2972 1818 μετωνόμασε
2999 1746 3162 1800 06160
3188 1744 3465 1799 Σεδεκίαν.
3492 1746 3605 1798 Καὶ

2020 1834 2366 1889 ἐϐασίλευσεν
2392 1836 2488 1906 ἐτη
2521 1836 2609 1906 ιβ’,
2637 1837 2731 1890 καὶ
2762 1837 2989 1907 ἐποίησε
3010 1835 3072 1889 16
3095 1834 3351 1906 πονηρόν.
3384 1835 3493 1889 K01
3512 1837 3606 1888 ἐπὶ

2020 1922 2209 1975 τούτου
2259 1918 2328 1992 ἦν
2371 1921 2829 1993 Ἰερεμίας.Ἔως
2881 1921 3070 1975 τούτου
3118 1924 3151 1992 ή
3209 1920 3456 1991 βασιλεία
3508 1920 3603 1973 τοῦ

2033 2008 2221 2074 Ἰούδα,
2244 2010 2336 2063 καὶ
2364 2008 2653 2080 κατελύθη,
2682 2008 2871 2079 ὥσπερ
2894 2009 2990 2062 καὶ
3011 2008 3111 2078 τῆς
3140 2006 3473 2079 Σαμαρείας.
3494 2006 3606 2058 K01

2019 2098 2129 2171 γὰρ
2159 2102 2192 2170 ή
2227 2099 2579 2162 πόλιςοὲάλω,
2616 2099 2709 2151 καὶ
2740 2098 2939 2161 πάντες
2969 2095 3295 2167 ἀπήχθησαν
3318 2093 3604 2166 αἰχμάλω-

2018 2205 2100 2240 τοι
2138 2191 2217 2250 εὶς
2252 2186 2545 2239 Βαϐυλῶνα
2578 2184 2717 2256 μετά
2740 2184 2969 2238 σκευῶν.
3001 2184 3122 2237 E101
3147 2183 3204 2237 δὲ
3231 2182 3470 2255 βασιλεῖς
3494 2188 3603 2250 ια’,

2021 2275 2180 2338 ἐκτὸς
2213 2274 2486 2338 Γοθολίας.
3289 2331 3293 2335 ,

2103 2376 2367 2446 Ὀνόματα
2397 2376 2505 2429 τῶν
2539 2375 2798 2445 βασιλέων
2843 2373 2949 2427 τῶν
2996 2372 3301 2444 γενομένων
3331 2373 3389 2426 ἐν
3418 2373 3605 2444 Σαμα-

2020 2465 2163 2535 ρείᾳ,
2198 2464 2291 2516 καὶ
2329 2464 2477 2516 ποῖον
2522 2464 2618 2533 τῆς
2670 2462 2900 2515 ἐκάστου
2930 2460 3181 2532 πράξεως
3206 2460 3399 2530 γέγονε
3429 2460 3601 2523 τέλος,

2018 2551 2112 2605 x01
2141 2550 2282 2602 πόσα
2308 2549 2403 2619 ἐτη
2434 2550 2664 2613 ἕκαστος
2708 2549 3075 2612 ἐϐασίλευσεν,
3112 2547 3605 2618 οὖτως.ἰεροϐοὰμ

2019 2639 2134 2701 υίὸς
2166 2638 2355 2691 Ναϐἀθ
2387 2638 2481 2709 ἐτη
2511 2638 2606 2691 κδ’.
2644 2631 2812 2701 0610;
2843 2637 3154 2709 σχισθείσης
3184 2637 3284 2707 τῆς
3327 2635 3606 2707 βασιλείας

2018 2726 2254 2780 ἀνελθὼν
2280 2727 2371 2779 ἀπ’
2399 2725 2675 2793 Αἰγύπτου
2716 2726 2932 2796 πρῶτος
2958 2724 3305 2778 ἐϐασίλευσεν
3340 2725 3398 2776 ἐν
3422 2725 3608 2793 Σαμα-

2021 2814 2163 2886 ρείᾳ,
2197 2814 2290 2867 καὶ
2316 2814 2537 2882 ἐποίησε
2583 2813 2644 2866 τὸ
2690 2812 2924 2883 πονηρὸν
2954 2813 3030 2876 ὡς
3058 2812 3233 2875 οὐδεὶς
3262 2811 3467 2882 ἕτερος.
3508 2812 3608 2864 Φο-

2019 2903 2279 2973 ϐούμενος
2307 2903 2415 2972 γὰρ
2452 2903 2525 2974 μὴ
2553 2902 2894 2973 καταληφθῇ,
2932 2902 3156 2973 ἐποίησε
3187 2901 3447 2973 δαμάλεις
3473 2918 3605 2971 χρυ-

2020 2993 2118 3055 σᾶς
2150 2990 2263 3055 δύο,
2304 2993 2398 3043 καὶ
2422 2991 2670 3061 ἡπάτησε
2704 2990 2795 3043 1‘00
2824 2990 2951 3044 1060
2984 2990 3189 3060 λέγων·
3238 2985 3414 3047 Οὗτοί
3450 2991 3609 3043 εἰσιν

2018 3084 2073 3136 οὶ
2123 3080 2268 3146 θεοὶ,
2312 3083 2364 3133 οὶ
2414 3080 2819 3148 ἀναγαγόντες
2854 3079 3012 3150 ἡμᾶς
3039 3081 3108 3134 ἐκ
3146 3079 3261 3147 τῆς
3281 3081 3604 3149 Αἰγύπτου.

2032 3168 2335 3224 Ἐπλάσατο
2364 3171 2458 3222 καὶ
2502 3170 2694 3239 ἐορτάς
2732 3171 2826 3223 καὶ
2864 3169 3078 3241 ἱερέας·
3124 3169 3232 3222 Καὶ
3283 3165 3462 3235 οὗτος
3505 3169 3605 3233 ἐξ·

2018 3255 2241 3326 ήμαρτε
2266 3258 2371 3310 τὸν
2405 3256 2672 3325 Ἰσραήλ.
2701 3257 2857 3328 Αὐτῷ
2910 3258 3017 3329 γάρ
3063 3259 3265 3322 πάντες
3292 3258 3342 3311 οί
3371 3259 3486 3329 μετ’
3510 3259 3608 3310 06-

2017 3344 2108 3397 160
2140 3344 2634 3416 κατηκολούθησαν.
2652 3345 2774 3399 Ἐπὶ
2806 3346 2995 3398 τούτου
3022 3342 3090 3417 ῆν
3111 3348 3394 3417 προφήτης
3425 3346 3609 3415 Ἀχίας

2018 3436 2046 3486 6
2078 3435 2371 3507 Σιλονίτης,
2403 3436 2494 3488 x01
2538 3437 2567 3488 6
2617 3435 3080 3506 ἐπικαλεσάμενος
3113 3438 3204 3489 ἐπὶ
3228 3436 3289 3488 16
3318 3434 3610 3507 θυσιαστή-

2021 3542 2135 3595 ριον
2161 3525 2279 3578 κατ’
2303 3524 2488 3578 06106.
2508 3524 2699 3579 N0600
2726 3526 2838 3586 υἱὸς
2862 3524 3026 3580 06106
3058 3524 3150 3595 ἐτη
3184 3525 3249 3596 β’,
3277 3522 3369 3577 καὶ
3390 3525 3608 3596 ἐποίησε

2017 3612 2077 3665 τὸ
2100 3612 2354 3683 πονηρὸν,
2389 3612 2485 3666 καὶ
2528 3613 2629 3665 οὐκ
2662 3612 2741 3665 ἔτι
2773 3630 2855 3676 τις
2902 3615 2965 3666 ἐκ
2998 3613 3189 3681 γένους
3232 3613 3395 3666 06106
3425 3612 3609 3667 ἐϐασί-

2018 3699 2196 3753 15005.
2226 3699 2442 3769 209.691
2470 3699 2655 3770 ἐτέρου
2686 3700 2875 3767 γένους
2905 3701 3000 3770 ἐτη
3042 3700 3125 3769 ιβ’.
3165 3700 3357 3753 Βαασᾶ
3383 3699 3475 3770 ἐτη
3506 3701 3603 3765 κδ’,

2019 3790 2113 3841 καὶ
2160 3787 2384 3859 ἐποίησε
2409 3788 2473 3840 16
2501 3785 2759 3858 πονηρόν.
2778 3787 2900 3840 Ἐπὶ
2941 3788 3132 3840 τούτου
3163 3787 3438 3859 προφῆται
3468 3783 3607 3859 ἦσαν

2030 3874 2234 3939 Ἠλίας,
2264 3875 2357 3929 καὶ
2404 3874 2720 3940 Ἐλισσαῖος,
2749 3876 2843 3927 καὶ⁵
2876 3876 3135 3946 Μιχαίας,
3180 3875 3276 3928 x01
3318 3877 3347 3927 6
3393 3892 3606 3947 προφη-

2015 3960 2212 4023 τεύσας
2232 3960 2311 4029 τῷ
2341 3960 2544 4031 Ἀχαάϐ
2568 3962 2693 4030 περὶ
2718 3962 2815 4031 τῆς
2840 3962 3036 4033 Συρίας
3056 3963 3148 4015 καὶ
3169 3961 3262 4015 τοῦ
3283 3961 3401 4015 υἱοῦ
3430 3962 3603 4034 Ἀδὲρ,

2017 4050 2111 4103 καὶ
2158 4051 2187 4102 6
2240 4050 2484 4114 πατάξας
2532 4050 2696 4104 06160
2741 4051 3051 4122 τραύματι,
3103 4052 3197 4104 καὶ
3247 4050 3469 4119 ἐλέγξας
3514 4050 3646 4127 τὸν..

2029 4136 2252 4208 Ἀχαά6,
2285 4129 2379 4189 x01
2404 4137 2588 4190 πολλοὶ
2619 4136 2738 4191 καθ’
2760 4139 2987 4200 ἐαυτοὺς
3018 4138 3123 4191 0101
3150 4137 3259 4191 τῶν
3287 4124 3624 4210 προφητῶνέ

2029 4226 2272 4296 Ὀχοζίας
2301 4226 2415 4289 016;
2441 4225 2604 4279 06106
2635 4225 2728 4296 ἔτη
2762 4226 2830 4296 β’,
2865 4228 2961 4279 καὶ
3002 4227 3225 4298 ἐποίησε
3253 4226 3313 4279 τὸ
3346 4227 3601 4297 πονηρόν.

2016 4315 2126 4367 K01
2156 4316 2242 4370 ἐπὶ
2280 4315 2470 4369 τούτου
2498 4312 2639 4387 ἦσαν
2685 4316 2867 4378 Ἦλίας
2912 4316 3007 4370 καὶ
3044 4315 3377 4380 Ἐλισσαῖος*
3438 4318 3603 4371 06106

2015 4402 2125 4473 γάρ
2169 4405 2293 4466 τοὺς
2338 4404 2836 4476 πεντηκοντάρχους
2870 4404 3137 4469 ἐπάταξεν
3166 4406 3222 4459 ἐν
3252 4406 3384 4479 πυρὶ
3422 4405 3604 4469 Ἠλίας

2016 4493 2074 4545 ἐν
2110 4493 2315 4563 ῥήματι
2348 4492 2795 4565 Κυρίου.’1ωράμ
2834 4495 2945 4558 υίὸς
2987 4494 3191 4565 Ἀχαὰϐ
3243 4494 3337 4566 ἐτη
3384 4494 3471 4566 ιβ’,
3512 4498 3606 4549 καὶ

2015 4580 2238 4651 ἐποίησε
2274 4581 2335 4633 16
2365 4582 2620 4653 πονηρὸν,
2651 4584 2745 4636 καὶ
2768 4583 2952 4636 οὐκέτι
2977 4601 3060 4647 τις
3088 4584 3184 4639 τοῦ
3217 4584 3406 4654 γένους
3435 4585 3602 4639 06106

2014 4669 2350 4723 ἐϐασίλευσε.
2389 4672 2499 4724 Καὶ
2526 4674 2553 4724 6
2586 4671 2686 4741 μὲν
2725 4670 2911 4735 Ἠλίας
2939 4672 3218 4743 ἀνελήφθη
3249 4674 3343 4727 ἐπὶ
3367 4673 3556 4727 τούτου
3585 4690 3599 4705 ’

2013 4757 2043 4807 6
2087 4756 2143 4810 δὲ
2182 4756 2479 4820 Ἐλισσαῖος
2516 4757 2782 4828 διέμεινεν
2828 4759 2931 4823 ἕως
2973 4760 3273 4831 Ἱεροϐοάμ,
3298 4761 3412 4815 0160
3452 4760 3603 4825 Ἰωάς

2017 4844 2280 4915 βασιλέως
2323 4843 2740 4917 Ἰσραήλ.Ἦσαν
2760 4847 2817 4900 δὲ
2842 4848 2937 4901 καὶ
2960 4848 3053 4902 ἐπὶ
3079 4849 3268 4903 τούτου
3295 4851 3343 4902 οί
3370 4849 3473 4903 0101
3493 4850 3604 4904 τῶν

2014 4933 2329 5003 προφητῶν.
2364 4931 2467 4986 Ἰοῦ
2499 4932 2685 5004 ἐτέρου
2712 4934 2921 5002 γένους,
2945 4935 3061 5000 υίὸς
3080 4935 3364 5007 Ναμεσσῆ,
3383 4935 3476 5006 ἐτη
3495 4936 3598 5006 κβ’.

2015 5014 2181 5085 Οὗτος
2207 5020 2384 5074 ἀνεῖλε
2418 5020 2479 5074 16
2502 5022 2655 5089 γένος
2694 5022 2897 5093 ’Δχαάϐ
2926 5024 3169 5087 καὶτοὺς
3196 5024 3482 5094 προφήτας
3505 5023 3600 5077 106

2016 5108 2162 5164 Βάαλ
2206 5111 2263 5163 ἐν
2292 5110 2368 5179 τῷ
2406 5110 2743 5182 πτερνισμῷ,
2776 5115 2871 5167 καὶ
2900 5114 3001 5183 τὴν
3042 5114 3241 5183 στήλην
3274 5112 3438 5165 06106
3470 5129 3599 5164 000-

2014 5197 2217 5265 έτριψε.
2260 5198 2369 5251 K01
2399 5199 2457 5250 ἐν
2485 5198 2691 5262 τούτοις
2718 5203 2944 5271 ποιήσας
2972 5200 3031 5252 τὸ
3054 5199 3225 5261 εὺθές,
3258 5197 3382 5268 ἔσχε
3425 5199 3600 5267 ἐπαγ-

2013 5284 2219 5352 γελίαν,
2251 5284 2331 5336 ὃτι
2361 5285 2481 5338 Υίοὶ
2514 5286 2761 5359 τέταρτοι
2806 5285 3116 5341 καθίσονταί
3160 5302 3242 5339 σοι
3267 5285 3357 5339 ἐπὶ
3385 5284 3598 5356 θρόνου.

2028 5373 2240 5443 Ἰοαχάζ
2266 5373 2378 5437 υἱὸς
2408 5374 2572 5429 06106
2615 5378 2711 5447 ἐτη
2760 5378 2847 5441 ιζ’,
2882 5377 2976 5430 καὶ
3003 5373 3225 5443 ἐποίησε
3250 5373 3311 5428 16
3344 5375 3598 5447 πονηρὸν,

2014 5461 2107 5513 καὶ
2142 5460 2447 5532 ἐπολέμησε
2472 5464 2571 5535 τὴν
2598 5463 2969 5534 Ἰερουσαλὴμ,
2997 5462 3092 5516 καὶ
3117 5460 3274 5515 ἔλαϐε
3296 5462 3359 5517 16
3378 5464 3599 5534 χρυσίον

2014 5547 2110 5601 καὶ
2162 5547 2229 5601 10
2267 5549 2455 5619 σκεύη.
2490 5551 2774 5621 Ἰεροϐοάμ
2822 5549 2938 5611 υίὸς
2992 5547 3155 5602 06106
3202 5548 3295 5620 ἐτη
3349 5558 3459 5621 μα’,
3507 5552 3601 5605 καὶ

2017 5634 2240 5705 ἐποίησε
2288 5635 2346 5689 τὸ
2387 5638 2640 5709 πονηρόν.
2675 5636 2947 5707 Ζαχαρίας
2978 5636 3091 5700 υἱὸς
3119 5635 3282 5690 αὐτοῦ
3317 5637 3491 5708 μῆνας
3522 5645 3597 5704 ς’.

2016 5722 2112 5776 καὶ
2136 5722 2359 5796 ἐποίησε
2387 5727 2447 5779 τὸ
2480 5726 2885 5798 πονηρόν.“Εως
2909 5724 3097 5779 τούτου
3120 5726 3374 5795 γεγόνασι
3396 5726 3491 5781 106
3510 5728 3601 5796 γέρ

2016 5827 2141 5874 νους
2178 5809 2280 5863 106
2315 5813 2420 5865 υἱοὶ
2453 5815 2718 5884 τέταρτοι.
2752 5812 2991 5884 Σελλοὺμ
3030 5812 3215 5885 ἐτέρου
3241 5814 3450 5884 γένους,
3486 5814 3601 5879 υίὸς
