4058 6344
420 265 545 322 ‘35?

446 374 867 448 Ἰαϐὶςκήμέρας
911 373 974 436 λ’,
1007 371 1100 427 καὶ
1145 373 1364 441 ἐποίησε
1394 373 1453 425 τὸ
1480 372 1731 442 πονηρόν.
1766 366 2006 436 Μαναὴμ

432 470 593 527 ἄλλου
621 466 829 535 γένους,
860 464 975 526 uib;
1004 461 1197 532 Γαδδὴ,
1228 462 1319 532 ἔτη
1354 468 1423 524 κ’,
1453 461 1547 515 καὶ
1577 460 1796 530 ἐποίησε
1827 458 1886 509 τὸ
1913 473 2007 508 πο-

433 555 754 629 νηρόν.Ἐπὶ
782 552 971 608 τούτου
1014 553 1239 614 Ἡσαΐας
1285 552 1376 604 καὶ
1417 550 1572 619 Ὠσηέ
1620 545 1756 619 ἦσαν
1804 564 2011 618 προφη-

434 645 701 706 τεύοντες.
729 640 899 695 Φακεὲ
926 639 1083 693 άλλου
1114 639 1321 706 γένους,
1358 639 1472 702 υίὸς
1498 637 1787 708 Ῥωμελίου
1818 637 1910 707 ἔτη
1938 642 2003 690 κ’.

438 728 609 795 Οὗτος
649 729 846 797 ἔσφαξε
876 729 966 780 τὸν
995 727 1250 788 Φακείαν,
1280 727 1375 781 καὶ
1419 727 1637 796 ἐποίησε
1668 725 1726 779 τὸ
1754 724 2006 794 πονηρόν.

450 820 570 872 Ἐπὶ
602 817 790 870 τούτου
836 812 975 885 ἦσαν
1020 816 1247 876 Ἡσαΐας
1292 815 1385 868 καὶ
1418 815 1573 883 Ὠσηέ
1617 816 1663 866 οί
1716 814 2010 885 προφῆται.

448 906 611 975 Ὠσηὲ¹
631 904 816 974 ἐτέρου
844 903 1053 971 γένους,
1072 903 1190 964 ιυίὸς
1220 902 1372 961 Ἦλά.
1402 902 1498 973 ἐτη
1523 901 1584 955 θ’.
1622 896 1785 964 Οὗτος
1813 900 2010 967 ἔσταξε

436 995 527 1047 τὸν
565 992 761 1055 Φακεὲ,
795 992 887 1044 καὶ
916 992 1137 1060 ἐποίησε
1165 989 1225 1043 τὸ
1260 990 1513 1060 πονηρὸν,
1547 990 1685 1060 πλὴν
1732 990 1827 1059 οὺχ
1860 990 1935 1053 ὡς
1963 992 2011 1043 οί

438 1080 545 1149 πρὸ
572 1077 757 1132 αὐτοῦ.
789 1077 1095 1147 (Ὕστερος)
1147 1076 1304 1145 Ὠσηὲ
1334 1077 1521 1145 γέγονε
1553 1077 1802 1145 βασιλεὺς
1831 1078 2015 1146 Σαμα-

443 1169 608 1239 ρείαςζ
629 1168 745 1221 Ἐπ’
772 1165 935 1219 αὐτοῦ
974 1166 1081 1235 γὰρ
1114 1166 1408 1224 πέπαυται.
1452 1166 1545 1218 καὶ
1575 1164 1820 1218 ἀπώλετο
1848 1168 1881 1236 ἠ
1909 1166 2013 1219 Σα-

443 1256 665 1326 μάρεια.
712 1251 864 1325 [561}
909 1255 1001 1306 καὶ
1045 1252 1225 1305 λοιπὸν
1266 1252 1539 1323 Ἀσσύριοι
1585 1252 1911 1323 κατῴκησαν
1956 1256 2015 1307 ἐν

440 1344 597 1413 αὐτῇ.
618 1342 705 1406 Ἐξ
738 1336 818 1396 ’ὧν
858 1342 1119 1412 αίρετικοὶ
1151 1342 1484 1412 Σαμαρεῖται
1510 1340 1794 1409 γεγόνασι,
1821 1341 2015 1395 καλού-

445 1451 594 1503 μενοι
625 1433 960 1485 Σαδουπαῖοι.
980 1432 1067 1484 Ἐν
1108 1432 1315 1495 τούτοις
1347 1426 1439 1484 οὖν
1468 1431 1563 1483 καὶ
1602 1429 1827 1501 τελευτᾷ
1849 1432 1879 1483 6
1908 1430 2016 1493 πᾶς

444 1520 645 1583 σκοπδς
671 1520 779 1573 τῶν
809 1517 1027 1590 βιϐλίων
1048 1518 1157 1571 τῶν
1186 1517 1504 1572 Βασιλειῶν.

810 1703 1300 1773 Παραλειπόμενα
1318 1703 1563 1767 βιϐλίον
1588 1701 1657 1757 α’.

492 1860 965 1931 ’Παραλειπόμενα
1018 1858 1282 1920 καλεῖται,
1337 1857 1521 1926 ἐπειδὴ
1574 1855 1743 1910 πολλὰ
1792 1857 1850 1908 ἐν
1902 1857 2021 1919 ταῖς

446 1947 750 2009 Βασιλείαις
776 1945 1207 2018 παραλειφθέντα
1241 1945 1549 2014 περιέχεται
1579 1946 1635 1997 ἐν
1672 1945 1880 2007 τούτοις
1911 1946 2023 2007 τοῖς

450 2036 850 2107 βιϐλίοις.Ἒστι
879 2038 935 2090 δέ
965 2038 1022 2088 ἐν
1054 2036 1228 2105 τούτῳ
1252 2035 1328 2103 τῷ
1363 2034 1562 2104 πρώτῳ
1582 2034 1899 2103 γενεαλογία
1919 2052 2023 2087 πα-

451 2124 556 2176 σῶν
592 2122 768 2192 φυλῶν
796 2123 903 2176 ἀπὸ
938 2121 1108 2191 Ἀδὰμ
1128 2122 1233 2184 ἕως
1253 2120 1360 2174 τῶν
1392 2120 1655 2190 βασιλέων
1683 2120 1823 2175 κατὰ
1852 2120 2022 2189 φυλάς

435 2211 541 2264 *καὶ
574 2210 942 2279 καταδημους
988 2210 1081 2261 καὶ
1125 2210 1265 2261 κατὰ
1312 2209 1546 2278 πατριὰς
1585 2210 1675 2262 καὶ
1714 2211 1831 2262 κατ’
1857 2206 2020 2262 οἷκον.

450 2298 611 2360 Τίνας
638 2315 693 2349 τε
723 2296 876 2360 ἔταξε
914 2295 1021 2348 τῶν
1050 2295 1288 2348 Λευῖτῶν
1320 2295 1481 2349 Δαυῒδ
1513 2299 1570 2349 ἐν
1603 2296 1782 2359 αὐλοῖς
1812 2297 1903 2348 καὶ
1937 2314 2023 2349 κι-

448 2384 637 2455 νύραι;
668 2382 813 2454 ᾅδειν
842 2382 917 2452 τῷ
948 2381 1086 2451 Θεῷ,
1116 2382 1209 2433 καὶ
1235 2382 1385 2445 τίνας
1412 2382 1595 2448 ἔταξεν
1626 2384 1684 2435 ἐν
1713 2384 1824 2444 τοῖς
1849 2382 2027 2452 ἔργοις

450 2472 542 2525 τοῦ
576 2470 724 2527 ναοῦ.
766 2470 1037 2541 Πρότερος
1081 2468 1189 2539 γάρ
1235 2469 1396 2532 αὐτὸς
1424 2469 1513 2521 τὸν
1540 2468 1665 2520 ναὸν
1698 2468 1898 2532 κτίζειν
1926 2467 2027 2539 ἢρ-

444 2561 597 2625 ξατο.
626 2558 929 2627 Καῖὲτερά
959 2576 1077 2611 τινα
1100 2557 1449 2628 λεπτομερῶς
1484 2557 1744 2626 βασιλέων
1782 2557 1877 2610 καὶ
1919 2555 2027 2609 τῶν

451 2649 650 2717 γενεῶν
672 2647 747 2699 διέ
759 2664 961 2716 ρχεται.
994 2643 1087 2709 Οἷς
1118 2645 1413 2699 συναπτέον
1439 2645 1532 2697 καὶ
1559 2644 1751 2710 ταῦτα,
1776 2645 1857 2698 ὅτι
1885 2644 2031 2711 γίνε-

452 2755 539 2789 ται
568 2734 700 2803 ὁμοῦ
730 2734 836 2786 τῶν
866 2736 923 2785 ἐν
955 2733 1304 2801 Ἰερουσαλὴμ
1333 2732 1761 2799 βασιλευσάντων
1798 2730 1905 2784 ἀπὸ
1933 2730 2026 2785 τοῦ

453 2822 613 2876 Δαυῖδ
634 2821 699 2873 τὰ
730 2821 904 2874 πάντα
942 2817 1033 2889 ἐτη
1068 2819 1189 2873 υοδ’.
1213 2820 1275 2870 Ol
1301 2819 1356 2871 δέ
1390 2817 1624 2888 βασιλεῖς
1652 2818 1850 2881 πάντες
1877 2816 2031 2886 γεγό-

452 2929 605 2967 νασιν
635 2912 692 2975 ἐξ
704 2910 825 2970 ’ἐνὸς
847 2909 1035 2975 γένους
1061 2908 1151 2959 τοῦ
1182 2904 1361 2968 Δαυῒδ,
1395 2906 1487 2959 καὶ
1509 2905 1558 2958 οἶ
1592 2906 1685 2975 μὲν
1709 2905 2031 2975 ἐποιήσαντο

451 3001 512 3053 τὸ
545 3000 716 3061 εύθές,
759 2997 863 3050 είσὶ
911 2996 982 3048 θ’·
1030 2995 1078 3047 οἳ
1120 2995 1175 3047 δέ
1205 2993 1266 3046 τὸ
1299 2994 1530 3065 πονηρὸν
1565 2994 1906 3062 ἐποιήσαντο,
1939 2992 2025 3062 ιβ’,

452 3088 622 3158 χωρὶς
648 3085 827 3157 μέντοι
864 3082 1133 3144 Γοθολίας.
1161 3080 1277 3133 Τῶν
1309 3081 1363 3133 δὲ
1396 3082 1451 3132 ἐν
1474 3080 1756 3150 Σαμαρείᾳ
1788 3078 2032 3149 βασιλευ-

457 3174 663 3227 σάντων
678 3171 914 3239 γίνονται
935 3168 1068 3239 ὁμοῦ
1089 3170 1156 3220 τὰ
1176 3168 1354 3221 πάντα
1374 3166 1469 3236 ἔτη
1496 3165 1603 3231 σξθ¹
1622 3170 1715 3221 καί
1738 3169 1769 3236 ὴ
1781 3166 1943 3238 μέραι
1963 3167 2027 3220 λ’·

456 3262 692 3333 βασιλεῖς
729 3258 825 3330 μὲν
852 3256 913 3327 ιβ’
942 3259 1005 3309 ἐκ
1032 3255 1302 3325 διαφόρων
1329 3253 1472 3308 ὀκτὼ
1498 3254 1698 3322 γενεῶν
1724 3254 2028 3322 γεγόνασιν·

453 3351 504 3403 οί
535 3350 590 3402 δέ
624 3348 821 3409 πάντες
848 3345 1169 3415 ἐποιήσαντο
1192 3342 1252 3396 τὸ
1286 3344 1539 3413 πονηρὸν,
1564 3341 1705 3397 κατὰ
1731 3342 1826 3413 τὴν
1857 3343 2033 3415 ἁμαρ.

454 3438 573 3490 τίαν
614 3433 914 3507 Ἰεροϐοάμ.
972 3494 973 3497 η

820 3607 1309 3676 Παραλειπόμενα
1332 3602 1576 3669 βιϐλίον
1603 3601 1666 3671 β’.

539 3772 626 3823 Ἔν
657 3771 723 3840 τῇ
750 3767 973 3839 δευτέρᾳ
1002 3765 1165 3835 βίϐλῳ
1192 3763 1299 3817 τῶν
1332 3758 1825 3832 Παραλειπομένων
1852 3759 2031 3829 παρά-

459 3877 640 3927 γονται
669 3857 895 3928 πράξεις
936 3855 1211 3925 βασιλέων.
1244 3852 1363 3905 Είσὶ
1396 3851 1451 3904 δὲ
1478 3852 1526 3903 οί
1555 3849 1760 3913 ταύτας
1792 3849 2035 3921 ἀναγρά-

456 3948 654 4015 ψαντες
684 3946 730 3996 οί
766 3942 906 3995 κατὰ
936 3942 1159 4010 καιροὺς
1186 3938 1336 4000 ὄντες
1358 3938 1653 4008 προφῆται.
1672 3936 1841 4006 ’Υπὲρ
1861 3936 1917 3989 δέ
1940 3935 2032 3990 τοῦ

457 4033 743 4100 γινώσκειν
776 4032 839 4081 ἐκ
874 4029 1068 4099 μέρους
1093 4028 1215 4089 τοὺς
1239 4025 1676 4095 συγγράψαντας,
1694 4024 2034 4094 ’σημειωτέον

458 4115 611 4180 οὗτος
642 4117 709 4189 (ί.
742 4116 843 4184 ὅτι)
883 4114 980 4186 μὲν
1010 4112 1235 4185 πράξεις
1261 4111 1530 4180 έγκεινται
1558 4111 1788 4164 ἐνταῦθα
1817 4112 2035 4165 πάντων

457 4208 564 4261 τῶν
609 4205 867 4277 βασιλέων
909 4202 1122 4274 Ἰσραὴλ
1164 4202 1257 4254 καὶ
1302 4199 1499 4252 Ἰούδα·
1533 4200 1649 4269 ἦτοι
1678 4200 1733 4252 αί
1774 4200 2035 4271 παραλει-

462 4300 672 4367 φθεῖσαι
704 4296 815 4365 τῆς
837 4296 1076 4364 ἱστορίας
1100 4292 1205 4345 τῶν
1244 4290 1526 4361 βασιλέων.
1556 4290 1619 4343 Οἱ
1651 4289 1708 4343 δὲ
1750 4290 1849 4353 τὰς
1895 4291 2036 4345 ἀπά-

464 4402 560 4445 σας
586 4381 763 4435 αὐτῶν
791 4378 1013 4452 πράξεις
1038 4381 1435 4450 ἱστορήσαντες,
1457 4378 1591 4430 είσὶν
1613 4371 1755 4431 οὗτοι
1778 4394 1791 4408 ο
1817 4378 1887 4431 τὰ
1910 4380 2036 4449 περὶ

461 4470 553 4525 τοῦ
587 4468 746 4521 Δαυῖδ
792 4466 993 4538 ἔγραψε
1040 4466 1309 4537 Σαμουὴλ,
1356 4466 1447 4518 καὶ
1491 4464 1677 4518 Ναθὰν
1710 4466 1804 4518 καὶ
1846 4466 1952 4519 Γὰδ
1987 4469 2034 4518 οί

465 4559 766 4630 προφῆταιο
813 4556 880 4608 τὰ
928 4556 1053 4626 περὶ
1095 4555 1454 4625 Σολομῶντος,
1491 4554 1678 4607 Ναθάν
1724 4556 1817 4607 καὶ
1854 4555 2037 4623 Ἀχίας

465 4646 767 4719 προφῆταισ
824 4642 895 4696 τὰ
949 4642 1076 4712 περὶ
1113 4642 1423 4713 Ἰεροϐοὰμ.
1482 4641 1699 4711 Σαμέας
1750 4642 1842 4693 καὶ
1875 4639 2039 4692 Ἀδδὼ

464 4735 738 4805 προφῆται
758 4749 771 4762 ·
800 4730 868 4784 τά
899 4733 1024 4800 περὶ
1052 4729 1223 4791 Ἀϐιά,
1242 4729 1404 4782 Ἀδδὼ
1425 4730 1452 4781 6
1482 4730 1785 4799 προφήτης.
1808 4728 1886 4781 Τὰ
1912 4729 2039 4798 περὶ

478 4823 627 4881 ’Λσὰ,
652 4822 710 4873 ἐν
736 4818 814 4889 τῷ
846 4817 1033 4888 βιϐλίῳ
1054 4815 1226 4884 λόγων
1254 4817 1381 4886 περὶ
1408 4815 1515 4869 τῶν
1540 4815 1800 4885 βασιλέων
1830 4815 2000 4868 Ἰούδα
2021 4831 2034 4844 ’

464 4913 530 4965 τὰ
572 4910 699 4981 περὶ
735 4904 1140 4974 Ἰωσαφὰτ.Ἰοὺ
1183 4904 1211 4956 6
1253 4906 1552 4974 προφήτης,
1582 4902 1676 4955 τοῦ
1719 4903 1947 4972 Ἀναμὴ,
1980 4902 2039 4967 ὃς

464 4996 779 5067 κατέγραψε
809 4993 1008 5065 βιϐλίον
1040 4991 1212 5058 λόγων
1250 4992 1357 5042 τῶν
1396 4990 1656 5059 βασιλέων
1697 4989 1928 5063 Ἰσραήλ.
1961 4990 2041 5044 Τά

464 5089 592 5157 περὶ
634 5084 807 5147 Ἰωάς,
841 5082 931 5135 ἐπὶ
958 5080 1056 5151 τὴν
1085 5077 1301 5149 γραφὴν
1331 5077 1440 5129 τῶν
1481 5077 1762 5147 βασιλέων.
1789 5076 1870 5129 Τὰ
1913 5078 2040 5148 περὶ

477 5176 723 5247 Ἀμεσία.
752 5174 844 5227 ἐπὶ
875 5171 1075 5242 βιϐλίου
1109 5168 1370 5239 βασιλέων
1394 5166 1559 5219 Ἰούδα
1588 5167 1681 5220 καὶ
1710 5167 1941 5238 Ἰσραήλ.
1961 5168 2043 5221 Τὰ

465 5264 594 5334 περὶ
635 5260 1038 5326 Ὀζίου,Ἰεσίας
1078 5256 1202 5326 (sic)
1252 5257 1281 5309 6
1321 5256 1624 5325 προφήτης.
1656 5253 1737 5306 Τὰ
1770 5254 1898 5325 περὶ
1932 5256 2041 5308 Ἰω-

466 5354 609 5419 θὰμ,
654 5352 745 5405 ἐπὶ
789 5350 988 5421 βιϐλίου
1038 5346 1298 5418 βασιλέων
1337 5343 1507 5397 Ἰούδα
1551 5343 1646 5396 καὶ
1684 5343 1915 5415 Ἰσραήλ.
1960 5345 2043 5397 Τά

466 5442 593 5509 περὶ
613 5438 808 5509 Ἀχαζ,
841 5438 932 5489 ἐπὶ
961 5436 1162 5505 βιϐλίον
1196 5431 1457 5503 βασιλέων
1494 5431 1660 5484 Ἰούδα
1681 5432 1773 5485 καὶ
1801 5432 2038 5503 Ἰσραήλ.

467 5526 545 5576 Τὰι
568 5526 694 5593 περὶ
721 5522 987 5586 Ἐζεκίου,
1003 5522 1229 5584 Ἡσαΐας
1248 5520 1362 5580 υίὸς
1393 5518 1446 5570 Ἀ
1460 5516 1572 5588 μὼς
1595 5520 1623 5571 6
1642 5521 1939 5588 προφήτης.
1961 5518 2042 5572 Τὰ

468 5612 596 5681 περὶ
620 5613 904 5680 Μανασσῆ,
932 5610 1023 5662 ἐπὶ
1051 5609 1224 5677 λόγων
1250 5607 1361 5659 τῶν
1382 5605 1652 5677 ὁρώντων.
1672 5606 1752 5658 Τὰ
1783 5604 1909 5675 περὶ
1938 5606 2042 5657 Ἰω-

474 5702 609 5763 σίου,
658 5696 750 5752 ἐπὶ
786 5699 986 5772 βιϐλίου
1031 5696 1293 5768 βασιλέων
1335 5696 1503 5751 Ἰούδα
1542 5695 1635 5748 καὶ
1688 5696 1921 5765 Ἰσραήλ.
1961 5693 2039 5746 Τὰ

1095 256 1153 312 S.
1189 255 1474 313 JOANNIS
1509 248 1989 310 CHRYSOSTOMI
2030 248 2347 307 ARCHIEP.
2390 250 2934 308 CONSTANTINOP.

3569 252 3679 308 353

2114 368 2241 437 περὶ
2300 369 2573 439 Ἰωακεὶμ.
2623 370 2714 422 ἐπὶ
2787 368 2988 438 βιϐλίου
3066 366 3325 437 βασιλέων
3372 366 3539 421 Ἰούδα
3589 370 3689 423 καὶ

2129 455 2358 527 Ἰσραήλ.
2385 456 2568 509 Ταῦτα
2602 455 2742 509 ἔστιν
2770 458 2949 527 εὑρεῖν
2975 455 3117 509 οὕτω
3148 455 3453 527 τεταγμένα
3491 458 3546 509 ἐν
3574 460 3688 520 τοῖς

2121 544 2617 615 Παραλειπομένοις
2654 546 2759 598 τῶν
2794 545 3075 615 βασιλέων.

2400 700 2548 773 [562]
2593 701 2849 771 Ἔσδρας
2869 702 3115 767 βιϐλίον
3139 710 3209 757 α’.

2192 830 2424 900 Ἔσδρας
2455 831 2696 885 καλεῖται
2720 832 2780 883 τὸ
2811 832 3031 901 βιϐλίον,
3060 833 3245 903 ἐπειδὴ
3280 832 3439 897 αὐτὸς
3456 833 3698 905 Ἔσδρας

2120 917 2294 988 ίερεὺς
2333 918 2406 970 ὢν
2438 921 2529 971 καὶ⁸
2558 920 2924 991 άναγνώστης.
2956 921 3225 990 ἐξηγεῖται
3256 921 3349 974 καὶ
3391 924 3699 991 συγγράφει

2118 1004 2213 1073 τὴν
2256 1005 2509 1058 ἐπάνοδον
2542 1006 2649 1059 τῶν
2686 1007 2813 1061 υἱῶν
2859 1008 3072 1079 Ἰσραὴλ
3104 1010 3167 1061 ἐκ
3201 1010 3457 1079 Περσίδος
3492 1012 3570 1071 εἰς
3598 1010 3703 1079 τὴν

2130 1091 2481 1163 Ἰερουσαλὴμ
2505 1094 2822 1166 γενομένην.
2855 1095 3049 1164 Γέγονε
3079 1096 3135 1149 δὲ
3166 1099 3198 1167 ἡ
3224 1094 3480 1158 ἐπάνοδος
3501 1097 3703 1166 προτέ-

2124 1195 2229 1249 ρως
2265 1180 2360 1248 μὲν
2392 1183 2455 1233 ἐκ
2494 1180 2586 1233 τοῦ
2634 1182 3073 1251 προστάγματος,
3107 1183 3295 1235 ἔπειτα
3327 1183 3380 1235 δέ
3408 1184 3704 1239 κελεύσαν-

2118 1282 2210 1328 τος
2250 1266 2430 1335 Κύρου
2459 1269 2552 1320 καὶ
2578 1268 2800 1338 Δαρείου
2832 1268 2939 1321 τῶν
2974 1269 3234 1339 βασιλέων
3262 1272 3319 1322 ἐν
3345 1273 3491 1341 χειρὶ
3523 1270 3704 1340 Ἰησοῦ

2119 1353 2212 1406 τοῦ
2248 1355 2507 1419 Ἰωσεδὲκ,
2544 1358 2638 1410 καὶ
2669 1357 2870 1428 Ἔσδρα
2918 1360 3009 1412 καὶ
3053 1360 3376 1431 Ζοροϐάϐελ,
3412 1361 3461 1413 οῖ
3502 1362 3705 1431 ἤρισαν

2121 1441 2488 1513 προϐλήμασι.
2524 1444 2769 1515 τεθείσης
2818 1447 3165 1515 ἐπαγγελίας,
3217 1448 3438 1515 αἰτῆσαι
3492 1449 3581 1500 τὸν
3630 1466 3709 1499 Vl.-

2121 1530 2302 1583 κῶντα
2325 1532 2461 1603 ὅπερ
2485 1532 2579 1585 ἐὰν
2604 1533 2802 1606 θελήσῃ
2827 1536 2978 1606 παρὰ
3004 1537 3095 1590 τοῦ
3120 1537 3380 1607 βασιλέως
3396 1551 3446 1593 ι.
3466 1538 3572 1590 Τοῦ
3590 1538 3707 1589 τοί-

2122 1637 2215 1673 νυν
2258 1621 2375 1684 ἐνὸς
2423 1624 2664 1687 εἰπόντος
2694 1627 2847 1695 νικᾷν
2884 1626 2975 1679 τὸν
3020 1622 3192 1688 οἶνον,
3227 1630 3319 1680 καὶ
3369 1626 3463 1680 τοῦ
3514 1629 3706 1695 ἐτέρου

2123 1708 2364 1770 εἰπόντος
2397 1714 2552 1781 νικᾷν
2585 1711 2675 1765 τὸν
2709 1711 2951 1782 βασιλέα.
2984 1717 3010 1769 ὁ
3040 1715 3341 1787 Ζοροϐάϐελ
3366 1711 3515 1770 εἶπεν
3546 1718 3707 1786 νικᾷν

2123 1798 2222 1861 τάς
2269 1802 2552 1865 γυναῖκας,
2605 1801 2745 1871 ὑπὲρ
2788 1801 2846 1855 δὲ
2896 1805 3070 1858 πάντα
3122 1805 3219 1876 τὴν
3268 1804 3545 1874 ἀλήθειαν.
3593 1807 3709 1858 Καὶ

2127 1888 2317 1959 ἐπειδὴ
2358 1889 2527 1942 ταῦτα
2571 1891 2805 1961 εἰρηκὼς
2834 1894 3104 1965 νενίκηκε,
3134 1896 3229 1947 καὶ
3252 1896 3447 1965 ἢκουσε
3480 1897 3708 1966 αἰτήσα-

2129 1976 2251 2029 σθαι
2284 1976 2312 2029 ὂ
2346 1976 2610 2046 βούλεται,
2639 1979 2836 2049 ἠξίωσε
2868 1981 3029 2046 αὐτὸς
3061 1983 3324 2053 ἀφεθῆναι
3360 1983 3459 2053 τὴν
3504 1986 3705 2053 alnu-

2127 2063 2343 2126 λωσίαν,
2376 2065 2469 2118 καὶ
2500 2066 2911 2138 οἰκοδομηθῆναι
2940 2068 3038 2139 τὴν
3077 2068 3449 2140 Ἰερουσαλήμ.
3480 2071 3588 2123 Καὶ
3610 2071 3707 2139 γέ-

2128 2167 2282 2219 γονεν
2303 2152 2377 2213 ὡς
2403 2149 2622 2222 ἠξίωσε,
2645 2154 2737 2206 καὶ
2766 2154 2962 2226 ἀφείθη
2998 2158 3030 2226 ἡ
3057 2156 3416 2226 αίχμαλωσία.
3442 2157 3573 2209 Τότε
3598 2157 3707 2228 γὰρ

2129 2238 2418 2310 ἐπληρώθη
2460 2242 2556 2293 καὶ
2603 2240 2670 2293 τὰ
2710 2241 2751 2293 0'
2783 2241 2876 2312 ἐτη
2896 2243 2923 2282 ιι
2950 2244 3048 2313 τῆς
3075 2245 3265 2314 ὀργῆς.
3302 2245 3422 2297 Εἰσὶ
3445 2245 3625 2298 τοίνυν
3657 2249 3706 2298 οἱ

2130 2329 2424 2392 ἀναϐάντες
2447 2330 2553 2382 ἀπὸ
2573 2329 2673 2399 τῆς
2693 2332 3064 2400 αίχμαλωσίας
3082 2333 3188 2386 ἀπὸ
3230 2333 3399 2387 Ἰούδα
3429 2334 3523 2387 καὶ
3554 2335 3706 2387 Βενι-

2132 2417 2295 2487 αμὶν,
2344 2418 2436 2471 καὶ
2475 2419 2527 2470 oi
2574 2417 2813 2480 Λευῖται,
2843 2419 2933 2473 τὸν
2977 2420 3208 2490 ἀριθμὸν
3244 2421 3507 2491 μυριάδες
3540 2422 3581 2474 δ’
3610 2424 3704 2475 καὶ

2130 2504 2397 2575 δισχίλιοι,
2430 2505 2584 2559 ἵπποι
2611 2506 2706 2570 τλ¹,
2738 2506 2950 2577 ἡμίονοι
2977 2506 3113 2579 σμε’,
3147 2508 3383 2579 κάμηλοι
3416 2510 3546 2571 υλε’,
3583 2515 3707 2563 παῖ-

2133 2594 2218 2657 δες
2235 2594 2412 2647 αὐτῶν
2426 2596 2521 2648 καὶ
2537 2596 2817 2649 παιδίσκαι
2838 2597 3008 2662 ,ξτλ6’,
3027 2600 3075 2651 οἱ
3097 2598 3311 2670 ᾅδοντες
3328 2606 3393 2664 σ⁴,
3411 2599 3521 2653 δνοι
3543 2600 3705 2668 ,ςψκζ

2134 2685 2227 2737 καὶ
2253 2686 2301 2736 oi
2335 2684 2433 2753 μὲν
2455 2684 2858 2755 οἰκοδομοῦντες
2878 2682 3015 2757 ἦσαν
3034 2688 3356 2759 Ζοροϐάϐελ.
3380 2690 3476 2743 καὶ
3507 2690 3706 2759 Ἰησοῦς

2134 2774 2163 2825 6
2194 2771 2284 2825 τοῦ
2318 2772 2578 2835 Ἰωσεδὲκ,
2617 2773 2714 2828 καὶ
2746 2774 3004 2845 Νεεμίας.
3036 2776 3094 2828 '0
3137 2775 3194 2828 δὲ
3229 2778 3462 2846 Ἔσδρας
3507 2779 3707 2847 εὐφυὴς

2134 2860 2192 2913 ἐν
2217 2858 2295 2929 τῷ
2321 2860 2488 2929 νόμῳ,
2525 2860 2683 2923 αὐτὸς
2716 2862 3081 2933 προσεκόμισε
3130 2863 3220 2915 τὸν
3263 2864 3445 2933 νόμον,
3480 2866 3572 2918 καὶ
3617 2868 3706 2918 άν-

2136 2948 2293 3018 έγνω.
2320 2950 2412 3002 καὶ
2437 2948 2732 3002 διετύπωσε
2759 2951 2937 3004 πάντα
2957 2950 3026 3003 τὰ
3054 2952 3192 3004 κατὰ
3224 2951 3282 3004 τὸ
3312 2953 3455 3021 ἱερὸν
3479 2954 3571 3006 καὶ
3590 2956 3708 3016 τοὶς

2135 3038 2384 3099 Λευῖτας.
2421 3036 2591 3100 Αὐτὸς
2622 3036 2787 3103 ἔδειξε
2830 3037 2920 3090 τὸν
2970 3038 3153 3107 νόμον,
3204 3040 3297 3091 καὶ
3332 3042 3601 3109 πεποίηκε
3632 3043 3711 3092 ἐκ.

2138 3124 2394 3195 ϐληθῆναι
2436 3124 2535 3186 τὰς
2576 3124 2878 3192 άλλογενεῖς
2907 3128 3165 3193 γυναῖκας
3202 3126 3327 3189 τοὺς
3363 3126 3626 3192 λαϐόντας
3657 3131 3710 3180 ἐν

2137 3211 2313 3282 καιρῷ
2360 3212 2459 3280 τῆς
2501 3212 2888 3281 αἰχμαλωσίας.
2921 3214 3028 3265 Καὶ
3073 3212 3320 3278 ἐξέϐαλον
3365 3215 3584 3281 πάντες,
3623 3219 3709 3268 καὶ

2137 3299 2591 3370 ἐκαθαρίσθησαν,
2625 3301 2719 3354 καὶ
2758 3301 2975 3371 ἐποίησε
3022 3300 3081 3353 τδ
3133 3301 3315 3371 πάσχα
3344 3304 3610 3374 νομίμως,
3640 3304 3710 3367 ὡς

2136 3387 2465 3459 γέγραπται,
2499 3389 2592 3441 καὶ
2615 3388 2711 3459 τὴν
2744 3388 3015 3460 νηστείαν,
3040 3390 3131 3442 καὶ
3163 3388 3306 3442 οὕτω
3335 3391 3631 3446 τελειοῦται
3655 3392 3709 3444 τὸ

2139 3474 2352 3545 πρῶτον
2391 3474 2592 3545 βιϐλίον
2619 3468 2840 3547 Ἔσδρα.

2608 3608 2874 3719 ’Ἔσδρας
2898 3651 3142 3714 βιϐλίον
3173 3648 3239 3721 β’.

2219 3785 2306 3838 Ἐν
2337 3783 2511 3853 τούτῳ
2555 3782 2631 3853 τῷ
2680 3783 2866 3853 βιϐλίῳ
2890 3783 2957 3836 τὰ
2989 3784 3128 3837 αὐτὰ
3161 3785 3258 3855 μὲν
3290 3785 3371 3856 τῷ
3403 3788 3607 3858 πρώτῳ
3630 3787 3707 3841 λέ-

2138 3891 2224 3943 γει
2247 3876 2274 3927 ὁ
2301 3873 2533 3943 Ἔσδρας
2565 3873 2690 3943 περὶ
2722 3871 2820 3941 τῆς
2852 3872 3129 3935 ἐπανόδου,
3156 3874 3325 3942 χωρὶς
3351 3874 3462 3928 τῶν
3484 3876 3709 3946 προσλη-

2139 3962 2355 4016 θέντων.
2387 3962 2496 4014 Καὶ
2524 3960 2591 4013 τὰ
2621 3959 2790 4013 πλείω
2816 3959 2872 4011 δέ
2902 3959 3173 4029 ἐξηγεῖται
3202 3963 3326 4031 περὶ
3354 3962 3592 4031 Νεεμίου
3622 3964 3705 4017 τοῦ

2140 4049 2393 4120 εὐνούχου
2414 4068 2426 4078 ·
2458 4050 2537 4101 ὅτι
2569 4048 2728 4111 αὐτὸς
2754 4047 2952 4116 ἠξίωσε
2995 4049 3122 4119 περὶ
3165 4048 3265 4117 τῆς
3306 4051 3593 4121 οἰκοδομῆς
3622 4051 3703 4104 τοῦ

2142 4137 2285 4209 ἱεροῦ
2310 4156 2321 4169 .
2364 4137 2459 4190 καὶ
2495 4137 2576 4189 ὅτι
2618 4136 2714 4205 μὲν
2748 4137 2980 4207 Ἔσδρας
3017 4137 3378 4204 ἀνεγίνωσκε,
3420 4140 3624 4208 Ἰησοῦς
3657 4140 3707 4193 δὲ

2141 4227 2234 4280 καὶ
2262 4226 2462 4288 Βανέας
2487 4225 2580 4277 καὶ
2610 4223 2881 4295 Σαραϐίας
2909 4219 3045 4294 ἦσαν
3075 4225 3441 4291 συνετίζοντες
3459 4229 3550 4281 τὸν
3570 4229 3705 4282 λαόν.

2141 4316 2250 4369 Καὶ
2287 4316 2314 4367 6
2356 4316 2451 4385 μὲν
2484 4314 2717 4383 Ἔσδρας
2753 4312 3137 4381 ἀναγινώσκων
3173 4315 3463 4369 διέστειλεν
3503 4322 3559 4372 ἐν
3596 4321 3709 4372 ἐπι-

2144 4408 2321 4475 στήμῃ
2360 4403 2589 4472 Κυρίου·
2638 4402 2664 4452 6
2701 4401 2757 4453 δὲ
2803 4400 2929 4464 λαὸς
2962 4402 3159 4471 συνῆκε
3194 4404 3250 4454 ἐν
3280 4407 3344 4474 τῇ
3393 4406 3707 4473 ἀναγνώσει,

2144 4492 2232 4545 καὶ
2252 4492 2468 4561 ἐποίησε
2495 4490 2553 4542 τὸ
2576 4489 2777 4558 πάσχα,
2806 4490 2898 4541 καὶ
2924 4491 2980 4540 ἐν
3001 4490 3077 4559 τῷ
3106 4488 3315 4560 ἑϐδόμῳ
3344 4493 3475 4562 μηνὶ
3499 4496 3712 4564 ἐποίησε

2141 4579 2238 4650 τὴν
2268 4577 2518 4649 νηστείαν
2549 4579 2642 4631 καὶ
2674 4578 2771 4645 τὴν
2814 4576 3203 4647 σκηνοπηγίαν,
3234 4577 3309 4640 ὡς
3354 4580 3668 4651 γέγραπται
3696 4600 3709 4613 ·

2147 4654 2294 4728 "bu,
2328 4667 2508 4735 φησὶν,
2531 4666 2637 4717 οὐκ
2665 4664 2960 4729 ἐποίησαν
2982 4663 3167 4729 οὕτως
3191 4664 3308 4718 ἀπὸ
3336 4665 3457 4718 τῶν
3486 4669 3715 4738 ἡμερῶν

2157 4753 2348 4821 Ἰησοῦ
2379 4752 2484 4804 τοῦ
2508 4750 2695 4818 Ναυῆ.
2734 4750 2965 4820 Ἔσδρας
2997 4750 3053 4802 δὲ
3082 4751 3341 4821 ἑωρακὼς
3368 4756 3715 4825 ἐπιμιγεὶσας

2144 4844 2405 4911 γυναῖκας
2458 4836 2742 4901 Ἀζωτίους
2784 4839 2896 4897 τοῖς
2940 4835 3240 4908 Ἑϐραίοις,
3287 4839 3472 4894 ἔπεισε
3516 4846 3715 4907 πάντας

2146 4926 2572 4996 ἐπαγγείλασθαι
2616 4924 2897 4993 φυλάττειν
2928 4924 3019 4977 τὸν
3062 4923 3222 4995 νόμον
3266 4928 3359 4981 τοῦ
3406 4930 3565 4987 Θεοῦ.
3613 4934 3716 4986 Καὶ

2147 5019 2367 5083 ἐξέϐαλε
2414 5016 2513 5078 τὰς
2556 5018 2841 5082 γυναῖκας,
2895 5013 2970 5077 ὡς
3017 5015 3334 5086 παράνομον
3383 5020 3583 5089 γάμον,
3629 5024 3717 5074 καὶ

2146 5106 2362 5177 ὤμοσαν
2394 5103 2625 5175 φυλάξαι
2670 5103 2758 5155 τὸν
2799 5102 2981 5172 νόμον.
3018 5104 3127 5156 Καὶ
3158 5103 3329 5169 οὕτως
3361 5107 3715 5174 άγιασθέντες

2146 5196 2239 5249 καὶ
2268 5193 2419 5266 [565]
2466 5191 2890 5262 καθαρισθέντες
2927 5191 3324 5263 εύφράνθησαν,
3380 5196 3475 5247 καὶ
3512 5197 3718 5267 ἀπῆλθε

2146 5286 2373 5345 ἕκαστος
2399 5283 2479 5344 είς
2506 5282 2596 5334 τὸν
2624 5276 2771 5333 οῐκον
2800 5277 2983 5332 αὐτοῦ.
3021 5281 3332 5351 Ἰστορεῖται
3362 5282 3420 5336 δέ
3452 5286 3721 5340 καὶτοῦτο

2148 5370 2395 5443 περὶτοῦ
2436 5368 2672 5440 Ἐσδρα,
2724 5370 2804 5421 ὅτι
2845 5367 3231 5437 ἀπολλυμένων
3267 5370 3375 5422 τῶν
3418 5371 3640 5441 βιϐλίων
3666 5374 3721 5440 ἐξ

2148 5458 2406 5531 ἀμελείας
2433 5457 2527 5511 τοῦ
2554 5456 2679 5511 λαοῦ
2711 5456 2798 5509 διὰ
2819 5455 2914 5526 τὴν
2938 5456 3290 5528 πολυχρόνιον
3314 5460 3719 5530 αἰχμαλωσίαν,

2211 5640 2236 5668 ⁸
2258 5637 2372 5685 Hmc
2397 5635 2640 5685 tantillum
2662 5637 2851 5684 variant
2872 5636 2921 5681 in
2945 5633 3152 5694 Fynopsi
3178 5635 3348 5683 altera.

2211 5700 2241 5739 1)
2266 5698 2435 5747 Altera
2458 5697 2693 5760 Synopsis
2716 5698 2941 5751 ἑξήκοντα
2965 5696 3043 5752 ἔτη
3068 5695 3231 5755 habet,
3257 5696 3399 5745 male.
