4102 6322
459 340 560 393 557

453 479 557 520 tem
609 465 950 534 expugnavit,
981 478 1167 518 aurum
1197 471 1251 516 et
1289 477 1413 516 vasa
1460 460 1696 514 abstulit.
1746 457 2031 514 Jcroboam

453 558 594 611 linus
624 572 740 625 ejus
766 556 920 610 annis
938 556 1028 619 41,
1077 555 1304 624 fecitque
1333 552 1551 606 malum.
1584 549 1869 604 Zacharias
1897 549 2034 604 ﬁlius

451 664 572 716 ejus
599 645 872 702 mensibus
908 663 998 701 sex
1019 691 1034 714 ,
1077 644 1304 714 fecitque
1331 643 1549 697 malum.
1578 641 1843 696 Hactenus
1868 655 2034 710 genus

452 740 589 797 Jcbn
612 755 780 810 usque
800 739 863 794 ad
887 747 1129 808 quartam
1154 737 1551 808 generationem
1581 734 1810 790 duravit.
1834 732 2031 787 Sellum

453 851 522 889 ex
548 835 649 888 alia
679 828 1016 902 stin-pe,ﬁlius
1031 829 1361 900 Jahis,regna
1373 829 1446 883 vit
1475 828 1590 882 dies
1619 826 1850 895 triginta,
1874 832 1928 878 et
1951 823 2030 877 fe-

451 928 529 981 cit
551 925 693 995 quod
723 925 921 982 malum
958 931 1091 977 erat.
1139 922 1376 975 Manaem
1405 936 1474 974 ex
1497 919 1604 973 alio
1630 932 1856 987 genere,
1896 916 2035 969 ﬁlius

454 1013 659 1082 (Padde,
688 1031 855 1070 annos
893 1015 1099 1084 viginti,
1132 1024 1185 1067 et
1209 1011 1333 1067 fecit
1357 1011 1498 1081 quod
1525 1010 1723 1066 malum
1754 1016 1888 1064 erat.
1923 1008 2034 1061 IIu-

453 1112 538 1181 jus
568 1119 804 1176 tempore
835 1107 1217 1177 prophetarum
1263 1104 1426 1160 Isaias
1463 1111 1517 1158 et
1543 1101 1699 1158 Osee.
1737 1101 1942 1156 Phacee
1968 1100 2036 1154 de

457 1202 559 1256 alia
590 1202 776 1270 stirpe,
809 1201 944 1253 [ilius
970 1199 1244 1262 Romelim,
1271 1211 1444 1273 annos
1485 1195 1690 1261 viginti.
1723 1194 1819 1248 llic
1843 1193 2037 1246 occidit

454 1291 762 1355 Phakeiam,
791 1301 848 1346 et
885 1291 1010 1344 fecit
1053 1289 1270 1342 malum.
1305 1288 1414 1341 Sub
1461 1285 1562 1340 hoc
1603 1285 1942 1340 erantl~aias
1983 1292 2038 1338 et

453 1382 593 1438 Osee
620 1381 908 1452 prophetae.
941 1380 1078 1434 Osee
1107 1379 1294 1434 exalia
1349 1378 1533 1444 Stirpc,
1574 1376 1709 1428 Iilius
1753 1369 1897 1436 Elas,
1943 1389 2038 1426 an-

454 1491 554 1530 nos
581 1490 789 1529 novem.
811 1473 906 1528 llic
921 1471 1112 1526 occidit
1139 1485 1317 1540 regem
1338 1469 1566 1529 Phacee.
1590 1477 1644 1522 et
1664 1466 1787 1521 fecit
1815 1465 2033 1518 malum:

452 1583 640 1621 verum
689 1582 791 1620 non
821 1566 960 1619 sicut
985 1563 1297 1618 decessores
1334 1560 1470 1630 ejus.
1512 1560 1650 1615 Osee
1681 1559 1896 1612 ultimus
1939 1557 2039 1612 I'uit

452 1676 548 1716 rex
578 1659 851 1714 Samarize.
880 1658 936 1712 In
967 1657 1110 1711 illum
1139 1656 1281 1710 enim
1312 1654 1588 1709 desierunt
1616 1668 1788 1722 reges.
1820 1662 1871 1706 et
1911 1666 2036 1721 per-

454 1757 515 1810 iit
551 1754 810 1817 Samaria,
837 1767 996 1822 quam
1027 1751 1280 1817 deinceps
1305 1746 1666 1801 inhabitarunt
1696 1744 1916 1815 Assyrii.
1957 1743 2039 1798 Ex

451 1850 646 1920 quibus
673 1847 773 1902 orti
804 1856 930 1900 sunt
958 1843 1195 1898 hmretici
1247 1843 1547 1897 Samaritzr,
1572 1839 1659 1908 qui
1691 1847 1748 1894 et
1797 1837 2038 1893 Saducmi

452 1952 729 1998 vocantur.
744 1939 798 1994 In
817 1939 931 1993 haec
947 1937 1142 1993 desinit
1164 1945 1302 1989 totus
1323 1948 1515 2002 scopas
1531 1932 1785 1986 librorum
1803 1929 2025 1999 Regum.

763 2088 1183 2138 ΡΑιιΑιιΡοιιεΝΑ,
1215 2085 1367 2124 LIBER
1415 2083 1602 2123 PRIMUS
1629 2067 1728 2137 (a).

525 2211 924 2280 Paralipomena
949 2215 1224 2269 vocantur,
1249 2203 1374 2272 quia
1399 2203 1558 2256 multa
1582 2202 1632 2254 in
1663 2200 1812 2254 libris
1828 2199 2040 2268 Regno-

461 2320 579 2358 rum
630 2300 986 2372 praetermissa
1020 2300 1071 2352 in
1103 2297 1250 2351 hisce
1297 2295 1446 2350 libris
1476 2293 1841 2348 continentur.
1873 2291 2039 2348 Ilabe~

453 2406 540 2449 tur
569 2403 744 2447 autem
770 2392 819 2444 in
840 2391 1009 2459 primo
1033 2391 1132 2442 hoc
1162 2389 1299 2441 libro
1326 2386 1560 2440 omnium
1587 2383 1816 2438 tribuum
1844 2396 2040 2451 genea-

455 2488 593 2556 Iogia
633 2485 700 2540 ab
743 2485 907 2538 Adam
942 2497 1106 2551 usque
1132 2480 1196 2533 ad
1231 2495 1382 2549 reges
1428 2476 1720 2532 secundum
1768 2475 1939 2529 tribus
1983 2484 2038 2529 et

453 2579 680 2648 populos
705 2587 759 2632 et
794 2577 1016 2629 familias
1067 2585 1119 2629 et
1149 2574 1358 2628 domos.
1381 2571 1525 2639 Quos
1554 2585 1619 2624 ex
1650 2567 1848 2644 Levitis
1887 2566 2038 2620 insti-

459 2673 619 2727 tuerit
650 2670 814 2725 David
843 2672 907 2722 ad
934 2666 1229 2722 canendum
1260 2665 1390 2729 Deo,
1417 2673 1472 2717 et
1496 2677 1628 2732 quos
1657 2658 1942 2715 instituerit
1968 2657 2036 2712 ad

453 2765 635 2835 templi
666 2779 848 2833 opera.
881 2763 998 2831 Ipse
1028 2775 1254 2828 namque
1279 2757 1423 2827 prior
1436 2753 1695 2824 templum
1710 2752 1930 2806 fundare
1958 2751 2038 2804 in-

452 2859 612 2928 cepit.
641 2857 756 2911 Alia
787 2869 999 2925 quoque
1029 2851 1326 2906 minutatim
1356 2849 1424 2903 de
1468 2847 1684 2918 regibus
1713 2854 1767 2900 et
1807 2860 2034 2916 genera-

457 2949 683 3003 tionibus
705 2945 972 3001 edisserit.
1008 2943 1210 3009 Quibus
1237 2941 1336 2994 hoc
1359 2937 1781 3009 subjungendum
1802 2943 1904 3002 est,
1937 2950 2035 2988 an-

459 3056 557 3094 nos
602 3052 785 3094 omnes
833 3049 1020 3092 eorum
1067 3035 1156 3104 qui
1207 3035 1260 3089 in
1318 3033 1615 3087 Jerusalem
1667 3037 1956 3100 regnarunt
2004 3041 2038 3082 α

467 3133 684 3198 Davide,
708 3143 828 3186 esse
855 3129 1276 3205 quadringentos
1306 3125 1636 3196 septuaginta
1663 3134 1908 3193 quatuor.
1926 3121 2034 3179 Re-

456 3243 551 3297 ges
577 3232 750 3281 autem
775 3237 964 3281 omnes
1005 3223 1213 3276 fuerunt
1255 3234 1317 3274 ex
1350 3235 1451 3273 una
1481 3219 1648 3287 stirpe
1689 3216 1901 3271 Davidis
1935 3235 1948 3270 :
1981 3223 2038 3270 et

455 3316 712 3391 quiquod
742 3330 944 3374 reetnm
978 3324 1094 3370 erat
1125 3314 1361 3369 fecerunt
1387 3327 1577 3366 novem
1609 3319 1768 3364 sunt:
1793 3309 1878 3376 qui
1907 3323 2036 3363 vero

455 3408 678 3472 malum,
709 3408 1007 3472 duodecim,
1044 3415 1264 3475 excepta
1295 3404 1563 3460 Gotbolia.
1595 3403 1792 3456 Eorum
1832 3410 2031 3466 autem,

456 3503 617 3572 quiin
650 3502 883 3558 Samaria
927 3507 1247 3571 regnarunt,
1276 3513 1465 3551 omnes
1503 3497 1626 3550 anni
1671 3504 1794 3549 sunt
1821 3494 2034 3549 ducenti

455 3594 725 3663 sexaginta
767 3609 957 3646 novem
989 3603 1042 3645 et
1073 3592 1282 3660 triginta
1311 3584 1466 3643 dies:
1514 3587 1900 3656 duodecimque
1952 3603 2036 3641 re-

453 3699 548 3753 ges
576 3701 638 3738 ex
663 3695 782 3739 octo
811 3683 1034 3738 diversis
1056 3681 1309 3751 stirpibus
1348 3679 1559 3734 fuerunt
1590 3696 1604 3744 ;
1647 3695 1834 3735 omnes
1859 3687 2032 3734 autem

453 3776 696 3830 fecerunt
734 3777 953 3840 malum,
993 3773 1283 3828 secundum
1331 3781 1601 3841 peccatum
1637 3770 1960 3826 Jeroboami.

757 3926 1184 3975 PARALIPOIENA,
1241 3925 1394 3963 LIBER
1432 3923 1712 3962 SECUNDUS.

525 4048 580 4103 In
611 4046 848 4102 secundo
873 4046 1009 4100 libro
1041 4045 1482 4114 Paralipomenon
1511 4052 1855 4098 recensentur
1887 4049 2035 4110 gesta

451 4157 657 4211 regum.
704 4140 804 4207 Qui
861 4150 1038 4193 autem
1105 4138 1192 4192 illa
1262 4136 1696 4206 descripserunt,
1765 4134 2036 4203 prophetae.

455 4235 531 4289 illi
561 4234 771 4287 luerunt
795 4232 882 4300 qui
926 4230 1150 4285 diversis
1180 4227 1328 4283 fuere
1357 4227 1704 4296 temporibus.
1747 4226 1816 4281 Ut
1859 4236 2036 4280 autem

453 4325 755 4393 singulatim
784 4322 983 4377 sciatur
1003 4322 1216 4390 quinam
1247 4319 1360 4374 bare
1388 4320 1717 4389 scripserint,
1741 4318 2034 4372 observan-

454 4418 584 4470 dum
614 4424 696 4469 est
738 4413 825 4468 hic
858 4423 1005 4484 gesta
1054 4411 1236 4465 haberi
1286 4411 1522 4465 omnium
1569 4425 1752 4478 regum
1783 4409 1940 4462 Israel
1983 4417 2038 4463 et

452 4508 588 4563 Jnda
615 4525 629 4571 ;
659 4522 720 4561 ea
739 4506 941 4559 scilicet
959 4520 1076 4574 quae
1098 4505 1452 4572 praetermissa
1480 4511 1602 4556 sunt
1623 4503 1673 4556 in
1706 4501 1923 4556 historia
1949 4517 2036 4554 re-

452 4617 599 4670 gum.
632 4599 733 4668 Qui
773 4613 930 4667 porro
975 4598 1152 4651 omnia
1195 4597 1429 4665 ipsorum
1465 4604 1611 4665 gesta
1641 4594 2038 4663 descripserunt
2069 4643 2073 4646 .

457 4690 512 4744 bi
540 4699 668 4745 sunt
696 4707 709 4744 :
741 4687 952 4742 Davidis
983 4694 1130 4757 gesta
1173 4687 1501 4754 scripserunt
1547 4684 1800 4750 Samuel,
1830 4683 2036 4739 Nathan

451 4792 507 4836 et
537 4781 650 4836 Gad
674 4779 945 4851 prophetae
974 4795 986 4831 :
1021 4778 1341 4839 Salomonis,
1369 4776 1570 4830 Nathan
1597 4785 1650 4830 et
1695 4775 1889 4830 Achias
1909 4790 2034 4844 pro-

455 4874 635 4943 pheta:
665 4891 679 4926 :
704 4872 1028 4935 .Ieroboami,
1054 4870 1272 4924 Semeas
1292 4877 1345 4921 et
1361 4868 1510 4921 Addo
1533 4866 1802 4936 propheta:
1825 4882 1838 4918 :
1865 4867 2033 4934 Abite,

457 4965 614 5022 Addo
659 4962 941 5032 prOpheta.
982 4965 1100 5014 Asse
1125 4971 1272 5031 gesta
1305 4959 1565 5013 habentur
1593 4960 1644 5012 in
1673 4958 1808 5012 libro
1835 4973 2039 5014 sermo-

459 5072 587 5112 num
634 5056 701 5110 de
742 5054 955 5123 regibus
993 5051 1129 5106 Juda
1165 5069 1178 5104 :
1222 5049 1492 5119 .Iosaphati
1526 5092 1540 5114 ,
1589 5047 1725 5104 Jehu
1751 5052 2028 5122 propheta,

459 5151 599 5206 ﬁlius
642 5149 878 5209 Aname,
927 5146 1017 5214 qui
1045 5143 1257 5211 scripsit
1294 5142 1482 5196 librum
1510 5155 1814 5196 sermonum
1856 5155 2036 5208 regum

458 5239 639 5294 Israel.
670 5237 798 5306 Qua:
844 5236 972 5292 Joas
1017 5235 1216 5304 gessit,
1245 5233 1410 5287 relata
1458 5241 1582 5285 sunt
1627 5232 1678 5291 in
1721 5231 2037 5299 scripturam

462 5323 788 5402 Regnorum.
821 5328 950 5396 Quae.
994 5327 1256 5390 Amasias,
1304 5325 1355 5377 in
1387 5324 1576 5378 librum
1609 5338 1791 5393 regum
1825 5321 1954 5375 Iuda
1985 5329 2040 5374 et

461 5424 643 5481 Israel.
676 5424 804 5491 Quae
822 5422 997 5484 Ozias,
1015 5420 1227 5488 scripsit
1254 5418 1414 5472 Isaias
1441 5415 1717 5487 propheta.
1763 5415 1890 5482 Qua:
1915 5413 2040 5468 Joa-

462 5519 632 5582 Ibam,
663 5517 716 5570 in
744 5515 881 5569 libro
906 5527 1088 5581 regum
1118 5510 1252 5566 Iuda
1289 5517 1341 5564 et
1368 5508 1549 5564 Israel.
1577 5507 1707 5575 Quae
1745 5506 1945 5574 Acbaz,
1984 5505 2039 5560 in

526 5693 602 5802 (az
624 5701 736 5751 Quae
780 5691 1072 5759 sequuntur,
1095 5684 1158 5733 de
1199 5680 1322 5756 libro
1366 5682 1521 5746 primo
1559 5678 1947 5752 Paralipomenon
1960 5678 2040 5752 odi-

526 5772 558 5802 ι.
601 5767 687 5802 ere
709 5753 948 5800 habentur
983 5761 1032 5796 ιη
1071 5753 1262 5802 SyquSi
1301 5745 1380 5794 illa
1401 5784 1414 5802 ,
1439 5755 1548 5802 quae
1572 5743 1815 5792 Athanasii
1846 5753 2040 5791 nomme

461 5743 558 5816 ω’,
580 5743 687 5804 fere
709 5743 948 5816 habentur
983 5751 1032 5816 in
1071 5746 1280 5816 Syuopsih
1301 5743 1384 5794 illa
1401 5784 1414 5804 ,
1439 5755 1548 5808 quae
1572 5743 1815 5792 Athanasii
1846 5743 2040 5791 neruine

460 5809 728 5880 coit-paret,
753 5812 842 5863 sed
861 5812 1062 5860 brevius
1077 5809 1334 5858 recemita.

1553 343 1876 400 SYNUI‘SIS
1911 340 2318 398 SCRIPTURAE
2357 343 2624 403 SACRE.

3622 351 3725 405 sas
3762 357 3773 366 -

2145 458 2278 513 libro
2307 475 2485 530 regum
2507 461 2641 516 .Iuda
2659 472 2711 516 et
2735 462 2914 519 Israel.
2946 464 3074 534 Quae
3097 463 3367 526 Ezechias,
3403 465 3563 522 Isaias
3585 467 3725 522 illius

2141 551 2303 605 Amos
2330 554 2606 622 propheta.
2638 554 2766 620 Quae
2809 557 3078 618 Manasses
3098 599 3113 623 ,
3165 558 3215 611 in
3246 557 3381 611 libro
3409 559 3722 614 videntium.

2138 646 2268 711 Qum
2295 645 2554 712 Josias,in
2585 648 2718 702 libro
2755 665 2934 718 regum
2961 650 3094 705 Juda
3124 661 3176 704 et
3203 651 3386 706 Israel.
3420 652 3547 717 Qua:
3594 651 3721 704 .Ina-

2140 737 2303 802 chim,
2339 738 2388 790 in
2420 737 2556 790 libro
2585 754 2766 807 regum
2793 739 2927 793 Juda
2957 751 3011 795 et
3039 740 3218 795 Israel.
3252 741 3375 796 Ilazc
3416 742 3490 796 sic
3539 743 3718 811 dispu-

2141 828 2236 882 sita
2284 829 2624 883 inveniuntur
2652 831 2704 883 in
2738 831 3150 901 Paralipomenis
3193 850 3397 904 regum.

2543 981 2767 1032 esnaxs,
2811 982 2966 1022 mssa
2995 983 3180 1024 ramus
3211 970 3310 1041 (a).

2214 1102 2410 1156 Esdras
2437 1113 2654 1157 vocatur
2681 1104 2766 1158 hic
2790 1104 2940 1172 liber,
2972 1105 3090 1171 quia
3126 1107 3236 1174 ipse
3265 1107 3460 1162 Esdras
3475 1109 3728 1175 sacerdos

2140 1211 2258 1248 cum
2281 1206 2424 1250 es~et
2446 1205 2502 1250 rt
2526 1196 2708 1261 lector,
2737 1207 2950 1250 enarrat
2975 1213 3036 1252 ac
3052 1199 3304 1254 describit
3331 1203 3555 1256 reditum
3589 1203 3720 1258 ﬁlio-

2141 1302 2256 1339 rum
2287 1286 2447 1341 Israel
2475 1304 2538 1341 ex
2569 1288 2787 1342 Perside
2817 1290 2866 1341 in
2899 1289 3216 1344 Ierusalem.
3258 1291 3375 1345 Fuit
3399 1304 3574 1349 autem
3608 1300 3720 1352 red-.

2143 1379 2248 1433 itus
2277 1380 2448 1447 primo
2479 1380 2690 1448 quidem
2716 1398 2780 1434 ex
2805 1382 2958 1448 jussu
3004 1382 3124 1453 Cyri
3157 1393 3208 1445 et
3259 1383 3400 1438 Darii
3444 1403 3628 1456 regum
3675 1390 3722 1442 in

2142 1488 2300 1525 manu
2341 1473 2466 1529 Iesu
2508 1474 2598 1527 lilii
2628 1473 2853 1529 .Iosedec
2881 1485 2933 1527 et
2962 1475 3147 1529 Esdrm
3169 1484 3326 1544 atque
3355 1476 3720 1546 Zorobabelis,

2142 1567 2231 1634 qui
2274 1567 2415 1620 circa
2435 1569 2782 1636 qtm'slionem
2829 1568 3112 1636 quamdam
3143 1569 3557 1638 contendebant,
3591 1569 3726 1628 facta

2144 1661 2495 1728 promissione
2520 1701 2536 1725 ,
2586 1670 2644 1714 ut
2668 1661 2757 1731 qui
2803 1662 3037 1716 vinceret
3076 1678 3103 1716 a
3136 1678 3258 1733 rege
3285 1663 3536 1732 quidquid
3569 1665 3729 1720 vellet

2145 1761 2373 1820 peteret.
2401 1752 2537 1806 Cum
2583 1769 2719 1806 unus
2753 1768 2878 1821 ergo
2899 1753 3122 1808 dixisset
3149 1754 3336 1809 fortius
3361 1771 3481 1808 esse
3509 1756 3724 1823 viuum;

2141 1843 2276 1896 alter
2303 1842 2572 1896 fortiorem
2600 1858 2721 1896 esse
2750 1860 2950 1914 regem,
2983 1844 3279 1900 Zorohabel
3305 1847 3581 1900 contendit
3620 1849 3728 1900 for-

2142 1933 2303 1990 tiores
2324 1950 2446 1990 esse
2475 1935 2747 1997 mulieres,
2772 1937 3155 2003 veritatemque
3176 1952 3335 2005 super
3352 1940 3526 1992 omnia
3545 1940 3728 1994 excel-

2142 2025 2272 2081 lere.
2296 2026 2420 2081 Ila‘c
2439 2028 2558 2095 quia
2583 2028 2829 2098 loquutus
2851 2028 3165 2092 Zorobahel,
3195 2031 3362 2083 victor
3381 2033 3545 2085 erasit
3569 2051 3583 2085 :
3607 2049 3726 2086 cum

2136 2116 2316 2186 jussus
2345 2127 2487 2172 esset
2518 2129 2697 2187 petere
2727 2119 2868 2188 quod
2921 2119 3101 2184 vellet,
3154 2122 3301 2187 petiit
3351 2131 3405 2176 ut
3446 2125 3728 2191 captivitas

2141 2211 2456 2277 solvere-tur,
2481 2220 2537 2266 et
2561 2212 2856 2268 Jerusalem
2908 2213 3283 2270 a'dilicaretur.
3329 2216 3504 2283 Atque
3550 2217 3619 2270 ita
3653 2219 3728 2272 "ut

2141 2304 2295 2373 petiit
2344 2302 2542 2358 factum
2590 2314 2692 2370 est,
2725 2304 3050 2374 dimissaque
3099 2314 3181 2359 est
3229 2307 3526 2376 captivitas.
3575 2308 3725 2365 Tunc

2140 2395 2282 2449 etaim
2313 2397 2566 2464 temporis
2589 2395 2858 2462 adimpleti
2884 2405 3035 2450 erant
3057 2399 3388 2468 septuaginta
3413 2401 3506 2453 ine
3533 2402 3656 2454 anni
3687 2403 3724 2457 '.

2141 2486 2276 2542 Sunt
2306 2489 2480 2556 itaque
2500 2487 2571 2540 illi
2590 2489 2680 2556 qui
2701 2488 2766 2540 de
2795 2487 3100 2556 captivitate
3129 2490 3480 2552 ascenderunt
3510 2490 3723 2546 deJuda

2140 2587 2193 2632 et
2233 2579 2531 2647 Benjamiu,
2581 2595 2644 2634 ac
2694 2579 2912 2644 Levitm,
2969 2594 3192 2634 numero
3220 2580 3565 2648 quadraginta
3621 2583 3726 2635 duo

2140 2669 2330 2732 millia,
2361 2670 2482 2738 equi
2514 2671 2737 2736 trecenti
2785 2670 3022 2739 triginta,
3075 2671 3202 2724 tnnli
3248 2671 3460 2725 ducenti
3503 2673 3700 2740 quadra

2138 2763 2282 2834 ginta
2309 2764 2560 2833 quinque,
2588 2763 2775 2817 cameli
2805 2763 3170 2832 quadringenti
3200 2763 3412 2832 triginta
3450 2767 3683 2835 quinque
3711 2808 3725 2828 ,

2138 2857 2276 2912 servi
2308 2872 2489 2911 eorum
2519 2866 2572 2910 et
2599 2856 2808 2909 ancillae
2835 2865 3039 2923 septem
3069 2855 3231 2909 millia
3267 2856 3486 2908 trecenti
3518 2856 3723 2924 triginta

2139 2958 2384 3019 quatuor,
2417 2959 2664 3003 cantores
2687 2948 2920 3007 ducenti.
2953 2948 3085 3001 asini
3112 2963 3206 3002 sex
3235 2948 3375 3000 n'iille
3403 2949 3720 3015 septingenti

2137 3048 2192 3095 et
2217 3040 2418 3110 viginti.
2446 3040 2542 3106 Qui
2572 3038 2906 3092 a‘dilicabaut
2939 3048 3115 3092 autem
3153 3047 3306 3092 erant
3345 3037 3640 3093 Zorubabcl
3672 3049 3724 3092 ct

2136 3130 2293 3189 Jesus
2324 3131 2464 3186 (ilius
2488 3131 2712 3185 .Iosedec
2733 3141 2784 3185 et
2812 3128 3076 3184 Neemias.
3107 3129 3305 3185 Esdras
3331 3145 3460 3184 vero
3487 3146 3608 3184 cum
3637 3146 3721 3184 es-

2137 3234 2220 3280 set
2247 3225 2298 3279 in
2325 3224 2440 3294 lege
2469 3223 2691 3293 peritus,
2719 3223 2886 3292 legem
2912 3223 3129 3291 protulit
3151 3231 3309 3291 atque
3335 3221 3492 3291 legit,
3523 3223 3724 3277 consti-

2139 3317 2344 3387 tuitque
2369 3325 2558 3371 cuncta
2590 3315 2654 3368 ad
2685 3315 2940 3383 templum
2969 3323 3022 3368 et
3049 3315 3114 3367 ad
3143 3313 3356 3368 Levites
3384 3315 3718 3382 pertinentia.

2137 3409 2255 3477 Ipse
2285 3410 2452 3478 legem
2475 3405 2741 3472 ostendit;
2769 3408 2976 3460 curavit
2995 3405 3323 3475 alienigenas
3343 3419 3538 3460 uxores
3562 3403 3719 3472 abjici

2137 3501 2204 3556 ab
2233 3501 2315 3562 iis,
2346 3501 2431 3570 qui
2464 3515 2554 3554 eas
2585 3507 2824 3567 tempore
2847 3496 3164 3566 captivitatis
3189 3496 3468 3550 duxerant.
3497 3495 3721 3564 Abjece-

2138 3603 2261 3647 runt
2285 3603 2461 3648 autem
2489 3607 2697 3651 omnes,
2728 3600 2780 3645 et
2808 3589 3042 3644 Inundati
3073 3598 3216 3652 sunt,
3239 3599 3292 3644 et
3319 3588 3606 3644 celebravit
3627 3603 3720 3657 pa-

2137 3689 2286 3747 scha.
2315 3686 2609 3740 secundum
2640 3685 2831 3753 legem.
2864 3691 2924 3738 ut
2945 3685 3197 3751 scriptum
3226 3689 3330 3745 est,
3353 3695 3558 3737 necnon
3577 3681 3721 3752 jeju-

2141 3780 2309 3843 nium,
2335 3789 2388 3834 et
2415 3780 2493 3832 sic
2522 3778 2815 3830 absolvitur
2845 3776 3048 3845 primus
3077 3773 3274 3828 Esdras
3303 3773 3454 3827 liber.

2567 3926 2728 3964 SECUN
2741 3925 2832 3964 DIIS
2885 3925 3035 3964 LIBER
3074 3922 3274 3962 ESDRE.

2212 4047 2267 4101 In
2297 4047 2397 4101 hoc
2425 4046 2559 4101 libro
2593 4044 2780 4100 eadem
2804 4044 2914 4113 ipsa
2944 4059 3062 4113 qua:
3087 4042 3138 4096 in
3168 4043 3338 4110 primo
3368 4041 3494 4097 dicit
3528 4042 3720 4096 Esdras

2139 4138 2207 4193 de
2229 4138 2422 4200 reditu,
2472 4137 2533 4190 iis
2563 4136 2820 4204 exceptis,
2848 4151 2966 4204 qua:
2995 4132 3380 4203 probletnatnm
3413 4149 3559 4187 more
3581 4133 3718 4189 dit-ta

2141 4227 2370 4282 fuerant.
2405 4227 2560 4281 Plura
2585 4241 2712 4280 vero
2738 4225 2805 4279 de
2833 4225 3047 4279 Neemia
3075 4225 3320 4278 eunucho
3351 4233 3548 4287 narrat,
3581 4225 3722 4293 quod

2137 4319 2255 4388 ipse
2300 4319 2479 4388 templi
2508 4318 2914 4371 :cdilicationem
2955 4316 3196 4386 petierit;
3237 4327 3292 4369 et
3319 4315 3586 4384 quomodo
3627 4297 3723 4370 Es;

2139 4412 2264 4465 dras
2281 4410 2490 4480 quidem
2517 4411 2738 4478 legeret,
2771 4409 2926 4464 .Iesns
2943 4423 3068 4463 vero
3093 4417 3147 4463 et
3174 4408 3377 4462 Baneas
3397 4418 3450 4461 et
3476 4407 3725 4463 Sarabias

2142 4503 2391 4573 populum
2423 4501 2715 4556 erudirent.
2748 4502 2812 4553 Et
2835 4499 3030 4555 Esdras
3059 4499 3272 4568 quidem
3321 4499 3503 4568 legens
3529 4499 3722 4552 distin-

2139 4596 2217 4650 xit
2241 4595 2292 4649 in
2323 4595 2542 4648 scientia
2583 4592 2791 4647 Domini
2825 4611 2837 4646 :
2873 4592 3097 4664 populus
3127 4602 3303 4646 autem
3335 4592 3598 4647 intellexit
3644 4593 3722 4644 lc-

2140 4689 2394 4749 ctionem,
2424 4694 2479 4742 et
2505 4685 2796 4740 celebravit
2826 4683 3112 4751 pascha,el
3134 4683 3364 4752 septimo
3385 4697 3570 4737 mense
3602 4682 3726 4736 fecit

2137 4780 2396 4851 jejunium
2426 4787 2477 4833 et
2499 4775 2892 4844 scenopegiam,
2912 4783 2969 4827 ut
2992 4772 3244 4841 scriptum
3275 4783 3355 4826 est
3387 4789 3399 4825 :
3432 4771 3552 4826 Non
3588 4775 3721 4841 fece-

2141 4881 2260 4926 runt
2293 4871 2360 4923 ad
2388 4870 2520 4923 hunc
2546 4869 2750 4921 modum
2777 4884 2808 4919 α
2831 4866 3002 4920 diebus
3027 4865 3150 4919 Jesu
3169 4865 3265 4934 ﬁlii
3292 4863 3436 4918 Nave
3457 4865 3532 4934 (2.
3565 4863 3723 4916 Esdr.

2143 4963 2196 5017 8.
2225 4962 2288 5016 I7
2313 4961 2350 5031 ).
2373 4960 2572 5014 Esdras
2593 4974 2720 5013 vero
2739 4973 2859 5012 cum
2885 4958 3107 5012 vidisset
3125 4958 3335 5011 Azotias
3353 4957 3600 5009 Innlieres
3627 4955 3726 5008 Ile~

2142 5052 2302 5107 bracis
2326 5051 2574 5120 conjugio
2599 5049 2829 5119 jnnctas,
2865 5049 3111 5102 omnibus
3139 5046 3398 5117 persuasit
3427 5056 3479 5097 ut
3503 5046 3724 5113 promit-

2143 5152 2317 5198 terent
2345 5157 2404 5196 se
2429 5143 2596 5211 legem
2631 5140 2725 5194 Dei
2756 5149 3081 5195 servaturos.
3103 5138 3167 5192 Et
3194 5137 3348 5204 cjccit
3388 5135 3504 5188 illas
3533 5135 3723 5189 mulie-

2143 5251 2267 5301 res,
2303 5245 2569 5304 tamquam
2622 5232 2960 5303 illegitimas,
2990 5241 3044 5284 et
3093 5229 3340 5298 jurarunt
3385 5226 3612 5279 universi
3663 5242 3724 5283 se

2144 5327 2318 5397 legem
2345 5336 2672 5382 servaturos.
2721 5327 2894 5394 Atque
2925 5324 2994 5377 ita
3027 5317 3334 5374 sanctiﬁcatl
3376 5327 3429 5370 et
3460 5317 3716 5386 mundati,

2143 5417 2304 5472 laatati
2341 5425 2484 5481 sunt,
2529 5425 2584 5471 et
2628 5415 2871 5470 abierunt
2944 5411 3132 5481 singuli
3181 5411 3230 5463 in
3287 5410 3501 5462 domum
3547 5425 3718 5466 suam.

2208 5557 2222 5587 ¹
2251 5552 2419 5602 Altera
2439 5553 2677 5616 Synepsis,
2693 5546 3059 5616 seqragimaira:
3080 5545 3216 5616 anni;
3233 5544 3382 5616 male.

2205 5617 2279 5677 (α)
2303 5617 2418 5678 Huic
2454 5606 2835 5678 s'yno'psi'primi'
2861 5611 2980 5678 libri
3013 5606 3472 5678 tjsdrmusimilisest
3508 5612 3727 5678 Synepsis

2145 5671 2374 5748 ejusdem
2383 5671 2508 5748 libri,
2525 5671 2776 5748 quaeinter
2792 5686 2947 5748 opera
2956 5671 3201 5748 Athanasii
3214 5671 3488 5748 reperitur:
3507 5672 3589 5727 Qui
3611 5683 3728 5748 vt-rq

2143 5728 2325 5804 primus
2345 5728 2506 5804 Esdras
2526 5728 2652 5786 liber
2675 5737 2755 5804 hic
2775 5728 2964 5789 dicitur,
2992 5740 3068 5781 est
3089 5728 3359 5803 in_Vngata
3377 5733 3569 5789 tertius,
3596 5739 3646 5780 et
3675 5732 3733 5779 ad

2148 5795 2329 5854 calcem
2353 5800 2608 5850 Bibliorum
2632 5799 2814 5860 positus
2839 5805 2976 5845 extra
2991 5795 3262 5845 canonicos.
