4102 6322
421 380 527 438 359

419 498 673 554 Narratur
700 505 877 550 autem
905 504 958 549 et
987 493 1089 549 hoc
1115 498 1182 550 de
1211 494 1402 561 Esdra,
1432 493 1571 564 quod
1599 509 1720 549 cum
1750 493 1869 547 libri
1899 507 1994 561 per

420 590 676 646 incuriam
700 589 874 660 populi
896 598 949 643 et
976 588 1279 643 diuturnam
1306 588 1661 657 captivitatem
1691 586 1990 657 periissent,

417 684 532 756 ipse
557 685 695 751 illos,
728 698 848 738 cum
874 683 954 738 vir
979 692 1124 738 esset
1144 683 1355 738 honesti
1385 682 1675 748 studiosus,
1706 680 1997 735 industrius

416 786 470 831 et
499 776 667 831 lector
686 818 702 841 ,
726 776 865 847 apud
908 791 968 831 se
1012 776 1190 830 omnia
1217 775 1562 839 custodierit,
1591 789 1653 828 ac
1684 772 1993 844 protulerit,

418 882 480 922 ac
507 882 720 922 rursum
748 866 997 933 ediderit,
1029 876 1185 936 atque
1212 867 1289 920 sic
1320 866 1482 920 libros
1507 864 1816 919 servaverit.

997 976 1151 1015 ιιιιειι
1186 974 1411 1015 ESTBEB.

493 1052 587 1109 llic
612 1053 746 1111 liber
774 1054 970 1109 Esther
994 1063 1229 1115 vocatur,
1262 1052 1383 1121 quia
1422 1066 1518 1120 per
1546 1050 1821 1105 Estheram
1861 1049 1998 1105 Deus

417 1161 541 1200 mox
573 1145 807 1200 funditus
833 1146 1096 1216 perituros
1123 1143 1335 1199 Iuda-os
1363 1143 1612 1207 servavit,
1650 1143 1818 1196 Aman
1849 1156 1995 1205 vero,

417 1236 507 1305 qui
558 1235 777 1291 insidias
832 1234 1267 1297 maehinabatur,
1330 1233 1611 1302 percussit.
1677 1234 2001 1286 Artaxerxes

418 1326 559 1380 enim
587 1340 683 1382 rex
710 1326 1014 1387 Persarum,
1041 1324 1312 1394 repudiata
1339 1338 1504 1378 uxore
1528 1338 1641 1387 sua,
1666 1323 1821 1376 aliam
1844 1323 1896 1375 in
1916 1338 2001 1376 re-

418 1433 524 1487 gno
547 1432 665 1482 suo,
697 1433 815 1487 quae
844 1418 1077 1472 omnium
1122 1425 1261 1471 esset
1302 1414 1653 1485 pulcherrima
1704 1423 1758 1468 et
1806 1414 2003 1468 formo—

418 1510 650 1574 sissima,
681 1509 780 1562 sibi
806 1508 1054 1578 mixesivit
1084 1522 1331 1570 uxorem;
1363 1516 1413 1561 et
1445 1507 1657 1560 inventa
1678 1514 1759 1560 est
1785 1506 1997 1570 Esther,

417 1602 634 1658 natione
655 1601 862 1657 Judaza.
891 1600 967 1655 Illi
988 1609 1243 1670 cognatus
1266 1609 1381 1654 erat
1401 1600 1615 1654 nomine
1638 1597 2002 1653 Mardochaeus

419 1709 482 1748 cx
517 1692 819 1761 captivitate
844 1706 963 1762 qua:
992 1691 1089 1746 sub
1118 1690 1335 1745 Sedecia
1362 1690 1497 1745 facta
1526 1688 1699 1745 fuerat
1730 1689 1785 1743 in
1814 1690 1999 1744 eadem

419 1783 656 1853 regione.
680 1782 789 1837 Rex
807 1783 984 1852 itaque
1009 1796 1125 1836 cum
1157 1780 1432 1836 extulisset
1457 1795 1672 1835 suorum
1695 1779 1997 1849 quemdam,

420 1878 685 1929 Amanum
714 1875 946 1938 nomine,
974 1874 1203 1944 jusserat
1236 1872 1382 1926 illum
1409 1871 1477 1925 ab
1497 1871 1743 1925 omnibus
1767 1871 1998 1926 adorari.

421 1966 529 2021 Sed
569 1982 688 2020 cum
731 1964 1093 2021 Mardochmus
1138 1964 1392 2035 religione
1431 1978 1553 2033 erga
1596 1964 1759 2018 Deum
1800 1971 1997 2030 motus,

420 2058 691 2113 hominem
719 2072 821 2111 non
850 2057 1109 2119 adoraret,
1132 2071 1244 2111 rem
1275 2055 1486 2125 indigne
1506 2057 1623 2110 tulit
1644 2057 1832 2121 Aman,
1854 2071 2002 2111 cum-

420 2164 526 2221 que
563 2148 834 2204 didicisset
883 2149 1054 2218 ipsum
1091 2163 1212 2202 esse
1251 2146 1491 2203 Judaeum
1517 2190 1532 2213 ,
1582 2148 1691 2218 regi
1724 2147 2001 2201 Artaxerxi

419 2238 704 2309 persuadet
734 2249 792 2293 ut
832 2240 1030 2309 scripto
1072 2237 1254 2308 jubeat
1297 2238 1574 2293 universos
1620 2239 1674 2293 in
1713 2252 1877 2308 regno
1904 2253 2003 2293 suo

420 2331 633 2388 Iudaeos
658 2347 765 2385 uno
789 2331 876 2387 die
904 2332 1101 2385 mensis
1119 2330 1416 2385 duodecimi
1448 2331 1656 2400 penitus
1681 2339 1733 2385 et
1764 2330 2003 2385 funditus

422 2423 609 2478 deleri.
642 2422 721 2477 Re
744 2431 1017 2491 comperta
1043 2420 1425 2489 Mardochaeus,
1466 2422 1597 2476 luxit
1632 2431 1686 2477 et
1720 2421 2000 2491 jejunavit,

418 2523 577 2584 atque
602 2514 842 2569 Estheraa
869 2514 1014 2569 misit
1050 2529 1243 2584 rogans
1271 2530 1426 2584 opem
1463 2515 1643 2571 terret.
1685 2516 1878 2572 ESther
1909 2518 2005 2572 ita-

416 2622 523 2677 que
546 2608 833 2676 praemissis
854 2607 1056 2677 jejunio
1084 2617 1139 2662 et
1162 2608 1553 2678 precationibus
1577 2608 1643 2663 ad
1674 2608 1858 2677 Deum,
1882 2626 2001 2664 mu-

420 2699 574 2753 liebri
598 2712 657 2753 se
682 2699 879 2753 mundo
902 2698 1107 2752 ornavit
1131 2716 1145 2753 :
1178 2713 1277 2753 nec
1299 2707 1482 2753 vocata
1504 2700 1697 2770 (neque
1722 2701 1862 2755 enim
1889 2710 2005 2755 erat

418 2790 618 2843 licitum
650 2804 755 2843 non
782 2789 981 2843 vocatis
1007 2788 1156 2842 adire
1185 2788 1411 2858 regem),
1438 2799 1668 2843 attamen
1698 2790 1911 2845 intravit
1933 2790 2000 2846 ad

419 2896 620 2951 regem,
654 2896 757 2935 non
788 2890 1093 2950 exspectata
1138 2881 1392 2949 temporis
1428 2882 1841 2950 Opportunitate,
1879 2898 2000 2951 spe-

419 2988 545 3027 rans
582 2971 943 3042 precationem
981 2972 1391 3041 opportunitatis
1428 2973 1545 3026 loco
1584 2974 1834 3029 futuram.
1871 2974 2000 3029 Cum

418 3074 597 3121 autem
629 3082 720 3121 rex
748 3066 1082 3120 insolentiam
1124 3064 1245 3119 facti
1277 3066 1575 3129 miraretur,
1608 3065 1695 3120 illa
1724 3066 1776 3120 in
1806 3075 2000 3121 terram

417 3174 532 3228 pne
566 3166 708 3213 metu
736 3158 969 3227 collapsa
996 3167 1097 3213 est.
1131 3158 1199 3211 At
1235 3159 1375 3228 regis
1421 3159 1748 3215 iracundiam
1781 3161 1919 3216 Deus
1949 3162 1999 3216 in

420 3265 634 3303 suavem
664 3248 911 3303 affectum
955 3258 1010 3304 et
1047 3247 1503 3305 mansuetudinem
1548 3252 1792 3317 mutavit,
1834 3253 1904 3306 ita
1942 3263 2000 3306 ut

418 3355 642 3411 surgens
664 3349 981 3410 prostratam
1019 3340 1161 3395 illam
1191 3341 1435 3410 erigeret,
1469 3350 1524 3396 et
1563 3352 1761 3398 metum
1802 3358 2003 3412 ponere

420 3430 742 3497 hortaretur,
776 3432 883 3485 imo
901 3432 1169 3501 optionem
1199 3431 1351 3487 daret
1375 3432 1584 3501 petendi
1615 3433 1865 3503 quidquid
1894 3435 2004 3489 vel-

421 3522 517 3579 let.
549 3522 637 3577 llla
669 3532 727 3577 ut
756 3540 846 3578 rex
874 3538 993 3579 cum
1029 3526 1235 3578 Amano
1269 3523 1335 3578 ad
1378 3525 1675 3579 convivium
1710 3540 1863 3580 suum
1907 3542 2002 3582 ve-

420 3614 539 3668 nire
570 3612 898 3683 dignaretur,
936 3628 1044 3669 non
1067 3615 1253 3679 semel,
1285 3614 1379 3670 sed
1416 3617 1649 3671 secundo
1673 3632 1883 3686 quoque
1911 3633 2003 3688 pe-

422 3706 521 3759 tiit.
556 3706 721 3760 Aman
747 3722 853 3775 pra:
870 3705 1061 3776 gaudio
1081 3705 1283 3761 effusus
1301 3722 1363 3761 ac
1381 3709 1631 3777 gestiens,
1654 3708 1793 3779 quod
1810 3709 2002 3780 dignus

422 3800 708 3857 haberetur
741 3816 769 3855 a
801 3802 981 3871 regina
1017 3800 1226 3866 vocari,
1270 3799 1444 3855 adhuc
1481 3801 1711 3871 amplius
1748 3802 2002 3857 adversus

421 3893 814 3949 Mardoehacum
840 3893 1143 3963 erigebatur
1171 3911 1184 3946 :
1216 3893 1524 3963 curavitque
1550 3895 1747 3963 lignum
1775 3894 2002 3950 sublime

422 3986 614 4051 excidi,
642 3988 828 4041 volens
855 3988 906 4040 in
947 4001 1010 4040 eo
1048 3995 1302 4057 sequente
1326 3986 1412 4041 die
1441 3986 1765 4057 suspendere
1790 3987 2000 4042 Mardo-

423 4078 654 4133 chzeum.
686 4078 798 4133 Rex
826 4092 955 4155 vero
985 4078 1122 4132 bona
1149 4077 1375 4147 quadam
1410 4078 1763 4147 providentia,
1791 4088 1999 4134 noctem

423 4172 565 4227 illam
593 4170 743 4225 duxit
769 4171 1086 4234 insomnem,
1119 4180 1315 4225 etcum
1343 4169 1576 4225 dormire
1604 4171 1865 4242 nequiret,
1883 4171 2001 4241 jus-

416 4260 494 4316 sit
517 4260 615 4314 sibi
642 4261 1053 4315 commentarios
1095 4269 1333 4316 actorum
1362 4275 1576 4316 suorum
1615 4262 1730 4333 legi.
1764 4263 2003 4334 Cumque

426 4350 752 4420 legerentur,
782 4360 997 4406 ventum
1025 4362 1107 4406 est
1134 4352 1201 4407 ad
1227 4368 1348 4407 eum
1387 4353 1583 4420 locum,
1615 4355 1666 4407 in
1710 4369 1815 4424 quo
1871 4357 2006 4412 seri-

422 4448 568 4508 ptum
591 4451 705 4494 erat
721 4440 1033 4496 beneﬁcium
1057 4444 1213 4513 regia
1234 4443 1562 4498 Mardocharo
1574 4445 1839 4500 collatum.
1860 4447 2001 4502 Duos

423 4531 566 4587 enim
592 4531 862 4585 eunuchos
909 4533 1020 4603 regi
1064 4533 1413 4600 insidiantes,
1460 4537 1569 4605 regi
1612 4536 1919 4605 prodiderat
1946 4547 2002 4592 et

421 4621 747 4677 convicerat.
777 4620 872 4675 Hic
900 4637 994 4675 rex
1033 4622 1103 4677 ob
1131 4623 1448 4679 Mardochtei
1474 4624 1705 4680 ofﬁcium
1734 4636 1883 4697 grato
1917 4627 1998 4680 af-

420 4712 591 4765 fectus
616 4710 813 4774 animo,
842 4712 1113 4780 quaerebat
1134 4728 1363 4783 quonam
1388 4715 1533 4769 illum
1557 4714 1760 4771 honore
1781 4732 1876 4786 pro
1899 4716 2001 4771 hoc

421 4798 682 4855 beneﬁcio
704 4801 948 4856 donaret.
976 4801 1106 4856 Cum
1134 4813 1312 4859 autem
1342 4822 1497 4861 mane
1518 4807 1582 4861 ad
1609 4824 1728 4861 eum
1758 4808 2001 4877 ingrede-

423 4902 569 4947 retur
592 4894 783 4958 Aman,
812 4894 999 4963 quaerit
1026 4895 1091 4949 ab
1116 4894 1205 4949 illo
1241 4912 1358 4964 rex,
1384 4913 1612 4967 quonam
1652 4908 1705 4953 et
1731 4900 1871 4969 quali
1899 4899 1999 4953 ho-

422 4997 553 5037 nore
573 4982 764 5052 dignus
794 4984 863 5037 sit
891 4984 955 5049 is,
985 4984 1072 5053 qui
1107 5000 1283 5053 regem
1312 4987 1571 5043 beneﬁcio
1604 4989 1884 5044 aﬂ'ecisset.
1916 4989 1997 5044 Ad

423 5074 525 5129 hoc
553 5074 743 5137 Aman,
771 5089 890 5128 cum
918 5088 977 5129 se
1000 5075 1345 5130 arbitraretur
1369 5093 1490 5131 eum
1517 5094 1655 5145 esse,
1688 5079 1754 5133 de
1775 5094 1880 5149 quo
1905 5095 1997 5135 rex

421 5169 711 5237 quaerebat,
741 5167 955 5238 dignum
982 5182 1104 5224 esse
1140 5168 1273 5223 dixit
1311 5170 1397 5239 qui
1437 5172 1700 5226 secundus
1726 5188 1819 5227 rex
1838 5189 1997 5229 voca-

422 5268 587 5315 retur.
612 5259 721 5314 Rex
764 5260 921 5331 igitur
950 5259 1338 5315 Mardochteum
1370 5261 1461 5316 illo
1490 5262 1694 5316 honore
1719 5264 1995 5333 celebrari,

421 5361 477 5407 et
500 5352 669 5407 Aman
700 5361 823 5409 ante
852 5353 995 5408 illum
1018 5354 1307 5424 procedere
1331 5355 1507 5425 jussit.
1532 5356 1725 5412 Esther
1752 5373 1879 5413 vero
1906 5374 1998 5430 op-

422 5445 797 5514 portunitatem
835 5458 984 5501 nacta
1031 5462 1127 5518 pro
1167 5447 1363 5504 Iudaeis
1401 5450 1590 5503 oravit.
1636 5449 1835 5506 Deinde
1875 5468 1996 5507 cum

424 5550 518 5591 rex
542 5552 773 5593 mterore
797 5539 1015 5594 aﬂ‘ectus
1046 5550 1261 5609 propter
1288 5540 1559 5611 indignum
1585 5551 1767 5597 contra
1785 5543 1997 5600 Iudaeos

425 5624 688 5690 edictum,
741 5637 795 5682 et
846 5627 1099 5684 adversus
1155 5631 1412 5686 Amanum
1456 5633 1621 5687 iratus
1660 5648 1834 5701 esset,
1885 5636 1998 5705 ipse

427 5717 619 5781 Aman,
650 5734 771 5789 rege
805 5720 1045 5787 absente,
1084 5722 1323 5778 Estherze
1361 5725 1691 5795 supplicavit,
1731 5727 1797 5781 ad
1826 5743 1997 5797 genua

427 5810 567 5868 illius
598 5814 945 5881 procumbens
975 5824 1131 5883 atque
1156 5816 1399 5874 adorans.
1422 5818 1553 5889 Rex,
1581 5836 1700 5875 cum
1728 5820 1995 5891 ingressus

1159 377 1210 434 S.
1253 376 1529 435 JOANNIS
1562 372 2036 433 CHRYSOSTOMI
2074 372 2386 429 ARCHIEI’.
2426 373 2953 431 CONSTANTINOP.

3577 378 3683 432 350

2105 492 2309 547 videret
2339 495 2601 549 Amanum
2624 510 2795 565 genua
2818 495 3014 565 regina:
3036 496 3360 567 contingere,
3387 498 3681 567 suspicatus

2101 584 2242 654 quod
2270 586 2608 655 turpitudinis
2632 601 2788 642 causa
2816 587 2868 641 id
2905 586 3135 655 faceret,
3158 588 3314 658 jussit
3338 592 3508 644 Aman
3544 592 3597 646 in
3621 591 3680 644 li-

2100 692 2227 747 gno,
2260 678 2400 748 quod
2442 678 2774 733 Mardocbaeo
2812 689 3109 749 paraverat,
3152 682 3436 749 suspendi;
3473 684 3681 755 scripsit

2100 778 2275 823 autem
2294 778 2350 823 ut
2368 769 2535 824 Judaei
2549 770 2759 841 quidem
2772 786 2957 826 omnes
2978 772 3337 826 incolumitate
3358 772 3675 839 fruerentur,

2102 862 2286 917 hostes
2312 876 2441 916 vero
2479 878 2664 917 eorum
2694 863 2762 917 ab
2798 863 2903 918 illis
2943 864 3390 919 interimerentur.
3420 865 3678 920 Numerus

2101 964 2277 1009 autem
2307 970 2491 1009 eorum
2513 957 2600 1025 qui
2630 972 2659 1011 a
2687 955 2883 1011 Judzeis
2902 958 3062 1011 occisi
3090 969 3233 1024 sunt,
3263 958 3359 1011 fuit
3377 958 3675 1029 quindecim

2103 1046 2325 1100 millium
2356 1065 2369 1101 :
2413 1048 2637 1117 ideoque
2675 1048 2793 1103 festi
2836 1049 2939 1103 illis
2965 1048 3080 1103 dies
3120 1048 3264 1104 fuere
3313 1049 3428 1103 dies
3465 1060 3676 1120 quartus

2102 1138 2359 1204 decimus,
2392 1150 2447 1193 et
2488 1141 2706 1210 quintus
2734 1141 2970 1195 decimus
3000 1141 3199 1195 mensis
3229 1141 3550 1204 duodecimi,
3591 1142 3674 1211 qui

2104 1240 2321 1283 vocatur
2348 1229 2509 1284 Adar.
2540 1231 2769 1285 Vocatur
2795 1243 2969 1287 autem
2999 1232 3084 1285 illa
3107 1232 3222 1287 dies
3250 1233 3483 1301 ipsorum
3507 1233 3674 1301 lingua

2105 1321 2298 1374 Phura.
2329 1322 2662 1392 Quapropter
2708 1324 2793 1378 illa
2840 1324 2928 1379 die
2970 1324 3139 1379 Judzri
3174 1326 3434 1378 Amanum
3465 1325 3675 1379 combu-

2106 1420 2246 1477 runt,
2278 1422 2331 1466 et
2357 1412 2549 1467 festum
2572 1414 2711 1468 diem
2738 1425 2900 1484 agunt
2930 1416 3115 1470 salutis
3137 1415 3369 1485 ipsorum
3404 1415 3678 1469 memoriae

2108 1502 2231 1557 lem.
2257 1500 2311 1557 In
2338 1503 2524 1575 hisque
2555 1508 2865 1560 terminatur
2886 1506 3042 1561 liber.

2704 1614 2857 1653 LIBER
2894 1615 3071 1654 TOBIT.

2177 1686 2334 1742 Tobit
2357 1697 2577 1743 vocatur
2606 1689 2689 1743 hic
2711 1690 2862 1754 liber,
2894 1691 3015 1760 quia
3039 1690 3202 1758 ipsius
3226 1689 3382 1745 Tobit
3409 1690 3676 1747 hiStoriam

2104 1780 2357 1833 continet.
2384 1780 2509 1834 Erat
2531 1789 2705 1835 autem
2726 1780 2881 1835 Tobit
2905 1781 2973 1836 de
2999 1782 3134 1836 tribu
3166 1780 3524 1851 Nepbthalim,
3558 1782 3677 1837 fuit-

2105 1886 2209 1940 que
2251 1872 2300 1925 in
2344 1872 2699 1941 captivitatem
2741 1873 3020 1939 adductus,
3048 1884 3103 1927 et
3127 1873 3355 1942 degebat
3391 1876 3443 1929 in
3471 1876 3681 1933 civitate

2104 1960 2312 2027 Ninive,
2337 1963 2639 2017 misericors
2658 1977 2720 2017 ac
2746 1963 3043 2033 religiosus.
3076 1965 3282 2019 Etenim
3304 1980 3424 2020 cum
3446 1966 3497 2020 in
3519 1968 3679 2037 capti-

2105 2056 2265 2110 vitate
2290 2066 2452 2123 esset,
2481 2072 2813 2111 communem
2844 2072 3031 2126 panem
3056 2074 3120 2113 ex
3139 2058 3385 2127 gentibus
3415 2074 3520 2113 non
3542 2074 3681 2114 com-

2106 2147 2234 2213 edit,
2276 2148 2369 2202 sed
2411 2149 2644 2218 seipsum
2698 2150 2998 2205 custodivit.
3062 2151 3189 2205 Erat
3237 2162 3413 2205 autem
3458 2169 3677 2209 annona:

2107 2239 2385 2308 praefectus
2414 2240 2553 2309 apud
2596 2257 2773 2311 regem
2818 2241 3218 2307 Enemasarum,
3250 2251 3306 2298 et
3348 2245 3590 2314 deposuit
3626 2246 3677 2301 in

2105 2332 2271 2386 Media
2294 2333 2478 2387 decem
2505 2334 2697 2388 talenta
2722 2334 2860 2403 apud
2888 2333 3194 2389 Gabaelem.
3224 2333 3311 2388 lsti
3342 2351 3505 2404 porro
3528 2336 3676 2391 Tobit

2106 2424 2336 2479 studium
2362 2433 2474 2479 erat
2500 2425 2788 2495 sepeliendi
2821 2434 3057 2479 mortuos
3078 2441 3143 2479 ex
3166 2425 3383 2480 Judaeis.
3418 2427 3581 2496 llnjus
3604 2429 3675 2481 rei

2107 2517 2270 2585 gratia
2294 2516 2499 2570 delatus
2538 2516 2604 2570 ad
2640 2532 2818 2586 regem
2847 2516 3173 2582 Achirelem,
3212 2517 3334 2587 fuga
3363 2518 3465 2573 sibi
3489 2534 3678 2573 consu-

2111 2607 2227 2661 luit.
2260 2607 2659 2678 Regressusque
2684 2624 2715 2662 e
2748 2607 2900 2678 fuga,
2942 2624 3060 2662 cum
3094 2619 3421 2663 mortuorum
3462 2610 3679 2679 aliquem

2106 2698 2401 2767 sepelisset,
2428 2708 2577 2753 extra
2614 2712 2795 2753 muros
2818 2698 3154 2764 obdormivit,
3180 2709 3234 2753 et
3261 2714 3382 2754 cum
3418 2715 3514 2769 pro
3541 2716 3679 2755 more

2106 2803 2205 2843 suo
2233 2798 2445 2857 apertos
2474 2787 2696 2843 haberet
2722 2790 2859 2844 inter
2882 2789 3249 2845 dormiendum
3277 2791 3480 2857 oculos,
3511 2806 3678 2861 passe-

2106 2880 2253 2935 ribus
2277 2895 2508 2950 superne
2532 2882 2585 2935 in
2611 2882 2791 2935 oculos
2826 2883 2941 2951 ejus
2966 2893 3174 2938 stercus
3205 2884 3587 2945 emittentibus,
3609 2885 3680 2938 al-

2108 2969 2355 3040 buginem
2390 2971 2673 3037 contraxit,
2715 2986 2885 3042 neque
2918 2972 3053 3026 ultra
3092 2972 3326 3027 videbat.
3353 2973 3481 3028 Erat
3512 2985 3678 3028 autem

2108 3059 2391 3114 Ecbatanis
2432 3061 2536 3115 ﬁlia
2566 3061 2812 3131 Raguelis
2840 3064 3047 3133 cognati
3077 3064 3241 3134 ipsius
3268 3063 3426 3120 Sarra
3454 3066 3679 3120 nomine.

2105 3150 2252 3206 Ilane
2272 3152 2479 3207 dmmon
2510 3154 2821 3208 Asmodzeus
2841 3170 2942 3208 non
2974 3155 3307 3224 permittebat
3332 3165 3391 3210 ut
3412 3158 3680 3228 quisquam

2107 3260 2326 3301 uxorem
2370 3245 2589 3301 duceret
2622 3265 2635 3301 :
2663 3247 2772 3316 jam
2818 3248 2959 3303 enim
3004 3258 3209 3317 septem
3263 3249 3549 3318 occiderat,
3597 3251 3680 3320 qui

2106 3336 2250 3390 illam
2275 3351 2521 3405 sponsam
2549 3347 2881 3407 acceperant.
2911 3339 3139 3408 Propter
3164 3338 3301 3394 hanc
3328 3356 3540 3395 causam
3566 3356 3680 3396 eum

2106 3426 2451 3482 vehementer
2489 3429 2798 3483 contristata
2850 3439 3010 3496 esset,
3056 3431 3259 3495 oravit;
3310 3431 3557 3503 misitque
3609 3433 3678 3487 illi

2106 3517 2249 3572 Deus
2295 3519 2659 3574 auxiliatorem
2718 3519 3038 3588 Raphaelem
3090 3521 3488 3592 archangelum.
3533 3522 3680 3577 Tobit

2105 3610 2282 3679 igitur,
2310 3626 2430 3666 cum
2453 3611 2562 3665 ﬁlio
2583 3626 2679 3666 suo
2703 3611 2882 3667 Tobiae
2908 3613 3218 3682 przeciperet
3252 3629 3317 3667 ne
3345 3614 3445 3669 sibi
3474 3614 3679 3669 aliunde

2106 3716 2347 3767 uxorem,
2377 3718 2531 3772 quam
2559 3720 2622 3758 ex
2655 3704 2795 3757 tribu
2838 3712 2890 3757 et
2936 3706 3249 3775 cognatione
3292 3720 3386 3760 sua
3417 3704 3675 3773 duceret,

2106 3792 2196 3847 dat
2222 3793 2293 3846 illi
2324 3794 2733 3864 chirographum
2762 3794 2943 3849 decem
2973 3796 3310 3861 talentorum,
3341 3798 3677 3867 prazcipitque

2106 3894 2164 3938 ut
2192 3884 2344 3939 abeat
2372 3893 2424 3939 et
2459 3894 2661 3956 repetat
2703 3886 2810 3939 illa.
2854 3885 3016 3939 Filius
3041 3895 3238 3951 autem,
3270 3902 3388 3941 cum
3422 3902 3519 3942 nec
3545 3888 3673 3941 viam

2107 3984 2307 4042 nosset,
2337 3992 2433 4030 nec
2474 3973 2741 4030 hominem
2773 3975 2839 4030 ad
2868 3992 3025 4045 quem
3067 3985 3181 4031 erat
3221 3976 3673 4046 proﬁciscendum,

2106 4084 2348 4139 egressus
2377 4078 2457 4123 est
2486 4079 2544 4123 ut
2572 4070 2668 4122 via:
2692 4069 2790 4123 sibi
2816 4070 3015 4123 socium
3048 4079 3329 4139 quaereret,
3359 4080 3413 4125 et
3444 4071 3535 4125 Dei
3551 4086 3674 4141 pro-

2105 4163 2334 4219 videntia
2363 4161 2546 4217 incidit
2574 4163 2627 4216 in
2655 4161 2997 4232 Raphaclem,
3030 4163 3121 4233 qui
3152 4163 3380 4217 hominis
3413 4163 3577 4217 forma
3608 4161 3675 4217 fo-

2106 4255 2180 4309 ris
2206 4254 2397 4320 stabat,
2430 4254 2704 4324 pretioque
2741 4254 2886 4308 illum
2925 4254 3197 4318 conduxit,
3229 4270 3293 4309 eo
3319 4255 3463 4325 quod
3491 4270 3549 4309 se
3582 4256 3673 4307 via:

2106 4346 2264 4416 hujus
2288 4362 2507 4416 gnarum
2534 4361 2652 4401 esse
2689 4346 2907 4402 diceret.
2948 4346 3245 4402 Comitatus
3281 4349 3458 4418 itaque
3491 4356 3573 4403 est
3613 4346 3673 4401 il-

2105 4441 2212 4494 lum
2234 4438 2580 4508 archangelus
2610 4440 2662 4493 in
2692 4442 2868 4508 specie
2894 4440 3142 4506 hominis,
3172 4442 3261 4511 qui
3293 4442 3509 4519 Azari'as
3531 4441 3673 4496 dice-

2105 4544 2270 4588 retur.
2294 4532 2422 4587 Cum
2454 4542 2628 4586 autem
2652 4532 2720 4585 ad
2748 4533 3014 4602 Tigridem
3051 4549 3216 4604 usque
3243 4534 3458 4589 ﬁuvium
3491 4550 3673 4605 perve-

2060 4657 2068 4666 -
2105 4624 2326 4689 nissent,
2351 4623 2559 4679 volebat
2578 4623 2769 4678 Tobias
2796 4625 2846 4677 in
2872 4624 3017 4679 illum
3043 4625 3247 4680 lavandi
3269 4628 3436 4696 gratia
3459 4627 3667 4682 descen-

2104 4716 2249 4782 dere,
2278 4726 2330 4770 et
2352 4733 2473 4772 mox
2495 4717 2653 4785 piscis
2675 4719 2857 4787 ingens
2881 4718 3080 4773 insiluit
3106 4720 3156 4773 in
3186 4735 3427 4789 puerum.
3447 4722 3670 4792 Angelus

2102 4824 2231 4862 vero
2269 4811 2535 4879 praecepit,
2571 4819 2627 4864 ut
2660 4810 2857 4879 piscem
2900 4811 3040 4866 hunc
3076 4813 3500 4882 apprehenderet
3541 4815 3673 4869 etin

2104 4900 2269 4954 frusta
2299 4910 2524 4963 secaret,
2561 4910 2718 4969 atque
2750 4901 2890 4956 illius
2921 4901 3103 4970 hepar,
3131 4918 3224 4958 cor
3249 4912 3302 4957 et
3328 4904 3485 4960 bilem
3515 4904 3669 4959 desu-

2104 5002 2292 5055 meret,
2324 5001 2378 5045 et
2406 4999 2661 5044 servaret.
2708 4992 2945 5061 Rogante
2984 5006 3167 5062 postea
3212 5009 3397 5062 puero,
3430 4996 3481 5050 in
3517 5009 3668 5065 quem

2104 5100 2257 5138 usum
2300 5083 2386 5137 illa
2426 5084 2613 5150 forent,
2666 5084 2939 5155 respondit
2970 5101 2985 5139 :
3030 5086 3205 5155 llepar
3242 5096 3296 5141 et
3332 5103 3425 5142 cor
3462 5088 3669 5143 incensa

2103 5174 2397 5229 daamonem
2444 5174 2700 5245 fugabunt
2728 5194 2739 5230 :
2769 5176 2888 5230 bilis
2922 5191 3048 5231 vero
3074 5178 3346 5231 oculorum
3375 5179 3669 5249 albuginem

2103 5270 2424 5340 repurgabit.
2467 5268 2634 5339 Hujus
2670 5284 2770 5340 ope
2814 5278 2868 5324 et
2907 5270 3132 5325 consilio
3167 5270 3359 5325 Tobias
3393 5271 3550 5325 ﬁliam
3572 5271 3670 5326 Ra-

2102 5363 2269 5431 guelis
2297 5362 2507 5417 Sarram
2538 5377 2751 5417 uxorem
2787 5362 2954 5427 duxit,
2986 5378 3106 5417 cum
3148 5363 3238 5417 illo
3271 5363 3449 5418 sumtu
3474 5348 3668 5418 daemo-

2104 5472 2225 5512 nem
2253 5457 2500 5526 fugasset,
2524 5457 2611 5526 qui
2639 5457 2690 5511 in
2717 5457 3079 5527 superioribus
3110 5456 3320 5527 [Egypti
3349 5459 3584 5528 partibus
3607 5458 3671 5512 ab

2103 5547 2289 5618 angelo
2317 5548 2505 5618 ligatus
2546 5557 2646 5603 est.
2688 5549 2821 5602 Dum
2862 5555 3037 5602 autem
3076 5563 3195 5601 cum
3238 5563 3401 5603 uxore
3438 5558 3673 5604 maneret

2103 5638 2317 5705 Tobias,
2359 5638 2600 5693 Azariam
2643 5649 2906 5709 tamquam
2935 5639 3202 5695 hominem
3239 5639 3290 5693 in
3319 5639 3542 5695 Mediam
3572 5639 3671 5694 mi-

2105 5728 2172 5783 sit
2202 5746 2215 5781 :
2244 5743 2469 5799 cumque
2512 5744 2605 5798 per
2634 5729 2778 5782 illum
2821 5728 3006 5783 decem
3036 5729 3230 5784 talenta
3266 5731 3576 5800 recepisset,
3606 5730 3669 5784 ad

2106 5830 2307 5891 patrem
2337 5838 2436 5877 una
2466 5836 2585 5877 cum
2617 5822 2704 5877 illo
2739 5830 2792 5879 et
2831 5836 2992 5878 uxore
3026 5836 3117 5877 sua
3160 5838 3405 5878 reversus
3434 5833 3537 5879 est.
3565 5822 3663 5877 lle~
