4058 6344
322 385 420 444 359

233 505 238 510 ’
321 502 476 564 αὐτὸς
509 501 761 574 Ἔσδρας,
795 501 1078 571 φιλόκαλος
1104 503 1179 557 ὢν
1219 504 1313 558 καὶ
1345 505 1566 578 εὐφυὴς,
1603 507 1698 559 καὶ
1743 507 1875 561 ἀνα-

317 584 578 654 γνώστης,
611 584 840 652 ἐφύλαξε
863 587 1060 653 πάντα,
1102 588 1194 640 καὶ
1212 586 1396 641 λοιπὸν
1425 591 1750 659 προήνεγκε,
1783 591 1876 643 καὶ

321 668 476 723 πάλιν
501 668 782 721 ἐκδέδωκε·
819 671 911 723 καὶΙ
943 669 1084 722 οὕτω
1112 669 1434 734 διασώζεται
1463 669 1532 724 τὰ
1555 671 1756 741 βιϐλία.

803 814 822 834 ·
867 805 1087 874 ἘΟ-θὴρ
1117 807 1381 872 βιϐλίον.

396 919 593 991 Ἔσθὴρ
621 920 860 974 καλεῖται
891 923 951 976 τὸ
986 922 1207 992 βιϐλίον,
1229 921 1414 992 ἐπειδὴ
1437 921 1529 975 διὰ
1551 921 1649 990 τῆς
1679 919 1876 989 Ἐσθὴρ

318 1003 346 1055 6
365 1002 494 1065 Θεὸς
515 1003 804 1074 μέλλοντας
830 1004 1124 1058 ἀπολέσθαι
1148 1004 1394 1073 παγγενῆ
1412 1006 1538 1066 τοὺς
1571 1002 1871 1066 Ἰουδαίους,

318 1086 510 1149 αὐτοὺς
537 1086 634 1155 μὲν
669 1086 912 1152 διέσωσε,
945 1087 1034 1142 τὸν
1069 1088 1128 1140 δὲ
1165 1088 1336 1159 Ἀμάν
1379 1086 1760 1142 ἐπιϐουλεῦσαι
1788 1085 1872 1138 θε-

318 1169 549 1239 λήσαντα
581 1170 867 1235 ἐπάταξεν.
910 1171 1270 1243 Ἀρταξέρξης
1295 1173 1402 1242 γὰρ
1434 1172 1463 1223 6
1497 1171 1750 1241 βασιλεὺς
1777 1169 1874 1240 τὴν

319 1252 447 1304 ἰδίαν
481 1251 722 1304 ἐκϐαλὼν
757 1255 1010 1322 γυναῖκα,
1046 1250 1304 1324 ἐζήτησεν
1337 1255 1394 1306 ἐν
1422 1255 1486 1323 τῇ
1515 1252 1757 1324 βασιλείᾳ
1779 1253 1873 1305 αύ-

316 1333 400 1386 τοῦ
445 1334 544 1403 τὴν
595 1335 810 1390 πάντων
857 1335 1147 1405 καλλίστην
1194 1332 1356 1388 οὖσαν
1403 1337 1496 1388 καὶ
1539 1336 1872 1408 ὡραιοτέραν

314 1416 489 1468 λαϐεῖν
524 1417 698 1485 ἐαυτῷ
733 1420 984 1487 γυναῖκα·
1028 1421 1122 1472 καὶ
1164 1419 1359 1491 εὑρέθη
1395 1418 1592 1488 Ἐσθὴρ
1622 1418 1681 1470 τὸ
1721 1418 1872 1485 γένος

327 1499 547 1554 Ἰουδαία
577 1502 936 1570 τυγχάνουσα.
966 1498 1074 1555 Ἦν
1101 1502 1158 1555 δέ
1189 1503 1282 1555 καὶ
1308 1501 1646 1570 Μαρδοχαῖος
1677 1516 1871 1568 συγγε-

311 1582 401 1653 νὴς
431 1583 607 1652 αὐτῆς
634 1584 740 1636 ἀπὸ
772 1585 870 1655 τῆς
894 1584 1268 1655 αἰχμαλωσίας
1300 1584 1400 1654 τῆς
1446 1583 1742 1652 γενομένης
1781 1584 1871 1635 ἐπὶ

313 1664 556 1718 Σεδεκίω
582 1666 640 1718 ἐν
670 1667 804 1738 αὐτῇ
845 1669 912 1738 τῇ
955 1665 1128 1737 χώρᾳ.
1176 1667 1232 1720 '0
1273 1661 1364 1719 οὖν
1412 1664 1660 1736 βασιλεὺς
1701 1663 1871 1735 μέγαν

310 1749 538 1820 ποιήσας
564 1749 657 1803 τὸν
675 1749 962 1820 λεγόμενον
1002 1749 1192 1820 Ἀμάν,
1212 1748 1462 1802 ἐκέλευσε
1489 1747 1697 1809 πάντας
1712 1746 1871 1798 αὑτὸν

310 1835 650 1904 προσκυνεῖν.
697 1833 856 1887 Ἀλλά
885 1831 978 1886 τοῦ
1001 1831 1342 1902 Μαρδοχαίου
1365 1834 1431 1902 τῇ
1455 1831 1590 1901 πρὸς
1617 1829 1748 1882 Θεὸν
1775 1829 1871 1881 λα-

308 1915 460 1986 τρεία.
501 1914 576 1986 μὴ
623 1913 1046 1986 προσκυνοῦντος
1088 1915 1176 1967 τὸν
1217 1913 1522 1984 ἄνθρωπον,
1566 1911 1808 1983 ὠργίσθη
1842 1913 1870 1964 6

321 1997 511 2068 Ἀμάν,
538 1999 629 2050 καὶ
658 1998 841 2068 μαθών
866 1999 946 2050 ὅτι
981 1997 1229 2060 Ἰουδαῖός
1264 1999 1407 2060 ἐστι,
1449 1995 1624 2048 πείθει
1656 1995 1745 2047 τὸν
1771 1993 1870 2064 βα-

313 2081 453 2134 σιλέα
495 2081 872 2153 Ἀρταξέρξην,
903 2082 996 2134 καὶ
1024 2080 1225 2151 γράφει
1254 2080 1392 2132 ὥστε
1425 2079 1629 2141 πάντας
1654 2078 1778 2140 τοὺς
1812 2077 1870 2128 ἐν

309 2168 370 2233 τῇ
402 2163 651 2234 βασιλείᾳ
671 2163 832 2216 αὐτοῦ
869 2163 1150 2225 Ἰουδαίους
1170 2161 1481 2232 ὁλορρίζους
1499 2158 1789 2214 ἀπολέσθαι
1812 2161 1868 2212 ἐν

316 2248 405 2318 μιᾷ
432 2248 621 2318 ἡμέρᾳ
645 2246 721 2317 τῷ
746 2246 1026 2316 δωδεκάτῳ
1055 2245 1200 2316 μηνί.
1235 2244 1402 2297 Τοῦτο
1424 2245 1602 2296 τοίνυν
1630 2240 1813 2312 μαθὼν
1841 2244 1868 2294 6

311 2329 665 2400 Μαρδοχαῖος,
692 2330 923 2395 ἐπένθει,
961 2331 1054 2383 καὶ
1085 2329 1374 2399 νηστεύων,
1419 2325 1741 2398 προύπεμψε
1769 2325 1867 2396 τὴν

323 2417 512 2488 Ἐσθὴρ
540 2416 709 2483 ἀξιῶν
737 2417 887 2488 παρὰ
914 2418 1080 2487 αὐτῆς
1102 2417 1351 2488 βοήθειαν
1374 2415 1661 2485 γενέσθαι.·
1685 2415 1744 2466 Ἡ
1767 2413 1868 2467 τοί-

312 2521 401 2558 νυν
435 2505 636 2575 Ἑσθὴρ
665 2504 1022 2575 νηστεύσασα,
1058 2506 1151 2557 καὶ
1180 2504 1449 2575 εὐξαμένη
1480 2503 1558 2573 τῷ
1581 2501 1718 2573 Θεῷ,
1748 2503 1867 2555 ἐκό-

315 2609 508 2662 σμησεν
543 2593 742 2665 ἑαυτὴν
778 2593 855 2665 τῷ
894 2594 1183 2665 γυναικείῳ
1220 2594 1440 2664 κόσμῳ,
1493 2593 1586 2646 καὶ
1627 2592 1700 2663 μὴ
1733 2592 1867 2662 κλη-

313 2679 453 2733 θεῖσα
471 2683 598 2749 (οὐκ
618 2677 687 2752 ἦν
709 2680 816 2753 γὰρ
840 2681 958 2746 ἐξὸν
991 2680 1064 2752 μὴ
1087 2680 1375 2752 κληθεῖσαν
1401 2680 1702 2750 εἰσελθεῖν),
1720 2680 1868 2750 ὅμως

307 2767 514 2837 εἰσῆλθε
541 2769 695 2838 παρά
719 2769 809 2822 τὸν
837 2769 1024 2839 καιρὸν
1058 2767 1195 2840 πρὸς
1225 2768 1314 2820 τὸν
1357 2767 1597 2837 βασιλέα,
1630 2767 1747 2820 ἀντὶ
1771 2765 1865 2819 τοῦ

309 2855 492 2925 καιροῦ
511 2860 579 2926 τῇ
608 2857 738 2927 εὐχῇ
767 2856 1062 2929 θαρροῦσα.
1097 2850 1230 2907 Εἶτα
1247 2854 1338 2907 τοῦ
1365 2853 1629 2924 βασιλέως
1657 2854 1869 2923 θαυμάο

310 2941 482 3006 ζοντος
505 2944 565 2996 τὸ
595 2943 760 3008 ξένον,
794 2944 984 2996 ἔπεσεν
1015 2943 1192 3012 ἐκείνη
1227 2943 1333 2995 ἀπὸ
1364 2941 1457 2995 τοῦ
1493 2942 1678 3012 φόϐου.
1721 2941 1782 2997 Ὀ
1809 2943 1866 2996 δὲ

308 3030 437 3094 Θεὸς
473 3032 725 3101 μετέϐαλε
755 3032 844 3085 τὸν
883 3031 1053 3102 θυμὸν
1084 3031 1177 3085 τοῦ
1220 3031 1482 3101 βασιλέως
1517 3033 1596 3095 εἰς
1621 3030 1864 3084 διάθεσιν

312 3117 404 3170 καὶ
433 3119 726 3189 πραότητα’
764 3120 857 3171 καὶ
885 3117 1120 3182 ἀναστὰς
1160 3118 1423 3172 ἐϐάστασε
1469 3119 1568 3188 τὴν
1605 3121 1864 3187 γυναῖκα,

312 3206 404 3257 καὶ
434 3207 726 3277 παρεκάλει
750 3207 916 3277 αὐτὴν
945 3208 1017 3277 μὴ
1042 3206 1340 3275 φοϐεῖσθαι,
1367 3206 1503 3260 ἀλλά
1523 3206 1614 3259 καὶ
1637 3206 1866 3275 ἠξίωσεν

308 3293 472 3365 αὐτὴν
495 3294 786 3353 αἰτεῖσθαι,
827 3293 881 3346 εἴ
916 3311 969 3346 τι
1014 3293 1274 3364 βούλοιτο.
1329 3293 1392 3347 Ἦ
1423 3294 1480 3347 δέ
1524 3295 1616 3348 ἐπὶ
1654 3295 1866 3349 δεῖπνον

304 3383 526 3450 ἠξίωσεν
559 3383 738 3436 ἐλθεῖν
770 3382 928 3434 αὐτόν
957 3400 1015 3435 τε
1053 3382 1143 3435 τὸν
1175 3380 1397 3453 βασιλέα
1416 3382 1512 3435 καὶ
1538 3382 1629 3435 τὸν
1675 3382 1863 3451 Ἀμὰν,

305 3472 396 3540 οὐχ
429 3473 596 3536 ἅπαξ,
625 3470 760 3524 ἀλλά
795 3471 885 3524 καὶ
911 3471 1180 3540 δεύτερον.
1226 3472 1282 3524 '0
1309 3470 1408 3540 μέν
1428 3465 1521 3524 οὖν
1562 3469 1730 3540 Ἀμάν
1754 3469 1868 3522 δια-

305 3559 482 3627 χυθεὶς
505 3561 603 3613 καὶ
627 3559 912 3628 γανωθεὶς,
957 3559 1030 3622 ὡς
1061 3559 1166 3612 ὑπὸ
1196 3557 1292 3628 τῆς
1318 3557 1582 3628 βασιλίδος
1621 3557 1868 3620 ἀξιωθεὶς

303 3647 579 3718 κληθῆναι,
615 3649 697 3701 ἔτι
736 3648 931 3718 μᾶλλον
962 3650 1194 3718 ἐπήρετο
1215 3647 1356 3701 κατά
1383 3645 1476 3700 τοῦ
1500 3646 1863 3718 Μαρδοχαίου,

301 3738 388 3787 καὶ
441 3737 668 3809 ἐποίησε
721 3735 872 3800 ξύλον
905 3736 1140 3806 κοπῆναι
1197 3735 1359 3806 μέγα,
1417 3733 1735 3805 βουλόμενος
1777 3733 1867 3786 τὸν

300 3823 642 3894 Μαρδοχαῖον
673 3826 739 3895 τῇ
769 3825 894 3894 ἑξῆς
925 3824 1108 3894 ἡμέρᾳ
1135 3824 1191 3875 ὲν
1222 3821 1371 3892 αὐτῷ
1392 3822 1689 3894 κρεμάσαι.
1722 3821 1780 3875 '0
1810 3821 1868 3874 δὲ

300 3908 544 3978 βασιλεὺς
590 3913 737 3965 κατά
780 3928 901 3965 τινα
937 3912 1191 3985 πρόνοιαν
1227 3910 1468 3980 ἀγαθὴν,
1515 3910 1868 3980 ἀγρυπνήσας

301 3998 510 4070 ἐκείνην
536 3999 641 4071 τὴν
667 3998 854 4064 νύκτα,
877 4000 968 4052 καὶ
998 3998 1072 4070 μὴ
1099 3997 1390 4069 δυνάμενος
1435 3997 1679 4051 ὑπνῶσαι
1697 4037 1712 4060 ,
1749 3995 1870 4050 ἐκέ-

299 4084 486 4142 λευσεν
539 4087 1013 4158 ἀναγινώσκεσθαι
1069 4089 1217 4159 αὐτῷ
1267 4085 1374 4141 τῶν
1418 4087 1668 4158 πράξεων
1705 4085 1868 4138 αὐτοῦ

298 4177 362 4229 τά
394 4178 788 4250 ὑπομνήματα.
825 4176 1364 4247 Ἀναγινωσκομένων
1399 4176 1455 4229 δὲ
1495 4175 1705 4236 αὐτῶν,
1742 4166 1868 4243 εὗρε

297 4265 489 4335 πρᾶξιν
515 4265 734 4337 ἀγαθὴν
767 4267 847 4329 είς
874 4265 1034 4319 αὐτὸν
1064 4265 1361 4336 γενομένην
1389 4264 1494 4317 ὑπὸ
1530 4263 1624 4316 τοῦ
1657 4263 1871 4333 Μαρδο-

294 4355 464 4422 χαίου.
495 4352 602 4408 Δύο
639 4354 752 4424 γάρ
772 4353 1057 4424 εὐνούχους·
1083 4354 1368 4425 μέλλοντας
1399 4352 1768 4407 ἐπιϐουλεύειν
1793 4349 1870 4421 τῷ

298 4440 502 4509 βασιλεῖ
539 4444 885 4514 κατήνεγκεν
913 4440 1152 4514 αὺτῷτῷ
1179 4443 1387 4514 βασιλεῖ
1414 4443 1508 4495 καὶ
1533 4441 1774 4512 ἤλεγξεν.
1811 4441 1869 4492 '0

295 4531 469 4585 τοίνυν
506 4531 766 4602 βασιλεὺς
812 4529 1208 4600 ἀποδεξάμενος
1252 4531 1352 4601 τὴν
1406 4530 1722 4601 προαίρεσιν
1773 4527 1868 4581 τοῦ

295 4617 662 4688 Μαρδοχαίου,
716 4616 898 4690 ἐζήτει
932 4619 1097 4689 τιμὴν
1130 4617 1288 4684 ἀξίαν
1317 4616 1396 4688 τῷ
1437 4616 1658 4683 τοιούτῳ
1690 4632 1870 4687 παρα-

294 4709 457 4774 σχεῖν.
488 4707 579 4770 Ὠς
605 4707 666 4760 δὲ
682 4705 899 4775 εἰσῆλθε
927 4704 1070 4776 πρωῒ
1098 4705 1235 4776 πρὸς
1265 4703 1468 4758 αύτὸνό
1495 4702 1686 4774 Ἀμάν,
1709 4704 1872 4756 ἐπυν-

298 4795 482 4850 Θάνετο
509 4797 668 4870 [⁸564]
692 4799 722 4851 6
754 4796 1004 4866 βασιλεὺς
1052 4795 1214 4850 αὑτοῦ
1237 4839 1251 4858 ,
1288 4795 1476 4860 ὁποίας
1511 4796 1606 4849 καὶ
1633 4794 1870 4866 πηλίκης

296 4885 456 4955 τιμῆς
487 4885 643 4951 ἄξιός
672 4887 823 4938 ἐστιν
863 4887 892 4939 6
931 4885 1021 4938 τὸν
1049 4885 1271 4954 βασιλέα
1300 4885 1686 4954 εὐεργετήσας.
1728 4884 1785 4936 Ὁ
1813 4883 1871 4936 δὲ

310 4971 477 5041 ’Λμάν
499 4973 748 5043 νομίζων
774 4973 902 5046 περὶ
919 4971 1082 5025 αὐτοῦ
1106 4970 1472 5026 πυνθάνεσθαι
1501 4970 1592 5023 τόν
1629 4970 1867 5040 βασιλέα,

299 5055 444 5117 εἶπεν
471 5064 624 5128 ἀξιον
658 5059 799 5116 εἶναι
844 5063 936 5115 τὸν
965 5060 1205 5115 τοιοῦτον
1239 5059 1487 5131 δεύτερον
1519 5059 1742 5127 βασιλέα
1773 5076 1872 5112 κα-

301 5147 520 5204 λεῖσθαι.
565 5152 625 5202 ὐ
663 5149 765 5218 μὲν
787 5143 879 5202 οὖν
907 5147 1156 5218 βασιλεὺς
1181 5146 1391 5201 κελεύει
1417 5147 1507 5200 τὸν
1535 5146 1872 5216 Μαρδοχαῖον

303 5238 398 5306 τῆς
427 5237 695 5307 τοιαύτης
745 5235 1039 5305 ἀξιωθῆναι
1075 5235 1258 5305 τιμῆς.
1297 5235 1390 5287 καὶ
1433 5233 1523 5286 τὸν
1564 5233 1734 5302 Ἀμάν
1771 5232 1870 5302 ἐμ..

304 5327 534 5396 προσθεν
565 5325 739 5381 αὑτοῦ
779 5327 1120 5397 περιπατεῖν.
1170 5325 1236 5377 Ἥ
1282 5323 1340 5376 δὲ
1377 5322 1576 5394 Ἐσθὴρ
1604 5323 1872 5395 πρόφασιν

306 5413 555 5484 εὑροῦσα,
585 5414 792 5484 ⁴ήξίωσε
820 5415 948 5484 περὶ
979 5413 1086 5467 τῶν
1126 5413 1413 5466 Ἰουδαίων.
1438 5407 1568 5465 Εἶτα
1597 5410 1690 5464 τοῦ
1723 5411 1874 5480 βασι-

306 5501 437 5566 λέως
469 5501 809 5572 λυπηθέντος
839 5501 934 5555 ἐπὶ
959 5499 1036 5570 τῷ
1062 5499 1360 5570 παρανόμῳ
1379 5497 1760 5570 προστάγματι
1796 5494 1874 5564 τῷ

308 5590 446 5642 κατά
463 5591 576 5643 τῶν
609 5587 898 5648 Ἰουδαίων,
922 5587 1016 5640 καὶ
1042 5584 1383 5656 ὀργισθέντος
1395 5582 1536 5638 κατά
1555 5583 1649 5635 τοῦ
1680 5584 1734 5635 Ἀ
1746 5583 1871 5652 μάν,

309 5676 463 5740 αὐτὸς
487 5678 517 5731 6
561 5675 742 5746 Ἀμάν
777 5673 1070 5746 παρεκάλει
1114 5671 1210 5742 τὴν
1247 5671 1448 5744 Ἐσθὴρ
1469 5714 1485 5740 ,
1526 5671 1751 5733 ἀπόντος
1780 5670 1886 5723 τοῦ-

369 5840 402 5870 ⁵
421 5841 639 5905 Ιιιὶρειιιη
660 5837 873 5889 habetur
903 5838 953 5888 iu
977 5838 1127 5888 altera
1151 5835 1375 5898 Synopsi.

1350 390 1681 448 SYNOPSIS
1705 389 2116 448 SCRIPTUIUE
2159 391 2427 448 SACBE.

3442 391 3552 447 56ον
3564 398 3574 419 ³

1993 507 2271 577 βασιλέως,
2299 506 2612 560 ἐπικόπτων
2643 505 2735 558 καὶ
2760 504 3076 576 προσκυνῶν
3105 503 3170 556 τὲι
3207 505 3405 572 γόνατα
3454 507 3547 557 a6-

1983 597 2105 666 τῆς.
2151 597 2208 649 ’0
2233 598 2288 650 δέ
2316 596 2564 667 βασιλεὺς
2598 595 2692 648 καὶ
2738 593 2996 666 ἑωρακὼς
3034 594 3124 646 τὸν
3167 594 3338 664 Ἀμάν
3378 595 3542 647 απτό·
3577 611 3581 618 ·

1886 687 1919 765 ‘f
1987 701 2144 754 μενον
2168 683 2277 737 τῶν
2307 683 2466 754 ίχνῶν
2493 684 2594 753 τῆς
2621 682 2953 753 βασιλίσσης,
2985 682 3285 752 ὑπονοήσας
3311 680 3575 752 αἰσχρῶς

1982 771 2142 824 αὐτὸν
2167 771 2325 824 τοῦτο
2355 774 2546 835 ποιεῖν,
2577 771 2860 823 ἐκέλευσεν
2901 769 3062 824 αὑτὸν
3111 769 3210 838 μὲν
3249 769 3340 820 τὸν
3379 767 3548 837 ’Δμάν

1982 861 2061 922 είς
2094 861 2154 912 τὸ
2183 859 2358 926 ξύλον,
2386 861 2522 930 ὅπερ
2547 855 2616 929 ἦν
2645 859 2934 930 ἑτοιμάσας
2953 857 3030 927 τῷ
3053 856 3400 928 Μαρδοχαίῳ,
3430 872 3577 925 κρεν

1985 947 2278 1016 μασθῆναιο
2309 947 2508 1018 γράφει
2553 947 2609 999 δὲ
2639 945 2818 1000 ἄνεσιν
2853 946 2950 1015 μὲν
2988 944 3131 1014 ἔχειν
3179 943 3384 1006 πάντας
3424 944 3582 1005 τοὺς

1995 1034 2298 1098 Ἰουδαίους,
2323 1036 2448 1096 τοὺς
2485 1033 2542 1086 δὲ
2577 1033 2804 1103 ἐχθροὺς
2838 1031 3017 1085 αὐτῶν
3043 1030 3392 1100 ἀναιρεθῆναι
3419 1030 3548 1099 παρ’

1980 1119 2175 1174 αὐτῶν.
2232 1121 2338 1174 Καὶ
2378 1121 2428 1173 οἰ
2469 1122 2574 1190 μὲν
2599 1119 2972 1190 ἀναιρεθέντες
2999 1118 3108 1170 εἰσὶ
3137 1117 3316 1188 μύριοι
3355 1133 3567 1168 πενταέ-

1981 1207 2254 1278 κισχίλιοι.
2297 1207 2490 1274 Γέγονε
2511 1207 2567 1258 δὲ
2594 1206 2754 1276 ἑορτὴ
2785 1209 2862 1276 τῇ⁴
2886 1205 2947 1257 ιδ’
2979 1205 3071 1258 καὶ
3103 1204 3164 1256 ιε’
3226 1202 3390 1272 ἐνκτῷ
3419 1205 3549 1272 μηνὶ
3569 1204 3576 1231 ·’

1978 1294 2056 1364 τῷ
2082 1293 2385 1364 δωδεκάτῳ,
2425 1294 2574 1355 ὅστις
2628 1293 2874 1346 καλεῖται
2907 1289 3098 1361 Ἀδαρ.
3141 1290 3398 1343 Καλεῖται
3432 1289 3488 1342 δὲ
3513 1289 3547 1357 ἡ
3581 1345 3584 1347 _

1979 1380 2158 1451 ἡμέρα
2209 1379 2348 1450 αὕτη
2397 1383 2464 1450 τῇ
2516 1379 2622 1450 ἰδίᾳ
2660 1380 2939 1448 διαλέκτῳ¹
2979 1377 3158 1430 αὐτῶν
3204 1376 3400 1446 Φουρά.
3449 1378 3547 1428 Διά

1977 1467 2131 1520 τοῦτο
2163 1467 2302 1521 κατά
2332 1467 2431 1537 τὴν
2456 1467 2669 1538 ἡμέραν
2709 1467 2911 1536 ταύτην
2951 1467 3192 1520 καίουσιν
3222 1467 3281 1518 οἱν
3309 1465 3546 1517 Ἰουδαῖοι
3571 1484 3578 1492 ·

1977 1558 2066 1610 τὸν
2109 1556 2302 1627 Ἀμάν,
2332 1556 2427 1610 καὶ
2475 1555 2826 1626 ἑορτάζουσι,
2865 1555 3206 1626 μνημόσυνον
3247 1550 3410 1606 οὖσαν
3449 1552 3573 1622 τῆςί

1979 1643 2252 1715 σωτηρίας
2275 1644 2473 1698 αὐτῶν.
2495 1643 2605 1696 Kal
2626 1645 2683 1697 ἐν
2697 1642 2905 1706 τούτοις
2930 1642 3080 1704 τέλος
3107 1642 3218 1711 ἔχει
3246 1641 3306 1693 τὸ
3323 1639 3543 1711 βιϐλίον.

2540 1767 2722 1823 Τωϐίτ
2741 1767 3006 1832 βιϐλίον.

2047 1875 2090 1926 Τ
2091 1875 2223 1928 ωϐὶτ
2252 1875 2496 1929 καλεῖται
2523 1873 2583 1928 τὸ
2616 1872 2839 1944 βιϐλίον,
2874 1872 3060 1943 ἐπειδὴ
3087 1872 3184 1943 τὴν
3226 1873 3356 1941 περὶ⁹
3381 1871 3545 1924 αὑτοῦ

1975 1960 2069 2013 τοῦ
2094 1961 2273 2014 Τωϐὶτ
2312 1962 2550 2031 ἱστορίαν
2580 1960 2842 2031 περιέχει.
2891 1961 3046 2013 Ἐστι
3092 1960 3148 2012 δὲ
3176 1961 3202 2012 6
3232 1958 3410 2012 Τωϐὶτ
3439 1960 3548 2012 ἀπὸ

1980 2047 2078 2118 μὲν
2107 2047 2281 2116 φυλῆς
2304 2047 2640 2118 Νεφθαλεὶμ,
2667 2047 2859 2116 γέγονε
2885 2047 2940 2098 δὲ
2977 2049 3035 2099 ἐν
3068 2049 3135 2116 τῇ
3177 2045 3547 2116 αἰχμαλωσίᾳ,

1975 2135 2070 2187 καὶ
2095 2129 2163 2204 ἦν
2196 2135 2254 2186 ἐν
2279 2136 2344 2204 τῇ
2381 2133 2570 2186 Νινευῖ
2600 2135 2847 2206 ἐλεήμων
2876 2134 2972 2186 καὶ
3002 2133 3277 2204 θεοσεϐὴς.
3309 2133 3416 2186 Καὶ
3440 2133 3548 2204 γὰρ

1975 2223 2036 2274 ἐν
2063 2224 2128 2291 τῇ
2157 2221 2505 2292 αἰχμαλωσίᾳ
2536 2221 2844 2291 γενόμενος,
2867 2221 2968 2273 οὐκ
2997 2219 3150 2290 ἦσθιε
3180 2219 3355 2274 κοινὸν
3385 2219 3564 2291 ἄρτον.

1975 2307 2082 2362 ἀπὸ
2107 2307 2214 2360 τῶν
2236 2307 2425 2368 ἐθνῶν,
2456 2307 2571 2361 ἀλλ’
2600 2307 2790 2360 ἐαυτὸν
2839 2309 3190 2377 συνετήρησε.
3223 2302 3330 2360 Ἦν
3367 2308 3420 2360 δὲ
3455 2309 3549 2360 καὶ

1974 2395 2282 2466 ἀγοραστής
2305 2395 2398 2448 τοῦ
2434 2395 2694 2464 βασιλέως
2735 2394 3127 2463 Ἐνεμασάρου,
3160 2394 3252 2447 καὶ
3285 2395 3571 2464 παρέθετο.

1974 2486 2030 2538 ἐν
2065 2487 2130 2554 τῇ
2160 2483 2372 2554 Μηδείᾳ
2401 2483 2616 2554 Γαϐαὴλ
2640 2482 2874 2535 τάλαντα
2897 2488 2948 2536 ι’.
2995 2476 3162 2544 Οὗτος
3195 2478 3288 2535 οὖν
3315 2483 3343 2534 6
3369 2483 3547 2535 Τωϐὶτ

1976 2572 2208 2638 σπουδὴν
2232 2567 2344 2640 εἶχε
2369 2570 2593 2625 θάπτειν
2627 2571 2751 2634 τοὺς
2784 2569 3228 2638 ἀποθνήσκοντας
3274 2570 3381 2623 τῶν
3421 2570 3550 2622 Ἰου-

1972 2659 2154 2712 δαίων.
2188 2658 2502 2728 Διαϐληθεὶς
2525 2658 2581 2710 δὲ
2598 2657 2672 2728 τῷ
2691 2657 2899 2728 βασιλεῖ
2936 2655 3203 2728 Ἀχειρὴλ,
3233 2656 3421 2724 ἔφυγε.
3440 2657 3548 2708 Kal

1975 2745 2303 2810 ἐπανελθὼν,
2339 2748 2432 2800 καὶ
2459 2747 2635 2816 θάψας
2682 2746 2803 2799 τινὰ
2837 2745 2941 2798 τῶν
2976 2744 3372 2807 ἀποθανόντων,
3408 2745 3548 2795 ὲκοι-

1978 2834 2122 2904 μήθη
2151 2834 2252 2897 ἔξω
2284 2832 2376 2886 τοῦ
2419 2835 2650 2904 τείχους,
2703 2833 2798 2886 καὶ
2844 2833 2919 2896 ὼς
2975 2831 3134 2885 εἴωθε
3187 2832 3544 2901 κοιμώμενος,

1974 2922 2348 2992 ἀνεῳγμένους
2371 2917 2482 2992 εἷχε
2503 2925 2626 2986 τοὺς
2652 2920 2983 2991 ὀφθαλμοὺς,
3017 2919 3308 2991 στρουθίων
3335 2919 3388 2971 δὲ
3412 2920 3545 2987 ἀφο-

1974 3011 2276 3064 δευσάντων
2310 3011 2514 3064 ἀνωθεν
2536 3013 2614 3073 εἰς
2641 3011 2766 3072 τοὺς
2789 3009 3099 3079 ὀφθαλμοὺς
3129 3007 3314 3072 αὑτοῦ,
3343 3007 3547 3060 λευκώ-

1978 3116 2122 3168 ματα
2151 3097 2297 3168 ἔσχε,
2329 3097 2423 3150 καὶ
2460 3097 2640 3152 ούκέτι
2671 3097 2916 3151 ἔϐλεπεν.
2960 3093 3069 3149 Ἦν
3115 3096 3170 3148 δὲ
3199 3096 3292 3149 καὶ
3323 3097 3378 3147 ἐν
3421 3096 3544 3147 Ἐκ-

1976 3185 2225 3248 ϐατάνοις
2279 3185 2522 3256 θυγάτηρ
2577 3183 2668 3238 τοῦ
2728 3183 2995 3254 Ῥαγουὴλ
3044 3181 3336 3252 συγγενοῦς
3381 3183 3544 3236 αὐτοῦ

1975 3272 2158 3344 Σάρρα
2197 3272 2438 3342 ὀνόματι.
2460 3271 2674 3342 Ταύτην
2700 3271 3008 3342 γαμηθῆναι
3051 3272 3149 3323 ούκ
3195 3270 3492 3341 ἐπέτρεπεν
3519 3274 3553 3323 ό-

1974 3358 2180 3429 δαίμων
2227 3357 2540 3428 Ἀσμοδαῖος
2560 3375 2575 3390 ο
2605 3358 2744 3410 ἐπτά
2773 3357 2902 3432 γοῦν
2934 3356 3058 3426 ἐξῆς
3085 3357 3344 3420 λαϐόντας
3379 3357 3545 3428 αὐτὴν

1974 3446 2256 3500 ἀπέκτεινε
2290 3451 2306 3469 ⁶
2340 3444 2458 3518 [καὶ
2475 3446 2616 3500 πάνυ
2637 3444 2960 3517 λυπηθεῖσα·
2985 3445 3123 3498 ἐτττά
3153 3446 3260 3518 γὰρ
3288 3445 3544 3509 λαϐόντας

1975 3534 2102 3605 ἑξῆς
2133 3535 2301 3606 αὐτὴν
2330 3533 2660 3607 ἀπέκτεινεῙ.
2693 3534 2802 3587 Kal
2845 3535 2984 3588 πάνυ
3019 3533 3319 3604 λυπηθεῖσα
3348 3537 3380 3604 ἡ
3418 3538 3543 3599 παῖς

1973 3624 2195 3693 ηὓξατο·
2227 3625 2322 3678 καὶ
2351 3623 2670 3678 ἀπέστειλεν
2700 3625 2834 3695 αὐτῇ
2866 3623 3055 3694 βοηθὸν
3085 3625 3112 3676 ὁ
3133 3624 3262 3686 Θεὸς
3295 3624 3386 3678 τὸν
3408 3625 3541 3696 ἀρχ-

1976 3712 2201 3779 άγγελον
2255 3711 2518 3782 Ῥαφαήλ.
2597 3712 2657 3764 ὐ
2709 3710 2886 3764 τοίνυν
2936 3709 3116 3763 Τωϐὶτ
3174 3711 3546 3781 παραγγείλας

1975 3797 2054 3868 τῷ
2088 3798 2188 3868 υἰῷ
2214 3799 2376 3851 αὐτοῦ
2400 3799 2584 3869 Τωϐία
2627 3797 2701 3869 μὴ
2736 3797 2919 3851 λαϐεῖν
2953 3797 3248 3868 ἀλλαχόθεν
3291 3802 3540 3867 γυναῖκα,

1976 3888 2026 3938 εἰ
2061 3885 2134 3956 μὴ
2166 3887 2230 3939 ἐκ
2253 3886 2347 3955 τῆς
2378 3885 2551 3956 φυλῆς
2595 3884 2760 3938 αὐτοῦ
2804 3885 2899 3938 καὶ
2943 3884 3038 3938 τοῦ
3075 3885 3298 3954 γένους,
3332 3886 3542 3940 δίδωσιν

1976 3973 2124 4042 αύτῷ
2155 3973 2215 4025 τὸ
2239 3958 2600 4044 χειρόγραφον
2635 3971 2742 4026 τῶν
2763 3972 2896 4026 δέκα
2921 3973 3216 4036 ταλάντων,
3244 3973 3339 4026 καὶ
3360 3973 3540 4026 ἐντέλ-

1976 4059 2125 4112 λεται
2173 4059 2321 4129 αὐτῷ
2368 4058 2622 4112 ἀπελθεῖν
2657 4059 2750 4112 καὶ
2794 4059 3116 4128 ἀπαιτῆσαι.
3157 4059 3387 4128 Ἀγνοῶν
3427 4061 3481 4113 δὲ
3515 4065 3544 4112 6

1977 4149 2107 4209 παῖς
2138 4146 2238 4217 τὴν
2294 4146 2410 4200 ὁδὸν
2442 4145 2592 4218 [565]
2634 4148 2728 4200 καὶ
2781 4147 2870 4200 τὸν
2914 4146 3216 4218 ἄνθρωπον,
3263 4147 3541 4218 ἐξέρχεται

1979 4233 2213 4305 ζητῆσαι
2249 4233 2644 4304 συνοδοιπόρον.
2671 4234 2827 4287 Κατὰ
2851 4233 2985 4288 Θεοῦ
3026 4235 3280 4306 πρόνοιαν
3302 4235 3542 4306 εὑρίσκει

1975 4320 2068 4374 τὸν
2115 4321 2376 4392 Ῥαφαὴλ,
2403 4320 2478 4384 ὡς
2506 4320 2791 4392 ἄνθρωπον
2818 4322 3026 4376 ἑστῶτα
3046 4322 3169 4387 ἔξω,
3201 4324 3294 4377 καὶ
3323 4322 3543 4393 μισθοῦ-

1975 4425 2066 4461 ται
2097 4407 2260 4462 αύτὸν
2296 4407 2522 4474 λέγοντα
2549 4407 2745 4463 εἰδέναι
2784 4410 2882 4480 τὴν
2916 4410 3052 4464 ὁδόν.
3078 4415 3092 4431 ·
3127 4410 3258 4483 [Καὶ
3277 4412 3541 4465 συνοδεύει

1976 4496 2120 4567 αύτῷ
2135 4498 2162 4550 6
2183 4495 2408 4564 ἄγγελος
2426 4496 2502 4560 ὠς
2517 4497 2799 4568 ἄνθρωπον
2813 4497 3037 4566 λέγοντα
3055 4498 3249 4552 εἰδέναι
3265 4500 3361 4569 τὴν
3380 4499 3538 4569 ὁδόν.]

1978 4585 2087 4638 Kal
2119 4581 2388 4637 συνοδεύει
2441 4583 2588 4653 αύτῷ
2613 4585 2641 4636 6
2669 4584 3004 4654 ἀρχάγγελος
3047 4585 3285 4657 Ῥαφαὴλ
3333 4585 3407 4649 ὡς
3449 4587 3542 4640 άν-

1978 4671 2191 4741 θρωπος
2222 4671 2510 4741 λεγόμενος
2555 4671 2826 4742 Ἀζαρίας.
2867 4671 3155 4726 Ἐλθόντων
3179 4673 3235 4726 δὲ
3269 4673 3541 4736 αύτῶνείς

1976 4761 2065 4814 τὸν
2116 4760 2321 4832 Τίγρην
2373 4759 2638 4830 ποταμὸν,
2700 4760 2962 4831 ¹ἠθέλησεν
3013 4764 3042 4816 6
3071 4765 3196 4826 παῖς
3249 4764 3329 4824 εἰς
3381 4763 3546 4814 αὑτὸν

1978 4848 2281 4918 καταϐῆναι
2309 4849 2403 4900 καὶ
2429 4847 2752 4913 λούσασθαι,
2803 4849 2896 4901 καὶ
2939 4848 3100 4912 εὐθὺς
3147 4848 3298 4920 ἰχθὺς
3331 4850 3540 4918 ἐπεπή-

1977 4936 2106 5006 δησε
2131 4934 2210 5005 τῷ
2235 4933 2504 5005 παιδαρίῳ
2536 4934 2725 5004 μέγας.
2769 4935 2826 4988 '0
2857 4935 2913 4989 δὲ
2944 4935 3170 5006 ἄγγελος
3210 4932 3360 4988 εἶπεν
3393 4936 3542 5004 αὐτῷ

1978 5022 2328 5076 ἐπιλαϐέσθαι
2357 5020 2447 5073 τοῦ
2487 5021 2666 5090 ἰχθύος
2698 5022 2791 5075 καὶ
2827 5025 3010 5092 τεμεῖν
3049 5023 3209 5076 αὑτὸν
3239 5024 3330 5074 καὶ
3358 5021 3540 5074 λαϐεῖν
3645 5053 3650 5064 ι

1977 5111 2037 5162 τό
2060 5126 2116 5162 τε
2142 5104 2292 5180 ἧπαρ
2317 5107 2411 5161 καὶ
2433 5109 2531 5178 τὴν
2562 5108 2784 5178 καρδίαν
2810 5109 2974 5163 αὐτοῦ
3000 5109 3094 5162 καὶ
3119 5110 3215 5179 τὴν
3242 5108 3422 5179 χολὴν,
3449 5112 3541 5162 καὶ

1978 5195 2149 5248 ταῦτα
2185 5197 2390 5267 τηρεῖν.
2429 5189 2563 5247 Εἶτα
2592 5195 2990 5266 πυνθανομένου
3036 5192 3130 5249 τοῦ
3185 5195 3407 5258 παιδὸς,
3463 5198 3541 5257 εἰς

1977 5284 2030 5335 τί
2059 5285 2300 5354 χρήσιμα
2329 5280 2521 5347 ταῦτα,
2546 5282 2751 5345 ἐκεῖνος
2785 5281 2908 5352 ἔφη·
2939 5281 3012 5333 Τὸ
3044 5277 3197 5352 ἦπαρ
3223 5281 3371 5350 καὶή
3403 5299 3539 5351 καρ-

1978 5368 2065 5422 δία
2092 5368 2412 5440 θυμιώμενα
2434 5367 2614 5434 διώξει
2657 5370 2750 5421 τὸν
2778 5367 3023 5437 δαίμονα·
3053 5369 3087 5438 ή
3115 5367 3172 5420 δὲ
3211 5367 3338 5439 χολὴ
3368 5368 3538 5422 καθα-

1983 5459 2121 5529 ρίσει
2145 5458 2213 5511 τὰ
2238 5456 2586 5530 λευκώματα.
2631 5457 2688 5510 '0
2732 5457 2828 5527 μὲν
2852 5451 2942 5509 οὖν
2967 5457 3096 5520 παῖς
3133 5457 3428 5530 συμϐουλίᾳ
3449 5459 3540 5512 καὶ

1981 5525 2237 5616 συνεργίᾳ
2272 5543 2367 5598 τοῦ
2412 5525 2643 5612 ἀγγέλου
2692 5525 2956 5613 λαμϐάνει
2992 5541 3090 5614 τὴν
3139 5525 3229 5596 τοῦ
3273 5525 3540 5616 Ῥαγουὴλ

1981 5631 2252 5703 θυγατέρα
2280 5631 2378 5703 τὴν
2399 5632 2614 5703 Σάρραν
2661 5631 2924 5698 γυναῖκα,
2957 5630 3270 5702 διωχθέντος
3309 5634 3401 5688 τοῦ
3429 5634 3542 5688 δαι-

2041 5774 2070 5814 b
2100 5773 2180 5824 Sic
2199 5775 2302 5823 fere
2325 5777 2477 5824 altera
2499 5771 2750 5835 Synopsis.

1953 5839 1957 5843 '
2049 5841 2064 5859 '
2083 5837 2200 5896 Quae
2222 5837 2406 5886 uncinis
2426 5835 2712 5886 inclusimus
2728 5835 3177 5900 omninopjicienda
3196 5838 3443 5890 νιιῐεηῐω..
3458 5839 3540 5888 lin.
