4058 6344
470 407 566 462 36!
1172 407 1230 461 S.
1265 407 1547 465 JOANNIS
1586 410 2061 467 CIIRYSOSTUMI
2104 404 2420 484 ARCIIIEP:
2463 410 3006 466 ειιΝδτΑΝτιΝοῑδ.

474 520 655 591 μονίου
691 520 746 571 ἐν
770 519 846 590 τῷ
879 520 1181 593 θυμιάματι
1220 525 1412 596 τούτῳ,
1455 529 1545 580 καὶ
1588 527 1829 591 δεθέντος
1858 531 1937 593 είς
1967 530 2033 581 τὰ

470 607 717 676 ἀνώτερα
754 608 892 679 μέρη
919 610 1193 678 Αἰγύπτου
1249 613 1354 666 ὐπὸ
1404 614 1496 666 τοῦ
1531 615 1779 683 ἀγγέλου.
1828 617 2033 679 Μείνας

469 696 527 748 δέ
569 695 705 766 μςτά
754 696 854 765 τῆς
907 699 1161 766 γυναικὸς
1213 700 1241 753 6
1294 700 1528 765 Τωϐίας,
1579 702 1893 755 ἀποστέλλει
1942 704 2036 757 τὸν

485 784 757 854 Ἀζαρίαν,
791 784 867 848 ὡς
913 786 1194 857 ἄνθρωπον
1230 788 1391 849 ὄντα,
1427 790 1507 851 εἰς
1538 788 1636 860 τὴν
1678 790 1910 861 Μηδίαν,
1941 792 2035 844 καὶ

472 875 777 945 ἀπαιτήσας
802 874 1007 938 ἐκεῖνος
1030 876 1099 929 τὰ
1126 875 1256 930 δέκα
1291 877 1526 932 τάλαντα
1561 879 1864 952 ὑπέστρεψε
1896 879 2033 951 μετά

469 962 570 1031 τῆς
600 962 850 1029 γυναικὸς
868 963 963 1016 καὶ
990 964 1151 1017 αὐτοῦ
1168 964 1259 1017 τοῦ
1284 965 1513 1033 ἀγγέλου
1534 966 1667 1037 πρὸς
1685 967 1776 1019 τὸν
1800 968 2029 1038 πατέρα.

483 1050 854 1120 Ὑποστρέψας
885 1051 941 1103 δὲ
966 1053 994 1103 6
1028 1054 1174 1113 παῖς,
1218 1052 1427 1124 ἐγχρίει
1462 1058 1529 1125 τῇ
1558 1055 1683 1124 χολῇ
1721 1055 1815 1107 τοῦ
1854 1055 2035 1125 ίχθύος

470 1137 595 1199 τούς
649 1136 960 1208 ὀφθαλμοὺς
1013 1137 1106 1190 τοῦ
1159 1140 1382 1209 πατρὸς,
1421 1143 1515 1193 καὶ
1555 1141 1951 1194 ἀποπίπτουσιν
1976 1142 2032 1194 αἱ

470 1225 701 1289 λεπίδες,
732 1226 826 1279 καὶ
872 1225 1031 1288 εὐθὺς
1068 1226 1344 1295 ἀνέϐλεψε.
1390 1229 1518 1282 Ὅτε
1565 1230 1662 1299 μὲν
1692 1229 1971 1299 ἐτυφλώθη
2006 1233 2034 1285 6

470 1312 669 1377 Τωϐὶτ,
708 1307 775 1382 ἦν
799 1311 935 1363 ἐτῶν
975 1318 1054 1381 νη⁹
1076 1352 1091 1375 ,
1122 1313 1208 1365 ὅτε
1245 1313 1301 1366 δὲ
1333 1314 1613 1385 ἀνέϐλεψε,
1658 1312 1725 1384 ἦν
1764 1317 1901 1369 ἐτῶν
1925 1315 2031 1381 Eg’.

468 1400 578 1451 Καὶ
621 1398 802 1451 λοιπὸν
837 1398 1128 1468 βλέψαντος
1161 1401 1361 1467 αὐτοῦ,
1397 1403 1737 1473 ἐφανέρωσεν
1784 1404 1971 1457 ἐαυτὸν
1995 1405 2034 1470 ⁸ὁ

468 1485 715 1555 ἄγγελος,
743 1486 823 1538 ὅτι
853 1486 951 1540 οὐκ
988 1487 1269 1557 ἄνθρωπος
1296 1484 1385 1559 ῆν,
1410 1489 1544 1542 ἀλλά
1577 1489 1729 1561 παρά
1766 1490 1859 1543 τοῦ
1897 1490 2031 1543 Θεοῦ

467 1572 744 1641 ἀπεστάλη
774 1574 854 1636 είς
905 1572 1155 1645 βοήθειαν
1202 1576 1378 1630 αὐτῶν
1428 1594 1486 1630 τε
1539 1578 1634 1631 καὶ
1680 1578 1776 1649 τῆς
1824 1578 2029 1648 Σάρρα.

465 1658 716 1730 Γηράσας
750 1659 807 1712 δέ
839 1661 867 1712 6
896 1660 1095 1726 Τωϐὶτ,
1127 1663 1460 1733 παρήγγειλε
1481 1663 1558 1733 τῷ
1594 1663 1693 1734 υίῷ
1724 1664 1887 1717 αὐτοῦ
1913 1665 2031 1717 Τω-

466 1746 578 1825 ϐία,
610 1745 858 1800 ἀπελθεῖν
891 1749 969 1810 είς
992 1747 1089 1817 τὴν
1115 1749 1324 1819 Μηδίαν
1349 1749 1435 1803 διὰ
1455 1752 1553 1821 τὴν
1577 1751 1839 1822 ἐσομένην
1867 1769 2032 1805 καταο

467 1833 701 1905 στροφὴν
728 1834 826 1905 τῆς
848 1834 1032 1887 Νινευῖ
1074 1836 1211 1889 κατὰ
1240 1836 1298 1889 τὸ
1333 1836 1485 1909 ῥῆμα
1513 1838 1666 1891 Ἰωνᾶ
1696 1838 1790 1891 τοῦ
1821 1841 2032 1911 προφή-

463 1938 576 1987 του,
628 1923 719 1974 καὶ
762 1922 998 1976 ἐκλιπὼν
1028 1923 1263 1977 ἀπέθανε
1309 1924 1445 1977 ἐτῶν
1477 1924 1553 1977 ὢν
1584 1932 1708 1997 ρνε’.
1753 1926 1811 1977 '0
1840 1926 1895 1978 δὲ
1919 1925 2030 1988 υίὸς

464 2008 626 2062 αὐτοῦ
666 2008 858 2074 Τοϐίας
890 2009 1137 2067 ἀπελθὼν
1183 2014 1264 2076 είς
1305 2012 1403 2084 τὴν
1435 2013 1667 2084 Μηδίαν,
1712 2015 1805 2067 καὶ
1855 2012 2029 2083 θάψας

461 2097 587 2160 τοὺς
611 2097 901 2169 πενθερούς
938 2099 1121 2163 αὐτοῦ,
1163 2101 1256 2153 καὶ¹
1288 2100 1525 2164 ἀκούσας
1569 2102 1695 2171 περὶ
1722 2101 1820 2171 τῆς
1861 2118 2030 2154 κατα-

463 2185 699 2256 στροφῆς
731 2185 935 2249 Νινευϊ,
993 2188 1231 2241 ἀπέθανε
1269 2189 1363 2241 καὶ
1410 2190 1565 2251 αὐτὸς
1599 2187 1676 2259 ρξ’
1750 2188 1884 2242 ἐτῶν
1930 2187 2024 2241 ὢν.

463 2272 573 2325 Καὶ
596 2274 653 2325 ἐν
681 2274 888 2337 τούτοις
916 2275 1064 2337 τέλος
1090 2275 1201 2343 ἔχει
1227 2276 1319 2328 καὶ
1342 2276 1500 2328 τοῦτο
1519 2276 1578 2327 rb
1612 2274 1833 2345 βιϐλίον.

985 2417 1228 2470 Βιϐλίον
1265 2417 1500 2470 Ἰουδίθ.

540 2552 725 2605 Ἰουδ“ιθ
756 2553 1000 2606 καλεῖται
1028 2552 1088 2605 rb
1119 2552 1339 2622 βιϐλίον,
1370 2555 1553 2625 ἐπειδὴ
1591 2557 2026 2628 πολεμουμένους

460 2641 554 2695 καὶ
586 2641 1074 2711 πολιορκουμένους
1104 2640 1209 2692 ὑπὸ
1251 2641 1343 2693 τοῦ
1383 2642 1699 2712 Ὀλοφέρνου
1727 2644 1853 2708 τοῦς
1878 2648 2026 2709 υἱοὺς

471 2728 685 2800 Ἰσραὴλ
708 2729 736 2778 6
761 2729 891 2791 Θεὸς
916 2727 1004 2780 διὰ
1030 2730 1127 2797 τῆς
1156 2727 1340 2781 Ἰουδιθ
1368 2731 1489 2792 τοὺς
1518 2730 1617 2799 μὲν
1647 2730 1807 2795 λαοὺς
1832 2731 2021 2795 ἔσωσε,

457 2817 548 2869 τὸν
591 2817 647 2869 δέ
687 2816 1006 2887 Ὀλοφέρνην
1037 2816 1325 2879 ἐπάταξεν.
1367 2816 1433 2869 Ἦ
1479 2818 1536 2870 δέ
1592 2820 1799 2892 ἱστορία
1844 2821 1980 2893 αῦτη
2008 2836 2020 2849 '

457 2903 919 2974 Ναϐουχοδονόσορ
942 2906 969 2957 6
1002 2903 1248 2973 βασιλεὺς
1303 2904 1413 2958 τῶν
1456 2906 2026 2979 Ἀσσυρίων,πόλεμον

457 2993 595 3062 ἔχων
625 2992 760 3063 πρὸς
794 2990 1063 3062 Ἀρφάξαδ
1090 2991 1314 3061 βασιλέα
1343 2991 1560 3062 Μήδων,
1596 2992 1764 3063 ᾔτησε
1804 3013 2025 3068 συμμα-

460 3082 583 3151 χίαν
620 3078 772 3151 παρά
817 3078 925 3133 τῶν
973 3078 1142 3132 ἐθνῶν
1180 3078 1395 3133 πάντων
1444 3080 1549 3143 ἕως
1590 3080 1885 3150 Αίγύπτου.
1932 3086 2024 3157 Μὴ

455 3167 761 3221 δεδωκότων
810 3165 867 3220 δέ
913 3165 1091 3219 αὐτῶν
1109 3209 1125 3233 ,
1173 3165 1285 3219 ἀλλ’
1339 3167 1730 3239 ἀντειρηκότων
1768 3171 1983 3224 πάντων
2006 3211 2023 3237 ,

459 3254 598 3325 μετά
649 3254 709 3307 rb
760 3254 978 3323 νικῆααι
1023 3254 1115 3307 καὶ
1164 3254 1544 3323 περιγενέσθαι
1595 3255 1689 3308 τοῦ
1732 3257 2021 3328 Ἀρφάξαδ,

455 3343 607 3396 ἔθετο
646 3340 788 3394 κατά
832 3341 937 3393 τῶν
973 3340 1047 3411 μὴ
1074 3340 1380 3394 δεδωκότων
1430 3342 1682 3411 πόλεμον.
1733 3345 1843 3398 Καὶ
1890 3347 2027 3401 ἀπέ-

457 3429 631 3485 στειλε
672 3430 762 3483 τὸν
801 3430 1125 3501 Ὀλοφέρνην
1157 3430 1295 3500 μεςά
1341 3430 1619 3501 δυνάμεως
1664 3432 1863 3504 πολλῆς
1906 3437 2023 3487 κατ’

454 3520 652 3573 αὐτῶν.
692 3518 735 3570 Τ
740 3516 773 3571 ἀ
809 3518 906 3588 μὲν
929 3512 1022 3571 οῦν
1051 3517 1185 3571 ἀλλα
1217 3517 1397 3570 πάντα
1434 3518 1558 3590 ἔθνη
1598 3518 1788 3582 ἔλαϐε,
1835 3523 1929 3574 καὶ
1956 3523 2026 3576 τὰ

455 3608 647 3661 είδωλα
682 3605 859 3660 αὐτῶν
895 3606 1237 3678 συνέτριψεν.
1274 3607 1419 3662 Οἱδέ
1452 3608 1557 3660 υἱοὶ
1591 3610 1805 3680 Ἰσραὴλ
1849 3612 2025 3681 ἠσφα-

454 3697 669 3753 λίσαντο
700 3698 945 3762 ἑαυτοὺς,
981 3697 1073 3751 καὶ
1111 3697 1210 3768 οὐχ
1239 3697 1553 3767 ὑπήκουσαν
1590 3699 1668 3770 τῷ
1710 3700 2020 3774 Ὀλοφέρνῃ,

454 3784 577 3839 οὐτε
605 3786 947 3858 ἐφοϐήθησαν
968 3784 1131 3840 αὐτοῦ
1150 3784 1249 3856 τὴν
1274 3786 1521 3856 ἀπειλήν.
1558 3787 1615 3839 'U
1640 3788 1816 3841 τοίνυν
1848 3790 2026 3860 ἱερεὺς

468 3873 719 3943 Ἰωακεὶμ
747 3872 947 3942 ἔγραψε
980 3875 1092 3937 τοῖς
1131 3874 1188 3925 ἐν
1219 3873 1488 3945 Βετυλούᾳ
1511 3876 1711 3945 φράξαι
1744 3876 1839 3946 τὴν
1872 3876 2023 3951 [566]

454 3961 573 4015 ὁδὸν
607 3960 942 4031 Ὀλοφέρνου,
973 3959 1159 4029 ἐπειδὴ
1184 3959 1392 4012 ἐκεῖθεν
1424 3956 1490 4031 ῆν
1520 3962 1691 4015 αὐτοῦ
1718 3963 1907 4034 ήόδδς,
1933 3967 2025 4019 καὶ

456 4048 716 4118 ἔφραξαν.
771 4048 880 4100 Καὶ
924 4049 952 4099 6
998 4048 1096 4117 μὲν
1150 4046 1474 4118 Ὀλοφέρνης
1522 4051 1891 4120 παρετάσσετο
1945 4054 2024 4116 είς

458 4136 710 4207 πόλεμον.
760 4135 958 4208 Ἀχιὼρ
987 4136 1043 4190 δέ
1085 4137 1114 4189 6
1158 4136 1455 4207 ἡγούμενος
1488 4139 1595 4190 τῶν
1636 4140 1766 4192 υἱῶν
1802 4141 2024 4213 Ἀμμὼν

460 4224 835 4278 συνεϐούλευσε
855 4222 932 4294 τῷ
971 4223 1265 4294 Ὀλοφέρνῃ
1294 4227 1367 4296 μὴ
1388 4223 1643 4296 πολεμεῖν
1658 4227 1718 4279 rb
1742 4227 1890 4293 ἔθνος
1917 4230 2024 4281 τῶν

471 4312 735 4384 Ἑϐραίων
764 4312 850 4365 διά
883 4311 944 4365 τὸ
974 4311 1364 4382 ὐπερασπίζειν
1393 4313 1569 4367 αὐτῶν
1601 4313 1692 4368 τὸν
1732 4315 1883 4370 Θεόν.
1915 4318 2024 4371 Καὶ

458 4400 730 4471 ὀργισθεὶς
792 4399 1114 4472 Ὀλοφέρνης
1174 4400 1513 4471 ἀπέστρεψεν
1566 4401 1726 4456 αὐτὸν
1785 4406 1863 4469 είς
1928 4405 2025 4457 Bs-

457 4488 639 4551 τουλᾶ,
670 4487 967 4559 ἀπειλήσας
1000 4489 1243 4559 ἀναιρεῖν
1273 4488 1434 4541 αὐτὸν
1462 4490 1510 4541 εί
1542 4491 1878 4561 περιγένοιτο
1917 4493 2025 4548 τῶν

470 4575 753 4646 Ἐϐραίων.
804 4576 862 4627 Ὀ
904 4576 1000 4645 μὲν
1026 4571 1120 4630 οῦν
1165 4574 1360 4647 ’Λχιὼρ
1388 4572 1455 4646 ἦν
1492 4577 1723 4630 Βετουλᾶ
1754 4580 2024 4633 ἀναπαυό⁹

461 4680 641 4736 μενος.
680 4664 737 4717 Ὀ
773 4663 830 4717 δὲ
874 4664 1194 4735 ὐλοφέρνης
1222 4664 1524 4733 ἐπολιόρκει
1552 4665 1650 4737 τὴν
1683 4666 1853 4729 πόλιν,
1887 4684 2023 4741 προ-

457 4750 776 4817 καταλαϐὼν
807 4751 876 4805 τὰ
914 4750 1100 4806 ὕδατα.
1144 4752 1282 4823 Ἤδη
1316 4752 1372 4805 δὲ
1410 4750 1504 4805 τοῦ
1534 4751 1663 4804 λαοῦ
1711 4753 2023 4817 ἐκλυθέντος

453 4839 544 4894 διὰ
573 4839 634 4892 τὸ
656 4838 827 4909 δίψος,
856 4838 948 4891 καὶ
991 4837 1287 4908 μελλόντων
1315 4838 1560 4893 ἐκδοῦναι
1593 4838 1691 4910 τὴν
1733 4840 1884 4893 πόλιν
1915 4841 2023 4896 τῶν

454 4929 749 5003 ἀρχόντων,
799 4927 980 4981 Ἰουδὶθ
1008 4927 1351 4981 ἀποϐαλοῦσα
1370 4929 1435 4981 τὰ
1462 4932 1559 4999 τῆς
1590 4929 1812 5000 χηρείας
1835 4929 2022 4998 ἱμάτια

455 5016 694 5089 (ἐπένθει
721 5015 829 5087 γὰρ
852 5015 941 5069 τὸν
973 5014 1159 5087 ἄνδρα,
1195 5016 1288 5067 καὶ
1308 5017 1375 5068 δι’
1402 5016 1523 5069 ὅλου
1548 5015 1881 5087 νηστεύουσα
1907 5012 2020 5088 ἦν),

453 5105 756 5176 ἐκόσμησεν
805 5102 1001 5173 ἑαυτὴν
1027 5102 1102 5165 ὼς
1132 5101 1368 5171 νύμφην,
1416 5104 1511 5156 καὶ
1553 5103 1723 5156 πολλὰ
1774 5121 2024 5174 παρακα-

452 5192 686 5253 λέσασα,
726 5191 866 5245 ὥστε
898 5191 972 5261 μὴ
1016 5186 1262 5242 ἐκδοῦναι
1293 5188 1392 5258 τὴν
1425 5189 1578 5242 πόλιν
1616 5190 1772 5261 ἄχρις
1802 5193 2022 5263 ἡμερῶν

454 5281 521 5345 ε’,
549 5280 769 5351 ἐξῆλθεν
801 5264 939 5350 αὐτὴ
973 5278 1109 5350 πρὸς
1142 5277 1234 5330 τὸν
1266 5277 1611 5348 Ὀλοφέρνην,
1648 5280 1743 5332 καὶ
1766 5282 1832 5350 τῇ
1861 5281 2022 5352 σοφίᾳ

453 5367 622 5437 αὐτῆς
651 5368 981 5436 ἀπατήσασα
1012 5364 1193 5426 αὐτὸν,
1224 5366 1290 5435 τῇ
1319 5364 1477 5435 τρίτῃ
1520 5364 1704 5436 ἡμέρᾳ
1744 5366 2022 5436 ἀπεκεφά-

453 5453 601 5508 λισεν
653 5454 814 5509 αὐτὸν
864 5452 952 5526 [τῇ
994 5453 1157 5526 τρίτῃ
1193 5450 1426 5523 ήμέρᾳ],
1473 5452 1806 5529 ἀγνοούντων
1861 5471 2022 5527 στρα-

453 5540 661 5595 τιωτῶν
705 5540 901 5605 αὐτοῦ,
943 5543 1035 5595 καὶ
1070 5539 1211 5594 οὕτω
1256 5540 1577 5594 λοιπὸν·ἁπὸ
1612 5540 1706 5593 τοῦ
1730 5542 1940 5613 τείχους
1971 5544 2020 5595 οἱ

456 5627 667 5683 πολῖται
714 5629 1027 5698 ἀφάψαντες
1069 5628 1169 5701 τὴν
1218 5627 1459 5701 κεφαλήν
1513 5628 1863 5700 Ὀλοφέρνου,
1910 5632 2021 5695 τοῖς

453 5716 618 5770 αὐτοῦ
676 5721 1000 5787 στρατηγοῖς
1057 5718 1357 5783 ὑπέδειξαν.
1422 5716 1702 5772 Ἐντεῦθεν
1746 5719 1795 5771 οἱ
1849 5718 1958 5789 γὰρ
1992 5732 2019 5759 ι

517 5878 545 5910 ⁸
567 5878 664 5929 Pro
682 5878 768 5941 γάρ
786 5881 884 5943 leg.
912 5882 1006 5942 μέν.

3606 410 3709 464 3‘2

2157 530 2427 600 Ἀσσύριοι
2476 529 2705 596 ἔφυγον,
2754 531 2803 581 οἱ
2856 528 2911 580 δέ
2956 528 3060 580 υἱοὶ
3113 524 3327 596 Ἰσραὴλ
3377 524 3711 591 πανταχόθεν

2144 606 2536 687 συνδραμόντες
2571 615 2878 682 κατέκοψαν
2908 616 3034 678 τούς
3080 612 3410 682 Ἀσσυρίους.
3441 611 3711 674 Σωθέντες

2141 705 2195 756 δέ
2230 704 2324 757 καὶ
2369 703 2760 763 σκυλεύσαντες
2808 704 2937 764 τοὺς
2986 700 3293 768 πολεμίους,
3336 697 3599 751 δεδώκασι
3640 700 3707 769 τῇ

2142 790 2331 843 Ἰουδὶθ
2368 790 2642 843 πάντα-τά
2681 788 2773 842 τοῦ
2836 787 3178 858 Ὀλοφὲρνου.
3224 785 3371 854 Αὐτὴ
3420 783 3478 835 δὲ
3525 784 3705 836 Ἰουδὶθ

2141 879 2447 931 ἀπελθοῦσα
2478 880 2556 940 είς
2582 877 2935 949 Ἰερουσαλὴμ
2964 877 3192 945 ἀνέθηκε
3212 875 3383 926 πάντα
3400 871 3478 941 τῷ
3498 872 3705 941 Κυρίῳ,

2142 968 2237 1019 καὶ
2261 966 2632 1036 ἐπιστρέψασα
2660 967 2739 1028 είς
2757 965 2847 1018 τὸν
2875 959 3021 1017 οἷκον
3054 963 3246 1030 αὐτῆς,
3274 960 3375 1030 τὴν
3405 961 3574 1029 αὐτὴν
3594 957 3705 1028 εἶχε

2140 1055 2393 1123 ἀσκησιν,
2445 1054 2540 1106 καὶ
2580 1052 2845 1122 διέμεινεν
2870 1052 2974 1114 ἐως
3003 1050 3233 1104 θανάτου
3269 1050 3433 1117 χήρα,
3486 1047 3709 1117 μηδενὸς

2140 1140 2308 1211 αὐτὴν
2335 1139 2605 1211 ἰσχύοντος
2634 1142 2818 1192 πεῖσαι
2847 1139 2984 1209 πρὸς
3013 1138 3190 1206 γάμον
3224 1135 3415 1188 ἐλθεῖν.
3448 1132 3712 1186 ’Δπέθανι

2139 1227 2196 1280 δὲ
2216 1227 2425 1297 ζήσασα
2450 1227 2625 1290 καλῶς
2653 1229 2712 1279 ἐν
2729 1229 2793 1297 τῇ
2822 1225 3020 1298 χηρείᾳ
3048 1223 3218 1292 αὐτῆς
3242 1222 3380 1275 ἐτῶν
3397 1228 3494 1293 pe’.
3523 1222 3629 1273 Καὶ
3652 1222 3713 1274 ἐν

2140 1314 2346 1378 τούτοις
2380 1313 2528 1378 τέλος
2552 1313 2668 1383 ἔχει
2690 1312 2752 1366 rb
2781 1312 3002 1381 βιϐλίον.

2726 1434 2855 1488 Ἰὼϐ
2876 1433 3138 1498 βιϐλίον.

2224 1560 2343 1614 Ἰὼϐ
2376 1562 2616 1615 καλεῖται
2650 1559 2709 1612 τὸ
2747 1558 2947 1627 βιϐλίον
2971 1600 2986 1622 ,
3026 1556 3215 1627 ἐπειδὴ
3247 1557 3347 1626 τὴν
3392 1556 3511 1607 κατ’
3546 1553 3713 1607 αὐτὸν

2144 1646 2380 1719 ἱστορίαν
2408 1646 2676 1718 περιέχει,
2722 1645 2836 1708 πῶς
2867 1661 2925 1697 τε
2959 1642 3193 1696 πέπονθε
3244 1640 3561 1711 πειρασθείς
3605 1640 3712 1691 ὑπὸ

2138 1733 2231 1787 τοῦ
2280 1734 2524 1788 διαϐόλου
2552 1774 2566 1795 ,
2609 1734 2705 1786 καὶ
2749 1732 2976 1802 νικήσας
3015 1729 3175 1782 αὐτὸν
3208 1732 3266 1781 ἐν
3306 1727 3383 1799 τῷ
3418 1729 3713 1797 ὑπομεῖναι

2139 1821 2376 1884 εὐσεϐῶς
2416 1823 2514 1884 τὰς
2545 1819 2924 1889 ἐπενεχθείσας
2952 1817 3097 1887 αὐτῷ
3139 1817 3381 1888 πληγὰς’
3417 1818 3512 1868 καὶ
3548 1815 3711 1867 διπλᾶ

2139 1910 2315 1965 πάντα
2344 1909 2601 1976 ἀπέλαϐε,
2634 1910 2727 1962 καὶ
2764 1908 2985 1976 γέγονεν
3012 1906 3342 1976 ἐνδοξότερος
3371 1904 3512 1975 ὐπέρ
3557 1903 3587 1955 ὃ
3618 1900 3707 1972 ἦν.

2139 1998 2379 2052 Πέπονθε
2405 1998 2463 2051 δέ
2484 1997 2619 2050 ἐτῶν
2641 1996 2715 2050 ὣν
2741 2003 2801 2061 o',
2837 1995 3069 2066 ἐπέζησε
3103 1995 3158 2047 δὲ
3197 1994 3332 2064 μετά
3359 1992 3461 2057 τὰς
3495 1992 3711 2063 πληγὰς

2138 2085 2231 2154 ἔτη
2266 2092 2358 2156 ρον,
2385 2085 2459 2149 ὼς
2490 2082 2625 2137 εἶναι
2650 2083 2719 2137 τά
2745 2084 2924 2137 πάντα
2956 2083 3054 2152 τῆς
3083 2082 3227 2151 ζωῆς
3261 2081 3422 2134 αὐτοῦ
3458 2081 3555 2149 ἐτη
3596 2088 3707 2150 σμ’.

2137 2174 2329 2242 Γέγονε
2374 2173 2430 2226 δὲ
2474 2172 2592 2227 Ἰὼϐ
2637 2174 2740 2244 πρὸ
2784 2172 3100 2234 Μωύσέως·
3150 2171 3257 2223 ἀπὸ
3304 2171 3413 2240 γὰρ
3460 2172 3709 2241 Ἀϐρααμ

2136 2263 2384 2332 πέμπτος
2416 2258 2504 2333 ἦν,
2535 2260 2754 2330 ἔγγονος
2814 2259 3003 2313 Ἠσαῦ.
3046 2258 3145 2313 Διά
3174 2260 3229 2312 δὲ
3270 2258 3367 2330 τὴν
3406 2258 3710 2328 γενομένην

2135 2342 2256 2403 κατ’
2285 2350 2449 2404 αὐτοῦ
2480 2349 2694 2419 πληγὴν
2732 2344 2893 2419 ἦλθον
2929 2347 3063 2419 πρὸς
3091 2346 3252 2400 αὐτὸν
3278 2346 3420 2416 φίλοι
3454 2362 3707 2415 παρακα-

2136 2439 2245 2491 λεῖν
2261 2438 2442 2502 αὐτὸν,
2473 2438 2566 2492 καὶ
2586 2436 2836 2491 τοσοῦτον
2859 2436 3177 2506 φιλονείκως
3197 2438 3289 2490 καὶ
3310 2435 3554 2505 ἀνηλεῶς
3574 2435 3708 2504 πρὸς

2136 2526 2297 2579 αὐτὸν
2325 2525 2637 2594 διετέθησαν
2684 2528 2796 2587 τοῖς
2844 2524 3041 2592 λόγοις,
3100 2523 3239 2576 ῶστε
3289 2524 3383 2577 καὶ
3433 2522 3705 2593 ἁμαρτίαν

2135 2614 2314 2676 αὐτοῖς
2340 2613 2401 2666 rb
2430 2615 2661 2685 πρᾶγμα
2678 2611 3013 2683 λογισθῆναι.
3047 2612 3102 2665 Ὀ
3125 2612 3181 2664 δέ
3220 2610 3339 2665 Ἰὼϐ
3364 2611 3706 2682 παρεκάλεσε

2132 2699 2223 2753 τὸν
2253 2699 2384 2753 Θεὸν
2406 2700 2545 2771 ὐπέρ
2570 2700 2769 2763 αὐτῶν,
2800 2701 2893 2752 καὶ
2922 2698 3272 2771 συνεχωρήθη
3314 2700 3521 2759 αὐτοῖς.
3556 2698 3700 2751 Εἰσὶν

2133 2783 2225 2841 οὖν
2249 2787 2325 2858 τῷ
2366 2787 2483 2839 Ἰὼϐ
2511 2787 2745 2856 διάλογοι
2766 2787 2899 2858 πρὸς
2916 2788 3039 2851 τούς
3062 2787 3247 2856 φίλους
3263 2784 3312 2857 η’
3329 2806 3340 2817 ·
3365 2786 3459 2839 τοῦ
3486 2786 3703 2854 Ἐλιφάζ

2132 2874 2270 2946 πρὸς
2314 2875 2474 2947 αὐτὸν
2500 2878 2675 2944 τρεῖς’
2730 2874 2823 2927 τοῦ
2874 2873 3074 2945 Σωφάρ
3108 2872 3239 2944 πρὸς
3262 2873 3427 2926 αὐτὸν
3458 2873 3550 2926 δύο
3570 2890 3582 2901 ·
3611 2875 3703 2926 καὶ

2132 2962 2223 3016 τοῦ
2256 2962 2455 3016 Βαλδὰδ
2481 2964 2650 3033 τρεῖς.
2679 2963 2798 3014 Ἔτι
2827 2961 2883 3014 δὲ
2917 2961 3010 3014 καὶ
3038 2960 3131 3013 τοῦ
3182 2960 3390 3023 Ἐλιοὺζ
3410 2960 3504 3011 τοῦ
3534 2961 3708 3031 Rapa:

2134 3051 2258 3123 χιὴλ
2282 3051 2377 3104 τοῦ
2409 3050 2680 3115 Βουζίτου.
2713 3050 2821 3101 Καὶ
2852 3048 3034 3101 λοιπὸν
3074 3050 3101 3100 6
3149 3046 3348 3117 Κύριος
3382 3046 3706 3116 χρηματίζει

2133 3140 2210 3210 τῷ
2251 3138 2369 3192 Ἰὼϐ
2402 3139 2491 3193 διὰ
2529 3139 2788 3201 λαίλαπος
2819 3139 2915 3191 καὶ
2940 3138 3189 3207 νεφέλης.
3232 3138 3612 3207 Ἀποκρίνετιι
3650 3137 3705 3189 δέ

2134 3227 2230 3281 καὶ
2270 3226 2387 3280 Ἰὼϐ
2416 3226 2492 3297 τῷ
2522 3226 2713 3299 Κυρίῳ
2744 3225 2833 3280 διὰ
2871 3226 3043 3295 λόγων
3081 3226 3193 3278 δύο.
3228 3225 3339 3278 Καὶ
3365 3225 3526 3279 τοῦτο
3556 3226 3705 3287 τέλος

2134 3314 2244 3385 ἔχει
2281 3315 2344 3367 rb
2366 3313 2588 3384 βιϐλίον.

2207 3418 2364 3471 Ἔστι
2414 3418 2471 3470 δὲ
2518 3420 2546 3471 6
2604 3417 2804 3481 σκοπὸς
2838 3416 3005 3471 αὐτοῦ
3038 3419 3182 3481 ἄπας
3234 3416 3371 3487 7:96;
3431 3417 3707 3485 ὑπομονὴν

2134 3504 2529 3575 ἐκκαλούμενος
2562 3503 2711 3576 [567]
2748 3505 2875 3567 τούς
2901 3507 2958 3558 ἐν
2991 3508 3312 3578 πειρασμοῖς
3344 3507 3702 3571 περιπίπτονο

2130 3609 2250 3657 τας,
2290 3593 2393 3647 κᾶν
2422 3591 2561 3645 πάνυ
2598 3594 2686 3646 ἐπ’
2721 3591 2973 3663 εὐσεϐείᾳ
2997 3592 3469 3663 μεμαρτύρηνται,
3506 3593 3601 3646 καὶ
3632 3592 3706 3664 μὴ

2136 3679 2579 3744 σκανδαλίζεσθαι
2603 3720 2619 3743 ,
2650 3679 2764 3732 ἀλλ’
2793 3679 3113 3747 ἐπιφωνεῖν·
3162 3681 3215 3732 ’0
3254 3681 3467 3747 Κύριος
3501 3680 3699 3738 ἔδωκε.

2134 3771 2166 3821 ό
2185 3768 2394 3836 Κύριος
2412 3768 2690 3836 ἀφείλετο
2708 3785 2720 3796 ·
2750 3768 2831 3832 ὡς
2855 3765 2935 3832 τῷ
2955 3768 3149 3835 Κυρίῳ
3178 3766 3409 3831 ἔδοξεν,
3429 3768 3586 3821 οὕτω
3608 3766 3699 3819 καί

2132 3854 2367 3925 ἐγένετο
2386 3873 2399 3886 ο
2431 3856 2523 3924 εἴη
2562 3855 2630 3908 τὸ
2671 3854 2857 3924 ὄνομα
2892 3856 3113 3922 Κυρίου
3146 3854 3559 3923 εὐλογημένον
3588 3854 3701 3908 ἀπὸ

2131 3943 2239 3997 τοῦ
2274 3944 2393 3998 νῦν
2425 3944 2527 3998 καί
2552 3943 2664 4010 ἕως
2692 3942 2799 3997 τοῦ
2840 3941 3081 4008 αἰῶνος·
3110 3942 3191 3995 έτι
3222 3943 3314 3994 καὶ
3351 3943 3432 4007 τὸ,
3466 3943 3700 4010 Γυμνὸς

2132 4029 2392 4097 ἐξῆλθον
2413 4032 2482 4084 ἐκ
2511 4032 2743 4096 κοιλίας
2758 4032 2983 4099 μητρός
3012 4048 3152 4098 μου,
3187 4032 3411 4098 γυμνὸς
3444 4031 3541 4081 καὶ
3564 4032 3698 4083 (ira.

2131 4121 2420 4187 λεύσομαι
2443 4119 2598 4173 ἐκεῖ·
2635 4120 2729 4172 καὶ
2762 4118 3010 4171 ἐντεῦθεν
3036 4118 3219 4170 λοιπὸν
3245 4117 3537 4186 μανθάνειν
3566 4119 3694 4183 πόση

2133 4206 2232 4276 τῆς
2270 4207 2546 4278 ὑπομονῆς
2588 4208 2621 4278 ή
2666 4206 2932 4275 ὠφέλειαο
2980 4207 3073 4258 καὶ
3110 4206 3215 4276 γὰρ
3260 4205 3510 4257 ἐντεῦθεν
3550 4206 3698 4258 κάκεῖ

2132 4292 2230 4362 τὴν
2262 4292 2683 4364 μισθαποδοσίαν
2733 4290 2991 4362 λήψονται
3044 4291 3119 4356 ὡς
3157 4291 3296 4345 Ἰώϐ.
3345 4290 3471 4345 Ἔτι
3506 4292 3563 4345 δὲ
3612 4291 3699 4343 καὶ

2134 4379 2387 4451 ἀναδείξῃ
2432 4382 2460 4433 ὁ
2510 4380 2640 4445 Θεὸς
2693 4379 3019 4448 ἀπείραστος
3058 4379 3242 4433 κακῶν
3269 4417 3286 4442 ,
3344 4380 3594 4449 πειράζει
3645 4378 3697 4431 δὲ

2133 4467 2356 4520 οὐδένα·
2384 4467 2837 4538 παραχωροῦντος
2878 4466 2935 4519 δέ
2970 4466 3063 4520 τοῦ
3100 4466 3233 4518 Θεοῦ
3270 4468 3571 4536 πειρασμοὶ
3596 4467 3697 4525 τοῖς

2133 4553 2437 4625 ἀνθρώποις
2457 4553 2563 4607 ὐπὸ
2584 4553 2848 4623 δαιμόνων
2872 4555 3211 4624 ἐπέρχονται,
3236 4553 3322 4606 διὰ
3356 4554 3456 4623 τὴν
3474 4555 3695 4607 ἐκὰστου

2132 4644 2359 4714 δοκιμὴν
2414 4643 2509 4695 καὶ
2553 4643 2847 4697 τελείωσιν.
2900 4643 3037 4695 Φασὶ
3080 4642 3138 4695 δέ
3206 4642 3530 4711 Σολομῶντα
3584 4658 3695 4693 συν-

2131 4732 2410 4801 τεταχέναι
2436 4731 2530 4785 καὶ
2555 4730 2713 4783 τοῦτο
2748 4731 2809 4783 rb
2836 4730 3059 4800 βιϐλίον,
3090 4732 3140 4783 εί
3170 4730 3242 4800 μὴ
3278 4732 3389 4800 ἀρα
3426 4729 3695 4789 Μωύσέως

2132 4820 2249 4871 ἐστὶ
2279 4818 2636 4889 σύγγραμμα.
2686 4818 2749 4871 Ἦ
2776 4818 2874 4889 μὲν
2896 4819 3123 4889 περιοχὴ
3154 4816 3247 4869 τοῦ
3285 4816 3493 4886 βιϐλίου
3522 4817 3694 4868 «τοῦτον

2132 4907 2242 4978 ἔχει
2287 4908 2378 4962 τὸν
2425 4908 2642 4978 τρόπον.
2707 4909 2774 4962 Ἡ
2822 4907 2877 4961 δὲ
2925 4906 3396 4976 ἀνακεφαλαίωσίς
3445 4909 3590 4960 ἐστιν
3642 4908 3693 4956 ἐν

2130 4996 2359 5058 τούτοις.
2405 4995 2492 5047 Ἐν
2533 4994 2838 5065 προοιμίοις
2871 4995 2987 5064 μὲν,
3036 4994 3110 5058 ὼς
3149 4990 3218 5064 ἦν
3261 4993 3380 5047 Ἰὼϐ
3430 4996 3589 5047 οἰκῶν
3642 4995 3693 5044 ἐν

2130 5081 2285 5153 χώρα
2338 5084 2404 5153 τῇ
2469 5080 2712 5134 Δύσίτιδι
2750 5097 2764 5112 ο
2827 5076 2946 5133 εἶτα
3004 5082 3278 5153 μαρτυρία
3332 5084 3433 5151 τῆς
3480 5082 3519 5133 Γ
3524 5080 3693 5153 ραφῆς

2131 5171 2259 5239 περὶ
2295 5169 2391 5239 τῆς
2434 5167 2642 5239 ἀγαθῆς
2678 5167 2838 5221 αὐτοῦ
2870 5168 3173 5232 πολιτείας·
3222 5167 3317 5223 καὶ
3347 5169 3430 5222 ὅτι
3467 5164 3603 5239 ἦσαν
3646 5169 3691 5219 οί

2132 5258 2237 5309 υἱοὶ
2272 5255 2419 5327 αὐτῴ
2450 5257 2523 5321 ζ’,
2565 5256 2658 5310 καὶ
2692 5256 2987 5327 θυγατέρες
3023 5262 3073 5321 ς’
3103 5273 3119 5287 ο
3164 5258 3259 5310 καὶ
3290 5258 3421 5328 περὶ
3467 5255 3691 5328 ἀριθμοῦ

2129 5347 2238 5398 τῶν
2262 5344 2470 5415 κτηνῶν
2498 5343 2682 5398 αὐτοῦ.
2704 5344 2816 5398 Καὶ
2840 5345 2920 5397 ὅτι
2954 5344 3309 5415 πορευόμενοι
3328 5348 3376 5398 οί
3406 5347 3512 5399 υἱοὶ
3535 5342 3691 5399 αὐτοῦ

2130 5436 2266 5508 πρὸς
2292 5435 2576 5508 ἀλλήλους,
2621 5436 2836 5489 ἐποίουν
2866 5438 3026 5490 m‘rov
3054 5436 3175 5489 καθ’
3202 5436 3441 5506 ἐκάστην
3489 5437 3693 5508 ἡμέραν

2133 5524 2227 5576 σὺν
2246 5525 2364 5586 ταῖς
2389 5523 2563 5593 τρισὶν
2594 5521 2847 5592 ἀδελφαῖς
2882 5523 3077 5577 αὐτῶν.
3107 5522 3210 5577 Καὶ
3240 5523 3528 5577 ἐπέστελλε
3578 5522 3693 5577 Ἰὼϐ

2130 5609 2226 5664 καὶ
2263 5609 2552 5680 ἐκαθάριςε
2593 5611 2718 5674 τοὺς
2767 5612 2916 5675 υίούς
2964 5610 3147 5673 αὐτοῦ,
3198 5612 3524 5683 προσφέρων
3569 5608 3693 5681 περὶ

2130 5695 2308 5751 αὐτῶν
2325 5696 2511 5750 θυσίαν
2525 5695 2602 5765 τῷ
2617 5697 2825 5768 Κυρίῳ.
2853 5696 3049 5769 Πρώτη
3075 5697 3348 5769 μαρτυρία
3368 5692 3463 5751 τοῦ
3490 5697 3693 5769 Κυρίου

2133 5783 2378 5852 περὶτοῦ
2417 5781 2537 5836 Ἰὼϐ
2566 5784 2701 5854 πρὸς
2735 5784 2827 5836 τὸν
2860 5783 3123 5849 διάϐολον,
3155 5784 3344 5855 πρώτη
3376 5783 3694 5853 φθονολογία

2130 5869 2223 5922 τοῦ
2236 5868 2478 5923 διαϐόλου
2502 5872 2631 5941 περὶ
2651 5870 2771 5925 Ἰὼϐ
2792 5870 2924 5943 πρὸς
2942 5871 3033 5926 τὸν
3044 5870 3263 5945 Κύριον.
3286 5871 3526 5927 Ἔδωκεν
3547 5870 3694 5939 ἐξου-
