4102 6322
214 385 315 441 531

209 532 405 572 versus
430 531 558 571 vero
593 517 774 572 oculos
802 519 964 586 patris
992 519 1113 574 fe‘lle
1151 521 1310 590 piscis
1333 522 1541 585 oblinit,
1573 533 1625 577 et
1653 523 1795 576 deci-

208 610 351 663 dunt
387 624 658 678 squamas,
695 619 749 663 et
800 626 922 665 mox
964 613 1156 679 visum
1183 614 1382 681 recepit
1419 627 1603 668 senex.
1641 613 1797 668 Tobit

211 715 379 770 porro
398 716 517 756 cum
537 711 833 756 excmcatus
849 712 927 758 est
942 717 1199 757 annorum
1217 712 1330 758 erat
1349 705 1444 773 58,
1460 721 1580 759 cum
1609 717 1788 760 autem

208 794 386 845 visum
405 795 603 860 recepit
630 809 889 847 annorum
908 794 994 848 66.
1021 795 1152 848 Tum
1168 794 1378 849 demum
1408 811 1528 851 cum
1545 797 1700 851 Tobit
1717 800 1798 851 vi-

208 883 388 946 deret,
409 885 628 952 angelus
649 899 766 938 sese
784 885 1154 954 manifestavit,
1174 888 1312 955 quod
1335 888 1493 943 homo
1511 907 1613 944 non
1630 901 1790 957 esset,

212 975 310 1028 sed
343 991 373 1028 a
409 975 515 1029 Deo
544 977 758 1037 missus,
791 987 845 1029 ut
876 978 1000 1045 ipsis
1026 987 1079 1030 et
1114 979 1289 1034 Same
1309 995 1463 1050 Opem
1488 981 1668 1036 ferret.
1694 983 1792 1037 Ubi

209 1079 344 1117 vero
384 1079 544 1118 senex
587 1065 753 1119 factus
792 1076 933 1120 esset
961 1065 1134 1134 Tobit,
1167 1070 1538 1138 prtecepitﬁlio
1567 1088 1664 1126 suo
1690 1072 1795 1126 To-

209 1156 338 1222 biae,
380 1166 437 1211 ut
471 1159 523 1211 in
553 1157 776 1212 Mediam
817 1159 1008 1227 abiret,
1047 1161 1186 1228 quod
1217 1161 1444 1217 futurum
1463 1173 1677 1220 essetut
1708 1165 1795 1219 Ni-

209 1249 335 1301 nive
355 1248 644 1302 secundum
670 1251 886 1303 verbum
914 1251 1062 1305 J0me
1089 1254 1360 1322 propheta:
1376 1257 1788 1324 subverteretur,

211 1348 264 1391 et
306 1338 560 1393 deficiens
604 1349 842 1394 mortuus
890 1353 973 1395 est
1011 1358 1269 1398 annorum
1321 1347 1444 1402 155.
1478 1348 1643 1402 Filius
1667 1365 1794 1404 vero

210 1431 327 1498 ejus
353 1431 548 1487 Tobias
576 1433 626 1486 in
658 1432 879 1486 Mediam
909 1435 1169 1503 migravit,
1204 1436 1292 1491 ubi
1326 1439 1536 1493 tandem
1573 1441 1794 1509 sepultis

209 1535 404 1575 socero
428 1530 484 1575 et
512 1537 690 1589 socru,
719 1533 772 1577 et
795 1523 862 1577 de
895 1522 1102 1578 Ninivaa
1142 1527 1347 1581 excidio
1371 1537 1618 1597 percepta
1655 1530 1792 1584 fama

210 1621 456 1666 mortuus
483 1622 565 1667 est
588 1628 845 1668 annorum
880 1615 1001 1671 107.
1039 1615 1107 1670 Et
1144 1618 1195 1672 in
1225 1619 1337 1672 haec
1364 1619 1559 1674 desiuit
1587 1620 1738 1675 liber.

748 1743 898 1782 uasa
935 1745 1123 1784 Juntrru
1169 1731 1262 1802 (α).

281 1835 382 1890 llic
422 1837 555 1892 liber
582 1838 763 1894 Judith
793 1852 1032 1906 vocatur,
1071 1844 1192 1914 quia
1232 1845 1369 1900 ﬁlios
1399 1846 1558 1901 Israel
1594 1848 1662 1901 ab
1689 1848 1797 1904 Ho-

209 1927 469 1996 lopherne
513 1930 841 2000 impugnatos
867 1944 920 1988 et
967 1934 1251 2001 obsessos,
1311 1937 1448 1991 Deus
1487 1939 1602 2009 ejus
1630 1954 1792 2008 opera

209 2019 489 2086 liberavit;
519 2022 1016 2095 ilol0phernemque
1046 2030 1325 2097 percussit.
1358 2031 1584 2086 Historia
1617 2043 1792 2088 autem

209 2110 314 2165 hoc
332 2127 392 2165 se
424 2113 584 2167 habet
609 2115 786 2170 modo.
809 2117 1294 2174 Nabuchodonosor
1316 2138 1407 2176 rex
1432 2125 1790 2196 Assyriorum,

208 2218 331 2256 cum
357 2203 551 2258 bellum
578 2217 788 2276 gereret
815 2210 1071 2265 adversus
1096 2212 1382 2283 Arphaxad
1408 2231 1584 2285 regem
1615 2218 1796 2272 Medo-

208 2309 351 2358 rum,
379 2295 446 2348 ab
466 2298 712 2351 omnibus
741 2301 982 2368 gentibus
1007 2318 1171 2372 usque
1196 2303 1262 2357 ad
1289 2304 1577 2376 Egyptum
1600 2310 1791 2364 auxilia

207 2387 455 2452 petierat.
484 2387 615 2442 Cum
642 2398 817 2444 autem
846 2407 1002 2446 nemo
1027 2395 1276 2449 auxilium
1311 2399 1558 2463 misisset,
1587 2400 1680 2454 sed
1703 2416 1791 2456 re-

209 2476 456 2530 nuisseut
483 2493 688 2540 omnes,
722 2491 1060 2551 posteaquam
1089 2486 1298 2540 vicisset
1327 2497 1380 2542 et
1410 2488 1791 2558 Arphaxadum

207 2564 353 2620 bello
395 2578 729 2638 superasset,
773 2573 965 2626 bellum
1011 2575 1186 2629 intulit
1224 2578 1287 2630 iis
1317 2579 1408 2648 qui
1456 2581 1584 2635 nihil
1611 2583 1792 2637 auxilii

203 2657 465 2711 miserant
498 2676 510 2710 :
539 2661 787 2730 misitque
829 2663 1220 2733 Holophernem
1249 2667 1506 2724 adversus
1548 2687 1640 2726 eos
1669 2689 1789 2727 cum

203 2761 401 2815 magno
430 2751 684 2804 exercitu.
715 2752 810 2806 llic
839 2754 968 2809 alias
997 2756 1210 2825 quidem
1229 2774 1416 2814 onmes
1437 2773 1622 2832 gentes
1650 2765 1792 2820 bello

200 2837 369 2906 cepit,
402 2849 454 2891 et
484 2840 621 2895 idola
649 2843 878 2912 ipsarum
901 2849 1178 2917 confregit.
1202 2848 1451 2906 Israelita:
1471 2862 1647 2909 autem
1670 2871 1792 2913 sese

200 2931 663 2998 communierant,
718 2951 819 2990 nec
866 2935 1190 3007 llolopherni
1247 2941 1555 3012 obsequuti,
1619 2961 1792 3016 neque

202 3020 373 3072 minis
411 3021 550 3076 illius
587 3027 848 3092 perterriti
895 3040 1040 3084 sunt.
1084 3029 1310 3102 Scripsit
1340 3035 1515 3106 itaque
1542 3037 1791 3094 sacerdos

200 3109 418 3164 Joakim
445 3112 645 3168 civibus
672 3115 918 3187 Betyluae,
950 3129 1005 3174 ut
1032 3121 1166 3174 viam
1196 3123 1520 3195 llolopherni
1548 3129 1792 3185 obstrunc-

204 3188 356 3268 rent;
388 3205 556 3261 isthac
577 3209 716 3262 enim
746 3211 848 3265 iter
873 3213 1107 3271 facturus
1135 3225 1280 3282 erat;
1312 3229 1364 3272 et
1390 3221 1784 3277 obstruxerunt.

206 3296 574 3366 llol0phernes
603 3300 763 3370 igitur
779 3305 946 3360 aciem
967 3305 1295 3365 instruxitad
1323 3326 1572 3381 pugnam.
1591 3315 1790 3370 Achior

204 3397 380 3443 autem
417 3391 659 3461 princeps
687 3395 1110 3454 Ammonitarum
1138 3411 1324 3456 auctor
1351 3415 1465 3458 erat
1494 3405 1788 3476 H010pher-

204 3479 277 3542 ni,
311 3494 379 3534 ne
402 3483 541 3550 genti
570 3482 914 3542 Hebragorum
956 3489 1152 3545 bellum
1182 3492 1417 3558 inferret,
1448 3511 1513 3550 eo
1537 3498 1679 3566 quod
1712 3501 1786 3554 illi

205 3582 234 3620 a
276 3569 386 3623 Deo
429 3582 852 3644 protegerentur.
895 3577 1201 3649 Indignatus
1243 3583 1608 3654 llolophernes
1646 3590 1790 3644 misit

205 3673 326 3712 eum
367 3661 605 3717 Betulam
629 3707 645 3731 ,
694 3667 962 3724 interitum
1006 3671 1078 3726 illi
1117 3676 1467 3731 comminatus
1499 3679 1544 3733 si
1579 3681 1787 3748 quando

203 3747 459 3820 Hebraeos
486 3753 744 3810 vinceret.
768 3758 967 3815 Achior
985 3763 1158 3832 itaque
1180 3765 1231 3818 in
1255 3765 1437 3821 Betula
1459 3747 1782 3838 quiescebat.

200 3838 572 3910 llolophernes
600 3861 727 3901 vero
755 3851 1022 3906 civitatem
1063 3853 1358 3923 obsidebat,
1395 3869 1448 3912 et
1483 3859 1594 3928 jam
1623 3876 1786 3931 aquas

197 3933 342 3988 illius
364 3950 734 4005 occupaverat.
766 3941 899 3997 Cum
928 3944 1012 3998 siti
1041 3945 1151 4015 jam
1185 3947 1507 4019 affligeretur
1536 3956 1780 4023 populus,

193 4034 250 4076 et
279 4024 544 4093 principes
565 4028 832 4086 civitatem
857 4034 1099 4089 tradituri
1127 4049 1305 4093 essent
1327 4081 1342 4106 ,
1371 4041 1552 4096 Jttdith
1573 4044 1784 4114 deposi-

193 4114 266 4166 tis
298 4113 568 4171 viduitatis
597 4120 830 4176 vestibus
851 4125 1128 4186 (maritum
1157 4129 1296 4182 enim
1330 4142 1593 4188 mortuum
1636 4113 1782 4207 luge-

191 4203 305 4268 bat,
335 4215 391 4260 et
405 4209 640 4277 quotidie
665 4213 977 4284 jejunabat),
1005 4219 1232 4289 seipsam
1264 4222 1429 4278 instar
1454 4242 1663 4294 sponsae
1687 4203 1778 4284 or—

193 4298 380 4365 navit,
427 4309 483 4354 et
535 4305 715 4357 multis
754 4306 1032 4363 adhortata
1084 4317 1343 4381 primores
1396 4318 1663 4388 civitatis,
1713 4338 1780 4376 ne

192 4390 464 4445 civitatem
512 4394 576 4448 ad
607 4411 774 4464 usque
802 4401 1035 4470 quinque
1071 4403 1184 4457 dies
1221 4406 1357 4462 hosti
1388 4410 1676 4478 traderent,
1712 4414 1777 4468 ad

192 4478 595 4550 llolophernem
628 4503 838 4555 egressa
873 4501 977 4557 est,
1006 4502 1060 4546 et
1085 4509 1203 4547 cum
1234 4511 1325 4550 sua
1354 4499 1496 4553 illum
1525 4503 1777 4571 sapientia

190 4573 498 4644 decepisset
522 4619 536 4641 ,
575 4581 728 4636 tertia
767 4582 886 4649 die,
930 4586 1290 4655 ignorantibus
1335 4593 1450 4660 ejus
1486 4595 1774 4662 militibus,

189 4665 366 4732 ipsum
398 4671 574 4737 capite
597 4675 877 4728 truncavit.
905 4676 970 4730 Et
995 4680 1072 4733 sic
1096 4679 1308 4735 demum
1333 4683 1495 4750 cives,
1521 4701 1777 4756 suspenso

186 4754 548 4824 llolOphernis
569 4765 764 4832 capite,
792 4765 962 4833 ipsum
1003 4769 1117 4837 ejus
1157 4771 1379 4826 tribunis
1407 4777 1773 4833 ostenderunt.

183 4847 326 4902 Hinc
381 4851 584 4922 Assyrii
633 4856 903 4926 fugerunt;
951 4859 1206 4916 Israelita:
1247 4880 1374 4917 vero
1425 4868 1776 4938 undequaque

183 4953 570 4996 concurrentes
607 4946 853 5018 Assyrios
893 4951 1238 5026 trucidarunt.
1287 4955 1513 5010 Liberali
1557 4959 1772 5029 itaque,

180 5029 522 5100 direptisque
563 5034 795 5091 hostium
844 5042 1068 5105 castris,
1119 5060 1238 5112 qua:
1271 5045 1338 5098 ad
1382 5047 1772 5116 llolophernem

181 5121 556 5188 pertinuerant
583 5127 757 5180 omnia
803 5127 1030 5186 Judithze
1070 5131 1348 5188 dederunt.
1380 5135 1493 5206 Ipsa
1524 5155 1647 5193 vero
1680 5142 1773 5196 Ju-

177 5211 296 5264 dith
331 5211 720 5286 Jerosolymam
767 5223 1020 5290 profecta,
1068 5227 1244 5280 omnia
1292 5227 1516 5285 Domino
1557 5233 1768 5300 obtulit,

175 5302 511 5375 domumque
539 5325 767 5377 reversa,
800 5314 852 5367 in
893 5316 1081 5373 eodem
1121 5321 1333 5388 pietatis
1357 5326 1616 5380 exercitio
1645 5345 1768 5398 per-

173 5398 489 5464 severavit,
535 5416 598 5456 ac
635 5403 790 5459 vidua
828 5407 894 5461 ad
945 5421 1166 5465 mortem
1200 5429 1366 5484 usque
1389 5419 1578 5472 mansit
1609 5457 1624 5484 ,
1669 5437 1768 5476 ne-

173 5504 380 5560 moque
432 5492 506 5546 illi
565 5498 778 5564 nuptias
827 5502 1146 5567 persuadere
1201 5508 1386 5572 potuit.
1435 5508 1637 5563 Mortua
1687 5523 1769 5566 est

172 5591 358 5636 autem
382 5624 396 5646 ,
425 5595 704 5656 postquam
748 5589 800 5644 in
836 5592 1088 5650 viduitate
1126 5597 1346 5654 honeste
1377 5601 1624 5667 vixisset,
1667 5622 1766 5660 an-

175 5688 278 5729 nos
294 5690 513 5732 emensa
532 5689 746 5735 centum
763 5691 817 5736 et
833 5683 1086 5754 quinque.
1105 5686 1173 5741 Et
1189 5688 1239 5742 in
1259 5689 1372 5746 haec
1397 5692 1590 5749 desinit
1611 5696 1760 5752 liber.

241 5839 317 5903 (η)
344 5840 526 5893 iisdem
550 5843 656 5896 fere
681 5847 845 5898 verbis
869 5853 1055 5899 constat
1079 5849 1230 5902 altera
1253 5859 1486 5919 Synopsis.

1313 387 1634 444 SYNOPSIS
1671 387 1954 445 SCRIPTU
1967 389 2080 446 ΠᾸΞ
2119 393 2384 448 SACIUE.

3381 408 3484 462 56?.

2521 525 2666 562 Ι.ΙΙ;1·.ιι
2689 526 2793 564 3οη.

1976 634 2173 706 (a)Job
2203 640 2480 707 inscriptus
2511 652 2593 695 est
2625 643 2709 696 hic
2735 645 2890 711 liber,
2919 652 3036 715 quia
3067 649 3180 719 ejus
3208 651 3480 709 historiam

1902 735 2292 799 complectitur,
2343 751 2532 804 nempe
2572 753 2690 806 quae
2740 755 3022 808 perpessus
3063 748 3131 796 sit
3179 753 3411 802 tentatus
3457 764 3485 801 a

1902 821 2112 877 diabolo
2139 866 2154 889 ,
2199 837 2253 878 et
2297 828 2562 894 quonde
2604 830 2820 894 vicerit,
2855 831 3132 903 illatasque
3172 837 3352 906 plagas
3403 841 3488 908 pie

1902 915 2204 969 toleraverit
2230 959 2244 982 ,
2277 919 2597 989 denuunque
2627 923 2805 974 omnia
2833 923 3058 991 duplicia
3089 930 3343 997 receperit
3372 972 3384 992 ,
3419 931 3486 982 il»

1902 1002 2245 1075 lustriorque,
2270 1025 2427 1076 quam
2456 1020 2632 1073 antea,
2664 1012 2834 1066 factus
2859 1016 2944 1066 sit.
2972 1015 3163 1070 Passus
3185 1029 3356 1073 autem
3381 1034 3482 1082 est,

1901 1109 2019 1146 cum
2045 1105 2187 1149 esset
2207 1114 2462 1152 annorum
2488 1103 2839 1171 Septuaginta,
2865 1105 2992 1158 vixit
3017 1122 3140 1159 vero
3167 1122 3281 1176 post
3306 1111 3484 1180 plagas

1900 1185 2052 1238 annis
2085 1195 2298 1241 centum
2330 1198 2380 1242 et
2410 1194 2740 1261 septuaginta
2767 1235 2780 1257 ,
2816 1195 2884 1246 ita
2916 1204 2970 1249 nt
3008 1212 3193 1252 omnes
3219 1203 3340 1254 vita:
3369 1205 3485 1270 ejus

1901 1277 2022 1329 anni
2055 1279 2156 1331 sint
2189 1279 2401 1334 ducenti
2443 1284 2812 1353 quadraginta.
2863 1285 2981 1340 Fuit
3011 1299 3186 1342 autem
3227 1291 3327 1345 Job
3363 1304 3485 1349 ante

1902 1366 2134 1438 Moysem’
2156 1386 2169 1433 ;
2193 1379 2308 1424 erat
2334 1373 2473 1426 enim
2502 1375 2720 1443 quintus
2746 1377 2812 1429 ab
2837 1377 3142 1432 Abrahamo
3167 1397 3230 1434 ex
3262 1386 3486 1448 posteris

1901 1458 2058 1512 Esau.
2108 1459 2187 1514 Ol)
2234 1463 2506 1532 plagarum
2549 1465 2898 1520 calamitatem
2931 1480 3190 1524 venerunt
3229 1473 3293 1526 ad
3339 1476 3484 1529 illum

1899 1550 2206 1604 consolandi
2236 1554 2399 1621 gratia
2429 1555 2607 1608 amici.
2646 1557 2818 1626 Atque
2846 1560 2912 1612 ita
2941 1563 3270 1616 contentiose
3295 1575 3346 1618 et
3371 1565 3485 1620 sine

1899 1642 2364 1696 commiseratione
2393 1660 2512 1698 cmn
2547 1647 2636 1699 illo
2671 1650 2844 1702 verbis
2884 1661 3146 1720 egerunt,
3191 1665 3245 1707 ut
3275 1656 3398 1710 illud
3433 1659 3482 1710 iu

1903 1743 2176 1798 peccatum
2209 1734 2338 1801 ipsis
2363 1745 2661 1803 reputatum
2693 1737 2872 1793 fuerit.
2910 1741 3012 1796 Job
3040 1758 3166 1798 vero
3197 1745 3358 1800 Deum
3389 1763 3484 1814 pro

1902 1820 2005 1874 illis
2046 1833 2294 1891 precatus
2331 1835 2448 1891 est,
2482 1836 2534 1879 et
2574 1831 2852 1883 remissum
2897 1833 3024 1901 ipsis
3065 1843 3148 1888 est
3184 1845 3482 1904 peccatum.

1899 1912 2035 1967 Sunt
2058 1914 2250 1985 dialogi
2281 1916 2402 1983 Job,
2433 1935 2568 1988 quos
2592 1936 2710 1974 cum
2741 1924 2925 1978 amicis
2949 1924 3150 1991 habuit,
3181 1937 3300 1983 octo
3329 1947 3341 1981 :
3372 1931 3481 1984 Eli-

1900 2005 2036 2073 phaz
2061 2021 2187 2059 vero
2217 2007 2280 2061 ad
2308 2008 2409 2063 Job
2441 2020 2548 2065 tres
2572 2054 2586 2077 ,
2621 2012 2829 2082 Sophar
2854 2015 2961 2070 duo
2982 2058 2996 2082 ,
3028 2018 3224 2073 Baldad
3255 2031 3381 2076 tres.
3415 2023 3482 2079 Et

1902 2097 2050 2152 Eliuz
2075 2115 2283 2170 quoque
2305 2102 2400 2156 lilii
2436 2104 2711 2160 Barachiel
2747 2108 2943 2162 Buzitac
2965 2127 3099 2166 unus
3119 2122 3199 2168 est
3217 2115 3478 2186 dialogus.

1901 2188 2120 2242 Demum
2170 2191 2422 2248 Dominus
2463 2195 2655 2251 Jobum
2685 2199 2970 2269 alloquitur
3000 2219 3096 2272 per
3123 2207 3386 2262 turbinem
3427 2219 3482 2265 et

1900 2281 2116 2334 nubem.
2152 2281 2457 2354 Respondet
2488 2304 2615 2342 vero
2648 2291 2904 2358 Domino,
2939 2307 2990 2349 et
3029 2297 3111 2351 bis
3145 2299 3313 2368 ipsum
3342 2303 3481 2356 allo-

1898 2374 2094 2440 quitur.
2127 2372 2318 2444 Sicque
2347 2379 2660 2434 terminatur
2685 2382 2843 2437 liber.

1970 2463 2171 2534 Scepus
2198 2477 2373 2522 autem
2401 2471 2517 2540 ejus
2549 2480 2688 2527 totus
2718 2485 2798 2528 est
2835 2476 2902 2530 ad
2942 2479 3246 2546 patientiam
3280 2483 3479 2542 hortari

1897 2571 1992 2610 eos
2016 2558 2104 2627 qui
2129 2559 2179 2612 in
2212 2561 2542 2618 calamitates
2570 2565 2830 2634 incidunt,
2864 2569 3071 2625 etiamsi
3098 2589 3344 2644 magnmn
3373 2579 3481 2646 pie-

1898 2650 2021 2702 tatis
2061 2652 2416 2708 testimonium
2461 2671 2570 2726 pra:
2612 2674 2670 2713 se
2703 2659 2905 2726 ferant;
2955 2672 3011 2718 ut
3038 2664 3139 2720 hoc
3169 2667 3340 2736 ipsum
3371 2671 3474 2726 illis

1897 2739 2218 2796 oﬁ'endiculo
2248 2759 2352 2797 non
2383 2745 2484 2807 sit;
2516 2747 2608 2802 sed
2641 2750 2753 2803 hinc
2781 2754 3048 2819 proferant
3076 2775 3089 2809 :
3121 2756 3366 2815 Dominus
3391 2762 3478 2816 de-

1898 2831 1990 2897 dit,
2015 2831 2264 2889 Dominus
2289 2837 2495 2890 abslulit
2518 2855 2537 2891 :
2559 2839 2686 2893 sicut
2715 2840 2929 2896 Domino
2951 2846 3169 2915 placuit,
3194 2851 3266 2903 ita
3291 2854 3479 2921 factum

1896 2934 2004 2987 est;
2031 2925 2095 2977 sit
2121 2941 2306 2980 nomen
2333 2927 2536 2982 Domini
2559 2930 2870 2986 benedictum
2897 2952 2959 2988 ex
2980 2938 3073 2990 hoc
3098 2955 3232 2993 nunc
3256 2953 3300 2995 et
3325 2961 3480 3014 usque

1896 3014 1948 3066 in
1976 3017 2216 3070 saeculum
2267 3019 2404 3089 (Job
2443 3023 2494 3075 1.
2532 3022 2594 3077 2|
2628 3024 2682 3094 );
2726 3027 3044 3099 insuperque
3073 3032 3200 3087 illud
3233 3053 3248 3088 :
3294 3036 3479 3093 Nudus

1895 3120 2122 3174 egressus
2161 3124 2272 3161 sum
2316 3110 2377 3164 de
2415 3121 2552 3166 utero
2581 3118 2754 3170 matris
2797 3135 2948 3184 metu,
2981 3133 3028 3174 et
3071 3125 3236 3178 nudus
3263 3140 3480 3183 revertar

1895 3199 2018 3253 illuc
2043 3200 2284 3273 (Ibidem)
2309 3221 2322 3268 ;
2351 3215 2509 3275 atque
2537 3207 2658 3263 hinc
2684 3212 2896 3268 demum
2923 3217 3156 3273 ediscant
3189 3233 3383 3290 quanta
3409 3226 3479 3280 sit

1897 3292 2162 3371 patientiae
2206 3295 2405 3351 utilitas
2438 3314 2451 3351 :
2480 3300 2675 3354 etenim
2718 3303 2841 3358 inde
2881 3309 3180 3363 mercedem
3209 3318 3476 3382 accepturi

1894 3365 2017 3436 sunt
2046 3385 2181 3437 sicut
2207 3385 2326 3440 Job.
2357 3387 2423 3443 Ut
2449 3389 2606 3443 etiam
2635 3396 2884 3450 ostendat
2913 3397 3077 3452 Deum
3105 3365 3476 3462 intentatorem

1893 3475 2150 3530 malorqu
2175 3494 2314 3545 esse,
2342 3482 2715 3553 neminemque
2741 3495 2977 3547 tentare:
3008 3492 3100 3546 sed
3125 3495 3232 3548 Deo
3257 3501 3476 3565 permit-

1894 3573 2038 3619 tente
2075 3571 2391 3626 tentationes
2437 3571 2740 3630 hominibus
2780 3593 2878 3648 per
2915 3580 3185 3637 daemonas
3214 3589 3470 3655 excitari,

1892 3657 1956 3710 ad
1985 3657 2313 3728 singulorum
2353 3665 2714 3731 probationem
2744 3669 3245 3743 perfecﬁonemque.
3275 3678 3474 3732 Narra-

1895 3756 1978 3800 tur
2007 3747 2344 3805 Salomonem
2376 3752 2516 3808 hunc
2542 3755 2884 3813 adornavisse
2929 3762 3119 3818 librum
3146 3808 3160 3832 ,
3205 3769 3299 3821 nisi
3339 3769 3475 3827 forte

1893 3838 2056 3906 ipsius
2085 3841 2280 3913 Moysis
2305 3844 2380 3898 sit
2407 3861 2560 3916 opus.
2592 3848 2714 3903 llaec
2744 3855 3080 3910 continentur
3105 3860 3155 3912 iu
3189 3861 3287 3916 hoc
3313 3864 3469 3932 lihro,

1889 3932 2040 4000 cujus
2068 3936 2237 4000 capita
2271 3936 2348 3989 sic
2375 3941 2570 3992 resumi
2603 3956 2842 4009 possunt.
2877 3945 2929 4000 in
2958 3951 3176 4006 exordio
3207 3965 3468 4024 narratur,

1889 4023 2027 4092 quod
2053 4024 2152 4079 Job
2181 4026 2442 4084 habitaret
2462 4033 2514 4085 in
2542 4043 2679 4088 terra
2708 4037 2947 4093 Ausitidc
2975 4059 2988 4094 :
3017 4043 3206 4100 deinde
3233 4023 3470 4118 sequitur

1890 4118 2245 4173 testimonium
2276 4121 2565 4193 Scriptura:
2602 4127 2669 4182 de
2700 4131 2866 4198 probo
2891 4133 3006 4204 ejus
3036 4138 3158 4193 vitae
3190 4141 3465 4211 instituto;

1886 4209 2026 4277 quod
2054 4210 2187 4266 ﬁlios
2221 4212 2441 4270 haberet
2469 4230 2696 4286 septem,
2725 4222 2966 4294 filiasque
2995 4243 3122 4293 sex;
3153 4233 3218 4286 de
3246 4209 3468 4292 numero

1885 4315 2135 4369 pecorum
2164 4304 2298 4373 ejus.
2331 4307 2482 4375 Quod
2516 4310 2607 4366 ﬁlii
2637 4314 2752 4382 ejus
2777 4333 2877 4370 una
2905 4325 3307 4394 convenientes,
3335 4345 3467 4384 con-

1885 4393 2079 4447 vivium
2101 4396 2335 4465 quotidie
2352 4400 2685 4458 celebrarent
2704 4421 2822 4461 cum
2846 4411 3012 4464 tribus
3033 4418 3303 4473 sororibus
3323 4424 3464 4478 suis:

1884 4491 1938 4536 et
1965 4485 2103 4554 quod
2133 4487 2365 4544 mitteret
2390 4489 2490 4546 Job
2517 4504 2569 4548 et
2599 4498 2881 4554 mandaret
2907 4502 3042 4559 ﬁlios
3069 4521 3214 4575 suos,
3238 4511 3468 4571 offerens

1884 4587 1981 4641 pro
2022 4575 2128 4630 illis
2171 4580 2492 4636 sacriﬁcium
2538 4585 2778 4642 Domino.
2830 4590 3062 4649 Primum
3109 4600 3465 4661 testimonimn

1885 4663 2091 4720 Domini
2131 4668 2402 4726 diabolum
2441 4675 2758 4745 alloquentis
2795 4682 2934 4738 circa
2962 4685 3151 4744 Jobum
3193 4696 3464 4762 :primum

1883 4754 2075 4810 invidia
2105 4759 2318 4827 plenum
2350 4762 2544 4819 diaboli
2573 4769 2892 4839 colloquium
2924 4789 3042 4830 cum
3074 4779 3299 4837 Domino
3324 4788 3463 4840 circa

1880 4843 2093 4901 Jobum.
2140 4850 2296 4906 Dedit
2333 4853 2586 4910 Dominus
2617 4869 2930 4928 potestatem
2959 4868 3171 4926 diabolo
3200 4876 3251 4929 in
3284 4882 3462 4933 omnia

1881 4951 1998 5003 qua:
2021 4939 2086 4992 ad
2109 4940 2298 4997 Jobum
2331 4948 2673 5013 pertinerent,
2700 4952 2814 5020 ipso
2833 4956 2967 5012 Jobo
2992 4971 3190 5017 unitum
3215 4983 3454 5035 excepto.

1882 5026 2058 5082 Primo
2096 5034 2330 5088 nuntiari
2359 5048 2508 5091 curat
2537 5039 2778 5098 diabolus
2805 5045 2940 5103 Jobo
2964 5092 2978 5116 ,
3007 5069 3171 5123 equos
3200 5067 3253 5110 et
3282 5060 3461 5112 asinos

1879 5117 1994 5185 ejus
2021 5131 2204 5190 captos
2229 5167 2242 5186 ,
2273 5142 2561 5198 servosque
2591 5147 2870 5200 percussos
2898 5140 3078 5197 fuisse.
3126 5145 3197 5200 De
3224 5153 3458 5203 secundo

1879 5212 2084 5276 nuntio,
2109 5215 2196 5283 qui
2218 5216 2353 5272 Jobo
2375 5219 2508 5274 dixit
2533 5241 2546 5273 τ
2574 5223 2694 5292 Igne
2713 5242 3040 5300 consumptae
3058 5245 3183 5288 sunt
3202 5253 3332 5293 oves
3347 5249 3458 5296 tua:

1877 5315 1998 5354 cum
2039 5309 2357 5372 pastoribus.
2392 5313 2466 5367 De
2497 5317 2655 5371 tertio
2685 5322 2870 5376 nuntio
2893 5364 2906 5386 ,
2935 5325 3022 5391 qui
3063 5332 3293 5384 narravit
3321 5332 3459 5389 Jobo

1876 5403 2057 5461 captos
2095 5400 2325 5454 camelos
2348 5441 2364 5466 ,
2404 5413 2459 5456 et
2498 5420 2667 5461 caesos
2705 5411 2954 5466 custodes
3000 5413 3180 5470 fuisse.
3226 5426 3457 5486 Quartus

1876 5485 2090 5539 nuntius
2119 5487 2310 5543 Jobum
2337 5492 2480 5557 adit,
2519 5507 2800 5568 narretque
2830 5506 3096 5560 corruisse
3122 5509 3372 5581 domum,
3401 5529 3455 5571 et

1875 5591 2156 5646 oppreSSos
2185 5595 2370 5636 omnes
2399 5585 2536 5641 ﬁlios
2566 5588 2680 5657 ejus
2718 5592 2899 5645 fuisse.
2944 5595 3000 5649 in
3029 5603 3273 5659 omnibus
3302 5606 3449 5662 hisce

1937 5738 2022 5823 (α)ι
2033 5747 2144 5823 Qua:
2161 5752 2430 5823 sequuntur
2445 5759 2597 5820 usque
2616 5748 2673 5796 ad
2691 5749 2858 5823 verba,
2875 5753 3156 5806 terminatur
3174 5759 3308 5823 liber,
3322 5767 3451 5816 simi-

1875 5800 1984 5849 liter
2009 5800 2249 5912 hahetntur
2286 5808 2333 5852 in
2359 5800 2751 5870 altera'sytmpsi;
2772 5800 2948 5863 castora

1875 5870 2063 5912 ἕψοι-δι
2089 5878 2112 5910 a
2151 5875 2279 5912 sunt.

1873 5870 2063 5925 βῖκοι-δί
2089 5870 2254 5913 absunt
2268 5902 2279 5914 .
