4102 6322
623 438 729 495 565

622 553 1009 610 calamitatibus
1034 566 1138 605 non
1160 550 1398 621 peccavit
1415 549 1515 604 Job
1535 563 1657 619 erga
1681 547 1983 602 Dominum.
2003 546 2199 601 Secun-

624 650 751 702 dum
779 644 1138 701 testimonium
1180 642 1388 697 Domini
1425 641 1691 695 diabolum
1721 639 2035 707 alloquentis
2057 678 2073 701 ,
2098 652 2204 705 quo

624 739 743 794 Jobi
772 739 938 791 virtus
964 736 1294 798 celebratur;
1334 740 1388 787 et
1424 730 1714 786 secundum
1755 729 1950 783 invidia
1988 729 2200 795 plenum

623 831 816 884 diaboli
839 826 1156 897 colloquium
1178 840 1296 879 cum
1322 825 1541 877 Domino
1562 823 1700 877 circa
1722 820 1935 876 Jobum.
1976 812 2042 869 Et
2064 830 2204 884 quo-

619 925 784 981 modo
799 923 1079 981 tradiderit
1104 918 1357 973 Dominus
1382 916 1596 978 Jobum,
1629 929 1730 968 una
1762 920 1965 967 tantum
1994 921 2199 963 servata

623 1016 798 1068 anima
832 1028 928 1067 seu
955 1012 1082 1064 vita.
1130 1009 1390 1078 Egressus
1419 1005 1660 1061 diabolus
1686 1004 1875 1058 Jobum
1909 1000 2133 1071 percutit
2170 1015 2199 1053 a

624 1107 847 1177 pedibus
875 1118 1039 1173 usque
1076 1101 1142 1155 ad
1169 1107 1362 1169 caput;
1406 1098 1704 1166 sedensque
1733 1096 1834 1151 Job
1874 1096 1924 1149 in
1965 1103 2200 1148 stercore

628 1198 841 1253 radebat
867 1196 1087 1249 saniem.
1118 1193 1316 1248 Suadet
1348 1191 1484 1246 Jobo
1515 1207 1648 1244 uxor
1681 1188 1796 1258 ejus
1820 1231 1833 1254 ,
1865 1199 1921 1241 ut
1958 1188 2201 1257 loquatur

620 1300 806 1345 contra
843 1288 1124 1342 Dominum
1153 1329 1167 1352 ,
1195 1298 1245 1341 et
1276 1285 1535 1338 moriatur
1564 1301 1575 1335 :
1605 1282 1855 1350 illamque
1887 1280 1986 1335 Job
2014 1295 2198 1348 repre-

623 1382 822 1437 hendit.
857 1381 1150 1435 Audierunt
1179 1389 1285 1431 tres
1312 1378 1463 1431 amici
1492 1375 1633 1437 Jobi,
1658 1374 1875 1444 Eliphaz
1900 1372 2200 1426 Thzemani-

622 1484 794 1527 tarum
822 1488 915 1527 rex
937 1514 949 1535 ,
979 1469 1176 1525 Baldad
1215 1468 1538 1522 Sacheorum
1569 1474 1822 1536 tyrannus
1845 1504 1863 1531 ,
1902 1472 1956 1517 et
1976 1462 2200 1531 .Sophar

623 1565 944 1625 Meanrnm
977 1569 1281 1616 rex.cuncta
1306 1575 1423 1627 qua'
1454 1557 1550 1627 ipsi
1576 1555 1893 1610 acciderant.
1926 1554 1991 1608 Et
2015 1568 2197 1607 acces-

619 1663 806 1709 serunt
847 1655 913 1707 ad
955 1653 1099 1706 illum
1143 1650 1331 1720 singuli
1370 1664 1433 1703 ex
1483 1649 1697 1717 regione
1724 1660 1852 1708 sua.
1880 1654 1938 1700 ut
1965 1645 2199 1699 viserent

619 1748 766 1803 illum
787 1764 801 1801 :
822 1747 1015 1816 illoque
1032 1751 1319 1813 conspecto
1336 1740 1605 1795 sciderunt
1619 1739 1809 1809 singuli
1826 1746 2025 1793 vestem
2046 1752 2195 1790 suam

617 1842 687 1895 ob
716 1851 911 1895 tantam
941 1838 1317 1893 calamitatem.
1362 1834 1487 1887 Post
1515 1832 1720 1902 plagam
1753 1838 1928 1885 autem
1953 1828 2054 1884 Joh
2087 1828 2194 1897 pri-

618 1948 736 1986 mus
763 1930 971 2000 aperuit
990 1942 1051 1982 os
1077 1943 1252 1993 suum,
1281 1934 1330 1979 et
1356 1923 1629 1979 maledixit
1648 1922 1751 1976 diei
1774 1937 1836 1977 ac
1858 1922 1995 1975 nocti
2019 1921 2068 1973 in
2094 1935 2193 1985 qua

618 2035 772 2078 natus
791 2032 922 2077 erat.
946 2021 1081 2075 Hinc
1103 2018 1232 2074 illud
1257 2035 1271 2071 :
1297 2018 1441 2073 Sicut
1458 2032 1628 2070 servus
1648 2017 1731 2084 qui
1757 2015 1891 2067 timet
1914 2014 2191 2075 dominum,

615 2117 687 2169 sic
713 2117 832 2168 data
856 2123 926 2167 est
947 2112 1035 2167 lux
1058 2113 1121 2165 iis
1144 2112 1228 2179 qui
1252 2112 1305 2162 in
1331 2107 1669 2161 amaritudine
1694 2114 1973 2169 versantur,
1996 2105 2081 2174 qui
2107 2104 2196 2157 de-

613 2209 836 2263 siderant
864 2216 1072 2260 mortem
1092 2247 1108 2271 ,
1133 2220 1222 2258 nec
1250 2201 1489 2256 obtinent.
1535 2199 1676 2253 Mors
1706 2199 1839 2253 enim
1871 2198 1977 2251 viro
2002 2197 2194 2267 requies

616 2301 734 2367 (.Iob
753 2299 1013 2356 3.19.20.
1031 2299 1121 2353 21.
1138 2296 1250 2367 25).
1272 2294 1556 2364 Excipieus
1578 2293 1722 2346 illum
1751 2291 1952 2362 primus
1972 2289 2193 2359 Eliphaz

613 2393 967 2449 Thmmanites
988 2391 1115 2444 dicit
1136 2388 1272 2443 Jobo
1303 2405 1315 2439 :
1351 2405 1369 2438 ι
1403 2386 1461 2440 1η
1493 2383 1802 2439 memoriam
1832 2394 2043 2445 revoca,
2075 2382 2193 2449 quis

614 2485 842 2538 mundus
890 2481 1141 2551 perierit,
1186 2488 1276 2534 aut
1320 2477 1654 2548 quandonam
1697 2487 1915 2529 veraces
1958 2471 2193 2527 funditus

613 2573 802 2643 perditi
825 2573 949 2627 sint.
994 2570 1207 2626 Ferocia
1232 2568 1518 2624 draconum
1541 2566 1798 2621 exstincta
1826 2572 1907 2618 est
1925 2581 1937 2615 :
1958 2577 2193 2633 myrme-

607 2666 796 2719 coleon
816 2673 990 2718 autem
1011 2660 1187 2731 periit,
1207 2676 1270 2715 eo
1288 2659 1430 2731 quod
1452 2674 1555 2712 non
1576 2657 1793 2711 haberet
1810 2670 1983 2711 escam
2005 2656 2189 2710 :catuli

608 2757 821 2810 leonum
846 2770 964 2809 sese
987 2752 1210 2808 invicem
1236 2759 1571 2820 separaruut.
1606 2748 1694 2804 Sie
1721 2764 1824 2801 non
1852 2756 1934 2802 est
1954 2745 2191 2800 mortalis

610 2846 842 2900 mundus
870 2846 921 2899 in
948 2854 1233 2913 conspectu
1258 2840 1466 2897 Domini
1486 2883 1503 2907 ,
1532 2854 1703 2909 neque
1727 2854 1792 2894 ex
1815 2837 2062 2908 operibus
2083 2837 2191 2890 suis

611 2936 908 3006 inculpatus
930 2936 1011 2989 vir
1036 2954 1053 2986 ι
1077 2933 1193 3005 (.Iob
1217 2931 1732 2999 4.7.10.11.17).‹
1755 2928 1934 2993 Stulti,
1961 2947 1978 2979 ι
2002 2926 2189 2997 inquit,

616 3049 635 3081 ι
649 3030 773 3084 licet
787 3026 1018 3083 radicem
1035 3025 1437 3097 ponant,statim
1451 3022 1789 3078 devorabilur
1803 3021 1969 3075 victus
1982 3034 2188 3084 eorum;

606 3122 855 3193 quoniam
873 3123 1012 3191 quod
1035 3121 1107 3175 illi
1126 3127 1531 3190 congregarunt,
1548 3116 1675 3186 justi
1693 3114 1972 3169 comedent
1998 3133 2015 3163 ι
2038 3111 2187 3185 (Cap.

608 3216 661 3270 5.
692 3231 739 3268 υ.
772 3215 824 3268 5.
857 3214 933 3283 5).
970 3230 989 3263 ι
1021 3210 1245 3277 ΙΙοιηο,›
1280 3210 1467 3279 inquit,
1499 3228 1517 3260 ι
1558 3208 1790 3262 nascitur
1817 3206 1881 3259 ad
1913 3205 2144 3259 laborem
2170 3243 2185 3267 ,

607 3308 734 3374 pulli
791 3316 967 3360 autent
1022 3305 1291 3359 vulturum
1341 3303 1448 3358 alte
1506 3301 1705 3355 volant.
1775 3296 2190 3367 Comprehendit

604 3409 781 3454 autem
821 3398 1073 3453 Dominus
1106 3397 1372 3466 sapientes
1411 3394 1464 3449 in
1500 3392 1775 3463 prudentia
1819 3406 2002 3445 eorum
2024 3432 2038 3454 ,
2070 3405 2190 3444 con-

605 3493 783 3549 silium
832 3502 1007 3545 autem
1047 3487 1402 3557 versipellium
1444 3485 1685 3554 dissipat.
1737 3484 2075 3538 lnnoceutem
2121 3498 2185 3535 ex

605 3581 1013 3639 necessitatibus
1055 3580 1244 3649 eripiet
1284 3578 1538 3633 Dominus
1564 3618 1578 3640 ,
1620 3583 1674 3631 et
1716 3576 1766 3629 in
1812 3574 2039 3642 septimo
2080 3590 2184 3628 non

604 3683 784 3744 tanget
825 3690 944 3728 eum
987 3672 1205 3727 malum.
1246 3671 1325 3725 Tu
1357 3685 1487 3724 vero
1517 3678 1688 3725 tecum
1717 3679 1901 3738 reputa
1921 3709 1935 3734 ,
1966 3683 2034 3721 an
2062 3668 2184 3737 quid

606 3765 1001 3837 perpetraveris
1036 3782 1053 3815 ι
1088 3762 1246 3833 (Ibid.
1278 3780 1326 3815 υ.
1355 3761 1406 3815 7.
1444 3762 1529 3816 13.
1563 3760 1650 3815 19.
1678 3760 1793 3829 27).

677 3857 852 3913 Prima
894 3856 1015 3912 Jobi
1055 3855 1122 3910 ad
1166 3854 1382 3924 Eliphaz
1423 3854 1698 3923 responsio
1728 3870 1740 3906 :
1773 3871 1791 3905 ι
1827 3853 1881 3908 Si
1912 3869 2040 3909 vero
2069 3855 2187 3924 quis

600 3948 909 4017 appendcns
932 3946 1257 4016 appenderet
1298 3947 1429 4001 iram
1470 3961 1640 4000 meam
1662 3987 1677 4009 ,
1703 3955 1757 4000 et
1792 3944 2003 4001 dolores
2039 3962 2186 4002 meos

602 4040 813 4095 tolleret
842 4040 892 4094 in
923 4051 1118 4095 statera
1148 4040 1362 4108 pariter,
1392 4038 1573 4107 utique
1598 4054 1757 4093 arena
1785 4039 1948 4094 maris
1973 4038 2185 4109 gravior

600 4133 702 4187 erit
729 4152 747 4184 ι
769 4132 917 4203 (Cap.
939 4133 990 4186 6.
1009 4131 1125 4187 v.2.
1146 4132 1223 4201 '5).
1246 4130 1374 4186 llem
1394 4130 1519 4184 illud
1539 4153 1551 4185 :
1577 4148 1595 4181 ι
1617 4130 1749 4185 Num
1769 4130 1963 4185 frustra
1983 4132 2184 4186 clama-

600 4225 679 4280 bit
703 4239 899 4294 onager
914 4266 929 4289 ,
956 4224 1055 4278 nisi
1077 4238 1228 4278 escas
1249 4224 1561 4292 requirens?
1582 4222 1844 4292 Numquid
1866 4231 1921 4277 et
1943 4234 2184 4292 erumpet

598 4318 651 4370 in
677 4331 858 4370 vocem
880 4315 997 4380 bos,
1020 4331 1139 4370 cum
1164 4314 1356 4369 habent
1377 4315 1427 4368 in
1450 4329 1691 4384 prmsepe
1714 4314 1898 4369 cibos?
1922 4314 2181 4385 Numquid

598 4408 851 4462 fortitudo
878 4407 1110 4478 lapidum
1135 4406 1389 4462 fortitudo
1414 4421 1553 4471 mea,
1580 4415 1672 4461 aut
1693 4422 1880 4463 carnes
1905 4422 2036 4461 mea:
2056 4416 2182 4460 sunt

552 4483 557 4488 ’
595 4517 759 4557 maca:
786 4519 807 4554 ι
836 4500 997 4573 (Ibid.
1018 4500 1300 4571 v.5.12)?¢
1325 4500 1484 4569 Quasi
1505 4500 1932 4555 tentatioestvita
1951 4499 2180 4552 hominis

593 4610 757 4663 super
779 4603 997 4657 terram,
1018 4602 1108 4647 aut
1128 4591 1568 4662 sicutquotidiani
1589 4591 1898 4646 mercenarii
1918 4590 2021 4643 vita
2039 4589 2173 4659 ejus.

591 4690 646 4744 Si
679 4704 777 4758 ego
817 4688 1068 4759 peccavi,
1095 4687 1218 4757 quid
1246 4696 1429 4756 potero
1455 4686 1668 4741 facere?
1691 4686 1790 4752 Qui
1812 4684 1917 4739 scis
1947 4693 2175 4738 mentem

593 4782 865 4835 hominum
889 4821 904 4844 ,
935 4794 1097 4847 quare
1140 4779 1357 4848 posuisti
1392 4794 1477 4833 me
1521 4785 1576 4831 ut
1612 4778 1862 4847 loquerer
1890 4774 2173 4831 adversum

593 4882 644 4926 le
681 4892 700 4924 ι
735 4872 887 4944 (Cap.
919 4870 969 4922 7.
1000 4886 1049 4922 υ.
1084 4870 1133 4923 1.
1166 4870 1299 4935 ac)?

662 4964 790 5019 Post
812 4960 1029 5031 Eliphaz
1051 4961 1313 5014 secundus
1336 4960 1605 5031 excipiens
1626 4956 1823 5012 Baldad
1843 4956 2173 5013 Saucheotes

589 5054 782 5111 .lobum
806 5054 885 5107 sic
908 5051 1195 5121 alloquitur
1222 5070 1234 5103 :
1270 5070 1289 5102 ‹
1324 5051 1608 5120 Usquequo
1637 5049 1913 5121 loqueris?
1940 5050 2171 5119 Spiritus

590 5147 934 5215 multiloquus
956 5146 1007 5198 in
1031 5159 1125 5199 ore
1144 5153 1250 5197 tuo.
1276 5143 1539 5211 Numquid
1564 5144 1816 5197 Dominus
1838 5143 2030 5215 injuste
2050 5154 2171 5214 aget

582 5236 870 5309 judicans?
899 5246 989 5291 aut
1013 5235 1101 5305 qni
1130 5234 1306 5289 omnia
1333 5234 1486 5297 facit,
1515 5251 1619 5288 non
1648 5234 1919 5291 exhibebit
1947 5235 1999 5290 id
2028 5236 2169 5306 quod

581 5330 782 5400 justum
804 5336 887 5382 est
918 5345 939 5379 ι
971 5326 1122 5397 (Cap.
1141 5324 1195 5380 8.
1228 5326 1351 5379 v.2.
1370 5324 1466 5395 5)?
1494 5324 1622 5380 ltem
1656 5326 1816 5380 illud:
1842 5344 1860 5377 ι
1887 5326 2033 5381 Sicut
2061 5341 2167 5381 non

582 5423 722 5477 viret
750 5436 979 5492 papyrus
1009 5418 1125 5475 sine
1153 5432 1286 5488 aqua
1307 5457 1323 5483 ,
1356 5432 1455 5472 nec
1477 5418 1669 5473 crescit
1698 5419 1830 5488 prati
1858 5418 2023 5475 herba
2050 5420 2168 5475 sine

583 5524 746 5581 potu;
780 5528 901 5566 nam
933 5511 1106 5567 adhuc
1134 5511 1185 5565 in
1215 5525 1309 5564 sua
1340 5508 1519 5564 radice
1546 5511 1826 5575 consistit,
1858 5527 1956 5566 nec
1976 5511 2164 5566 deme-

585 5614 724 5656 tctur
743 5644 757 5664 ,
785 5613 839 5658 et
862 5612 1145 5673 antequam
1175 5601 1330 5657 cadat
1358 5600 1524 5656 herba
1550 5600 1833 5656 siccabitur
1862 5621 1876 5657 :
1904 5604 1981 5657 sic
2007 5611 2166 5658 erunt

586 5696 868 5749 novissima
891 5697 1067 5751 omnia
1088 5710 1296 5761 eorum,
1317 5694 1408 5765 qui
1430 5693 1813 5749 obliviscuntur
1841 5696 1933 5751 Dei
1961 5715 1978 5748 ι
1998 5693 2157 5767 (Ibid.

587 5796 631 5839 ν.
660 5786 717 5839 ll
754 5786 893 5855 -13).

657 5874 831 5929 Prima
876 5877 1151 5945 responsio
1179 5875 1297 5933 Jobi
1343 5877 1407 5933 ad
1454 5875 1741 5932 Baldadum
1774 5894 1785 5930 :
1825 5896 1842 5928 ι
1886 5878 2019 5933 Vere
2048 5878 2159 5934 scio

1356 433 1417 490 S.
1444 432 1723 490 JOANNIS
1760 429 2231 487 CHRYSOSTOMI
2268 429 2583 487 ARCHIEP.
2625 429 3152 488 (ZONSTANTINOP.

3786 436 3885 492 564

2313 545 2454 613 ψιθά
2494 547 2567 599 ita
2604 546 2675 599 sit
2705 563 2718 598 :
2749 546 3014 615 quomodo
3040 546 3181 601 enim
3216 546 3321 603 erit
3358 548 3535 618 justus
3564 548 3726 602 homo
3755 550 3885 617 apud

2310 633 2589 688 Dominum
2615 651 2634 684 ι
2656 634 2804 706 (Cap.
2822 638 2876 691 9.
2898 652 2944 691 υ.
2964 635 3061 705 2η
3080 638 3354 707 Etiamque
3375 638 3524 703 illud,
3550 656 3569 690 ι
3594 639 3695 706 Qui
3717 649 3886 693 exten-

2309 726 2384 779 dit
2403 727 2590 781 cmlum
2614 728 2779 793 solus,
2811 738 2865 782 et
2894 729 3126 784 ambulat
3151 745 3310 800 super
3339 747 3485 786 mare
3515 742 3779 801 tamquam
3806 748 3888 786 su-

2310 833 2403 887 per
2424 821 2907 890 pavimentum,qui
2926 820 3050 875 fecit
3070 821 3279 876 Pleiada
3305 833 3357 877 et
3376 823 3699 893 Hesperum»
3728 822 3882 888 (Ibid.

2308 911 2555 979 9.v.8.9).
2581 929 2599 963 ι
2623 912 2963 983 Quisjudicio
2981 914 3070 988 Dej
3086 914 3326 970 resistet?
3342 916 3491 983 Quod
3511 917 3551 969 si
3567 918 3727 970 etiam
3743 915 3887 970 fuero

2303 1002 2494 1072 justus,
2515 1020 2575 1059 os
2592 1021 2766 1060 meum
2786 1006 2943 1076 impia
2965 1008 3208 1076 loquetur
3231 1028 3243 1061 :
3267 1009 3479 1062 etiamsi
3495 1008 3640 1061 fuero
3656 1009 3773 1061 sine
3790 1009 3889 1061 cri-

2306 1096 2475 1159 mine,
2486 1111 2677 1163 pravus
2691 1098 2906 1151 evadant
2922 1097 3108 1170 »(Ιιιὶά.
3124 1099 3265 1153 v.19.
3281 1099 3392 1169 20).
3412 1099 3561 1153 Circa
3580 1099 3725 1163 illud,
3741 1120 3759 1151 ‹
3772 1098 3884 1153 Vita

2306 1201 2423 1241 mea
2443 1188 2608 1242 levior
2626 1198 2707 1242 est
2730 1204 2969 1244 cursore.
2988 1188 3252 1259 Numquid
3270 1191 3490 1246 navibus
3507 1200 3590 1245 est
3609 1192 3882 1261 vestigium

2305 1277 2424 1342 viae,
2449 1287 2541 1332 aut
2562 1280 2752 1349 aquila;
2777 1282 3020 1347 volantis,
3044 1284 3329 1351 quaerentis
3346 1298 3519 1337 escam
3542 1283 3703 1354 (Ibid.
3723 1301 3772 1338 υ.
3793 1285 3880 1342 25.

2303 1369 2432 1439 26)?
2461 1371 2729 1428 Memento
2745 1373 2882 1442 quod
2905 1375 3069 1429 lutum
3091 1376 3283 1431 tinxisti
3306 1392 3412 1439 me,
3435 1385 3487 1433 et
3510 1378 3558 1430 in
3580 1386 3781 1432 terram
3799 1394 3882 1433 me

2304 1466 2492 1520 iterum
2519 1476 2818 1522 convertes.
2865 1467 3053 1524 Nonne
3083 1469 3217 1525 sicut
3253 1472 3333 1524 lac
3366 1470 3741 1529 mulsistime?
3777 1482 3877 1526 etc.

2303 1555 2489 1611 Essem
2518 1566 2783 1626 tamquam
2814 1573 2917 1613 non
2949 1559 3185 1613 fuissem.
3212 1558 3320 1615 Cur
3344 1564 3410 1615 de
3435 1570 3586 1614 utero
3614 1560 3665 1614 in
3694 1576 3881 1615 nionu-

2302 1661 2535 1704 mentum
2564 1667 2667 1705 non
2699 1666 2813 1705 sum
2847 1652 3131 1706 translatus
3154 1670 3172 1703 ι
3195 1651 3341 1722 (Cap.
3365 1653 3450 1706 10.
3479 1653 3597 1707 v.9.
3633 1652 3719 1707 10.
3749 1654 3880 1721 19)?

2374 1743 2494 1796 Post
2544 1743 2759 1813 Eliphaz
2794 1743 2991 1798 Baldad
3018 1784 3032 1808 ,
3072 1752 3126 1797 et
3154 1753 3274 1814 post
3305 1743 3498 1798 Baldad
3530 1742 3743 1813 Sophar
3769 1745 3877 1799 Me-

2300 1847 2468 1899 tuens,
2492 1833 2783 1888 secundum
2808 1834 2908 1888 sibi
2935 1835 3206 1906 proprium
3231 1836 3505 1899 ordinem;
3537 1836 3607 1889 ita
3637 1846 3693 1892 ut
3713 1854 3878 1891 unus-

2299 1924 2522 1994 quisque
2564 1939 2748 1979 eorum
2790 1937 3029 1995 speraret
3071 1941 3130 1981 se
3175 1926 3393 1981 meliora
3434 1927 3695 1981 dicturum
3721 1929 3876 1983 Joho.

2305 2033 2323 2064 ε
2346 2015 2445 2082 Qui
2464 2016 2625 2070 multa
2646 2016 2792 2082 dicit,
2821 2018 3050 2071 vicissim
3077 2017 3272 2072 audiet.
3305 2036 3323 2069 ι
3351 2018 3478 2073 Item
3505 2019 3629 2073 illud
3655 2037 3668 2073 :
3704 2039 3724 2073 ς
3759 2021 3880 2076 Ful-

2298 2106 2639 2175 gcbitJacies
2684 2117 2771 2161 tua
2818 2118 3083 2178 tamquam
3122 2124 3256 2179 aqua
3298 2126 3447 2181 pura.
3496 2112 3671 2167 Exues
3699 2124 3877 2167 autem

2299 2197 2541 2261 sordem,
2572 2206 2627 2252 et
2656 2213 2760 2253 non
2792 2198 3016 2264 timebis,
3051 2208 3104 2255 et
3128 2200 3360 2256 laborem
3387 2202 3714 2257 Oblivisceris
3747 2214 3884 2257 L‘llll-

2298 2304 2454 2355 quam
2487 2292 2702 2344 lluctum
2730 2292 2817 2362 qui
2847 2293 3101 2362 praeterit.
3130 2292 3311 2349 Oratio
3335 2295 3473 2350 enim
3498 2304 3584 2350 tua
3610 2306 3877 2368 tamquam

2298 2372 2508 2435 Lucifer
2534 2384 2632 2436 erit
2661 2403 2679 2435 ι
2704 2384 2850 2454 (Cap.
2883 2386 2969 2442 11.
2996 2402 3042 2441 υ.
3064 2387 3118 2441 2.
3152 2385 3356 2458 15-17).

2368 2474 2541 2527 l’rima
2582 2475 2699 2529 Jobi
2746 2477 2810 2531 ad
2854 2476 3146 2547 SOpharem
3201 2482 3519 2550 responsio:
3556 2501 3574 2533 ι
3612 2482 3721 2537 Vos
3752 2499 3880 2551 ergo

2297 2564 2395 2617 soli
2427 2567 2554 2619 estis
2586 2565 2855 2631 homines;
2889 2578 2980 2622 aut
3003 2570 3269 2624 vobiscum
3303 2573 3556 2627 morietur
3580 2573 3885 2642 sapientia?

2297 2655 2361 2709 Et
2393 2656 2517 2710 tnihi
2543 2658 2755 2725 quidem
2785 2674 2879 2714 cor
2900 2660 3047 2729 juxta
3079 2676 3172 2714 vos
3200 2662 3300 2716 erit
3328 2682 3344 2714 ι
3370 2662 3537 2734 (Cap.
3568 2664 3653 2718 1:2.
3688 2665 3743 2717 2.
3783 2666 3815 2718 5
3838 2663 3874 2724 ).

2297 2748 2446 2804 Circa
2478 2751 2604 2805 illud
2633 2770 2646 2805 :
2672 2770 2690 2803 ι
2719 2752 2846 2820 Quis
2872 2768 2974 2807 non
2997 2756 3242 2823 cognovit
3264 2756 3313 2807 in
3339 2756 3584 2809 omnibus
3607 2756 3708 2822 his,
3737 2761 3885 2827 quod

2297 2855 2483 2895 manus
2510 2841 2716 2896 Domini
2746 2843 2871 2897 fecit
2899 2843 3051 2898 haec?
3081 2845 3211 2912 Quia
3240 2846 3289 2898 iu
3317 2862 3475 2899 manu
3505 2846 3619 2915 ejus
3647 2858 3733 2902 est
3760 2851 3877 2903 ani-

2295 2945 2379 2985 ma
2410 2933 2643 2987 omnium
2669 2935 2977 3001 viventium,
3012 2945 3067 2991 et
3092 2938 3310 3005 Spiritus
3337 2938 3509 2993 omnis
3535 2938 3790 2997 hominis.
3825 2943 3877 3000 Si

2295 3023 2620 3093 prohibuerit
2647 3041 2869 3097 aquam,
2896 3028 3117 3083 siccahit
3144 3040 3337 3084 terram
3367 3072 3380 3094 ,
3414 3042 3469 3085 et
3496 3032 3540 3085 si
3571 3032 3875 3102 dimiserit,

2294 3116 2524 3187 perdidit
2550 3130 2795 3175 evertens
2822 3135 2936 3174 eam
2962 3120 3149 3192 )(Ibid.
3171 3138 3218 3176 v.
3237 3124 3290 3178 9.
3312 3124 3396 3178 10.
3419 3124 3529 3194 15).
3546 3123 3693 3180 Circa
3714 3127 3875 3182 illud:

2299 3226 2318 3258 α
2346 3207 2476 3275 Quis
2501 3210 2603 3264 erit
2628 3211 2855 3265 mundus
2883 3226 2913 3263 a
2944 3211 3145 3267 sorde?
3172 3214 3241 3267 At
3266 3230 3443 3275 nemo.
3472 3216 3570 3271 etsi
3599 3232 3735 3271 unus
3761 3219 3876 3271 dies

2293 3300 2360 3354 sit
2391 3299 2497 3354 vita
2525 3300 2640 3370 ejus
2669 3315 2831 3370 super
2860 3310 3075 3357 terram.
3111 3303 3201 3357 Est
3229 3303 3406 3359 arbori
3466 3320 3607 3375 spes.
3641 3308 3694 3361 Si
3729 3308 3871 3361 enim

2293 3393 2468 3448 excisa
2516 3393 2704 3461 fuerit,
2736 3393 2909 3450 adhuc
2945 3395 3253 3466 pullulabit,
3285 3405 3340 3452 et
3377 3413 3591 3469 germen
3620 3399 3736 3468 ejus
3768 3417 3873 3454 non

2291 3486 2520 3541 deficiet.
2552 3485 2645 3541 Vir
2668 3501 2793 3542 vero
2811 3503 2929 3547 cum
2952 3498 3188 3542 mortuus
3212 3488 3388 3555 fuerit,
3411 3490 3571 3546 abiit:
3594 3502 3645 3547 et
3671 3502 3841 3547 morta
3858 3525 3872 3535 -

2290 3576 2355 3630 lis
2374 3593 2492 3631 cum
2513 3579 2783 3645 ceciderit,
2808 3594 2911 3633 non
2934 3580 3070 3634 ultra
3094 3588 3174 3635 est
3202 3600 3221 3632 ι
3243 3580 3481 3652 (ϐαρ.14.
3500 3599 3547 3637 υ.
3566 3583 3869 3652 4.5.7.10).

2362 3669 2570 3723 Initium
2628 3670 2940 3725 secundum.
3004 3671 3220 3741 Eliphaz
3275 3671 3466 3727 Jobum
3525 3675 3866 3743 alloquitur:

2296 3777 2315 3809 α
2352 3759 2614 3828 Numquid
2642 3762 2855 3830 sapiens
2894 3763 3296 3831 responsionem
3323 3763 3469 3817 dabit
3495 3764 3728 3819 scientim
3758 3766 3870 3832 spi-

2292 3851 2466 3906 ritus?
2496 3856 2694 3921 Arguat
2723 3862 2775 3907 te
2801 3868 2861 3908 os
2890 3862 3036 3908 tuum
3063 3896 3078 3921 ,
3110 3864 3163 3909 et
3190 3869 3294 3908 non
3325 3870 3442 3925 ego.
3487 3875 3506 3908 ι
3540 3855 3670 3910 Illud
3700 3858 3823 3910 item
3848 3896 3873 3922 ι

2296 3965 2314 3996 ι
2351 3946 2479 4014 Quis
2514 3946 2656 4000 enim
2692 3960 2812 4000 cum
2843 3949 2911 4000 sit
2947 3946 3137 4011 homo,
3168 3947 3270 4002 erit
3309 3947 3645 4017 iuculpatus?
3672 3963 3739 4002 an
3766 3949 3872 4003 erit

2284 4036 2458 4107 justus
2487 4045 2638 4090 natus
2662 4036 2729 4090 de
2754 4036 2978 4091 muliere
3015 4055 3033 4088 ι
3063 4037 3213 4108 (Cap.
3240 4037 3326 4093 15.
3351 4054 3397 4093 υ.
3428 4036 3482 4090 2.
3514 4036 3566 4091 6.
3598 4038 3724 4106 14)?

2360 4127 2603 4183 Secunda
2634 4127 2909 4197 responsio
2937 4128 3056 4182 Jobi
3085 4129 3151 4183 ad
3186 4128 3437 4198 Eliphaz:
3470 4147 3488 4178 ι
3522 4128 3710 4182 Audivi
3741 4131 3874 4185 talia.

2288 4222 2451 4276 multa
2482 4238 2497 4278 :
2533 4222 2899 4276 consolatores
2930 4222 3188 4276 malorum
3223 4238 3428 4277 omnes.
3473 4222 3608 4276 Ecce
3637 4222 3689 4276 in
3720 4225 3870 4277 czclis

2285 4322 2367 4367 est
2394 4313 2546 4368 testis
2575 4328 2746 4378 meus,
2780 4322 2833 4368 et
2855 4314 3101 4369 conscius
3128 4328 3278 4368 meus
3308 4315 3359 4367 in
3390 4312 3632 4369 excelsis.
3666 4314 3749 4368 Sit
3774 4330 3870 4369 au-

2286 4417 2389 4461 tem
2421 4406 2723 4477 redargutio
2761 4407 2875 4462 viro
2908 4422 3087 4462 coram
3130 4406 3351 4462 Domino
3390 4429 3407 4458 ι
3433 4405 3577 4478 (Cap.
3612 4407 3697 4462 16.
3730 4425 3775 4461 υ.
3806 4409 3863 4463 2.

2282 4496 2371 4552 20.
2407 4496 2523 4570 22).
2549 4498 2682 4552 lllud
2711 4499 2856 4563 item,
2892 4517 2910 4549 ι
2940 4498 3155 4553 Noctem
3186 4498 3360 4568 posuit
3389 4499 3441 4553 in
3471 4498 3631 4554 diem.
3661 4499 3790 4553 Nam
3820 4503 3866 4557 si

2290 4590 2625 4657 sustinuero,
2658 4588 2892 4644 infernus
2922 4590 3022 4644 erit
3048 4588 3175 4645 mihi
3202 4589 3409 4645 domus.
3439 4589 3660 4644 Mortem
3693 4592 3866 4660 appel-

2282 4681 2382 4736 lavi
2407 4689 2630 4751 patrem,
2651 4690 2874 4735 matrem
2897 4691 3074 4736 autem
3097 4696 3268 4735 meam
3292 4690 3347 4736 et
3366 4695 3606 4736 sororem
3633 4683 3808 4737 tabem
3840 4703 3860 4735 ι

2281 4774 2432 4844 (Cap.
2466 4773 2550 4827 17.
2580 4790 2627 4828 υ.
2659 4772 2867 4843 12-14).

2354 4867 2599 4922 Secundo
2624 4882 2807 4922 rursus
2847 4866 3118 4935 excipiens
3158 4865 3355 4921 Baldad
3394 4867 3466 4921 ait
3507 4866 3573 4922 ad
3615 4866 3809 4922 Jobum
3844 4885 3863 4924 ξ

2287 4977 2305 5010 ε
2338 4958 2626 5028 Quousque
2652 4974 2756 5012 non
2783 4958 3055 5013 cessabis?
3079 4957 3212 5025 Quid
3238 4958 3378 5011 enim
3405 4997 3421 5022 ,
3450 4958 3493 5011 si
3528 4966 3580 5012 tu
3622 4970 3865 5012 mortuus

2275 5048 2437 5103 fueris
2461 5090 2477 5113 ,
2525 5048 2950 5104 inhabitabilisne
2990 5051 3094 5104 erit
3132 5065 3194 5105 ea
3234 5064 3351 5119 quae
3395 5050 3496 5105 sub
3540 5051 3671 5105 caelo
3718 5060 3799 5105 est
3836 5072 3858 5105 ι

2279 5142 2441 5211 (Cap.
2467 5142 2549 5197 18.
2575 5158 2621 5196 υ.
2650 5142 2704 5195 2.
2738 5141 2835 5215 1)?
2864 5143 3167 5211 Respondet
3196 5142 3429 5196 secundo
3458 5143 3557 5197 Joh
3588 5143 3817 5197 Baldado
3843 5160 3857 5197 :

2289 5256 2308 5289 ί
2338 5235 2621 5305 Usquequo
2649 5238 2943 5290 molestiam
2976 5236 3179 5291 facietis
3207 5236 3398 5290 animm
3427 5254 3579 5305 meat,
3607 5238 3860 5293 occidetis

2276 5345 2361 5383 me
2403 5328 2731 5382 ratiociniis?
2773 5328 3047 5396 loquimini
3092 5338 3273 5383 contra
3317 5344 3404 5382 me
3444 5329 3559 5382 sine
3603 5327 3802 5398 pudore
3835 5348 3854 5380 ι

2273 5420 2419 5492 (Cap.
2457 5420 2539 5474 19.
2568 5436 2615 5475 υ.
2646 5418 2700 5472 2.
2730 5420 2763 5473 5
2796 5419 2859 5487 )?
2886 5418 2980 5473 llic
3010 5419 3164 5484 illud,
3196 5438 3214 5470 ‹
3251 5419 3485 5475 Gloriam
3515 5437 3685 5474 meam
3714 5436 3742 5473 a
3772 5437 3859 5474 me

2269 5511 2482 5566 abstulit
2508 5552 2524 5576 ,
2550 5525 2800 5565 coronam
2830 5509 3043 5564 sustulit
3071 5510 3138 5564 de
3166 5511 3338 5580 capite
3369 5527 3490 5565 meo
3520 5553 3534 5575 ,
3568 5521 3621 5565 et
3657 5511 3856 5566 excidit

2272 5609 2540 5672 tamquam
2567 5599 2812 5654 arborem
2844 5613 2994 5669 spem
3022 5615 3214 5654 meam.
3249 5620 3267 5651 ι
3293 5601 3424 5655 Item
3452 5601 3578 5654 illud
3604 5620 3617 5654 :
3650 5621 3666 5651 ι
3698 5603 3738 5654 Δ
3768 5616 3856 5655 me

2270 5692 2462 5748 fratres
2504 5692 2607 5747 mei
2651 5700 3020 5757 recesserunt,
3066 5691 3273 5745 alienos
3314 5702 3644 5761 agnoverunt
3687 5693 3857 5761 magis

2270 5802 2425 5856 quam
2455 5801 2540 5841 me
2568 5800 2581 5837 :
2610 5783 2763 5838 amici
2792 5798 2919 5838 vero
2946 5783 3052 5838 mei
3080 5782 3529 5837 immisericordes
3556 5783 3675 5838 facti
3706 5794 3848 5836 sunt.

2272 5882 2494 5937 Servum
2524 5894 2698 5935 meum
2724 5876 2938 5942 vocavi,
2967 5883 3019 5930 ct
3046 5889 3153 5929 non
3180 5874 3454 5945 respondit
3481 5891 3495 5930 :
3520 5885 3572 5931 et
3601 5874 3850 5946 rogabam
