4058 6344
136 401 245 459 365

133 514 261 571 σίαν
304 513 334 568 6
365 512 562 584 Κύριος
594 514 677 584 τᾷ
709 515 961 584 διαϐόλῳ,
1009 516 1322 572 πάνταυδσα
1354 514 1422 589 ἦν
1454 517 1530 588 τῷ
1562 519 1703 586 Ἰὼϐ,

131 601 294 664 ἐκτὸς
321 600 487 653 αὑτοῦ
525 602 706 671 μόνου.
746 603 968 675 Πρῶτον
988 604 1393 672 εὐαγγελίζεται
1412 608 1439 659 ό
1462 606 1705 671 διάϐολος

130 689 209 759 τῷ
248 688 364 742 Ἰὼϐ
398 691 527 759 περὶ
562 691 663 760 τῆς
703 692 1079 761 αἰχμαλωσίας
1114 693 1222 746 τῶν
1269 694 1446 746 ἵππων
1471 695 1563 746 καὶ
1598 694 1704 747 τῶν

130 776 285 839 δνων,
316 776 407 829 καὶ
451 776 545 830 τοῦ
574 778 863 849 παταγμοῦ
906 778 1015 832 τῶν
1047 780 1268 834 παίδων.
1304 781 1437 851 Περὶ
1458 781 1551 833 τοῦ
1582 781 1703 835 δευ-

130 864 287 934 τέρου
313 865 565 933 ἀγγέλου,
593 866 650 927 ὃς
674 862 794 918 εἷπε
820 867 955 935 πρὸς
989 866 1129 919 Ἰώϐ·
1159 868 1589 938 Ἐμπεπύρισταί
1609 886 1701 922 σου

128 951 198 1004 τὰ
220 954 488 1021 πρόϐατα,
503 956 597 1006 καὶ
616 956 663 1006 οί
681 956 1056 1023 ποιμαίνοντες
1079 956 1235 1009 αὐτά,
1259 957 1391 1026 Περὶ
1411 956 1501 1009 τοῦ
1518 957 1701 1027 τρίτου

131 1038 388 1106 ἀγγέλου,
431 1040 488 1102 δς
526 1035 646 1092 εἷπε
696 1041 831 1110 πρὸς
871 1040 989 1093 Ἰὼϐ
1020 1042 1149 1114 περὶ
1181 1044 1281 1113 τῆς
1330 1043 1702 1113 αἰχμαλωσίας

131 1124 241 1177 τῶν
272 1127 531 1196 καμήλων
553 1127 647 1179 καὶ
670 1126 763 1179 :06
788 1127 1077 1197 παταγμοῦ
1105 1128 1213 1181 τῶν
1250 1130 1473 1183 παίδων.
1502 1130 1703 1201 Τέταρ-

130 1228 224 1275 τος
261 1214 485 1281 ἇγγελος
530 1214 746 1284 ἔρχεται
784 1213 920 1284 πρὸς
953 1215 1145 1279 αὐτὸν,
1186 1216 1265 1269 ὅτι
1310 1217 1631 1287 Συνεπτώθη
1665 1220 1699 1288 ἡ

132 1300 297 1365 οἰκία,
332 1302 423 1354 καὶ
450 1302 865 1373 ἐθανατώθησαν
886 1303 1086 1368 πάντες
1108 1306 1157 1356 οί
1189 1305 1295 1357 υίοί
1315 1322 1428 1358 σου.
1460 1305 1548 1359 Ἐν
1568 1307 1701 1358 πᾶσι

130 1387 343 1451 τούτοις
374 1392 487 1450 τοίς
515 1389 918 1461 συμϐεϐηκόσιν
955 1390 1103 1461 αὑτῷ
1123 1432 1136 1452 ,
1175 1392 1296 1445 οὐδὲ
1328 1393 1541 1463 ἥμαρτε
1581 1391 1701 1445 Ἰὼϐ

130 1476 377 1528 ἐναντίον
399 1478 626 1547 Κυρίου.
668 1479 777 1531 Καὶ
807 1478 1035 1548 δευτέρα
1075 1480 1350 1551 μαρτυρία
1371 1480 1465 1532 τοῦ
1495 1480 1698 1550 Κυρίου

131 1562 269 1633 πρὸς
294 1564 385 1615 τὸν
412 1564 673 1629 διάϐολον,
714 1566 1129 1635 ὲγκωμιάζουσα
1157 1566 1249 1619 τὸν
1288 1565 1425 1629 Ἰὼϐ,
1455 1568 1548 1620 καὶ
1581 1567 1701 1619 δευ-

129 1649 265 1719 τέρα
299 1650 614 1720 φθονολογία
644 1651 736 1705 τοῦ
792 1652 1038 1707 διαϐόλου
1070 1655 1197 1724 περὶ
1260 1654 1381 1707 Ἰὼϐ
1421 1654 1555 1726 πρὸς
1606 1654 1699 1707 τὸν

130 1737 358 1806 Κύριον.
384 1738 494 1791 Καὶ
522 1737 596 1801 ὡς
622 1738 847 1792 ἀπέδοτο
891 1740 1091 1813 Κύριος
1126 1742 1216 1793 τὸν
1251 1740 1392 1807 Ἰὼϐ,
1434 1741 1696 1810 φυλαττο-

131 1824 301 1893 μένης
320 1825 419 1894 τῆς
444 1824 643 1895 ψυχῆς.
680 1824 939 1889 Ἐξελθὼν
971 1826 1027 1880 δὲ
1056 1829 1083 1880 6
1124 1826 1363 1891 διάϐολος
1390 1827 1580 1879 ἔπαισε
1610 1826 1699 1879 τὸν

142 1910 262 1962 Ἰὼϐ
283 1912 391 1964 ἀπὸ
417 1912 593 1964 ποδῶν
628 1913 731 1974 ἕως
756 1913 1014 1983 κεφαλῆς.
1046 1916 1155 1967 Καὶ
1184 1914 1411 1977 καθίσας
1453 1913 1572 1967 Ἰὼϐ
1608 1914 1699 1966 ἐπὶ

129 2000 229 2067 τῆς
278 2000 511 2068 κοπρίας
541 1999 656 2064 ἐξεε
680 2001 771 2053 τὸν
807 2002 996 2072 ἰχῶρα.
1034 2002 1363 2055 Ἐντέλλεται
1391 2002 1467 2072 τῷ
1501 2000 1621 2055 Ἰὼϐ
1664 2002 1699 2072 ἡ

130 2088 267 2159 γυνὴ
313 2087 477 2141 αὐτοῦ
523 2089 694 2141 εἰπεῖν
732 2090 811 2150 είς
850 2090 1073 2161 Κύριον,
1103 2092 1195 2143 καὶ
1225 2090 1578 2161 τελευτῆσαν
1608 2091 1701 2143 καὶ

130 2178 357 2247 ἐπιτιμᾷ
397 2177 557 2248 αὐτῇ.
611 2179 882 2231 Ἤκουσαν
918 2179 967 2231 οί
1015 2180 1162 2249 τρεῖς
1225 2178 1365 2247 φίλοι
1411 2177 1505 2230 :06
1556 2176 1697 2243 Ἰὼϐ,

142 2263 369 2334 Ἐλιφὰζ
394 2266 423 2319 6
463 2264 809 2334 Θαιμανιτῶν
839 2264 1089 2335 βασιλεὺς
1110 2305 1125 2330 ,
1156 2264 1362 2319 Βαλδὰδ
1390 2266 1418 2318 6
1450 2265 1701 2335 Σαυχέων

130 2355 411 2425 τύραννος,
461 2355 659 2424 Σωφὰρ
706 2358 734 2407 6
789 2354 1049 2425 Μηναίων
1106 2354 1358 2424 βασιλεὺς
1406 2355 1582 2408 πάντα
1631 2353 1701 2407 τὰ

129 2442 421 2495 ἐπελθόντα
444 2440 608 2511 αὐτῷ.
624 2442 731 2495 Καὶ
751 2441 1109 2513 παρεγένοντο
1136 2442 1272 2514 πρὸς
1295 2443 1454 2495 αὑτὸν
1475 2442 1702 2504 ἕκαστος

128 2531 192 2582 ὲκ
217 2528 322 2598 τῆς
352 2529 486 2591 ἰδίας
516 2527 718 2599 χώρας,
750 2527 844 2581 τοῦ
900 2528 1299 2599 ἐπισκέψασθαι
1356 2529 1547 2592 αὑτὸν,
1606 2527 1699 2581 καὶ

125 2618 443 2684 ἐπιγνόντες
473 2618 654 2678 αὐτὸν,
682 2616 962 2688 διέρρηξεν
981 2617 1211 2683 ἕκαστος
1245 2615 1343 2687 τὴν
1382 2615 1572 2687 στολὴν
1600 2617 1700 2669 αὑ-

126 2706 221 2759 τοῦ
253 2706 348 2757 ἐπὶ
371 2705 448 2776 τῷ
486 2705 665 2759 πάθει.
695 2706 850 2759 Μετὰ
877 2707 934 2759 δὲ
953 2706 1051 2777 τὴν
1074 2705 1285 2777 πληγὴν
1317 2705 1530 2777 πρῶτον
1556 2704 1702 2776 ἠνοι-

125 2794 217 2859 ξεν
266 2792 385 2846 Ἰὼϐ
403 2794 461 2847 τὸ
486 2793 657 2864 στόμα
674 2793 857 2859 αὑτοῦ,
888 2794 980 2847 καὶ
1013 2793 1356 2864 κατηράσατο
1372 2793 1467 2864 τὴν
1489 2792 1702 2864 ἡμέραν

125 2882 220 2931 καὶ
262 2880 364 2948 τὴν
407 2878 573 2932 νύκτα
611 2874 737 2953 ὲνῇ
788 2879 1074 2949 ἐγεννήθη.
1125 2882 1259 2951 Περὶ
1306 2880 1419 2943 τοῦ,
1472 2880 1701 2948 ’Ὠσπερ

125 2966 404 3035 θεράπων
418 2965 694 3033 δεδοικὼς
714 2967 819 3020 τὸν
836 2969 1060 3036 κύριον,
1074 2968 1225 3021 οὕτω
1243 2967 1476 3023 δέδοται
1490 2967 1611 3035 τοῖς
1634 2969 1704 3020 ἐν

126 3055 344 3122 πικρίᾳ
377 3052 519 3122 φῶς,
555 3055 610 3107 οι
649 3055 968 3124 ίμείρονται
1000 3056 1106 3109 τοῦ
1151 3054 1442 3121 θανάτου,
1486 3057 1585 3109 καί
1629 3057 1702 3109 οὐ

124 3140 527 3211 τυγχάνουσι.
566 3140 710 3214 [568]
735 3142 998 3209 Θάνατος
1017 3143 1128 3213 γὰρ
1144 3143 1316 3212 ἀνδρί
1336 3143 1700 3210 ἀνάπαυσις.

135 3228 464 3283 Ὑπολαϐὼν
494 3230 701 3301 πρῶτος
738 3231 962 3300 Ἐλιφὰζ
978 3234 1007 3285 6
1034 3231 1369 3303 Θαιμανίτης
1393 3231 1539 3300 λέγει
1569 3232 1705 3302 πρὸς

136 3319 261 3371 Ἰώϐ
279 3335 295 3348 ·
331 3318 644 3389 Μνήσθητι
666 3321 758 3385 τίς
775 3319 1036 3388 καθαρὸς
1056 3319 1142 3373 ὢν
1176 3320 1467 3384 ἀπώλετο,
1490 3320 1529 3389 ἢ
1561 3321 1707 3373 πότε

122 3407 408 3475 ἀληθινοί
424 3408 712 3477 όλόρριζοι
734 3408 1063 3464 ἀπώλοντο.
1092 3410 1223 3463 Ὀτι
1244 3411 1540 3479 γαυρίαμα
1570 3410 1708 3478 δρα-

126 3499 367 3550 κόντων
406 3497 700 3565 ἐσϐέσθη⁸
735 3497 1168 3567 μυρμηκολέων
1212 3497 1283 3551 δὲ
1318 3497 1503 3552 ὤλετο
1549 3498 1709 3567 παρὰ

124 3586 191 3641 τὸ
224 3587 319 3657 μὴ
377 3587 540 3656 ἔχειν
581 3586 811 3655 βοράν·
864 3589 1123 3658 σκύμνοι
1171 3588 1436 3642 λεόντων
1495 3589 1708 3643 ἔλιπον

126 3673 471 3741 ἀλλήλους.
498 3675 593 3741 Ὧς
620 3678 732 3729 οὐκ
756 3675 887 3729 ἐστι
907 3674 1127 3744 βροτὸς
1156 3677 1411 3744 καθαρὸς
1432 3676 1709 3730 ἐναντίον

123 3763 383 3831 Κυρίου,
403 3762 499 3815 καί
517 3763 637 3818 ἀπὸ
657 3762 776 3816 τῶν
791 3764 982 3833 ἔργων
1002 3761 1188 3818 αὑτοῦ
1206 3764 1509 3832 ἄμεμπτος
1531 3762 1705 3831 ἀνήρ.

120 3854 183 3905 Οἱ
206 3853 501 3921 ἄφρονες,
532 3850 808 3922 φησὶ,κᾶν
823 3849 989 3919 ῥίζας
1005 3850 1303 3916 βάλωσιν,
1322 3851 1540 3918 εὐθέως
1550 3852 1708 3921 βρω-

128 3940 387 4006 θήσεται
411 3940 449 4006 η
470 3938 664 3991 δίαιτα
703 3938 920 4003 αὐτῶν,
938 3938 1085 3992 διότι
1113 3936 1152 3992 ἀ
1177 3938 1391 3992 ἐκεῖνοι
1438 3939 1706 4007 συνήγα-

128 4045 253 4095 γον,
291 4027 522 4081 δίκαιοι
553 4025 808 4079 ἔδονται.
853 4027 1206 4094 Ἀνθρωπος,
1250 4027 1405 4097 φησὶ,
1429 4025 1707 4095 γεννᾶται

126 4118 315 4180 κόπῳ,
344 4113 448 4167 καὶ
470 4112 715 4167 νεοσσοὶ
734 4111 939 4183 γυπῶν
958 4114 1167 4181 ὑψηλὰ
1192 4113 1489 4169 πέτονται.
1513 4111 1561 4165 Κ
1565 4130 1709 4168 ατα-

125 4204 430 4274 λαμϐἀνει
470 4201 537 4255 δὲ
566 4203 779 4269 Κύριος
802 4202 941 4268 τοὺς
956 4203 1186 4271 σοφοὺς
1204 4202 1273 4255 ἐν
1292 4202 1582 4272 φρονήσει
1606 4206 1711 4259 αὐ-

129 4290 385 4356 τῶν,καὶ
404 4289 747 4355 τὰςβουλίις
774 4288 891 4342 τῶν
913 4291 1316 4343 πολυπλόκων
1342 4288 1568 4357 ἐξιστᾷ.
1604 4292 1712 4345 Τὸν

127 4377 325 4444 ἀθῷον
357 4378 435 4443 ἐξ
473 4374 752 4447 ἀναγκῶν
777 4376 1067 4442 ἐξελεῖται
1104 4377 1339 4446 Κύριος,
1382 4378 1482 4431 καὶ
1518 4379 1586 4432 ἐν
1630 4379 1711 4445 τῷ

128 4465 358 4535 ἑϐδόμῳ
387 4466 463 4518 οὐ
488 4464 575 4534 μὴ
607 4463 822 4532 ἅψεται
849 4463 1036 4518 αὑτοῦ
1061 4465 1266 4519 κακόν.
1298 4464 1381 4518 Σὺ
1426 4464 1495 4517 δὲ
1532 4466 1711 4536 γνῶθι

130 4553 426 4613 σεαυτὸν,
455 4550 511 4603 εί
536 4567 591 4603 τι
618 4549 899 4619 ἔπραξας.

198 4648 413 4721 Πρώτη
436 4647 570 4718 πρὸς
607 4646 827 4717 Ἐλιφὰζ
850 4646 943 4701 τοῦ
982 4647 1102 4700 Ἰὼϐ
1135 4648 1396 4714 ἀντίλεξις
1415 4664 1429 4677 ·
1446 4650 1574 4717 περὶ
1594 4648 1708 4714 τοῦ,

124 4732 192 4782 ει
226 4731 341 4800 γάρ
373 4748 469 4795 τις
509 4728 693 4783 ἱστῶν
725 4731 949 4796 στήσαι
980 4748 1095 4799 μου
1124 4732 1235 4799 τὴν
1272 4730 1479 4801 ὀργὴν,
1513 4731 1618 4796 τὰς
1645 4730 1714 4784 δὲ

129 4815 359 4881 ὀδύνας
389 4830 514 4883 μου
540 4812 675 4880 ἆραι
692 4814 762 4866 ἐν
781 4811 930 4883 ζυγῷ
958 4814 1353 4883 ὁμοθυμαδὸν,
1386 4814 1481 4867 καὶ
1502 4813 1577 4882 δὴ
1605 4812 1714 4883 ἀμ-

125 4915 241 4963 μου
281 4897 597 4963 παραλίας
622 4897 923 4965 βαρύτερα
944 4896 1136 4953 ἔσται.
1166 4898 1300 4966 Περὶ
1325 4895 1444 4961 τοῦ,
1473 4896 1570 4964 Μὴ
1604 4898 1713 4967 γὰρ

124 4978 431 5046 διακενῆς
459 4978 805 5047 κεκράξεται
829 4980 968 5045 ὄνος
990 4980 1211 5048 άτριος,
1238 4981 1378 5034 ἀλλ’
1396 4980 1434 5048 ἣ
1458 4981 1530 5035 τὰ
1549 4981 1714 5034 σιτία

126 5061 356 5129 (furtim;
388 5061 465 5113 El
492 5060 560 5113 66
591 5062 688 5115 καὶ
705 5063 879 5132 ῥήξει
897 5062 1108 5131 φωνὴν
1131 5063 1328 5133 (βοῦς)
1357 5064 1454 5117 ἐπὶ
1483 5063 1713 5132 φάτνης

125 5147 287 5215 ἔχων
306 5146 390 5200 τὰ
406 5144 693 5214 βρώματα
712 5163 727 5211 ;
744 5146 838 5213 Μὴ
862 5146 1039 5216 ἰσχὺς
1057 5149 1240 5201 λίθων
1262 5148 1360 5200 καί
1387 5147 1715 5216 ὶσχύςμου;

124 5235 181 5284 ιιί
215 5230 461 5297 σάρκες
482 5233 602 5298 μού
626 5232 742 5283 εἱσι
769 5229 1017 5299 χάλκεαι
1028 5248 1047 5296 ;
1074 5232 1215 5296 Ὅτι,
1252 5232 1481 5301 Ὥσπερ
1511 5248 1716 5300 πειρα-

125 5316 343 5383 τήριόν
374 5314 555 5367 ἐστιν
593 5317 626 5367 6
664 5314 805 5381 βίος
841 5315 1155 5383 ἀνθρώπου
1182 5315 1282 5369 ἐπὶ
1314 5314 1424 5384 τῆς
1451 5314 1584 5384 γῆς,
1615 5315 1714 5369 καὶ

123 5399 337 5468 ὥσπερ
376 5397 630 5467 μισθίου
655 5398 1050 5467 αὐθημερινοῦ
1077 5400 1117 5468 ἡ
1146 5398 1257 5467 ζωὴ
1286 5399 1491 5454 αὐτοῦ·
1520 5401 1621 5460 ὅτι,
1646 5402 1717 5455 El

125 5482 241 5551 ἐγὼ
258 5483 563 5551 ἥμαρτον,
586 5481 644 5533 τί
658 5480 991 5550 δυνήσομαι
1013 5481 1233 5549 πρᾶξαι
1253 5499 1271 5545 ;
1290 5484 1428 5545 Ὅτι,
1448 5480 1717 5537 Ἐπιστά-

122 5582 314 5633 μενος
356 5565 476 5618 τὸν
512 5563 665 5617 νοῦν
709 5563 825 5616 τῶν
862 5563 1204 5633 ἀνθρώπων,
1256 5565 1412 5619 διατί
1453 5565 1594 5620 ἔθου
1643 5581 1716 5635 με

129 5646 596 5711 κατεντευκτήν
612 5662 632 5710 ,'

202 5744 371 5798 Μετὰ
385 5743 453 5796 δὲ
496 5743 724 5810 Ἐλιφὰζ
744 5742 988 5814 δεύτερος
1005 5744 1287 5798 ὑπολαϐὼν
1309 5744 1512 5798 Βαλδὰδ
1534 5746 1562 5797 6
1583 5745 1717 5798 Σαυ-

130 5828 347 5899 χεώτης
400 5825 558 5894 λέγει
595 5825 734 5895 πρὸς
788 5826 937 5879 Ίώϐ·
970 5827 1151 5896 Μέχρι
1194 5828 1356 5894 τίνος
1392 5827 1682 5895 λαλήσεις
1696 5843 1715 5891 ;

1193 402 1519 459 SYNOPSIS
1555 401 1972 460 SCRIPTUR/E
2015 402 2279 459 SACRE.

3272 399 3377 458 566

1807 518 2048 603 Πνεῦμα
2070 517 2457 603 πολυρῤῆμον
2471 518 2539 571 ἐν
2558 517 2637 603 τῷ
2662 517 2911 603 στόματί
2932 532 3069 572 σου.
3091 514 3189 603 μὴ
3219 517 3251 568 6
3265 517 3376 570 Κύ-

1794 618 1929 668 ριος
1957 601 2231 669 ἀδικήσει
2266 602 2516 668 κρίνων;
2550 600 2586 668 ἢ
2627 604 2659 655 6
2685 603 2757 655 τὰ
2780 598 2984 654 ’πάντα
3013 598 3271 668 ποιήσας
3302 603 3375 655 οὺ

1803 684 2046 749 παρέξει
2084 684 2150 735 τὸ
2181 682 2449 746 δίκαιον;
2484 684 2618 752 Περὶ
2644 684 2760 745 τοῦ,
2792 684 3020 751 Ὥσπερ
3054 685 3126 736 οὐ
3166 683 3375 737 θάλλει

1802 765 2079 834 πάπυρος
2105 765 2250 819 ἄνευ
2277 766 2513 829 ὕδατος,
2546 766 2582 833 ἣ
2608 767 2869 834 ὑψοῦται
2898 765 3199 831 βούτομος
3226 764 3376 818 ἀνευ

1802 850 2018 902 πότουο
2047 850 2134 903 ἔτι
2162 850 2270 916 γὰρ
2296 846 2380 900 ὢν
2403 848 2499 900 ἐπὶ
2525 846 2715 915 ῥίζαν,
2749 852 2821 903 οὐ
2844 848 2930 916 μὴ
2955 846 3220 915 θερισθῇ.
3254 847 3373 915 Πρὸ

1802 931 1909 983 τοῦ
1941 931 2053 1000 γὰρ
2087 931 2299 985 πεσεῖν
2341 928 2547 984 πᾶσαν
2587 930 2863 998 βοτάνην
2895 930 3332 998 ξηρανθήσεται
3355 944 3371 959 ⁸

1802 1014 1992 1080 οὕτως
2026 1014 2198 1067 ἐσται
2228 1014 2301 1066 τὰ
2330 1013 2560 1082 ἔσχατα
2598 1014 2797 1067 πάντα
2832 1015 2950 1067 τῶν
2980 1014 3372 1067 ἐπιλανθανο-

1796 1096 1996 1164 μένων
2032 1098 2137 1151 τοῦ
2165 1097 2334 1152 Θεοῦ.

1871 1190 2068 1262 Πρώτη
2094 1192 2187 1245 τοῦ
2232 1192 2349 1245 Ἰὼϐ
2380 1193 2514 1264 πρὸς
2542 1192 2747 1246 Βαλδὰδ
2781 1192 3074 1257 ἀντίλεξις”
3102 1195 3204 1256 ὃτι,
3246 1194 3371 1247 Ἐπ’

1799 1274 2083 1341 ἀληθείας
2110 1275 2260 1342 οῖδα,
2284 1276 2374 1330 ὅτι
2401 1278 2587 1343 οὕτως
2612 1277 2746 1329 ἐστί
2760 1295 2772 1307 ·
2806 1275 2932 1342 πῶς
2952 1278 3060 1345 γὰρ
3085 1278 3252 1330 ἔσται
3280 1277 3370 1330 δί-

1799 1371 1965 1421 καιος
1996 1355 2233 1428 [βροτὸς]
2263 1360 2424 1426 παρὰ
2451 1360 2684 1429 Κυρίῳ;
2718 1361 2853 1429 Περὶ
2873 1359 2989 1423 :06,
3024 1360 3077 1411 Ὁ
3105 1361 3373 1424 τανύσας

1798 1439 1905 1491 τὸν
1930 1440 2189 1506 οὐρανὸν
2206 1443 2411 1509 μόνος,
2442 1443 2541 1496 καὶ
2569 1441 2906 1510 περιπατῶν
2926 1441 3025 1494 ἐπὶ
3054 1441 3373 1507 θαλάσσης

1798 1520 1877 1586 ώς
1896 1521 1986 1574 ἐπ’
2002 1521 2282 1591 ἐδάφους,
2312 1524 2500 1577 ποιῶν
2523 1524 2780 1589 Πλειάδα
2812 1522 2909 1576 καὶ
2927 1524 3240 1590 Ἕσπερον.
3279 1524 3373 1588 Τίς

1798 1605 2079 1674 κρίματος
2109 1606 2255 1660 Θεοῦ
2289 1608 2715 1674 ἀντιστήσεται
2735 1623 2754 1671 ;
2791 1606 2927 1660 Ἐάν
2965 1624 3027 1659 τε
3062 1606 3169 1673 γὰρ
3200 1601 3247 1659 ὦ
3286 1604 3373 1657 δί-

1798 1706 1983 1755 καιος,
2012 1690 2079 1744 τὸ
2099 1692 2291 1760 στόμα
2305 1709 2424 1761 μου
2442 1692 2753 1758 άσεϐήσει³
2777 1690 2890 1744 κᾶν
2904 1707 2968 1743 τε
2985 1685 3031 1744 ὦ
3051 1690 3371 1757 ἄμεμπτος,

1798 1775 2045 1839 σκολιὸς
2076 1775 2471 1844 ἀποϐήσομαι.
2505 1775 2641 1845 Περὶ
2666 1773 2759 1827 τοῦ
2778 1792 2790 1805 ·
2827 1774 2889 1826 '0
2906 1775 3048 1839 βίος
3070 1774 3187 1841 μού
3206 1772 3375 1824 ἐστιν

1796 1856 2193 1923 ἐλαφρότερος
2226 1857 2505 1926 δρομέως.
2541 1860 2608 1910 El
2650 1856 2749 1910 καὶ
2775 1857 2905 1909 ἐστὶ
2951 1856 3173 1909 ναυσὶν
3203 1855 3373 1921 ίχνος

1798 1939 1965 2003 όδοῦ,
2000 1939 2038 2007 ἢ
2066 1940 2244 1993 ἀετοῦ
2269 1939 2599 2008 πετομένου
2618 1938 2935 2007 ζητοῦντος
2948 1938 3143 2005 βοράν
3165 1955 3183 2001 ;
3210 1937 3375 2002 Μνή-

1798 2025 1995 2088 σθητι,
2012 2021 2100 2075 ὅτι
2131 2024 2331 2091 πηλόν
2345 2040 2424 2091 με
2441 2022 2740 2089 ἔπλασας,
2759 2025 2846 2089 είς
2869 2022 2938 2075 66
2959 2022 3077 2090 γῆν
3090 2039 3167 2090 με
3189 2020 3373 2075 πάλιν

1797 2104 2217 2175 ἀποστρέφεις.
2252 2106 2322 2159 Ἢ
2340 2109 2453 2173 οὐχ
2473 2105 2675 2174 ὥσπερ
2703 2106 2857 2175 γάλα
2873 2123 2949 2174 με
2968 2105 3254 2175 ἤμελξας,
3278 2104 3374 2158 καὶ

1796 2190 1865 2242 τὰ
1911 2188 2057 2259 ἑξῆς.
2100 2190 2323 2258 Ὥσπερ
2356 2191 2643 2259 ἐγινόμην
2674 2192 2785 2243 οὐκ
2824 2189 2927 2244 ὠν.
2957 2190 3117 2243 Διατί
3165 2190 3235 2242 ἐκ
3272 2204 3375 2257 τα-

1797 2270 1980 2337 στρὸς
2010 2274 2097 2337 είς
2117 2272 2327 2341 μνῆμα
2352 2274 2461 2327 οὐκ
2492 2271 2894 2340 ἀπηλλάγην;
2926 2273 3006 2325 ὅτι
3033 2270 3178 2343 [sic].

1869 2372 2026 2426 Μετά
2072 2374 2297 2442 Ἐλιφάζ
2323 2373 2549 2437 Βαλδὰδ,
2581 2375 2717 2444 μετὰ
2748 2374 2953 2427 Βαλδὰδ
2974 2372 3173 2445 Σωφὰρ
3198 2375 3226 2427 6
3253 2373 3375 2441 Μη-

1798 2459 1944 2521 ναῖος
1981 2458 2121 2511 κατὰ
2151 2457 2249 2528 τὴν
2283 2459 2488 2512 οἰκείαν
2536 2458 2706 2525 τάξιν,
2756 2458 2887 2512 ὥσθ’
2918 2459 3146 2512 ἕκαστον
3191 2457 3372 2511 αὐτῶν

1800 2539 2112 2609 περιμένειν
2136 2540 2205 2594 τὰ
2232 2542 2515 2613 κρείττονα
2538 2542 2719 2611 λέγειν
2745 2542 2880 2614 πρὸς
2905 2542 2996 2596 τὸν
3028 2541 3169 2595 Ἰώϐ.
3213 2543 3273 2593 '0
3301 2540 3373 2594 τὰ

1799 2622 1998 2675 πολλὰ
2036 2623 2249 2691 λέγων,
2287 2624 2385 2677 καὶ
2432 2626 2888 2679 ἀντακούσεται.
2941 2627 3070 2695 Περὶ
3105 2622 3199 2676 τοῦ
3225 2642 3238 2653 ·
3290 2625 3373 2676 ὅτι

1812 2706 2177 2775 Ἀναλάμψει
2196 2724 2312 2761 σου
2345 2708 2411 2761 τὸ
2435 2709 2761 2774 πρόσωπον
2782 2708 2982 2777 ὥσπερ
3010 2707 3163 2775 ὕδωρ
3196 2708 3373 2759 καθα·-

1792 2792 1925 2857 ρόν.
1985 2790 2247 2858 Ἐκδύσῃ
2293 2790 2361 2844 δὲ
2392 2792 2612 2858 ῥύπον,
2656 2793 2753 2845 καὶ
2787 2795 2858 2847 οὐ
2888 2792 3201 2861 φοϐηθήσῃ
3224 2830 3237 2851 ,
3273 2788 3371 2842 καὶ

1800 2872 1907 2924 τὸν
1936 2874 2126 2927 κόπον
2139 2873 2403 2941 ἐπιλήσῃ
2418 2873 2619 2943 ὥσπερ
2640 2876 2799 2945 κῦμα
2825 2876 3143 2944 παρελθόν.
3175 2875 3246 2927 Ἠ
3263 2871 3374 2941 γὰρ

1800 2960 1951 3027 εὐχή
1984 2973 2101 3013 σου
2129 2960 2209 3025 ὡς
2239 2958 2389 3031 [569]
2416 2960 2739 3031 ἑωσφόρος.

1874 3054 2070 3126 Πρώτη
2093 3054 2186 3107 τοῦ
2221 3054 2341 3107 Ἰὼϐ
2373 3056 2506 3126 πρὸς
2525 3057 2721 3127 Σωφὰρ
2743 3056 3025 3122 ἀντίλεξις·
3054 3058 3157 3123 ὅτι,
3192 3056 3376 3127 Ὑμεῖς

1796 3140 1971 3208 μόνοι
1997 3138 2139 3190 ἐστὲ
2160 3137 2476 3204 ἅνθρωποι,
2505 3140 2543 3207 ἣ
2562 3142 2692 3207 μεθ’
2719 3139 2886 3209 ὑμῶν
2901 3142 3251 3208 τελευτήσει
3272 3157 3377 3194 σο-

1802 3220 1945 3289 φία;
1973 3220 2156 3290 Ιίάμοί
2178 3219 2296 3288 μὲν
2319 3220 2533 3289 καρδία
2559 3222 2687 3276 καθ’
2712 3221 2869 3292 ὑμᾶς
2898 3224 3086 3278 ἔσται.
3113 3221 3375 3292 Περὶτοῦ,

1810 3305 1905 3371 Τίς
1949 3306 2059 3358 οὐκ
2086 3304 2240 3373 ἔγνω
2277 3304 2347 3357 ἐν
2379 3303 2530 3360 πᾶσι
2574 3306 2829 3370 τούτοις,
2865 3306 2953 3360 ὅτι
2990 3307 3117 3375 χεὶρ
3157 3307 3377 3374 Κυρίου

1803 3389 2057 3458 ἐποίησε
2078 3388 2300 3454 ταῦτα;
2321 3389 2449 3442 Ὅτι
2474 3389 2544 3442 ἐν
2570 3387 2643 3457 τῇ
2663 3390 2813 3458 χειρὶ
2838 3390 3020 3445 αὑτοῦ
3037 3390 3207 3458 ψυχὴ
3229 3387 3378 3442 πάν-

1806 3489 1924 3525 των
1954 3470 2072 3525 τῶν
2100 3470 2347 3534 ζώντων,
2391 3472 2489 3525 καὶ
2530 3472 2766 3542 πνεῦμα
2796 3472 3019 3538 παντὸς
3042 3473 3374 3541 ἀνθρώπου.

1820 3558 1973 3622 Ἐὰν,
2018 3558 2171 3628 φησὶ,
2204 3557 2270 3610 τὸ
2300 3557 2455 3627 ὕδωρ
2486 3558 2754 3626 κωλύσῃ,
2807 3556 3058 3627 ξηρανεῒ
3080 3557 3195 3612 τὴν
3224 3557 3343 3625 γῆν
3363 3574 3376 3587 ·

1805 3642 2004 3695 ἐὰνδὲ
2046 3640 2245 3710 ἐπαφῇ
2269 3683 2283 3707 ,
2334 3641 2651 3695 ἀπώλεσεν
2692 3640 2887 3707 αὐτὴν
2939 3638 3373 3708 καταστρέψας.

1808 3726 1945 3795 Περὶ
1972 3723 2091 3788 τοῦ,
2132 3725 2225 3789 Τίς
2272 3723 2530 3791 καθαρός
2572 3724 2741 3778 ἔσται
2790 3722 2909 3777 ἀπὸ
2948 3724 3172 3791 ῥύπου;
3227 3723 3379 3776 Ἀλλ’

1808 3808 2023 3872 οὐθεὶς,
2057 3806 2166 3859 ἐὰν
2194 3805 2309 3860 κᾶν
2340 3808 2444 3875 μία
2480 3806 2671 3875 ἡμέρα
2695 3810 2729 3860 6
2766 3808 2906 3872 βίος
2930 3805 3117 3860 αὑτοῦ
3141 3805 3238 3859 ἐπὶ
3270 3803 3380 3871 τῆς

1809 3890 1940 3961 Mc.
1972 3890 2102 3955 Καὶ,
2135 3890 2363 3957 Δένδρῳ
2392 3889 2563 3943 ἐστὶν
2590 3890 2805 3955 ἐλπίς⁶
2834 3882 2942 3943 ἐὰν
2968 3888 3087 3958 μὲν
3124 3886 3376 3955 ἐκκοπῇ.

1809 3976 1907 4029 καὶ
1938 3973 2123 4027 πάλιν
2146 3974 2418 4039 ἀνθήσει,
2447 3972 2544 4026 καί
2567 3976 2599 4027 ό
2630 3973 2938 4042 ράδαμνος
2964 3971 3151 4027 αὐτοῦ
3189 3974 3260 4026 ού
3291 3971 3380 4040 μὴ

1808 4058 2050 4125 ἐκλίπῃ.
2095 4058 2273 4124 Ἀνὴρ
2317 4056 2387 4109 66
2430 4057 2799 4124 τελευτήσας
2825 4055 3042 4126 ᾤχετο·
3073 4056 3279 4109 πεσὼν
3311 4054 3381 4108 δὲ

1804 4140 2045 4208 βροτὸς,
2078 4141 2276 4193 οὐκέτι
2304 4139 2416 4193 ένι.

1881 4234 2118 4306 Δευτέρα
2143 4234 2283 4308 ἁρχὴ
2313 4235 2495 4289 πάλιν.
2535 4234 2759 4302 Ἐλιφὰζ
2784 4235 2920 4306 πρὸς
2954 4232 3101 4287 Ἰώϐ·
3134 4235 3235 4296 ὅτι,
3264 4237 3378 4287 Πό-

1812 4336 1983 4387 τερον
2007 4319 2203 4388 σοφὸς
2228 4319 2554 4387 ἀπόκρισιν
2576 4318 2754 4372 δώσει
2780 4315 3087 4384 συνέσεως
3112 4318 3379 4386 πνεῦμα;

1825 4403 2090 4469 Ἐλέτξαι
2117 4419 2192 4457 σε
2221 4404 2332 4471 γὰρ
2362 4403 2429 4458 τὸ
2461 4404 2656 4472 στόμα
2687 4417 2824 4463 σου,
2849 4402 2947 4455 καὶ
2968 4400 3055 4471 μὴ
3081 4400 3213 4471 ἐγώ.
3244 4404 3381 4473 Περὶ⁸

1811 4486 1925 4545 :06.
1962 4488 2050 4551 Τίς
2077 4487 2185 4554 γὰρ
2213 4482 2299 4539 ὢν
2319 4486 2559 4553 βροτὸς,
2591 4486 2759 4539 ἔσται
2792 4484 3123 4554 ἆμεμπτος;
3146 4485 3182 4553 ἢ
3210 4485 3378 4539 ἔσται

1814 4567 2042 4634 δίκαιος
2070 4566 2361 4637 γεννητὸς
2378 4569 2661 4637 γυναικός
2681 4584 2699 4630 ἱ

1882 4664 2119 4734 Δευτέρα
2169 4662 2434 4729 ἁντίλεξις
2494 4662 2611 4715 Ἰὼϐ
2658 4663 2794 4736 πρὸς
2848 4662 3089 4731 Ἐλιφόιζ.
3135 4664 3382 4730 Ἀκήκοα

1814 4748 1923 4816 γὰρ
1968 4745 2211 4799 τοιαῦτα
2258 4745 2475 4799 πολλά.
2527 4745 2983 4813 Ιιαρακλήτορες
3020 4746 3128 4815 γὰρ
3181 4745 3383 4799 κακῶν

1814 4829 2052 4894 πάντες.
2093 4828 2239 4884 Ἰδοὺ
2268 4830 2335 4883 ἐν
2356 4828 2632 4897 οὐρανοῖς
2658 4833 2689 4884 ό
2703 4830 2931 4898 μάρτυς
2948 4848 3092 4898 μου’
3125 4833 3156 4885 6
3172 4829 3241 4884 66
3267 4848 3379 4884 συ-

1813 4914 2033 4980 νίστωρ
2068 4930 2187 4981 μου
2231 4913 2300 4965 ἐν
2345 4914 2646 4981 ὑψίστοις.
2685 4913 2792 4979 Εἵη
2820 4912 2888 4965 δὲ
2932 4913 3182 4981 ἐλεγχος
3210 4913 3377 4979 ἀνδρί

1814 4997 2093 5051 ἐναντίον
2118 4997 2358 5064 Κυρίου.
2384 4995 2519 5068 Περὶ
2541 4995 2655 5057 :06,
2674 4995 2800 5064 Τὴν
2827 4997 3015 5049 νύκτα
3038 4999 3125 5060 εἰς
3154 4995 3382 5063 ἡμέραν

1815 5080 2055 5135 τέθεικε.
2093 5080 2235 5134 Ἐὰν
2278 5079 2386 5148 γὰρ
2427 5081 2745 5149 ύπομείνω,
2782 5079 2930 5147 ᾅδης
2966 5097 3084 5148 μου
3124 5082 3155 5132 6
3192 5074 3377 5142 οἶκος.

1819 5164 2085 5217 Θάνατον
2100 5167 2209 5232 γὰρ
2232 5161 2569 5216 ἐπεκάλεσα
2589 5162 2812 5230 πατέρα
2826 5179 2946 5231 μου
2970 5158 3139 5218 εἶναι.
3157 5160 3383 5230 μητέρα

1816 5246 1884 5299 δέ
1902 5245 2293 5313 καίάδελφήν
2316 5263 2433 5313 μου
2465 5247 2749 5313 σαπρίαν.

1887 5342 2144 5413 Δεύτερος
2177 5342 2234 5395 δὲ
2275 5341 2434 5395 πάλιν
2473 5341 2757 5395 ὑπολαϐὼν
2794 5342 3016 5403 Βαλδὲιδ,
3064 5339 3211 5407 λέγει
3245 5340 3379 5409 πρὸς

1830 5425 1949 5479 Ἰώϐ
1965 5441 1977 5455 ·
2010 5424 2195 5491 Μέχρι
2226 5425 2389 5489 τίνος
2406 5426 2478 5477 ού
2498 5426 2706 5491 παύσῃ
2726 5440 2745 5488 ;
2771 5423 2836 5476 τί
2860 5424 2986 5491 γὰρ,
3009 5422 3115 5474 ἐὰν
3134 5421 3214 5473 σὺ
3236 5422 3381 5475 ἀπο·

1818 5509 2027 5576 θάνῃς.
2053 5509 2334 5575 ἀοίκητος
2353 5507 2390 5573 η
2421 5507 2523 5561 ὑπ’
2554 5509 2834 5574 οὐρανόν;
2850 5505 3086 5574 Δευτέρα
3110 5501 3227 5556 Ἰὼϐ
3248 5503 3381 5573 πρὸς

1819 5591 2022 5647 Βαλδάδ
2038 5605 2051 5617 ·
2089 5591 2233 5654 Ἕως
2258 5590 2419 5655 τίνος
2448 5589 2706 5657 ἕγκοπον
2729 5588 3011 5654 ποιήσετε
3034 5586 3145 5653 τὴν
3172 5586 3383 5654 ψυχήν

1812 5692 1952 5743 μου,
1994 5671 2090 5725 καὶ
2122 5671 2451 5740 καθαιρεῖτέ
2482 5688 2559 5741 με
2597 5668 2942 5739 λογισμοῖςξ
2990 5668 3383 5723 καταλαλεῖτέ

1814 5775 1932 5826 μου
1958 5758 2067 5811 οὐκ
2099 5756 2559 5824 αἱσχυνόμενοι;
2585 5754 2719 5823 Περὶ
2748 5751 2863 5813 τοῦ,
2899 5749 3017 5820 Τὴν
3056 5751 3244 5817 δόξαν
3262 5770 3381 5821 μου

1821 5842 1889 5905 ἐξ
1908 5840 2051 5911 ἐμοῦ
2080 5838 2291 5906 ἐξεῖλε,
2328 5839 2534 5908 ἀφεῖλε
2563 5837 2629 5891 δὲ
2650 5835 2950 5905 στέφανον
2966 5836 3082 5892 ἀπὸ
3113 5836 3381 5907 κεφαλῆς
