  <div class='ocr_page' id='page_1' title='image "/cluster/home/n/w/nwhite01/storage/ocr_20150623/56/mdp.39015028574351/360.png"; bbox 0 0 4102 6322; ppageno 0'>
   <div class='ocr_carea' id='block_1_1' title="bbox 185 366 290 422">
    <p class='ocr_par' dir='ltr' id='par_1_1' title="bbox 185 366 290 422">
     <span class='ocr_line' id='line_1_1' title="bbox 185 366 290 422; baseline 0 0"><span class='ocrx_word' id='word_1_1' title='bbox 185 366 290 422; x_wconf 69' lang='grc'><strong>565</strong></span> 
     </span>
    </p>
   </div>
   <div class='ocr_carea' id='block_1_2' title="bbox 183 470 1762 540">
    <p class='ocr_par' dir='ltr' id='par_1_2' title="bbox 183 470 1762 540">
     <span class='ocr_line' id='line_1_2' title="bbox 183 470 1762 540; baseline -0.006 -5"><span class='ocrx_word' id='word_1_2' title='bbox 183 495 407 535; x_wconf 88' lang='lat' dir='ltr'><strong>uxorem</strong></span> <span class='ocrx_word' id='word_1_3' title='bbox 446 490 659 540; x_wconf 84' lang='lat' dir='ltr'><strong>meam,</strong></span> <span class='ocrx_word' id='word_1_4' title='bbox 705 482 761 530; x_wconf 87' lang='lat' dir='ltr'><strong>et</strong></span> <span class='ocrx_word' id='word_1_5' title='bbox 800 488 906 529; x_wconf 89' lang='lat' dir='ltr'><strong>non</strong></span> <span class='ocrx_word' id='word_1_6' title='bbox 943 472 1169 528; x_wconf 87' lang='lat' dir='ltr'><strong>attendit</strong></span> <span class='ocrx_word' id='word_1_7' title='bbox 1200 487 1214 524; x_wconf 91' lang='lat'><strong>:</strong></span> <span class='ocrx_word' id='word_1_8' title='bbox 1245 470 1558 526; x_wconf 85' lang='lat' dir='ltr'><strong>invocabam</strong></span> <span class='ocrx_word' id='word_1_9' title='bbox 1586 480 1762 525; x_wconf 85' lang='lat' dir='ltr'><strong>autem</strong></span> 
     </span>
    </p>
   </div>
   <div class='ocr_carea' id='block_1_3' title="bbox 184 563 1765 631">
    <p class='ocr_par' dir='ltr' id='par_1_3' title="bbox 184 563 1765 631">
     <span class='ocr_line' id='line_1_3' title="bbox 184 563 1765 631; baseline -0.008 -4"><span class='ocrx_word' id='word_1_10' title='bbox 184 572 325 627; x_wconf 84' lang='lat' dir='ltr'><strong>ﬁlios</strong></span> <span class='ocrx_word' id='word_1_11' title='bbox 344 569 762 626; x_wconf 84' lang='lat' dir='ltr'><strong>concubinarum</strong></span> <span class='ocrx_word' id='word_1_12' title='bbox 786 580 1048 631; x_wconf 89' lang='lat' dir='ltr'><strong>mearum,</strong></span> <span class='ocrx_word' id='word_1_13' title='bbox 1074 565 1148 619; x_wconf 88' lang='lat' dir='ltr'><strong>illi</strong></span> <span class='ocrx_word' id='word_1_14' title='bbox 1171 579 1295 618; x_wconf 77' lang='lat' dir='ltr'><strong>vero</strong></span> <span class='ocrx_word' id='word_1_15' title='bbox 1319 580 1404 618; x_wconf 91' lang='lat' dir='ltr'><strong>me</strong></span> <span class='ocrx_word' id='word_1_16' title='bbox 1436 563 1489 617; x_wconf 91' lang='lat' dir='ltr'><strong>in</strong></span> <span class='ocrx_word' id='word_1_17' title='bbox 1510 564 1765 617; x_wconf 66' lang='lat' dir='ltr'><strong>sacculum</strong></span> 
     </span>
    </p>
   </div>
   <div class='ocr_carea' id='block_1_4' title="bbox 182 657 1764 721">
    <p class='ocr_par' dir='ltr' id='par_1_4' title="bbox 182 657 1764 721">
     <span class='ocr_line' id='line_1_4' title="bbox 182 657 1764 721; baseline -0.006 -2"><span class='ocrx_word' id='word_1_18' title='bbox 182 663 413 719; x_wconf 74' lang='lat' dir='ltr'><strong>aversati</strong></span> <span class='ocrx_word' id='word_1_19' title='bbox 441 670 584 716; x_wconf 90' lang='lat' dir='ltr'><strong>sunt.</strong></span> <span class='ocrx_word' id='word_1_20' title='bbox 614 659 936 714; x_wconf 76' lang='lat' dir='ltr'><strong>Miseremini</strong></span> <span class='ocrx_word' id='word_1_21' title='bbox 966 659 1101 720; x_wconf 90' lang='lat' dir='ltr'><strong>mei,</strong></span> <span class='ocrx_word' id='word_1_22' title='bbox 1129 657 1484 721; x_wconf 82' lang='lat' dir='ltr'><strong>miseremini,</strong></span> <span class='ocrx_word' id='word_1_23' title='bbox 1514 671 1547 710; x_wconf 89' lang='grc' dir='ltr'>ο</span> <span class='ocrx_word' id='word_1_24' title='bbox 1587 657 1764 710; x_wconf 85' lang='lat' dir='ltr'><strong>amici.</strong></span> 
     </span>
    </p>
   </div>
   <div class='ocr_carea' id='block_1_5' title="bbox 178 749 1763 826">
    <p class='ocr_par' dir='ltr' id='par_1_5' title="bbox 178 749 1763 826">
     <span class='ocr_line' id='line_1_5' title="bbox 178 749 1763 826; baseline -0.008 -13"><span class='ocrx_word' id='word_1_25' title='bbox 178 759 358 826; x_wconf 86' lang='lat' dir='ltr'><strong>Quare</strong></span> <span class='ocrx_word' id='word_1_26' title='bbox 399 772 486 812; x_wconf 89' lang='lat' dir='ltr'><strong>me</strong></span> <span class='ocrx_word' id='word_1_27' title='bbox 524 754 902 825; x_wconf 81' lang='lat' dir='ltr'><strong>persequimini</strong></span> <span class='ocrx_word' id='word_1_28' title='bbox 928 796 943 821; x_wconf 95' lang='lat'><strong>,</strong></span> <span class='ocrx_word' id='word_1_29' title='bbox 980 755 1115 808; x_wconf 86' lang='lat' dir='ltr'><strong>sicut</strong></span> <span class='ocrx_word' id='word_1_30' title='bbox 1144 752 1437 807; x_wconf 89' lang='lat' dir='ltr'><strong>Dominus?</strong></span> <span class='ocrx_word' id='word_1_31' title='bbox 1464 751 1594 816; x_wconf 84' lang='lat' dir='ltr'><strong>Quis</strong></span> <span class='ocrx_word' id='word_1_32' title='bbox 1621 749 1763 804; x_wconf 89' lang='lat' dir='ltr'><strong>enim</strong></span> 
     </span>
    </p>
   </div>
   <div class='ocr_carea' id='block_1_6' title="bbox 181 842 1768 906">
    <p class='ocr_par' dir='ltr' id='par_1_6' title="bbox 181 842 1768 906">
     <span class='ocr_line' id='line_1_6' title="bbox 181 842 1768 906; baseline -0.008 0"><span class='ocrx_word' id='word_1_33' title='bbox 181 853 271 906; x_wconf 86' lang='lat' dir='ltr'><strong>det</strong></span> <span class='ocrx_word' id='word_1_34' title='bbox 313 861 370 905; x_wconf 89' lang='lat' dir='ltr'><strong>ut</strong></span> <span class='ocrx_word' id='word_1_35' title='bbox 412 850 714 905; x_wconf 80' lang='lat' dir='ltr'><strong>scribantur</strong></span> <span class='ocrx_word' id='word_1_36' title='bbox 755 848 914 902; x_wconf 87' lang='lat' dir='ltr'><strong>verba</strong></span> <span class='ocrx_word' id='word_1_37' title='bbox 956 845 1117 901; x_wconf 84' lang='lat' dir='ltr'><strong>mea?</strong></span> <span class='ocrx_word' id='word_1_38' title='bbox 1161 847 1206 900; x_wconf 88' lang='lat' dir='ltr'><strong>A</strong></span> <span class='ocrx_word' id='word_1_39' title='bbox 1237 844 1463 899; x_wconf 90' lang='lat' dir='ltr'><strong>Domino</strong></span> <span class='ocrx_word' id='word_1_40' title='bbox 1490 842 1618 897; x_wconf 92' lang='lat' dir='ltr'><strong>mihi</strong></span> <span class='ocrx_word' id='word_1_41' title='bbox 1654 842 1768 895; x_wconf 73' lang='lat' dir='ltr'><strong>lure</strong></span> 
     </span>
    </p>
   </div>
   <div class='ocr_carea' id='block_1_7' title="bbox 181 937 1764 1006">
    <p class='ocr_par' dir='ltr' id='par_1_7' title="bbox 181 937 1764 1006">
     <span class='ocr_line' id='line_1_7' title="bbox 181 937 1764 1006; baseline -0.006 -8"><span class='ocrx_word' id='word_1_42' title='bbox 181 953 547 999; x_wconf 83' lang='lat' dir='ltr'><strong>consummata</strong></span> <span class='ocrx_word' id='word_1_43' title='bbox 592 950 734 997; x_wconf 92' lang='lat' dir='ltr'><strong>sunt.</strong></span> <span class='ocrx_word' id='word_1_44' title='bbox 771 940 977 1006; x_wconf 38' lang='lat' dir='ltr'><strong>Oculus,</strong></span> <span class='ocrx_word' id='word_1_45' title='bbox 1007 942 1149 996; x_wconf 90' lang='lat' dir='ltr'><strong>enim</strong></span> <span class='ocrx_word' id='word_1_46' title='bbox 1190 953 1341 993; x_wconf 90' lang='lat' dir='ltr'><strong>meus</strong></span> <span class='ocrx_word' id='word_1_47' title='bbox 1365 937 1535 1001; x_wconf 91' lang='lat' dir='ltr'><strong>vidit,</strong></span> <span class='ocrx_word' id='word_1_48' title='bbox 1574 943 1628 989; x_wconf 90' lang='lat' dir='ltr'><strong>et</strong></span> <span class='ocrx_word' id='word_1_49' title='bbox 1660 949 1764 988; x_wconf 92' lang='lat' dir='ltr'><strong>non</strong></span> 
     </span>
    </p>
   </div>
   <div class='ocr_carea' id='block_1_8' title="bbox 182 1028 1764 1088">
    <p class='ocr_par' dir='ltr' id='par_1_8' title="bbox 182 1028 1764 1088">
     <span class='ocr_line' id='line_1_8' title="bbox 182 1028 1764 1088; baseline -0.005 -1"><span class='ocrx_word' id='word_1_50' title='bbox 182 1036 335 1088; x_wconf 87' lang='lat' dir='ltr'><strong>alius.</strong></span> <span class='ocrx_word' id='word_1_51' title='bbox 384 1033 638 1088; x_wconf 80' lang='lat' dir='ltr'><strong>Radicem</strong></span> <span class='ocrx_word' id='word_1_52' title='bbox 679 1031 941 1086; x_wconf 89' lang='lat' dir='ltr'><strong>sermonis</strong></span> <span class='ocrx_word' id='word_1_53' title='bbox 981 1030 1311 1085; x_wconf 83' lang='lat' dir='ltr'><strong>inveniemus</strong></span> <span class='ocrx_word' id='word_1_54' title='bbox 1348 1028 1400 1081; x_wconf 93' lang='lat' dir='ltr'><strong>in</strong></span> <span class='ocrx_word' id='word_1_55' title='bbox 1438 1042 1505 1082; x_wconf 90' lang='lat' dir='ltr'><strong>eo</strong></span> <span class='ocrx_word' id='word_1_56' title='bbox 1533 1043 1548 1082; x_wconf 84' lang='lat'>:</span> <span class='ocrx_word' id='word_1_57' title='bbox 1580 1033 1764 1079; x_wconf 87' lang='lat' dir='ltr'><strong>cavete</strong></span> 
     </span>
    </p>
   </div>
   <div class='ocr_carea' id='block_1_9' title="bbox 181 1117 1764 1197">
    <p class='ocr_par' dir='ltr' id='par_1_9' title="bbox 181 1117 1764 1197">
     <span class='ocr_line' id='line_1_9' title="bbox 181 1117 1764 1197; baseline -0.005 -16"><span class='ocrx_word' id='word_1_58' title='bbox 181 1128 345 1181; x_wconf 89' lang='lat' dir='ltr'><strong>etiam</strong></span> <span class='ocrx_word' id='word_1_59' title='bbox 373 1141 469 1180; x_wconf 91' lang='lat' dir='ltr'><strong>vos</strong></span> <span class='ocrx_word' id='word_1_60' title='bbox 496 1142 525 1180; x_wconf 90' lang='lat' dir='ltr'><strong>a</strong></span> <span class='ocrx_word' id='word_1_61' title='bbox 554 1126 785 1194; x_wconf 79' lang='lat' dir='ltr'><strong>tegmine</strong></span> <span class='ocrx_word' id='word_1_62' title='bbox 817 1144 835 1176; x_wconf 82' lang='grc'><strong>1</strong></span> <span class='ocrx_word' id='word_1_63' title='bbox 863 1123 1013 1197; x_wconf 83' lang='lat' dir='ltr'><strong>(Cap.</strong></span> <span class='ocrx_word' id='word_1_64' title='bbox 1043 1123 1131 1179; x_wconf 87' lang='lat'><strong>19.</strong></span> <span class='ocrx_word' id='word_1_65' title='bbox 1161 1138 1208 1177; x_wconf 84' lang='grc' dir='ltr'><strong>υ.</strong></span> <span class='ocrx_word' id='word_1_66' title='bbox 1233 1122 1287 1177; x_wconf 87' lang='grc'><strong>9.</strong></span> <span class='ocrx_word' id='word_1_67' title='bbox 1322 1121 1407 1176; x_wconf 85' lang='grc'><strong>10.</strong></span> <span class='ocrx_word' id='word_1_68' title='bbox 1438 1121 1523 1175; x_wconf 85' lang='grc'><strong>15.</strong></span> <span class='ocrx_word' id='word_1_69' title='bbox 1556 1120 1641 1174; x_wconf 77' lang='grc'><strong>14.</strong></span> <span class='ocrx_word' id='word_1_70' title='bbox 1667 1117 1764 1174; x_wconf 87' lang='grc'><strong>16-</strong></span> 
     </span>
    </p>
   </div>
   <div class='ocr_carea' id='block_1_10' title="bbox 184 1216 728 1287">
    <p class='ocr_par' dir='ltr' id='par_1_10' title="bbox 184 1216 728 1287">
     <span class='ocr_line' id='line_1_10' title="bbox 184 1216 728 1287; baseline -0.007 -15"><span class='ocrx_word' id='word_1_71' title='bbox 184 1219 267 1273; x_wconf 85' lang='grc'><strong>18.</strong></span> <span class='ocrx_word' id='word_1_72' title='bbox 294 1217 480 1272; x_wconf 71' lang='lat'><strong>2-1—25.</strong></span> <span class='ocrx_word' id='word_1_73' title='bbox 513 1216 728 1287; x_wconf 72' lang='lat'><strong>26-29).</strong></span> 
     </span>
    </p>
   </div>
   <div class='ocr_carea' id='block_1_11' title="bbox 248 1301 1762 1374">
    <p class='ocr_par' dir='ltr' id='par_1_11' title="bbox 248 1301 1762 1374">
     <span class='ocr_line' id='line_1_11' title="bbox 248 1301 1762 1374; baseline -0.007 -11"><span class='ocrx_word' id='word_1_74' title='bbox 248 1308 499 1370; x_wconf 86' lang='lat' dir='ltr'><strong>Secundo</strong></span> <span class='ocrx_word' id='word_1_75' title='bbox 559 1320 744 1360; x_wconf 85' lang='lat' dir='ltr'><strong>rursus</strong></span> <span class='ocrx_word' id='word_1_76' title='bbox 803 1304 1075 1374; x_wconf 81' lang='lat' dir='ltr'><strong>excipiens</strong></span> <span class='ocrx_word' id='word_1_77' title='bbox 1134 1303 1343 1374; x_wconf 81' lang='lat' dir='ltr'><strong>Sophar</strong></span> <span class='ocrx_word' id='word_1_78' title='bbox 1401 1302 1538 1358; x_wconf 87' lang='lat' dir='ltr'><strong>Jobo</strong></span> <span class='ocrx_word' id='word_1_79' title='bbox 1594 1301 1762 1355; x_wconf 91' lang='lat' dir='ltr'><strong>dicit:</strong></span> 
     </span>
    </p>
   </div>
   <div class='ocr_carea' id='block_1_12' title="bbox 188 1394 1767 1469">
    <p class='ocr_par' dir='ltr' id='par_1_12' title="bbox 188 1394 1767 1469">
     <span class='ocr_line' id='line_1_12' title="bbox 188 1394 1767 1469; baseline -0.001 -19"><span class='ocrx_word' id='word_1_80' title='bbox 188 1416 206 1449; x_wconf 71' lang='lat'><strong>1</strong></span> <span class='ocrx_word' id='word_1_81' title='bbox 235 1399 352 1453; x_wconf 86' lang='lat' dir='ltr'><strong>Non</strong></span> <span class='ocrx_word' id='word_1_82' title='bbox 395 1399 472 1454; x_wconf 91' lang='lat' dir='ltr'><strong>sic</strong></span> <span class='ocrx_word' id='word_1_83' title='bbox 522 1399 766 1468; x_wconf 83' lang='lat' dir='ltr'><strong>putabam</strong></span> <span class='ocrx_word' id='word_1_84' title='bbox 814 1407 866 1453; x_wconf 88' lang='lat' dir='ltr'><strong>te</strong></span> <span class='ocrx_word' id='word_1_85' title='bbox 913 1405 1099 1452; x_wconf 87' lang='lat' dir='ltr'><strong>contra</strong></span> <span class='ocrx_word' id='word_1_86' title='bbox 1143 1408 1542 1469; x_wconf 78' lang='lat' dir='ltr'><strong>reSpousurnm.</strong></span> <span class='ocrx_word' id='word_1_87' title='bbox 1577 1414 1597 1445; x_wconf 77' lang='grc'><strong>1</strong></span> <span class='ocrx_word' id='word_1_88' title='bbox 1631 1394 1767 1448; x_wconf 84' lang='lat' dir='ltr'><strong>Hinc</strong></span> 
     </span>
    </p>
   </div>
   <div class='ocr_carea' id='block_1_13' title="bbox 182 1488 1765 1560">
    <p class='ocr_par' dir='ltr' id='par_1_13' title="bbox 182 1488 1765 1560">
     <span class='ocr_line' id='line_1_13' title="bbox 182 1488 1765 1560; baseline -0.006 -13"><span class='ocrx_word' id='word_1_89' title='bbox 182 1491 309 1547; x_wconf 89' lang='lat' dir='ltr'><strong>illud</strong></span> <span class='ocrx_word' id='word_1_90' title='bbox 355 1506 370 1547; x_wconf 88' lang='lat'>:</span> <span class='ocrx_word' id='word_1_91' title='bbox 417 1510 436 1543; x_wconf 71' lang='grc' dir='ltr'><strong>ε</strong></span> <span class='ocrx_word' id='word_1_92' title='bbox 494 1491 696 1545; x_wconf 67' lang='lat' dir='ltr'><strong>Lcetitia</strong></span> <span class='ocrx_word' id='word_1_93' title='bbox 753 1491 1036 1560; x_wconf 86' lang='lat' dir='ltr'><strong>impiorum</strong></span> <span class='ocrx_word' id='word_1_94' title='bbox 1096 1490 1246 1544; x_wconf 90' lang='lat' dir='ltr'><strong>ruina</strong></span> <span class='ocrx_word' id='word_1_95' title='bbox 1307 1488 1527 1558; x_wconf 84' lang='lat' dir='ltr'><strong>insignis</strong></span> <span class='ocrx_word' id='word_1_96' title='bbox 1572 1502 1587 1539; x_wconf 91' lang='lat'><strong>:</strong></span> <span class='ocrx_word' id='word_1_97' title='bbox 1633 1500 1765 1555; x_wconf 88' lang='lat' dir='ltr'><strong>gau-</strong></span> 
     </span>
    </p>
   </div>
   <div class='ocr_carea' id='block_1_14' title="bbox 183 1577 1766 1651">
    <p class='ocr_par' dir='ltr' id='par_1_14' title="bbox 183 1577 1766 1651">
     <span class='ocr_line' id='line_1_14' title="bbox 183 1577 1766 1651; baseline -0.003 -16"><span class='ocrx_word' id='word_1_98' title='bbox 183 1582 327 1635; x_wconf 82' lang='lat' dir='ltr'><strong>dium</strong></span> <span class='ocrx_word' id='word_1_99' title='bbox 359 1598 488 1636; x_wconf 87' lang='lat' dir='ltr'><strong>vero</strong></span> <span class='ocrx_word' id='word_1_100' title='bbox 524 1581 824 1651; x_wconf 89' lang='lat' dir='ltr'><strong>iniquorum</strong></span> <span class='ocrx_word' id='word_1_101' title='bbox 856 1590 939 1635; x_wconf 90' lang='lat' dir='ltr'><strong>est</strong></span> <span class='ocrx_word' id='word_1_102' title='bbox 969 1580 1215 1651; x_wconf 87' lang='lat' dir='ltr'><strong>perditio.</strong></span> <span class='ocrx_word' id='word_1_103' title='bbox 1259 1580 1391 1633; x_wconf 80' lang='lat' dir='ltr'><strong>Cum</strong></span> <span class='ocrx_word' id='word_1_104' title='bbox 1418 1586 1594 1632; x_wconf 88' lang='lat' dir='ltr'><strong>autem</strong></span> <span class='ocrx_word' id='word_1_105' title='bbox 1624 1577 1766 1630; x_wconf 82' lang='lat' dir='ltr'><strong>visus</strong></span> 
     </span>
    </p>
   </div>
   <div class='ocr_carea' id='block_1_15' title="bbox 181 1667 1765 1743">
    <p class='ocr_par' dir='ltr' id='par_1_15' title="bbox 181 1667 1765 1743">
     <span class='ocr_line' id='line_1_15' title="bbox 181 1667 1765 1743; baseline -0.005 -15"><span class='ocrx_word' id='word_1_106' title='bbox 181 1674 341 1730; x_wconf 87' lang='lat' dir='ltr'><strong>fuerit</strong></span> <span class='ocrx_word' id='word_1_107' title='bbox 366 1676 474 1743; x_wconf 89' lang='lat' dir='ltr'><strong>jam</strong></span> <span class='ocrx_word' id='word_1_108' title='bbox 502 1674 743 1727; x_wconf 84' lang='lat' dir='ltr'><strong>firmatus</strong></span> <span class='ocrx_word' id='word_1_109' title='bbox 768 1689 906 1738; x_wconf 89' lang='lat' dir='ltr'><strong>esse,</strong></span> <span class='ocrx_word' id='word_1_110' title='bbox 922 1682 1055 1727; x_wconf 74' lang='lat' dir='ltr'><strong>tunc</strong></span> <span class='ocrx_word' id='word_1_111' title='bbox 1080 1674 1130 1725; x_wconf 93' lang='lat' dir='ltr'><strong>in</strong></span> <span class='ocrx_word' id='word_1_112' title='bbox 1155 1672 1314 1726; x_wconf 84' lang='lat' dir='ltr'><strong>finem</strong></span> <span class='ocrx_word' id='word_1_113' title='bbox 1339 1669 1551 1740; x_wconf 90' lang='lat' dir='ltr'><strong>peribit.</strong></span> <span class='ocrx_word' id='word_1_114' title='bbox 1585 1689 1603 1720; x_wconf 80' lang='grc'><strong>1</strong></span> <span class='ocrx_word' id='word_1_115' title='bbox 1630 1667 1765 1721; x_wconf 89' lang='lat' dir='ltr'><strong>Illud</strong></span> 
     </span>
    </p>
   </div>
   <div class='ocr_carea' id='block_1_16' title="bbox 181 1758 1761 1832">
    <p class='ocr_par' dir='ltr' id='par_1_16' title="bbox 181 1758 1761 1832">
     <span class='ocr_line' id='line_1_16' title="bbox 181 1758 1761 1832; baseline -0.005 -11"><span class='ocrx_word' id='word_1_116' title='bbox 181 1766 340 1821; x_wconf 89' lang='lat' dir='ltr'><strong>etiam</strong></span> <span class='ocrx_word' id='word_1_117' title='bbox 372 1784 386 1820; x_wconf 91' lang='lat'><strong>:</strong></span> <span class='ocrx_word' id='word_1_118' title='bbox 419 1783 438 1815; x_wconf 72' lang='grc' dir='ltr'>α</span> <span class='ocrx_word' id='word_1_119' title='bbox 471 1764 602 1818; x_wconf 90' lang='lat' dir='ltr'><strong>Ossa</strong></span> <span class='ocrx_word' id='word_1_120' title='bbox 634 1764 748 1832; x_wconf 83' lang='lat' dir='ltr'><strong>ejus</strong></span> <span class='ocrx_word' id='word_1_121' title='bbox 791 1763 1004 1832; x_wconf 90' lang='lat' dir='ltr'><strong>impleta</strong></span> <span class='ocrx_word' id='word_1_122' title='bbox 1046 1771 1169 1816; x_wconf 90' lang='lat' dir='ltr'><strong>sunt</strong></span> <span class='ocrx_word' id='word_1_123' title='bbox 1208 1762 1485 1830; x_wconf 90' lang='lat' dir='ltr'><strong>juventute</strong></span> <span class='ocrx_word' id='word_1_124' title='bbox 1522 1759 1660 1827; x_wconf 86' lang='lat' dir='ltr'><strong>ejus.</strong></span> <span class='ocrx_word' id='word_1_125' title='bbox 1705 1758 1761 1813; x_wconf 89' lang='lat' dir='ltr'><strong>Si</strong></span> 
     </span>
    </p>
   </div>
   <div class='ocr_carea' id='block_1_17' title="bbox 180 1849 1758 1922">
    <p class='ocr_par' dir='ltr' id='par_1_17' title="bbox 180 1849 1758 1922">
     <span class='ocr_line' id='line_1_17' title="bbox 180 1849 1758 1922; baseline -0.006 -12"><span class='ocrx_word' id='word_1_126' title='bbox 180 1856 442 1910; x_wconf 88' lang='lat' dir='ltr'><strong>dulcuerit</strong></span> <span class='ocrx_word' id='word_1_127' title='bbox 492 1854 547 1907; x_wconf 91' lang='lat' dir='ltr'><strong>in</strong></span> <span class='ocrx_word' id='word_1_128' title='bbox 598 1868 691 1906; x_wconf 91' lang='lat' dir='ltr'><strong>ore</strong></span> <span class='ocrx_word' id='word_1_129' title='bbox 733 1853 847 1922; x_wconf 87' lang='lat' dir='ltr'><strong>ejus</strong></span> <span class='ocrx_word' id='word_1_130' title='bbox 902 1853 1197 1921; x_wconf 75' lang='lat' dir='ltr'><strong>malignitas</strong></span> <span class='ocrx_word' id='word_1_131' title='bbox 1226 1893 1241 1914; x_wconf 94' lang='lat'><strong>,</strong></span> <span class='ocrx_word' id='word_1_132' title='bbox 1293 1849 1589 1903; x_wconf 87' lang='lat' dir='ltr'><strong>abscondet</strong></span> <span class='ocrx_word' id='word_1_133' title='bbox 1640 1861 1758 1901; x_wconf 91' lang='lat' dir='ltr'><strong>eam</strong></span> 
     </span>
    </p>
   </div>
   <div class='ocr_carea' id='block_1_18' title="bbox 181 1939 1764 2014">
    <p class='ocr_par' dir='ltr' id='par_1_18' title="bbox 181 1939 1764 2014">
     <span class='ocr_line' id='line_1_18' title="bbox 181 1939 1764 2014; baseline -0.004 -14"><span class='ocrx_word' id='word_1_134' title='bbox 181 1947 281 2001; x_wconf 86' lang='lat' dir='ltr'><strong>sub</strong></span> <span class='ocrx_word' id='word_1_135' title='bbox 312 1946 487 2014; x_wconf 80' lang='lat' dir='ltr'><strong>lingua</strong></span> <span class='ocrx_word' id='word_1_136' title='bbox 515 1960 631 1998; x_wconf 82' lang='lat' dir='ltr'><strong>sua.</strong></span> <span class='ocrx_word' id='word_1_137' title='bbox 681 1943 829 1997; x_wconf 88' lang='lat' dir='ltr'><strong>Sicut</strong></span> <span class='ocrx_word' id='word_1_138' title='bbox 860 1944 925 1997; x_wconf 90' lang='lat' dir='ltr'><strong>fel</strong></span> <span class='ocrx_word' id='word_1_139' title='bbox 955 1942 1152 2013; x_wconf 89' lang='lat' dir='ltr'><strong>aspidis</strong></span> <span class='ocrx_word' id='word_1_140' title='bbox 1193 1943 1244 1995; x_wconf 93' lang='lat' dir='ltr'><strong>iu</strong></span> <span class='ocrx_word' id='word_1_141' title='bbox 1273 1950 1459 1995; x_wconf 84' lang='lat' dir='ltr'><strong>ventre</strong></span> <span class='ocrx_word' id='word_1_142' title='bbox 1500 1940 1615 2009; x_wconf 85' lang='lat' dir='ltr'><strong>ejus</strong></span> <span class='ocrx_word' id='word_1_143' title='bbox 1639 1981 1653 2004; x_wconf 90' lang='lat'><strong>,</strong></span> <span class='ocrx_word' id='word_1_144' title='bbox 1686 1939 1764 1993; x_wconf 91' lang='lat' dir='ltr'><strong>sic</strong></span> 
     </span>
    </p>
   </div>
   <div class='ocr_carea' id='block_1_19' title="bbox 183 2032 1767 2108">
    <p class='ocr_par' dir='ltr' id='par_1_19' title="bbox 183 2032 1767 2108">
     <span class='ocr_line' id='line_1_19' title="bbox 183 2032 1767 2108; baseline -0.003 -16"><span class='ocrx_word' id='word_1_145' title='bbox 183 2039 383 2093; x_wconf 73' lang='lat' dir='ltr'><strong>divitiae</strong></span> <span class='ocrx_word' id='word_1_146' title='bbox 431 2039 615 2108; x_wconf 87' lang='lat' dir='ltr'><strong>inique</strong></span> <span class='ocrx_word' id='word_1_147' title='bbox 656 2045 989 2106; x_wconf 66' lang='lat' dir='ltr'><strong>congregatae</strong></span> <span class='ocrx_word' id='word_1_148' title='bbox 1028 2042 1364 2088; x_wconf 87' lang='lat' dir='ltr'><strong>evomentur.</strong></span> <span class='ocrx_word' id='word_1_149' title='bbox 1406 2032 1461 2087; x_wconf 94' lang='lat' dir='ltr'><strong>In</strong></span> <span class='ocrx_word' id='word_1_150' title='bbox 1490 2049 1685 2086; x_wconf 88' lang='lat' dir='ltr'><strong>vanum</strong></span> <span class='ocrx_word' id='word_1_151' title='bbox 1712 2040 1767 2087; x_wconf 90' lang='lat' dir='ltr'><strong>et</strong></span> 
     </span>
    </p>
   </div>
   <div class='ocr_carea' id='block_1_20' title="bbox 182 2126 1766 2198">
    <p class='ocr_par' dir='ltr' id='par_1_20' title="bbox 182 2126 1766 2198">
     <span class='ocr_line' id='line_1_20' title="bbox 182 2126 1766 2198; baseline -0.003 -15"><span class='ocrx_word' id='word_1_152' title='bbox 182 2130 376 2185; x_wconf 88' lang='lat' dir='ltr'><strong>frustra</strong></span> <span class='ocrx_word' id='word_1_153' title='bbox 407 2130 683 2193; x_wconf 85' lang='lat' dir='ltr'><strong>laboravit,</strong></span> <span class='ocrx_word' id='word_1_154' title='bbox 710 2128 964 2198; x_wconf 80' lang='lat' dir='ltr'><strong>colligens</strong></span> <span class='ocrx_word' id='word_1_155' title='bbox 988 2127 1201 2180; x_wconf 84' lang='lat' dir='ltr'><strong>divitias</strong></span> <span class='ocrx_word' id='word_1_156' title='bbox 1224 2142 1288 2180; x_wconf 90' lang='lat' dir='ltr'><strong>ex</strong></span> <span class='ocrx_word' id='word_1_157' title='bbox 1319 2126 1511 2195; x_wconf 88' lang='lat' dir='ltr'><strong>quibus</strong></span> <span class='ocrx_word' id='word_1_158' title='bbox 1537 2141 1640 2179; x_wconf 89' lang='lat' dir='ltr'><strong>non</strong></span> <span class='ocrx_word' id='word_1_159' title='bbox 1669 2140 1766 2194; x_wconf 84' lang='lat' dir='ltr'><strong>gu-</strong></span> 
     </span>
    </p>
   </div>
   <div class='ocr_carea' id='block_1_21' title="bbox 181 2219 1759 2289">
    <p class='ocr_par' dir='ltr' id='par_1_21' title="bbox 181 2219 1759 2289">
     <span class='ocr_line' id='line_1_21' title="bbox 181 2219 1759 2289; baseline -0.002 -14"><span class='ocrx_word' id='word_1_160' title='bbox 181 2223 358 2276; x_wconf 81' lang='lat' dir='ltr'><strong>stabit.</strong></span> <span class='ocrx_word' id='word_1_161' title='bbox 396 2222 679 2276; x_wconf 77' lang='lat' dir='ltr'><strong>Multorum</strong></span> <span class='ocrx_word' id='word_1_162' title='bbox 706 2221 845 2274; x_wconf 79' lang='lat' dir='ltr'><strong>enim</strong></span> <span class='ocrx_word' id='word_1_163' title='bbox 877 2219 1246 2289; x_wconf 84' lang='lat' dir='ltr'><strong>impotentium</strong></span> <span class='ocrx_word' id='word_1_164' title='bbox 1274 2219 1463 2272; x_wconf 89' lang='lat' dir='ltr'><strong>domos</strong></span> <span class='ocrx_word' id='word_1_165' title='bbox 1488 2220 1759 2272; x_wconf 85' lang='lat' dir='ltr'><strong>contrivit.</strong></span> 
     </span>
    </p>
   </div>
   <div class='ocr_carea' id='block_1_22' title="bbox 183 2313 1764 2381">
    <p class='ocr_par' dir='ltr' id='par_1_22' title="bbox 183 2313 1764 2381">
     <span class='ocr_line' id='line_1_22' title="bbox 183 2313 1764 2381; baseline -0.001 -15"><span class='ocrx_word' id='word_1_166' title='bbox 183 2313 438 2367; x_wconf 68' lang='lat' dir='ltr'><strong>Vulnerct</strong></span> <span class='ocrx_word' id='word_1_167' title='bbox 466 2329 588 2367; x_wconf 86' lang='lat' dir='ltr'><strong>eum</strong></span> <span class='ocrx_word' id='word_1_168' title='bbox 615 2328 772 2367; x_wconf 87' lang='lat' dir='ltr'><strong>arcus</strong></span> <span class='ocrx_word' id='word_1_169' title='bbox 797 2326 988 2377; x_wconf 66' lang='lat' dir='ltr'><strong>aereus,</strong></span> <span class='ocrx_word' id='word_1_170' title='bbox 1018 2320 1073 2366; x_wconf 90' lang='lat' dir='ltr'><strong>et</strong></span> <span class='ocrx_word' id='word_1_171' title='bbox 1099 2320 1429 2381; x_wconf 79' lang='lat' dir='ltr'><strong>pertranseat</strong></span> <span class='ocrx_word' id='word_1_172' title='bbox 1457 2326 1549 2379; x_wconf 89' lang='lat' dir='ltr'><strong>per</strong></span> <span class='ocrx_word' id='word_1_173' title='bbox 1572 2325 1764 2378; x_wconf 88' lang='lat' dir='ltr'><strong>corpus</strong></span> 
     </span>
    </p>
   </div>
   <div class='ocr_carea' id='block_1_23' title="bbox 181 2402 1755 2476">
    <p class='ocr_par' dir='ltr' id='par_1_23' title="bbox 181 2402 1755 2476">
     <span class='ocr_line' id='line_1_23' title="bbox 181 2402 1755 2476; baseline -0.002 -19"><span class='ocrx_word' id='word_1_174' title='bbox 181 2405 296 2476; x_wconf 80' lang='lat' dir='ltr'><strong>ejus</strong></span> <span class='ocrx_word' id='word_1_175' title='bbox 315 2406 569 2474; x_wconf 86' lang='lat' dir='ltr'><strong>jaculum.</strong></span> <span class='ocrx_word' id='word_1_176' title='bbox 600 2405 755 2459; x_wconf 87' lang='lat' dir='ltr'><strong>Astra</strong></span> <span class='ocrx_word' id='word_1_177' title='bbox 779 2413 955 2457; x_wconf 79' lang='lat' dir='ltr'><strong>autem</strong></span> <span class='ocrx_word' id='word_1_178' title='bbox 982 2403 1032 2457; x_wconf 91' lang='lat' dir='ltr'><strong>in</strong></span> <span class='ocrx_word' id='word_1_179' title='bbox 1060 2402 1411 2456; x_wconf 83' lang='lat' dir='ltr'><strong>tabernaculis</strong></span> <span class='ocrx_word' id='word_1_180' title='bbox 1431 2402 1546 2469; x_wconf 89' lang='lat' dir='ltr'><strong>ejus</strong></span> <span class='ocrx_word' id='word_1_181' title='bbox 1567 2402 1755 2455; x_wconf 90' lang='lat' dir='ltr'><strong>ambu-</strong></span> 
     </span>
    </p>
   </div>
   <div class='ocr_carea' id='block_1_24' title="bbox 181 2493 1755 2565">
    <p class='ocr_par' dir='ltr' id='par_1_24' title="bbox 181 2493 1755 2565">
     <span class='ocr_line' id='line_1_24' title="bbox 181 2493 1755 2565; baseline -0.004 -15"><span class='ocrx_word' id='word_1_182' title='bbox 181 2498 383 2550; x_wconf 87' lang='lat' dir='ltr'><strong>labunt.</strong></span> <span class='ocrx_word' id='word_1_183' title='bbox 419 2497 541 2550; x_wconf 69' lang='lat' dir='ltr'><strong>llmc</strong></span> <span class='ocrx_word' id='word_1_184' title='bbox 570 2517 587 2548; x_wconf 78' lang='grc'><strong>1</strong></span> <span class='ocrx_word' id='word_1_185' title='bbox 610 2497 752 2550; x_wconf 82' lang='lat' dir='ltr'><strong>enim</strong></span> <span class='ocrx_word' id='word_1_186' title='bbox 779 2513 797 2546; x_wconf 74' lang='grc'><strong>1</strong></span> <span class='ocrx_word' id='word_1_187' title='bbox 827 2506 903 2548; x_wconf 85' lang='lat' dir='ltr'><strong>est</strong></span> <span class='ocrx_word' id='word_1_188' title='bbox 931 2495 1110 2565; x_wconf 88' lang='lat' dir='ltr'><strong>portio</strong></span> <span class='ocrx_word' id='word_1_189' title='bbox 1134 2494 1230 2547; x_wconf 88' lang='lat' dir='ltr'><strong>viri</strong></span> <span class='ocrx_word' id='word_1_190' title='bbox 1262 2494 1403 2561; x_wconf 87' lang='lat' dir='ltr'><strong>impii</strong></span> <span class='ocrx_word' id='word_1_191' title='bbox 1429 2510 1455 2544; x_wconf 89' lang='lat' dir='ltr'><strong>a</strong></span> <span class='ocrx_word' id='word_1_192' title='bbox 1481 2493 1709 2546; x_wconf 89' lang='lat' dir='ltr'><strong>Domino</strong></span> <span class='ocrx_word' id='word_1_193' title='bbox 1737 2511 1755 2543; x_wconf 77' lang='grc'><strong>1</strong></span> 
     </span>
    </p>
   </div>
   <div class='ocr_carea' id='block_1_25' title="bbox 178 2584 1759 2659">
    <p class='ocr_par' dir='ltr' id='par_1_25' title="bbox 178 2584 1759 2659">
     <span class='ocr_line' id='line_1_25' title="bbox 178 2584 1759 2659; baseline -0.003 -17"><span class='ocrx_word' id='word_1_194' title='bbox 178 2588 330 2659; x_wconf 90' lang='lat' dir='ltr'><strong>(Cap.</strong></span> <span class='ocrx_word' id='word_1_195' title='bbox 353 2588 443 2642; x_wconf 89' lang='grc'><strong>20.</strong></span> <span class='ocrx_word' id='word_1_196' title='bbox 462 2606 509 2641; x_wconf 82' lang='grc' dir='ltr'><strong>υ.</strong></span> <span class='ocrx_word' id='word_1_197' title='bbox 532 2588 587 2643; x_wconf 86' lang='grc'><strong>2.</strong></span> <span class='ocrx_word' id='word_1_198' title='bbox 607 2589 661 2642; x_wconf 92' lang='grc'><strong>5.</strong></span> <span class='ocrx_word' id='word_1_199' title='bbox 685 2587 950 2642; x_wconf 88' lang='grc'><strong>7.11.12.</strong></span> <span class='ocrx_word' id='word_1_200' title='bbox 980 2586 1395 2641; x_wconf 71' lang='grc'><strong>14.15.18.19.</strong></span> <span class='ocrx_word' id='word_1_201' title='bbox 1417 2585 1505 2639; x_wconf 80' lang='grc'><strong>21.</strong></span> <span class='ocrx_word' id='word_1_202' title='bbox 1527 2585 1617 2639; x_wconf 87' lang='grc'><strong>25.</strong></span> <span class='ocrx_word' id='word_1_203' title='bbox 1645 2584 1759 2657; x_wconf 85' lang='grc'><strong>29).</strong></span> 
     </span>
    </p>
   </div>
   <div class='ocr_carea' id='block_1_26' title="bbox 250 2680 1757 2752">
    <p class='ocr_par' dir='ltr' id='par_1_26' title="bbox 250 2680 1757 2752">
     <span class='ocr_line' id='line_1_26' title="bbox 250 2680 1757 2752; baseline -0.003 -15"><span class='ocrx_word' id='word_1_204' title='bbox 250 2682 492 2738; x_wconf 80' lang='lat' dir='ltr'><strong>Secunda</strong></span> <span class='ocrx_word' id='word_1_205' title='bbox 552 2682 830 2752; x_wconf 86' lang='lat' dir='ltr'><strong>responsio</strong></span> <span class='ocrx_word' id='word_1_206' title='bbox 873 2681 991 2735; x_wconf 88' lang='lat' dir='ltr'><strong>Jobi</strong></span> <span class='ocrx_word' id='word_1_207' title='bbox 1047 2680 1115 2735; x_wconf 87' lang='lat' dir='ltr'><strong>ad</strong></span> <span class='ocrx_word' id='word_1_208' title='bbox 1160 2680 1369 2749; x_wconf 88' lang='lat' dir='ltr'><strong>Sophar</strong></span> <span class='ocrx_word' id='word_1_209' title='bbox 1416 2698 1427 2732; x_wconf 94' lang='lat'>:</span> <span class='ocrx_word' id='word_1_210' title='bbox 1481 2698 1501 2731; x_wconf 71' lang='grc' dir='ltr'><strong><em>ι</em></strong></span> <span class='ocrx_word' id='word_1_211' title='bbox 1540 2680 1757 2745; x_wconf 86' lang='lat' dir='ltr'><strong>Audite,</strong></span> 
     </span>
    </p>
   </div>
   <div class='ocr_carea' id='block_1_27' title="bbox 174 2772 1759 2835">
    <p class='ocr_par' dir='ltr' id='par_1_27' title="bbox 174 2772 1759 2835">
     <span class='ocr_line' id='line_1_27' title="bbox 174 2772 1759 2835; baseline -0.004 -6"><span class='ocrx_word' id='word_1_212' title='bbox 174 2776 361 2830; x_wconf 84' lang='lat' dir='ltr'><strong>audite</strong></span> <span class='ocrx_word' id='word_1_213' title='bbox 385 2775 549 2830; x_wconf 84' lang='lat' dir='ltr'><strong>verba</strong></span> <span class='ocrx_word' id='word_1_214' title='bbox 572 2791 711 2835; x_wconf 83' lang='lat' dir='ltr'><strong>mea,</strong></span> <span class='ocrx_word' id='word_1_215' title='bbox 742 2783 798 2828; x_wconf 89' lang='lat' dir='ltr'><strong>ttt</strong></span> <span class='ocrx_word' id='word_1_216' title='bbox 824 2774 895 2827; x_wconf 88' lang='lat' dir='ltr'><strong>sit</strong></span> <span class='ocrx_word' id='word_1_217' title='bbox 926 2774 1054 2827; x_wconf 88' lang='lat' dir='ltr'><strong>mihi</strong></span> <span class='ocrx_word' id='word_1_218' title='bbox 1080 2773 1375 2827; x_wconf 74' lang='lat' dir='ltr'><strong>consolatio</strong></span> <span class='ocrx_word' id='word_1_219' title='bbox 1403 2787 1509 2825; x_wconf 92' lang='lat' dir='ltr'><strong>non</strong></span> <span class='ocrx_word' id='word_1_220' title='bbox 1528 2788 1557 2825; x_wconf 91' lang='lat' dir='ltr'><strong>a</strong></span> <span class='ocrx_word' id='word_1_221' title='bbox 1587 2772 1759 2825; x_wconf 74' lang='lat' dir='ltr'><strong>vobis.</strong></span> 
     </span>
    </p>
   </div>
   <div class='ocr_carea' id='block_1_28' title="bbox 178 2864 1764 2934">
    <p class='ocr_par' dir='ltr' id='par_1_28' title="bbox 178 2864 1764 2934">
     <span class='ocr_line' id='line_1_28' title="bbox 178 2864 1764 2934; baseline -0.001 -14"><span class='ocrx_word' id='word_1_222' title='bbox 178 2867 321 2933; x_wconf 83' lang='lat' dir='ltr'><strong>Quid</strong></span> <span class='ocrx_word' id='word_1_223' title='bbox 376 2865 850 2934; x_wconf 70' lang='lat' dir='ltr'><strong>enitnanmtptid</strong></span> <span class='ocrx_word' id='word_1_224' title='bbox 886 2880 1008 2919; x_wconf 89' lang='lat' dir='ltr'><strong>cum</strong></span> <span class='ocrx_word' id='word_1_225' title='bbox 1069 2864 1285 2919; x_wconf 89' lang='lat' dir='ltr'><strong>homine</strong></span> <span class='ocrx_word' id='word_1_226' title='bbox 1336 2873 1419 2918; x_wconf 91' lang='lat' dir='ltr'><strong>est</strong></span> <span class='ocrx_word' id='word_1_227' title='bbox 1460 2864 1764 2933; x_wconf 86' lang='lat' dir='ltr'><strong>redargntio</strong></span> 
     </span>
    </p>
   </div>
   <div class='ocr_carea' id='block_1_29' title="bbox 176 2957 1764 3028">
    <p class='ocr_par' dir='ltr' id='par_1_29' title="bbox 176 2957 1764 3028">
     <span class='ocr_line' id='line_1_29' title="bbox 176 2957 1764 3028; baseline -0.001 -14"><span class='ocrx_word' id='word_1_228' title='bbox 176 2961 340 3014; x_wconf 79' lang='lat' dir='ltr'><strong>mea?</strong></span> <span class='ocrx_word' id='word_1_229' title='bbox 366 2959 541 3026; x_wconf 82' lang='lat' dir='ltr'><strong>Quare</strong></span> <span class='ocrx_word' id='word_1_230' title='bbox 572 2959 716 3028; x_wconf 89' lang='lat' dir='ltr'><strong>impii</strong></span> <span class='ocrx_word' id='word_1_231' title='bbox 738 2959 942 3022; x_wconf 90' lang='lat' dir='ltr'><strong>vivunt,</strong></span> <span class='ocrx_word' id='word_1_232' title='bbox 971 2967 1367 3027; x_wconf 85' lang='lat' dir='ltr'><strong>senueruntque</strong></span> <span class='ocrx_word' id='word_1_233' title='bbox 1409 2958 1459 3010; x_wconf 89' lang='lat' dir='ltr'><strong>in</strong></span> <span class='ocrx_word' id='word_1_234' title='bbox 1488 2957 1687 3011; x_wconf 80' lang='lat' dir='ltr'><strong>divitiis</strong></span> <span class='ocrx_word' id='word_1_235' title='bbox 1710 2968 1764 3012; x_wconf 88' lang='lat' dir='ltr'><strong>et</strong></span> 
     </span>
    </p>
   </div>
   <div class='ocr_carea' id='block_1_30' title="bbox 176 3050 1757 3123">
    <p class='ocr_par' dir='ltr' id='par_1_30' title="bbox 176 3050 1757 3123">
     <span class='ocr_line' id='line_1_30' title="bbox 176 3050 1757 3123; baseline -0.003 -17"><span class='ocrx_word' id='word_1_236' title='bbox 176 3052 581 3123; x_wconf 81' lang='lat' dir='ltr'><strong>prosperitate?</strong></span> <span class='ocrx_word' id='word_1_237' title='bbox 617 3051 769 3107; x_wconf 88' lang='lat' dir='ltr'><strong>Salva</strong></span> <span class='ocrx_word' id='word_1_238' title='bbox 814 3051 985 3105; x_wconf 85' lang='lat' dir='ltr'><strong>evasit</strong></span> <span class='ocrx_word' id='word_1_239' title='bbox 1035 3065 1317 3120; x_wconf 65' lang='lat' dir='ltr'><strong>pratgnans</strong></span> <span class='ocrx_word' id='word_1_240' title='bbox 1371 3050 1508 3120; x_wconf 91' lang='lat' dir='ltr'><strong>apud</strong></span> <span class='ocrx_word' id='word_1_241' title='bbox 1560 3050 1696 3104; x_wconf 91' lang='lat' dir='ltr'><strong>illos.</strong></span> <span class='ocrx_word' id='word_1_242' title='bbox 1738 3068 1757 3101; x_wconf 84' lang='grc'><strong>1</strong></span> 
     </span>
    </p>
   </div>
   <div class='ocr_carea' id='block_1_31' title="bbox 176 3143 1764 3211">
    <p class='ocr_par' dir='ltr' id='par_1_31' title="bbox 176 3143 1764 3211">
     <span class='ocr_line' id='line_1_31' title="bbox 176 3143 1764 3211; baseline -0.003 -12"><span class='ocrx_word' id='word_1_243' title='bbox 176 3143 277 3199; x_wconf 87' lang='lat' dir='ltr'><strong>Ubi</strong></span> <span class='ocrx_word' id='word_1_244' title='bbox 300 3161 320 3193; x_wconf 73' lang='grc' dir='ltr'><strong>ε</strong></span> <span class='ocrx_word' id='word_1_245' title='bbox 353 3143 493 3197; x_wconf 86' lang='lat' dir='ltr'><strong>Dicit</strong></span> <span class='ocrx_word' id='word_1_246' title='bbox 523 3162 542 3193; x_wconf 77' lang='grc'><strong>1</strong></span> <span class='ocrx_word' id='word_1_247' title='bbox 561 3143 747 3211; x_wconf 70' lang='lat' dir='ltr'><strong>irnpius</strong></span> <span class='ocrx_word' id='word_1_248' title='bbox 770 3161 791 3194; x_wconf 72' lang='grc' dir='ltr'>ι</span> <span class='ocrx_word' id='word_1_249' title='bbox 822 3143 1076 3196; x_wconf 89' lang='lat' dir='ltr'><strong>Domino:</strong></span> <span class='ocrx_word' id='word_1_250' title='bbox 1101 3143 1311 3197; x_wconf 80' lang='lat' dir='ltr'><strong>Recede</strong></span> <span class='ocrx_word' id='word_1_251' title='bbox 1332 3158 1361 3195; x_wconf 92' lang='lat' dir='ltr'><strong>a</strong></span> <span class='ocrx_word' id='word_1_252' title='bbox 1380 3158 1485 3199; x_wconf 83' lang='lat' dir='ltr'><strong>me.</strong></span> <span class='ocrx_word' id='word_1_253' title='bbox 1514 3143 1623 3196; x_wconf 80' lang='lat' dir='ltr'><strong>vias</strong></span> <span class='ocrx_word' id='word_1_254' title='bbox 1649 3151 1764 3195; x_wconf 83' lang='lat' dir='ltr'><strong>tuas</strong></span> 
     </span>
    </p>
   </div>
   <div class='ocr_carea' id='block_1_32' title="bbox 174 3235 1765 3305">
    <p class='ocr_par' dir='ltr' id='par_1_32' title="bbox 174 3235 1765 3305">
     <span class='ocr_line' id='line_1_32' title="bbox 174 3235 1765 3305; baseline -0.002 -14"><span class='ocrx_word' id='word_1_255' title='bbox 174 3237 318 3291; x_wconf 85' lang='lat' dir='ltr'><strong>scire</strong></span> <span class='ocrx_word' id='word_1_256' title='bbox 349 3236 495 3289; x_wconf 91' lang='lat' dir='ltr'><strong>nolo.</strong></span> <span class='ocrx_word' id='word_1_257' title='bbox 546 3235 675 3301; x_wconf 86' lang='lat' dir='ltr'><strong>Quis</strong></span> <span class='ocrx_word' id='word_1_258' title='bbox 724 3244 805 3290; x_wconf 91' lang='lat' dir='ltr'><strong>est</strong></span> <span class='ocrx_word' id='word_1_259' title='bbox 845 3236 935 3289; x_wconf 88' lang='lat' dir='ltr'><strong>ille</strong></span> <span class='ocrx_word' id='word_1_260' title='bbox 980 3246 1187 3305; x_wconf 90' lang='lat' dir='ltr'><strong>potens,</strong></span> <span class='ocrx_word' id='word_1_261' title='bbox 1217 3236 1336 3304; x_wconf 88' lang='lat' dir='ltr'><strong>quia</strong></span> <span class='ocrx_word' id='word_1_262' title='bbox 1360 3235 1651 3289; x_wconf 88' lang='lat' dir='ltr'><strong>serviemus</strong></span> <span class='ocrx_word' id='word_1_263' title='bbox 1672 3236 1765 3289; x_wconf 85' lang='lat' dir='ltr'><strong>ei?</strong></span> 
     </span>
    </p>
   </div>
   <div class='ocr_carea' id='block_1_33' title="bbox 175 3326 1762 3397">
    <p class='ocr_par' dir='ltr' id='par_1_33' title="bbox 175 3326 1762 3397">
     <span class='ocr_line' id='line_1_33' title="bbox 175 3326 1762 3397; baseline -0.001 -16"><span class='ocrx_word' id='word_1_264' title='bbox 175 3329 371 3381; x_wconf 81' lang='lat' dir='ltr'><strong>Annon</strong></span> <span class='ocrx_word' id='word_1_265' title='bbox 404 3327 657 3380; x_wconf 88' lang='lat' dir='ltr'><strong>Dominus</strong></span> <span class='ocrx_word' id='word_1_266' title='bbox 689 3337 792 3393; x_wconf 84' lang='lat' dir='ltr'><strong>est,</strong></span> <span class='ocrx_word' id='word_1_267' title='bbox 822 3328 911 3397; x_wconf 91' lang='lat' dir='ltr'><strong>qui</strong></span> <span class='ocrx_word' id='word_1_268' title='bbox 956 3327 1115 3381; x_wconf 84' lang='lat' dir='ltr'><strong>docet</strong></span> <span class='ocrx_word' id='word_1_269' title='bbox 1146 3326 1471 3380; x_wconf 90' lang='lat' dir='ltr'><strong>intellectum</strong></span> <span class='ocrx_word' id='word_1_270' title='bbox 1502 3336 1557 3380; x_wconf 92' lang='lat' dir='ltr'><strong>et</strong></span> <span class='ocrx_word' id='word_1_271' title='bbox 1587 3328 1762 3380; x_wconf 86' lang='lat' dir='ltr'><strong>scien-</strong></span> 
     </span>
    </p>
   </div>
   <div class='ocr_carea' id='block_1_34' title="bbox 180 3419 1765 3490">
    <p class='ocr_par' dir='ltr' id='par_1_34' title="bbox 180 3419 1765 3490">
     <span class='ocr_line' id='line_1_34' title="bbox 180 3419 1765 3490; baseline 0 -16"><span class='ocrx_word' id='word_1_272' title='bbox 180 3422 311 3475; x_wconf 88' lang='lat' dir='ltr'><strong>tiam</strong></span> <span class='ocrx_word' id='word_1_273' title='bbox 337 3420 362 3472; x_wconf 79' lang='lat' dir='ltr'><strong>‘l</strong></span> <span class='ocrx_word' id='word_1_274' title='bbox 393 3421 509 3490; x_wconf 87' lang='lat' dir='ltr'><strong>Ipse</strong></span> <span class='ocrx_word' id='word_1_275' title='bbox 533 3437 660 3475; x_wconf 89' lang='lat' dir='ltr'><strong>vero</strong></span> <span class='ocrx_word' id='word_1_276' title='bbox 719 3420 932 3475; x_wconf 90' lang='lat' dir='ltr'><strong>labores</strong></span> <span class='ocrx_word' id='word_1_277' title='bbox 967 3420 1244 3488; x_wconf 84' lang='lat' dir='ltr'><strong>dijudicat.</strong></span> <span class='ocrx_word' id='word_1_278' title='bbox 1292 3419 1473 3488; x_wconf 90' lang='lat' dir='ltr'><strong>Itaque</strong></span> <span class='ocrx_word' id='word_1_279' title='bbox 1516 3421 1628 3473; x_wconf 91' lang='lat' dir='ltr'><strong>scio</strong></span> <span class='ocrx_word' id='word_1_280' title='bbox 1670 3435 1765 3474; x_wconf 77' lang='lat' dir='ltr'><strong>vos</strong></span> 
     </span>
    </p>
   </div>
   <div class='ocr_carea' id='block_1_35' title="bbox 177 3511 1763 3577">
    <p class='ocr_par' dir='ltr' id='par_1_35' title="bbox 177 3511 1763 3577">
     <span class='ocr_line' id='line_1_35' title="bbox 177 3511 1763 3577; baseline -0.001 -11"><span class='ocrx_word' id='word_1_281' title='bbox 177 3513 432 3567; x_wconf 86' lang='lat' dir='ltr'><strong>audacter</strong></span> <span class='ocrx_word' id='word_1_282' title='bbox 461 3514 588 3567; x_wconf 91' lang='lat' dir='ltr'><strong>mihi</strong></span> <span class='ocrx_word' id='word_1_283' title='bbox 619 3514 884 3567; x_wconf 89' lang='lat' dir='ltr'><strong>insistere.</strong></span> <span class='ocrx_word' id='word_1_284' title='bbox 929 3532 947 3564; x_wconf 77' lang='grc'><strong>1</strong></span> <span class='ocrx_word' id='word_1_285' title='bbox 983 3513 1108 3566; x_wconf 88' lang='lat' dir='ltr'><strong>Item</strong></span> <span class='ocrx_word' id='word_1_286' title='bbox 1132 3512 1295 3577; x_wconf 89' lang='lat' dir='ltr'><strong>illud,</strong></span> <span class='ocrx_word' id='word_1_287' title='bbox 1345 3530 1364 3562; x_wconf 84' lang='grc'><strong><em>‹</em></strong></span> <span class='ocrx_word' id='word_1_288' title='bbox 1406 3511 1503 3566; x_wconf 93' lang='lat' dir='ltr'><strong>Ubi</strong></span> <span class='ocrx_word' id='word_1_289' title='bbox 1555 3520 1637 3565; x_wconf 71' lang='lat' dir='ltr'><strong>est</strong></span> <span class='ocrx_word' id='word_1_290' title='bbox 1665 3511 1763 3565; x_wconf 88' lang='lat' dir='ltr'><strong>do-</strong></span> 
     </span>
    </p>
   </div>
   <div class='ocr_carea' id='block_1_36' title="bbox 178 3604 1763 3675">
    <p class='ocr_par' dir='ltr' id='par_1_36' title="bbox 178 3604 1763 3675">
     <span class='ocr_line' id='line_1_36' title="bbox 178 3604 1763 3675; baseline -0.002 -15"><span class='ocrx_word' id='word_1_291' title='bbox 178 3622 301 3661; x_wconf 90' lang='lat' dir='ltr'><strong>mus</strong></span> <span class='ocrx_word' id='word_1_292' title='bbox 329 3606 658 3675; x_wconf 84' lang='lat' dir='ltr'><strong>principum?</strong></span> <span class='ocrx_word' id='word_1_293' title='bbox 686 3605 741 3659; x_wconf 93' lang='lat' dir='ltr'><strong>In</strong></span> <span class='ocrx_word' id='word_1_294' title='bbox 770 3605 917 3659; x_wconf 88' lang='lat' dir='ltr'><strong>diem</strong></span> <span class='ocrx_word' id='word_1_295' title='bbox 941 3604 1254 3674; x_wconf 87' lang='lat' dir='ltr'><strong>perditionis</strong></span> <span class='ocrx_word' id='word_1_296' title='bbox 1276 3606 1581 3658; x_wconf 85' lang='lat' dir='ltr'><strong>sublevatur</strong></span> <span class='ocrx_word' id='word_1_297' title='bbox 1607 3605 1763 3657; x_wconf 88' lang='lat' dir='ltr'><strong>mali-</strong></span> 
     </span>
    </p>
   </div>
   <div class='ocr_carea' id='block_1_37' title="bbox 177 3696 1762 3769">
    <p class='ocr_par' dir='ltr' id='par_1_37' title="bbox 177 3696 1762 3769">
     <span class='ocr_line' id='line_1_37' title="bbox 177 3696 1762 3769; baseline -0.002 -18"><span class='ocrx_word' id='word_1_298' title='bbox 177 3714 317 3769; x_wconf 84' lang='lat' dir='ltr'><strong>gnus</strong></span> <span class='ocrx_word' id='word_1_299' title='bbox 340 3716 362 3750; x_wconf 77' lang='grc' dir='ltr'>ς</span> <span class='ocrx_word' id='word_1_300' title='bbox 388 3706 441 3752; x_wconf 92' lang='lat' dir='ltr'><strong>et</strong></span> <span class='ocrx_word' id='word_1_301' title='bbox 472 3707 588 3766; x_wconf 83' lang='lat' dir='ltr'><strong>post</strong></span> <span class='ocrx_word' id='word_1_302' title='bbox 618 3699 762 3752; x_wconf 92' lang='lat' dir='ltr'><strong>illum</strong></span> <span class='ocrx_word' id='word_1_303' title='bbox 794 3698 965 3751; x_wconf 90' lang='lat' dir='ltr'><strong>omnis</strong></span> <span class='ocrx_word' id='word_1_304' title='bbox 987 3697 1147 3757; x_wconf 89' lang='lat' dir='ltr'><strong>homo</strong></span> <span class='ocrx_word' id='word_1_305' title='bbox 1176 3697 1343 3751; x_wconf 90' lang='lat' dir='ltr'><strong>abibit</strong></span> <span class='ocrx_word' id='word_1_306' title='bbox 1374 3715 1392 3748; x_wconf 81' lang='grc'><strong>1</strong></span> <span class='ocrx_word' id='word_1_307' title='bbox 1423 3696 1570 3767; x_wconf 85' lang='lat' dir='ltr'><strong>(Cap.</strong></span> <span class='ocrx_word' id='word_1_308' title='bbox 1593 3696 1682 3750; x_wconf 87' lang='grc'><strong>21.</strong></span> <span class='ocrx_word' id='word_1_309' title='bbox 1716 3714 1762 3749; x_wconf 89' lang='lat' dir='ltr'><strong>v.</strong></span> 
     </span>
    </p>
   </div>
   <div class='ocr_carea' id='block_1_38' title="bbox 175 3786 1368 3859">
    <p class='ocr_par' dir='ltr' id='par_1_38' title="bbox 175 3786 1368 3859">
     <span class='ocr_line' id='line_1_38' title="bbox 175 3786 1368 3859; baseline -0.003 -15"><span class='ocrx_word' id='word_1_310' title='bbox 175 3791 232 3844; x_wconf 90' lang='grc'><strong>2.</strong></span> <span class='ocrx_word' id='word_1_311' title='bbox 268 3792 321 3844; x_wconf 81' lang='grc'><strong>4.</strong></span> <span class='ocrx_word' id='word_1_312' title='bbox 356 3790 409 3844; x_wconf 91' lang='grc'><strong>7.</strong></span> <span class='ocrx_word' id='word_1_313' title='bbox 446 3790 530 3844; x_wconf 90' lang='grc'><strong>10.</strong></span> <span class='ocrx_word' id='word_1_314' title='bbox 565 3790 651 3843; x_wconf 67' lang='grc'><strong>11.</strong></span> <span class='ocrx_word' id='word_1_315' title='bbox 678 3791 763 3843; x_wconf 90' lang='grc'><strong>15.</strong></span> <span class='ocrx_word' id='word_1_316' title='bbox 785 3788 875 3841; x_wconf 86' lang='grc'><strong>22.</strong></span> <span class='ocrx_word' id='word_1_317' title='bbox 904 3788 994 3841; x_wconf 87' lang='grc'><strong>27.</strong></span> <span class='ocrx_word' id='word_1_318' title='bbox 1022 3789 1111 3843; x_wconf 92' lang='grc'><strong>28.</strong></span> <span class='ocrx_word' id='word_1_319' title='bbox 1135 3789 1222 3843; x_wconf 86' lang='grc'><strong>50.</strong></span> <span class='ocrx_word' id='word_1_320' title='bbox 1257 3786 1368 3859; x_wconf 87' lang='grc'><strong>55).</strong></span> 
     </span>
    </p>
   </div>
   <div class='ocr_carea' id='block_1_39' title="bbox 250 3880 1770 3949">
    <p class='ocr_par' dir='ltr' id='par_1_39' title="bbox 250 3880 1770 3949">
     <span class='ocr_line' id='line_1_39' title="bbox 250 3880 1770 3949; baseline -0.003 -13"><span class='ocrx_word' id='word_1_321' title='bbox 250 3883 437 3937; x_wconf 85' lang='lat' dir='ltr'><strong>Tertio</strong></span> <span class='ocrx_word' id='word_1_322' title='bbox 458 3883 645 3936; x_wconf 89' lang='lat' dir='ltr'><strong>iterum</strong></span> <span class='ocrx_word' id='word_1_323' title='bbox 664 3881 940 3949; x_wconf 83' lang='lat' dir='ltr'><strong>excipiens</strong></span> <span class='ocrx_word' id='word_1_324' title='bbox 958 3881 1177 3949; x_wconf 85' lang='lat' dir='ltr'><strong>Eliphaz</strong></span> <span class='ocrx_word' id='word_1_325' title='bbox 1200 3881 1273 3933; x_wconf 86' lang='lat' dir='ltr'><strong>ait</strong></span> <span class='ocrx_word' id='word_1_326' title='bbox 1302 3898 1314 3933; x_wconf 90' lang='lat'>:</span> <span class='ocrx_word' id='word_1_327' title='bbox 1344 3899 1362 3932; x_wconf 72' lang='grc' dir='ltr'><strong><em>ι</em></strong></span> <span class='ocrx_word' id='word_1_328' title='bbox 1388 3880 1575 3934; x_wconf 85' lang='lat' dir='ltr'><strong>Nonne</strong></span> <span class='ocrx_word' id='word_1_329' title='bbox 1600 3880 1770 3933; x_wconf 89' lang='lat' dir='ltr'><strong>Domi-</strong></span> 
     </span>
    </p>
   </div>
   <div class='ocr_carea' id='block_1_40' title="bbox 176 3974 1767 4045">
    <p class='ocr_par' dir='ltr' id='par_1_40' title="bbox 176 3974 1767 4045">
     <span class='ocr_line' id='line_1_40' title="bbox 176 3974 1767 4045; baseline -0.002 -15"><span class='ocrx_word' id='word_1_330' title='bbox 176 3992 280 4030; x_wconf 86' lang='lat' dir='ltr'><strong>nus</strong></span> <span class='ocrx_word' id='word_1_331' title='bbox 302 3985 405 4038; x_wconf 88' lang='lat' dir='ltr'><strong>est,</strong></span> <span class='ocrx_word' id='word_1_332' title='bbox 426 3978 515 4045; x_wconf 91' lang='lat' dir='ltr'><strong>qui</strong></span> <span class='ocrx_word' id='word_1_333' title='bbox 537 3975 693 4028; x_wconf 89' lang='lat' dir='ltr'><strong>docet</strong></span> <span class='ocrx_word' id='word_1_334' title='bbox 718 3975 1041 4027; x_wconf 88' lang='lat' dir='ltr'><strong>intellectum</strong></span> <span class='ocrx_word' id='word_1_335' title='bbox 1057 3983 1110 4028; x_wconf 90' lang='lat' dir='ltr'><strong>et</strong></span> <span class='ocrx_word' id='word_1_336' title='bbox 1131 3974 1445 4027; x_wconf 86' lang='lat' dir='ltr'><strong>scientiam?</strong></span> <span class='ocrx_word' id='word_1_337' title='bbox 1465 3974 1601 4040; x_wconf 87' lang='lat' dir='ltr'><strong>Quid</strong></span> <span class='ocrx_word' id='word_1_338' title='bbox 1624 3977 1767 4028; x_wconf 88' lang='lat' dir='ltr'><strong>enim</strong></span> 
     </span>
    </p>
   </div>
   <div class='ocr_carea' id='block_1_41' title="bbox 174 4063 1769 4134">
    <p class='ocr_par' dir='ltr' id='par_1_41' title="bbox 174 4063 1769 4134">
     <span class='ocr_line' id='line_1_41' title="bbox 174 4063 1769 4134; baseline -0.003 -13"><span class='ocrx_word' id='word_1_339' title='bbox 174 4077 331 4121; x_wconf 88' lang='lat' dir='ltr'><strong>curat</strong></span> <span class='ocrx_word' id='word_1_340' title='bbox 355 4066 607 4119; x_wconf 82' lang='lat' dir='ltr'><strong>Dominus</strong></span> <span class='ocrx_word' id='word_1_341' title='bbox 629 4066 670 4118; x_wconf 92' lang='lat' dir='ltr'><strong>si</strong></span> <span class='ocrx_word' id='word_1_342' title='bbox 700 4074 755 4117; x_wconf 94' lang='lat' dir='ltr'><strong>tu</strong></span> <span class='ocrx_word' id='word_1_343' title='bbox 782 4063 921 4118; x_wconf 85' lang='lat' dir='ltr'><strong>fuisti</strong></span> <span class='ocrx_word' id='word_1_344' title='bbox 942 4064 994 4117; x_wconf 93' lang='lat' dir='ltr'><strong>in</strong></span> <span class='ocrx_word' id='word_1_345' title='bbox 1012 4063 1261 4134; x_wconf 89' lang='lat' dir='ltr'><strong>operibus</strong></span> <span class='ocrx_word' id='word_1_346' title='bbox 1281 4064 1594 4132; x_wconf 91' lang='lat' dir='ltr'><strong>inculpatis?</strong></span> <span class='ocrx_word' id='word_1_347' title='bbox 1625 4083 1644 4116; x_wconf 81' lang='grc'><strong>1</strong></span> <span class='ocrx_word' id='word_1_348' title='bbox 1674 4064 1769 4117; x_wconf 91' lang='lat' dir='ltr'><strong>llic</strong></span> 
     </span>
    </p>
   </div>
   <div class='ocr_carea' id='block_1_42' title="bbox 175 4156 1770 4224">
    <p class='ocr_par' dir='ltr' id='par_1_42' title="bbox 175 4156 1770 4224">
     <span class='ocr_line' id='line_1_42' title="bbox 175 4156 1770 4224; baseline -0.003 -10"><span class='ocrx_word' id='word_1_349' title='bbox 175 4160 317 4214; x_wconf 87' lang='lat' dir='ltr'><strong>Jobo</strong></span> <span class='ocrx_word' id='word_1_350' title='bbox 338 4158 467 4212; x_wconf 89' lang='lat' dir='ltr'><strong>dicit</strong></span> <span class='ocrx_word' id='word_1_351' title='bbox 494 4157 712 4224; x_wconf 82' lang='lat' dir='ltr'><strong>Eliphaz</strong></span> <span class='ocrx_word' id='word_1_352' title='bbox 745 4174 757 4209; x_wconf 91' lang='lat'>:</span> <span class='ocrx_word' id='word_1_353' title='bbox 788 4175 808 4207; x_wconf 71' lang='grc'><strong>1</strong></span> <span class='ocrx_word' id='word_1_354' title='bbox 846 4156 1043 4210; x_wconf 82' lang='lat' dir='ltr'><strong>Viduas</strong></span> <span class='ocrx_word' id='word_1_355' title='bbox 1064 4157 1307 4210; x_wconf 90' lang='lat' dir='ltr'><strong>dimisisti</strong></span> <span class='ocrx_word' id='word_1_356' title='bbox 1339 4172 1534 4209; x_wconf 88' lang='lat' dir='ltr'><strong>vacuas</strong></span> <span class='ocrx_word' id='word_1_357' title='bbox 1554 4198 1566 4214; x_wconf 87' lang='lat'><strong>,</strong></span> <span class='ocrx_word' id='word_1_358' title='bbox 1595 4157 1770 4224; x_wconf 88' lang='lat' dir='ltr'><strong>pttpil-</strong></span> 
     </span>
    </p>
   </div>
   <div class='ocr_carea' id='block_1_43' title="bbox 176 4248 1769 4315">
    <p class='ocr_par' dir='ltr' id='par_1_43' title="bbox 176 4248 1769 4315">
     <span class='ocr_line' id='line_1_43' title="bbox 176 4248 1769 4315; baseline -0.004 -8"><span class='ocrx_word' id='word_1_359' title='bbox 176 4254 260 4307; x_wconf 87' lang='lat' dir='ltr'><strong>los</strong></span> <span class='ocrx_word' id='word_1_360' title='bbox 299 4262 480 4307; x_wconf 85' lang='lat' dir='ltr'><strong>autem</strong></span> <span class='ocrx_word' id='word_1_361' title='bbox 529 4252 783 4306; x_wconf 76' lang='lat' dir='ltr'><strong>afﬂixisti.</strong></span> <span class='ocrx_word' id='word_1_362' title='bbox 840 4252 905 4305; x_wconf 87' lang='lat' dir='ltr'><strong>Et</strong></span> <span class='ocrx_word' id='word_1_363' title='bbox 953 4250 1131 4305; x_wconf 84' lang='lat' dir='ltr'><strong>dixisti</strong></span> <span class='ocrx_word' id='word_1_364' title='bbox 1164 4250 1335 4315; x_wconf 82' lang='lat' dir='ltr'><strong>:Quid</strong></span> <span class='ocrx_word' id='word_1_365' title='bbox 1389 4250 1533 4302; x_wconf 89' lang='lat' dir='ltr'><strong>novit</strong></span> <span class='ocrx_word' id='word_1_366' title='bbox 1578 4248 1769 4301; x_wconf 87' lang='lat' dir='ltr'><strong>fortis?</strong></span> 
     </span>
    </p>
   </div>
   <div class='ocr_carea' id='block_1_44' title="bbox 176 4340 1768 4411">
    <p class='ocr_par' dir='ltr' id='par_1_44' title="bbox 176 4340 1768 4411">
     <span class='ocr_line' id='line_1_44' title="bbox 176 4340 1768 4411; baseline -0.004 -14"><span class='ocrx_word' id='word_1_367' title='bbox 176 4345 279 4410; x_wconf 90' lang='lat' dir='ltr'><strong>Qui</strong></span> <span class='ocrx_word' id='word_1_368' title='bbox 307 4344 512 4407; x_wconf 90' lang='lat' dir='ltr'><strong>dicunt,</strong></span> <span class='ocrx_word' id='word_1_369' title='bbox 536 4343 671 4411; x_wconf 87' lang='lat' dir='ltr'><strong>Quid</strong></span> <span class='ocrx_word' id='word_1_370' title='bbox 700 4344 855 4397; x_wconf 87' lang='lat' dir='ltr'><strong>faciet</strong></span> <span class='ocrx_word' id='word_1_371' title='bbox 886 4342 1039 4396; x_wconf 90' lang='lat' dir='ltr'><strong>nobis</strong></span> <span class='ocrx_word' id='word_1_372' title='bbox 1069 4343 1356 4395; x_wconf 83' lang='lat' dir='ltr'><strong>Dominus?</strong></span> <span class='ocrx_word' id='word_1_373' title='bbox 1381 4352 1435 4395; x_wconf 89' lang='lat' dir='ltr'><strong>et</strong></span> <span class='ocrx_word' id='word_1_374' title='bbox 1463 4341 1586 4408; x_wconf 90' lang='lat' dir='ltr'><strong>quid</strong></span> <span class='ocrx_word' id='word_1_375' title='bbox 1612 4340 1768 4393; x_wconf 82' lang='lat' dir='ltr'><strong>indu-</strong></span> 
     </span>
    </p>
   </div>
   <div class='ocr_carea' id='block_1_45' title="bbox 177 4433 1769 4505">
    <p class='ocr_par' dir='ltr' id='par_1_45' title="bbox 177 4433 1769 4505">
     <span class='ocr_line' id='line_1_45' title="bbox 177 4433 1769 4505; baseline -0.004 -14"><span class='ocrx_word' id='word_1_376' title='bbox 177 4448 266 4491; x_wconf 80' lang='lat' dir='ltr'><strong>cet</strong></span> <span class='ocrx_word' id='word_1_377' title='bbox 316 4436 474 4490; x_wconf 84' lang='lat' dir='ltr'><strong>nobis</strong></span> <span class='ocrx_word' id='word_1_378' title='bbox 515 4434 906 4505; x_wconf 86' lang='lat' dir='ltr'><strong>Omnipotens?</strong></span> <span class='ocrx_word' id='word_1_379' title='bbox 946 4453 963 4486; x_wconf 86' lang='grc'><strong>1</strong></span> <span class='ocrx_word' id='word_1_380' title='bbox 1032 4433 1163 4487; x_wconf 91' lang='lat' dir='ltr'><strong>Item</strong></span> <span class='ocrx_word' id='word_1_381' title='bbox 1202 4433 1376 4492; x_wconf 88' lang='lat' dir='ltr'><strong>illud:</strong></span> <span class='ocrx_word' id='word_1_382' title='bbox 1417 4451 1435 4485; x_wconf 76' lang='lat' dir='ltr'><strong>t</strong></span> <span class='ocrx_word' id='word_1_383' title='bbox 1474 4433 1670 4486; x_wconf 87' lang='lat' dir='ltr'><strong>Purum</strong></span> <span class='ocrx_word' id='word_1_384' title='bbox 1719 4441 1769 4485; x_wconf 89' lang='lat' dir='ltr'><strong>te</strong></span> 
     </span>
    </p>
   </div>
   <div class='ocr_carea' id='block_1_46' title="bbox 97 4525 1766 4598">
    <p class='ocr_par' dir='ltr' id='par_1_46' title="bbox 97 4525 1766 4598">
     <span class='ocr_line' id='line_1_46' title="bbox 97 4525 1766 4598; baseline -0.003 -14"><span class='ocrx_word' id='word_1_385' title='bbox 97 4585 107 4592; x_wconf 78' lang='grc'><strong><em>,</em></strong></span> <span class='ocrx_word' id='word_1_386' title='bbox 176 4530 371 4586; x_wconf 88' lang='lat' dir='ltr'><strong>reddet</strong></span> <span class='ocrx_word' id='word_1_387' title='bbox 407 4530 663 4583; x_wconf 90' lang='lat' dir='ltr'><strong>Dominus</strong></span> <span class='ocrx_word' id='word_1_388' title='bbox 702 4529 839 4583; x_wconf 88' lang='lat' dir='ltr'><strong>sicut</strong></span> <span class='ocrx_word' id='word_1_389' title='bbox 874 4538 1151 4598; x_wconf 82' lang='lat' dir='ltr'><strong>argentum</strong></span> <span class='ocrx_word' id='word_1_390' title='bbox 1182 4528 1301 4598; x_wconf 82' lang='lat' dir='ltr'><strong>igne</strong></span> <span class='ocrx_word' id='word_1_391' title='bbox 1326 4527 1624 4597; x_wconf 86' lang='lat' dir='ltr'><strong>probatum.</strong></span> <span class='ocrx_word' id='word_1_392' title='bbox 1657 4525 1766 4579; x_wconf 84' lang='lat' dir='ltr'><strong>Re—</strong></span> 
     </span>
    </p>
   </div>
   <div class='ocr_carea' id='block_1_47' title="bbox 178 4617 1769 4692">
    <p class='ocr_par' dir='ltr' id='par_1_47' title="bbox 178 4617 1769 4692">
     <span class='ocr_line' id='line_1_47' title="bbox 178 4617 1769 4692; baseline -0.004 -16"><span class='ocrx_word' id='word_1_393' title='bbox 178 4624 330 4692; x_wconf 89' lang='lat' dir='ltr'><strong>spice</strong></span> <span class='ocrx_word' id='word_1_394' title='bbox 361 4624 413 4676; x_wconf 93' lang='lat' dir='ltr'><strong>in</strong></span> <span class='ocrx_word' id='word_1_395' title='bbox 436 4621 625 4675; x_wconf 61' lang='lat' dir='ltr'><strong>caelum</strong></span> <span class='ocrx_word' id='word_1_396' title='bbox 665 4621 928 4675; x_wconf 89' lang='lat' dir='ltr'><strong>hilariter.</strong></span> <span class='ocrx_word' id='word_1_397' title='bbox 972 4621 1105 4675; x_wconf 87' lang='lat' dir='ltr'><strong>Cttm</strong></span> <span class='ocrx_word' id='word_1_398' title='bbox 1136 4628 1382 4689; x_wconf 83' lang='lat' dir='ltr'><strong>precatus</strong></span> <span class='ocrx_word' id='word_1_399' title='bbox 1408 4629 1583 4672; x_wconf 88' lang='lat' dir='ltr'><strong>autem</strong></span> <span class='ocrx_word' id='word_1_400' title='bbox 1608 4617 1769 4670; x_wconf 88' lang='lat' dir='ltr'><strong>lucris</strong></span> 
     </span>
    </p>
   </div>
   <div class='ocr_carea' id='block_1_48' title="bbox 180 4710 1759 4779">
    <p class='ocr_par' dir='ltr' id='par_1_48' title="bbox 180 4710 1759 4779">
     <span class='ocr_line' id='line_1_48' title="bbox 180 4710 1759 4779; baseline 0.004 -13"><span class='ocrx_word' id='word_1_401' title='bbox 180 4729 327 4775; x_wconf 88' lang='lat' dir='ltr'><strong>eum,</strong></span> <span class='ocrx_word' id='word_1_402' title='bbox 364 4713 613 4767; x_wconf 76' lang='lat' dir='ltr'><strong>exaudiet</strong></span> <span class='ocrx_word' id='word_1_403' title='bbox 645 4723 788 4779; x_wconf 89' lang='lat' dir='ltr'><strong>te,et</strong></span> <span class='ocrx_word' id='word_1_404' title='bbox 805 4718 1102 4775; x_wconf 89' lang='lat' dir='ltr'><strong>servaberis</strong></span> <span class='ocrx_word' id='word_1_405' title='bbox 1119 4718 1170 4774; x_wconf 91' lang='lat' dir='ltr'><strong>in</strong></span> <span class='ocrx_word' id='word_1_406' title='bbox 1200 4710 1455 4763; x_wconf 70' lang='lat' dir='ltr'><strong>munditia</strong></span> <span class='ocrx_word' id='word_1_407' title='bbox 1505 4722 1759 4761; x_wconf 72' lang='lat' dir='ltr'><strong>manuum</strong></span> 
     </span>
    </p>
   </div>
   <div class='ocr_carea' id='block_1_49' title="bbox 182 4799 1677 4873">
    <p class='ocr_par' dir='ltr' id='par_1_49' title="bbox 182 4799 1677 4873">
     <span class='ocr_line' id='line_1_49' title="bbox 182 4799 1677 4873; baseline -0.005 -15"><span class='ocrx_word' id='word_1_408' title='bbox 182 4815 393 4858; x_wconf 84' lang='lat' dir='ltr'><strong>tuarum</strong></span> <span class='ocrx_word' id='word_1_409' title='bbox 433 4822 453 4855; x_wconf 83' lang='grc'><strong>1</strong></span> <span class='ocrx_word' id='word_1_410' title='bbox 494 4804 645 4873; x_wconf 84' lang='lat' dir='ltr'><strong>(Cap.</strong></span> <span class='ocrx_word' id='word_1_411' title='bbox 672 4803 759 4857; x_wconf 89' lang='grc'><strong>22.</strong></span> <span class='ocrx_word' id='word_1_412' title='bbox 788 4821 836 4857; x_wconf 84' lang='lat' dir='ltr'><strong>v.</strong></span> <span class='ocrx_word' id='word_1_413' title='bbox 862 4803 916 4856; x_wconf 90' lang='grc'><strong>2.</strong></span> <span class='ocrx_word' id='word_1_414' title='bbox 951 4804 1005 4857; x_wconf 89' lang='grc'><strong>5.</strong></span> <span class='ocrx_word' id='word_1_415' title='bbox 1035 4804 1090 4857; x_wconf 84' lang='lat'><strong>9.</strong></span> <span class='ocrx_word' id='word_1_416' title='bbox 1117 4802 1203 4856; x_wconf 85' lang='grc'><strong>15.</strong></span> <span class='ocrx_word' id='word_1_417' title='bbox 1230 4801 1316 4855; x_wconf 90' lang='grc'><strong>17.</strong></span> <span class='ocrx_word' id='word_1_418' title='bbox 1346 4799 1538 4855; x_wconf 82' lang='grc'><strong>25-27.</strong></span> <span class='ocrx_word' id='word_1_419' title='bbox 1564 4800 1677 4868; x_wconf 86' lang='grc'><strong>50).</strong></span> 
     </span>
    </p>
   </div>
   <div class='ocr_carea' id='block_1_50' title="bbox 254 4890 1769 4963">
    <p class='ocr_par' dir='ltr' id='par_1_50' title="bbox 254 4890 1769 4963">
     <span class='ocr_line' id='line_1_50' title="bbox 254 4890 1769 4963; baseline -0.005 -13"><span class='ocrx_word' id='word_1_420' title='bbox 254 4896 437 4950; x_wconf 84' lang='lat' dir='ltr'><strong>Tertia</strong></span> <span class='ocrx_word' id='word_1_421' title='bbox 488 4894 607 4948; x_wconf 87' lang='lat' dir='ltr'><strong>Jobi</strong></span> <span class='ocrx_word' id='word_1_422' title='bbox 658 4896 722 4949; x_wconf 89' lang='lat' dir='ltr'><strong>ad</strong></span> <span class='ocrx_word' id='word_1_423' title='bbox 778 4895 996 4963; x_wconf 83' lang='lat' dir='ltr'><strong>Eliphaz</strong></span> <span class='ocrx_word' id='word_1_424' title='bbox 1042 4892 1363 4963; x_wconf 88' lang='lat' dir='ltr'><strong>responsio:</strong></span> <span class='ocrx_word' id='word_1_425' title='bbox 1394 4910 1412 4943; x_wconf 75' lang='grc'><strong>1</strong></span> <span class='ocrx_word' id='word_1_426' title='bbox 1446 4891 1514 4945; x_wconf 89' lang='lat' dir='ltr'><strong>Et</strong></span> <span class='ocrx_word' id='word_1_427' title='bbox 1554 4890 1769 4960; x_wconf 89' lang='lat' dir='ltr'><strong>quidem</strong></span> 
     </span>
    </p>
   </div>
   <div class='ocr_carea' id='block_1_51' title="bbox 179 4985 1770 5057">
    <p class='ocr_par' dir='ltr' id='par_1_51' title="bbox 179 4985 1770 5057">
     <span class='ocr_line' id='line_1_51' title="bbox 179 4985 1770 5057; baseline -0.004 -17"><span class='ocrx_word' id='word_1_428' title='bbox 179 4988 319 5051; x_wconf 88' lang='lat' dir='ltr'><strong>scio,</strong></span> <span class='ocrx_word' id='word_1_429' title='bbox 345 4986 468 5057; x_wconf 86' lang='lat' dir='ltr'><strong>quia</strong></span> <span class='ocrx_word' id='word_1_430' title='bbox 495 4986 833 5057; x_wconf 88' lang='lat' dir='ltr'><strong>eleemosyna</strong></span> <span class='ocrx_word' id='word_1_431' title='bbox 857 4985 924 5038; x_wconf 85' lang='lat' dir='ltr'><strong>de</strong></span> <span class='ocrx_word' id='word_1_432' title='bbox 954 5000 1113 5038; x_wconf 91' lang='lat' dir='ltr'><strong>manu</strong></span> <span class='ocrx_word' id='word_1_433' title='bbox 1162 4997 1280 5036; x_wconf 80' lang='lat' dir='ltr'><strong>mea</strong></span> <span class='ocrx_word' id='word_1_434' title='bbox 1323 4989 1407 5036; x_wconf 89' lang='lat' dir='ltr'><strong>est</strong></span> <span class='ocrx_word' id='word_1_435' title='bbox 1434 4999 1447 5034; x_wconf 90' lang='lat'>:</span> <span class='ocrx_word' id='word_1_436' title='bbox 1483 4990 1540 5035; x_wconf 88' lang='lat' dir='ltr'><strong>et</strong></span> <span class='ocrx_word' id='word_1_437' title='bbox 1581 4997 1770 5035; x_wconf 90' lang='lat' dir='ltr'><strong>manus</strong></span> 
     </span>
    </p>
   </div>
   <div class='ocr_carea' id='block_1_52' title="bbox 179 5071 1774 5149">
    <p class='ocr_par' dir='ltr' id='par_1_52' title="bbox 179 5071 1774 5149">
     <span class='ocr_line' id='line_1_52' title="bbox 179 5071 1774 5149; baseline -0.005 -15"><span class='ocrx_word' id='word_1_438' title='bbox 179 5079 303 5148; x_wconf 89' lang='lat' dir='ltr'><strong>ejus</strong></span> <span class='ocrx_word' id='word_1_439' title='bbox 327 5078 505 5149; x_wconf 78' lang='lat' dir='ltr'><strong>gravis</strong></span> <span class='ocrx_word' id='word_1_440' title='bbox 533 5078 665 5131; x_wconf 89' lang='lat' dir='ltr'><strong>facta</strong></span> <span class='ocrx_word' id='word_1_441' title='bbox 693 5087 774 5130; x_wconf 91' lang='lat' dir='ltr'><strong>est</strong></span> <span class='ocrx_word' id='word_1_442' title='bbox 798 5091 957 5146; x_wconf 89' lang='lat' dir='ltr'><strong>super</strong></span> <span class='ocrx_word' id='word_1_443' title='bbox 976 5075 1229 5145; x_wconf 75' lang='lat' dir='ltr'><strong>gemitum</strong></span> <span class='ocrx_word' id='word_1_444' title='bbox 1254 5088 1454 5128; x_wconf 87' lang='lat' dir='ltr'><strong>meum.</strong></span> <span class='ocrx_word' id='word_1_445' title='bbox 1473 5071 1527 5127; x_wconf 89' lang='lat' dir='ltr'><strong>Si</strong></span> <span class='ocrx_word' id='word_1_446' title='bbox 1554 5074 1604 5126; x_wconf 95' lang='lat' dir='ltr'><strong>in</strong></span> <span class='ocrx_word' id='word_1_447' title='bbox 1638 5073 1774 5127; x_wconf 88' lang='lat' dir='ltr'><strong>mul-</strong></span> 
     </span>
    </p>
   </div>
   <div class='ocr_carea' id='block_1_53' title="bbox 180 5164 1769 5237">
    <p class='ocr_par' dir='ltr' id='par_1_53' title="bbox 180 5164 1769 5237">
     <span class='ocr_line' id='line_1_53' title="bbox 180 5164 1769 5237; baseline -0.007 -11"><span class='ocrx_word' id='word_1_448' title='bbox 180 5181 239 5226; x_wconf 84' lang='lat' dir='ltr'><strong>ta</strong></span> <span class='ocrx_word' id='word_1_449' title='bbox 270 5172 467 5224; x_wconf 90' lang='lat' dir='ltr'><strong>virtute</strong></span> <span class='ocrx_word' id='word_1_450' title='bbox 500 5169 875 5237; x_wconf 88' lang='lat' dir='ltr'><strong>superveniant</strong></span> <span class='ocrx_word' id='word_1_451' title='bbox 902 5168 1030 5221; x_wconf 92' lang='lat' dir='ltr'><strong>mihi</strong></span> <span class='ocrx_word' id='word_1_452' title='bbox 1053 5165 1287 5220; x_wconf 62' lang='lat' dir='ltr'><strong>tenebras</strong></span> <span class='ocrx_word' id='word_1_453' title='bbox 1315 5185 1333 5216; x_wconf 80' lang='grc'><strong>1</strong></span> <span class='ocrx_word' id='word_1_454' title='bbox 1358 5164 1507 5234; x_wconf 82' lang='lat' dir='ltr'><strong>(Cap.</strong></span> <span class='ocrx_word' id='word_1_455' title='bbox 1534 5164 1621 5218; x_wconf 89' lang='grc'><strong>25.</strong></span> <span class='ocrx_word' id='word_1_456' title='bbox 1640 5179 1689 5215; x_wconf 87' lang='grc' dir='ltr'><strong>υ.</strong></span> <span class='ocrx_word' id='word_1_457' title='bbox 1714 5164 1769 5215; x_wconf 92' lang='grc'><strong>2.</strong></span> 
     </span>
    </p>
   </div>
   <div class='ocr_carea' id='block_1_54' title="bbox 178 5258 1772 5331">
    <p class='ocr_par' dir='ltr' id='par_1_54' title="bbox 178 5258 1772 5331">
     <span class='ocr_line' id='line_1_54' title="bbox 178 5258 1772 5331; baseline -0.006 -12"><span class='ocrx_word' id='word_1_458' title='bbox 178 5263 385 5331; x_wconf 83' lang='lat'><strong>6.17)!</strong></span> <span class='ocrx_word' id='word_1_459' title='bbox 425 5282 443 5313; x_wconf 76' lang='grc' dir='ltr'>ι</span> <span class='ocrx_word' id='word_1_460' title='bbox 470 5262 618 5330; x_wconf 82' lang='grc' dir='ltr'><strong>1η1ρ11</strong></span> <span class='ocrx_word' id='word_1_461' title='bbox 670 5262 956 5317; x_wconf 90' lang='lat' dir='ltr'><strong>terminum</strong></span> <span class='ocrx_word' id='word_1_462' title='bbox 998 5258 1311 5329; x_wconf 83' lang='lat' dir='ltr'><strong>transgressi</strong></span> <span class='ocrx_word' id='word_1_463' title='bbox 1358 5266 1573 5324; x_wconf 89' lang='lat' dir='ltr'><strong>sunt,et</strong></span> <span class='ocrx_word' id='word_1_464' title='bbox 1603 5261 1772 5310; x_wconf 90' lang='lat' dir='ltr'><strong>nudos</strong></span> 
     </span>
    </p>
   </div>
   <div class='ocr_carea' id='block_1_55' title="bbox 178 5348 1772 5419">
    <p class='ocr_par' dir='ltr' id='par_1_55' title="bbox 178 5348 1772 5419">
     <span class='ocr_line' id='line_1_55' title="bbox 178 5348 1772 5419; baseline -0.008 -6"><span class='ocrx_word' id='word_1_465' title='bbox 178 5357 385 5413; x_wconf 90' lang='lat' dir='ltr'><strong>multos</strong></span> <span class='ocrx_word' id='word_1_466' title='bbox 413 5348 655 5412; x_wconf 86' lang='lat' dir='ltr'><strong>dormire</strong></span> <span class='ocrx_word' id='word_1_467' title='bbox 670 5355 909 5410; x_wconf 89' lang='lat' dir='ltr'><strong>fecerunt</strong></span> <span class='ocrx_word' id='word_1_468' title='bbox 943 5354 1061 5408; x_wconf 88' lang='lat' dir='ltr'><strong>sine</strong></span> <span class='ocrx_word' id='word_1_469' title='bbox 1084 5350 1439 5418; x_wconf 83' lang='lat' dir='ltr'><strong>vestimentis.</strong></span> <span class='ocrx_word' id='word_1_470' title='bbox 1468 5352 1772 5419; x_wconf 85' lang='lat' dir='ltr'><strong>Appareant</strong></span> 
     </span>
    </p>
   </div>
   <div class='ocr_carea' id='block_1_56' title="bbox 177 5447 1772 5523">
    <p class='ocr_par' dir='ltr' id='par_1_56' title="bbox 177 5447 1772 5523">
     <span class='ocr_line' id='line_1_56' title="bbox 177 5447 1772 5523; baseline -0.004 -19"><span class='ocrx_word' id='word_1_471' title='bbox 177 5452 385 5523; x_wconf 72' lang='lat' dir='ltr'><strong>planta:</strong></span> <span class='ocrx_word' id='word_1_472' title='bbox 427 5466 615 5505; x_wconf 90' lang='lat' dir='ltr'><strong>eorum</strong></span> <span class='ocrx_word' id='word_1_473' title='bbox 656 5448 722 5504; x_wconf 89' lang='lat' dir='ltr'><strong>de</strong></span> <span class='ocrx_word' id='word_1_474' title='bbox 756 5459 896 5504; x_wconf 91' lang='lat' dir='ltr'><strong>terra</strong></span> <span class='ocrx_word' id='word_1_475' title='bbox 924 5448 1086 5503; x_wconf 67' lang='lat' dir='ltr'><strong>aridae</strong></span> <span class='ocrx_word' id='word_1_476' title='bbox 1114 5468 1125 5502; x_wconf 91' lang='lat'>:</span> <span class='ocrx_word' id='word_1_477' title='bbox 1152 5448 1459 5503; x_wconf 81' lang='lat' dir='ltr'><strong>fasciculum</strong></span> <span class='ocrx_word' id='word_1_478' title='bbox 1498 5447 1639 5500; x_wconf 89' lang='lat' dir='ltr'><strong>enim</strong></span> <span class='ocrx_word' id='word_1_479' title='bbox 1673 5460 1772 5515; x_wconf 91' lang='lat' dir='ltr'><strong>pu-</strong></span> 
     </span>
    </p>
   </div>
   <div class='ocr_carea' id='block_1_57' title="bbox 179 5539 1437 5615">
    <p class='ocr_par' dir='ltr' id='par_1_57' title="bbox 179 5539 1437 5615">
     <span class='ocr_line' id='line_1_57' title="bbox 179 5539 1437 5615; baseline -0.005 -19"><span class='ocrx_word' id='word_1_480' title='bbox 179 5543 437 5615; x_wconf 86' lang='lat' dir='ltr'><strong>pillorum</strong></span> <span class='ocrx_word' id='word_1_481' title='bbox 465 5551 757 5612; x_wconf 88' lang='lat' dir='ltr'><strong>rapuerunt</strong></span> <span class='ocrx_word' id='word_1_482' title='bbox 795 5561 814 5594; x_wconf 83' lang='grc'><strong>1</strong></span> <span class='ocrx_word' id='word_1_483' title='bbox 844 5541 993 5613; x_wconf 86' lang='lat' dir='ltr'><strong>(Cap.</strong></span> <span class='ocrx_word' id='word_1_484' title='bbox 1025 5540 1112 5594; x_wconf 75' lang='grc'><strong>21.</strong></span> <span class='ocrx_word' id='word_1_485' title='bbox 1143 5557 1191 5594; x_wconf 87' lang='grc' dir='ltr'><strong>υ.</strong></span> <span class='ocrx_word' id='word_1_486' title='bbox 1216 5539 1267 5593; x_wconf 88' lang='grc'><strong>2.</strong></span> <span class='ocrx_word' id='word_1_487' title='bbox 1298 5539 1437 5607; x_wconf 80' lang='lat'><strong>7-9).</strong></span> 
     </span>
    </p>
   </div>
   <div class='ocr_carea' id='block_1_58' title="bbox 254 5628 1773 5703">
    <p class='ocr_par' dir='ltr' id='par_1_58' title="bbox 254 5628 1773 5703">
     <span class='ocr_line' id='line_1_58' title="bbox 254 5628 1773 5703; baseline -0.005 -14"><span class='ocrx_word' id='word_1_488' title='bbox 254 5634 439 5689; x_wconf 88' lang='lat' dir='ltr'><strong>Tertio</strong></span> <span class='ocrx_word' id='word_1_489' title='bbox 460 5633 735 5703; x_wconf 82' lang='lat' dir='ltr'><strong>excipiens</strong></span> <span class='ocrx_word' id='word_1_490' title='bbox 758 5632 955 5687; x_wconf 86' lang='lat' dir='ltr'><strong>Baldad</strong></span> <span class='ocrx_word' id='word_1_491' title='bbox 983 5632 1112 5685; x_wconf 90' lang='lat' dir='ltr'><strong>dicit</strong></span> <span class='ocrx_word' id='word_1_492' title='bbox 1136 5650 1149 5685; x_wconf 90' lang='lat'><strong>:</strong></span> <span class='ocrx_word' id='word_1_493' title='bbox 1181 5650 1199 5681; x_wconf 73' lang='grc' dir='ltr'>ι</span> <span class='ocrx_word' id='word_1_494' title='bbox 1233 5632 1330 5699; x_wconf 87' lang='lat' dir='ltr'><strong>Qui</strong></span> <span class='ocrx_word' id='word_1_495' title='bbox 1359 5630 1484 5684; x_wconf 89' lang='lat' dir='ltr'><strong>facit</strong></span> <span class='ocrx_word' id='word_1_496' title='bbox 1513 5628 1773 5684; x_wconf 80' lang='lat' dir='ltr'><strong>universi-</strong></span> 
     </span>
    </p>
   </div>
   <div class='ocr_carea' id='block_1_59' title="bbox 182 5725 1773 5796">
    <p class='ocr_par' dir='ltr' id='par_1_59' title="bbox 182 5725 1773 5796">
     <span class='ocr_line' id='line_1_59' title="bbox 182 5725 1773 5796; baseline -0.005 -15"><span class='ocrx_word' id='word_1_497' title='bbox 182 5736 347 5784; x_wconf 85' lang='lat' dir='ltr'><strong>tatem</strong></span> <span class='ocrx_word' id='word_1_498' title='bbox 380 5728 433 5784; x_wconf 93' lang='lat' dir='ltr'><strong>in</strong></span> <span class='ocrx_word' id='word_1_499' title='bbox 464 5727 757 5782; x_wconf 90' lang='lat' dir='ltr'><strong>altissimo.</strong></span> <span class='ocrx_word' id='word_1_500' title='bbox 810 5725 887 5781; x_wconf 88' lang='lat' dir='ltr'><strong>Ne</strong></span> <span class='ocrx_word' id='word_1_501' title='bbox 920 5725 1038 5796; x_wconf 91' lang='lat' dir='ltr'><strong>quis</strong></span> <span class='ocrx_word' id='word_1_502' title='bbox 1077 5726 1376 5796; x_wconf 88' lang='lat' dir='ltr'><strong>suspicetur</strong></span> <span class='ocrx_word' id='word_1_503' title='bbox 1420 5739 1540 5777; x_wconf 90' lang='lat' dir='ltr'><strong>esse</strong></span> <span class='ocrx_word' id='word_1_504' title='bbox 1567 5737 1773 5775; x_wconf 88' lang='lat' dir='ltr'><strong>moram</strong></span> 
     </span>
    </p>
   </div>
   <div class='ocr_carea' id='block_1_60' title="bbox 182 5814 1769 5890">
    <p class='ocr_par' dir='ltr' id='par_1_60' title="bbox 182 5814 1769 5890">
     <span class='ocr_line' id='line_1_60' title="bbox 182 5814 1769 5890; baseline -0.006 -17"><span class='ocrx_word' id='word_1_505' title='bbox 182 5820 386 5889; x_wconf 85' lang='lat' dir='ltr'><strong>piratis.</strong></span> <span class='ocrx_word' id='word_1_506' title='bbox 420 5819 706 5890; x_wconf 84' lang='lat' dir='ltr'><strong>Quomodo</strong></span> <span class='ocrx_word' id='word_1_507' title='bbox 742 5820 886 5874; x_wconf 89' lang='lat' dir='ltr'><strong>enim</strong></span> <span class='ocrx_word' id='word_1_508' title='bbox 920 5817 1022 5873; x_wconf 91' lang='lat' dir='ltr'><strong>erit</strong></span> <span class='ocrx_word' id='word_1_509' title='bbox 1046 5818 1219 5887; x_wconf 89' lang='lat' dir='ltr'><strong>justus</strong></span> <span class='ocrx_word' id='word_1_510' title='bbox 1271 5816 1430 5871; x_wconf 91' lang='lat' dir='ltr'><strong>homo</strong></span> <span class='ocrx_word' id='word_1_511' title='bbox 1457 5829 1635 5870; x_wconf 87' lang='lat' dir='ltr'><strong>coram</strong></span> <span class='ocrx_word' id='word_1_512' title='bbox 1669 5814 1769 5867; x_wconf 86' lang='lat' dir='ltr'><strong>Do-</strong></span> 
     </span>
    </p>
   </div>
   <div class='ocr_carea' id='block_1_61' title="bbox 1285 357 2355 417">
    <p class='ocr_par' dir='ltr' id='par_1_61' title="bbox 1285 357 2355 417">
     <span class='ocr_line' id='line_1_61' title="bbox 1285 357 2355 417; baseline 0 -2"><span class='ocrx_word' id='word_1_513' title='bbox 1285 357 1608 415; x_wconf 76' lang='lat' dir='ltr'><strong>SYNOI‘SIS</strong></span> <span class='ocrx_word' id='word_1_514' title='bbox 1644 357 2050 414; x_wconf 67' lang='lat' dir='ltr'><strong>SCRIPTURAS</strong></span> <span class='ocrx_word' id='word_1_515' title='bbox 2088 357 2355 417; x_wconf 66' lang='grc' dir='ltr'><strong>ΞΑΟΒιΕ.</strong></span> 
     </span>
    </p>
   </div>
   <div class='ocr_carea' id='block_1_62' title="bbox 3357 368 3459 423">
    <p class='ocr_par' dir='ltr' id='par_1_62' title="bbox 3357 368 3459 423">
     <span class='ocr_line' id='line_1_62' title="bbox 3357 368 3459 423; baseline 0 -1"><span class='ocrx_word' id='word_1_516' title='bbox 3357 368 3459 423; x_wconf 82' lang='grc'><strong>566</strong></span> 
     </span>
    </p>
   </div>
   <div class='ocr_carea' id='block_1_63' title="bbox 1881 469 3455 544">
    <p class='ocr_par' dir='ltr' id='par_1_63' title="bbox 1881 469 3455 544">
     <span class='ocr_line' id='line_1_63' title="bbox 1881 469 3455 544; baseline 0.006 -19"><span class='ocrx_word' id='word_1_517' title='bbox 1881 472 2058 525; x_wconf 84' lang='lat' dir='ltr'><strong>mino?</strong></span> <span class='ocrx_word' id='word_1_518' title='bbox 2074 472 2128 527; x_wconf 90' lang='lat' dir='ltr'><strong>Si</strong></span> <span class='ocrx_word' id='word_1_519' title='bbox 2152 489 2276 527; x_wconf 87' lang='lat' dir='ltr'><strong>vero</strong></span> <span class='ocrx_word' id='word_1_520' title='bbox 2296 476 2455 527; x_wconf 84' lang='lat' dir='ltr'><strong>homo</strong></span> <span class='ocrx_word' id='word_1_521' title='bbox 2472 469 2715 544; x_wconf 84' lang='lat' dir='ltr'><strong>putredo,</strong></span> <span class='ocrx_word' id='word_1_522' title='bbox 2736 486 2790 532; x_wconf 85' lang='lat' dir='ltr'><strong>et</strong></span> <span class='ocrx_word' id='word_1_523' title='bbox 2810 475 2949 533; x_wconf 80' lang='lat' dir='ltr'><strong>ﬁlius</strong></span> <span class='ocrx_word' id='word_1_524' title='bbox 2965 475 3200 533; x_wconf 84' lang='lat' dir='ltr'><strong>hominis</strong></span> <span class='ocrx_word' id='word_1_525' title='bbox 3216 479 3408 534; x_wconf 85' lang='lat' dir='ltr'><strong>vermis</strong></span> <span class='ocrx_word' id='word_1_526' title='bbox 3436 498 3455 534; x_wconf 81' lang='grc'><strong>1</strong></span> 
     </span>
    </p>
   </div>
   <div class='ocr_carea' id='block_1_64' title="bbox 1875 562 3371 633">
    <p class='ocr_par' dir='ltr' id='par_1_64' title="bbox 1875 562 3371 633">
     <span class='ocr_line' id='line_1_64' title="bbox 1875 562 3371 633; baseline 0.001 -17"><span class='ocrx_word' id='word_1_527' title='bbox 1875 562 2025 633; x_wconf 78' lang='lat' dir='ltr'><strong>(Cap.</strong></span> <span class='ocrx_word' id='word_1_528' title='bbox 2054 565 2143 618; x_wconf 81' lang='grc'><strong>25.</strong></span> <span class='ocrx_word' id='word_1_529' title='bbox 2162 580 2209 617; x_wconf 84' lang='grc' dir='ltr'><strong>υ.</strong></span> <span class='ocrx_word' id='word_1_530' title='bbox 2234 565 2357 619; x_wconf 73' lang='grc'><strong>2-4.</strong></span> <span class='ocrx_word' id='word_1_531' title='bbox 2376 564 2467 633; x_wconf 84' lang='lat'><strong>6)?</strong></span> <span class='ocrx_word' id='word_1_532' title='bbox 2515 607 2518 611; x_wconf 82' lang='lat'><strong>.</strong></span> <span class='ocrx_word' id='word_1_533' title='bbox 3198 608 3203 615; x_wconf 94' lang='lat'><strong>.</strong></span> <span class='ocrx_word' id='word_1_534' title='bbox 3368 614 3371 618; x_wconf 94' lang='lat'><strong>.</strong></span> 
     </span>
    </p>
   </div>
   <div class='ocr_carea' id='block_1_65' title="bbox 1944 654 3455 734">
    <p class='ocr_par' dir='ltr' id='par_1_65' title="bbox 1944 654 3455 734">
     <span class='ocr_line' id='line_1_65' title="bbox 1944 654 3455 734; baseline 0.009 -27"><span class='ocrx_word' id='word_1_535' title='bbox 1944 654 2120 709; x_wconf 88' lang='lat' dir='ltr'><strong>Tertia</strong></span> <span class='ocrx_word' id='word_1_536' title='bbox 2150 655 2268 710; x_wconf 86' lang='lat' dir='ltr'><strong>Jobi</strong></span> <span class='ocrx_word' id='word_1_537' title='bbox 2290 656 2357 711; x_wconf 93' lang='lat' dir='ltr'><strong>ad</strong></span> <span class='ocrx_word' id='word_1_538' title='bbox 2388 655 2590 711; x_wconf 86' lang='lat' dir='ltr'><strong>Baldad</strong></span> <span class='ocrx_word' id='word_1_539' title='bbox 2625 660 2902 727; x_wconf 88' lang='lat' dir='ltr'><strong>responsio</strong></span> <span class='ocrx_word' id='word_1_540' title='bbox 2937 678 2950 714; x_wconf 89' lang='lat'><strong>:</strong></span> <span class='ocrx_word' id='word_1_541' title='bbox 2989 680 3008 712; x_wconf 70' lang='grc'><strong>1</strong></span> <span class='ocrx_word' id='word_1_542' title='bbox 3038 662 3206 729; x_wconf 87' lang='lat' dir='ltr'><strong>Quem</strong></span> <span class='ocrx_word' id='word_1_543' title='bbox 3240 665 3455 734; x_wconf 87' lang='lat' dir='ltr'><strong>adjutu-</strong></span> 
     </span>
    </p>
   </div>
   <div class='ocr_carea' id='block_1_66' title="bbox 1873 746 3454 818">
    <p class='ocr_par' dir='ltr' id='par_1_66' title="bbox 1873 746 3454 818">
     <span class='ocr_line' id='line_1_66' title="bbox 1873 746 3454 818; baseline 0.009 -20"><span class='ocrx_word' id='word_1_544' title='bbox 1873 760 1965 799; x_wconf 92' lang='lat' dir='ltr'><strong>rus</strong></span> <span class='ocrx_word' id='word_1_545' title='bbox 1988 746 2082 800; x_wconf 79' lang='lat' dir='ltr'><strong>es?</strong></span> <span class='ocrx_word' id='word_1_546' title='bbox 2104 756 2159 801; x_wconf 89' lang='lat' dir='ltr'><strong>et</strong></span> <span class='ocrx_word' id='word_1_547' title='bbox 2193 764 2349 817; x_wconf 86' lang='lat' dir='ltr'><strong>quem</strong></span> <span class='ocrx_word' id='word_1_548' title='bbox 2378 749 2663 818; x_wconf 83' lang='lat' dir='ltr'><strong>sequeris?</strong></span> <span class='ocrx_word' id='word_1_549' title='bbox 2701 749 2887 805; x_wconf 88' lang='lat' dir='ltr'><strong>Nonne</strong></span> <span class='ocrx_word' id='word_1_550' title='bbox 2921 767 3043 806; x_wconf 91' lang='lat' dir='ltr'><strong>eum</strong></span> <span class='ocrx_word' id='word_1_551' title='bbox 3084 755 3168 811; x_wconf 79' lang='lat' dir='ltr'><strong>cui</strong></span> <span class='ocrx_word' id='word_1_552' title='bbox 3226 758 3454 812; x_wconf 84' lang='lat' dir='ltr'><strong>maxima</strong></span> 
     </span>
    </p>
   </div>
   <div class='ocr_carea' id='block_1_67' title="bbox 1872 840 3459 915">
    <p class='ocr_par' dir='ltr' id='par_1_67' title="bbox 1872 840 3459 915">
     <span class='ocr_line' id='line_1_67' title="bbox 1872 840 3459 915; baseline 0.008 -24"><span class='ocrx_word' id='word_1_553' title='bbox 1872 840 2151 908; x_wconf 85' lang='lat' dir='ltr'><strong>potestas?</strong></span> <span class='ocrx_word' id='word_1_554' title='bbox 2180 840 2362 896; x_wconf 89' lang='lat' dir='ltr'><strong>Nudus</strong></span> <span class='ocrx_word' id='word_1_555' title='bbox 2393 860 2415 893; x_wconf 73' lang='grc'><strong>1</strong></span> <span class='ocrx_word' id='word_1_556' title='bbox 2440 842 2581 896; x_wconf 90' lang='lat' dir='ltr'><strong>enim</strong></span> <span class='ocrx_word' id='word_1_557' title='bbox 2611 861 2630 893; x_wconf 77' lang='grc' dir='ltr'>ι</span> <span class='ocrx_word' id='word_1_558' title='bbox 2667 852 2747 895; x_wconf 88' lang='lat' dir='ltr'><strong>est</strong></span> <span class='ocrx_word' id='word_1_559' title='bbox 2779 843 3016 899; x_wconf 81' lang='lat' dir='ltr'><strong>infernus</strong></span> <span class='ocrx_word' id='word_1_560' title='bbox 3043 861 3221 901; x_wconf 89' lang='lat' dir='ltr'><strong>coram</strong></span> <span class='ocrx_word' id='word_1_561' title='bbox 3247 864 3333 903; x_wconf 91' lang='lat' dir='ltr'><strong>eo.</strong></span> <span class='ocrx_word' id='word_1_562' title='bbox 3357 852 3459 915; x_wconf 88' lang='lat' dir='ltr'><strong>Qui</strong></span> 
     </span>
    </p>
   </div>
   <div class='ocr_carea' id='block_1_68' title="bbox 1873 932 3453 1005">
    <p class='ocr_par' dir='ltr' id='par_1_68' title="bbox 1873 932 3453 1005">
     <span class='ocr_line' id='line_1_68' title="bbox 1873 932 3453 1005; baseline 0.007 -21"><span class='ocrx_word' id='word_1_563' title='bbox 1873 932 2149 1001; x_wconf 86' lang='lat' dir='ltr'><strong>suspendit</strong></span> <span class='ocrx_word' id='word_1_564' title='bbox 2179 940 2372 986; x_wconf 90' lang='lat' dir='ltr'><strong>terram</strong></span> <span class='ocrx_word' id='word_1_565' title='bbox 2397 934 2450 987; x_wconf 93' lang='lat' dir='ltr'><strong>in</strong></span> <span class='ocrx_word' id='word_1_566' title='bbox 2480 933 2727 995; x_wconf 89' lang='lat' dir='ltr'><strong>nihilum,</strong></span> <span class='ocrx_word' id='word_1_567' title='bbox 2752 935 2921 1003; x_wconf 84' lang='lat' dir='ltr'><strong>ligans</strong></span> <span class='ocrx_word' id='word_1_568' title='bbox 2948 953 3137 1005; x_wconf 89' lang='lat' dir='ltr'><strong>aquam</strong></span> <span class='ocrx_word' id='word_1_569' title='bbox 3157 939 3453 995; x_wconf 89' lang='lat' dir='ltr'><strong>iunubibus</strong></span> 
     </span>
    </p>
   </div>
   <div class='ocr_carea' id='block_1_69' title="bbox 1871 1023 3456 1095">
    <p class='ocr_par' dir='ltr' id='par_1_69' title="bbox 1871 1023 3456 1095">
     <span class='ocr_line' id='line_1_69' title="bbox 1871 1023 3456 1095; baseline 0.004 -19"><span class='ocrx_word' id='word_1_570' title='bbox 1871 1024 2001 1077; x_wconf 86' lang='lat' dir='ltr'><strong>suis.</strong></span> <span class='ocrx_word' id='word_1_571' title='bbox 2025 1023 2301 1093; x_wconf 69' lang='lat' dir='ltr'><strong>Praecepto</strong></span> <span class='ocrx_word' id='word_1_572' title='bbox 2320 1033 2497 1079; x_wconf 86' lang='lat' dir='ltr'><strong>autem</strong></span> <span class='ocrx_word' id='word_1_573' title='bbox 2526 1026 2752 1095; x_wconf 88' lang='lat' dir='ltr'><strong>peremit</strong></span> <span class='ocrx_word' id='word_1_574' title='bbox 2771 1026 3057 1082; x_wconf 87' lang='lat' dir='ltr'><strong>draconem</strong></span> <span class='ocrx_word' id='word_1_575' title='bbox 3075 1029 3405 1086; x_wconf 87' lang='lat' dir='ltr'><strong>desertorem</strong></span> <span class='ocrx_word' id='word_1_576' title='bbox 3436 1051 3456 1083; x_wconf 79' lang='grc'><strong>1</strong></span> 
     </span>
    </p>
   </div>
   <div class='ocr_carea' id='block_1_70' title="bbox 1873 1116 2640 1189">
    <p class='ocr_par' dir='ltr' id='par_1_70' title="bbox 1873 1116 2640 1189">
     <span class='ocr_line' id='line_1_70' title="bbox 1873 1116 2640 1189; baseline 0.007 -21"><span class='ocrx_word' id='word_1_577' title='bbox 1873 1117 2023 1185; x_wconf 79' lang='lat' dir='ltr'><strong>(Cap.</strong></span> <span class='ocrx_word' id='word_1_578' title='bbox 2055 1116 2142 1170; x_wconf 86' lang='grc'><strong>26.</strong></span> <span class='ocrx_word' id='word_1_579' title='bbox 2164 1133 2210 1169; x_wconf 86' lang='grc' dir='ltr'><strong>υ.</strong></span> <span class='ocrx_word' id='word_1_580' title='bbox 2236 1117 2288 1171; x_wconf 75' lang='lat'><strong>2.</strong></span> <span class='ocrx_word' id='word_1_581' title='bbox 2308 1120 2360 1173; x_wconf 74' lang='grc' dir='ltr'><strong>δ.</strong></span> <span class='ocrx_word' id='word_1_582' title='bbox 2388 1118 2499 1173; x_wconf 85' lang='grc'><strong>6-8.</strong></span> <span class='ocrx_word' id='word_1_583' title='bbox 2530 1117 2640 1189; x_wconf 70' lang='grc'><strong>15).</strong></span> 
     </span>
    </p>
   </div>
   <div class='ocr_carea' id='block_1_71' title="bbox 1943 1207 3458 1281">
    <p class='ocr_par' dir='ltr' id='par_1_71' title="bbox 1943 1207 3458 1281">
     <span class='ocr_line' id='line_1_71' title="bbox 1943 1207 3458 1281; baseline 0.005 -19"><span class='ocrx_word' id='word_1_584' title='bbox 1943 1207 2075 1263; x_wconf 89' lang='lat' dir='ltr'><strong>Cum</strong></span> <span class='ocrx_word' id='word_1_585' title='bbox 2107 1208 2316 1279; x_wconf 89' lang='lat' dir='ltr'><strong>Sophar</strong></span> <span class='ocrx_word' id='word_1_586' title='bbox 2346 1211 2502 1265; x_wconf 91' lang='lat' dir='ltr'><strong>tertio</strong></span> <span class='ocrx_word' id='word_1_587' title='bbox 2524 1211 2665 1280; x_wconf 92' lang='lat' dir='ltr'><strong>loqui</strong></span> <span class='ocrx_word' id='word_1_588' title='bbox 2696 1226 2803 1265; x_wconf 90' lang='lat' dir='ltr'><strong>non</strong></span> <span class='ocrx_word' id='word_1_589' title='bbox 2831 1212 3227 1281; x_wconf 79' lang='lat' dir='ltr'><strong>aggrederetur,</strong></span> <span class='ocrx_word' id='word_1_590' title='bbox 3260 1216 3369 1269; x_wconf 92' lang='lat' dir='ltr'><strong>imo</strong></span> <span class='ocrx_word' id='word_1_591' title='bbox 3403 1227 3458 1270; x_wconf 90' lang='lat' dir='ltr'><strong>et</strong></span> 
     </span>
    </p>
   </div>
   <div class='ocr_carea' id='block_1_72' title="bbox 1872 1300 3451 1374">
    <p class='ocr_par' dir='ltr' id='par_1_72' title="bbox 1872 1300 3451 1374">
     <span class='ocr_line' id='line_1_72' title="bbox 1872 1300 3451 1374; baseline 0.005 -19"><span class='ocrx_word' id='word_1_592' title='bbox 1872 1300 1963 1355; x_wconf 90' lang='lat' dir='ltr'><strong>alii</strong></span> <span class='ocrx_word' id='word_1_593' title='bbox 1993 1302 2099 1356; x_wconf 86' lang='lat' dir='ltr'><strong>duo</strong></span> <span class='ocrx_word' id='word_1_594' title='bbox 2144 1305 2352 1372; x_wconf 90' lang='lat' dir='ltr'><strong>priores</strong></span> <span class='ocrx_word' id='word_1_595' title='bbox 2396 1312 2657 1371; x_wconf 89' lang='lat' dir='ltr'><strong>tacerent,</strong></span> <span class='ocrx_word' id='word_1_596' title='bbox 2688 1317 2868 1374; x_wconf 89' lang='lat' dir='ltr'><strong>utpote</strong></span> <span class='ocrx_word' id='word_1_597' title='bbox 2896 1307 2986 1372; x_wconf 88' lang='lat' dir='ltr'><strong>qui</strong></span> <span class='ocrx_word' id='word_1_598' title='bbox 3030 1320 3135 1361; x_wconf 90' lang='lat' dir='ltr'><strong>non</strong></span> <span class='ocrx_word' id='word_1_599' title='bbox 3190 1307 3451 1363; x_wconf 82' lang='lat' dir='ltr'><strong>haberent</strong></span> 
     </span>
    </p>
   </div>
   <div class='ocr_carea' id='block_1_73' title="bbox 1873 1393 3461 1466">
    <p class='ocr_par' dir='ltr' id='par_1_73' title="bbox 1873 1393 3461 1466">
     <span class='ocr_line' id='line_1_73' title="bbox 1873 1393 3461 1466; baseline 0.005 -21"><span class='ocrx_word' id='word_1_600' title='bbox 1873 1393 1998 1461; x_wconf 91' lang='lat' dir='ltr'><strong>quid</strong></span> <span class='ocrx_word' id='word_1_601' title='bbox 2036 1395 2265 1464; x_wconf 87' lang='lat' dir='ltr'><strong>amplius</strong></span> <span class='ocrx_word' id='word_1_602' title='bbox 2302 1394 2560 1459; x_wconf 84' lang='lat' dir='ltr'><strong>dicerent,</strong></span> <span class='ocrx_word' id='word_1_603' title='bbox 2595 1410 2661 1449; x_wconf 91' lang='lat' dir='ltr'><strong>eo</strong></span> <span class='ocrx_word' id='word_1_604' title='bbox 2705 1396 2845 1465; x_wconf 91' lang='lat' dir='ltr'><strong>quod</strong></span> <span class='ocrx_word' id='word_1_605' title='bbox 2891 1396 2993 1451; x_wconf 87' lang='lat' dir='ltr'><strong>Job</strong></span> <span class='ocrx_word' id='word_1_606' title='bbox 3031 1412 3091 1451; x_wconf 88' lang='lat' dir='ltr'><strong>se</strong></span> <span class='ocrx_word' id='word_1_607' title='bbox 3115 1397 3315 1466; x_wconf 83' lang='lat' dir='ltr'><strong>justum</strong></span> <span class='ocrx_word' id='word_1_608' title='bbox 3339 1414 3461 1455; x_wconf 88' lang='lat' dir='ltr'><strong>esse</strong></span> 
     </span>
    </p>
   </div>
   <div class='ocr_carea' id='block_1_74' title="bbox 1874 1486 3455 1559">
    <p class='ocr_par' dir='ltr' id='par_1_74' title="bbox 1874 1486 3455 1559">
     <span class='ocr_line' id='line_1_74' title="bbox 1874 1486 3455 1559; baseline 0.003 -23"><span class='ocrx_word' id='word_1_609' title='bbox 1874 1493 2130 1552; x_wconf 89' lang='lat' dir='ltr'><strong>poneret,</strong></span> <span class='ocrx_word' id='word_1_610' title='bbox 2159 1486 2426 1540; x_wconf 88' lang='lat' dir='ltr'><strong>subnectit</strong></span> <span class='ocrx_word' id='word_1_611' title='bbox 2472 1487 2708 1541; x_wconf 89' lang='lat' dir='ltr'><strong>secundo</strong></span> <span class='ocrx_word' id='word_1_612' title='bbox 2751 1487 2853 1541; x_wconf 88' lang='lat' dir='ltr'><strong>Job</strong></span> <span class='ocrx_word' id='word_1_613' title='bbox 2894 1489 3079 1543; x_wconf 90' lang='lat' dir='ltr'><strong>eadem</strong></span> <span class='ocrx_word' id='word_1_614' title='bbox 3120 1490 3186 1544; x_wconf 90' lang='lat' dir='ltr'><strong>de</strong></span> <span class='ocrx_word' id='word_1_615' title='bbox 3224 1504 3283 1544; x_wconf 91' lang='lat' dir='ltr'><strong>re</strong></span> <span class='ocrx_word' id='word_1_616' title='bbox 3328 1506 3455 1559; x_wconf 91' lang='lat' dir='ltr'><strong>pro-</strong></span> 
     </span>
    </p>
   </div>
   <div class='ocr_carea' id='block_1_75' title="bbox 1872 1576 3456 1649">
    <p class='ocr_par' dir='ltr' id='par_1_75' title="bbox 1872 1576 3456 1649">
     <span class='ocr_line' id='line_1_75' title="bbox 1872 1576 3456 1649; baseline 0.003 -18"><span class='ocrx_word' id='word_1_617' title='bbox 1872 1576 2091 1631; x_wconf 72' lang='lat' dir='ltr'><strong>mmium</strong></span> <span class='ocrx_word' id='word_1_618' title='bbox 2111 1594 2122 1627; x_wconf 91' lang='lat'><strong>:</strong></span> <span class='ocrx_word' id='word_1_619' title='bbox 2139 1576 2213 1630; x_wconf 93' lang='lat' dir='ltr'><strong>illi</strong></span> <span class='ocrx_word' id='word_1_620' title='bbox 2232 1592 2359 1632; x_wconf 88' lang='lat' dir='ltr'><strong>vero</strong></span> <span class='ocrx_word' id='word_1_621' title='bbox 2379 1593 2500 1631; x_wconf 91' lang='lat' dir='ltr'><strong>eum</strong></span> <span class='ocrx_word' id='word_1_622' title='bbox 2519 1578 2729 1633; x_wconf 90' lang='lat' dir='ltr'><strong>silentio</strong></span> <span class='ocrx_word' id='word_1_623' title='bbox 2756 1584 2925 1649; x_wconf 90' lang='lat' dir='ltr'><strong>ipsum</strong></span> <span class='ocrx_word' id='word_1_624' title='bbox 2944 1581 3190 1644; x_wconf 89' lang='lat' dir='ltr'><strong>audiunt,</strong></span> <span class='ocrx_word' id='word_1_625' title='bbox 3218 1596 3319 1635; x_wconf 88' lang='lat' dir='ltr'><strong>nec</strong></span> <span class='ocrx_word' id='word_1_626' title='bbox 3340 1583 3456 1636; x_wconf 88' lang='lat' dir='ltr'><strong>sine</strong></span> 
     </span>
    </p>
   </div>
   <div class='ocr_carea' id='block_1_76' title="bbox 1873 1668 3462 1741">
    <p class='ocr_par' dir='ltr' id='par_1_76' title="bbox 1873 1668 3462 1741">
     <span class='ocr_line' id='line_1_76' title="bbox 1873 1668 3462 1741; baseline 0.001 -19"><span class='ocrx_word' id='word_1_627' title='bbox 1873 1669 2118 1722; x_wconf 80' lang='lat' dir='ltr'><strong>utilitate.</strong></span> <span class='ocrx_word' id='word_1_628' title='bbox 2156 1668 2379 1735; x_wconf 68' lang='lat' dir='ltr'><strong>«Vivit,»</strong></span> <span class='ocrx_word' id='word_1_629' title='bbox 2414 1670 2603 1739; x_wconf 90' lang='lat' dir='ltr'><strong>inquit,</strong></span> <span class='ocrx_word' id='word_1_630' title='bbox 2635 1670 3023 1739; x_wconf 67' lang='lat' dir='ltr'><strong>«Dominusqui</strong></span> <span class='ocrx_word' id='word_1_631' title='bbox 3054 1674 3131 1725; x_wconf 88' lang='lat' dir='ltr'><strong>sic</strong></span> <span class='ocrx_word' id='word_1_632' title='bbox 3159 1672 3462 1741; x_wconf 88' lang='lat' dir='ltr'><strong>mcjudica-</strong></span> 
     </span>
    </p>
   </div>
   <div class='ocr_carea' id='block_1_77' title="bbox 1871 1760 3462 1831">
    <p class='ocr_par' dir='ltr' id='par_1_77' title="bbox 1871 1760 3462 1831">
     <span class='ocr_line' id='line_1_77' title="bbox 1871 1760 3462 1831; baseline 0.001 -18"><span class='ocrx_word' id='word_1_633' title='bbox 1871 1760 1968 1825; x_wconf 90' lang='lat' dir='ltr'><strong>vit,</strong></span> <span class='ocrx_word' id='word_1_634' title='bbox 1999 1769 2053 1815; x_wconf 90' lang='lat' dir='ltr'><strong>et</strong></span> <span class='ocrx_word' id='word_1_635' title='bbox 2080 1760 2430 1828; x_wconf 89' lang='lat' dir='ltr'><strong>Omnipotens</strong></span> <span class='ocrx_word' id='word_1_636' title='bbox 2450 1801 2465 1828; x_wconf 92' lang='lat'><strong>,</strong></span> <span class='ocrx_word' id='word_1_637' title='bbox 2498 1762 2589 1831; x_wconf 91' lang='lat' dir='ltr'><strong>qui</strong></span> <span class='ocrx_word' id='word_1_638' title='bbox 2621 1760 2797 1815; x_wconf 76' lang='lat' dir='ltr'><strong>affecit</strong></span> <span class='ocrx_word' id='word_1_639' title='bbox 2824 1762 3177 1817; x_wconf 81' lang='lat' dir='ltr'><strong>amaritudine</strong></span> <span class='ocrx_word' id='word_1_640' title='bbox 3228 1763 3462 1816; x_wconf 88' lang='lat' dir='ltr'><strong>animam</strong></span> 
     </span>
    </p>
   </div>
   <div class='ocr_carea' id='block_1_78' title="bbox 1872 1852 3462 1924">
    <p class='ocr_par' dir='ltr' id='par_1_78' title="bbox 1872 1852 3462 1924">
     <span class='ocr_line' id='line_1_78' title="bbox 1872 1852 3462 1924; baseline 0.003 -19"><span class='ocrx_word' id='word_1_641' title='bbox 1872 1867 2044 1906; x_wconf 90' lang='lat' dir='ltr'><strong>meam</strong></span> <span class='ocrx_word' id='word_1_642' title='bbox 2077 1871 2090 1901; x_wconf 88' lang='lat'><strong>-.</strong></span> <span class='ocrx_word' id='word_1_643' title='bbox 2118 1866 2238 1907; x_wconf 92' lang='lat' dir='ltr'><strong>cum</strong></span> <span class='ocrx_word' id='word_1_644' title='bbox 2258 1852 2433 1906; x_wconf 88' lang='lat' dir='ltr'><strong>adhuc</strong></span> <span class='ocrx_word' id='word_1_645' title='bbox 2459 1853 2656 1907; x_wconf 90' lang='lat' dir='ltr'><strong>halitus</strong></span> <span class='ocrx_word' id='word_1_646' title='bbox 2673 1869 2819 1907; x_wconf 85' lang='lat' dir='ltr'><strong>meus</strong></span> <span class='ocrx_word' id='word_1_647' title='bbox 2839 1854 3112 1917; x_wconf 85' lang='lat' dir='ltr'><strong>immanet,</strong></span> <span class='ocrx_word' id='word_1_648' title='bbox 3137 1854 3462 1924; x_wconf 85' lang='lat' dir='ltr'><strong>spiritusque</strong></span> 
     </span>
    </p>
   </div>
   <div class='ocr_carea' id='block_1_79' title="bbox 1872 1942 3463 2011">
    <p class='ocr_par' dir='ltr' id='par_1_79' title="bbox 1872 1942 3463 2011">
     <span class='ocr_line' id='line_1_79' title="bbox 1872 1942 3463 2011; baseline 0.003 -16"><span class='ocrx_word' id='word_1_649' title='bbox 1872 1942 2082 1996; x_wconf 89' lang='lat' dir='ltr'><strong>divinus</strong></span> <span class='ocrx_word' id='word_1_650' title='bbox 2118 1953 2365 2011; x_wconf 89' lang='lat' dir='ltr'><strong>superest</strong></span> <span class='ocrx_word' id='word_1_651' title='bbox 2412 1945 2462 1997; x_wconf 90' lang='lat' dir='ltr'><strong>in</strong></span> <span class='ocrx_word' id='word_1_652' title='bbox 2487 1945 2708 1999; x_wconf 84' lang='lat' dir='ltr'><strong>naribus</strong></span> <span class='ocrx_word' id='word_1_653' title='bbox 2730 1945 2860 1998; x_wconf 91' lang='lat' dir='ltr'><strong>meis</strong></span> <span class='ocrx_word' id='word_1_654' title='bbox 2886 1986 2898 2009; x_wconf 94' lang='lat'><strong>,</strong></span> <span class='ocrx_word' id='word_1_655' title='bbox 2931 1945 3067 1998; x_wconf 84' lang='lat' dir='ltr'><strong>labia</strong></span> <span class='ocrx_word' id='word_1_656' title='bbox 3091 1962 3207 1999; x_wconf 88' lang='lat' dir='ltr'><strong>mea</strong></span> <span class='ocrx_word' id='word_1_657' title='bbox 3240 1962 3343 1999; x_wconf 91' lang='lat' dir='ltr'><strong>non</strong></span> <span class='ocrx_word' id='word_1_658' title='bbox 3384 1947 3463 1999; x_wconf 86' lang='lat' dir='ltr'><strong>lo-</strong></span> 
     </span>
    </p>
   </div>
   <div class='ocr_carea' id='block_1_80' title="bbox 1868 2034 3462 2105">
    <p class='ocr_par' dir='ltr' id='par_1_80' title="bbox 1868 2034 3462 2105">
     <span class='ocr_line' id='line_1_80' title="bbox 1868 2034 3462 2105; baseline 0.003 -18"><span class='ocrx_word' id='word_1_659' title='bbox 1868 2044 2099 2105; x_wconf 89' lang='lat' dir='ltr'><strong>quentur</strong></span> <span class='ocrx_word' id='word_1_660' title='bbox 2126 2034 2324 2104; x_wconf 88' lang='lat' dir='ltr'><strong>iniqua.</strong></span> <span class='ocrx_word' id='word_1_661' title='bbox 2355 2035 2701 2090; x_wconf 82' lang='lat' dir='ltr'><strong>Anuuntiabo</strong></span> <span class='ocrx_word' id='word_1_662' title='bbox 2744 2036 2894 2090; x_wconf 91' lang='lat' dir='ltr'><strong>vobis</strong></span> <span class='ocrx_word' id='word_1_663' title='bbox 2938 2036 3066 2105; x_wconf 86' lang='lat' dir='ltr'><strong>quid</strong></span> <span class='ocrx_word' id='word_1_664' title='bbox 3114 2037 3186 2090; x_wconf 91' lang='lat' dir='ltr'><strong>sit</strong></span> <span class='ocrx_word' id='word_1_665' title='bbox 3218 2038 3271 2090; x_wconf 89' lang='lat' dir='ltr'><strong>in</strong></span> <span class='ocrx_word' id='word_1_666' title='bbox 3302 2052 3462 2091; x_wconf 90' lang='lat' dir='ltr'><strong>manu</strong></span> 
     </span>
    </p>
   </div>
   <div class='ocr_carea' id='block_1_81' title="bbox 1872 2133 3463 2202">
    <p class='ocr_par' dir='ltr' id='par_1_81' title="bbox 1872 2133 3463 2202">
     <span class='ocr_line' id='line_1_81' title="bbox 1872 2133 3463 2202; baseline 0.001 -15"><span class='ocrx_word' id='word_1_667' title='bbox 1872 2133 2104 2187; x_wconf 87' lang='lat' dir='ltr'><strong>Domini.</strong></span> <span class='ocrx_word' id='word_1_668' title='bbox 2136 2133 2274 2187; x_wconf 87' lang='lat' dir='ltr'><strong>Ecce</strong></span> <span class='ocrx_word' id='word_1_669' title='bbox 2300 2149 2485 2188; x_wconf 90' lang='lat' dir='ltr'><strong>omnes</strong></span> <span class='ocrx_word' id='word_1_670' title='bbox 2516 2135 2706 2198; x_wconf 87' lang='lat' dir='ltr'><strong>nostis,</strong></span> <span class='ocrx_word' id='word_1_671' title='bbox 2733 2134 2853 2202; x_wconf 86' lang='lat' dir='ltr'><strong>quia</strong></span> <span class='ocrx_word' id='word_1_672' title='bbox 2886 2149 3017 2187; x_wconf 88' lang='lat' dir='ltr'><strong>vana</strong></span> <span class='ocrx_word' id='word_1_673' title='bbox 3038 2133 3190 2186; x_wconf 84' lang='lat' dir='ltr'><strong>vanis</strong></span> <span class='ocrx_word' id='word_1_674' title='bbox 3209 2133 3463 2188; x_wconf 59' lang='lat' dir='ltr'><strong>insidiose</strong></span> 
     </span>
    </p>
   </div>
   <div class='ocr_carea' id='block_1_82' title="bbox 1870 2224 3459 2295">
    <p class='ocr_par' dir='ltr' id='par_1_82' title="bbox 1870 2224 3459 2295">
     <span class='ocr_line' id='line_1_82' title="bbox 1870 2224 3459 2295; baseline 0.001 -18"><span class='ocrx_word' id='word_1_675' title='bbox 1870 2224 2121 2291; x_wconf 90' lang='lat' dir='ltr'><strong>adjicitis.</strong></span> <span class='ocrx_word' id='word_1_676' title='bbox 2158 2224 2281 2278; x_wconf 71' lang='lat' dir='ltr'><strong>llzec</strong></span> <span class='ocrx_word' id='word_1_677' title='bbox 2311 2226 2486 2295; x_wconf 89' lang='lat' dir='ltr'><strong>portio</strong></span> <span class='ocrx_word' id='word_1_678' title='bbox 2528 2235 2609 2280; x_wconf 90' lang='lat' dir='ltr'><strong>est</strong></span> <span class='ocrx_word' id='word_1_679' title='bbox 2660 2225 2892 2280; x_wconf 91' lang='lat' dir='ltr'><strong>hominis</strong></span> <span class='ocrx_word' id='word_1_680' title='bbox 2935 2226 3083 2294; x_wconf 89' lang='lat' dir='ltr'><strong>impii</strong></span> <span class='ocrx_word' id='word_1_681' title='bbox 3134 2240 3163 2279; x_wconf 90' lang='lat' dir='ltr'><strong>a</strong></span> <span class='ocrx_word' id='word_1_682' title='bbox 3213 2226 3459 2279; x_wconf 80' lang='lat' dir='ltr'><strong>Domino.</strong></span> 
     </span>
    </p>
   </div>
   <div class='ocr_carea' id='block_1_83' title="bbox 1870 2314 3458 2385">
    <p class='ocr_par' dir='ltr' id='par_1_83' title="bbox 1870 2314 3458 2385">
     <span class='ocr_line' id='line_1_83' title="bbox 1870 2314 3458 2385; baseline 0.002 -18"><span class='ocrx_word' id='word_1_683' title='bbox 1870 2314 2020 2380; x_wconf 89' lang='lat' dir='ltr'><strong>Quod</strong></span> <span class='ocrx_word' id='word_1_684' title='bbox 2048 2317 2090 2370; x_wconf 93' lang='lat' dir='ltr'><strong>si</strong></span> <span class='ocrx_word' id='word_1_685' title='bbox 2116 2316 2266 2369; x_wconf 90' lang='lat' dir='ltr'><strong>mttlti</strong></span> <span class='ocrx_word' id='word_1_686' title='bbox 2296 2316 2493 2371; x_wconf 87' lang='lat' dir='ltr'><strong>fuerint</strong></span> <span class='ocrx_word' id='word_1_687' title='bbox 2525 2317 2619 2370; x_wconf 87' lang='lat' dir='ltr'><strong>lilii</strong></span> <span class='ocrx_word' id='word_1_688' title='bbox 2650 2316 2789 2385; x_wconf 80' lang='lat' dir='ltr'><strong>ejus,</strong></span> <span class='ocrx_word' id='word_1_689' title='bbox 2828 2317 2879 2370; x_wconf 94' lang='lat' dir='ltr'><strong>in</strong></span> <span class='ocrx_word' id='word_1_690' title='bbox 2913 2317 3237 2371; x_wconf 83' lang='lat' dir='ltr'><strong>occisionem</strong></span> <span class='ocrx_word' id='word_1_691' title='bbox 3268 2326 3458 2371; x_wconf 90' lang='lat' dir='ltr'><strong>erunt:</strong></span> 
     </span>
    </p>
   </div>
   <div class='ocr_carea' id='block_1_84' title="bbox 1872 2406 3461 2481">
    <p class='ocr_par' dir='ltr' id='par_1_84' title="bbox 1872 2406 3461 2481">
     <span class='ocr_line' id='line_1_84' title="bbox 1872 2406 3461 2481; baseline 0.005 -26"><span class='ocrx_word' id='word_1_692' title='bbox 1872 2406 2039 2459; x_wconf 82' lang='lat' dir='ltr'><strong>viduis</strong></span> <span class='ocrx_word' id='word_1_693' title='bbox 2068 2416 2244 2460; x_wconf 88' lang='lat' dir='ltr'><strong>autem</strong></span> <span class='ocrx_word' id='word_1_694' title='bbox 2276 2423 2461 2461; x_wconf 91' lang='lat' dir='ltr'><strong>eorum</strong></span> <span class='ocrx_word' id='word_1_695' title='bbox 2507 2423 2665 2461; x_wconf 87' lang='lat' dir='ltr'><strong>nemo</strong></span> <span class='ocrx_word' id='word_1_696' title='bbox 2687 2409 3025 2463; x_wconf 81' lang='lat' dir='ltr'><strong>miserebitur</strong></span> <span class='ocrx_word' id='word_1_697' title='bbox 3060 2428 3081 2459; x_wconf 77' lang='grc'><strong>1</strong></span> <span class='ocrx_word' id='word_1_698' title='bbox 3123 2407 3269 2481; x_wconf 88' lang='lat' dir='ltr'><strong>(Cap.</strong></span> <span class='ocrx_word' id='word_1_699' title='bbox 3293 2408 3381 2463; x_wconf 87' lang='grc'><strong>27.</strong></span> <span class='ocrx_word' id='word_1_700' title='bbox 3412 2426 3461 2463; x_wconf 76' lang='grc' dir='ltr'><strong>υ.</strong></span> 
     </span>
    </p>
   </div>
   <div class='ocr_carea' id='block_1_85' title="bbox 1868 2498 3465 2572">
    <p class='ocr_par' dir='ltr' id='par_1_85' title="bbox 1868 2498 3465 2572">
     <span class='ocr_line' id='line_1_85' title="bbox 1868 2498 3465 2572; baseline 0.003 -19"><span class='ocrx_word' id='word_1_701' title='bbox 1868 2498 2491 2571; x_wconf 74' lang='grc'><strong>2-1.11-15.14.15.).‹</strong></span> <span class='ocrx_word' id='word_1_702' title='bbox 2516 2501 2571 2557; x_wconf 91' lang='lat' dir='ltr'><strong>Si</strong></span> <span class='ocrx_word' id='word_1_703' title='bbox 2589 2502 2865 2572; x_wconf 82' lang='lat' dir='ltr'><strong>collegerit</strong></span> <span class='ocrx_word' id='word_1_704' title='bbox 2882 2503 3071 2571; x_wconf 83' lang='lat' dir='ltr'><strong>impius</strong></span> <span class='ocrx_word' id='word_1_705' title='bbox 3093 2513 3148 2556; x_wconf 91' lang='lat' dir='ltr'><strong>ut</strong></span> <span class='ocrx_word' id='word_1_706' title='bbox 3167 2513 3359 2557; x_wconf 85' lang='lat' dir='ltr'><strong>terram</strong></span> <span class='ocrx_word' id='word_1_707' title='bbox 3379 2520 3465 2557; x_wconf 84' lang='lat' dir='ltr'><strong>ar—</strong></span> 
     </span>
    </p>
   </div>
   <div class='ocr_carea' id='block_1_86' title="bbox 1868 2594 3457 2666">
    <p class='ocr_par' dir='ltr' id='par_1_86' title="bbox 1868 2594 3457 2666">
     <span class='ocr_line' id='line_1_86' title="bbox 1868 2594 3457 2666; baseline 0.002 -19"><span class='ocrx_word' id='word_1_708' title='bbox 1868 2603 2084 2664; x_wconf 85' lang='lat' dir='ltr'><strong>gentum</strong></span> <span class='ocrx_word' id='word_1_709' title='bbox 2111 2610 2125 2648; x_wconf 89' lang='lat'>:</span> <span class='ocrx_word' id='word_1_710' title='bbox 2155 2595 2303 2649; x_wconf 92' lang='lat' dir='ltr'><strong>locus</strong></span> <span class='ocrx_word' id='word_1_711' title='bbox 2325 2595 2462 2649; x_wconf 89' lang='lat' dir='ltr'><strong>unde</strong></span> <span class='ocrx_word' id='word_1_712' title='bbox 2479 2594 2558 2663; x_wconf 82' lang='lat' dir='ltr'><strong>fit,</strong></span> <span class='ocrx_word' id='word_1_713' title='bbox 2581 2596 2698 2666; x_wconf 89' lang='lat' dir='ltr'><strong>quis</strong></span> <span class='ocrx_word' id='word_1_714' title='bbox 2716 2596 2833 2651; x_wconf 86' lang='lat' dir='ltr'><strong>est?</strong></span> <span class='ocrx_word' id='word_1_715' title='bbox 2855 2597 2973 2665; x_wconf 90' lang='lat' dir='ltr'><strong>quis</strong></span> <span class='ocrx_word' id='word_1_716' title='bbox 2991 2595 3138 2649; x_wconf 75' lang='lat' dir='ltr'><strong>locus</strong></span> <span class='ocrx_word' id='word_1_717' title='bbox 3160 2596 3295 2663; x_wconf 88' lang='lat' dir='ltr'><strong>auri,</strong></span> <span class='ocrx_word' id='word_1_718' title='bbox 3315 2596 3457 2650; x_wconf 89' lang='lat' dir='ltr'><strong>unde</strong></span> 
     </span>
    </p>
   </div>
   <div class='ocr_carea' id='block_1_87' title="bbox 1872 2686 3461 2757">
    <p class='ocr_par' dir='ltr' id='par_1_87' title="bbox 1872 2686 3461 2757">
     <span class='ocr_line' id='line_1_87' title="bbox 1872 2686 3461 2757; baseline 0.001 -18"><span class='ocrx_word' id='word_1_719' title='bbox 1872 2686 2217 2754; x_wconf 87' lang='lat' dir='ltr'><strong>percolatur?</strong></span> <span class='ocrx_word' id='word_1_720' title='bbox 2246 2686 2465 2741; x_wconf 86' lang='lat' dir='ltr'><strong>Ferrum</strong></span> <span class='ocrx_word' id='word_1_721' title='bbox 2493 2687 2705 2757; x_wconf 88' lang='lat' dir='ltr'><strong>quidem</strong></span> <span class='ocrx_word' id='word_1_722' title='bbox 2737 2687 2803 2741; x_wconf 90' lang='lat' dir='ltr'><strong>de</strong></span> <span class='ocrx_word' id='word_1_723' title='bbox 2829 2696 2966 2741; x_wconf 88' lang='lat' dir='ltr'><strong>terra</strong></span> <span class='ocrx_word' id='word_1_724' title='bbox 2993 2687 3069 2747; x_wconf 87' lang='lat' dir='ltr'><strong>lit,</strong></span> <span class='ocrx_word' id='word_1_725' title='bbox 3100 2701 3174 2740; x_wconf 70' lang='lat' dir='ltr'><strong>:x-s</strong></span> <span class='ocrx_word' id='word_1_726' title='bbox 3199 2697 3373 2741; x_wconf 88' lang='lat' dir='ltr'><strong>autem</strong></span> <span class='ocrx_word' id='word_1_727' title='bbox 3403 2696 3461 2740; x_wconf 90' lang='lat' dir='ltr'><strong>ttt</strong></span> 
     </span>
    </p>
   </div>
   <div class='ocr_carea' id='block_1_88' title="bbox 1872 2775 3463 2847">
    <p class='ocr_par' dir='ltr' id='par_1_88' title="bbox 1872 2775 3463 2847">
     <span class='ocr_line' id='line_1_88' title="bbox 1872 2775 3463 2847; baseline 0.003 -19"><span class='ocrx_word' id='word_1_728' title='bbox 1872 2775 2006 2846; x_wconf 87' lang='lat' dir='ltr'><strong>lapis</strong></span> <span class='ocrx_word' id='word_1_729' title='bbox 2033 2776 2271 2831; x_wconf 69' lang='lat' dir='ltr'><strong>cteditur.</strong></span> <span class='ocrx_word' id='word_1_730' title='bbox 2296 2777 2465 2832; x_wconf 91' lang='lat' dir='ltr'><strong>Omne</strong></span> <span class='ocrx_word' id='word_1_731' title='bbox 2494 2780 2805 2847; x_wconf 87' lang='lat' dir='ltr'><strong>pretiosum,</strong></span> <span class='ocrx_word' id='word_1_732' title='bbox 2836 2799 2853 2830; x_wconf 81' lang='grc'><strong>1</strong></span> <span class='ocrx_word' id='word_1_733' title='bbox 2878 2779 3065 2847; x_wconf 85' lang='lat' dir='ltr'><strong>inquit,</strong></span> <span class='ocrx_word' id='word_1_734' title='bbox 3088 2797 3106 2829; x_wconf 76' lang='grc' dir='ltr'>ι</span> <span class='ocrx_word' id='word_1_735' title='bbox 3128 2778 3463 2832; x_wconf 88' lang='lat' dir='ltr'><strong>viditoculus</strong></span> 
     </span>
    </p>
   </div>
   <div class='ocr_carea' id='block_1_89' title="bbox 1873 2869 3459 2941">
    <p class='ocr_par' dir='ltr' id='par_1_89' title="bbox 1873 2869 3459 2941">
     <span class='ocr_line' id='line_1_89' title="bbox 1873 2869 3459 2941; baseline 0.003 -21"><span class='ocrx_word' id='word_1_736' title='bbox 1873 2884 2044 2922; x_wconf 87' lang='lat' dir='ltr'><strong>meus.</strong></span> <span class='ocrx_word' id='word_1_737' title='bbox 2068 2869 2337 2939; x_wconf 87' lang='lat' dir='ltr'><strong>Sapientia</strong></span> <span class='ocrx_word' id='word_1_738' title='bbox 2367 2881 2542 2927; x_wconf 88' lang='lat' dir='ltr'><strong>autem</strong></span> <span class='ocrx_word' id='word_1_739' title='bbox 2571 2872 2687 2941; x_wconf 90' lang='lat' dir='ltr'><strong>ejus</strong></span> <span class='ocrx_word' id='word_1_740' title='bbox 2719 2872 2856 2926; x_wconf 85' lang='lat' dir='ltr'><strong>unde</strong></span> <span class='ocrx_word' id='word_1_741' title='bbox 2893 2874 3104 2925; x_wconf 79' lang='lat' dir='ltr'><strong>inventa</strong></span> <span class='ocrx_word' id='word_1_742' title='bbox 3135 2871 3254 2924; x_wconf 84' lang='lat' dir='ltr'><strong>est?</strong></span> <span class='ocrx_word' id='word_1_743' title='bbox 3286 2871 3459 2941; x_wconf 83' lang='lat' dir='ltr'><strong>Abys-</strong></span> 
     </span>
    </p>
   </div>
   <div class='ocr_carea' id='block_1_90' title="bbox 1871 2956 3456 3025">
    <p class='ocr_par' dir='ltr' id='par_1_90' title="bbox 1871 2956 3456 3025">
     <span class='ocr_line' id='line_1_90' title="bbox 1871 2956 3456 3025; baseline -0.003 -10"><span class='ocrx_word' id='word_1_744' title='bbox 1871 2976 1962 3015; x_wconf 90' lang='lat' dir='ltr'><strong>sus</strong></span> <span class='ocrx_word' id='word_1_745' title='bbox 1985 2962 2138 3025; x_wconf 83' lang='lat' dir='ltr'><strong>dixit,</strong></span> <span class='ocrx_word' id='word_1_746' title='bbox 2158 2962 2271 3015; x_wconf 84' lang='lat' dir='ltr'><strong>Non</strong></span> <span class='ocrx_word' id='word_1_747' title='bbox 2293 2972 2371 3016; x_wconf 92' lang='lat' dir='ltr'><strong>est</strong></span> <span class='ocrx_word' id='word_1_748' title='bbox 2396 2965 2449 3016; x_wconf 93' lang='lat' dir='ltr'><strong>in</strong></span> <span class='ocrx_word' id='word_1_749' title='bbox 2468 2978 2552 3018; x_wconf 90' lang='lat' dir='ltr'><strong>me</strong></span> <span class='ocrx_word' id='word_1_750' title='bbox 2581 2957 2981 3025; x_wconf 83' lang='lat' dir='ltr'><strong>;etmaredixit,</strong></span> <span class='ocrx_word' id='word_1_751' title='bbox 2998 2956 3111 3012; x_wconf 81' lang='lat' dir='ltr'><strong>Non</strong></span> <span class='ocrx_word' id='word_1_752' title='bbox 3130 2968 3456 3013; x_wconf 82' lang='lat' dir='ltr'><strong>estmecnm.</strong></span> 
     </span>
    </p>
   </div>
   <div class='ocr_carea' id='block_1_91' title="bbox 1875 3053 3461 3123">
    <p class='ocr_par' dir='ltr' id='par_1_91' title="bbox 1875 3053 3461 3123">
     <span class='ocr_line' id='line_1_91' title="bbox 1875 3053 3461 3123; baseline 0.001 -18"><span class='ocrx_word' id='word_1_753' title='bbox 1875 3054 2098 3106; x_wconf 82' lang='lat' dir='ltr'><strong>Attrahe</strong></span> <span class='ocrx_word' id='word_1_754' title='bbox 2150 3055 2463 3123; x_wconf 86' lang='lat' dir='ltr'><strong>sapientiam</strong></span> <span class='ocrx_word' id='word_1_755' title='bbox 2521 3070 2685 3121; x_wconf 88' lang='lat' dir='ltr'><strong>super</strong></span> <span class='ocrx_word' id='word_1_756' title='bbox 2736 3070 2797 3107; x_wconf 90' lang='lat' dir='ltr'><strong>ea</strong></span> <span class='ocrx_word' id='word_1_757' title='bbox 2836 3070 2954 3122; x_wconf 66' lang='lat' dir='ltr'><strong>qua!</strong></span> <span class='ocrx_word' id='word_1_758' title='bbox 3003 3054 3232 3108; x_wconf 81' lang='lat' dir='ltr'><strong>maxime</strong></span> <span class='ocrx_word' id='word_1_759' title='bbox 3281 3053 3461 3107; x_wconf 82' lang='lat' dir='ltr'><strong>intima</strong></span> 
     </span>
    </p>
   </div>
   <div class='ocr_carea' id='block_1_92' title="bbox 1871 3145 3457 3214">
    <p class='ocr_par' dir='ltr' id='par_1_92' title="bbox 1871 3145 3457 3214">
     <span class='ocr_line' id='line_1_92' title="bbox 1871 3145 3457 3214; baseline 0 -17"><span class='ocrx_word' id='word_1_760' title='bbox 1871 3155 2013 3198; x_wconf 92' lang='lat' dir='ltr'><strong>sunt.</strong></span> <span class='ocrx_word' id='word_1_761' title='bbox 2048 3145 2161 3199; x_wconf 85' lang='lat' dir='ltr'><strong>Non</strong></span> <span class='ocrx_word' id='word_1_762' title='bbox 2182 3147 2480 3214; x_wconf 79' lang='lat' dir='ltr'><strong>:rqnabitur</strong></span> <span class='ocrx_word' id='word_1_763' title='bbox 2505 3147 2551 3199; x_wconf 91' lang='lat' dir='ltr'><strong>ei</strong></span> <span class='ocrx_word' id='word_1_764' title='bbox 2584 3147 2848 3214; x_wconf 87' lang='lat' dir='ltr'><strong>topazium</strong></span> <span class='ocrx_word' id='word_1_765' title='bbox 2874 3146 3165 3214; x_wconf 62' lang='lat' dir='ltr'><strong>{Ethiopiai</strong></span> <span class='ocrx_word' id='word_1_766' title='bbox 3192 3188 3205 3211; x_wconf 93' lang='lat'><strong>,</strong></span> <span class='ocrx_word' id='word_1_767' title='bbox 3240 3154 3296 3199; x_wconf 87' lang='lat' dir='ltr'><strong>et</strong></span> <span class='ocrx_word' id='word_1_768' title='bbox 3324 3161 3457 3199; x_wconf 89' lang='lat' dir='ltr'><strong>auro</strong></span> 
     </span>
    </p>
   </div>
   <div class='ocr_carea' id='block_1_93' title="bbox 1874 3238 3461 3308">
    <p class='ocr_par' dir='ltr' id='par_1_93' title="bbox 1874 3238 3461 3308">
     <span class='ocr_line' id='line_1_93' title="bbox 1874 3238 3461 3308; baseline -0.001 -17"><span class='ocrx_word' id='word_1_769' title='bbox 1874 3254 2007 3308; x_wconf 91' lang='lat' dir='ltr'><strong>puro</strong></span> <span class='ocrx_word' id='word_1_770' title='bbox 2044 3255 2146 3292; x_wconf 89' lang='lat' dir='ltr'><strong>non</strong></span> <span class='ocrx_word' id='word_1_771' title='bbox 2175 3238 2500 3293; x_wconf 90' lang='lat' dir='ltr'><strong>conferetur.</strong></span> <span class='ocrx_word' id='word_1_772' title='bbox 2537 3239 2795 3292; x_wconf 90' lang='lat' dir='ltr'><strong>Dominus</strong></span> <span class='ocrx_word' id='word_1_773' title='bbox 2844 3240 2979 3292; x_wconf 86' lang='lat' dir='ltr'><strong>bene</strong></span> <span class='ocrx_word' id='word_1_774' title='bbox 3008 3239 3282 3293; x_wconf 90' lang='lat' dir='ltr'><strong>constituit</strong></span> <span class='ocrx_word' id='word_1_775' title='bbox 3321 3239 3461 3291; x_wconf 85' lang='lat' dir='ltr'><strong>viam</strong></span> 
     </span>
    </p>
   </div>
   <div class='ocr_carea' id='block_1_94' title="bbox 1873 3329 3453 3401">
    <p class='ocr_par' dir='ltr' id='par_1_94' title="bbox 1873 3329 3453 3401">
     <span class='ocr_line' id='line_1_94' title="bbox 1873 3329 3453 3401; baseline -0.003 -17"><span class='ocrx_word' id='word_1_776' title='bbox 1873 3332 2006 3401; x_wconf 89' lang='lat' dir='ltr'><strong>ejus.</strong></span> <span class='ocrx_word' id='word_1_777' title='bbox 2045 3331 2159 3401; x_wconf 87' lang='lat' dir='ltr'><strong>Ipse</strong></span> <span class='ocrx_word' id='word_1_778' title='bbox 2187 3332 2327 3384; x_wconf 90' lang='lat' dir='ltr'><strong>enim</strong></span> <span class='ocrx_word' id='word_1_779' title='bbox 2365 3346 2522 3384; x_wconf 91' lang='lat' dir='ltr'><strong>omne</strong></span> <span class='ocrx_word' id='word_1_780' title='bbox 2567 3331 2709 3400; x_wconf 88' lang='lat' dir='ltr'><strong>quod</strong></span> <span class='ocrx_word' id='word_1_781' title='bbox 2742 3330 2839 3384; x_wconf 90' lang='lat' dir='ltr'><strong>sub</strong></span> <span class='ocrx_word' id='word_1_782' title='bbox 2869 3330 3003 3383; x_wconf 78' lang='lat' dir='ltr'><strong>c:rlo</strong></span> <span class='ocrx_word' id='word_1_783' title='bbox 3048 3340 3130 3383; x_wconf 89' lang='lat' dir='ltr'><strong>est</strong></span> <span class='ocrx_word' id='word_1_784' title='bbox 3180 3329 3453 3398; x_wconf 85' lang='lat' dir='ltr'><strong>perspicit,</strong></span> 
     </span>
    </p>
   </div>
   <div class='ocr_carea' id='block_1_95' title="bbox 1876 3419 3463 3490">
    <p class='ocr_par' dir='ltr' id='par_1_95' title="bbox 1876 3419 3463 3490">
     <span class='ocr_line' id='line_1_95' title="bbox 1876 3419 3463 3490; baseline -0.001 -17"><span class='ocrx_word' id='word_1_785' title='bbox 1876 3432 1998 3475; x_wconf 91' lang='lat' dir='ltr'><strong>nota</strong></span> <span class='ocrx_word' id='word_1_786' title='bbox 2023 3422 2222 3475; x_wconf 90' lang='lat' dir='ltr'><strong>habens</strong></span> <span class='ocrx_word' id='word_1_787' title='bbox 2251 3422 2425 3474; x_wconf 89' lang='lat' dir='ltr'><strong>omnia</strong></span> <span class='ocrx_word' id='word_1_788' title='bbox 2456 3436 2574 3490; x_wconf 75' lang='lat' dir='ltr'><strong>qum</strong></span> <span class='ocrx_word' id='word_1_789' title='bbox 2598 3421 2647 3473; x_wconf 92' lang='lat' dir='ltr'><strong>in</strong></span> <span class='ocrx_word' id='word_1_790' title='bbox 2674 3430 2833 3483; x_wconf 84' lang='lat' dir='ltr'><strong>terra,</strong></span> <span class='ocrx_word' id='word_1_791' title='bbox 2862 3428 3142 3474; x_wconf 85' lang='lat' dir='ltr'><strong>ventorum</strong></span> <span class='ocrx_word' id='word_1_792' title='bbox 3173 3419 3463 3473; x_wconf 88' lang='lat' dir='ltr'><strong>libramen-</strong></span> 
     </span>
    </p>
   </div>
   <div class='ocr_carea' id='block_1_96' title="bbox 1874 3510 3461 3583">
    <p class='ocr_par' dir='ltr' id='par_1_96' title="bbox 1874 3510 3461 3583">
     <span class='ocr_line' id='line_1_96' title="bbox 1874 3510 3461 3583; baseline -0.004 -15"><span class='ocrx_word' id='word_1_793' title='bbox 1874 3524 2006 3578; x_wconf 90' lang='lat' dir='ltr'><strong>tum,</strong></span> <span class='ocrx_word' id='word_1_794' title='bbox 2034 3530 2286 3583; x_wconf 89' lang='lat' dir='ltr'><strong>aquarum</strong></span> <span class='ocrx_word' id='word_1_795' title='bbox 2321 3528 2619 3569; x_wconf 82' lang='lat' dir='ltr'><strong>mensuras.</strong></span> <span class='ocrx_word' id='word_1_796' title='bbox 2654 3513 2796 3566; x_wconf 67' lang='lat' dir='ltr'><strong>Dixit</strong></span> <span class='ocrx_word' id='word_1_797' title='bbox 2826 3512 3026 3565; x_wconf 86' lang='lat' dir='ltr'><strong>homini</strong></span> <span class='ocrx_word' id='word_1_798' title='bbox 3058 3529 3069 3561; x_wconf 94' lang='lat'><strong>:</strong></span> <span class='ocrx_word' id='word_1_799' title='bbox 3106 3512 3241 3565; x_wconf 80' lang='lat' dir='ltr'><strong>Ecce</strong></span> <span class='ocrx_word' id='word_1_800' title='bbox 3286 3510 3461 3564; x_wconf 88' lang='lat' dir='ltr'><strong>cultus</strong></span> 
     </span>
    </p>
   </div>
   <div class='ocr_carea' id='block_1_97' title="bbox 1876 3599 3460 3675">
    <p class='ocr_par' dir='ltr' id='par_1_97' title="bbox 1876 3599 3460 3675">
     <span class='ocr_line' id='line_1_97' title="bbox 1876 3599 3460 3675; baseline -0.004 -15"><span class='ocrx_word' id='word_1_801' title='bbox 1876 3606 1965 3660; x_wconf 84' lang='lat' dir='ltr'><strong>Dei</strong></span> <span class='ocrx_word' id='word_1_802' title='bbox 1998 3616 2078 3658; x_wconf 87' lang='lat' dir='ltr'><strong>est</strong></span> <span class='ocrx_word' id='word_1_803' title='bbox 2107 3607 2362 3671; x_wconf 81' lang='lat' dir='ltr'><strong>sapientia</strong></span> <span class='ocrx_word' id='word_1_804' title='bbox 2400 3625 2417 3655; x_wconf 87' lang='grc'><strong>1</strong></span> <span class='ocrx_word' id='word_1_805' title='bbox 2443 3606 2589 3675; x_wconf 80' lang='lat' dir='ltr'><strong>(Cap.</strong></span> <span class='ocrx_word' id='word_1_806' title='bbox 2617 3604 2704 3657; x_wconf 93' lang='grc'><strong>27.</strong></span> <span class='ocrx_word' id='word_1_807' title='bbox 2731 3622 2780 3658; x_wconf 83' lang='grc' dir='ltr'><strong>υ.</strong></span> <span class='ocrx_word' id='word_1_808' title='bbox 2808 3604 2891 3657; x_wconf 82' lang='grc'><strong>16.</strong></span> <span class='ocrx_word' id='word_1_809' title='bbox 2922 3613 2966 3655; x_wconf 80' lang='lat' dir='ltr'><strong>et</strong></span> <span class='ocrx_word' id='word_1_810' title='bbox 2998 3601 3123 3666; x_wconf 84' lang='lat' dir='ltr'><strong>Cap.</strong></span> <span class='ocrx_word' id='word_1_811' title='bbox 3152 3599 3242 3655; x_wconf 88' lang='grc'><strong>28.</strong></span> <span class='ocrx_word' id='word_1_812' title='bbox 3267 3615 3313 3653; x_wconf 84' lang='grc' dir='ltr'><strong>υ.</strong></span> <span class='ocrx_word' id='word_1_813' title='bbox 3335 3601 3460 3654; x_wconf 87' lang='grc'><strong>1.2.</strong></span> 
     </span>
    </p>
   </div>
   <div class='ocr_carea' id='block_1_98' title="bbox 1876 3696 2794 3766">
    <p class='ocr_par' dir='ltr' id='par_1_98' title="bbox 1876 3696 2794 3766">
     <span class='ocr_line' id='line_1_98' title="bbox 1876 3696 2794 3766; baseline -0.003 -15"><span class='ocrx_word' id='word_1_814' title='bbox 1876 3700 1962 3751; x_wconf 88' lang='grc'><strong>10.</strong></span> <span class='ocrx_word' id='word_1_815' title='bbox 1998 3698 2079 3750; x_wconf 82' lang='grc'><strong>12.</strong></span> <span class='ocrx_word' id='word_1_816' title='bbox 2120 3697 2202 3749; x_wconf 64' lang='grc'><strong>111.</strong></span> <span class='ocrx_word' id='word_1_817' title='bbox 2234 3696 2434 3750; x_wconf 82' lang='lat'><strong>18.19.</strong></span> <span class='ocrx_word' id='word_1_818' title='bbox 2464 3696 2646 3751; x_wconf 69' lang='grc'><strong>2525.</strong></span> <span class='ocrx_word' id='word_1_819' title='bbox 2677 3696 2794 3766; x_wconf 87' lang='grc'><strong>28).</strong></span> 
     </span>
    </p>
   </div>
   <div class='ocr_carea' id='block_1_99' title="bbox 1945 3784 3459 3852">
    <p class='ocr_par' dir='ltr' id='par_1_99' title="bbox 1945 3784 3459 3852">
     <span class='ocr_line' id='line_1_99' title="bbox 1945 3784 3459 3852; baseline -0.003 -11"><span class='ocrx_word' id='word_1_820' title='bbox 1945 3789 2053 3841; x_wconf 90' lang='lat' dir='ltr'><strong>Illis</strong></span> <span class='ocrx_word' id='word_1_821' title='bbox 2082 3800 2257 3841; x_wconf 83' lang='lat' dir='ltr'><strong>autem</strong></span> <span class='ocrx_word' id='word_1_822' title='bbox 2282 3788 2451 3841; x_wconf 91' lang='lat' dir='ltr'><strong>tribus</strong></span> <span class='ocrx_word' id='word_1_823' title='bbox 2484 3787 2778 3841; x_wconf 87' lang='lat' dir='ltr'><strong>tacentibus</strong></span> <span class='ocrx_word' id='word_1_824' title='bbox 2816 3785 3074 3852; x_wconf 77' lang='lat' dir='ltr'><strong>atljicicns</strong></span> <span class='ocrx_word' id='word_1_825' title='bbox 3108 3784 3208 3838; x_wconf 87' lang='lat' dir='ltr'><strong>.lob</strong></span> <span class='ocrx_word' id='word_1_826' title='bbox 3246 3784 3297 3837; x_wconf 93' lang='lat' dir='ltr'><strong>in</strong></span> <span class='ocrx_word' id='word_1_827' title='bbox 3335 3797 3459 3852; x_wconf 84' lang='lat' dir='ltr'><strong>pro-</strong></span> 
     </span>
    </p>
   </div>
   <div class='ocr_carea' id='block_1_100' title="bbox 1876 3874 3460 3947">
    <p class='ocr_par' dir='ltr' id='par_1_100' title="bbox 1876 3874 3460 3947">
     <span class='ocr_line' id='line_1_100' title="bbox 1876 3874 3460 3947; baseline -0.004 -14"><span class='ocrx_word' id='word_1_828' title='bbox 1876 3882 2038 3940; x_wconf 72' lang='lat' dir='ltr'><strong>cemio</strong></span> <span class='ocrx_word' id='word_1_829' title='bbox 2063 3881 2195 3934; x_wconf 87' lang='lat' dir='ltr'><strong>dicit</strong></span> <span class='ocrx_word' id='word_1_830' title='bbox 2223 3898 2235 3931; x_wconf 94' lang='lat'>:</span> <span class='ocrx_word' id='word_1_831' title='bbox 2271 3899 2289 3931; x_wconf 84' lang='grc'>‹</span> <span class='ocrx_word' id='word_1_832' title='bbox 2328 3879 2459 3944; x_wconf 90' lang='lat' dir='ltr'><strong>Quis</strong></span> <span class='ocrx_word' id='word_1_833' title='bbox 2489 3894 2572 3932; x_wconf 90' lang='lat' dir='ltr'><strong>me</strong></span> <span class='ocrx_word' id='word_1_834' title='bbox 2601 3888 2759 3947; x_wconf 90' lang='lat' dir='ltr'><strong>ponat</strong></span> <span class='ocrx_word' id='word_1_835' title='bbox 2787 3878 2836 3930; x_wconf 92' lang='lat' dir='ltr'><strong>in</strong></span> <span class='ocrx_word' id='word_1_836' title='bbox 2870 3891 3055 3929; x_wconf 84' lang='lat' dir='ltr'><strong>mense</strong></span> <span class='ocrx_word' id='word_1_837' title='bbox 3088 3876 3317 3944; x_wconf 91' lang='lat' dir='ltr'><strong>priorem</strong></span> <span class='ocrx_word' id='word_1_838' title='bbox 3346 3874 3460 3928; x_wconf 83' lang='lat' dir='ltr'><strong>die-</strong></span> 
     </span>
    </p>
   </div>
   <div class='ocr_carea' id='block_1_101' title="bbox 1876 3964 3463 4043">
    <p class='ocr_par' dir='ltr' id='par_1_101' title="bbox 1876 3964 3463 4043">
     <span class='ocr_line' id='line_1_101' title="bbox 1876 3964 3463 4043; baseline -0.006 -15"><span class='ocrx_word' id='word_1_839' title='bbox 1876 3990 2015 4035; x_wconf 88' lang='lat' dir='ltr'><strong>rum,</strong></span> <span class='ocrx_word' id='word_1_840' title='bbox 2048 3973 2239 4043; x_wconf 90' lang='lat' dir='ltr'><strong>quibus</strong></span> <span class='ocrx_word' id='word_1_841' title='bbox 2284 3987 2368 4025; x_wconf 91' lang='lat' dir='ltr'><strong>me</strong></span> <span class='ocrx_word' id='word_1_842' title='bbox 2401 3971 2539 4024; x_wconf 89' lang='lat' dir='ltr'><strong>Deus</strong></span> <span class='ocrx_word' id='word_1_843' title='bbox 2568 3968 2940 4023; x_wconf 87' lang='lat' dir='ltr'><strong>custodiebat?</strong></span> <span class='ocrx_word' id='word_1_844' title='bbox 2970 3967 3105 4022; x_wconf 89' lang='lat' dir='ltr'><strong>Cum</strong></span> <span class='ocrx_word' id='word_1_845' title='bbox 3148 3964 3463 4035; x_wconf 77' lang='lat' dir='ltr'><strong>Splendebat</strong></span> 
     </span>
    </p>
   </div>
   <div class='ocr_carea' id='block_1_102' title="bbox 1878 4057 3462 4133">
    <p class='ocr_par' dir='ltr' id='par_1_102' title="bbox 1878 4057 3462 4133">
     <span class='ocr_line' id='line_1_102' title="bbox 1878 4057 3462 4133; baseline -0.006 -12"><span class='ocrx_word' id='word_1_846' title='bbox 1878 4070 2092 4121; x_wconf 89' lang='lat' dir='ltr'><strong>lucerna</strong></span> <span class='ocrx_word' id='word_1_847' title='bbox 2122 4066 2238 4133; x_wconf 88' lang='lat' dir='ltr'><strong>ejus</strong></span> <span class='ocrx_word' id='word_1_848' title='bbox 2283 4078 2444 4131; x_wconf 91' lang='lat' dir='ltr'><strong>super</strong></span> <span class='ocrx_word' id='word_1_849' title='bbox 2493 4070 2650 4131; x_wconf 89' lang='lat' dir='ltr'><strong>caput</strong></span> <span class='ocrx_word' id='word_1_850' title='bbox 2680 4076 2879 4126; x_wconf 87' lang='lat' dir='ltr'><strong>meum,</strong></span> <span class='ocrx_word' id='word_1_851' title='bbox 2927 4059 3138 4113; x_wconf 83' lang='lat' dir='ltr'><strong>exibam</strong></span> <span class='ocrx_word' id='word_1_852' title='bbox 3172 4057 3462 4111; x_wconf 90' lang='lat' dir='ltr'><strong>matutinus</strong></span> 
     </span>
    </p>
   </div>
   <div class='ocr_carea' id='block_1_103' title="bbox 1877 4149 3459 4224">
    <p class='ocr_par' dir='ltr' id='par_1_103' title="bbox 1877 4149 3459 4224">
     <span class='ocr_line' id='line_1_103' title="bbox 1877 4149 3459 4224; baseline -0.008 -11"><span class='ocrx_word' id='word_1_853' title='bbox 1877 4161 1927 4213; x_wconf 93' lang='lat' dir='ltr'><strong>in</strong></span> <span class='ocrx_word' id='word_1_854' title='bbox 1947 4158 2181 4221; x_wconf 88' lang='lat' dir='ltr'><strong>civitate,</strong></span> <span class='ocrx_word' id='word_1_855' title='bbox 2217 4157 2267 4209; x_wconf 94' lang='lat' dir='ltr'><strong>in</strong></span> <span class='ocrx_word' id='word_1_856' title='bbox 2313 4155 2503 4224; x_wconf 87' lang='lat' dir='ltr'><strong>plateis</strong></span> <span class='ocrx_word' id='word_1_857' title='bbox 2552 4164 2726 4207; x_wconf 85' lang='lat' dir='ltr'><strong>autem</strong></span> <span class='ocrx_word' id='word_1_858' title='bbox 2782 4152 3078 4221; x_wconf 83' lang='lat' dir='ltr'><strong>ponebatur</strong></span> <span class='ocrx_word' id='word_1_859' title='bbox 3127 4149 3257 4203; x_wconf 90' lang='lat' dir='ltr'><strong>mihi</strong></span> <span class='ocrx_word' id='word_1_860' title='bbox 3307 4149 3459 4203; x_wconf 89' lang='lat' dir='ltr'><strong>sella.</strong></span> 
     </span>
    </p>
   </div>
   <div class='ocr_carea' id='block_1_104' title="bbox 1876 4241 3463 4317">
    <p class='ocr_par' dir='ltr' id='par_1_104' title="bbox 1876 4241 3463 4317">
     <span class='ocr_line' id='line_1_104' title="bbox 1876 4241 3463 4317; baseline -0.008 -10"><span class='ocrx_word' id='word_1_861' title='bbox 1876 4252 2094 4307; x_wconf 77' lang='lat' dir='ltr'><strong>Servavi</strong></span> <span class='ocrx_word' id='word_1_862' title='bbox 2124 4250 2263 4303; x_wconf 90' lang='lat' dir='ltr'><strong>enim</strong></span> <span class='ocrx_word' id='word_1_863' title='bbox 2295 4263 2583 4317; x_wconf 87' lang='lat' dir='ltr'><strong>pauperem</strong></span> <span class='ocrx_word' id='word_1_864' title='bbox 2620 4246 2687 4300; x_wconf 92' lang='lat' dir='ltr'><strong>de</strong></span> <span class='ocrx_word' id='word_1_865' title='bbox 2727 4262 2886 4299; x_wconf 87' lang='lat' dir='ltr'><strong>manu</strong></span> <span class='ocrx_word' id='word_1_866' title='bbox 2934 4244 3250 4313; x_wconf 78' lang='lat' dir='ltr'><strong>potentium.</strong></span> <span class='ocrx_word' id='word_1_867' title='bbox 3293 4241 3463 4296; x_wconf 88' lang='lat' dir='ltr'><strong>Bene—</strong></span> 
     </span>
    </p>
   </div>
   <div class='ocr_carea' id='block_1_105' title="bbox 1876 4335 3457 4410">
    <p class='ocr_par' dir='ltr' id='par_1_105' title="bbox 1876 4335 3457 4410">
     <span class='ocr_line' id='line_1_105' title="bbox 1876 4335 3457 4410; baseline -0.006 -13"><span class='ocrx_word' id='word_1_868' title='bbox 1876 4344 2038 4397; x_wconf 88' lang='lat' dir='ltr'><strong>dictio</strong></span> <span class='ocrx_word' id='word_1_869' title='bbox 2070 4344 2404 4410; x_wconf 89' lang='lat' dir='ltr'><strong>perenntinm</strong></span> <span class='ocrx_word' id='word_1_870' title='bbox 2437 4355 2599 4407; x_wconf 90' lang='lat' dir='ltr'><strong>super</strong></span> <span class='ocrx_word' id='word_1_871' title='bbox 2624 4354 2707 4392; x_wconf 86' lang='lat' dir='ltr'><strong>me</strong></span> <span class='ocrx_word' id='word_1_872' title='bbox 2738 4339 2933 4391; x_wconf 88' lang='lat' dir='ltr'><strong>veniat.</strong></span> <span class='ocrx_word' id='word_1_873' title='bbox 2963 4336 3162 4391; x_wconf 85' lang='lat' dir='ltr'><strong>Oculus</strong></span> <span class='ocrx_word' id='word_1_874' title='bbox 3192 4335 3260 4389; x_wconf 86' lang='lat' dir='ltr'><strong>fui</strong></span> <span class='ocrx_word' id='word_1_875' title='bbox 3283 4348 3457 4389; x_wconf 63' lang='lat' dir='ltr'><strong>Caeco-</strong></span> 
     </span>
    </p>
   </div>
   <div class='ocr_carea' id='block_1_106' title="bbox 1877 4427 3455 4500">
    <p class='ocr_par' dir='ltr' id='par_1_106' title="bbox 1877 4427 3455 4500">
     <span class='ocr_line' id='line_1_106' title="bbox 1877 4427 3455 4500; baseline -0.006 -13"><span class='ocrx_word' id='word_1_876' title='bbox 1877 4450 2015 4495; x_wconf 88' lang='lat' dir='ltr'><strong>rtnn,</strong></span> <span class='ocrx_word' id='word_1_877' title='bbox 2044 4443 2096 4485; x_wconf 92' lang='lat' dir='ltr'><strong>et</strong></span> <span class='ocrx_word' id='word_1_878' title='bbox 2125 4446 2217 4500; x_wconf 85' lang='lat' dir='ltr'><strong>pes</strong></span> <span class='ocrx_word' id='word_1_879' title='bbox 2247 4430 2554 4484; x_wconf 85' lang='lat' dir='ltr'><strong>clandorum</strong></span> <span class='ocrx_word' id='word_1_880' title='bbox 2578 4470 2592 4493; x_wconf 91' lang='lat'><strong>,</strong></span> <span class='ocrx_word' id='word_1_881' title='bbox 2641 4441 2789 4498; x_wconf 90' lang='lat' dir='ltr'><strong>pater</strong></span> <span class='ocrx_word' id='word_1_882' title='bbox 2832 4440 3008 4483; x_wconf 89' lang='lat' dir='ltr'><strong>autem</strong></span> <span class='ocrx_word' id='word_1_883' title='bbox 3063 4427 3455 4496; x_wconf 89' lang='lat' dir='ltr'><strong>impotentium.</strong></span> 
     </span>
    </p>
   </div>
   <div class='ocr_carea' id='block_1_107' title="bbox 1876 4519 3454 4594">
    <p class='ocr_par' dir='ltr' id='par_1_107' title="bbox 1876 4519 3454 4594">
     <span class='ocr_line' id='line_1_107' title="bbox 1876 4519 3454 4594; baseline -0.008 -13"><span class='ocrx_word' id='word_1_884' title='bbox 1876 4525 2123 4594; x_wconf 83' lang='lat' dir='ltr'><strong>Confregi</strong></span> <span class='ocrx_word' id='word_1_885' title='bbox 2148 4524 2315 4577; x_wconf 84' lang='lat' dir='ltr'><strong>molas</strong></span> <span class='ocrx_word' id='word_1_886' title='bbox 2347 4524 2643 4590; x_wconf 91' lang='lat' dir='ltr'><strong>iniquorum</strong></span> <span class='ocrx_word' id='word_1_887' title='bbox 2676 4539 2689 4574; x_wconf 87' lang='lat'>:</span> <span class='ocrx_word' id='word_1_888' title='bbox 2714 4520 2779 4573; x_wconf 89' lang='lat' dir='ltr'><strong>de</strong></span> <span class='ocrx_word' id='word_1_889' title='bbox 2802 4520 2978 4573; x_wconf 83' lang='lat' dir='ltr'><strong>medio</strong></span> <span class='ocrx_word' id='word_1_890' title='bbox 3000 4519 3238 4573; x_wconf 90' lang='lat' dir='ltr'><strong>dentium</strong></span> <span class='ocrx_word' id='word_1_891' title='bbox 3268 4533 3454 4573; x_wconf 86' lang='lat' dir='ltr'><strong>eorum</strong></span> 
     </span>
    </p>
   </div>
   <div class='ocr_carea' id='block_1_108' title="bbox 1876 4609 3463 4686">
    <p class='ocr_par' dir='ltr' id='par_1_108' title="bbox 1876 4609 3463 4686">
     <span class='ocr_line' id='line_1_108' title="bbox 1876 4609 3463 4686; baseline -0.006 -15"><span class='ocrx_word' id='word_1_892' title='bbox 1876 4618 2113 4686; x_wconf 86' lang='lat' dir='ltr'><strong>rapinam</strong></span> <span class='ocrx_word' id='word_1_893' title='bbox 2144 4615 2334 4684; x_wconf 91' lang='lat' dir='ltr'><strong>eripui.</strong></span> <span class='ocrx_word' id='word_1_894' title='bbox 2374 4613 2524 4669; x_wconf 92' lang='lat' dir='ltr'><strong>Sicut</strong></span> <span class='ocrx_word' id='word_1_895' title='bbox 2569 4622 2709 4666; x_wconf 89' lang='lat' dir='ltr'><strong>terra</strong></span> <span class='ocrx_word' id='word_1_896' title='bbox 2756 4611 2941 4665; x_wconf 90' lang='lat' dir='ltr'><strong>sitiens</strong></span> <span class='ocrx_word' id='word_1_897' title='bbox 2990 4610 3287 4679; x_wconf 89' lang='lat' dir='ltr'><strong>suscipiens</strong></span> <span class='ocrx_word' id='word_1_898' title='bbox 3345 4609 3463 4679; x_wconf 87' lang='lat' dir='ltr'><strong>plu-</strong></span> 
     </span>
    </p>
   </div>
   <div class='ocr_carea' id='block_1_109' title="bbox 1876 4702 3456 4771">
    <p class='ocr_par' dir='ltr' id='par_1_109' title="bbox 1876 4702 3456 4771">
     <span class='ocr_line' id='line_1_109' title="bbox 1876 4702 3456 4771; baseline -0.004 -9"><span class='ocrx_word' id='word_1_899' title='bbox 1876 4710 2036 4771; x_wconf 88' lang='lat' dir='ltr'><strong>viam,</strong></span> <span class='ocrx_word' id='word_1_900' title='bbox 2066 4710 2142 4762; x_wconf 92' lang='lat' dir='ltr'><strong>sic</strong></span> <span class='ocrx_word' id='word_1_901' title='bbox 2171 4708 2222 4761; x_wconf 92' lang='lat' dir='ltr'><strong>hi</strong></span> <span class='ocrx_word' id='word_1_902' title='bbox 2251 4723 2426 4761; x_wconf 89' lang='lat' dir='ltr'><strong>meum</strong></span> <span class='ocrx_word' id='word_1_903' title='bbox 2452 4720 2773 4759; x_wconf 88' lang='lat' dir='ltr'><strong>sermonem.</strong></span> <span class='ocrx_word' id='word_1_904' title='bbox 2814 4702 3127 4756; x_wconf 79' lang='lat' dir='ltr'><strong>Habitabant</strong></span> <span class='ocrx_word' id='word_1_905' title='bbox 3171 4702 3321 4771; x_wconf 89' lang='lat' dir='ltr'><strong>quasi</strong></span> <span class='ocrx_word' id='word_1_906' title='bbox 3366 4716 3456 4755; x_wconf 79' lang='lat' dir='ltr'><strong>rex</strong></span> 
     </span>
    </p>
   </div>
   <div class='ocr_carea' id='block_1_110' title="bbox 1878 4791 3430 4868">
    <p class='ocr_par' dir='ltr' id='par_1_110' title="bbox 1878 4791 3430 4868">
     <span class='ocr_line' id='line_1_110' title="bbox 1878 4791 3430 4868; baseline -0.008 -12"><span class='ocrx_word' id='word_1_907' title='bbox 1878 4803 1930 4856; x_wconf 90' lang='lat' dir='ltr'><strong>in</strong></span> <span class='ocrx_word' id='word_1_908' title='bbox 1959 4802 2210 4855; x_wconf 89' lang='lat' dir='ltr'><strong>accinctis</strong></span> <span class='ocrx_word' id='word_1_909' title='bbox 2241 4820 2259 4851; x_wconf 80' lang='grc'><strong>1</strong></span> <span class='ocrx_word' id='word_1_910' title='bbox 2294 4800 2445 4868; x_wconf 87' lang='lat' dir='ltr'><strong>(Cap.</strong></span> <span class='ocrx_word' id='word_1_911' title='bbox 2475 4798 2565 4853; x_wconf 86' lang='grc'><strong>29.</strong></span> <span class='ocrx_word' id='word_1_912' title='bbox 2595 4813 2643 4851; x_wconf 88' lang='grc' dir='ltr'><strong>υ.</strong></span> <span class='ocrx_word' id='word_1_913' title='bbox 2670 4797 2724 4849; x_wconf 87' lang='grc'><strong>2.</strong></span> <span class='ocrx_word' id='word_1_914' title='bbox 2757 4797 2808 4850; x_wconf 88' lang='grc'><strong>5.</strong></span> <span class='ocrx_word' id='word_1_915' title='bbox 2842 4796 2892 4847; x_wconf 88' lang='lat'><strong>7.</strong></span> <span class='ocrx_word' id='word_1_916' title='bbox 2925 4794 3010 4849; x_wconf 90' lang='grc'><strong>12.</strong></span> <span class='ocrx_word' id='word_1_917' title='bbox 3042 4796 3128 4848; x_wconf 89' lang='grc'><strong>15.</strong></span> <span class='ocrx_word' id='word_1_918' title='bbox 3156 4794 3343 4849; x_wconf 84' lang='grc'><strong>15-17.</strong></span> <span class='ocrx_word' id='word_1_919' title='bbox 3368 4791 3430 4845; x_wconf 74' lang='grc'><strong>23</strong></span> 
     </span>
    </p>
   </div>
   <div class='ocr_carea' id='block_1_111' title="bbox 1875 4886 3460 4963">
    <p class='ocr_par' dir='ltr' id='par_1_111' title="bbox 1875 4886 3460 4963">
     <span class='ocr_line' id='line_1_111' title="bbox 1875 4886 3460 4963; baseline -0.008 -15"><span class='ocrx_word' id='word_1_920' title='bbox 1875 4893 1946 4948; x_wconf 88' lang='grc'><strong>25</strong></span> <span class='ocrx_word' id='word_1_921' title='bbox 1970 4893 2011 4963; x_wconf 94' lang='grc'><strong>).</strong></span> <span class='ocrx_word' id='word_1_922' title='bbox 2061 4910 2079 4943; x_wconf 73' lang='grc' dir='ltr'><strong><em>ι</em></strong></span> <span class='ocrx_word' id='word_1_923' title='bbox 2115 4892 2408 4948; x_wconf 89' lang='lat' dir='ltr'><strong>Stultorum</strong></span> <span class='ocrx_word' id='word_1_924' title='bbox 2454 4890 2584 4953; x_wconf 86' lang='grc'><strong>11111,</strong></span> <span class='ocrx_word' id='word_1_925' title='bbox 2616 4889 2934 4957; x_wconf 90' lang='lat' dir='ltr'><strong>nomineque</strong></span> <span class='ocrx_word' id='word_1_926' title='bbox 2977 4886 3237 4957; x_wconf 82' lang='lat' dir='ltr'><strong>ignobiles</strong></span> <span class='ocrx_word' id='word_1_927' title='bbox 3275 4904 3287 4937; x_wconf 90' lang='lat'><strong>:</strong></span> <span class='ocrx_word' id='word_1_928' title='bbox 3318 4900 3460 4938; x_wconf 89' lang='lat' dir='ltr'><strong>nunc</strong></span> 
     </span>
    </p>
   </div>
   <div class='ocr_carea' id='block_1_112' title="bbox 1875 4976 3457 5049">
    <p class='ocr_par' dir='ltr' id='par_1_112' title="bbox 1875 4976 3457 5049">
     <span class='ocr_line' id='line_1_112' title="bbox 1875 4976 3457 5049; baseline -0.007 -10"><span class='ocrx_word' id='word_1_929' title='bbox 1875 4996 2053 5039; x_wconf 88' lang='lat' dir='ltr'><strong>autem</strong></span> <span class='ocrx_word' id='word_1_930' title='bbox 2081 4986 2278 5038; x_wconf 84' lang='lat' dir='ltr'><strong>cithara</strong></span> <span class='ocrx_word' id='word_1_931' title='bbox 2326 4983 2532 5035; x_wconf 89' lang='lat' dir='ltr'><strong>illorum</strong></span> <span class='ocrx_word' id='word_1_932' title='bbox 2567 4996 2666 5049; x_wconf 84' lang='lat' dir='ltr'><strong>ego</strong></span> <span class='ocrx_word' id='word_1_933' title='bbox 2696 4997 2843 5043; x_wconf 91' lang='lat' dir='ltr'><strong>sum,</strong></span> <span class='ocrx_word' id='word_1_934' title='bbox 2876 4989 2929 5034; x_wconf 91' lang='lat' dir='ltr'><strong>et</strong></span> <span class='ocrx_word' id='word_1_935' title='bbox 2975 4996 3059 5034; x_wconf 91' lang='lat' dir='ltr'><strong>me</strong></span> <span class='ocrx_word' id='word_1_936' title='bbox 3090 4980 3315 5033; x_wconf 89' lang='lat' dir='ltr'><strong>fabulam</strong></span> <span class='ocrx_word' id='word_1_937' title='bbox 3358 4976 3457 5029; x_wconf 88' lang='lat' dir='ltr'><strong>ha-</strong></span> 
     </span>
    </p>
   </div>
   <div class='ocr_carea' id='block_1_113' title="bbox 1878 5069 3453 5143">
    <p class='ocr_par' dir='ltr' id='par_1_113' title="bbox 1878 5069 3453 5143">
     <span class='ocr_line' id='line_1_113' title="bbox 1878 5069 3453 5143; baseline -0.006 -11"><span class='ocrx_word' id='word_1_938' title='bbox 1878 5080 2023 5133; x_wconf 88' lang='lat' dir='ltr'><strong>bent.</strong></span> <span class='ocrx_word' id='word_1_939' title='bbox 2052 5077 2161 5132; x_wconf 87' lang='lat' dir='ltr'><strong>Nec</strong></span> <span class='ocrx_word' id='word_1_940' title='bbox 2195 5078 2243 5130; x_wconf 92' lang='lat' dir='ltr'><strong>in</strong></span> <span class='ocrx_word' id='word_1_941' title='bbox 2274 5077 2463 5130; x_wconf 88' lang='lat' dir='ltr'><strong>faciem</strong></span> <span class='ocrx_word' id='word_1_942' title='bbox 2499 5090 2671 5129; x_wconf 89' lang='lat' dir='ltr'><strong>meam</strong></span> <span class='ocrx_word' id='word_1_943' title='bbox 2712 5085 3067 5143; x_wconf 89' lang='lat' dir='ltr'><strong>pepercerunt</strong></span> <span class='ocrx_word' id='word_1_944' title='bbox 3102 5086 3311 5141; x_wconf 84' lang='lat' dir='ltr'><strong>spuere.</strong></span> <span class='ocrx_word' id='word_1_945' title='bbox 3344 5069 3453 5122; x_wconf 84' lang='lat' dir='ltr'><strong>Re-</strong></span> 
     </span>
    </p>
   </div>
   <div class='ocr_carea' id='block_1_114' title="bbox 1880 5163 3458 5241">
    <p class='ocr_par' dir='ltr' id='par_1_114' title="bbox 1880 5163 3458 5241">
     <span class='ocr_line' id='line_1_114' title="bbox 1880 5163 3458 5241; baseline -0.006 -16"><span class='ocrx_word' id='word_1_946' title='bbox 1880 5172 2074 5241; x_wconf 80' lang='lat' dir='ltr'><strong>pttlaSli</strong></span> <span class='ocrx_word' id='word_1_947' title='bbox 2118 5182 2293 5225; x_wconf 88' lang='lat' dir='ltr'><strong>autem</strong></span> <span class='ocrx_word' id='word_1_948' title='bbox 2344 5186 2428 5224; x_wconf 92' lang='lat' dir='ltr'><strong>me</strong></span> <span class='ocrx_word' id='word_1_949' title='bbox 2471 5170 2609 5224; x_wconf 82' lang='lat' dir='ltr'><strong>sicut</strong></span> <span class='ocrx_word' id='word_1_950' title='bbox 2656 5169 2823 5222; x_wconf 90' lang='lat' dir='ltr'><strong>lutum</strong></span> <span class='ocrx_word' id='word_1_951' title='bbox 2860 5186 2872 5221; x_wconf 91' lang='lat'><strong>:</strong></span> <span class='ocrx_word' id='word_1_952' title='bbox 2905 5168 2957 5221; x_wconf 93' lang='lat' dir='ltr'><strong>in</strong></span> <span class='ocrx_word' id='word_1_953' title='bbox 3003 5176 3141 5221; x_wconf 88' lang='lat' dir='ltr'><strong>terra</strong></span> <span class='ocrx_word' id='word_1_954' title='bbox 3184 5174 3238 5218; x_wconf 88' lang='lat' dir='ltr'><strong>et</strong></span> <span class='ocrx_word' id='word_1_955' title='bbox 3274 5163 3458 5216; x_wconf 87' lang='lat' dir='ltr'><strong>cinere</strong></span> 
     </span>
    </p>
   </div>
   <div class='ocr_carea' id='block_1_115' title="bbox 1880 5251 3458 5333">
    <p class='ocr_par' dir='ltr' id='par_1_115' title="bbox 1880 5251 3458 5333">
     <span class='ocr_line' id='line_1_115' title="bbox 1880 5251 3458 5333; baseline -0.008 -16"><span class='ocrx_word' id='word_1_956' title='bbox 1880 5264 2054 5333; x_wconf 90' lang='lat' dir='ltr'><strong>portio</strong></span> <span class='ocrx_word' id='word_1_957' title='bbox 2087 5278 2222 5316; x_wconf 91' lang='lat' dir='ltr'><strong>mea.</strong></span> <span class='ocrx_word' id='word_1_958' title='bbox 2257 5261 2410 5315; x_wconf 86' lang='lat' dir='ltr'><strong>Manu</strong></span> <span class='ocrx_word' id='word_1_959' title='bbox 2437 5270 2612 5314; x_wconf 86' lang='lat' dir='ltr'><strong>autem</strong></span> <span class='ocrx_word' id='word_1_960' title='bbox 2646 5260 2847 5330; x_wconf 88' lang='lat' dir='ltr'><strong>potenti</strong></span> <span class='ocrx_word' id='word_1_961' title='bbox 2878 5274 2961 5312; x_wconf 91' lang='lat' dir='ltr'><strong>me</strong></span> <span class='ocrx_word' id='word_1_962' title='bbox 2998 5254 3293 5325; x_wconf 82' lang='lat' dir='ltr'><strong>ﬂagellasti.</strong></span> <span class='ocrx_word' id='word_1_963' title='bbox 3330 5251 3458 5305; x_wconf 84' lang='lat' dir='ltr'><strong>Fra-</strong></span> 
     </span>
    </p>
   </div>
   <div class='ocr_carea' id='block_1_116' title="bbox 1882 5346 3454 5422">
    <p class='ocr_par' dir='ltr' id='par_1_116' title="bbox 1882 5346 3454 5422">
     <span class='ocr_line' id='line_1_116' title="bbox 1882 5346 3454 5422; baseline -0.01 -14"><span class='ocrx_word' id='word_1_964' title='bbox 1882 5365 1982 5420; x_wconf 89' lang='lat' dir='ltr'><strong>ter,</strong></span> <span class='ocrx_word' id='word_1_965' title='bbox 2038 5353 2247 5422; x_wconf 89' lang='lat' dir='ltr'><strong>inquit,</strong></span> <span class='ocrx_word' id='word_1_966' title='bbox 2291 5352 2362 5405; x_wconf 89' lang='lat' dir='ltr'><strong>fui</strong></span> <span class='ocrx_word' id='word_1_967' title='bbox 2412 5353 2692 5416; x_wconf 84' lang='lat' dir='ltr'><strong>Sirenum,</strong></span> <span class='ocrx_word' id='word_1_968' title='bbox 2736 5352 3016 5417; x_wconf 79' lang='lat' dir='ltr'><strong>sociusque</strong></span> <span class='ocrx_word' id='word_1_969' title='bbox 3045 5346 3403 5399; x_wconf 85' lang='lat' dir='ltr'><strong>strntltionnm</strong></span> <span class='ocrx_word' id='word_1_970' title='bbox 3436 5367 3454 5393; x_wconf 75' lang='grc' dir='ltr'>ι</span> 
     </span>
    </p>
   </div>
   <div class='ocr_carea' id='block_1_117' title="bbox 1884 5438 3459 5519">
    <p class='ocr_par' dir='ltr' id='par_1_117' title="bbox 1884 5438 3459 5519">
     <span class='ocr_line' id='line_1_117' title="bbox 1884 5438 3459 5519; baseline -0.007 -20"><span class='ocrx_word' id='word_1_971' title='bbox 1884 5447 2059 5519; x_wconf 85' lang='lat' dir='ltr'><strong>(Cap.</strong></span> <span class='ocrx_word' id='word_1_972' title='bbox 2118 5446 2204 5500; x_wconf 81' lang='grc'><strong>50.</strong></span> <span class='ocrx_word' id='word_1_973' title='bbox 2258 5445 2467 5500; x_wconf 89' lang='lat'><strong>8-10.</strong></span> <span class='ocrx_word' id='word_1_974' title='bbox 2513 5445 2599 5499; x_wconf 90' lang='lat'><strong>19.</strong></span> <span class='ocrx_word' id='word_1_975' title='bbox 2655 5444 2745 5498; x_wconf 92' lang='grc'><strong>21.</strong></span> <span class='ocrx_word' id='word_1_976' title='bbox 2795 5441 2934 5509; x_wconf 87' lang='grc'><strong>29).</strong></span> <span class='ocrx_word' id='word_1_977' title='bbox 2998 5457 3016 5490; x_wconf 73' lang='grc' dir='ltr'>ι</span> <span class='ocrx_word' id='word_1_978' title='bbox 3071 5438 3125 5492; x_wconf 88' lang='lat' dir='ltr'><strong>Si</strong></span> <span class='ocrx_word' id='word_1_979' title='bbox 3178 5445 3459 5504; x_wconf 85' lang='lat' dir='ltr'><strong>sequutum</strong></span> 
     </span>
    </p>
   </div>
   <div class='ocr_carea' id='block_1_118' title="bbox 1880 5530 3459 5597">
    <p class='ocr_par' dir='ltr' id='par_1_118' title="bbox 1880 5530 3459 5597">
     <span class='ocr_line' id='line_1_118' title="bbox 1880 5530 3459 5597; baseline -0.008 -5"><span class='ocrx_word' id='word_1_980' title='bbox 1880 5548 1961 5592; x_wconf 81' lang='lat' dir='ltr'><strong>est</strong></span> <span class='ocrx_word' id='word_1_981' title='bbox 2009 5552 2102 5591; x_wconf 91' lang='lat' dir='ltr'><strong>cor</strong></span> <span class='ocrx_word' id='word_1_982' title='bbox 2154 5552 2332 5591; x_wconf 92' lang='lat' dir='ltr'><strong>meum</strong></span> <span class='ocrx_word' id='word_1_983' title='bbox 2381 5551 2601 5590; x_wconf 83' lang='lat' dir='ltr'><strong>uxorem</strong></span> <span class='ocrx_word' id='word_1_984' title='bbox 2648 5534 2747 5587; x_wconf 92' lang='lat' dir='ltr'><strong>viri</strong></span> <span class='ocrx_word' id='word_1_985' title='bbox 2796 5531 3033 5591; x_wconf 88' lang='lat' dir='ltr'><strong>alterius,</strong></span> <span class='ocrx_word' id='word_1_986' title='bbox 3074 5530 3278 5597; x_wconf 80' lang='lat' dir='ltr'><strong>placeat</strong></span> <span class='ocrx_word' id='word_1_987' title='bbox 3322 5541 3459 5595; x_wconf 89' lang='lat' dir='ltr'><strong>quo-</strong></span> 
     </span>
    </p>
   </div>
   <div class='ocr_carea' id='block_1_119' title="bbox 1879 5618 3457 5698">
    <p class='ocr_par' dir='ltr' id='par_1_119' title="bbox 1879 5618 3457 5698">
     <span class='ocr_line' id='line_1_119' title="bbox 1879 5618 3457 5698; baseline -0.008 -15"><span class='ocrx_word' id='word_1_988' title='bbox 1879 5644 1980 5698; x_wconf 91' lang='lat' dir='ltr'><strong>que</strong></span> <span class='ocrx_word' id='word_1_989' title='bbox 2025 5644 2157 5681; x_wconf 74' lang='lat' dir='ltr'><strong>uxor</strong></span> <span class='ocrx_word' id='word_1_990' title='bbox 2206 5643 2319 5681; x_wconf 87' lang='lat' dir='ltr'><strong>mea</strong></span> <span class='ocrx_word' id='word_1_991' title='bbox 2367 5628 2542 5683; x_wconf 88' lang='lat' dir='ltr'><strong>alteri.</strong></span> <span class='ocrx_word' id='word_1_992' title='bbox 2584 5626 2755 5682; x_wconf 83' lang='lat' dir='ltr'><strong>Furor</strong></span> <span class='ocrx_word' id='word_1_993' title='bbox 2797 5624 2938 5680; x_wconf 88' lang='lat' dir='ltr'><strong>enim</strong></span> <span class='ocrx_word' id='word_1_994' title='bbox 2996 5620 3093 5672; x_wconf 90' lang='lat' dir='ltr'><strong>viri</strong></span> <span class='ocrx_word' id='word_1_995' title='bbox 3130 5618 3457 5685; x_wconf 86' lang='lat' dir='ltr'><strong>indomitus,</strong></span> 
     </span>
    </p>
   </div>
   <div class='ocr_carea' id='block_1_120' title="bbox 1881 5702 3455 5782">
    <p class='ocr_par' dir='ltr' id='par_1_120' title="bbox 1881 5702 3455 5782">
     <span class='ocr_line' id='line_1_120' title="bbox 1881 5702 3455 5782; baseline -0.006 -8"><span class='ocrx_word' id='word_1_996' title='bbox 1881 5717 2271 5774; x_wconf 86' lang='lat' dir='ltr'><strong>commaculare</strong></span> <span class='ocrx_word' id='word_1_997' title='bbox 2325 5719 2428 5772; x_wconf 91' lang='lat' dir='ltr'><strong>illis</strong></span> <span class='ocrx_word' id='word_1_998' title='bbox 2471 5734 2711 5773; x_wconf 88' lang='lat' dir='ltr'><strong>uxorem.</strong></span> <span class='ocrx_word' id='word_1_999' title='bbox 2746 5716 2802 5770; x_wconf 90' lang='lat' dir='ltr'><strong>Si</strong></span> <span class='ocrx_word' id='word_1_1000' title='bbox 2832 5702 3046 5782; x_wconf 84' lang='lat' dir='ltr'><strong>despexi</strong></span> <span class='ocrx_word' id='word_1_1001' title='bbox 3090 5710 3289 5765; x_wconf 89' lang='lat' dir='ltr'><strong>nudum</strong></span> <span class='ocrx_word' id='word_1_1002' title='bbox 3331 5726 3455 5779; x_wconf 83' lang='lat' dir='ltr'><strong>per-</strong></span> 
     </span>
    </p>
   </div>
   <div class='ocr_carea' id='block_1_121' title="bbox 1882 5807 3453 5880">
    <p class='ocr_par' dir='ltr' id='par_1_121' title="bbox 1882 5807 3453 5880">
     <span class='ocr_line' id='line_1_121' title="bbox 1882 5807 3453 5880; baseline -0.004 -18"><span class='ocrx_word' id='word_1_1003' title='bbox 1882 5822 2119 5877; x_wconf 80' lang='lat' dir='ltr'><strong>euntem,</strong></span> <span class='ocrx_word' id='word_1_1004' title='bbox 2152 5821 2334 5866; x_wconf 87' lang='lat' dir='ltr'><strong>etnon</strong></span> <span class='ocrx_word' id='word_1_1005' title='bbox 2379 5812 2561 5880; x_wconf 78' lang='lat' dir='ltr'><strong>aperui</strong></span> <span class='ocrx_word' id='word_1_1006' title='bbox 2605 5824 2747 5873; x_wconf 90' lang='lat' dir='ltr'><strong>eum,</strong></span> <span class='ocrx_word' id='word_1_1007' title='bbox 2777 5816 2830 5862; x_wconf 88' lang='lat' dir='ltr'><strong>et</strong></span> <span class='ocrx_word' id='word_1_1008' title='bbox 2859 5807 2922 5863; x_wconf 87' lang='lat' dir='ltr'><strong>de</strong></span> <span class='ocrx_word' id='word_1_1009' title='bbox 2956 5816 3169 5860; x_wconf 88' lang='lat' dir='ltr'><strong>tonsura</strong></span> <span class='ocrx_word' id='word_1_1010' title='bbox 3199 5818 3453 5871; x_wconf 83' lang='lat' dir='ltr'><strong>agnorum</strong></span> 
     </span>
    </p>
   </div>
  </div>
