4102 6322
702 373 808 427 367

702 496 944 539 meorum
968 493 1070 534 non
1097 474 1336 533 calefacti
1366 482 1489 529 sunt
1518 473 1727 528 humeri
1778 486 1959 526 eorum
1978 511 1992 531 ,
2033 466 2272 522 discedat

702 577 953 629 humerus
979 587 1127 625 meus
1151 585 1182 625 a
1205 567 1472 636 junctura.
1504 564 1655 632 Quod
1698 563 1742 617 si
1784 562 1995 633 gavisus
2054 575 2169 614 sum
2213 558 2279 612 de

700 668 851 721 ruina
879 664 1212 718 inimicorum
1240 674 1504 724 meorum,
1535 667 1589 713 et
1616 657 1749 711 dixit
1774 671 1867 709 cor
1889 669 2086 717 meum,
2108 653 2273 722 Euge,

700 756 880 810 audiat
905 754 1048 808 auris
1076 767 1198 806 mea
1246 750 1670 805 maledictionem
1703 763 1896 800 meam.
1952 746 2036 808 Et,
2082 746 2125 799 si
2171 760 2275 797 non

700 846 947 904 scindens
974 860 1092 898 eam
1124 842 1350 901 reddidi,
1388 840 1517 893 nihil
1564 837 1831 906 accipiens
1868 852 1895 889 a
1942 836 2201 898 debitore,
2232 834 2277 888 si

699 954 861 1007 super
887 952 971 991 me
997 916 1243 1004 umquam
1279 942 1417 987 terra
1459 932 1698 1001 gemuit,
1737 944 1834 998 pro
1869 928 2133 982 frumento
2160 942 2277 996 ger-

699 1034 865 1085 minet
916 1030 1043 1083 mihi
1098 1029 1261 1082 urtica
1300 1046 1318 1079 ι
1368 1024 1513 1099 (Cap.
1550 1027 1636 1081 51.
1670 1042 1720 1079 v.
1760 1024 1913 1078 9-H.
1946 1023 2033 1078 19.
2061 1022 2148 1076 20.
2180 1022 2267 1075 22.

700 1122 790 1178 29.
811 1123 897 1175 57.
931 1122 1020 1176 58.
1052 1120 1165 1190 to).

777 1216 850 1270 De
880 1215 1063 1268 Eliuzo
1101 1214 1209 1267 lilio
1246 1210 1519 1265 Baracbiel
1552 1208 1766 1264 Buzita:
1805 1206 2070 1277 quomodo
2112 1206 2277 1258 iratus

701 1307 863 1361 fuerit
891 1307 943 1358 in
974 1304 1164 1358 Jobum
1186 1346 1202 1369 ,
1231 1301 1369 1373 quod
1414 1316 1471 1355 se
1500 1299 1700 1353 diceret
1727 1298 1926 1367 justum
1958 1311 2136 1351 coram
2172 1296 2276 1348 Do-

700 1400 866 1453 mino.
909 1415 928 1448 ‹
963 1397 1245 1466 Exeipiens
1276 1396 1421 1448 Eliuz
1449 1393 1588 1448 filius
1616 1391 1887 1446 Barachiel
1916 1390 2125 1445 Buzitcs
2145 1432 2159 1452 ,
2190 1388 2274 1441 di-

701 1491 778 1544 xit
812 1508 822 1541 :
853 1489 1040 1544 Juuior
1070 1487 1280 1557 quidem
1312 1501 1429 1539 sum
1458 1493 1615 1538 tetate
1648 1502 1659 1536 :
1689 1497 1853 1552 quare
1882 1482 2052 1551 quievi
2086 1482 2276 1533 timens

700 1580 1017 1634 annuntiare
1037 1578 1186 1631 vobis
1206 1577 1479 1630 scientiam
1503 1590 1694 1628 meam.
1721 1592 1739 1621 μ
1763 1573 1913 1643 (ϐαρ.
1946 1572 2033 1626 '52.
2050 1588 2099 1626 υ.
2116 1572 2169 1625 2.
2196 1570 2273 1642 6).

704 1672 1007 1741 Exsurgens
1027 1669 1174 1723 Eliuz
1205 1667 1536 1737 impudenter
1562 1676 1745 1719 contra
1786 1663 1976 1718 Jobum
2008 1663 2273 1731 loquitur,

704 1763 871 1816 tribus
900 1761 1003 1815 illis
1033 1760 1324 1813 tacentibus
1356 1775 1369 1811 :
1407 1758 1642 1811 «Rursus
1670 1757 1888 1825 loquar;
1921 1754 2107 1824 plenus
2135 1754 2275 1807 enim

703 1868 818 1908 sum
841 1852 1015 1906 verbis
1041 1869 1060 1902 ι
1085 1849 1187 1922 (Jb.
1208 1849 1481 1913 v.17.l8).
1511 1848 1648 1902 Dixit
1674 1847 1824 1901 Eliuz
1849 1846 1914 1900 ad
1942 1845 2042 1900 Job
2070 1864 2082 1898 :
2117 1864 2134 1896 ι
2158 1843 2279 1913 Spi-

703 1945 834 1998 ritus
855 1943 1065 1997 divinus
1083 1940 1268 2011 estqui
1293 1956 1376 1994 me
1398 1940 1520 1994 fecit
1548 1957 1560 1991 :
1593 1938 1811 2008 spiratio
1830 1948 2005 1993 autem
2026 1937 2278 2006 Omnipo-

704 2037 861 2091 tentis
890 2051 1009 2106 quae
1046 2050 1131 2089 me
1172 2034 1346 2089 docet.
1384 2033 1437 2089 Si
1468 2033 1684 2102 poteris,
1727 2032 1794 2086 da
1822 2032 1947 2086 mihi
1976 2032 2277 2101 responsio-

703 2142 843 2181 nem.
877 2130 1095 2181 Avertat
1126 2124 1395 2179 hominem
1426 2124 1493 2177 ab
1523 2123 1815 2191 iniquitate.
1837 2123 2076 2192 Pepercit
2102 2131 2275 2175 autem

700 2219 890 2272 animae
916 2219 1032 2286 ejus
1060 2232 1089 2270 a
1120 2226 1381 2279 morte,et
1407 2230 1474 2269 ne
1498 2214 1757 2269 cadatille
1788 2215 1839 2267 in
1859 2213 2279 2284 bello.Coarguit

701 2319 876 2363 autem
907 2308 1054 2362 illum
1084 2308 1136 2361 in
1169 2307 1422 2376 languore
1446 2320 1607 2375 super
1635 2304 1814 2359 cubili.
1859 2304 2152 2358 Renovabit
2179 2321 2277 2357 au-

703 2402 806 2446 tem
838 2392 954 2461 ejus
982 2406 1176 2461 corpus
1196 2433 1210 2453 ,
1242 2391 1379 2445 sicut
1407 2390 1684 2444 tectorium
1716 2389 1767 2442 in
1799 2392 1999 2459 pariete
2020 2430 2033 2453 ,
2066 2399 2120 2442 et
2157 2404 2278 2443 ossa

701 2484 816 2552 ejus
838 2482 1077 2552 implebit
1093 2481 1339 2536 medulla.
1359 2480 1527 2545 Tunc,
1543 2500 1561 2532 ι
1581 2479 1767 2549 inquit,
1787 2499 1806 2531 ‹
1830 2480 2095 2534 accusabit
2118 2479 2279 2534 homo

702 2576 937 2646 seipsum
967 2574 1152 2629 dicens
1184 2591 1196 2627 :
1220 2572 1404 2639 Qualia
1433 2571 1767 2626 efﬁciebam?
1791 2587 1894 2625 non
1917 2571 2127 2641 dignam
2157 2587 2280 2641 pec-

701 2669 837 2722 catis
886 2667 1017 2721 meis
1060 2666 1461 2735 castigationem
1511 2663 1704 2718 intulit.
1743 2683 1762 2715 ι
1798 2662 1985 2716 Adhuc
2030 2662 2280 2729 loquutus

702 2768 784 2811 est
812 2759 962 2813 Eliuz
991 2757 1055 2811 ad
1086 2756 1277 2811 Jobum
1311 2776 1323 2810 :
1359 2774 1376 2807 ‹
1410 2756 1640 2811 Auribus
1669 2756 1900 2826 percipe,
1929 2754 2048 2819 Job,
2080 2766 2134 2811 et
2157 2755 2277 2809 audi

705 2865 791 2903 me
819 2869 831 2903 :
864 2850 1188 2913 obtutui-see,
1217 2861 1269 2902 et
1298 2850 1502 2919 loquar.
1526 2849 1579 2903 Si
1603 2859 1682 2902 est
1711 2848 1805 2901 tibi
1836 2862 2033 2914 sermo,
2058 2863 2280 2916 respon-

703 2942 773 2996 de
802 2942 929 2996 mihi
963 2960 975 2996 :
1004 2943 1124 2995 volo
1174 2942 1315 2996 enim
1362 2940 1651 2995 examinari
1700 2954 1730 2992 a
1775 2948 1827 2992 te
1864 2940 2118 3008 justitiam
2163 2954 2279 2993 ser-

704 3032 880 3087 m0nis
905 3033 1004 3087 mei
1042 3053 1059 3084 ι
1087 3033 1233 3105 (cap.
1266 3034 1352 3087 55.
1376 3049 1421 3087 v.
1442 3034 1494 3087 4.
1513 3032 1565 3086 5.
1598 3030 1783 3086 17—19.
1815 3031 1903 3085 et.
1922 3030 2011 3085 27.
2046 3032 2129 3085 si.
2164 3028 2273 3101 52).

707 3125 895 3180 Adhuc
920 3125 1176 3195 adjiciens
1204 3126 1350 3181 Elinz
1381 3124 1536 3179 tertio
1566 3124 1693 3178 dicit
1720 3142 1732 3177 :
1770 3142 1788 3174 ς
1826 3125 2017 3179 Audite
2044 3139 2128 3178 me
2148 3165 2163 3188 ,
2189 3139 2279 3178 sa-

707 3218 943 3287 pientes,
977 3218 1173 3271 bonuin
1206 3226 1287 3270 est
1315 3225 1371 3269 ut
1399 3215 1486 3285 qui
1517 3215 1793 3269 scientiam
1822 3215 2037 3280 habent,
2066 3216 2281 3270 auribus

704 3310 1001 3380 percipiant
1046 3328 1059 3362 :
1106 3310 1229 3378 quia
1274 3307 1419 3360 auris
1464 3321 1742 3361 sermones
1789 3306 1994 3375 probat.
2043 3326 2061 3358 ι
2093 3307 2282 3360 Adhuc

704 3402 839 3456 dixit
882 3402 1028 3454 Eliuz
1062 3417 1073 3453 :
1110 3418 1127 3451 ι
1160 3399 1289 3467 Quis
1326 3400 1407 3451 vir
1436 3406 1491 3450 ut
1518 3397 1639 3463 Job,
1684 3396 1871 3452 bibens
1906 3397 2278 3451 subsannatio-

706 3494 999 3547 nem‘sicut
1024 3490 1255 3561 aquam?
1299 3488 1388 3559 qui
1421 3504 1592 3559 neque
1621 3488 1855 3557 pet-cavit
1874 3528 1888 3550 ,
1918 3504 2090 3557 neque
2122 3488 2281 3557 impie

705 3588 853 3657 egit?
882 3586 1058 3658 [Absit
1083 3602 1110 3636 a
1142 3582 1248 3656 me]
1278 3597 1460 3637 coram
1490 3582 1867 3650 Omnipotente
1892 3581 2105 3635 turbare
2126 3582 2280 3650 justi-

707 3680 854 3733 tiam.
877 3677 980 3732 Sed
1004 3671 1177 3730 reddil
1213 3674 1412 3730 homini
1435 3674 1626 3743 cuique
1646 3671 1936 3727 secundum
1959 3687 2119 3741 opera
2140 3672 2277 3742 ejus.

702 3772 903 3842 Impius
927 3779 1007 3825 est
1034 3769 1123 3840 qui
1154 3769 1279 3824 dicit
1303 3769 1411 3837 regi
1442 3784 1458 3823 :
1491 3767 1669 3838 Inique
1695 3767 1827 3837 agis.
1854 3787 1873 3819 ι
1898 3766 1984 3831 Et,
2006 3785 2023 3816 ι
2048 3767 2148 3835 Qui
2176 3782 2278 3820 non

705 3872 789 3919 est
816 3862 1015 3918 veritus
1043 3861 1231 3916 faciem
1258 3862 1309 3915 in
1337 3868 1625 3930 conspectu
1657 3874 1795 3913 meo.
1826 3859 2081 3913 Dominus
2107 3860 2280 3913 omnia

705 3957 939 4025 inspicit.
968 3955 1058 4025 qui
1090 3953 1495 4023 comprehendit
1522 3969 1627 4007 non
1653 3952 2001 4022 vestigabilia,
2030 3952 2279 4021 gloriosa,

706 4056 762 4102 ct
786 4049 1063 4117 magnifica
1084 4087 1099 4111 ,
1130 4061 1358 4116 quorum
1396 4062 1501 4101 non
1530 4055 1612 4100 est
1639 4060 1913 4101 numerus.
1942 4046 2036 4101 Vir
2073 4047 2282 4115 sapiens

708 4140 911 4194 audivit
953 4140 1171 4194 verbum
1221 4154 1398 4193 meum
1432 4158 1444 4193 :
1477 4139 1578 4194 Job
1621 4150 1795 4193 autem
1841 4154 1947 4194 non
1994 4139 2283 4209 prudenter

711 4232 959 4301 loquutus
982 4242 1068 4286 est
1104 4250 1122 4283 ι
1150 4231 1299 4302 (ϐαρ.
1331 4233 1418 4287 54.
1451 4247 1499 4286 υ.
1521 4231 1575 4284 2.
1610 4232 1737 4285 5.7.
1769 4233 1821 4285 8.
1850 4231 1934 4285 10.
1968 4234 2052 4286 11.
2088 4231 2277 4287 18.19.

707 4326 797 4380 24.
826 4326 913 4381 34.
942 4325 1268 4395 55).Quarto
1294 4324 1549 4395 adjiciens
1595 4325 1738 4379 Eliuz
1777 4324 1903 4378 dicit
1945 4325 2008 4378 ad
2052 4324 2279 4379 Jobum:

714 4436 735 4469 ε
769 4418 944 4483 Quare
975 4417 1072 4473 hoc
1101 4417 1413 4472 existimasti
1443 4418 1494 4471 in
1520 4417 1764 4486 judicio?
1790 4416 1868 4469 Tu
1898 4417 2015 4486 quis
2040 4432 2097 4470 es
2117 4456 2130 4479 ,
2162 4416 2281 4485 quia

708 4507 907 4573 dixisti,
922 4507 1103 4563 Justus
1114 4524 1230 4563 sum
1249 4510 1598 4576 inconspectu
1616 4507 1852 4562 Domini?
1872 4506 2050 4577 »(ϐαρ.
2070 4506 2211 4561 35.1).
2226 4504 2282 4576 2)

705 4599 958 4666 Quintum
980 4600 1156 4667 adjicit
1176 4599 1322 4654 Eliuz
1343 4599 1567 4653 orationi
1589 4614 1720 4665 suae,
1739 4608 1794 4653 et
1814 4597 2099 4667 nequeJob
2116 4612 2285 4667 neque

709 4704 816 4746 tres
845 4692 999 4745 amici
1028 4701 1278 4746 accusant
1300 4707 1422 4746 eum
1453 4701 1509 4745 ut
1532 4689 1772 4745 atbeum.
1800 4689 2132 4743 Manifestum
2158 4702 2287 4757 ergo

710 4786 835 4839 hinc
861 4794 965 4849 est,
992 4794 1100 4839 tres
1127 4786 1244 4839 illos
1268 4785 1576 4854 resipuisse.
1599 4784 1838 4852 Dicitque
1861 4780 1927 4835 ad
1949 4780 2049 4835 Job
2072 4797 2085 4834 :
2117 4799 2136 4831 ι
2159 4780 2286 4835 Sus-

710 4879 818 4931 tine
862 4892 949 4931 me
977 4877 1242 4946 paululum
1270 4876 1462 4938 adhuc,
1492 4884 1548 4929 ut
1574 4886 1624 4929 te
1646 4875 1864 4929 doceam
1890 4889 1905 4936 ;
1934 4871 2106 4925 adhuc
2142 4871 2283 4925 enim

704 4981 791 5027 est
836 4971 887 5025 in
926 4986 1013 5024 me
1040 4971 1117 5023 vis
1150 4968 1394 5039 loquendi
1430 4988 1447 5020 ι
1476 4966 1626 5035 (ϐαρ.
1659 4968 1745 5022 36.
1774 4982 1822 5020 υ.
1852 4964 1887 5017 2
1913 4966 1950 5032 ).
1981 4964 2068 5017 Ait
2096 4964 2244 5018 Eliuz
2270 4979 2282 5013 :

719 5081 739 5112 ‹
779 5060 1008 5116 Auribus
1034 5059 1149 5113 hcce
1175 5059 1407 5127 percipe,
1444 5058 1562 5111 Job.
1597 5057 1710 5122 Sta,
1739 5055 1884 5109 disce
1913 5054 2157 5108 virtutem
2186 5054 2286 5107 Do-

713 5154 862 5208 mini.
894 5150 1153 5221 Numquid
1187 5149 1321 5203 liber
1349 5160 1439 5203 aut
1479 5149 1653 5203 scriba
1696 5148 1899 5201 adstitit
1941 5145 2070 5209 tibi;
2102 5154 2193 5199 aut
2219 5144 2287 5198 ab

715 5244 961 5311 aquilone
988 5242 1154 5295 nubes
1171 5238 1365 5293 coloris
1388 5240 1534 5292 aurci
1566 5258 1583 5290 ι
1607 5234 1754 5308 (Cap.
1776 5237 1864 5290 57.
1884 5251 1931 5289 υ.
1956 5236 2042 5291 14.
2059 5235 2150 5289 20.
2167 5235 2286 5305 22)?

786 5329 926 5386 Deus
948 5347 1066 5386 sese
1089 5328 1346 5385 exhibens
1364 5327 1551 5381 annm
1578 5328 1775 5397 justum
1796 5327 2047 5388 declarat,
2072 5327 2291 5382 docens-

717 5441 819 5494 que
848 5425 1160 5495 mysterium
1185 5421 1403 5485 Christi,
1426 5421 1501 5475 ait
1521 5421 1585 5475 ad
1612 5421 1799 5476 Jobum
1832 5439 1844 5475 :
1874 5440 1893 5473 ε
1921 5421 2049 5485 Quis
2075 5429 2153 5474 est
2181 5419 2285 5485 hic,

717 5517 804 5584 qui
852 5517 990 5571 celat
1035 5505 1121 5570 me
1172 5513 1486 5576 consilium,
1534 5514 1873 5582 continetque
1918 5504 2287 5568 sermones'in

717 5609 923 5665 corde?
972 5627 991 5661 ι
1037 5609 1285 5677 Dialogus
1315 5605 1521 5661 Domini
1565 5623 1576 5657 :
1626 5624 1644 5657 ι
1681 5606 1860 5675 Sepivi
1912 5620 2057 5658 mare
2102 5603 2286 5673 portis.

723 5698 840 5753 Dixi
865 5709 1044 5754 autem
1074 5700 1172 5765 illi,
1202 5698 1489 5768 ﬂuensque
1516 5696 1716 5762 venies,
1750 5707 1805 5751 et
1830 5712 1934 5751 non
1962 5696 2287 5766 praeteribis:

721 5788 817 5846 sed
844 5790 899 5844 in
930 5789 1098 5859 teipso
1123 5790 1551 5849 comminuentur
1578 5786 1765 5841 ﬂuctus
1795 5787 1888 5843 tui.
1925 5805 1941 5838 ι
1976 5786 2161 5842 Sermo
2185 5784 2288 5839 Do-

1441 362 1499 419 S.
1538 361 1814 418 JOANNIS
1850 353 2314 413 CHRYSOSTOMI
2352 353 2668 413 ARCHIEP.
2708 357 3239 416 CONSTANTINOP.
3849 364 3937 422 ωδ

2387 466 2514 520 mini
2546 487 2558 522 :
2593 486 2612 519 ‹
2646 469 2725 523 An
2754 479 2810 524 tu
2840 485 3056 525 sumens
3091 471 3259 525 lutum
3286 469 3525 527 formasti
3552 472 3789 528 animai?
3815 476 3935 547 Ape-

2384 560 2593 614 riuntur
2623 561 2715 615 tibi
2763 572 2907 618 metu
2937 573 3101 633 portae
3132 565 3362 619 mortis?
3404 573 3495 619 aut
3528 566 3729 621 ostiarii
3771 567 3937 625 inferni

2384 650 2625 706 videntes
2669 661 2719 707 te
2769 654 3099 709 timuerunt?
3146 654 3280 709 Num
3333 656 3525 710 venisti
3574 657 3639 710 ad
3686 660 3937 713 thesaurus

2386 744 2522 798 nivis
2547 786 2561 808 ,
2594 753 2685 798 aut
2731 744 3009 801 thesauros
3037 747 3311 817 grandinis
3348 746 3569 802 vidisti?
3598 748 3749 804 Unde
3783 761 3936 803 autem

2384 838 2624 907 procedit
2677 840 2910 908 pruina?
2958 841 3087 907 Quis
3147 843 3465 909 praeparavit
3524 843 3723 896 fluxum
3770 844 3938 911 pluvia:

2384 931 2729 986 vehementi?
2766 952 2785 985 ι
2818 934 3165 1003 lnsuperque,
3200 953 3218 984 ι
3252 934 3381 1001 Quis
3424 944 3506 989 est
3546 935 3737 1004 pluviae
3767 936 3940 1005 pater?

2385 1023 2460 1077 Ex
2492 1023 2642 1091 cujus
2674 1033 2825 1079 utero
2856 1026 3096 1093 procedit
3125 1025 3365 1095 glacies?
3392 1026 3641 1080 Pruinam
3670 1026 3720 1079 in
3747 1027 3871 1080 caelo
3896 1036 3942 1081 ct

2382 1114 2567 1184 glebas
2616 1116 2753 1169 roris
2800 1117 2919 1185 quis
2964 1116 3219 1186 peperit?
3264 1115 3491 1170 Vocabis
3537 1124 3717 1169 autem
3768 1118 3939 1171 nubem

2382 1223 2545 1273 voce,
2593 1218 2647 1263 et
2678 1218 2910 1263 tremore
2949 1224 3100 1279 aquae
3129 1209 3317 1263 validae
3359 1208 3571 1262 obediet
3610 1208 3746 1263 tibi?
3788 1209 3941 1263 Mittes

2382 1299 2602 1354 fulmina
2633 1308 2687 1355 et
2716 1299 2916 1354 ibunt?
2944 1300 3074 1367 Quis
3103 1300 3249 1355 dedit
3277 1299 3588 1354 mulieribus
3615 1309 3835 1354 texturae.
3870 1316 3941 1354 sa-

2382 1392 2682 1461 pientiam?
2712 1390 2839 1457 Quis
2866 1392 3180 1460 praeparavit
3201 1406 3367 1445 corvo
3393 1389 3612 1444 escam?
3660 1390 3792 1443 Pulli
3819 1390 3940 1443 enim

2382 1483 2498 1551 ejus
2523 1484 2887 1536 clamaverunt
2909 1482 2973 1535 ad
3000 1481 3282 1535 Dominum
3306 1489 3569 1544 errantes,
3596 1480 3793 1534 cibaria
3819 1494 3942 1548 qna--

2382 1584 2560 1628 rentes
2580 1594 2597 1625 ι
2632 1572 2780 1643 (Cap.
2807 1573 2897 1627 38.
2922 1589 2970 1627 υ.
2998 1572 3050 1627 2.
3082 1573 3132 1628 8.
3162 1573 3247 1626 11.
3272 1572 3360 1625 14.
3394 1572 3478 1625 17.
3505 1570 3595 1625 22.
3624 1570 3721 1625 24.
3751 1570 3835 1625 25.
3862 1569 3938 1625 28.

2381 1665 2470 1721 29.
2496 1666 2582 1720 54.
2611 1666 2724 1735 41).
2764 1682 2783 1716 ι
2818 1664 2994 1719 Penna
3038 1664 3222 1719 volans
3260 1661 3536 1731 procedet,
3573 1662 3617 1716 si
3665 1663 3942 1731 conceperit

2382 1757 2526 1812 asida
2544 1767 2598 1811 et
2625 1772 2803 1812 nessa.
2825 1756 3108 1824 Relinquet
3129 1756 3179 1809 in
3204 1765 3348 1809 terra
3371 1771 3466 1809 ova
3488 1770 3604 1809 sua.
3628 1753 3766 1809 Cum
3789 1764 3941 1809 tacere

2383 1849 2509 1904 fecit
2530 1850 2576 1903 ei
2602 1850 2741 1903 Deus
2766 1848 3099 1916 sapientiam,
3128 1846 3363 1901 irridebit
3383 1861 3604 1915 equum.
3634 1845 3719 1899 Ex
3743 1846 3940 1900 scientia

2383 1950 2470 1995 tua
2499 1941 2644 1995 stetit
2670 1941 2922 2009 accipiter
2942 1981 2957 2005 ,
2989 1939 3167 1993 vultur
3192 1949 3370 1992 autem
3409 1953 3571 2007 super
3601 1938 3785 1992 nidum
3810 1953 3940 1991 suum

2382 2034 2573 2088 sedens
2603 2042 2836 2087 moratur
2871 2053 2890 2085 ι
2921 2031 3068 2101 (Cap.
3092 2031 3180 2087 39.
3200 2031 3669 2086 υ.15.14.17.18.
3710 2032 3800 2085 26.
3819 2030 3917 2101 27).

2454 2124 2642 2179 Adhuc
2668 2126 2917 2195 loquutus
2937 2133 3020 2178 est
3042 2123 3296 2178 Dominus
3316 2122 3452 2177 Jobo
3472 2142 3485 2176 :
3507 2141 3525 2173 ι
3549 2122 3690 2177 Num
3709 2123 3940 2192 judicium

2384 2232 2501 2270 cum
2532 2216 2909 2285 Omnipotente
2933 2214 3238 2285 judicabis?
3262 2225 3315 2269 et
3334 2213 3425 2284 qui
3454 2214 3626 2284 arguit
3658 2214 3940 2276 Dominum,

2384 2308 2729 2377 respondebit
2754 2307 2894 2378 ipsi?
2932 2326 2950 2359 ι
2982 2308 3254 2378 Loquutus
3278 2315 3360 2361 est
3383 2306 3483 2361 Job
3517 2306 3777 2361 Domino:
3803 2325 3820 2356 ς
3848 2305 3942 2375 Ego

2382 2399 2593 2469 judicor
2620 2400 2999 2462 commonitus,
3032 2408 3086 2453 et
3117 2412 3347 2467 arguens
3378 2397 3690 2461 Dominum,
3722 2411 3838 2454 eum
3864 2410 3943 2449 au-

2383 2495 2473 2549 dio
2495 2494 2617 2547 talia
2641 2492 2777 2566 »(Ιὺ.
2798 2510 2846 2548 υ.
2868 2494 2956 2549 52.
2974 2492 3085 2564 54).
3102 2492 3376 2563 Loquutus
3390 2500 3473 2547 est
3492 2492 3747 2546 Dominus
3774 2490 3837 2545 ad
3856 2489 3943 2544 Job

2383 2588 2451 2643 de
2477 2588 2617 2643 nube
2636 2588 2870 2643 secundo
2890 2602 3152 2658 apparens
3172 2588 3221 2643 ei
3238 2604 3253 2642 :
3285 2606 3305 2639 ‹
3329 2588 3560 2656 Accinge
3578 2587 3722 2641 sicut
3736 2588 3813 2640 vir
3828 2587 3942 2639 lunt-

2384 2680 2510 2734 bum
2528 2687 2696 2734 tuum.
2718 2678 3061 2750 lnterrogaho
3080 2690 3258 2735 autem
3277 2692 3347 2744 te,
3369 2689 3422 2733 tu
3446 2695 3574 2734 vero
3592 2679 3725 2733 mihi
3747 2694 3943 2749 respou-

2384 2771 2470 2826 dc.
2508 2791 2527 2825 ι
2562 2772 2750 2827 Sermo
2788 2772 3035 2827 Domini:
3070 2790 3088 2824 ι
3110 2771 3417 2827 Confitebor
3454 2771 3593 2842 quod
3644 2773 3812 2839 possit
3833 2771 3942 2825 dex—

2386 2874 2498 2919 tera
2521 2876 2608 2918 tua
2631 2864 2857 2919 salvare.
2885 2864 3079 2918 Verum
3105 2864 3287 2933 utique
3308 2863 3488 2917 bestia:
3514 2862 3653 2930 apud
3684 2872 3736 2917 te
3761 2862 3941 2917 fanum

2385 2955 2521 3009 sicut
2549 2954 2716 3008 boves
2746 2953 3050 3007 comedunt.
3086 2953 3266 3007 Virtus
3292 2960 3467 3007 autem
3498 2952 3615 3019 ejus
3659 2968 3819 3022 super
3847 2967 3944 3005 unt-

2385 3046 2545 3101 hilico
2568 3047 2794 3100 ventris.
2819 3045 3002 3100 Erexit
3025 3045 3247 3099 caudam
3269 3046 3405 3099 sicut
3425 3059 3762 3114 cupressum.
3789 3043 3943 3099 Casta:

2384 3141 2535 3207 ejus,
2562 3147 2725 3193 costa:
2758 3154 2921 3192 tenete
2953 3157 2966 3191 :
2995 3140 3145 3206 spina
3175 3147 3351 3191 autem
3381 3137 3495 3205 ejus
3537 3137 3738 3191 ferrum
3786 3134 3941 3189 fusile.

2386 3231 2497 3284 Sub
2540 3230 2683 3284 omni
2728 3243 2923 3298 genere
2966 3228 3215 3283 arborum
3261 3226 3474 3281 dormit.
3513 3227 3686 3280 Duces
3709 3237 3892 3289 autem,
3922 3240 3939 3273 ο

2388 3324 2591 3393 inquit,
2620 3341 2639 3375 ‹
2673 3323 2885 3377 leonem
2927 3321 3119 3387 hamo,
3161 3331 3216 3375 et
3256 3320 3628 3390 circumpones
3678 3320 3943 3387 capistrata

2386 3420 2527 3470 circa
2554 3430 2740 3470 nasum
2767 3414 2904 3485 ejus.
2950 3414 3121 3468 Omne
3155 3423 3332 3467 autem
3364 3413 3617 3480 navigans
3643 3408 3945 3464 conveniens

2390 3523 2495 3561 non
2524 3507 2693 3561 ferent
2718 3506 2911 3574 pellem
2944 3519 3099 3559 unam
3127 3501 3309 3557 caudae
3328 3502 3444 3571 ejus
3464 3501 3618 3571 (Cap.
3648 3501 3738 3555 40.
3762 3516 3807 3554 υ.
3828 3498 3876 3553 2.
3895 3496 3946 3551 9-

2388 3602 2476 3656 15.
2504 3600 2584 3656 16.
2615 3599 2707 3654 20.
2739 3598 2830 3653 21.
2861 3597 2976 3668 26).
3003 3597 3152 3651 Putat
3181 3595 3390 3666 quidem
3422 3596 3622 3649 ferrum
3654 3596 3854 3663 paleas,
3880 3604 3944 3643 tes

2384 3705 2561 3748 autem
2606 3695 2741 3747 sicut
2789 3693 2989 3761 lignum
3032 3690 3315 3760 putridum.
3366 3688 3479 3742 Non
3508 3687 3805 3742 vulnerabit
3836 3700 3943 3739 eum

2386 3801 2542 3840 arcus
2568 3800 2746 3840 mneus
2772 3804 2791 3836 ι
2818 3783 2967 3855 (ϐαρ.
2997 3785 3084 3837 41.
3112 3798 3160 3837 υ.
3195 3781 3281 3837 18.
3314 3780 3427 3848 19).

2459 3879 2550 3934 llis
2571 3878 2796 3933 cessavit
2823 3878 2966 3946 loqui
2990 3875 3125 3930 Job:
3153 3893 3170 3925 ι
3197 3874 3331 3929 Novi
3351 3872 3491 3944 quod
3517 3872 3695 3928 omnia
3716 3880 3877 3943 potes,
3898 3877 3946 3923 et

2389 3972 2516 4026 nihil
2537 3971 2629 4025 tibi
2648 3970 2977 4040 impossibile
2995 3976 3094 4023 est.
3121 3968 3249 4035 Quis
3264 3967 3406 4021 enim
3424 3977 3505 4020 est
3519 3966 3605 4036 qui
3626 3974 3677 4021 te
3693 3965 3824 4019 celat
3842 3977 3947 4018 con-

2388 4064 2599 4119 silium?
2622 4061 2801 4116 l'utavi
2820 4070 2996 4114 autem
3017 4075 3102 4113 me
3122 4068 3316 4114 terram
3333 4058 3632 4112 etcinerem
3659 4077 3679 4109 ι
3703 4054 3843 4127 (Cap.
3865 4052 3943 4107 42.

2388 4172 2437 4210 υ.
2468 4155 2524 4208 2.
2560 4155 2613 4208 '5.
2638 4154 2717 4223 6).
2758 4151 3009 4222 Coarguit
3035 4152 3285 4204 Dominus
3313 4148 3533 4217 Eliphaz
3554 4147 3942 4207 Thmrnanitem,

2391 4248 2517 4316 quia
2548 4248 2789 4315 peccavit
2821 4244 2933 4314 ipse
2954 4252 3009 4298 et
3029 4241 3133 4295 duo
3162 4241 3315 4295 amici
3338 4239 3473 4309 ejus,
3501 4240 3619 4308 quia
3648 4254 3753 4292 non
3778 4237 3947 4305 loquu-

2393 4351 2476 4395 tus
2502 4350 2585 4395 est
2607 4354 2784 4393 coram
2813 4337 3155 4405 Deovverum.
3174 4334 3268 4388 Hic
3291 4333 3529 4402 expiatio
3560 4331 3615 4385 lit
3647 4332 3801 4386 trium
3828 4328 3948 4382 ami-

2389 4448 2574 4488 corum
2605 4447 2702 4502 per
2730 4430 2830 4485 Job
2870 4428 3199 4483 sacerd0tcm
3226 4427 3337 4481 Dei.
3370 4424 3518 4491 Quod
3546 4424 3754 4478 auxerit
3791 4420 3949 4476 Domi-

2393 4542 2492 4581 nus
2520 4525 2710 4579 Jobum
2733 4563 2747 4586 ,
2774 4532 2829 4577 et
2858 4529 3110 4591 precante
3144 4520 3233 4573 illo
3261 4533 3355 4587 pro
3381 4516 3568 4570 amicis
3593 4515 3739 4580 suis,
3783 4510 3946 4567 Domi-

2393 4635 2495 4674 nus
2516 4614 2901 4673 condonaverit
2928 4612 3006 4667 eis
3036 4619 3331 4681 peccatum.
3363 4608 3431 4664 Ut
3457 4608 3738 4662 audierunt
3758 4615 3946 4664 omnes,

2392 4711 2483 4780 qni
2524 4726 2590 4763 ex
2625 4722 2820 4778 genere
2862 4704 2981 4759 Jobi
3012 4712 3201 4768 erant,
3239 4709 3581 4755 accesserunt
3619 4698 3687 4752 ad
3726 4712 3877 4757 eum,
3904 4701 3950 4745 et

2393 4803 2740 4857 comederunt
2769 4814 2832 4853 ac
2861 4799 3114 4854 biberunt
3142 4795 3281 4865 apud
3319 4810 3439 4848 eum
3461 4835 3474 4860 ,
3508 4793 3764 4863 illumque
3796 4786 3948 4843 admi-

2393 4895 2493 4947 rati
2525 4892 2787 4946 dederunt
2814 4890 2863 4945 ei
2891 4888 3083 4959 singuli
3111 4901 3307 4956 agnum
3330 4900 3509 4947 unum,
3551 4895 3606 4938 et
3640 4879 3949 4937 tetradrach—

2393 4999 2538 5038 mum
2591 4997 2831 5036 aureum.
2891 4979 3155 5048 Scriptum
3224 4984 3308 5032 est
3365 4990 3485 5031 eum
3545 4985 3949 5029 resurrecturum

2395 5089 2514 5129 esse
2551 5089 2671 5128 cum
2703 5073 2767 5127 iis
2808 5086 2940 5142 quos
2968 5069 3306 5125 resuscitabit
3340 5067 3616 5121 Dominus.
3649 5067 3706 5120 ln
3734 5066 3815 5120 his
3838 5077 3952 5117 con-

2396 5167 2593 5219 tinetur
2615 5165 2695 5218 vis
2720 5164 2893 5218 omnis
2922 5161 3039 5215 libri
3064 5159 3183 5215 Job.

2876 5311 3147 5351 SAPIENTIA
3184 5307 3489 5353 εΑιοκοΝιε.

2469 5414 2736 5485 Sapientia
2764 5412 3065 5469 Salomonis
3095 5420 3312 5464 vocatur
3337 5407 3423 5462 hic
3446 5406 3580 5462 liber
3611 5422 3627 5461 :
3659 5419 3778 5459 nam
3808 5401 3952 5455 etiam

2399 5507 2541 5561 hunc
2566 5521 2593 5558 a
2620 5504 2907 5559 Salomone
2936 5501 3191 5571 scriptum
3221 5512 3340 5553 esse
3365 5497 3568 5552 dicunt.
3601 5494 3847 5549 Continet
3871 5505 3948 5543 au-

2399 5608 2506 5654 tem
2552 5597 2849 5652 doctrinam
2885 5592 3138 5663 justitite,
3169 5599 3224 5644 et
3251 5604 3350 5659 qua
3382 5589 3586 5642 ratione
3616 5578 3954 5655 cognoscendi

2401 5691 2509 5747 sint
2552 5698 2676 5744 tunc
2706 5685 2930 5757 improbi
2952 5727 2967 5747 ,
3000 5693 3127 5738 tunc
3153 5679 3300 5750 probi
3330 5679 3427 5732 viri
3454 5696 3468 5732 :
3498 5677 3563 5732 ad
3595 5678 3706 5730 hare
3732 5670 3955 5745 prophe-

2403 5793 2527 5836 tiam
2556 5780 2621 5836 de
2646 5777 2878 5835 Christo.
2915 5776 3078 5831 Docet
3104 5771 3266 5828 etiam
3294 5768 3461 5825 multo
3485 5782 3605 5824 esse
3628 5780 3760 5837 opus
3784 5762 3955 5817 labore
