4058 6344
678 327 782 384 569

676 448 790 501 ,ιου
816 445 945 517 γάρ,
980 447 1112 519 φησὶ
1135 489 1151 515 ,
1200 447 1340 514 τοὺς
1379 448 1802 518 ἀντιχρίστους
1824 489 1838 511 ,
1883 447 2100 513 οἵτινές
2131 448 2251 500 εἰσι

675 531 950 599 θάνατος.
986 533 1158 587 Πόθεν
1206 536 1256 586 οἰ
1287 534 1504 598 ἀσεϐεῖς
1551 535 1642 587 ἐπὶ
1679 534 1757 605 τῷ
1805 534 2115 605 σταυρῶσαι
2160 533 2252 586 τὸν

677 619 883 694 Κύριον
912 621 1008 690 τῆς
1029 620 1186 691 δόξης
1222 617 1385 691 ἦλθον
1405 663 1418 684 ,
1452 622 1540 674 τὸν
1571 620 1740 674 αἰῶνα
1784 620 1973 673 τοῦτον
2024 621 2255 690 προκρί-

677 725 882 770 ναντες.
914 707 1031 762 ’Ὁτι
1057 711 1150 762 καὶ
1178 710 1305 772 τοὺς
1349 709 1679 770 ἀποστόλους
1709 707 1936 772 ἐδίωξαν
1979 708 2072 760 καὶ
2111 706 2252 759 ἀπέ-

677 812 912 848 κτειναν.
934 795 1056 848 Ὅτι
1083 796 1224 858 τινὲς
1242 795 1454 848 ἔσονται
1480 797 1529 846 οἰ
1553 794 1956 861 ἐξουθενοῦντες
1978 793 2067 847 τὸν
2091 793 2254 864 νόμον

676 880 770 932 τοῦ
793 881 1016 952 Κυρίου,
1046 882 1139 934 καὶ
1163 881 1306 944 τινὲς
1333 883 1381 934 οἰ
1411 881 1772 948 ὑποταγέντες
1798 878 1962 949 αὐτῷ,

749 970 870 1023 Ὅτι
898 971 1016 1022 οῦδέ
1049 970 1283 1039 πλήθους
1325 969 1661 1023 ἀσεϐούντων
1694 970 1773 1029 εἰς
1802 967 2036 1038 Χριστὸν
2068 967 2249 1036 φείσε-

675 1075 766 1109 ται
817 1060 845 1110 ό
880 1057 1032 1120 Θεός.
1080 1057 1228 1119 Ἐνὸς
1275 1057 1382 1127 γάρ
1411 1056 1617 1109 δικαίου
1662 1055 2008 1116 πιστεύοντος
2031 1053 2253 1124 Χριστῷ

681 1145 831 1212 μέλει
857 1143 934 1213 τῷ
958 1143 1075 1212 Θεῷ
1093 1183 1107 1205 ,
1136 1143 1236 1196 κᾶν
1264 1145 1382 1206 νέος
1404 1143 1669 1215 ἀποθάνῃ.
1700 1141 1900 1208 Γῆρας
1928 1144 2037 1210 γὰρ
2059 1145 2254 1211 τίμιον

677 1234 748 1284 οὐ
788 1232 854 1284 τὸ
889 1232 1316 1298 πολυχρόνιον.
1352 1232 1416 1283 Εἰ
1470 1232 1564 1283 καὶ
1615 1229 1815 1299 ἀσεϐὴς
1863 1228 2117 1297 τελευτὴν
2158 1227 2251 1281 τοῦ

678 1317 822 1391 [574]
843 1317 1411 1388 πιστεύοντοςΧριστῷ
1427 1315 1796 1380 ἐξουθένωσεν,
1811 1317 1924 1370 ἀλλ’
1942 1317 2252 1383 ἐκλέγονται

679 1404 786 1458 ἀπὸ
827 1403 1082 1475 Χριστοῦ.
1116 1404 1177 1456 Οἰ
1209 1403 1424 1466 ἀσεϐεῖς
1455 1403 1636 1472 ἀτίμῳ
1665 1401 1917 1474 πτώματι
1949 1401 2251 1473 παραδοθή-
2306 1406 2311 1413 ’

681 1509 885 1552 σονται,
906 1493 994 1544 καί
1019 1491 1227 1562 μεγάλῃ
1249 1491 1425 1562 κρίσει
1443 1490 1946 1562 καταϐληθήσονται
1963 1492 2010 1544 οἰ
2027 1489 2252 1543 διῶκται

678 1581 786 1633 τῶν
828 1581 920 1632 τοῦ
956 1578 1190 1652 Χριστοῦ
1215 1579 1450 1644 δούλων,
1482 1579 1541 1631 ἐν
1567 1582 1632 1650 τῇ
1669 1580 1881 1650 κρίσει,
1920 1579 2115 1641 ἰδόντες
2154 1578 2252 1648 τὴν

679 1663 834 1729 δόξαν
867 1662 1031 1717 αὐτοῦ
1061 1663 1156 1716 καὶ
1187 1663 1365 1717 αὐτῶν
1390 1704 1405 1728 ,
1455 1663 1550 1716 καὶ
1605 1663 1830 1724 ἑαυτοὺς
1875 1663 1955 1725 εἰς
2008 1661 2247 1714 κόλασιν.

682 1746 803 1800 Ὅτι
831 1749 859 1799 6
907 1746 1135 1808 πλοῦτος
1165 1745 1300 1817 μετά
1331 1745 1644 1809 ἀλαζονείας
1688 1743 2058 1815 συμϐέϐληται
2098 1745 2249 1814 ἡμῖν.

680 1829 776 1892 Τίς
827 1829 962 1902 ὀργὴ
1009 1829 1117 1882 τῶν
1149 1829 1487 1883 ἀσεϐούντων
1537 1831 1615 1892 εἰς
1653 1827 1907 1895 Χριστόν.
1939 1828 2253 1898 Προτροπαὶ

678 1919 789 1979 τοῖς
819 1918 1040 1987 ἄρχουσι
1075 1916 1168 1970 τοῦ
1211 1917 1426 1988 Ἰσραὴλ
1453 1957 1466 1980 ,
1504 1915 1644 1969 ὥστε
1685 1914 1960 1968 πιστεύειν
1991 1914 2210 1985 Χριστῷ
2233 1931 2246 1944 ο

679 2005 877 2076 μᾶλλον
901 2005 956 2058 δὲ
985 1999 1284 2076 παράθεσις
1304 2007 1417 2068 τοῖς
1437 2004 1664 2074 ἄρχουσι
1691 2004 1789 2074 τῆς
1817 2003 2109 2074 καθολικῆς
2138 2003 2254 2054 Ἐκ-

675 2093 902 2163 κλησίας
927 2133 940 2158 ,
982 2093 1098 2155 πῶς
1136 2093 1326 2163 ἄρχειν
1376 2092 1487 2156 δεῖ,
1529 2091 1969 2162 ἀποστραφέντος
2017 2090 2247 2142 ἐκείνου.

676 2181 771 2246 Τίς
795 2184 826 2252 ή
863 2182 1043 2250 σοφία,
1077 2184 1105 2234 6
1128 2181 1252 2244 Υἱὸς
1274 2181 1366 2234 τοῦ
1389 2181 1546 2235 Θεοῦ.
1570 2183 1678 2234 Καὶ
1709 2181 1824 2244 πῶς
1855 2183 1884 2234 6
1909 2181 2082 2248 Λόγος
2115 2179 2249 2250 σάρξ

676 2266 866 2336 γέγονε
888 2310 903 2332 ,
930 2269 1023 2320 καὶ
1049 2269 1356 2336 ἐσκήνωσεν
1379 2270 1435 2322 ἐν
1462 2270 1613 2339 ἡμῖν.
1640 2269 1760 2322 ’Ότι
1803 2266 1958 2336 κάγὼ
1991 2269 2252 2337 ὁμοιοπα-

675 2354 772 2423 θὴς
801 2355 928 2424 ὑμῖν
953 2353 1029 2408 ὢν
1057 2353 1342 2424 ἄνθρωπος
1376 2357 1440 2406 ἐκ
1464 2354 1765 2415 κελεύσεως
1788 2353 1923 2406 Θεοῦ
1956 2354 2249 2407 πεπαίδευ-

678 2461 794 2512 μαι.
829 2444 962 2515 Περί
989 2442 1222 2514 Χριστοῦ
1242 2460 1256 2474 ·
1293 2445 1364 2513 τῇ
1401 2444 1563 2513 σοφίᾳ
1590 2443 1681 2496 τοῦ
1710 2443 1844 2496 Θεοῦ
1872 2483 1887 2506 ,
1920 2444 2000 2496 ὅτι
2030 2443 2248 2497 πάντων

673 2531 773 2602 τήν
815 2532 1012 2599 γνῶσιν
1039 2532 1097 2597 ἐξ
1129 2531 1296 2600 αὐτῆς
1323 2530 1510 2600 ἔσχον·
1557 2532 1652 2584 Ἐν
1698 2532 1810 2599 γὰρ
1859 2530 2008 2599 χειρὶ
2062 2531 2248 2584 αὐτοῦ

674 2621 773 2672 καὶ
802 2619 972 2688 ἡμεῖς
996 2619 1094 2673 καὶ
1125 2623 1176 2672 οἰ
1203 2619 1368 2687 ,λόγοι
1408 2619 1595 2687 ἡμῶν.
1620 2618 1714 2681 Τίς
1739 2620 1771 2688 ἡ
1805 2618 1984 2688 σοφία,
2008 2619 2102 2672 καὶ
2131 2619 2249 2683 πῶς

675 2710 755 2768 εἰς
791 2706 1108 2777 ἀνθρώπους
1139 2703 1288 2777 ἦλθε.
1322 2707 1440 2761 Μία
1471 2707 1581 2774 γὰρ
1625 2702 1785 2760 οὖσα
1833 2705 2028 2760 πάντα
2055 2706 2250 2760 δύνα-

674 2812 789 2857 ται,
823 2794 916 2847 καὶ
943 2794 1212 2862 μένουσα
1239 2794 1310 2845 ἐν
1337 2792 1490 2861 αὐτῇ
1517 2793 1587 2847 τὰ
1621 2792 1815 2846 πάντα
1844 2793 2102 2855 καινίζει.
2139 2793 2249 2865 Τὴν

677 2882 889 2950 σοφίαν.
914 2883 1095 2950 φησὶν,
1121 2882 1182 2933 ἐκ
1210 2880 1458 2950 νεότητος
1481 2881 1713 2950 φιλήσας
1735 2921 1749 2941 ,
1774 2880 1952 2934 πάντα
1973 2881 2041 2933 τὰ
2069 2880 2250 2949 ἀγαθὰ

675 2968 736 3033 ἐξ
782 2970 950 3038 αὐτῆς
993 2968 1148 3038 ἔσχον
1197 2968 1434 3038 σαρκικά
1475 2968 1570 3022 καὶ
1621 2969 1984 3039 πνευματικά.
2022 2968 2148 3023 Ὀτι
2189 2969 2250 3022 τὸ

679 3058 904 3128 μέγεθος
936 3057 1032 3126 τῆς
1079 3055 1269 3126 σοφίας
1323 3056 1573 3124 ἐγνωκὼς
1629 3059 1876 3130 ἐνέτυχον
1922 3059 2000 3129 τῷ
2036 3057 2247 3130 Κυρίῳ,

675 3145 816 3198 ὥστε
846 3163 934 3214 μοι
965 3143 1182 3214 δοθῆναι
1229 3145 1289 3198 τὸ
1343 3145 1497 3211 ἅγιον
1541 3145 1764 3216 Πνεῦμα
1796 3147 1857 3199 τὸ
1907 3145 2140 3216 φωτίζον
2181 3163 2248 3215 με

676 3234 805 3304 περὶ
858 3233 1046 3303 αὐτῆς.
1082 3234 1191 3286 Καὶ
1246 3233 1542 3303 ἐπέμφθη,
1601 3235 1686 3288 ἴνα
1740 3235 2078 3305 συγκοπιάζῃ
2137 3252 2246 3304 μοι.

674 3322 960 3391 Λογισμοὶ
1007 3322 1113 3393 γὰρ
1144 3321 1374 3389 θνητῶν
1396 3322 1605 3377 δειλοί.
1630 3323 1764 3394 Περὶ
1791 3324 1900 3376 τῶν
1946 3323 2120 3395 ἔργων
2151 3322 2250 3392 τῆς

678 3412 888 3481 σοφίας.
925 3411 1044 3475 [Ιῶς
1067 3411 1158 3464 τὸν
1194 3411 1613 3482 πρωτόπλαστον
1645 3411 1982 3481 διεφύλαξεν,
2022 3411 2082 3474 ἐξ
2109 3412 2249 3465 ὅσων

675 3500 860 3554 κακῶν
901 3499 1062 3564 σώζει
1085 3500 1208 3561 τοὺς
1227 3499 1580 3562 πιστεύοντας
1613 3498 1760 3568 αὐτῷ
1779 3499 1808 3550 6
1838 3498 1970 3561 Θεὸς
1989 3538 2003 3559 ,
2029 3499 2123 3551 καὶ
2149 3499 2248 3551 ὅσα

675 3584 856 3654 ἀγαθὰ
881 3585 1128 3657 παρέχει.
1152 3579 1274 3638 Οἷον
1296 3585 1388 3637 τὸν
1407 3584 1554 3648 Νῶε,
1576 3585 1666 3638 τὸν
1695 3585 1964 3656 Ἀϐραὰμ,
1989 3585 2082 3639 τὸν
2105 3585 2247 3646 Λὼτ,

673 3675 764 3726 τὸν
791 3672 1029 3736 -Ίακὼϐ,
1074 3673 1165 3725 τὸν
1209 3671 1438 3741 Ἰωσὴφ,
1469 3672 1595 3735 τοὺς
1644 3672 1979 3742 Ἰσραηλίτας
1999 3711 2014 3734 ,
2049 3672 2142 3736 οὓς
2184 3675 2249 3726 ἐκ

673 3760 854 3831 χειρὸς
885 3759 993 3811 τῶν
1021 3760 1329 3828 Αἰγυπτίων
1358 3759 1688 3830 ἐξερῤύσατο
1725 3760 1811 3814 διὰ
1840 3760 2081 3824 Μωσέως
2107 3801 2121 3822 ,
2155 3762 2248 3814 καὶ

673 3851 740 3903 ἐκ
778 3849 980 3919 πέτρας
1020 3849 1324 3920 ἀκροτόμου
1361 3849 1517 3918 ἐδόθη
1543 3850 1723 3912 αὐτοῖς
1751 3848 1913 3921 ὕδωρ.
1953 3851 2038 3913 Ὠς
2062 3851 2174 3913 τοῖς
2203 3848 2246 3913 ζ’

675 3936 884 3989 ἔθνεσιν
937 3936 1220 3990 ἀπέστειλε
1269 3939 1508 4006 σφῆκας,
1554 3936 1902 4008 μακροθυμίᾳ
1939 3936 1996 3990 δὲ
2033 3936 2249 4007 χρώμε-

675 4041 764 4086 νος
790 4062 805 4085 ,
841 4024 932 4076 καὶ
965 4025 1175 4088 τούτοις
1221 4025 1387 4078 ἐδίδου
1415 4025 1578 4077 τόπον
1616 4027 1901 4095 μετανοίας
1924 4063 1940 4086 ,
1979 4025 2247 4080 παιδεύων

674 4111 762 4164 διὰ
791 4111 993 4164 τούτων
1020 4113 1110 4165 τὸν
1148 4113 1276 4166 λαὸν
1309 4109 1448 4166 εἶναι
1483 4113 1878 4183 φιλάνθρωπον.
1908 4114 2064 4167 Κατά
2103 4131 2247 4168 στοι-

677 4197 1006 4269 χειολατρῶν
1032 4239 1045 4262 ,
1084 4200 1400 4272 βατράχων,
1443 4201 1667 4271 σφηκῶν
1693 4241 1708 4262 ,
1755 4201 1906 4271 μυῶν
1929 4243 1943 4265 ,
1987 4203 2244 4273 ἀκρίδων,

678 4287 936 4356 σκνιφῶν,
968 4287 1164 4356 ὄφεων.
1191 4289 1346 4341 Κατὰ
1380 4289 1798 4358 εἰδωλολατρῶν,
1823 4291 1887 4358 ἐκ
1921 4292 2119 4359 χρυσοῦ
2154 4292 2248 4342 καὶ

675 4375 939 4446 ἀργύρου,
980 4376 1013 4445 ἢ
1043 4376 1222 4442 λίθων,
1267 4378 1298 4449 ἦ
1331 4377 1500 4443 ξύλων
1539 4377 1770 4431 εἰδώλων
1801 4381 2246 4450 κατεσκευασμέ-

676 4479 800 4514 νων.
834 4463 955 4515 Ὀτι
992 4464 1106 4517 ἐστὶ
1139 4466 1381 4534 σωτηρία
1411 4465 1514 4518 ιδιὰ
1545 4464 1700 4530 ξύλου
1749 4469 1862 4530 τοῖς
1909 4467 2242 4520 πιστεύουσι.

677 4550 757 4600 Τά
789 4551 916 4619 περὶ
947 4550 1055 4603 τῶν
1090 4552 1522 4624 εἰδωλοποιῶν,ἢ
1559 4554 1987 4624 ζωγραφούντων
2033 4555 2242 4612 εἴδωλα,

681 4637 813 4706 Περί
843 4642 1055 4690 πάντων
1083 4639 1190 4691 τῶν
1224 4640 1411 4693 κακῶν
1442 4641 1548 4692 τῶν
1569 4641 1625 4693 ἐν
1648 4641 2076 4712 εἰδωλολατρεία.
2115 4641 2249 4712 Περὶ

679 4725 906 4788 ἀσεϐοῦς
933 4725 1227 4796 θρησκείας
1245 4769 1258 4792 ,
1285 4730 1377 4782 καὶ
1403 4729 1503 4782 ὅσα
1532 4729 1589 4780 ἐν
1616 4729 1750 4800 αὐτῇ
1789 4728 1952 4781 κακά.
1985 4730 2117 4800 Περί
2152 4729 2244 4782 τοῦ

681 4813 988 4883 κεραμέως,
1015 4815 1108 4866 καὶ
1125 4815 1232 4867 τῶν
1255 4833 1315 4868 κε
1325 4815 1572 4886 ραμικῶν
1592 4815 1843 4868 εἰδώλων.
1871 4817 2007 4887 Περί
2031 4817 2248 4871 πάντων

678 4899 786 4953 τῶν
832 4898 1064 4952 εἰδώλων
1109 4901 1208 4970 τῆς
1261 4903 1369 4955 τῶν
1415 4903 1582 4958 ἐθνῶν
1635 4902 1907 4974 λατρείας.
1958 4905 2091 4976 Περί
2141 4905 2248 4958 τῶν

679 4986 942 5057 ἐχθίστων
974 4985 1127 5050 ζώων
1149 5028 1164 5052 ,
1187 4988 1362 5056 δφεων
1387 5031 1400 5055 ,
1431 4989 1725 5060 αἰλούρων,
1761 4989 1854 5041 καὶ
1891 4990 1996 5042 τῶν
2024 4992 2246 5061 ὁμοίων.

679 5076 808 5128 Ὀτι
836 5074 1200 5145 εὐηργέτησεν
1224 5078 1252 5127 ὁ
1270 5076 1399 5140 Θεὸς
1422 5077 1511 5129 τὸν
1546 5075 1760 5146 Ἰσραὴλ
1811 5077 1931 5129 ἀντί
1964 5077 2248 5150 βατράχων

677 5165 1108 5232 όρτυγομήτραν.
1143 5163 1264 5214 Ὀτι
1311 5166 1403 5216 καὶ
1436 5164 1527 5216 ἐπὶ
1556 5164 1831 5233 δήγματος
1863 5164 2039 5234 ὄφεων
2073 5183 2247 5236 σωτη-

682 5251 771 5322 ρία
799 5249 890 5302 τοῦ
921 5249 1050 5302 λαοῦ
1085 5265 1178 5302 σου
1225 5248 1290 5301 δι’
1317 5249 1491 5317 ὄφεως
1549 5250 1747 5321 χαλκοῦ
1781 5252 2194 5324 ἐσταυρωμένου
2230 5271 2244 5286 ’

677 5340 801 5400 τοὺς
826 5336 882 5390 δὲ
919 5336 1144 5408 ἐχθροὺς
1175 5335 1352 5390 αὐτῶν
1388 5337 1454 5389 δι’
1477 5337 1651 5407 ὄφεων
1693 5341 1786 5393 καὶ
1817 5340 1967 5411 μυῶν
1996 5343 2248 5396 ἀπέκτει-

677 5439 789 5478 νεν.
819 5425 941 5477 Ὀτι
987 5424 1233 5493 ἀγγέλων
1259 5423 1464 5496 τροφήν
1512 5425 1755 5496 ἐψώμισε
1801 5427 1894 5482 τὸν
1933 5427 2061 5482 λαὸν
2111 5429 2248 5499 πρὸς

677 5512 858 5565 πᾶσαν
893 5512 1083 5583 ἡδονὴν
1115 5511 1419 5582 ἰσχύουσαν,
1456 5514 1548 5566 καὶ
1585 5515 1721 5583 πρὸς
1766 5517 1944 5569 πᾶσαν
1984 5516 2246 5588 ἁρμονίας

678 5599 884 5666 γεῦσιν.
919 5602 1038 5654 Ὅτι
1063 5600 1302 5672 χάλαζαν
1326 5601 1643 5669 Αἰγυπτίοις
1673 5605 1806 5674 μετὰ
1833 5605 2004 5676 πυρὸς
2035 5604 2246 5675 έπεμψε

679 5685 815 5753 πρὸς
859 5687 1152 5761 διαφθορὰν
1199 5691 1571 5761 γεννημάτων.
1606 5692 1726 5745 Ὅτι
1772 5696 1885 5756 τοῖς
1931 5693 2246 5760 Αἰγυπτίοις

681 5768 888 5842 ἔπεμψε
921 5775 1239 5848 Ἆλαφητὸν
1274 5781 1492 5846 σκότος,
1529 5779 1622 5832 καὶ
1662 5779 1730 5832 τὰ
1774 5780 1832 5833 ἐν
1861 5779 2010 5850 αὑτῷ
2049 5781 2220 5834 κακά·

1415 326 1474 384 S.
1512 327 1796 385 JOANNIS
1833 326 2322 384 CHRYSOSTOMI
2354 279 2674 390 ΑΠΕΠΙΕΡ.
2713 327 3261 387 CONSTANTINOP.

3837 319 3930 376 τιἿῦ

2357 451 2464 513 τοῖς
2494 449 2550 503 δὲ
2595 451 2763 514 ὁσίοις
2807 449 2972 504 αὑτοῦ
3010 447 3126 518 φῶς
3159 449 3216 500 ἐν
3268 443 3529 516 Αἰγύπτῳ
3552 485 3566 507 ,
3601 443 3702 497 καὶ
3764 441 3831 496 ἑν
3874 449 3930 514 τή

2352 536 2543 608 ἐρήμῳ
2572 536 2761 591 στῦλον
2791 537 2960 608 πυρός
2981 551 2994 566 ’
3022 535 3117 590 καὶ
3149 534 3267 588 ἀντὶ
3311 534 3408 604 μὲν
3450 531 3687 587 θανάτου
3724 532 3936 602 νηπίων

2365 623 2579 695 Ἰσραὴλ
2605 664 2618 688 ,
2653 623 2763 677 τῶν
2789 622 3099 690 Αἰγυπτίων
3152 621 3509 692 πρωτοτόκων
3557 619 3813 679 θάνατος
3856 620 3935 672 καὶ

2353 709 2788 779 καταποντισμός
2811 727 2824 740 °
2864 708 3016 780 [375]
3045 709 3164 763 ἀντὶ
3185 708 3242 762 δὲ
3279 707 3510 761 θανάτου
3544 707 3934 778 πρωτοτόκων,

2355 797 2598 868 σωτηρία
2637 797 2851 868 Ἰσραὴλ
2881 796 2946 849 δι’
2976 797 3208 866 αἵματος
3239 794 3531 866 προϐάτου.
3560 793 3675 847 Καὶ
3709 793 3826 845 ἐπὶ
3854 795 3935 862 μὲν

2355 882 2567 952 θανάτῳ
2594 883 2816 937 δικαίων
2850 885 2908 936 ἐν
2937 884 3129 954 ἐρήμῳ
3150 923 3164 944 ,
3207 881 3417 952 Ἀαρὼν
3464 881 3768 945 ἐξιλάσατο
3790 920 3809 941 ,
3841 881 3936 932 Κυ-

2357 972 2458 1043 ρίῳ
2503 971 2939 1041 προσευξάμενος
2977 971 3071 1023 καὶ
3123 969 3427 1038 θυμιάσαςο
3472 968 3563 1020 ἐπὶ
3613 966 3673 1018 δὲ
3720 967 3935 1034 θανάτῳ

2352 1059 2663 1128 Αἰγυπτίων
2697 1061 2753 1112 ἐν
2775 1053 3010 1130 Ἐρυθρᾷ
3061 1057 3332 1128 θαλάσσῃ,
3363 1055 3683 1124 ἀνελεήμων
3727 1054 3934 1124 θυμὸς.

2352 1147 2446 1200 τοῦ
2468 1147 2524 1200 δὲ
2545 1145 2673 1200 λαοῦ
2699 1144 2994 1216 παράδοξος
3023 1143 3318 1214 ὁδοιπορία.
3356 1142 3478 1194 Ὅτι
3505 1140 3592 1193 διά
3628 1141 3936 1211 μισοξενίαν

2354 1234 2552 1288 ἔπαθον
2575 1233 2743 1286 ταῦτα
2775 1234 2823 1286 οἰ
2853 1231 3155 1297 Αἰγύπτιοι,
3178 1231 3252 1293 ὼς
3279 1231 3369 1282 καὶ
3397 1231 3446 1282 οἰ
3475 1229 3806 1298 Σοδομῖται.
3832 1229 3935 1280 Ὅτι

2352 1324 2423 1376 τὰ.
2451 1325 2689 1392 στοιχεῖα
2716 1321 2998 1374 ὑπόκειται
3027 1323 3092 1392 τῇ
3120 1319 3239 1390 θείᾳ
3268 1320 3447 1390 κρίσει
3485 1317 3739 1389 Χριστοῦ
3769 1358 3788 1379 ,
3819 1318 3936 1388 πρὸς

2353 1411 2382 1464 ὃ
2416 1411 2664 1482 βούλεται
2689 1408 3061 1482 ῥυθμιξόμενα
3083 1449 3097 1470 ,
3126 1408 3201 1471 ὡς
3231 1408 3419 1479 χορδαὶ
3448 1406 3688 1474 κιθάρας
3742 1409 3830 1477 τῷ
3868 1425 3936 1459 κι-

2355 1497 2645 1569 θαρίζοντι.
2689 1497 2776 1550 Ἐν
2822 1491 2905 1559 οἷς
2941 1497 3090 1550 πᾶσα
3118 1495 3344 1564 δύναμις
3375 1495 3475 1564 τῆς
3521 1494 3740 1563 Σοφίας
3796 1495 3937 1548 Σολο-

2356 1587 2566 1658 μῶντος
2598 1585 2695 1657 τῆς
2725 1585 3027 1656 λεγομένης
3060 1585 3394 1657 Παναρέτου.

2763 1765 3072 1835 Παροιμίαι
3116 1764 3522 1834 Σολομῶντος.

2421 1887 2717 1961 Παροιμίαι
2750 1887 3089 1958 Σολομῶντος
3117 1888 3177 1941 τὸ
3209 1885 3408 1958 βιϐλίον
3441 1885 3726 1961 καλεῖται,
3761 1888 3935 1957 ἐπιδὴ

2351 1977 2447 2031 καὶ
2485 1977 2688 2040 ταύτας
2718 1975 2966 2047 Σολομών
3013 1978 3157 2029 ἐστιν
3195 1976 3223 2027 6
3273 1960 3511 2045 λαλήσας
3539 1975 3641 2028 καὶ
3696 1977 3930 2046 γράψας.

2350 2060 2518 2128 Οὗτος
2553 2064 2610 2118 δὲ
2647 2063 3024 2133 διαδεξάμενος
3047 2062 3144 2134 τὴν
3175 2061 3451 2132 βασιλείαν
3478 2061 3650 2115 Δαυῖδ
3700 2064 3812 2116 τοῦ
3844 2081 3934 2115 παι

2349 2154 2476 2223 τρὺς
2523 2151 2721 2214 αὐτοῦ,
2762 2151 2964 2221 ηύξατο
3012 2151 3087 2222 τῷ
3135 2149 3252 2220 Θεῷ
3292 2149 3478 2202 λαϐεῖν
3531 2150 3743 2218 σοφίαν
3812 2153 3934 2220 ὑπὲρ

2351 2239 2579 2293 πλοῦτον
2605 2282 2620 2305 ,
2655 2240 2748 2293 καὶ
2780 2239 2918 2310 ὑπὲρ
2961 2238 3168 2308 ἄμυναν
3216 2236 3442 2307 ἐχθρῶν.
3493 2237 3695 2289 Λαϐὼν
3739 2240 3934 2294 τοίνυν.

2352 2330 2445 2382 καὶ
2473 2329 2760 2398 γενόμενος
2791 2327 2952 2396 σοφὸς
2993 2326 3131 2397 ὑπὲρ
3169 2327 3375 2388 πάντας
3421 2326 3549 2388 τοὺς
3607 2326 3726 2396 7:96
3782 2326 3933 2380 αὑτοῦ

2350 2417 2444 2470 καὶ
2479 2416 2598 2486 μετ’
2629 2415 2790 2469 αὐτὸν
2820 2413 3141 2484 ἀνθρώπους
3164 2453 3180 2477 ,
3206 2412 3540 2482 θαυμασθείς
3555 2430 3622 2467 τε
3649 2416 3752 2467 ἐπὶ
3781 2418 3934 2469 πᾶσιν
4025 2417 4027 2486 ᾗ

2347 2498 2429 2566 οἷς
2463 2503 2684 2573 ἐποίησε
2715 2502 2812 2555 καὶ
2847 2502 3096 2572 ἐλάλησε,
3131 2500 3431 2572 τρισχιλίας
3479 2501 3577 2570 μὲν
3619 2502 3934 2572 παραϐολάς

2349 2586 2445 2639 καὶ
2479 2585 2919 2656 πεντακισχιλίας
2947 2585 3088 2655 ᾠδὰς
3118 2584 3374 2654 ἐλάλησε’
3407 2584 3501 2637 καὶ
3537 2585 3931 2656 ἐφυσιολόγησε

2350 2675 2480 2747 περὶ
2523 2675 2740 2729 πάντων
2791 2674 2899 2726 τῶν
2947 2691 3007 2726 τε
3051 2676 3113 2726 ἐκ
3162 2672 3265 2742 γῆς
3305 2672 3592 2742 φυομένων
3618 2713 3633 2735 ,
3669 2678 3780 2728 καὶ
3821 2674 3932 2742 περὶ

2351 2765 2568 2818 πάντων
2594 2764 2699 2816 τῶν
2729 2761 2898 2827 ζώων.
2917 2761 3228 2830 Συνέγραψε
3254 2760 3332 2826 δέ,
3363 2761 3438 2823 ὼς
3474 2760 3575 2828 μέν
3605 2761 3762 2825 τινές
3792 2779 3928 2831 φατι,

2349 2851 2476 2921 τρία
2507 2851 2642 2922 μόνα
2672 2850 2874 2920 βιϐλία.
2913 2847 3084 2902 Τοῦτό
3111 2866 3191 2912 τε,
3221 2850 3316 2901 καὶ
3344 2849 3434 2901 τὸν
3473 2849 3927 2919 Ἐκκλησιαστὴν.

2351 2939 2530 2992 καὶτὸ
2562 2935 2752 3010 τᾼσμα
2793 2937 2901 2990 τῶν
2937 2938 3224 3008 ᾀσμάτων·
3253 2936 3328 2999 ώς
3383 2935 3441 2988 δέ
3486 2952 3664 2999 τινες,
3705 2939 3812 2990 καὶ
3846 2937 3930 3004 τὴν

2351 3025 2550 3096 Σοφίαν
2577 3027 2677 3098 τήν
2709 3024 3210 3095 ἀπογεγραμμένην
3239 3023 3336 3076 καὶ
3356 3021 3660 3093 λεγομένην
3687 3024 3930 3092 11:75:95-

2349 3131 2441 3168 τον
2462 3130 2474 3144 ·
2507 3114 2735 3184 γνησίαν
2771 3114 2880 3185 γὰρ
2912 3112 3078 3166 αὑτοῦ
3117 3113 3210 3166 καὶ
3239 3111 3442 3181 ταύτην
3482 3110 3743 3178 λέγουσιν
3779 3107 3929 3163 εἶναι.

2351 3198 2462 3250 Καὶ
2497 3196 2684 3250 τοῦτον
2723 3197 2820 3268 μὲν
2852 3195 3146 3266 Παροιμίαι
3185 3193 3514 3264 ἐπέγραψεν.
3571 3194 3696 3246 Εἰσὶ
3733 3194 3791 3247 δέ
3837 3210 3931 3244 παι

2353 3280 2559 3350 ροιμίαι
2589 3281 2734 3348 λόγοι
2770 3280 2944 3349 σοφοὶ,
2970 3279 3046 3342 ὡς
3081 3278 3403 3347 αἰνίγματα,
3436 3277 3597 3330 ἅτινα
3623 3277 3816 3346 ἕτερον
3839 3279 3930 3346 μέν

2349 3381 2403 3416 τι
2443 3364 2664 3417 αὐτόθεν
2715 3363 2976 3434 δηλοῦντά
3017 3365 3201 3422 ἐστιν,
3254 3362 3440 3431 ἓτερον
3493 3361 3548 3413 δὲ
3607 3362 3665 3412 ἐν
3710 3363 3928 3429 ὑπονοίᾳ

2351 3447 2790 3515 ἐπαγγέλλονται.
2827 3445 2947 3498 Τῶν
2980 3446 3036 3498 δὲ
3063 3445 3319 3497 τοιούτων
3366 3444 3505 3507 εἶδός
3551 3446 3694 3497 εἰσιν
3743 3447 3796 3496 αἰ
3836 3463 3932 3496 πα-

2353 3531 2582 3602 ροιμίαι.
2611 3529 2768 3582 οὕτω
2792 3531 2900 3599 γὰρ
2927 3528 3020 3580 καὶ
3041 3529 3090 3580 οἰ
3121 3528 3361 3598 μαθηταὶ
3387 3525 3484 3580 τοῦ
3510 3529 3722 3598 Κυρίου
3756 3527 3930 3594 λέγου-

2352 3630 2436 3666 σιν
2460 3615 2518 3666 ἐν
2545 3612 2622 3682 τῷ
2648 3613 2788 3666 κατὰ
2828 3612 3079 3681 Ἰωάννην
3099 3611 3441 3680 Εὑαγγελίῳ,
3476 3612 3566 3664 ὅτε
3595 3610 3691 3663 τοῦ
3731 3611 3930 3678 Κυρίου

2351 3697 2520 3751 πολλά
2548 3698 2829 3768 εἰρηκότος
2851 3735 2867 3759 ,
2904 3697 3167 3766 πρότερον
3217 3695 3654 3765 ἐγκεκρυμμένη
3703 3695 3930 3760 διανοίᾳ.

2351 3779 2573 3851 ὕστερόν
2625 3798 2788 3850 φασιν
2837 3777 3014 3848 αὐτῷ’
3055 3779 3168 3832 Ἴδε
3205 3777 3324 3830 νῦν
3366 3779 3680 3846 παρῤησίᾳ
3702 3777 3928 3839 λαλεῖς,

2350 3864 2449 3917 καὶ
2468 3865 2786 3933 παροιμίαν
2808 3862 3092 3930 οὐδεμίαν
3125 3859 3323 3928 ,λέγεις
3343 3877 3356 3890 ·
3382 3860 3460 3922 ὼς
3484 3860 3595 3912 τῶν
3628 3860 3932 3930 παροιμιῶν

2352 3949 2427 4020 μὴ
2451 3951 2514 4002 ἐκ
2539 3947 2794 4019 φανεροῦ,
2825 3945 2961 3999 ἀλλά
2994 3945 3393 4015 κεκρυμμένως
3414 3944 3745 4013 λεγομένων.
3782 3944 3932 3994 ἐπεὶ

2348 4029 2442 4086 οὖν
2474 4034 2532 4084 ἐν
2561 4030 2638 4101 τῷ
2667 4028 3053 4101 βιϐλίῳ-τούτῳ
3077 4028 3314 4080 πλεῖστοι
3347 4026 3497 4095 λόγοι
3525 4027 3934 4084 τοιοῦτοίείσιν,

2347 4115 2436 4169 διὰ
2455 4114 2611 4168 τοῦτο
2640 4111 2943 4183 Παροιμίας
2971 4109 3174 4179 ἔγραψε
3209 4109 3268 4177 (ἰ.
3293 4109 3600 4179 ἐπέγραψε)
3623 4108 3683 4160 :6
3707 4108 3930 4175 βιολίον.

2361 4195 2659 4267 Ὠνομάσθη
2703 4195 2758 4247 δὲ
2809 4195 3112 4265 παροιμία,
3161 4193 3348 4262 ἐπειδὴ
3386 4193 3538 4262 παρὰ
3580 4193 3762 4260 πάσης
3811 4189 3932 4242 ὁδοῦ

2349 4281 2666 4351 ἐγράφησαν
2690 4280 2739 4331 οἱ
2771 4278 3000 4330 τοιοῦτοι
3039 4277 3206 4344 λόγοι,
3248 4275 3387 4345 πρὸς
3415 4274 3704 4345 διόρθωσιν
3735 4276 3828 4326 καὶ
3859 4276 3934 4326 5-:-

2347 4365 2643 4418 δασκαλίαν
2673 4361 2779 4415 τῶν
2809 4364 2866 4413 ἐν
2893 4364 3012 4422 ταῖς
3043 4360 3178 4422 ὁδοῖς
3211 4359 3616 4429 πορευομένων.
3644 4358 3804 4428 Παρὰ
3837 4357 3932 4416 τὰς

2347 4448 2499 4510 ὁδους
2524 4446 2578 4499 δὲ
2629 4446 2927 4516 ἐγράφοντο
2952 4486 2966 4508 ,
3009 4443 3128 4495 ἐπεὶ
3164 4442 3239 4513 μή
3277 4444 3481 4503 πάντες
3527 4441 3768 4511 ἐχώρουν
3809 4443 3934 4500 τοὺς

2347 4531 2448 4600 τῆς
2478 4529 2730 4600 ἀληυείας
2755 4528 2944 4596 λόγους
2965 4545 2977 4557 ·
3028 4527 3114 4580 ἵνα
3147 4526 3248 4579 κᾶν
3291 4526 3632 4596 διερχόμενοι
3671 4527 3766 4578 καὶ
3809 4526 3930 4593 ,⁸5λέ-

2349 4631 2540 4677 ποντες
2573 4612 2881 4683 διερευνῶσι
2933 4610 3003 4663 τὰ
3053 4611 3418 4680 γεγραμμένα
3443 4651 3458 4672 ,
3507 4613 3601 4664 καὶ
3623 4609 3766 4662 οῦτω
3797 4627 3928 4661 παι-

2347 4695 2608 4750 δεύωνται
2645 4697 2694 4747 οἰ
2735 4695 3030 4763 ἄνθρωποι.
3063 4693 3220 4756 Τινὲς
3263 4693 3396 4762 γοῦν
3434 4694 3707 4764 ὁρίζονται
3756 4693 3926 4752 αὑτάς

2346 4777 2549 4842 οὕτως,
2583 4778 2735 4850 ῥῆμα
2767 4777 3021 4849 παρόδιον
3045 4777 3154 4830 ἀπό
3187 4794 3331 4840 τινος
3365 4776 3483 4840 ἐνὸς
3516 4781 3597 4840 εἰς
3629 4777 3797 4828 πολλὰ
3837 4792 3930 4844 με·

2346 4862 2843 4932 ταλαμϐανόμενον.
2892 4863 3075 4914 Ἔστιν
3129 4857 3222 4914 οὖν
3274 4863 3331 4912 ἐν
3380 4860 3458 4932 τῷ
3510 4861 3700 4930 βιϐλίῳ
3755 4861 3934 4926 τούτῳ

2349 4947 2548 5014 γνῶσις
2595 4945 2783 5013 σοφίας
2815 4946 2906 4997 καί⁵
2946 4943 3224 5007 παιδείας,
3272 4945 3458 5014 νόησις
3511 4945 3682 5012 λόγων
3729 4960 3931 5012 φρονῇ

2351 5047 2488 5092 σεως
2506 5068 2520 5090 ,
2549 5028 2778 5098 στροφαὶ
2821 5027 3012 5095 λόγων,
3058 5026 3404 5098 δικαιοσύνης
3448 5028 3680 5098 ἀληθοῦς
3706 5028 3898 5095 νόησις
3919 5065 3933 5088 ,

2349 5112 2590 5182 κρίματα
2609 5110 2976 5172 κατευθύνειν,
3007 5109 3159 5182 [576]
3188 5111 3282 5164 καὶ
3319 5112 3621 5180 ἐπαγγελία
3646 5110 3743 5163 τοῦ
3772 5115 3930 5175 τινι-ζ-

2351 5214 2498 5249 σκειν
2525 5199 2587 5248 ἐκ
2613 5195 2815 5248 τούτων
2839 5194 3184 5266 παραϐολάς,
3216 5197 3404 5266 ῥήσεις
3437 5195 3635 5263 σοφῶν,
3668 5195 3932 5263 αἰνίγμα-
3999 5189 4001 5283 4

2347 5296 2438 5340 τα,
2476 5278 2778 5340 σκοτεινοὺς
2809 5277 3020 5344 λόγους.
3053 5278 3159 5329 Καὶ
3198 5278 3306 5330 εἰσὶ
3340 5278 3571 5346 γνώσεις
3615 5279 3802 5346 σοφίας
3838 5277 3936 5328 καὶ
3997 5309 3999 5346 ε

2348 5333 2612 5425 παιδείας.
2657 5333 2894 5432 Ἐπειδὴ·
2921 5333 3028 5432 γάρ
3077 5333 3363 5432 Ἕλληνες,
3393 5363 3495 5432 μὲν
3544 5333 3734 5430 σοφίάν
3776 5333 3936 5431 ἐχειν
3989 5333 3999 5447 ἐ

2347 5446 2790 5516 ἐπαγγέλλονται,
2821 5445 3083 5516 αἱρετικοὶ
3099 5445 3156 5497 δὲ
3171 5445 3456 5516 νομίζουσι
3482 5448 3731 5501 παιδείαν
3755 5446 3938 5514 εἶξιν.
3989 5469 3997 5516 γ

2347 5531 2435 5585 διὰ
2473 5530 2631 5584 τοῦτο
2674 5523 2829 5592 οὗτος
2875 5531 2974 5602 τὴν
3002 5530 3174 5601 ἀληθῆ
3219 5533 3414 5600 σοφίαν
3449 5534 3548 5586 καὶ
3577 5531 3824 5585 παιδείαν
3855 5531 3938 5581 διο
3973 5559 3980 5586 ε

2344 5617 2564 5680 δάσκει,
2597 5616 2680 5667 ἵνα
2721 5614 2796 5686 μή
2823 5618 2889 5685 τῇ
2919 5616 3206 5686 ὁμωνυμίᾳ
3240 5616 3341 5684 τῆς
3391 5618 3585 5687 σοφίας
3625 5618 3703 5677 εὶς
3733 5613 3810 5664 τὰ
3845 5630 3942 5664 σοι

2348 5701 2591 5772 φίσματα
2621 5699 2730 5753 τῶν
2770 5701 3034 5770 Ἐλλήνων
3080 5701 3174 5752 καὶ
3217 5701 3328 5752 τῶν
3367 5702 3664 5774 αἱρετικῶν
3705 5700 3938 5767 ἐμπέσῃ

2354 5801 2455 5846 τις.
2481 5785 2585 5837 Καὶ
2613 5783 2720 5854 γάρ
2752 5783 3008 5854 Ἕλληνες
3042 5783 3139 5853 μὲν
3171 5782 3414 5853 οἰόμενοί
3453 5802 3600 5848 ιτινες
3626 5781 3792 5846 εἶναι,
3833 5799 3940 5833 και
