4102 6322
396 235 502 306 369

395 375 450 418 ct
477 362 746 417 desiderio
771 362 836 416 ad
867 363 1278 432 comparandam
1311 364 1644 432 sapientiam.
1673 361 1750 416 Ad
1779 363 1891 414 hac
1915 361 1982 415 de

394 455 714 527 quibusdam
742 464 948 509 natura
985 455 1222 525 partibus
1249 455 1566 524 disputatur,
1595 456 1828 521 itemque
1851 467 1982 507 con-

396 557 478 602 tra
524 547 688 611 idola,
733 557 788 600 et
833 547 1048 600 illorum
1092 547 1408 616 sculptores,
1455 556 1510 601 et
1547 553 1730 600 contra
1771 561 1864 600 eos
1892 546 1980 614 qui

390 654 542 708 spem
585 639 636 692 in
668 638 771 692 illis
811 647 1033 706 ponunt,
1065 639 1285 708 ipsaque
1331 637 1532 691 colunt.
1568 638 1831 691 Praeterea
1885 638 1980 707 by.

390 745 552 784 mnus
577 745 698 782 cum
729 729 1063 783 confessione
1093 729 1411 782 mirabilium
1439 728 1829 796 operationem,
1860 743 1979 797 qua

390 810 649 877 lsraelitis
695 838 873 876 coram
921 823 1154 891 ipsorum
1189 823 1414 876 inimicis
1441 837 1468 874 a
1501 822 1611 875 Deo
1657 823 1806 876 facta
1834 833 1975 876 sunt.

391 916 518 969 llac
561 915 736 981 itaque
765 915 1134 983 complectitur
1163 915 1248 968 hic
1268 913 1420 967 liber.
1453 913 1838 982 Recapitulatio
1881 929 1979 966 an-

389 1015 499 1060 tem
531 1007 608 1059 sic
635 1002 813 1060 habet.
855 1005 910 1059 ln
941 1006 1212 1075 prooemiis
1238 1005 1538 1059 adhortatio
1562 1004 1690 1074 justi
1718 1005 1784 1058 ad
1813 1005 1978 1074 pieta-

389 1108 522 1163 tem,
549 1107 605 1152 ct
635 1097 982 1165 reprehensio
1011 1098 1156 1166 itnpii
1187 1097 1507 1166 blasphemi.
1533 1096 1685 1161 Nam,
1711 1096 1795 1152 Nc
1819 1113 1976 1150 armu-

387 1189 529 1251 leris,
578 1189 775 1257 inquit,
819 1189 1178 1256 antichristoa,
1219 1189 1303 1259 qui
1331 1199 1446 1242 sunt
1475 1189 1590 1256 ipsa
1619 1205 1773 1243 mors.
1824 1189 1974 1244 Unde

389 1278 586 1334 factum
632 1280 721 1344 sit,
763 1279 903 1349 quod
951 1279 1096 1350 impii
1125 1294 1191 1334 eo
1215 1279 1546 1346 devenerint,
1594 1288 1651 1334 ut
1693 1281 1974 1334 Dominum

385 1371 575 1438 gloria:
600 1371 992 1438 crucifigercnt,
1020 1370 1147 1424 dttm
1177 1386 1413 1439 prasens
1440 1372 1694 1426 sarculum
1719 1371 1791 1424 illi
1818 1381 1970 1425 ante-

385 1461 613 1516 ferrent.
645 1461 798 1529 Quod
829 1463 990 1516 etiam
1030 1463 1129 1532 ipsi
1161 1464 1430 1532 apostolos
1459 1465 1761 1533 persequuti
1788 1463 1893 1518 sint
1917 1472 1972 1517 et

382 1553 700 1608 ceciderint.
727 1553 878 1620 Quod
928 1552 1089 1607 futuri
1129 1555 1235 1608 sint
1272 1555 1485 1624 quidam
1523 1556 1611 1624 qui
1652 1555 1823 1624 legem
1862 1555 1968 1607 Do-

386 1645 517 1700 mini
544 1655 914 1712 contenmaut,
944 1646 1158 1715 quidam
1187 1661 1312 1700 vero
1340 1647 1425 1700 alii
1453 1648 1564 1700 sint
1593 1647 1664 1700 illi
1693 1647 1969 1716 obtempe-

382 1737 572 1791 raturi.

456 1826 610 1894 Quod
653 1827 792 1882 Deus
836 1827 1156 1882 multitudini
1199 1843 1416 1891 eorum,
1463 1829 1553 1899 qui
1600 1829 1650 1882 in
1692 1827 1964 1883 Christum

381 1920 550 1990 impie
589 1929 785 1990 agunt,
830 1937 936 1974 non
977 1921 1048 1976 sit
1086 1921 1407 1992 parciturus.
1455 1921 1621 1976 Unius
1657 1922 1799 1976 enim
1836 1922 1965 1992 justi

379 2013 599 2068 Christo
618 2013 888 2068 credentis
915 2028 1039 2067 cura
1067 2022 1151 2068 est
1179 2013 1309 2080 Deo,
1338 2013 1546 2068 etiamsi
1577 2014 1628 2067 in
1660 2014 1967 2068 adolescen-

381 2105 455 2156 tia
480 2105 760 2158 moriatur.
788 2104 1032 2159 Senectu;
1047 2107 1183 2159 enim
1204 2105 1496 2160 venerabilia
1516 2116 1587 2159 est
1607 2122 1705 2158 non
1728 2105 1966 2158 diuturna

378 2194 535 2267 (Cap.
560 2197 615 2251 4.
639 2197 717 2265 8).
749 2197 862 2251 Etsi
886 2199 1080 2266 impius
1106 2207 1334 2253 mortem
1357 2200 1476 2267 ejus
1500 2201 1588 2269 qui
1612 2199 1828 2253 Christo
1847 2215 1965 2255 cre-

378 2289 461 2344 dit
486 2292 804 2354 contemnit,
825 2299 882 2345 at
906 2291 980 2344 illi
1003 2293 1270 2360 eliguntur
1293 2293 1344 2344 in
1371 2293 1604 2347 Christo.
1636 2291 1786 2362 lmpii
1815 2293 1962 2362 igno-

377 2381 622 2436 miniosa
662 2383 832 2444 ruina
863 2383 1138 2437 tradentur
1159 2425 1172 2444 .
1213 2394 1266 2438 ct
1296 2399 1489 2453 magno
1512 2384 1712 2454 judicio
1742 2400 1802 2439 ac
1827 2401 1959 2439 con-

379 2473 712 2527 demnationi
739 2473 1094 2542 s‘ubjicientttr
1123 2475 1189 2539 ii,
1223 2476 1312 2543 qui
1338 2475 1530 2530 Christi
1561 2489 1749 2529 servos
1774 2490 1957 2544 persc-

378 2570 635 2632 quuntur,
663 2564 905 2618 videntes
931 2564 1156 2634 gloriam
1184 2564 1300 2634 ejus
1328 2576 1381 2619 et
1411 2565 1668 2635 ipsorum,
1700 2581 1863 2636 seque
1891 2567 1958 2620 ad

377 2657 697 2725 Supplicium
725 2656 858 2724 rapi.
887 2656 1041 2723 Quod
1071 2657 1270 2711 divitia
1299 2673 1419 2711 cum
1451 2660 1753 2728 arrogantia
1799 2659 1956 2714 nobis

374 2747 653 2802 accedant.
695 2748 827 2814 Qua:
869 2749 939 2802 sit
982 2749 1059 2802 ira
1094 2749 1188 2803 Dei
1223 2749 1276 2802 in
1307 2764 1400 2804 eos
1425 2751 1515 2818 qui
1547 2751 1706 2820 impie
1736 2760 1957 2821 egerunt

372 2836 431 2889 in
482 2836 770 2892 Christum.
827 2838 1188 2902 Adhortatio,
1236 2840 1344 2893 imo
1396 2841 1573 2909 potius
1623 2841 1956 2896 denuntiatio

376 2925 706 2995 principibus
745 2928 937 2994 Israel,
984 2939 1044 2983 ut
1086 2929 1300 2985 Christo
1341 2931 1597 2997 credant;
1641 2933 1749 2986 imo
1777 2935 1955 3003 potius

373 3023 712 3078 denuntiatio
734 3025 1060 3096 principibus
1081 3026 1371 3082 Catholica
1394 3028 1668 3092 Ecclesia,
1687 3030 1952 3098 quomodo

372 3117 567 3186 regere
583 3114 808 3170 debeant
828 3127 947 3186 post
973 3119 1118 3172 illius
1135 3119 1466 3174 abscessum.
1495 3119 1624 3187 Qua:
1651 3120 1720 3174 sit
1744 3121 1947 3191 sapien-

371 3207 483 3273 tia,
528 3222 719 3278 nempe
764 3208 929 3264 Filius
975 3210 1090 3265 Dei.
1138 3211 1205 3265 Et
1248 3211 1514 3280 quomodo
1549 3211 1780 3266 Verbum
1825 3228 1952 3268 caro

373 3301 577 3356 factum
605 3303 696 3369 sit,
723 3303 883 3372 inque
905 3303 1059 3358 nobis
1087 3303 1422 3359 habitaverit.
1451 3304 1585 3372 Quia
1612 3321 1731 3375 ego,
1759 3307 1946 3376 inquit,

369 3392 560 3448 eadem
611 3409 731 3463 qua
781 3409 878 3449 vos
925 3409 1111 3463 passus
1157 3410 1311 3461 sum,
1339 3395 1501 3450 homo
1547 3411 1668 3451 cum
1717 3398 1851 3465 sim,
1883 3414 1950 3453 ex

366 3485 518 3553 jussu
582 3486 674 3540 Dei
738 3486 1031 3556 disciplina:
1094 3487 1358 3542 subditus.
1428 3489 1505 3544 De
1551 3488 1818 3544 Christo:
1868 3491 1948 3544 Ex

373 3580 636 3648 sapientia
665 3581 798 3647 Dei,
830 3581 1038 3650 inquit,
1066 3583 1304 3636 omnium
1346 3584 1705 3652 «agnitionem
1734 3585 1906 3639 habeo
1931 3604 1944 3640 :

370 3669 440 3724 In
468 3688 624 3726 manu
652 3673 784 3726 enim
812 3674 980 3738 illius,
1010 3683 1056 3728 et
1081 3691 1174 3727 nos
1201 3691 1405 3740 sumtis,
1439 3685 1488 3729 et
1514 3691 1765 3730 sermones
1790 3678 1948 3731 nostri

368 3761 534 3832 (Cap.
565 3764 619 3816 7.
645 3763 764 3833 16).
793 3763 923 3832 Qua
951 3765 1022 3818 sit
1049 3765 1307 3835 sapientia
1327 3806 1344 3833 ,
1377 3773 1432 3821 et
1459 3767 1728 3836 quomodo
1765 3769 1817 3822 in
1845 3767 1946 3823 ho-

368 3854 542 3907 mines
565 3856 795 3909 venerit.
838 3855 968 3910 Cum
995 3856 1127 3909 enim
1158 3858 1310 3908 unica
1338 3857 1402 3910 sit
1423 3897 1439 3921 ,
1465 3859 1635 3910 omnia
1674 3869 1834 3927 potest
1851 3901 1868 3923 ,
1896 3868 1945 3912 ‘ct

365 3960 482 3997 cum
502 3946 556 3998 in
576 3946 739 4016 seipsa
757 3956 975 4008 maneat,
995 3946 1165 4000 omnia
1185 3957 1351 4001 tamen
1369 3949 1571 4002 innovat
1591 3947 1642 4019 (1
1649 3949 1750 4003 bid.
1766 3965 1812 4002 υ.
1826 3949 1942 4019 27).

366 4036 713 4104 Sapientiam,
744 4037 935 4107 inquit,
960 4053 990 4091 a
1017 4037 1291 4106 juventnte
1314 4040 1506 4101 amavi,
1531 4051 1584 4094 et
1606 4041 1781 4094 omnia
1807 4040 1942 4094 bona

365 4144 429 4181 ex
464 4129 552 4183 illa
583 4131 795 4199 accepi,
839 4130 1072 4185 carnalia
1100 4140 1158 4185 et
1197 4133 1510 4200 Spiritualia.
1556 4134 1773 4203 Cognita
1801 4135 1943 4188 enim

366 4222 728 4291 magnitudine
758 4224 1032 4293 sapientia
1052 4264 1066 4287 ,
1098 4224 1357 4292 postulavi
1383 4240 1412 4277 a
1443 4226 1671 4280 Domino
1700 4235 1752 4279 ut
1789 4226 1942 4281 dare-

369 4324 453 4368 tur
478 4315 607 4368 mihi
635 4315 864 4385 Spiritus
886 4329 1121 4378 sanctus,
1151 4319 1237 4386 qui
1269 4333 1353 4372 me
1381 4316 1448 4372 de
1479 4320 1566 4373 illa
1595 4320 1938 4376 illuminarct.

366 4405 435 4461 Et
454 4408 649 4463 missus
671 4419 774 4475 est,
802 4420 858 4462 ut
884 4426 1091 4464 mecum
1121 4410 1402 4465 laboraret.
1431 4409 1769 4481 Cogitationes
1795 4429 1942 4466 nam-

364 4514 467 4566 que
491 4500 781 4553 mortalium
809 4501 998 4554 timidw
1024 4513 1138 4555 sunt
1162 4500 1327 4572 (Cap.
1356 4501 1410 4556 9.
1439 4503 1504 4556 14
1521 4505 1560 4572 ).
1594 4503 1668 4557 De
1694 4503 1943 4571 operibus

363 4589 662 4658 sapientia.
709 4591 989 4658 Quomodo
1033 4593 1260 4660 primum
1293 4591 1561 4647 hominem
1608 4594 1938 4660 custodierit,

365 4696 429 4733 ex
452 4682 664 4750 quantis
689 4684 843 4736 malis
867 4684 1003 4738 Deus
1023 4683 1305 4738 credentes
1336 4684 1433 4738 sibi
1457 4695 1650 4749 servet,
1673 4694 1730 4740 et
1748 4697 1938 4756 quanta

364 4773 469 4827 illis
501 4773 638 4826 bona
683 4783 896 4842 prastet
919 4815 934 4838 ,
964 4784 1022 4828 ut
1051 4775 1230 4828 videre
1271 4784 1354 4828 est
1390 4775 1442 4828 in
1470 4775 1615 4842 Noe,
1648 4776 1938 4842 Abraham,

365 4863 496 4926 Lot,
529 4863 728 4929 Jacob,
753 4864 954 4934 JOseplt
977 4905 992 4930 ,
1023 4875 1077 4918 et
1121 4866 1175 4918 in
1215 4865 1494 4927 lsraelitis,
1527 4881 1663 4934 quos
1690 4882 1752 4920 ex
1782 4881 1942 4920 manu

364 4954 737 5025 {Egyptiorum
764 4956 958 5024 eripuit
984 4971 1077 5026 per
1100 4956 1336 5026 Moysem
1353 4997 1368 5019 ,
1400 4965 1453 5011 et
1481 4972 1614 5025 aqua
1645 4973 1712 5012 ex
1740 4973 1942 5026 praru-

363 5059 450 5119 pta
484 5059 630 5118 petra
664 5050 882 5116 potavit.
915 5049 1192 5116 Quomodo
1228 5059 1434 5118 septem
1471 5049 1716 5118 gentibus
1753 5065 1941 5118 vespas

363 5140 590 5204 miserit,
624 5148 678 5194 et
703 5141 921 5194 lenitate
951 5139 1418 5209 misericordiaque
1449 5155 1594 5205 usus,
1627 5141 1729 5194 illis
1759 5152 1940 5209 postea

358 5249 455 5300 per
486 5231 572 5286 illa
606 5234 860 5301 populum
895 5232 1143 5288 erudiens
1163 5274 1177 5297 ,
1211 5242 1268 5286 ut
1307 5232 1560 5301 benignus
1587 5243 1729 5287 esset
1756 5244 1810 5285 et
1839 5219 1939 5285 hu-

359 5339 573 5378 manus.
616 5323 812 5378 Contra
857 5325 1168 5379 adoratores
1205 5325 1626 5388 elementorum,
1663 5338 1934 5385 ranarum,

360 5416 690 5486 sciniphum,
718 5419 971 5483 murium,
1001 5419 1322 5471 locustarum
1344 5458 1358 5482 ,
1388 5432 1690 5484 vesparum,
1723 5429 1941 5482 serpen-

357 5520 495 5565 tum.
528 5512 728 5564 Contra
757 5510 1071 5564 adoratorcs
1112 5511 1371 5564 idolorum
1404 5524 1468 5563 ex
1500 5523 1664 5572 auro,
1696 5515 1936 5575 argento,

362 5603 529 5671 ligno,
565 5601 849 5670 lapidibus.
882 5601 1034 5666 Quod
1059 5616 1154 5668 per
1181 5601 1378 5667 lignum
1408 5599 1550 5651 salus
1581 5597 1650 5650 sit
1678 5596 1941 5650 credenti-

358 5696 482 5751 bus.
514 5697 590 5752 De
615 5695 975 5761 sculptoribus
993 5697 1074 5748 vel
1102 5695 1386 5762 pictoribus
1413 5694 1695 5748 idolorum.
1727 5692 1801 5746 De
1826 5706 1940 5748 om-

687 5785 954 5844 PATROL.
1003 5783 1119 5842 Gn.
1169 5779 1318 5841 LVI.

1408 247 1723 308 SYNOPSIS
1759 239 2166 304 SCRIPTURE
2205 250 2475 307 SACRAS.

3577 271 3680 322 370

2088 362 2245 416 nibus
2287 365 2597 418 idololatria
2634 369 2800 421 malis.
2840 371 2912 425 De
2961 371 3118 442 impia
3149 374 3435 444 religione,
3467 389 3518 429 rt
3547 392 3678 449 quot

2089 453 2166 506 illi
2194 454 2358 508 insint
2387 456 2544 511 mala.
2591 457 2664 511 De
2693 461 2852 529 figulo
2879 472 2934 516 et
2963 462 3215 520 fictilibus
3243 467 3413 521 idolis.
3457 471 3531 525 De
3560 489 3677 527 om-

2085 543 2242 598 nibus
2268 544 2422 600 idolis
2440 589 2457 613 ,
2488 563 2606 618 qua:
2632 565 2662 603 a
2688 552 2934 618 gentibus
2961 554 3205 610 coluntur
3223 600 3238 622 ,
3267 559 3663 616 inimicissima-

2084 651 2204 690 rum
2250 637 2561 705 bestiarum,
2613 655 2922 712 serpentum
2950 689 2965 709 ,
3013 658 3347 715 catorum,et
3387 654 3663 710 similium.

2085 727 2237 796 Quod
2267 729 2447 785 lsraeli
2485 732 2623 786 Deus
2661 734 2978 790 beneficium
3024 742 3346 806 contulerit,
3379 759 3474 814 pro
3519 752 3662 801 ranis

2082 823 2414 878 coturnicem
2442 825 2678 881 mittens.
2707 828 2860 893 Quod
2885 840 3070 886 contra
3099 851 3335 890 morsum
3360 850 3664 908 serpentum

2083 925 2181 980 per
2207 927 2416 969 aneum
2445 927 2750 986 serpentem
2781 920 2832 973 in
2865 936 3026 977 cruce
3054 937 3371 995 suspensum
3403 932 3549 986 salus
3574 948 3657 1000 po-

2082 1003 2207 1070 pulo
2250 1003 2385 1060 facta
2415 1007 2517 1072 sit;
2559 1009 2755 1064 inimici
2787 1023 2915 1066 vero
2952 1013 3184 1081 ipsorum
3225 1033 3322 1087 per
3351 1020 3584 1076 locustas
3610 1033 3658 1076 ct

2079 1107 2260 1148 mures
2305 1097 2466 1151 occisi
2511 1099 2640 1152 sint.
2687 1101 2838 1166 Quod
2888 1105 3136 1172 populum
3175 1109 3484 1176 angelorum
3529 1114 3653 1166 cibo

2077 1185 2306 1248 aluerit,
2355 1202 2742 1262 quamcumque
2793 1194 3117 1264 voluptatem
3166 1196 3434 1266 habente,
3488 1214 3543 1256 et
3590 1207 3658 1256 ad

2077 1291 2465 1350 quemcumque
2490 1293 2701 1352 gustum
2724 1288 3143 1344 accommodato.
3175 1291 3324 1356 Quod
3346 1295 3657 1363 grandinem

2076 1384 2194 1424 cum
2226 1372 2346 1441 igne
2372 1374 2437 1427 ad
2461 1377 2880 1445 corrumpendas
2905 1379 3084 1450 fruges
3114 1383 3165 1435 in
3190 1383 3471 1454 Egyptios
3497 1389 3659 1443 mise-

2076 1464 2166 1515 rit.
2211 1464 2362 1531 Quod
2392 1465 2685 1536 palpabiles
2729 1471 2974 1526 tenebras
3001 1473 3070 1551 .in
3112 1473 3394 1545 Egyptios
3430 1478 3655 1542 miserit,

2073 1561 2128 1607 et
2146 1569 2262 1622 qua
2286 1557 2336 1609 in
2365 1572 2426 1611 ea
2453 1573 2513 1612 re
2543 1558 2754 1614 inerant
2776 1562 2912 1615 mala
2937 1581 2950 1615 :
2978 1566 3176 1619 sanctis
3195 1581 3323 1620 vero
3347 1568 3459 1623 suis
3487 1569 3658 1624 lucem

2073 1643 2126 1697 in
2152 1645 2406 1716 Egypto,
2434 1659 2490 1704 et
2516 1651 2819 1706 columnam
2842 1653 2978 1723 ignis
3009 1655 3060 1708 in
3086 1656 3371 1711 solitudine
3395 1678 3408 1711 :
3438 1669 3494 1713 et
3514 1662 3654 1729 quod

2073 1746 2292 1804 prepter
2320 1740 2488 1794 occidi
2510 1740 2690 1809 jussos
2714 1743 3072 1799 lsraelitarum
3101 1747 3348 1815 infantes,
3375 1749 3657 1822 Egyptia-

2070 1843 2188 1882 rum
2218 1830 2597 1902 primogenitos
2624 1843 2790 1902 mers,
2816 1848 2870 1892 et
2893 1839 3035 1908 ipsos
3055 1839 3335 1912 Egyptios
3353 1844 3653 1898 submersio

2069 1924 2346 1977 sustulerit
2371 1942 2384 1978 :
2412 1936 2469 1980 ut
2492 1941 2586 1995 pro
2614 1937 2784 1984 morte
2807 1931 3276 2001 primogenitorum
3305 1936 3450 1991 salus
3469 1937 3654 1992 lsraeli

2072 2027 2165 2080 per
2193 2016 2504 2085 sanguinem
2535 2018 2656 2089 agni
2686 2035 2940 2076 concessa
2975 2025 3064 2077 sit.
3115 2025 3182 2078 Et
3214 2041 3309 2095 pro
3352 2037 3528 2085 morte
3561 2030 3653 2100 ju-

2067 2114 2273 2159 storum
2299 2107 2369 2174 ,in
2409 2108 2730 2177 solitudine,
2780 2113 2956 2167 Aaron
2989 2114 3270 2170 Dominum
3314 2118 3558 2186 precibus
3598 2131 3655 2175 et

2067 2195 2287 2251 incenso
2337 2198 2600 2266 placarit:
2635 2217 2732 2271 pro
2778 2214 2950 2258 morte
3005 2221 3131 2259 vero
3175 2206 3548 2278 Egyptiorum
3595 2213 3651 2265 iu

2065 2289 2203 2343 mari
2228 2288 2446 2358 Rubro,
2477 2293 2636 2348 fuerit
2666 2294 2741 2348 ira
2776 2295 2869 2349 Dei
2913 2297 3114 2366 alisque
3161 2301 3564 2369 misericordia,
3593 2314 3651 2358 et

2063 2380 2165 2434 iter
2209 2383 2389 2451 populi
2434 2383 2690 2440 insolens.
2740 2387 2893 2451 Quod
2936 2401 3155 2458 propter
3200 2391 3648 2448 inhumanitatem

2062 2485 2188 2542 erga
2233 2472 2465 2528 advenas
2491 2478 2631 2530 mala
2662 2478 2760 2531 ista
2789 2480 2930 2547 passi
2961 2481 3069 2534 sint
3088 2480 3354 2553 {Egyptii,
3385 2487 3646 2554 quemad-

2063 2561 2280 2617 modum
2307 2575 2362 2618 et
2394 2564 2705 2622 Sodomita.
2737 2568 2890 2636 Quod
2931 2570 3194 2627 elementa
3224 2573 3406 2629 divino
3443 2575 3645 2633 Christi

2055 2654 2258 2723 judicio
2314 2659 2565 2726 subsint,
2609 2660 2676 2714 ad
2733 2661 2875 2716 illius
2937 2665 3221 2733 imperium
3264 2670 3642 2734 parata,sicut

2059 2745 2276 2802 chorda
2318 2749 2537 2805 cithara
2579 2753 2836 2808 citharam
2884 2756 3130 2824 pulsanti.
3179 2757 3234 2811 ln
3279 2759 3364 2814 his
3394 2775 3640 2832 compre-

2060 2837 2311 2895 henditur
2335 2842 2417 2896 vis
2457 2846 2634 2899 omnis
2662 2846 2948 2915 Sapientia
2976 2848 3275 2904 Salomonis
3312 2867 3432 2922 qua
3469 2853 3642 2908 Pana-

2058 2941 2202 2986 I‘CIOS
2231 2941 2470 2988 VOCMUP.

2303 3084 2572 3124 PARCEMIE
2611 3086 2706 3126 SEU
2745 3089 3039 3129 PROVERBIA
3079 3091 3384 3132 SALOSIONIS.

2127 3193 2404 3261 Paratnia
2439 3223 2531 3262 seu
2562 3210 2843 3263 Proverbia
2883 3211 3184 3267 Salomonis
3212 3225 3430 3269 vocatur
3458 3216 3544 3270 hic
3573 3215 3639 3269 l3-

2056 3296 2151 3350 her
2174 3339 2189 3361 ,
2216 3296 2337 3366 quia
2368 3297 2457 3351 illa
2484 3300 2732 3354 Salomon
2762 3310 2816 3354 et
2846 3300 3007 3366 dixit,
3039 3312 3095 3357 et
3123 3304 3356 3373 scripsit.
3386 3305 3483 3359 llic
3508 3322 3637 3360 vero

2054 3405 2174 3444 Cum
2221 3406 2442 3459 regnum
2473 3391 2636 3446 David
2675 3394 2836 3462 patris
2879 3396 3236 3464 suscepisset,
3265 3407 3512 3466 precatus
3553 3410 3636 3454 est

2056 3480 2222 3536 Deum
2253 3492 2309 3535 ut
2337 3482 2650 3551 sapientiam
2694 3485 2960 3554 acciperet
2986 3487 3158 3555 potius
3179 3528 3194 3552 ,
3225 3504 3383 3555 quam
3421 3488 3635 3544 divitias

2053 3582 2106 3627 et
2135 3572 2367 3627 hostium
2410 3574 2684 3629 ultionem.
2717 3565 2862 3631 Hanc
2907 3593 3026 3630 cum
3071 3578 3402 3648 accepisset,
3429 3589 3484 3635 et
3522 3595 3634 3650 prie

2051 3664 2300 3719 omnibus
2323 3666 2640 3720 mortalibus
2669 3668 2756 3735 qui
2785 3677 2908 3721 ante
2932 3678 2986 3722 et
3027 3678 3144 3736 post
3184 3669 3352 3736 ipsmn
3382 3669 3590 3725 fuerunt
3615 3713 3628 3733 ,

2051 3755 2264 3824 sapiens
2316 3764 2459 3809 esset
2488 3774 2499 3808 :
2532 3771 2594 3811 ac
2623 3768 2742 3811 Cum
2788 3757 2840 3811 in
2895 3758 3144 3813 omnibus
3185 3759 3342 3814 dictis
3372 3760 3632 3832 factisque

2050 3845 2162 3900 suis
2189 3846 2524 3902 admirationi
2569 3859 2742 3914 esset,
2786 3851 2882 3904 tria
2931 3850 3092 3905 millia
3140 3853 3506 3920 parabolarum
3532 3895 3547 3918 ,
3576 3863 3632 3908 et

2047 3936 2281 4007 quinque
2323 3939 2488 3992 millia
2532 3941 2736 3993 cantica
2789 3941 3130 4011 proloquutus
3159 3954 3240 3998 est
3272 3959 3284 3996 :
3319 3944 3630 4014 disputavit-

2048 4045 2152 4099 que
2171 4030 2237 4084 de
2261 4031 2528 4095 omnibus,
2561 4041 2666 4085 tam
2697 4032 2764 4086 de
2795 4032 2857 4087 iis
2883 4049 3001 4103 quae
3029 4049 3096 4087 ex
3122 4042 3258 4088 terra
3287 4038 3624 4104 proveniunt,

2046 4139 2206 4192 quam
2245 4124 2312 4178 de
2348 4125 2518 4178 otnnis
2543 4126 2752 4194 generis
2778 4125 3149 4203 animantibus.
3182 4126 3403 4197 Scripsit
3425 4137 3628 4194 autem,

2049 4222 2105 4268 ut
2131 4214 2342 4283 quidam
2371 4217 2558 4280 aiunt,
2589 4225 2696 4270 tres
2724 4226 2923 4271 tantum
2966 4219 3130 4272 libros
3150 4260 3164 4283 ,
3195 4219 3334 4274 hunc
3361 4220 3624 4284 videlicet,

2047 4306 2423 4374 Ecclesiasten,
2452 4318 2505 4362 et
2527 4309 2804 4364 Canticum
2831 4310 3164 4366 Canticormn
3191 4329 3205 4377 ;
3235 4324 3292 4367 ut
3318 4322 3491 4368 autem
3512 4316 3630 4384 qui-

2047 4397 2167 4451 dam
2193 4397 2373 4452 dicunt
2404 4402 2562 4453 etiam
2591 4401 2933 4470 Sapientiam,
2965 4419 3082 4472 qua:
3110 4405 3187 4459 sic
3216 4405 3540 4471 inscribitur,
3574 4414 3630 4459 et

2047 4489 2338 4544 Panaretus
2384 4491 2762 4546 tlicitur:natn
2812 4493 2914 4547 hoc
2953 4495 3112 4548 etiam
3153 4511 3463 4564 germanum
3509 4497 3627 4566 ejus

2046 4600 2166 4638 esse
2194 4600 2326 4652 opus
2371 4585 2631 4639 dictitant.
2666 4585 2814 4640 llunc
2858 4602 3017 4656 porro
3056 4588 3331 4644 Parceuiia
3374 4605 3467 4644 seu
3493 4591 3627 4644 Pro-

2045 4677 2224 4730 verbia
2256 4677 2543 4745 inscripsit.
2574 4676 2707 4730 Sunt
2735 4689 2908 4730 autem
2939 4680 3208 4748 parantia:
3231 4681 3387 4734 verba
3413 4681 3624 4750 sapien-

2047 4773 2133 4825 tia
2155 4814 2168 4830 .
2196 4776 2340 4825 velut
2365 4772 2665 4840 anigmata,
2696 4788 2813 4841 qua
2842 4789 2907 4826 ex
2934 4791 2991 4826 se
3029 4774 3243 4842 quidem
3293 4775 3431 4827 aliud
3471 4775 3622 4828 exhi-

2046 4863 2203 4928 bent,
2237 4863 2375 4916 aliud
2421 4879 2546 4916 vero
2592 4880 2686 4933 per
2734 4865 3086 4932 suspicionem
3138 4867 3388 4918 indicant.
3418 4864 3618 4918 Horum

2044 4963 2222 5006 autem
2252 4953 2457 5020 Species
2485 4963 2607 5006 sunt
2631 4955 2930 5023 preverbia.
2959 4956 3045 5008 Sic
3073 4957 3212 5008 enim
3240 4955 3482 5022 discipuli
3510 4955 3619 5007 Do-

2046 5047 2174 5099 mini
2206 5048 2492 5116 loquuntur
2513 5047 2562 5099 in
2589 5047 2880 5117 Evangelia
2905 5047 3145 5113 Joannis,
3178 5046 3404 5115 quando,
3438 5047 3618 5099 Domi-

2045 5152 2115 5190 no
2153 5137 2312 5191 multa
2349 5138 2574 5192 obscure
2617 5138 2858 5203 dicente,
2889 5139 3101 5192 tandem
3145 5138 3326 5190 dicunt
3361 5137 3410 5190 ei
3443 5155 3457 5190 :
3487 5137 3619 5190 Ecce

2047 5244 2179 5280 nunc
2204 5229 2373 5297 palam
2400 5231 2634 5298 loqueris,
2655 5239 2701 5282 et
2722 5231 3034 5298 proverbium
3065 5229 3257 5280 nullum
3287 5229 3410 5281 dicis
3436 5229 3616 5297 (Joau.

2047 5319 2132 5373 16.
2159 5319 2269 5388 29),
2303 5328 2358 5372 ut
2385 5319 2645 5388 intelligas
2677 5320 2950 5389 proverbia
2974 5361 2985 5380 ,
3022 5335 3125 5372 non
3151 5328 3334 5387 aperto
3360 5361 3373 5384 ,
3401 5319 3494 5373 sed
3523 5321 3619 5373 ob-

2045 5424 2202 5463 scuro
2245 5425 2407 5464 sensu
2458 5410 2583 5463 dici.
2621 5411 2879 5476 Quoniam
2931 5410 3088 5478 igitur
3127 5408 3258 5461 tales
3307 5409 3620 5480 plerumque

2045 5513 2165 5556 sunt
2195 5505 2245 5556 iu
2274 5504 2373 5558 hoc
2400 5505 2537 5559 libro
2562 5505 2836 5558 sententia:
2855 5545 2867 5567 ,
2897 5503 3014 5555 ideo
3040 5502 3313 5556 Paramia
3342 5518 3437 5556 seu
3482 5504 3616 5557 Pro-

2043 5597 2222 5650 verbia
2272 5595 2554 5665 inscriptus
2582 5597 2668 5650 hic
2703 5595 2837 5648 liber
2865 5602 2964 5646 est.
3004 5593 3098 5647 Est
3121 5603 3295 5647 autem
3329 5595 3450 5650 inde
3477 5595 3617 5648 dicta

2045 5690 2340 5760 paramia,
2370 5689 2509 5758 quod
2558 5705 2652 5759 per
2703 5688 2814 5742 vias
2863 5685 2993 5740 tales
3037 5687 3312 5741 sententia:
3359 5688 3616 5742 conscribi

3192 5781 3269 5839 9.3
