4102 6322
547 299 643 352 571

548 413 719 469 solius
745 417 948 475 essent,
980 407 1046 464 ad
1075 408 1471 466 correctionem
1514 416 1569 462 et
1595 406 1893 461 doctrinam
1919 418 2130 470 eorum,

548 504 636 574 qui
687 501 789 557 iter
840 500 1202 555 instituerent.
1231 498 1332 553 Per
1358 498 1471 553 vias
1517 505 1694 553 autem
1739 495 2127 559 scribebantur,

546 595 669 667 quia
696 610 802 650 non
826 608 1014 649 omnes
1042 592 1277 648 veritatis
1304 605 1579 648 sermones
1602 588 1885 659 capiebant
1917 605 1930 640 :
1964 596 2022 642 ut
2046 588 2129 642 vel

542 688 596 740 in
629 684 951 741 transeundo
972 692 1025 738 et
1043 684 1162 739 talia
1184 681 1581 752 conspiciendo,
1604 696 1722 751 quae
1738 680 1934 749 scripta
1954 687 2134 734 essent

539 779 926 850 exquirerent,
957 787 1113 847 atque
1142 777 1214 830 ita
1240 774 1577 830 erudirentur
1618 772 1880 827 homines.
1906 771 2131 838 Quidam

539 880 723 926 autem
752 869 1036 940 parcemias
1065 867 1131 922 ad
1166 866 1308 921 hunc
1339 865 1552 920 modum
1594 862 1889 925 deﬁniunt:
1919 862 2128 916 Dictum

543 963 850 1035 parodium,
891 976 986 1017 seu
1013 961 1071 1015 in
1120 960 1201 1014 via
1229 958 1489 1029 positum,
1518 958 1585 1012 ab
1630 972 1737 1012 uno
1787 956 2016 1028 quodam
2062 956 2130 1011 ad

546 1058 709 1113 multa
740 1056 1073 1111 translatum.
1101 1053 1198 1108 Est
1227 1054 1383 1125 igitur
1424 1053 1476 1106 in
1517 1052 1617 1107 hoc
1656 1053 1791 1107 libro
1816 1052 2000 1107 notitia
2039 1067 2129 1105 sa-

545 1149 759 1217 pientia:
787 1157 842 1203 et
868 1145 1181 1216 disciplinae,
1212 1145 1514 1201 intellectus
1549 1159 1854 1200 sermonum
1892 1144 2128 1215 pruden-

544 1241 651 1306 tire,
682 1238 914 1309 stropha:
956 1237 1262 1304 verborum,
1300 1236 1519 1306 justitim
1547 1251 1689 1290 vera:
1714 1235 2034 1303 intellectus,
2061 1235 2128 1289 ad

542 1332 877 1403 dirigentium
900 1331 1116 1403 judicia,
1143 1339 1198 1385 et
1219 1328 1526 1403 pollicitatio
1550 1328 2037 1399 cognoscendarum
2060 1344 2126 1383 ex

545 1426 660 1479 istis
691 1424 1081 1494 parabolarum,
1111 1422 1373 1477 dictorum
1398 1422 1738 1491 sapientium,
1766 1422 2122 1491 aenigmatum,

544 1526 599 1571 et
617 1518 962 1572 obscurorum
1003 1531 1332 1572 sermonum.
1366 1517 1433 1570 Et
1466 1524 1591 1570 sunt
1627 1515 1830 1570 notitiae
1854 1515 2128 1586 sapientiae

545 1616 600 1662 et
626 1607 939 1678 disciplinae.
969 1606 1099 1662 Cum
1128 1607 1268 1662 enim
1295 1614 1349 1661 et
1372 1605 1543 1661 Graeci
1583 1606 1897 1676 sapientiam
1928 1606 2127 1661 habere

544 1701 919 1771 polliceantur,
959 1709 1012 1755 et
1046 1700 1279 1757 haeretici
1307 1699 1502 1755 habere
1533 1714 1592 1755 se
1620 1700 1957 1771 disciplinam
1986 1700 2127 1754 arbi-

542 1801 788 1859 trentur;
821 1791 941 1847 ideo
984 1791 1069 1847 hic
1100 1806 1275 1848 veram
1327 1792 1639 1862 sapientiam
1685 1806 1746 1847 ac
1790 1792 2122 1861 disciplinam

542 1887 698 1942 docet
722 1904 736 1953 ;
761 1903 827 1943 ne
851 1902 916 1942 ex
936 1886 1279 1942 similitudine
1309 1885 1541 1941 nominis
1562 1884 1854 1956 sapientire,
1871 1886 1922 1940 in
1942 1885 2125 1955 SOphi-

542 1987 712 2034 smata
738 1978 1043 2034 Graecorum
1075 1988 1128 2033 et
1157 1978 1527 2033 haereticorum
1557 1978 1676 2048 quis
1702 1977 1917 2033 incidat.
1949 1977 2123 2033 Graeci

543 2071 683 2125 enim
714 2078 898 2140 putant
926 2085 983 2125 se
1010 2069 1108 2124 hac
1135 2069 1186 2125 in
1220 2086 1277 2126 re
1302 2079 1578 2142 praestare,
1607 2084 1670 2125 ac
1698 2070 1932 2124 Dicentes
1955 2086 2007 2123 se
2035 2086 2123 2123 sa-

542 2163 728 2233 pientes
756 2180 862 2217 esse
885 2204 900 2230 ,
930 2163 1073 2217 stulti
1106 2163 1225 2234 facti
1253 2173 1369 2217 sunt
1395 2162 1415 2235 (
1444 2162 1596 2217 Rom.
1630 2164 1680 2217 1.
1709 2162 1843 2233 22).
1876 2161 2122 2217 Haeretici

541 2269 670 2310 vero
696 2253 930 2310 eruditos
959 2268 1081 2309 esse
1120 2269 1181 2309 se
1228 2254 1368 2319 rati,
1395 2254 1568 2309 aversi
1601 2262 1725 2310 sunt
1750 2248 1819 2309 ﬁt
1862 2262 2118 2323 peccant,

542 2346 759 2416 proprio
798 2345 1000 2415 judicio
1040 2344 1398 2400 condemnati.
1425 2345 1649 2416 Sapiens
1697 2359 1827 2399 vero
1863 2345 1908 2399 si
1946 2345 2121 2399 divina

543 2437 749 2506 eloquia
791 2434 1056 2501 audierit,
1085 2435 1374 2504 sapientior
1415 2436 1536 2491 erit.
1566 2436 1774 2490 Etenim
1806 2436 1850 2490 si
1891 2436 2120 2505 legitima

543 2529 637 2584 Dei
663 2528 884 2584 audierit
911 2538 965 2584 et
984 2527 1315 2591 custodierit,
1342 2537 1396 2583 et
1422 2529 1472 2583 in
1494 2529 1769 2599 disciplina
1796 2530 1999 2584 Domini
2030 2545 2122 2584 ne-

542 2620 745 2690 gligens
772 2635 875 2674 non
899 2619 1075 2686 fuerit,
1097 2634 1193 2675 nec
1215 2618 1417 2674 fallacia
1443 2621 1667 2690 quadam
1698 2620 1917 2675 allectus
1943 2621 2118 2688 fuerit,

542 2712 682 2766 ﬁlius
708 2713 917 2783 sapiens
942 2712 1150 2777 evadet,
1190 2722 1243 2767 et
1272 2713 1509 2768 eruditus
1541 2714 1728 2778 factus,
1757 2714 1932 2768 statim
1961 2715 2122 2768 etiam

542 2804 901 2875 cognitionem
940 2804 1037 2859 Dei
1066 2805 1304 2875 accipiet.
1340 2805 1450 2860 Hac
1494 2807 1633 2859 enim
1669 2806 1933 2876 sapientes
1972 2805 2124 2859 insti-

541 2904 781 2952 tuuntur.
812 2896 1127 2952 Sermonum
1157 2912 1285 2951 vero
1318 2897 1633 2967 prudentum
1665 2897 1965 2952 intellectus
1986 2939 1999 2962 _.
2026 2897 2123 2951 do-

543 2989 710 3041 ctrina
737 2996 820 3043 est
847 2987 914 3042 de
944 2988 1059 3042 solo
1087 3004 1216 3043 vero
1262 2988 1394 3043 Deo.
1425 2988 1731 3044 Graaeorum
1774 3004 2002 3060 namque
2029 2989 2119 3043 alii

544 3093 739 3148 corpus
783 3093 903 3133 esse
947 3079 1195 3134 dixerunt
1253 3080 1449 3147 Deum,
1481 3080 1568 3135 alii
1614 3081 1910 3136 simulacris
1962 3083 2121 3136 etiam

543 3170 717 3239 ipsum
741 3170 1122 3226 assimilarunt.
1152 3171 1397 3227 Hmretici
1428 3188 1554 3227 vero
1583 3182 1636 3228 et
1666 3174 1761 3242 ipsi
1794 3174 1845 3227 in
1892 3174 1999 3248 veri
2030 3189 2123 3228 co-

542 3264 778 3333 gnitione
824 3262 1185 3335 desipuerunt.
1213 3265 1499 3336 Propterea
1542 3265 1628 3320 hic
1655 3266 1722 3321 de
1773 3282 1896 3321 vera
1940 3267 2122 3337 cogni-

541 3359 687 3413 tione
715 3357 810 3413 Dei
854 3357 969 3413 htec
996 3369 1212 3413 enarrat
1240 3376 1253 3412 :
1286 3359 1426 3429 quod
1457 3360 1667 3429 quidem
1700 3359 1979 3414 inelTabiIis
2008 3360 2076 3414 sit
2104 3376 2118 3413 :

548 3468 568 3501 ‹
597 3449 780 3506 Gloria
804 3450 895 3509 Dei
915 3450 1193 3506 abscondit
1213 3451 1470 3518 verbum;
1510 3470 1527 3502 ι
1557 3451 1623 3506 de
1646 3450 1975 3521 providentia
1993 3464 2122 3504 vero

540 3544 657 3613 ejus
709 3544 786 3598 sic
850 3543 1130 3614 loquitur:
1168 3563 1188 3596 ‹
1240 3542 1296 3598 1η
1350 3530 1497 3598 omni
1550 3544 1667 3599 loco
1720 3543 1858 3597 oculi
1910 3542 2120 3598 Domini

541 3634 970 3706 contemp‘lantur
1008 3635 1177 3690 bonos
1218 3646 1271 3689 et
1305 3635 1473 3689 malos
1498 3653 1516 3686 ι
1555 3634 1736 3704 (Prov.
1758 3634 1848 3690 25.
1871 3635 1927 3689 2.
1953 3645 1999 3689 et
2030 3636 2118 3690 45.

540 3726 619 3797 5).
655 3728 722 3782 Ει
767 3728 993 3783 iterum:
1032 3744 1052 3778 ‹
1086 3728 1245 3782 Dives
1286 3737 1339 3783 et
1368 3743 1566 3797 pauper
1586 3728 1721 3783 alter
1751 3728 1901 3782 alteri
1929 3741 2120 3782 occur-

540 3829 729 3875 rerunt
757 3838 769 3874 :
805 3831 1054 3890 utrosque
1092 3836 1218 3875 vero
1269 3820 1390 3875 fecit
1430 3820 1720 3875 Dominus»
1742 3818 1893 3891 (Cap.
1917 3818 2012 3874 22.
2037 3819 2118 3888 2).

544 3913 633 3977 Et,
662 3930 681 3964 ι
716 3912 846 3967 Dum
865 3912 1189 3967 conveniunt
1218 3911 1504 3967 fcenerator
1533 3926 1597 3966 ac
1616 3910 1843 3977 debitor,
1868 3921 2121 3982 utrosque

542 4000 847 4073 speculatur
878 4003 1131 4057 Dominus
1161 4022 1179 4055 ι
1217 4002 1367 4073 (Cap.
1396 4001 1487 4056 29.
1510 4002 1618 4071 15).
1650 4000 1737 4067 Ει,
1765 4020 1783 4052 ‹
1815 4000 1947 4057 Sunt
1976 4002 2119 4056 enim

542 4096 595 4147 in
625 4102 912 4163 conspectu
938 4094 1216 4150 oculorum
1243 4094 1334 4149 Dei
1360 4094 1457 4147 via:
1483 4093 1602 4157 viri,
1634 4102 1688 4147 et
1711 4108 1897 4147 omnes
1921 4092 2120 4148 orbitas

541 4186 659 4255 ejus
672 4185 973 4255 speculatur
998 4183 1110 4254 »(ϐ.
1136 4185 1188 4240 5.
1202 4184 1313 4254 21).
1348 4184 1612 4240 Judicium
1630 4200 1839 4255 quoque
1852 4185 1967 4254 ejus
1981 4199 2120 4240 como

541 4286 824 4343 memorat,
856 4278 1076 4333 dicens:
1112 4296 1130 4330 ‹
1161 4278 1426 4335 Sacriﬁcia
1457 4279 1735 4348 impiorum
1764 4277 2119 4332 abominatio-

540 4386 637 4427 nes
685 4381 809 4427 sunt
846 4372 1093 4428 Domini:
1141 4380 1263 4426 vota
1309 4380 1485 4427 autem
1538 4380 1683 4426 recte
1733 4371 2116 4427 ambulantium

541 4473 755 4534 accepta
798 4472 923 4519 sunt
949 4465 1085 4535 apud
1113 4480 1234 4521 eum
1267 4484 1285 4518 ι
1322 4463 1490 4536 (ϐαρ.
1526 4465 1613 4520 15.
1640 4466 1737 4535 8).
1772 4465 1841 4519 Et
1879 4466 2067 4520 iterum
2099 4481 2113 4517 :

547 4575 565 4607 ι
603 4557 796 4611 Domos
825 4558 1241 4612 conviciatorum
1273 4557 1496 4627 dissipat
1521 4555 1794 4624 Dominus,
1821 4557 1995 4611 ﬁrmat
2023 4571 2117 4609 au-

540 4657 647 4701 tem
677 4648 955 4702 terminum
984 4648 1153 4703 vidua:
1181 4668 1199 4700 ι
1233 4648 1383 4719 (ϐαρ.
1418 4649 1505 4703 15.
1528 4648 1646 4718 23).
1678 4646 1957 4718 Opiﬁeium
1989 4661 2117 4701 vero

541 4739 685 4796 illius
726 4755 832 4794 non
874 4741 1217 4810 simpliciter,
1250 4741 1343 4795 sed
1387 4755 1452 4795 eo
1495 4739 1635 4811 quod
1665 4754 1760 4809 per
1783 4738 2014 4793 Verbum
2053 4752 2117 4793 ac

538 4833 851 4904 sapientiam
893 4849 1044 4888 suam
1075 4844 1263 4889 cuncta
1301 4834 1490 4900 faciat;
1522 4834 1610 4904 qui
1649 4833 1956 4902 pOtissimus
2005 4832 2115 4887 veri

538 4925 633 4981 Dei
670 4924 951 4981 character
976 4934 1096 4991 est,
1124 4925 1264 4996 quod
1306 4928 1375 4981 sit
1416 4926 1533 4980 Filii
1578 4925 1758 4980 Pater.
1790 4924 1880 4977 Ait
1916 4923 2112 4993 igitur:

546 5038 566 5072 ς
594 5019 865 5089 Sapientia
893 5018 1032 5073 Deus
1053 5016 1292 5074 fundavit
1315 5029 1511 5073 terram
1544 5037 1562 5070 ι
1600 5017 1771 5090 (Cap.
1794 5016 1848 5071 5.
1881 5015 2013 5086 49).
2048 5016 2117 5070 Ει

537 5112 729 5165 iterum
766 5126 779 5162 :
814 5128 833 5161 ι
869 5110 1009 5165 Deus
1036 5109 1162 5164 fecit
1202 5111 1446 5178 regiones
1485 5120 1539 5165 et
1580 5110 1787 5165 deserta
1818 5118 1871 5163 et
1897 5108 2116 5163 summi-

537 5214 674 5257 tates
720 5201 983 5257 habitatas
1025 5202 1181 5272 ejus,
1229 5218 1349 5271 qute
1392 5203 1491 5257 sub
1552 5203 1684 5257 caelo
1735 5210 1834 5257 est.
1891 5201 2114 5269 Quando

536 5296 869 5365 praeparabat
908 5295 1117 5361 czelum,
1141 5293 1353 5348 aderam
1404 5294 1521 5364 ipsi,
1545 5305 1597 5348 et
1646 5295 1925 5363 separabat
1962 5296 2111 5349 thro-

536 5402 662 5440 num
715 5401 871 5441 suum
917 5402 1073 5456 supra
1120 5395 1327 5452 ventos,
1370 5384 1580 5452 quando
1626 5386 1826 5441 validas
1887 5385 2113 5441 faciebat

537 5478 765 5549 desuper
793 5480 980 5545 nubes,
1010 5496 1127 5533 cum
1151 5494 1215 5533 eo
1240 5494 1385 5534 eram
1410 5486 1599 5532 cuncta
1624 5493 1969 5548 componens.
2000 5479 2112 5548 Ego

537 5582 680 5622 eram
706 5570 757 5623 in
779 5586 878 5637 qua
904 5570 1194 5635 lzetabatur,
1224 5570 1442 5641 singulis
1465 5568 1650 5623 diebus
1669 5570 1885 5624 lmtabar
1906 5572 1955 5624 in
1983 5586 2112 5625 con-

537 5672 717 5725 spectu
748 5660 886 5713 illius
916 5680 933 5712 ι
970 5660 1132 5732 (Cap.
1165 5661 1218 5716 8.
1252 5661 1321 5716 26
1343 5661 1449 5716 -50
1473 5659 1515 5731 ).
1545 5659 1787 5731 Stroplne
1827 5662 2107 5717 verborum

536 5759 659 5803 sunt
688 5751 738 5804 in
771 5752 873 5817 isto
900 5753 1033 5809 libro
1064 5772 1077 5809 :
1110 5769 1230 5809 nam
1258 5754 1300 5809 si
1332 5754 1448 5825 quis
1478 5768 1540 5810 ea
1570 5764 1748 5811 mente
1778 5763 1986 5823 verset,
2018 5768 2106 5810 re-

1258 292 1314 351 S.
1354 290 1632 349 JOANNIS
1658 285 2136 348 CHRYSOSTOMI
2174 283 2489 345 ARCHIEP.
2529 288 3061 349 CONSTANTINOP.

3717 300 3821 355 572

2242 400 2441 457 serabit
2469 414 2522 459 et
2554 405 2788 461 inveniet
2816 408 3134 463 sententiam
3164 408 3217 462 in
3249 407 3377 479 ipsis
3418 408 3599 465 sitam.
3632 408 3819 478 Qualia

2234 503 2359 548 sunt
2385 494 2539 553 hare:
2572 497 2902 554 «incolumis
2944 501 3111 555 evasit
3149 500 3217 556 ab
3259 508 3393 556 aestu
3438 501 3582 556 ﬁlius
3623 503 3819 559 intelli-

2233 600 2364 655 gens
2387 603 2402 653 ;
2424 591 2793 660 corrumpitur
2814 600 2994 646 autem
3021 608 3054 647 a
3081 600 3239 648 vento
3263 594 3317 648 in
3348 609 3525 649 messe
3547 595 3688 651 ﬁlius
3719 595 3791 652 ini
3809 629 3824 637 -

2232 693 2367 747 quus
2394 698 2424 731 η»
2459 679 2623 752 (Cap.
2656 682 2744 737 10.
2780 682 2878 753 6).
2929 682 2998 737 Ει
3042 684 3281 738 iterum:
3332 702 3352 736 ι
3403 684 3643 741 Sollicito
3687 701 3814 742 cura

2231 786 2352 839 quae
2381 770 2432 824 in
2463 786 2592 841 agro
2618 782 2741 827 sunt
2773 774 2981 839 viridia,
3012 783 3067 829 et
3095 775 3313 830 herbam
3344 775 3603 843 demetas,
3630 786 3687 832 et
3712 777 3812 833 fte—

2231 876 2357 914 num
2382 874 2691 917 montanum
2721 865 2929 933 collige,
2955 874 3013 919 ut
3037 881 3164 921 oves
3190 866 3384 922 habeas
3410 868 3476 921 ad
3514 868 3760 924 vestitum
3786 888 3809 922 ι

2232 952 2393 1023 (ϐαρ.
2435 956 2523 1009 27.
2557 957 2647 1013 25.
2686 958 2756 1013 26
2779 959 2816 1027 ).
2848 959 2917 1013 Et
2946 976 3133 1015 rursus
3165 978 3178 1013 :
3216 979 3235 1012 t
3272 960 3326 1016 Si
3356 964 3575 1017 conviva
3611 964 3815 1020 sederis

2230 1045 2295 1099 ad
2323 1062 2527 1101 orenam
2552 1050 2600 1103 in
2629 1066 2811 1105 mensa
2841 1061 3166 1121 magnatum,
3198 1063 3375 1108 mente
3404 1054 3669 1126 intelligas
3697 1072 3813 1126 qua:

2229 1151 2569 1208 apponuntur
2599 1143 2688 1197 tibi
2728 1162 2746 1195 ι
2792 1144 2959 1214 (ϐαρ.
2990 1144 3133 1201 25.1
3166 1147 3304 1215 ):et
3345 1147 3448 1201 alia
3490 1149 3810 1203 consimilia.

2230 1231 2385 1287 Verte
2418 1234 2638 1303 iustitiae
2678 1236 2851 1291 dictus
2877 1246 2960 1291 est
2993 1238 3293 1293 intellectus
3326 1256 3341 1293 :
3371 1240 3623 1309 quoniam
3662 1240 3813 1297 dili‘e-

2229 1335 2410 1380 renter
2454 1326 2667 1396 quidam
2706 1328 2924 1398 justitite
2969 1331 3285 1386 vocabulum
3334 1332 3644 1401 accipiunt;
3695 1334 3812 1389 aliis

2228 1418 2529 1475 dicentibus
2546 1421 2803 1489 justitiam
2832 1438 2951 1478 esse
2970 1466 2985 1491 ,
3018 1433 3076 1479 ut
3103 1425 3287 1479 reddat
3311 1426 3431 1495 quis
3460 1426 3599 1496 quod
3626 1436 3810 1481 custo-

2228 1509 2478 1565 diendum
2507 1513 2712 1582 accepit
2736 1531 2749 1566 :
2783 1514 2901 1567 aliis
2927 1529 3055 1569 vero
3078 1557 3092 1579 ,
3125 1518 3168 1569 si
3207 1516 3405 1571 malum
3433 1517 3691 1572 reddatur
3719 1535 3811 1589 pro

2228 1601 2369 1655 malo
2389 1643 2403 1665 ,
2433 1612 2489 1655 et
2524 1603 2719 1656 bonum
2750 1620 2848 1673 pro
2879 1605 3036 1661 bono.
3072 1606 3384 1676 liujusmodi
3410 1618 3591 1663 autem
3620 1609 3811 1665 deﬁni-

2227 1692 2399 1748 tiones
2425 1705 2688 1750 aecuratte
2719 1712 2825 1751 non
2856 1706 2998 1751 sunt.
3030 1698 3107 1753 Ne
3126 1698 3332 1754 dixeris
3355 1701 3529 1765 enim,
3563 1700 3681 1768 Quo
3722 1702 3809 1757 ille

2225 1800 2350 1855 erga
2380 1801 2465 1840 me
2490 1802 2616 1842 usus
2645 1796 2727 1842 est
2762 1788 2922 1843 modo
2943 1830 2958 1857 ,
2992 1789 3178 1844 eodem
3207 1798 3326 1844 utar
3349 1807 3449 1861 ego
3472 1833 3488 1858 ,
3525 1806 3714 1861 poenas
3743 1794 3809 1848 de

2224 1876 2318 1930 illo
2357 1892 2563 1931 sumam
2604 1892 2702 1947 pro
2737 1878 2928 1949 injuria
2966 1895 3069 1950 qua
3100 1896 3185 1934 me
3217 1880 3413 1936 aﬁ‘eeit.
3446 1881 3808 1949 Quamobrem

2225 1968 2311 2022 hic
2334 2009 2348 2033 ,
2379 1983 2496 2039 quae
2522 1984 2645 2024 vera
2691 1970 2760 2024 sit
2798 1970 3000 2041 justitia
3026 2012 3040 2036 ,
3071 1970 3229 2026 docet
3256 1989 3269 2025 :
3298 1988 3414 2027 eam
3443 1972 3694 2029 videlicet
3714 1991 3807 2029 ve-

2223 2074 2336 2113 ram
2364 2074 2482 2114 esse
2504 2059 2767 2130 justitiam
2793 2102 2808 2127 ,
2838 2061 2883 2115 si
2912 2062 3195 2131 unicuique
3215 2062 3355 2131 quod
3386 2078 3540 2117 suum
3568 2073 3652 2120 est
3679 2065 3809 2120 red-

2223 2152 2396 2207 datur.
2431 2171 2449 2203 ί
2478 2151 2800 2223 Cumprimis
2843 2153 3051 2209 honora
3090 2156 3372 2210 Dominum
3403 2157 3471 2212 de
3508 2159 3669 2227 justis
3702 2161 3807 2215 tuis

2222 2245 2512 2313 laboribus,
2534 2255 2587 2300 et
2607 2247 2867 2317 primitias
2883 2248 2956 2303 illi
2974 2248 3041 2303 da
3059 2248 3129 2304 de
3148 2250 3251 2305 tuis
3268 2250 3483 2320 justitize
3504 2251 3761 2309 fructibus
3782 2274 3800 2306 ι

2224 2340 2390 2407 (Cap.
2434 2341 2487 2393 5.
2519 2338 2615 2411 9).
2655 2340 2855 2396 Deinde
2892 2341 3093 2396 honora
3140 2358 3319 2414 regem
3346 2384 3364 2411 ,
3408 2348 3469 2399 et
3498 2346 3807 2415 parentibus

2222 2431 2458 2486 debitum
2486 2433 2681 2489 exhibe
2706 2434 2939 2489 ofﬁcium
2961 2477 2975 2501 ,
3002 2436 3248 2492 omnibus
3276 2453 3403 2493 vero
3428 2439 3567 2508 quod
3594 2456 3805 2510 equum

2222 2531 2322 2577 est.
2349 2523 2416 2576 Et
2436 2522 2522 2577 hic
2545 2525 2756 2593 quidem
2782 2542 2920 2581 unus
2944 2536 3029 2582 est
3054 2536 3229 2599 typus.
3259 2529 3408 2585 Alter
3432 2546 3579 2597 vero,
3606 2540 3664 2586 ut
3687 2533 3803 2587 ani-

2224 2629 2364 2667 mam
2409 2630 2557 2669 suam
2587 2616 2810 2687 quisque
2835 2617 3087 2686 justiﬁcet
3110 2662 3124 2686 ,
3160 2620 3572 2691 mquabilitatem
3617 2632 3802 2678 custo-

2223 2705 2437 2772 diendo,
2466 2708 2537 2762 ita
2567 2717 2623 2763 ut
2648 2710 2699 2764 in
2730 2711 3197 2781 inaequabilitatem
3240 2729 3345 2769 non
3387 2715 3617 2771 declinet
3640 2756 3657 2783 ,
3708 2717 3803 2773 sed

2223 2800 2412 2854 rationi
2439 2801 2805 2871 obtemperet,
2839 2803 2922 2858 Ne
2948 2806 3086 2859 malo
3119 2807 3328 2861 consilio
3348 2849 3364 2874 ,
3393 2824 3492 2877 quo
3520 2810 3806 2879 juventutis

2222 2893 2452 2945 doctrina
2493 2894 2789 2964 repudiatur
2810 2936 2826 2961 ,
2873 2898 3091 2968 capiaris
3124 2898 3292 2969 (Cap.
3321 2898 3378 2953 2.
3406 2900 3491 2956 16.
3525 2902 3627 2972 17)
3660 2920 3675 2956 :
3708 2903 3804 2957 sed

2223 2998 2341 3038 eum
2368 2987 2591 3042 consilio
2612 2989 2788 3043 omnia
2815 2989 2996 3057 facias,
3023 2998 3078 3045 et
3096 2991 3442 3060 cogitationes
3470 3001 3574 3047 tute
3598 2993 3707 3049 sint
3720 2995 3806 3063 juo

2221 3076 2380 3144 dicia,
2405 3078 2475 3132 ita
2499 3088 2555 3134 ut
2582 3082 2813 3152 seipsum
2835 3083 3062 3153 quisque
3084 3084 3303 3154 judieet,
3330 3094 3385 3141 et
3411 3100 3570 3142 omne
3594 3087 3803 3143 deside-

2223 3169 2357 3224 rium
2386 3170 2609 3240 probum
2649 3173 2876 3229 habeat:
2913 3175 3074 3229 Omne
3100 3176 3295 3246 quippe
3322 3178 3582 3247 justorum
3609 3180 3803 3234 deside-

2220 3262 2352 3313 rium
2382 3262 2563 3317 bonum
2586 3273 2658 3317 est
2680 3262 2833 3336 (Cap.
2858 3266 2943 3319 11.
2962 3265 3103 3336 25);
3133 3278 3204 3329 et,
3236 3267 3651 3337 Concupiscentia
3670 3271 3801 3341 justi

2224 3366 2428 3426 accepta
2459 3366 2532 3411 est
2574 3358 2735 3429 (Cap.
2772 3359 2859 3414 10.
2885 3358 3014 3430 24).
3063 3360 3214 3426 Quod
3254 3370 3430 3416 autem
3474 3362 3798 3417 iracundiam

2221 3458 2442 3517 spectat,
2470 3449 2554 3503 Ne
2580 3452 2649 3505 sis
2677 3453 2869 3506 amicus
2889 3494 2903 3519 ,
2945 3453 3149 3523 inquit,
3173 3454 3278 3507 viro
3314 3456 3537 3525 furioso,
3563 3465 3610 3509 et
3639 3457 3800 3510 amico

2220 3541 2465 3596 iracundo
2488 3560 2552 3597 ne
2575 3544 2824 3600 cohabites
2842 3545 2993 3616 (Cap.
3024 3546 3112 3600 22.
3141 3544 3256 3617 24).
3283 3548 3495 3603 Omnem
3516 3550 3650 3603 enim
3673 3550 3799 3603 iram

2220 3653 2366 3691 suam
2398 3637 2574 3691 emittit
2602 3638 2844 3708 insipiens
2878 3655 2896 3693 :
2925 3639 3126 3708 sapiens
3154 3655 3270 3695 vero
3297 3640 3437 3695 illam
3466 3657 3528 3695 ea:
3553 3652 3697 3712 parte
3722 3657 3799 3695 re-

2222 3732 2391 3784 condit
2417 3730 2585 3803 (Cap.
2612 3732 2703 3787 29.
2734 3732 2793 3786 11
2820 3731 2858 3801 ).
2887 3730 2986 3800 Qui
3012 3733 3248 3803 seipsum
3269 3733 3337 3789 ad
3363 3733 3504 3789 hunc
3530 3735 3800 3804 componit

2221 3822 2438 3877 modum
2462 3863 2478 3888 ,
2508 3830 2564 3878 et
2599 3822 2835 3893 singulas
2864 3823 3121 3895 cujusque
3148 3824 3315 3895 partis
3341 3825 3535 3879 animat
3562 3826 3799 3880 actiones

2222 3927 2380 3969 sanas
2398 3922 2452 3968 et
2470 3916 2726 3969 innocuas
2746 3912 2995 3978 custodit,
3024 3913 3069 3968 is
3089 3914 3301 3969 demum
3320 3928 3501 3969 veram
3524 3914 3799 3984 agniturus

2220 4016 2303 4062 est
2322 4005 2604 4073 justitiam.
2630 4005 2837 4061 Judicia
2861 4021 2990 4061 vero
3012 4006 3242 4077 dirigere
3270 4015 3354 4063 est
3378 4007 3638 4078 imprimis
3658 4009 3800 4077 juste

2219 4096 2509 4152 secundum
2532 4097 2705 4168 legem
2726 4096 2821 4153 Dei
2842 4096 3099 4168 judicare,
3126 4106 3183 4151 ut
3206 4100 3310 4152 ait:
3342 4116 3361 4148 ι
3384 4098 3544 4167 Aperi
3568 4113 3630 4153 os
3652 4108 3796 4153 tuum

2218 4189 2384 4245 verbo
2407 4189 2519 4257 Dei,
2536 4200 2589 4245 et
2615 4204 2743 4245 sane
2763 4190 2830 4246 de
2857 4190 3103 4246 omnibus
3119 4190 3317 4259 judica.
3347 4190 3642 4258 Pauperem
3670 4206 3798 4245 vero

2219 4291 2273 4338 et
2291 4282 2610 4338 imbecillem
2631 4282 2861 4354 dijudica
2888 4302 2907 4336 ι
2935 4283 3084 4355 (ϐαρ.
3104 4284 3191 4339 51.
3220 4285 3273 4339 8.
3301 4283 3377 4353 9).
3402 4302 3420 4334 ι
3444 4283 3542 4351 Qui
3570 4299 3799 4354 namque

2218 4374 2349 4429 dicit
2372 4373 2439 4430 de
2465 4374 2647 4445 impio,
2675 4374 2856 4430 Justus
2882 4382 2983 4441 est,
3013 4374 3353 4430 exsecrabilis
3378 4384 3460 4429 est
3486 4374 3717 4444 pepulis,
3746 4384 3800 4429 et

2218 4465 2433 4521 odiosus
2458 4466 2596 4520 inter
2621 4475 2828 4536 gentes.
2854 4465 3142 4520 Personam
3171 4466 3311 4522 enim
3340 4466 3390 4519 in
3416 4465 3618 4535 judicio
3644 4480 3797 4521 revo-

2218 4557 2322 4613 reri
2348 4555 2543 4611 bonum
2574 4572 2680 4611 non
2707 4565 2791 4612 est
2816 4576 2836 4610 r
2869 4555 3021 4627 (ϐαρ.
3046 4557 3137 4612 24.
3164 4556 3252 4611 24.
3281 4556 3411 4627 2'5).
3442 4555 3557 4611 Hoc
3579 4556 3793 4626 quidem

2216 4649 2391 4720 palam
2421 4660 2474 4706 et
2502 4658 2684 4721 aperte
2707 4650 2991 4706 dicendum
3016 4660 3099 4705 est
3123 4667 3136 4704 :
3162 4648 3374 4717 deinde,
3404 4658 3462 4703 ut
3486 4649 3628 4720 quod
3648 4649 3792 4719 judi-

2216 4745 2355 4797 cium
2387 4742 2439 4796 in
2469 4743 2604 4798 alios
2632 4744 2892 4813 quispiam
2924 4742 3145 4812 profert,
3173 4741 3403 4811 idipsum
3430 4742 3483 4797 in
3515 4756 3635 4797 sese
3661 4741 3801 4796 diri—

2216 4846 2339 4905 gat,
2371 4849 2535 4904 seque
2563 4836 2675 4904 ipse
2704 4835 2972 4889 examinet
2999 4852 3012 4888 :
3044 4832 3402 4903 eorripiatque
3428 4833 3473 4887 si
3501 4831 3813 4889 excesserit

2218 4928 2295 4981 ira
2327 4943 2340 4980 :
2370 4926 2634 4992 cohibeat,
2666 4928 2708 4980 si
2736 4926 3104 4982 vehementior
3132 4924 3291 4980 fuerit
3317 4925 3750 4994 concupiscentia
3793 4937 3809 4975 :

2216 5021 2441 5086 excitet,
2472 5020 2515 5075 si
2541 5018 2817 5074 dormierit
2843 5020 2921 5073 vis
2949 5018 3234 5084 ratiocinii,
3265 5016 3447 5072 dicens
3476 5034 3489 5070 :
3523 5017 3805 5087 Quousque

2216 5112 2374 5181 piger,
2394 5116 2535 5179 jaces
2557 5108 2708 5179 (Cap.
2742 5109 2795 5165 6.
2819 5107 2930 5179 9)?
2961 5110 3034 5165 Ita
3059 5111 3199 5164 enim
3226 5124 3285 5163 se
3304 5109 3446 5177 juste
3470 5124 3680 5178 gerens,
3703 5121 3803 5162 ac-

2214 5212 2531 5272 etisatorque
2554 5204 2633 5258 sui
2658 5202 2845 5266 factus,
2870 5213 3074 5257 rectum
3089 5201 3341 5271 judicium
3368 5199 3608 5270 proferre
3628 5200 3769 5256 dieet
3789 5243 3806 5269 ,

2216 5310 2314 5349 nec
2340 5294 2517 5349 audiet
2539 5295 2608 5350 ab
2630 5294 2736 5348 alio
2764 5309 2775 5346 :
2811 5293 2910 5359 Qui
2934 5294 3087 5346 alium
3117 5292 3264 5345 doces
3286 5334 3301 5359 ,
3326 5292 3541 5361 teipsum
3567 5308 3667 5345 non
3693 5293 3777 5344 doc

2214 5404 2293 5441 ces
2311 5387 2336 5439 ?
2360 5389 2447 5456 qui
2469 5387 2564 5451 ais,
2595 5384 2715 5439 Non
2744 5385 3086 5451 mwchaberis,
3114 5384 3378 5438 nimcharis
3404 5383 3581 5453 (Rom.
3609 5382 3663 5436 2.
3697 5384 3780 5436 2|.

2212 5476 2831 5548 22)?Quemadmodum
2873 5476 3013 5532 enim
3058 5478 3144 5547 qui
3191 5478 3291 5532 iter
3342 5477 3503 5543 facit,
3550 5477 3594 5531 si
3645 5485 3786 5531 recta

2212 5570 2481 5641 gradiatur
2517 5569 2598 5621 via
2625 5610 2641 5635 ,
2687 5567 2753 5621 ad
2794 5566 2955 5621 linem
2981 5567 3077 5621 viae
3109 5568 3386 5637 pervenit:
3420 5567 3497 5621 sic
3525 5567 3613 5637 qui
3644 5576 3784 5621 recta

2211 5662 2416 5733 profert
2437 5661 2667 5731 judicia,
2708 5661 2881 5730 justus
2921 5669 3239 5730 agnoscetur
3278 5670 3333 5715 et
3359 5660 3593 5729 sapiens.
3623 5659 3784 5714 Para-

2212 5754 2349 5810 holae
2372 5762 2547 5809 autem
2576 5750 2824 5807 dicuntur
2842 5765 3132 5818 sermones,
3153 5751 3301 5821 quasi
3324 5751 3579 5822 imagines
3603 5763 3783 5806 eorum
