4058 6344
310 454 652 520 Φάσκοντες
683 449 837 508 εἷναι
870 455 1047 524 σοφοὶ
1071 496 1086 517 ,
1128 455 1570 524 ἐμωράνθησαν.
1602 450 1876 524 Αἱρετικοὶ

309 537 368 592 δὲ
395 536 742 590 παιδεύεσθαι
782 539 1092 607 νομίζοντες
1118 538 1546 608 ὲξεστράφησαν,
1577 537 1672 591 καὶ
1699 537 1878 606 ἀμαρ-

310 621 564 682 τάνουσιν
588 621 740 684 ὄντες
760 623 1229 688 αὐτοκατάκριτοι.
1261 621 1381 674 Τῶν
1411 621 1468 674 δὲ
1512 621 1672 674 θείων
1704 619 1878 686 λόγων

310 699 554 763 ἀκούσας
588 701 750 768 σοφὸς
772 741 787 763 ,
816 701 1118 772 σοφώτερος
1147 701 1318 753 ἔσται.
1346 701 1466 753 Τῶν
1503 700 1610 770 γάρ
1635 697 1879 768 νομίμων

313 781 408 834 τοῦ
456 781 591 834 Θεοῦ
638 783 898 846 ἀκούσας,
929 784 1024 837 καὶ
1056 783 1226 836 ταῦτα
1257 783 1517 853 φυλάξας,
1568 781 1661 835 ὲπί
1705 799 1764 834 τε
1809 783 1877 851 τῇ

311 863 532 934 παιδείᾳ
583 864 788 934 Κυρίου
845 865 918 937 μὴ
973 866 1348 937 ὀλιγωρήσας,
1414 864 1546 937 μηδὲ
1603 863 1881 926 ἐλκυσθεὶς

309 946 498 1016 ἀπάτῃ
523 989 536 1011 ,
579 946 692 1010 υίὸς
743 947 903 1015 σοφὸς
947 950 1274 1019 γενήσεται,
1331 949 1426 1002 καὶ
1458 946 1880 1016 πεπαιδευμένος

311 1029 606 1098 γενόμενος
630 1029 832 1099 ταχέως
861 1030 952 1083 καὶ
981 1031 1076 1098 τὴν
1099 1031 1250 1101 παρά
1268 1029 1398 1083 Θεοῦ
1433 1030 1630 1098 γνῶσιν
1649 1029 1878 1093 δέξεται.

315 1112 504 1183 Ταύτῃ
530 1111 638 1183 γὰρ
681 1114 731 1165 οί
775 1113 927 1182 σοφοὶ
977 1113 1337 1168 παιδεύονται.
1364 1114 1567 1184 Νόησις
1603 1113 1660 1166 δὲ
1711 1112 1884 1180 λόγων

318 1197 632 1267 φρονήσεως
657 1199 690 1268 ή
722 1197 849 1266 περὶ
873 1195 970 1249 τοῦ
999 1197 1157 1266 μόνου
1183 1199 1276 1252 καὶ
1297 1197 1554 1269 ἀληθινοῦ
1584 1197 1732 1262 ὄντος
1748 1195 1884 1250 Θεοῦ

315 1278 657 1332 διδασκαλία.
706 1280 829 1332 Ἐπὶ
857 1279 967 1350 γὰρ
1011 1279 1279 1350 Ἑλλήνων
1327 1282 1375 1334 οἱ
1430 1281 1549 1351 μὲν¹
1585 1280 1743 1350 σῶμα
1792 1279 1884 1333 τὸν

314 1364 454 1418 Θεὸν
481 1358 652 1424 εἷπον,
694 1365 743 1417 οί
776 1363 832 1418 δὲ
864 1363 1100 1428 εἰδώλοις
1132 1366 1292 1419 αὐτὸν
1313 1366 1509 1437 ὁμοίως
1533 1352 1897 1436 ἐλάτρευσαν.

313 1445 596 1516 Αίρετικοὶ
624 1447 681 1500 δὲ
707 1447 801 1500 καὶ
828 1447 979 1501 αὐτοὶ
1001 1449 1125 1519 περὶ
1151 1449 1245 1501 τοῦ
1274 1448 1424 1511 δντος
1443 1449 1884 1520 παρεφρόνησαν.

316 1531 422 1584 Διά
448 1529 603 1584 τοῦτο
627 1524 780 1594 οὗτος
802 1530 899 1601 τὴν
927 1531 1103 1602 ἀληθῆ
1134 1532 1261 1602 περὶ
1286 1532 1421 1585 Θεοῦ
1443 1531 1642 1600 γνῶσιν
1680 1531 1892 1602 ἐξηγεῖ-

315 1631 415 1666 ται
443 1654 458 1676 ,
492 1613 553 1667 τὸ
584 1613 682 1684 μὲν
709 1613 1080 1685 ἀνέκφραστον
1116 1615 1282 1670 αὑτοῦ
1316 1615 1520 1685 λέγων,
1553 1616 1708 1680 Δόξα
1741 1615 1890 1669 Θεοῦ

318 1696 576 1764 κρύπτει
628 1697 844 1765 λόγον·
880 1695 941 1750 τὸ
976 1697 1032 1750 δὲ
1064 1699 1418 1770 προνοητικὸν
1473 1698 1636 1752 αὐτοῦ
1678 1714 1842 1766 φησιν
1870 1714 1884 1727 ·

334 1781 436 1832 Ἐν
492 1779 670 1833 παντὶ
725 1780 884 1847 τόπῳ
923 1781 1216 1850 ὀφθαλμοὶ
1261 1781 1481 1850 Κυρίου
1521 1782 1892 1836 σκοπεύουσι

319 1863 555 1930 κακούς
583 1880 645 1916 τε
667 1862 766 1916 καὶ
801 1863 1080 1930 ἀγαθούς.
1109 1864 1219 1917 Kal
1240 1864 1400 1919 πάλιν
1417 1904 1432 1928 ,
1461 1865 1763 1930 Πλούσιος
1795 1861 1894 1916 καὶ

321 1946 564 2015 πτωχὸς
608 1946 1009 2014 συνήντησαν
1043 1948 1370 2017 ἀλλήλοις,
1412 1947 1786 2017 ἀμφοτέρους
1825 1945 1894 1999 δὲ

319 2031 619 2098 ἐποίησεν
652 2033 684 2083 ό
713 2033 944 2098 Κύριος.
983 2032 1112 2094 Kal,
1136 2032 1462 2086 Δανειστοῦ
1482 2031 1582 2085 καὶ
1614 2047 1894 2101 χρεωφει-

319 2114 511 2168 λέτου
543 2113 836 2179 ἀλλήλοις
858 2113 1305 2180 συνελθόντων,
1340 2114 1682 2182 ἐπισκοπὴν
1719 2112 1896 2168 ποιεῖ-

321 2214 428 2251 ται
463 2194 808 2265 ἀμφοτέρων
831 2199 864 2250 ό
889 2198 1118 2264 Κύριος.
1156 2198 1288 2261 Kal,
1325 2195 1609 2251 Ἐνώπιον
1636 2194 1745 2266 γάρ
1777 2198 1896 2250 εισι

322 2284 453 2338 τῶν
479 2284 584 2338 τοῦ
616 2283 762 2338 Θεοῦ
791 2283 1111 2354 ὀφθαλμῶν
1131 2283 1258 2339 ὁδοί
1284 2285 1504 2353 ἀνδρός
1527 2302 1544 2318 ·
1587 2287 1674 2351 είς
1701 2283 1770 2338 δὲ
1795 2282 1898 2338 πά-

322 2381 454 2432 σας
479 2365 727 2435 τροχιὰς’
753 2366 940 2421 αὑτοῦ
963 2368 1267 2422 σκοπεύει.
1303 2368 1412 2421 Kal
1439 2367 1498 2421 τὺ
1527 2367 1626 2438 μὲν
1656 2365 1896 2438 κριτικὸν

324 2448 501 2503 αὑτοῦ
545 2465 708 2518 φησι·
753 2450 966 2504 Θυσίαι
995 2450 1230 2505 ἀσεϐῶν
1279 2451 1597 2521 βδέλυγμα
1641 2451 1862 2518 Κυρίου
1881 2467 1894 2480 ·

326 2532 509 2601 εὐχαὶ
543 2532 611 2586 δὲ
643 2535 1127 2588 κατευθυνόντων
1153 2535 1352 2589 δεκταὶ
1403 2535 1538 2603 παρ’
1584 2532 1762 2598 αὐτῷ.
1791 2534 1900 2587 Καὶ

330 2617 500 2669 πάλιν
518 2633 532 2647 ·
558 2616 774 2681 Οίκους
793 2616 1090 2685 ὑϐριστῶν
1114 2616 1393 2684 κατασπᾷ
1407 2619 1617 2686 Κύριος
1640 2657 1655 2683 ,
1677 2618 1902 2684 ἔστησε

329 2697 408 2752 δὲ
445 2697 610 2767 ὅριον
639 2697 831 2768 χήρας
878 2698 1181 2770 (legebatur
1209 2702 1262 2754 in
1298 2699 1404 2754 Hs.
1445 2700 1686 2771 χώρας).
1737 2700 1810 2753 Τὸ
1845 2699 1903 2753 δὲ

328 2781 726 2854 δημιουργικὸν
757 2783 918 2836 αὑτοῦ
968 2785 1066 2855 οὐχ
1121 2784 1342 2850 ἁπλῶς,
1391 2785 1504 2838 ἀλλ’
1549 2786 1630 2838 ὅτι
1674 2784 1762 2838 διὰ
1807 2783 1903 2838 τοῦ

335 2867 475 2921 ἰδίου
501 2868 659 2937 λόγου
687 2867 779 2920 καὶ
812 2870 910 2938 τῆς
951 2869 1140 2938 σοφίας
1170 2869 1348 2924 πάντα
1385 2871 1562 2934 ποιεῖ·
1593 2869 1621 2922 6
1672 2869 1906 2940 μάλιστα

335 2950 734 3022 χαρακτηρίζει
771 2951 860 3004 τὸν
908 2951 1158 3022 ἀληθινὸν
1188 2953 1353 3018 Θεὸν,
1409 2955 1490 3007 ὅτι
1538 2953 1668 3006 Υἱοῦ
1716 2953 1907 3023 Πατήρ

337 3037 490 3088 ἐστι.
513 3034 668 3101 Λέγει
715 3033 878 3102 γοῦν·
937 3034 990 3087 Ὀ
1030 3035 1174 3102 Θεὸς
1214 3034 1290 3103 τῇ
1331 3037 1518 3106 σοφίᾳ
1555 3036 1909 3106 ἐθεμελίωσε

338 3117 467 3184 τὴν
494 3114 626 3185 γῆν.
654 3118 764 3171 Kal
801 3117 995 3186 πάλιν,
1040 3118 1094 3171 Ὁ
1128 3120 1270 3185 Θεὸς
1300 3119 1550 3187 ἐποίησε
1581 3118 1773 3189 χώρας
1810 3119 1907 3174 καὶ

339 3198 664 3266 ἀοικήτους
682 3243 696 3264 ,
716 3200 814 3254 καί
836 3201 990 3269 ἄκρα
1014 3202 1331 3270 οἰκούμενα
1360 3201 1468 3269 τῆς
1495 3204 1598 3259 ὑπ’
1627 3205 1906 3270 οὐρανόν.

352 3284 569 3338 Ἦνίκα
611 3281 879 3353 ἡτοίμαζε
909 3283 1017 3337 τόν
1046 3285 1336 3353 οίιρανὸν,
1369 3287 1776 3355 συμπαρήμην
1806 3290 1910 3340 αύ-

341 3367 463 3434 τῷ,
499 3367 596 3422 καὶ
625 3367 722 3420 ὅτε
749 3365 992 3436 ἀφώριζεν
1031 3369 1139 3422 τὸν
1173 3371 1358 3424 αὐτοῦ
1399 3371 1614 3437 θρόνον
1648 3371 1741 3422 ἐπ’
1777 3369 1911 3424 ἀνέ-

344 3467 509 3521 μων,
540 3450 723 3516 ἡνίκα
768 3451 986 3518 ισχυρὰ
1024 3451 1210 3504 ἐποίει
1257 3452 1329 3505 τὰ
1375 3452 1500 3505 ἀνω
1537 3452 1718 3522 νέφη,
1753 3453 1914 3522 ἤμην

348 3535 487 3601 παρ’
509 3533 668 3598 αὑτῷ
709 3532 1060 3602 ἁρμόζουσα.
1103 3534 1240 3604 Ἐγὼ
1274 3535 1438 3604 ἥμην
1467 3530 1507 3606 ᾗ
1535 3537 1914 3606 προσέχαιρε,

349 3618 484 3671 καθ’
515 3615 742 3686 ἡμέραν
777 3617 845 3668 δὲ
871 3619 1274 3687 εὐφραινόμην
1293 3620 1362 3672 ἐν
1388 3619 1684 3688 προσώπῳ
1707 3620 1914 3674 αὐτοῦ.

352 3701 593 3771 Στροφαὶ
619 3700 790 3769 λόγων
813 3701 1055 3772 εἴρηνται
1077 3741 1091 3765 ,
1127 3701 1312 3774 ἐπειδὴ
1342 3703 1586 3774 στρέφων
1615 3721 1697 3766 τις
1723 3704 1919 3768 αὐτοὺς

351 3788 422 3856 τῇ
459 3784 663 3854 διανοίᾳ
686 3826 700 3848 ,
747 3784 950 3851 ἀνοίγει
993 3785 1086 3838 καὶ⁸
1114 3785 1356 3857 εὑρίσκει
1383 3787 1473 3840 τὸν
1514 3789 1572 3841 ὲν
1613 3787 1796 3852 αὐτοῖς
1825 3789 1920 3856 ἐγ-

353 3868 608 3937 κείμενον
634 3867 776 3921 νοῦν.
809 3862 912 3920 Οἷά
943 3869 1048 3920 εισι
1071 3884 1086 3900 ·
1120 3869 1376 3938 Διεσώθη
1405 3870 1524 3925 ἀπὸ
1563 3871 1668 3926 τοῦ
1699 3872 1923 3940 καύμα-

355 3968 464 4017 τος
495 3951 624 4017 υἱὸς
652 3951 892 4020 νοήμων
909 3967 923 3981 ·
948 3951 1348 4022 ἀνεμόφθορος
1381 3955 1602 4024 γίνεται
1632 3955 1700 4008 ἐν
1723 3953 1925 4024 ἀμήτφ

357 4036 492 4100 υίὸς
517 4034 876 4104 παράνομος.
905 4036 1014 4090 Kal
1038 4037 1220 4100 πάλιν,
1264 4036 1572 4106 Ἐπιμελοῦ
1599 4037 1719 4092 τῶν
1749 4039 1817 4092 ἐν
1843 4035 1925 4102 τῷ

356 4118 549 4186 πεδίῳ
582 4116 828 4186 χλωρῶν
849 4160 864 4183 ,
893 4119 991 4172 καὶ
1032 4118 1224 4186 κερεῖς
1261 4120 1419 4174 πόαν
1439 4161 1453 4184 ,
1491 4120 1591 4176 καὶ
1620 4121 1926 4191 συνάγαγε

360 4205 583 4272 χόρτον
604 4203 855 4270 ὀρεινὸν,
886 4203 985 4255 ἵνα
1010 4201 1157 4272 ἔχῃς
1182 4205 1444 4272 πρόϐατα
1469 4208 1556 4271 είς
1585 4208 1922 4276 ἱματισμόν.

361 4287 477 4340 Καὶ
505 4284 698 4347 πάλιν,
735 4285 875 4338 Ἐὰν
913 4287 1168 4353 καθίσῃς
1193 4286 1457 4341 δειπνεῖν
1491 4289 1589 4342 ἐπὶ
1641 4288 1926 4357 τραπέξης

361 4365 716 4433 δυναστῶν,
761 4365 988 4435 νοητῶς
1029 4369 1154 4422 νόει
1207 4369 1281 4424 τὰ
1327 4371 1757 4441 παρατιθέμενα
1791 4385 1924 4424 σοι’

363 4451 462 4504 καὶ
515 4449 583 4503 τὰ
618 4452 776 4519 ὃμοια
822 4449 1048 4514 τούτοις.
1099 4452 1453 4523 Δικαιοσύνης
1505 4453 1737 4524 ἀληθοῦς
1779 4454 1926 4527 [ὅτι]

362 4535 551 4603 νόησις
589 4534 823 4604 εἴρηται,
845 4533 1030 4603 ἐπειδή
1061 4550 1204 4598 τινες
1237 4535 1548 4606 ὲξειλήφασι
1577 4536 1637 4589 τὸ
1681 4536 1886 4591 δίκαιον
1909 4552 1922 4567 ·

361 4618 475 4672 τῶν
512 4618 607 4688 μὲν
631 4618 894 4686 λεγόντων
920 4658 937 4684 ,
957 4617 1169 4672 Δίκαιόν
1194 4619 1308 4672 ἐστι
1327 4659 1342 4682 ,
1368 4621 1430 4673 τὸ
1459 4619 1758 4673 ἀποδιδόναι
1785 4621 1928 4691 άπερ

365 4699 527 4754 ἔλασε
569 4717 652 4764 τις
691 4700 956 4769 φυλάξαι*
1005 4700 1114 4754 τῶν
1162 4701 1251 4768 δὲ,
1280 4702 1340 4756 τὸ
1378 4702 1576 4756 διδόναι
1614 4703 1780 4756 κακὸν
1808 4705 1928 4758 ἀντὶ⁵

363 4783 542 4839 κακοῦ
571 4824 586 4844 ,
636 4785 729 4837 καὶ
777 4783 976 4852 ἀγαθὸν
1009 4784 1130 4838 ἀντὶ
1167 4784 1393 4854 ἀγαθοῦ.
1432 4786 1722 4856 Συμδαίνει
1761 4786 1819 4840 δὲ
1854 4786 1929 4859 μὴ

366 4867 616 4938 ἀκριϐεῖς
648 4862 786 4919 εἶναι
816 4867 942 4930 τοὺς
971 4866 1243 4932 τοιούτους
1274 4869 1450 4940 ὅρους.
1482 4869 1573 4940 Μὴ
1608 4871 1768 4942 εἴπῃς
1800 4868 1929 4941 γὰρ,

373 4954 474 5006 Ὃν
505 4951 702 5022 τρόπον
748 4951 1016 5021 ἐχρήσατό
1065 4967 1176 5020 μοι,
1214 4952 1486 5022 χρήσομαι
1515 4952 1682 5024 αὐτῷ,
1713 4953 1933 5023 τίσομαι

369 5035 430 5088 δὲ
455 5034 615 5088 αὐτὸν
657 5033 695 5088 ἆ
735 5049 802 5103 με
827 5032 1072 5104 ἠδίκησε.
1110 5033 1209 5087 Διά
1241 5034 1400 5088 τοῦτο
1438 5030 1588 5099 οὗτος
1624 5039 1722 5108 τὴν
1760 5038 1935 5109 ἀληθῆ

373 5118 717 5189 δικαιοσύνην
741 5117 980 5171 διδάσκει
1020 5117 1260 5180 τούτοιςο
1288 5118 1351 5171 τὸ
1381 5119 1576 5189 ἀληθὲς
1603 5119 1807 5176 δίκαιον
1825 5162 1841 5188 ,
1872 5123 1936 5175 τὸ

372 5200 683 5257 ἀποδιδόναι
733 5199 953 5270 ἑκάστῳ
1002 5199 1063 5252 τὸ
1118 5199 1266 5255 ἴδιον.
1317 5202 1780 5272 Προηγουμένως
1821 5203 1937 5273 μὲν

374 5287 514 5356 τίμα
541 5283 652 5338 τὸν
687 5283 907 5350 Κύριον
935 5281 1054 5337 ἀπὸ
1097 5282 1227 5338 σῶν
1266 5284 1512 5338 δικαίων
1552 5286 1754 5340 πόνων
1775 5326 1790 5350 ,
1837 5288 1936 5342 καὶ

371 5366 652 5438 ἀπάρχου
702 5365 862 5430 αὐτῷ
906 5365 1024 5420 ἀπὸ
1074 5367 1202 5421 σῶν
1245 5366 1488 5437 καρπῶν
1525 5368 1934 5439 δικαιοσύνης.

379 5453 608 5505 Ἔπειτα
637 5450 775 5520 τίμα
805 5448 1043 5518 βασιλέα,
1071 5451 1165 5502 καὶ
1195 5453 1305 5511 τοῖς
1345 5451 1442 5522 μὲν
1481 5450 1694 5520 γονεῦσι
1728 5452 1788 5507 τὸ
1809 5454 1942 5507 καθ-

367 5539 504 5608 ῆκον
531 5535 809 5595 ἀποδὲδου,
856 5537 968 5596 τοῖς
1005 5535 1062 5587 δὲ
1104 5536 1238 5589 πᾶσι
1274 5536 1336 5588 τὸ
1367 5537 1497 5591 ἴσον.
1526 5539 1634 5592 Kal
1659 5533 1809 5604 οὗτος
1844 5541 1943 5611 μὲν

370 5617 446 5687 εἷς
473 5621 670 5682 τύπος.
701 5617 960 5687 Δεύτερος
993 5618 1050 5673 δὲ
1073 5659 1088 5682 ,
1117 5619 1358 5674 δικαιοῦν
1397 5621 1494 5691 τὴν
1523 5621 1701 5694 ψυχὴν
1726 5623 1941 5689 ἑαυτοῦ,

365 5707 464 5780 τὴν
497 5706 730 5776 ἰσότητα
762 5701 1048 5771 φυλάττειν
1073 5743 1087 5769 ,
1115 5704 1253 5758 ῶστε
1283 5705 1356 5777 μή
1387 5705 1587 5760 κλίνειν
1634 5710 1714 5772 εἰς
1761 5708 1942 5762 ἀνισό-

1361 336 1691 396 SYNOPSIS
1730 333 2143 393 SCRIPTUM
2188 335 2458 393 SACRE.

3441 333 3548 386 5'72

1981 468 2138 521 τητα·
2163 451 2296 504 ἀλλά
2326 450 2405 521 τῷ
2431 451 2528 520 μὲν
2560 449 2778 519 λογικῷ,
2805 448 2900 516 Μή
2927 464 3001 502 σε
3023 447 3327 515 καταλάϐῃ
3342 448 3547 519 βουλὴ

1983 536 2138 602 κακὴ
2171 575 2187 600 ,
2235 537 2273 603 η
2326 535 2744 589 ἀπολείπουσα
2797 533 3194 586 διδασκαλίαν
3247 534 3549 600 νεότητος,

1983 619 2118 674 ἀλλά
2146 620 2282 690 μετὰ
2319 618 2512 689 βουλῆς
2539 617 2714 670 πάντα
2753 617 2932 680 ποίει,
2959 618 3052 670 καὶ
3079 618 3129 669 οί
3169 616 3415 686 λογισμοί
3455 634 3551 670 σου

1984 703 2228 758 ἔστωσαν
2253 702 2528 775 κρίματα⁹
2556 699 2698 753 ὥστε
2729 700 2933 772 κρίνειν
2959 699 3146 753 ἑαυτὸν
3175 699 3423 759 ἕκαστον,
3459 701 3554 754 καὶ

1984 787 2082 858 τὴν
2125 789 2223 858 μὲν
2250 786 2545 856 ἐπιθυμίαν
2573 785 2753 838 πᾶσαν
2785 783 2926 854 ἔχειν
2964 782 3172 854 ἀγαθήν
3192 799 3204 811 ·
3249 783 3556 851 Ἐπιθυμία

1987 875 2094 942 γὰρ
2126 871 2371 924 δικαίων
2399 867 2568 922 πᾶσα
2599 865 2826 935 ἀγαθὴ,
2869 865 2967 918 καί
3007 866 3286 934 ἐπιθυμία
3317 865 3552 918 δικαίου

1987 954 2188 1021 δεκτή.
2221 953 2376 1007 Κατά
2403 951 2459 1004 δὲ
2487 951 2548 1004 τὸ
2575 949 2823 1020 θυμικὸν,
2854 950 2949 1016 Μὴ
2981 949 3104 1002 ίσθι
3129 948 3358 1015 ἑταῖρος
3379 947 3553 1014 ἀνδρὶ

1987 1036 2238 1106 θυμώδει
2260 1079 2273 1101 ,
2301 1035 2457 1104 φίλῳ
2495 1033 2562 1086 δὲ
2594 1034 2810 1101 ὀργίλῳ
2829 1031 2914 1101 μὴ
2957 1032 3348 1095 συναυλίζου.
3377 1033 3556 1084 Ὅλον

1989 1120 2099 1190 γὰρ
2126 1118 2234 1172 τὸν
2254 1116 2445 1188 θυμὸν
2475 1116 2707 1185 ἐκφέρει
2733 1114 2920 1168 αὑτοῦ
2941 1115 3144 1182 ἄφρων
3161 1132 3174 1145 ·
3208 1116 3240 1167 6
3269 1113 3338 1166 δὲ
3364 1117 3556 1182 σοφὸς

1990 1203 2319 1272 ταμιεύεται
2360 1199 2510 1253 κατὰ
2535 1198 2732 1267 μέρος.
2767 1197 2921 1250 Οὕτω
2963 1197 3021 1250 δὲ
3059 1195 3246 1250 ἑαυτὸν
3281 1195 3555 1267 ῥυθμίζων

1991 1285 2306 1356 ἄνθρωπος,
2339 1284 2436 1353 τὴν
2486 1283 2620 1335 ἰδίαν
2682 1281 2912 1335 ἑκάστου
2975 1279 3173 1351 μέρους
3226 1281 3325 1348 τῆς
3379 1279 3555 1348 ψυχῆς

1993 1367 2188 1438 πρᾶξιν
2219 1367 2347 1436 ὑγιῆ
2397 1364 2491 1419 καὶ
2543 1365 2700 1434 ἀσινῆ
2757 1362 3054 1431 φυλάττων,
3089 1361 3240 1414 ἔσται
3276 1361 3557 1430 γινώσκων

1990 1452 2089 1522 τήν
2118 1449 2293 1520 ἀληθῆ
2314 1446 2672 1517 δικαιοσύνην.
2689 1447 2945 1516 Κρίματα
2970 1444 3026 1498 δὲ
3051 1443 3396 1497 κατευθύνειν
3420 1443 3556 1501 ἐστὶ,

1993 1533 2416 1606 προηγουμένως
2462 1531 2558 1601 μὲν
2605 1529 2810 1600 κρίνειν
2863 1527 3084 1589 δικαίως
3132 1524 3274 1579 κατά
3317 1525 3409 1578 τὸν
3463 1526 3558 1578 τοῦ

1993 1616 2126 1670 Θεοῦ
2171 1617 2334 1686 νόμον
2358 1654 2374 1679 ,
2412 1615 2486 1677 ὥς
2520 1629 2687 1683 φησι·
2728 1613 2955 1680 Ἂνοιγε
3008 1609 3125 1664 σὸν
3165 1611 3360 1681 στόμα
3403 1609 3562 1678 λόγῳ

1997 1701 2143 1756 Θεοῦ
2166 1740 2182 1763 ,
2215 1700 2312 1753 καὶ
2357 1697 2522 1766 κρῖνε
2553 1696 2782 1761 πάντας
2828 1694 3029 1765 ὑγιῶς.
3060 1694 3328 1764 Διάκρινε
3359 1693 3427 1747 δὲ
3461 1693 3562 1746 πέ-

1994 1801 2146 1853 νητα
2177 1783 2275 1837 καὶ
2306 1781 2554 1850 ἀσθενῆ.
2613 1781 2666 1832 '0
2699 1782 2808 1849 γὰρ
2851 1779 3035 1834 είπὼν
3064 1779 3172 1835 τὸν
3218 1776 3406 1846 ἀσεϐῆ
3430 1813 3449 1842 ,
3478 1777 3565 1831 δί-

1996 1868 2163 1933 καιός
2189 1867 2360 1920 ἐστιν
2381 1903 2398 1930 ,
2427 1864 2860 1933 ἑπικατάρατος
2884 1864 3008 1931 τοῖς
3035 1863 3205 1930 λαοῖς
3242 1863 3343 1917 καί
3369 1877 3566 1933 μισησ-

1996 1953 2099 2017 τὸς
2130 1953 2218 2016 είς
2245 1951 2409 2018 ἔθνη.
2443 1949 2746 2003 Αἱδεῒσθαι
2776 1951 2885 2019 γὰρ
2919 1950 3243 2017 πρόσωπον
3267 1949 3336 2001 ἐν
3373 1947 3566 2014 κρίσει

1997 2038 2070 2089 οὐ
2097 2034 2306 2088 καλόν.
2329 2033 2499 2087 Τοῦτο
2530 2034 2628 2104 μὲν
2654 2035 2718 2087 ἐκ
2751 2033 2844 2086 τοῦ
2867 2032 3099 2103 φανεροῦ
3129 2031 3348 2101 ρητέονυ
3377 2030 3568 2082 ἔπειτα

1997 2119 2054 2172 δὲ
2085 2119 2172 2171 ἵνα
2195 2119 2331 2188 ὅπερ
2358 2117 2578 2188 ἑτέρους
2609 2118 2783 2188 κρίνει
2811 2133 2924 2180 τις,
2966 2116 3125 2169 τοῦτο
3149 2115 3241 2169 καὶ
3272 2115 3351 2177 εἰς
3376 2111 3569 2166 ἑαυτὸν

1998 2202 2060 2256 τὸ
2088 2201 2261 2272 κρίμα
2287 2199 2589 2274 κατευθύνῃ
2608 2239 2624 2266 ,
2653 2199 2747 2254 καὶ
2769 2198 2960 2254 ἑαυτὸν
2981 2199 3275 2270 δοκιμάζῃ,
3302 2195 3568 2264 ἐπιτιμῶν

2004 2286 2100 2356 μὲν
2124 2282 2320 2354 ἐαυτῷ,
2351 2283 2446 2337 ἐὰν
2480 2282 2774 2353 πλεονεκτῇ
2806 2282 2835 2334 6
2875 2282 3077 2353 θυμός·
3113 2281 3320 2350 ἐπέχων
3350 2279 3406 2332 δὲ
3430 2320 3445 2346 ,
3472 2276 3569 2330 ἐὰν

2002 2367 2299 2438 περισσεύῃ
2342 2367 2376 2436 ἡ
2400 2365 2664 2437 ἐπιθυμία
2685 2383 2698 2397 ·
2731 2364 3009 2436 διεγείρων
3032 2365 3108 2431 δὲ,
3126 2364 3220 2417 ἐὰν
3248 2362 3483 2431 ἀφυπνοῖ
3509 2360 3571 2414 τὸ

2002 2449 2326 2519 λογιστικὸν,
2360 2449 2533 2516 λέγων
2553 2467 2565 2481 ·
2586 2449 2736 2514 Ἕως
2755 2447 3164 2516 πότε,όκνηρὲ,
3188 2446 3528 2500 κατάκεισαι
3553 2459 3568 2505 ;

2003 2533 2160 2587 Οὕτω
2190 2531 2299 2604 γὰρ
2323 2531 2514 2585 ἑαυτὸν
2540 2530 2762 2594 δικαίως
2786 2531 2934 2600 ἄγων
2955 2572 2969 2594 ,
2999 2532 3093 2586 καὶ
3121 2531 3420 2600 κατήγορος
3446 2529 3571 2581 ἐαυ-

2002 2616 2098 2670 τοῦ
2145 2616 2454 2687 γινόμενος,
2503 2614 2679 2686 κρίμα
2721 2614 3069 2668 κατευθύνειν
3117 2615 3448 2686 μαθήσεται,
3479 2613 3574 2664 καὶ

2005 2702 2104 2755 οὐκ
2148 2700 2436 2755 ἀκούσεται
2481 2702 2610 2771 παρ’
2644 2699 2860 2770 ἑτέρου·
2917 2701 2970 2752 Ὁ
3011 2699 3314 2753 διδάσκων
3349 2698 3570 2764 ἕτερον,

2005 2786 2264 2840 σεαυτὸν
2294 2785 2365 2838 οὺ
2387 2780 2727 2847 διδάσκειςς
2769 2785 2802 2836 ό
2838 2782 3052 2851 λέγων,
3095 2782 3190 2849 Μὴ
3215 2781 3572 2851 μοιχεύσῃς.

2002 2868 2340 2938 μοιχεύεις;
2374 2867 2582 2937 ’Ὠσπερ
2629 2861 2738 2936 γὰρ
2783 2867 2812 2919 ὁ
2863 2865 3060 2919 ὁδεύων
3092 2865 3185 2919 καὶ
3233 2862 3576 2918 κατευθύνων

2008 2953 2108 3022 τὴν
2140 2951 2259 3006 ὁδὸν
2286 2949 2476 3020 φθάνει
2515 2951 2595 3014 εἰς
2639 2951 2702 3003 τὸ
2739 2949 2891 3014 τέλος
2911 2965 2924 2978 ⁸
2955 2949 3128 3012 οὕτως
3171 2952 3200 3002 6
3231 2946 3576 3001 κατευθύνων

2011 3044 2252 3114 κρίματα
2269 3083 2284 3106 ,
2307 3042 2511 3103 δίκαιος
2534 3041 2907 3111 γνωσθήσεται
2935 3040 3030 3093 καὶ¹
3057 3040 3237 3108 σοφός.
3270 3036 3578 3108 Παραϐολαὶ

2011 3129 2068 3182 δὲ
2100 3127 2346 3195 λέγονται
2377 3125 2564 3193 λόγοι,
2616 3124 2805 3196 ῶσπερ
2852 3124 3056 3188 εἰκόνες
3097 3123 3207 3176 τῶν
3249 3120 3576 3191 λεγομένων.

2027 3211 2115 3277 Ἐξ
2141 3209 2318 3265 αὐτῶν
2357 3208 2465 3279 γὰρ
2510 3208 2595 3260 διὰ
2621 3208 2720 3277 τὴν
2746 3207 3039 3278 ὁμοιότητα
3065 3207 3126 3259 τὸ
3163 3207 3449 3276 λεγόμενον
3479 3219 3553 3256 κα
3570 3233 3582 3242 ο

2014 3293 2435 3364 ταλαμδάνεται.
2494 3291 2648 3343 Οὕτω
2694 3290 2802 3362 γὰρ
2837 3293 2866 3344 6
2913 3290 3114 3361 Κύριος
3151 3287 3370 3357 ἔλεγεν,
3421 3287 3497 3350 ὡς
3552 3288 3582 3338 6

2016 3381 2242 3448 Μάρκος
2288 3375 2420 3447 φησι
2453 3393 2465 3406 ο
2503 3375 2623 3429 Τίνι
2666 3374 2935 3444 ὁμοιώσω
2981 3373 3096 3440 τὴν
3121 3372 3449 3437 ,βασιλείαν
3474 3368 3584 3423 τοῦ

2019 3464 2187 3525 Θεοῦ,
2225 3461 2262 3529 ἢ
2292 3463 2361 3514 ἐν
2389 3461 2531 3528 ποίᾳ
2569 3457 2880 3528 παραϐολῇ
2908 3456 3328 3526 παραϐάλωμαι
3361 3451 3584 3521 αὐτήν;

2016 3549 2093 3611 ὡς
2127 3547 2234 3599 τῶν
2265 3545 2405 3598 κατά
2431 3543 2688 3614 ὁμοίωσιν
2724 3538 3368 3615 λεγομένωνπαραϐολῆς
3395 3535 3580 3606 οὔσης.

2021 3634 2130 3686 Kal
2152 3631 2258 3701 γάρ
2282 3629 2472 3696 λέγων,
2504 3628 2697 3693 Ὁμοία
2720 3626 2892 3679 ἐστίν
2915 3625 2952 3692 ἡ
2980 3623 3266 3689 βασιλεία
3288 3623 3394 3675 τοῦ
3415 3619 3581 3684 Θεοῦ,

2023 3716 2245 3786 ὕστερον
2273 3712 2529 3783 ἐπέφερε,
2564 3713 2666 3764 Διὰ
2701 3710 2876 3764 τοῦτο
2902 3709 2973 3762 ἐν
2996 3705 3358 3776 παραϐολαῖς
3384 3704 3587 3769 αὐτοῖς

2022 3797 2209 3854 λαλῶ.
2259 3799 2412 3852 Εἰσὶν
2462 3793 2611 3868 [578]
2661 3789 2754 3848 οῦν
2808 3792 3051 3846 τοιαῦται
3107 3791 3164 3844 al
3226 3788 3530 3858 παραδολαί
3567 3803 3583 3818 ·

2027 3884 2254 3951 Ὠσπερ
2274 3881 2483 3947 ἔξοδος
2513 3880 2716 3949 χιόνος
2742 3878 2811 3932 ἐν
2838 3875 3039 3947 ἀμητῷ
3068 3875 3415 3944 κατάκαυμα
3437 3874 3587 3943 ὠφε-

2024 3965 2158 4032 λεῖ,
2196 3965 2380 4031 οὕτως
2407 3963 2660 4032 ἅγγελος
2699 3959 2911 4025 πιστὸς
2953 3958 3093 4025 τοὺς
3117 3959 3590 4021 ἀποστείλαντας

2027 4049 2232 4103 αὐτόν.
2263 4047 2374 4100 Καὶ
2418 4045 2580 4100 πάλιν
2604 4059 2619 4073 ο
2658 4045 2881 4111 Ὠσπερ
2909 4042 3132 4110 ἄνεμοι,
3168 4040 3266 4098 καί
3292 4041 3464 4110 νέφη,
3491 4037 3593 4092 καὶ

2027 4131 2220 4194 ὑετοὶ,
2266 4131 2452 4196 οὕτως
2487 4132 2540 4183 οἱ
2595 4128 2963 4196 καυχώμενοι
2993 4127 3090 4180 ἐπὶ
3129 4125 3295 4180 δόσει
3341 4121 3586 4193 ψευδεῖ·

2030 4216 2124 4268 καὶ
2159 4213 2228 4268 τά
2257 4215 2418 4282 ὃμοια
2453 4211 2680 4275 τούτοις.
2733 4211 2945 4280 Ῥήσεις
2986 4209 3044 4263 δὲ
3095 4208 3274 4279 σοφῶν
3309 4210 3414 4261 εἰσι
3443 4206 3594 4273 λόγοι

2030 4299 2091 4351 οὑ
2126 4295 2524 4367 σεσοφισμένοι,
2554 4293 2674 4347 οὐδὲ
2700 4294 2758 4346 ὲν
2783 4292 2861 4364 τῷ
2885 4293 3095 4363 πιθανῷ
3115 4291 3457 4354 ἀπατῶντες,
3477 4288 3593 4342 ἀλλ’

2031 4379 2396 4454 ἠκριϐωμένοι
2417 4395 2432 4412 ο
2459 4378 2556 4448 οὐχ
2587 4377 2662 4442 ὡς
2701 4376 2841 4431 κατὰ
2874 4376 3168 4448 πρόσταξιν
3203 4375 3258 4429 δὲ
3290 4373 3592 4444 λεγόμενοι,

2033 4466 2145 4521 ἀλλ’
2180 4466 2256 4529 ὡς
2284 4465 2412 4533 παρ’
2447 4461 2628 4516 αὐτῶν
2660 4460 2989 4529 γνωσθέντες
3013 4501 3027 4524 ,
3065 4461 3158 4514 καὶ
3187 4461 3262 4523 ῶς
3294 4458 3596 4527 ἀποφάσεις

2035 4549 2214 4604 αὐτῶν
2247 4546 2672 4619 προσφερόμενοι
2699 4561 2712 4574 ·
2743 4539 2844 4596 οἷοί
2877 4546 2980 4597 εἰσι
3000 4562 3013 4575 ·
3058 4543 3312 4610 Καρδίας
3354 4545 3597 4610 εὐφραι-

2034 4631 2288 4702 νομένης
2307 4672 2321 4694 ,
2345 4632 2666 4698 πρόσωπον
2691 4628 2896 4682 θάλλει
2917 4643 2932 4658 ·
2954 4627 3024 4680 ἐν
3040 4627 3108 4679 δὲ
3135 4629 3355 4692 λύπαις
3382 4627 3594 4691 οὔσης.

2037 4711 2459 4784 σκυθρωπάζει.
2492 4714 2622 4777 Kal,
2655 4711 2874 4780 Καρδία
2913 4710 3054 4780 ὀρθὴ
3089 4709 3243 4778 ζητεῖ
3271 4709 3560 4776 αἴσθησιν
3581 4723 3596 4738 ·

2037 4800 2232 4867 στόμα
2257 4797 2324 4851 δὲ
2353 4796 2720 4851 ἀπαιδεύτων
2749 4795 3034 4864 γνώσεται
3065 4793 3236 4848 κακά.
3256 4793 3385 4851 Καὶ,
3409 4792 3600 4854 Μῖσος

2037 4884 2244 4952 ἐγείρει
2276 4882 2474 4946 νεῖκος
2493 4895 2507 4908 ·
2544 4879 2773 4944 πάντας
2810 4877 2879 4931 δὲ
2914 4877 3053 4942 τοὺς
3075 4876 3160 4945 μὴ
3185 4872 3600 4946 φιλονεικοῦν-

2037 4983 2144 5030 τας
2173 4964 2462 5018 καλύπτει
2496 4962 2686 5030 φιλία.
2731 4961 2874 5024 Kal,
2911 4962 3008 5028 Ὃς
3047 4956 3406 5027 καταφρονεῖ
3450 4954 3600 5023 πρά-

2040 5065 2260 5118 γματος
2282 5086 2297 5110 ,
2330 5044 2919 5114 καταφρονηθήσεται
2940 5044 3039 5099 ὑπ’
3073 5041 3288 5095 αὐτοῦ’
3321 5043 3354 5092 ό
3391 5037 3458 5090 δὲ
3496 5055 3604 5106 φοε-

2042 5131 2326 5199 ϐούμενος
2361 5127 2639 5196 ἐντολὴν,
2680 5124 2858 5192 οὗτος
2899 5127 3168 5195 ὑγιαίνει.
3204 5123 3323 5175 Τῶν
3360 5123 3458 5189 μὲν
3496 5120 3603 5187 γὰρ

2043 5214 2214 5268 ἄλλων
2263 5210 2562 5282 ἀνθρώπων
2603 5212 2652 5263 οἱ
2696 5211 2844 5279 λόγοι
2873 5209 3011 5262 κατά
3040 5209 3286 5261 πλεῖστον
3316 5202 3606 5282 ἀμφίϐολοι

2044 5296 2396 5366 τυγχάνουσιν
2420 5296 2569 5358 ὅντες
2591 5313 2604 5325 ⁸
2632 5297 2680 5349 οἱ
2703 5296 2758 5347 δὲ
2789 5294 2896 5346 τῶν
2925 5292 3121 5360 σοφῶν,
3151 5286 3252 5342 οἷοί
3277 5290 3413 5341 εἰσιν
3435 5280 3603 5347 οῦτοι,

2045 5380 2260 5450 ἀληθεῖς
2311 5381 2486 5443 εἰσιν,
2522 5378 2616 5431 καὶ
2668 5377 3001 5447 πανταχόθεν
3049 5373 3413 5444 ἠκρίϐωνται,
3465 5370 3608 5424 ὥστε

2051 5463 2184 5534 μηδὲ
2220 5462 2592 5529 ἀντιλέγεσθαι
2621 5461 2836 5523 αὐτούς.
2875 5459 2982 5511 Kal
3008 5459 3055 5510 οἱ
3092 5457 3190 5527 μὲν
3225 5455 3372 5508 ἄλλοι
3402 5455 3611 5526 ἄνθρω-

2049 5565 2140 5600 ποι
2173 5547 2280 5601 ἀπὸ
2335 5544 2428 5599 τοῦ
2483 5546 2666 5609 τέλους
2698 5541 3018 5614 γνωρίζουσι
3072 5541 3134 5593 τὸ
3187 5541 3450 5611 πρᾶγμα·
3501 5534 3612 5592 οἷόν

2051 5633 2216 5691 ἐστιν,
2246 5630 2326 5682 ὅτι
2359 5632 2388 5682 ὁ
2411 5628 2590 5691 ἄδικος
2614 5626 2812 5696 φαῦλός
2851 5627 2996 5687 ἐστι,
3024 5624 3120 5676 καὶ⁵
3141 5625 3169 5676 6
3205 5624 3388 5694 μοιχὸς
3422 5623 3482 5675 ού
3511 5640 3614 5675 κα-

2049 5713 2139 5777 λός
2162 5731 2175 5744 ·
2207 5711 2365 5766 τοῦτο
2409 5711 2465 5764 δὲ
2518 5712 2609 5763 καὶ⁵
2655 5709 2815 5762 παντὶ
2842 5705 2996 5776 δῆλον
3033 5705 3099 5759 ἂν
3127 5707 3231 5777 εἴη.
3268 5709 3328 5758 υἱ
3375 5705 3430 5759 δὲ
3460 5706 3614 5772 σοφοὶ
