4102 6322
417 359 523 412 5Ῐ5

411 490 529 544 quae
561 472 828 526 dicuntur.
865 471 939 526 Ex
973 470 1101 542 ipsis
1125 471 1267 525 enim
1297 486 1390 540 per
1423 469 1821 524 similitudinem
1848 466 1989 536 quod

413 566 605 620 dicitur
636 564 965 631 intelligitur.
996 563 1072 617 Ita
1102 579 1328 634 namque
1353 563 1608 616 Dominus
1630 605 1647 628 ,
1678 571 1735 616 ut
1757 563 1830 616 ait
1855 561 1989 615 Mar-

410 671 525 719 cus,
555 655 686 709 dicit
709 673 721 708 :
749 653 843 711 Cui
871 655 1157 708 assimilabo
1180 670 1388 724 regnum
1426 651 1569 707 Dei?
1596 663 1682 705 aut
1710 669 1810 722 qua
1840 669 1991 722 para-

410 751 524 802 bola
548 749 857 802 adumbrabo
879 748 1007 802 illud
1030 747 1222 816 (Marc.
1250 748 1304 802 4.
1323 746 1456 818 50)?
1487 756 1666 814 utpote
1688 761 1807 800 eum
1839 760 1988 812 para-

409 840 528 894 lmla
551 840 621 892 sit
642 839 708 894 de
733 839 891 893 rebus
921 854 1016 909 per
1038 838 1433 892 similitudinem
1463 837 1638 892 dictis.
1665 836 1798 891 Cum
1820 837 1988 890 dixis-

409 941 489 986 Set
511 931 657 986 enim
691 947 704 984 :
739 929 918 984 Simile
941 939 1016 984 est
1041 945 1249 1001 regnum
1275 927 1390 993 Dei,
1421 927 1614 983 deinde
1637 927 1832 992 intulit,
1863 927 1988 982 Ideo

407 1025 458 1076 in
486 1021 742 1094 parabolis
769 1023 944 1091 loquor
969 1022 1072 1076 illis
1098 1019 1308 1092 (Matth.
1342 1021 1427 1075 15.
1458 1022 1545 1074 51.
1574 1021 1643 1076 55
1668 1029 1716 1075 et
1744 1020 1854 1088 15).
1883 1019 1990 1073 llu-

404 1115 639 1186 jusmodi
674 1117 851 1184 itaque
879 1123 1006 1169 sunt
1034 1114 1301 1184 parabolae
1333 1132 1347 1168 :
1387 1132 1405 1165 ε
1431 1113 1581 1167 Sicut
1604 1111 1821 1168 emissio
1850 1111 1990 1165 nivis

406 1225 460 1264 Ill
483 1223 657 1263 messe
681 1208 876 1262 allevat
896 1216 1083 1261 aestum
1106 1247 1122 1270 ,
1150 1208 1228 1260 sic
1252 1206 1466 1260 nuntius
1493 1203 1662 1261 ﬁdelis
1689 1204 1752 1258 iis
1776 1204 1866 1274 qui
1891 1203 1989 1256 mi-

406 1308 593 1353 serunt
635 1314 758 1352 eum
787 1316 810 1350 ι
841 1295 1043 1370 (Prov.
1075 1297 1166 1352 25.
1197 1297 1318 1365 15).
1363 1295 1430 1350 Et
1470 1310 1682 1350 rursum
1715 1312 1728 1347 :
1782 1315 1799 1346 ι
1838 1294 1989 1350 Sicut

406 1393 572 1458 venti,
601 1402 656 1447 et
681 1391 859 1447 nubes
884 1400 940 1447 et
968 1391 1160 1462 pluviae
1183 1431 1200 1456 ,
1227 1391 1305 1444 sic
1329 1389 1417 1458 qui
1445 1390 1742 1458 gloriantur
1767 1388 1817 1442 in
1846 1388 1988 1442 dono

404 1484 648 1540 mendaci
681 1502 700 1535 ι
735 1482 900 1555 (Ibid.
931 1499 980 1536 v.
1015 1481 1156 1552 14),
1189 1490 1244 1536 et
1270 1481 1354 1534 bis
1382 1480 1600 1534 similia.
1641 1480 1788 1534 Dicta
1827 1493 1990 1549 porro

400 1578 701 1644 sapientum
745 1583 902 1639 sunt,
952 1589 1056 1629 non
1099 1571 1425 1642 sophismata
1457 1571 1740 1625 verborum
1765 1611 1780 1632 ,
1814 1584 1986 1639 neque

400 1683 678 1722 sermones
697 1666 1081 1736 probabilitatis
1102 1664 1280 1732 specie
1295 1662 1641 1731 decipientes,
1671 1661 1766 1716 sed
1793 1661 1902 1716 veri
1932 1668 1988 1716 et

398 1760 670 1814 accurati:
698 1774 803 1813 non
827 1757 974 1827 quasi
1000 1756 1240 1827 jussione
1259 1753 1532 1824 cujusdam
1561 1753 1746 1818 habiti,
1772 1751 1864 1807 sed
1893 1767 1986 1821 per

397 1868 460 1906 se
506 1851 618 1905 noti
644 1891 660 1916 ,
699 1860 753 1905 et
792 1849 942 1920 quasi
986 1849 1266 1904 sententia:
1308 1862 1492 1901 eorum
1536 1846 1746 1916 prolati.
1787 1845 1984 1911 Quales

396 1954 564 2000 sunt:
599 1963 617 1996 ι
641 1943 816 2000 Corde
854 1944 1066 1998 lattante
1087 1983 1102 2008 ,
1129 1941 1284 1996 ﬂoret
1309 1941 1514 2002 vultus;
1547 1954 1668 1994 eum
1709 1948 1888 1993 autem
1931 1939 1981 1990 in

397 2037 611 2092 tristitia
633 2045 737 2102 est,
761 2035 1077 2106 deprimitur
1098 2052 1117 2087 ι
1150 2031 1331 2103 (Prov.
1360 2032 1444 2087 15.
1473 2033 1594 2101 15).
1625 2032 1691 2085 Et
1720 2049 1738 2082 ι
1771 2029 1876 2085 Cor
1902 2045 1987 2084 re-

394 2141 541 2185 ctum
569 2130 761 2200 quaerit
785 2143 1030 2193 sensum;
1062 2141 1124 2181 os
1147 2135 1324 2181 autem
1356 2124 1865 2194 indisciplinatorum
1893 2139 1984 2178 co-

392 2234 617 2290 gnoscet
645 2221 782 2275 mala
809 2240 828 2273 »
862 2219 1002 2291 (Ibid
1046 2235 1092 2272 v.
1120 2220 1233 2290 14).
1263 2219 1349 2286 Ει,
1379 2235 1397 2269 ι
1421 2217 1612 2272 Odium
1639 2218 1982 2271 excitatcon-

394 2315 696 2370 teutionem
729 2331 742 2367 :
784 2328 972 2368 omnes
1010 2321 1189 2367 autem
1226 2326 1353 2374 eos,
1395 2311 1485 2380 qui
1523 2309 1842 2365 contentiosi
1875 2323 1979 2362 nou

391 2417 540 2471 sunt,
564 2407 797 2476 contegit
817 2405 1050 2460 amicitia
1075 2423 1094 2457 ι
1126 2404 1308 2476 (Prov.
1337 2404 1424 2459 10.
1451 2403 1562 2473 12).
1593 2402 1681 2467 Et,
1717 2421 1736 2454 ‹
1763 2402 1862 2470 Qui
1887 2416 1979 2455 ne-

390 2501 594 2568 gotium
619 2501 914 2555 contemnit
928 2508 1301 2554 contemnetur
1320 2498 1388 2552 ab
1409 2497 1526 2567 ipso
1542 2516 1554 2552 :
1573 2497 1661 2567 qui
1683 2510 1810 2551 vero
1830 2509 1977 2549 man-

391 2592 576 2646 datum
597 2599 831 2656 veretur,
863 2591 950 2646 ille
975 2606 1136 2646 sanus
1163 2600 1242 2644 est
1263 2609 1282 2640 ι
1315 2587 1466 2659 (Cap.
1492 2589 1579 2642 15.
1602 2585 1712 2658 15).
1738 2587 1974 2640 Aliorqu

393 2699 626 2754 namque
669 2683 940 2739 hominum
989 2697 1265 2736 sermones
1307 2689 1365 2736 ut
1413 2680 1697 2748 plurimum
1743 2679 1973 2748 ambigui

391 2783 518 2828 sunt
548 2789 561 2826 :
592 2774 914 2842 sapientium
943 2789 1091 2838 vero,
1119 2773 1302 2841 quales
1329 2781 1452 2826 sunt
1479 2770 1715 2836 istl,veri
1743 2779 1888 2836 sunt,
1922 2779 1976 2823 et

391 2866 538 2919 omni
567 2881 632 2919 ex
660 2880 806 2935 parte
833 2865 1090 2929 accurati,
1123 2865 1192 2918 ita
1219 2873 1276 2916 ut
1303 2863 1519 2917 minime
1550 2863 1678 2931 ipsis
1703 2861 1975 2916 contradi-

393 2967 564 3011 catnr.
595 2958 657 3012 Et
681 2958 768 3012 alii
796 2958 1006 3027 quidem
1041 2958 1283 3011 homines
1311 2972 1376 3011 ex
1409 2957 1512 3010 line
1537 2957 1716 3025 aperis
1742 2971 1854 3010 rem
1879 2954 1972 3008 de-

393 3051 602 3104 clarant
625 3067 640 3116 ;
667 3051 963 3120 cujusmodi
995 3061 1076 3105 est
1107 3050 1234 3103 illud
1267 3069 1279 3102 :
1315 3048 1530 3117 Iniquus
1557 3063 1643 3102 res
1672 3059 1754 3102 est
1785 3046 1923 3101 mala
1953 3063 1968 3109 ;

391 3155 444 3196 et
474 3143 711 3198 mmchus
739 3158 956 3212 pravum
983 3141 1110 3212 quid
1138 3152 1239 3207 est,
1265 3141 1405 3211 quod
1430 3140 1600 3194 cuivis
1630 3141 1969 3195 n'tanifestum

387 3244 492 3290 est.
536 3234 814 3304 Sapientes
843 3243 1018 3288 autem
1059 3234 1262 3287 initium
1291 3247 1513 3302 operum
1551 3233 1846 3303 pra-dicunt
1868 3273 1886 3300 ,
1917 3240 1972 3286 et

384 3328 535 3398 quasi
565 3327 805 3398 symbola
830 3327 990 3381 animi
1017 3335 1213 3381 motuai
1240 3327 1614 3395 praenuntiant,
1639 3337 1695 3380 ut
1723 3328 1968 3398 quisque,

383 3420 582 3487 agnitis
611 3419 871 3473 malorum
907 3419 1180 3488 principiis
1201 3461 1214 3484 ,
1248 3419 1349 3472 sibi
1382 3422 1607 3482 caveat,
1645 3419 1820 3488 qualia
1847 3427 1971 3472 sunt

383 3511 632 3579 superius
669 3509 808 3564 dicta
841 3526 854 3562 :
891 3509 1078 3563 Odium
1115 3511 1325 3563 suscitat
1360 3512 1757 3574 contentionem,
1798 3527 1969 3564 omnes

385 3613 584 3666 autem,
615 3602 702 3671 qui
728 3618 826 3654 non
861 3601 1164 3654 contendunt
1185 3643 1198 3664 ,
1227 3603 1441 3671 contegit
1466 3601 1706 3654 amicitia.
1729 3601 1966 3656 Conten-

385 3698 554 3750 tiosus
580 3695 725 3750 enim
754 3711 818 3748 ex
847 3695 968 3749 odio
995 3695 1207 3749 malitia:
1241 3694 1395 3764 hujus
1424 3695 1740 3763 principium
1771 3694 1966 3761 habet,

387 3803 483 3844 nec
509 3787 775 3858 quispiam
798 3788 988 3842 dixerit
1009 3787 1394 3842 contentiosum
1424 3801 1482 3840 se
1504 3785 1745 3855 diligere.
1769 3785 1967 3841 Contra

384 3881 468 3950 qui
497 3882 872 3934 contentiosns
904 3896 1006 3932 non
1033 3889 1113 3932 est
1139 3921 1152 3945 ,
1180 3878 1481 3933 dilectionis
1508 3877 1757 3932 indicium
1785 3878 1961 3934 habet.

383 3971 491 4028 Nec
519 3963 919 4025 contentiosum
962 3970 1222 4038 quispiam
1254 3970 1447 4024 dixerit
1475 3985 1595 4024 eum
1636 3971 1724 4040 qui
1753 3970 1923 4040 diligit
1948 4013 1962 4036 ,

385 4071 440 4118 ut
474 4076 694 4116 rursum
729 4059 948 4114 dieitur:
975 4059 1040 4113 In
1062 4063 1478 4131 concupiscentiis
1499 4072 1569 4116 est
1595 4064 1758 4116 omnis
1779 4064 1966 4116 otiosus

386 4151 570 4221 (Prov.
597 4152 683 4206 15.
703 4152 757 4220 4)
780 4161 880 4215 ;ct,
904 4151 1195 4207 Iracundus
1209 4157 1393 4224 absque
1412 4155 1621 4208 consilio
1651 4155 1754 4225 agit
1784 4154 1962 4226 (Prov.

386 4245 470 4303 14.
509 4242 647 4314 17).
689 4243 818 4297 Nam
861 4244 1019 4297 otiosi
1058 4246 1288 4299 animam
1327 4247 1590 4315 signiﬁcat
1625 4247 1677 4301 in
1719 4247 1966 4302 omnibus

380 4335 836 4405 concupiscentiis
861 4351 981 4390 esse
1008 4336 1343 4403 demersam,
1374 4349 1428 4391 et
1465 4338 1811 4401 iracundum,
1843 4338 1961 4392 nul-

372 4430 486 4484 lum
539 4437 748 4483 rectum
799 4427 995 4483 habere
1048 4431 1327 4484 consilium
1379 4432 1628 4487 ostendit.
1680 4432 1742 4487 Hi
1789 4432 1966 4502 itaque

379 4521 536 4586 rlane
566 4535 749 4575 mores
773 4520 1046 4575 declarant
1067 4564 1080 4585 ,
1109 4535 1161 4576 et
1189 4525 1413 4577 actionis
1444 4525 1756 4593 principium
1781 4566 1796 4590 ,
1825 4524 1967 4580 unde

377 4616 648 4678 ordiatur,
676 4613 800 4667 dum
831 4616 1010 4680 aiunt,
1043 4616 1222 4669 odimn
1270 4618 1578 4686 prarcederc
1609 4619 1750 4670 rixas
1780 4635 1794 4670 :
1827 4619 1966 4672 cari-

375 4717 541 4762 tatem
572 4721 701 4760 esse
728 4706 1042 4776 principium
1074 4717 1127 4760 et
1157 4723 1369 4761 causam
1397 4749 1410 4764 .
1442 4724 1541 4776 qua
1575 4709 1809 4763 vitantur
1837 4725 1964 4764 cou-

379 4800 651 4853 ttntiones
677 4815 690 4850 :
722 4800 832 4852 otio
861 4800 1048 4867 pra'ire
1081 4816 1291 4868 pravam
1323 4817 1362 4852 v-
1391 4803 1680 4870 luptatcm;
1713 4802 1966 4857 iracundo

373 4891 574 4959 prmire
601 4890 812 4945 consilii
841 4892 1070 4960 inOpiam
1105 4910 1116 4943 :
1145 4904 1196 4945 et
1222 4908 1433 4946 causam
1457 4909 1621 4961 quare
1645 4894 1763 4961 quis
1788 4893 1966 4961 despi-

375 4983 571 5045 ciatur,
606 4995 731 5034 esse
756 4990 1118 5047 contemptum
1152 4984 1279 5052 legis
1305 5002 1318 5038 :
1347 4983 1486 5051 quind
1516 4985 1800 5037 sanitatem
1829 4999 1967 5053 pran-

377 5073 534 5128 cedat
559 5073 722 5126 timor
747 5073 837 5126 Dei
861 5090 873 5125 :
904 5074 1025 5126 item
1054 5074 1193 5142 quod
1225 5073 1538 5142 principium
1569 5076 1818 5143 perniciei
1847 5076 1963 5129 ani-

378 5173 481 5213 n‘ae
511 5158 612 5222 sit,
643 5173 748 5210 non
774 5158 1040 5212 custodire
1063 5173 1124 5210 os
1154 5173 1306 5211 suum
1330 5199 1344 5222 ,
1377 5157 1514 5226 quod
1547 5159 1735 5212 terrori
1771 5169 1968 5228 praceat

362 5251 676 5316 temeritas.
706 5249 762 5303 Si
791 5264 855 5304 co
881 5249 1038 5303 modo
1069 5249 1274 5319 singula
1300 5249 1439 5303 dicta
1470 5250 1792 5318 expeudcris
1819 5295 1833 5313 ,
1867 5253 1962 5307 de-

373 5343 688 5408 prehendes
712 5359 772 5398 ea
803 5344 922 5398 ideo
953 5359 1072 5398 esse
1102 5346 1293 5411 scripta
1325 5353 1483 5412 atque
1517 5345 1719 5412 prulata
1747 5387 1760 5408 ,
1791 5355 1848 5398 ut
1876 5347 1962 5414 qui

380 5435 654 5488 audierint
703 5436 960 5489 honorum
1016 5436 1382 5504 malorumque
1435 5437 1690 5504 principia
1743 5438 1913 5491 edocti
1947 5482 1961 5502 ,

384 5541 542 5595 prava
590 5527 827 5595 fugiant,
872 5527 1007 5581 bona
1053 5536 1358 5595 operentur.
1392 5525 1694 5595 Euigmata
1729 5545 1885 5596 porro
1911 5539 1965 5582 et

385 5619 596 5672 obscuri
632 5634 904 5672 sermones
924 5660 936 5678 ,
969 5619 1037 5670 ita
1065 5629 1220 5672 caute
1251 5629 1372 5672 sinit
1402 5621 1594 5688 posita,
1630 5632 1684 5672 ut
1725 5638 1844 5673 cum
1875 5625 1962 5691 qui

383 5707 572 5776 legerit
603 5723 834 5762 mmrore
865 5708 1120 5772 alliciant,
1149 5708 1289 5777 quod
1319 5710 1444 5764 nihil
1474 5712 1650 5764 statim
1680 5712 1965 5767 exhibeant

381 5801 698 5871 nullumque
727 5815 939 5855 sensum
968 5799 1305 5856 subindicent
1336 5820 1346 5855 :
1382 5812 1614 5857 attamen
1645 5803 1769 5858 dum
1801 5821 1957 5860 accu-

1543 352 1865 409 SYNOPSIS
1903 351 2310 408 SCRIPTUILE
2349 353 2614 409 SACIHL

3587 365 3686 420 37-1

2100 477 2214 522 rate
2241 467 2636 536 expenduntur,
2671 485 2818 524 suam
2868 475 3187 528 sententiam
3217 475 3472 530 indicant.
3503 476 3690 542 Qualia

2097 568 2252 612 sunt:
2285 579 2302 610 ι
2327 559 2673 630 Sanguisugm
2691 573 2798 616 tres
2819 575 2973 619 erant
2995 565 3118 619 tiliae
3140 567 3425 622 admodum
3450 567 3684 633 dilectar;

2099 664 2153 708 et
2175 653 2255 707 ha:
2283 664 2391 709 tres
2419 665 2470 709 et
2497 666 2680 725 quarta
2715 672 2816 710 non
2845 657 3031 712 dicunt
3056 701 3070 725 ,
3101 660 3242 714 Satis
3263 671 3364 716 est.
3397 660 3643 716 lnfernus
3671 703 3687 728 ,

2098 753 2151 800 et
2175 760 2327 800 amor
2356 745 2594 801 mulieris
2626 757 2679 801 et
2708 756 2938 802 tartarus
2963 792 2977 814 ,
3007 759 3062 804 et
3088 760 3225 805 terra
3252 769 3371 822 qua:
3401 767 3506 806 non
3534 762 3684 806 satu-

2097 849 2246 894 ratur
2264 855 2422 910 aqua,
2448 857 2583 908 aqua
2605 851 2659 894 et
2683 841 2819 911 ignis
2837 859 3124 913 numquam
3153 844 3528 911 dicunt,-Satis
3555 853 3640 900 est
3660 862 3681 897 ι

2098 930 2117 1002 (
2146 931 2300 986 Prov.
2332 934 2422 989 50.
2448 935 2532 989 15.
2563 935 2686 1004 16).
2734 936 2802 990 Et
2827 937 3018 990 iterum
3049 956 3062 990 :
3101 957 3121 990 ι
3154 939 3276 992 Tria
3304 949 3432 994 sunt
3455 955 3574 1010 quas
3601 939 3686 993 iu-

2097 1024 2311 1080 tellectu
2341 1025 2469 1078 mihi
2508 1036 2632 1080 sunt
2668 1027 3019 1095 impossibilia
3041 1070 3056 1092 ,
3090 1040 3145 1082 et
3175 1040 3423 1098 quartum
3453 1045 3558 1084 non
3588 1045 3684 1084 eo-

2092 1130 2291 1183 gnosco
2322 1135 2335 1171 :
2366 1118 2589 1186 vestigia
2635 1119 2823 1187 aquil:e
2862 1120 3090 1173 volantis
3115 1161 3128 1184 ,
3176 1130 3229 1176 et
3265 1123 3375 1177 vias
3415 1122 3681 1192 serpentis

2092 1218 2253 1273 supra
2279 1215 2484 1274 petram
2514 1247 2530 1271 ,
2571 1219 2625 1262 et
2653 1209 2766 1262 vias
2800 1208 2948 1264 navis
2979 1212 3028 1262 in
3065 1211 3197 1264 mari
3231 1211 3406 1266 euntis
3433 1255 3450 1278 ,
3480 1222 3534 1268 et
3564 1213 3682 1268 vias

2093 1296 2191 1351 viri
2223 1297 2275 1350 in
2297 1297 2658 1352 adolescentia
2695 1318 2720 1350 ι
2744 1300 2903 1369 (Ibid.
2927 1319 2972 1355 v.
3002 1302 3231 1372 13.19);
3259 1312 3313 1358 et
3333 1319 3680 1374 qumcumque

2094 1389 2357 1458 ejusmodi
2386 1395 2516 1444 ‘sunt
2543 1393 2822 1461 (enigmata
2858 1411 2870 1445 :
2904 1393 3008 1447 alia
3054 1409 3282 1463 namque
3319 1394 3498 1450 statim
3540 1395 3678 1449 indi-

2091 1490 2252 1547 cant,
2285 1482 2446 1536 aliam
2477 1492 2653 1536 tamen
2685 1487 3004 1539 sententiam
3036 1485 3290 1540 exhibent
3325 1503 3336 1538 :
3367 1494 3422 1540 et
3447 1485 3674 1540 obscura

2090 1572 2304 1642 quidem
2340 1583 2466 1629 sunt
2489 1616 2503 1638 ,
2542 1576 2912 1630 absconditum
2956 1594 3085 1630 vero
3116 1592 3332 1631 sensum
3362 1576 3579 1632 habent.
3610 1578 3680 1631 Et

2089 1665 2461 1735 compendium
2494 1667 2708 1736 quidem
2746 1669 2862 1722 libri
2906 1668 3315 1723 Proverbiorum
3348 1668 3415 1723 ad
3447 1668 3589 1723 hunc
3615 1683 3675 1722 se

2091 1757 2250 1812 habet
2278 1760 2530 1815 modum-

2173 1849 2560 1919 Recapitulatio
2603 1863 2779 1906 autem
2820 1853 2934 1920 ejus
2968 1853 3047 1906 his
3093 1852 3585 1923 comprehenditur.
3617 1853 3674 1909 In

2089 1944 2364 2011 prommiis
2384 1943 2555 2014 agitur
2576 1943 2642 1998 de
2663 1944 2792 2012 ipsis
2811 1944 3117 2000 Proverbiis
3137 1944 3428 2000 Salomonis
3451 1945 3544 2014 ﬁlii
3565 1944 3674 1999 Da-

2088 2034 2191 2100 vid,
2219 2033 2303 2102 qui
2329 2035 2553 2106 regnavit
2577 2035 2631 2088 in
2662 2033 2970 2101 Jerusalem,
2998 2037 3064 2088 ad
3089 2036 3344 2090 sciendum
3372 2036 3673 2107 sapientiam

2087 2136 2132 2178 et
2161 2126 2485 2197 disciplinam
2510 2126 2660 2197 (Cap.
2685 2127 2904 2195 1.1.2).
2938 2127 3091 2193 Quod
3122 2128 3433 2198 principium
3462 2129 3675 2197 sapien-

2088 2220 2174 2273 tiae
2199 2220 2268 2273 sit
2297 2220 2455 2274 timor
2483 2220 2688 2275 Domini
2712 2219 2872 2291 (Ibid.
2893 2238 2940 2275 v.
2968 2222 3044 2290 7).
3075 2221 3150 2275 De
3173 2221 3451 2277 audiendis
3469 2223 3674 2293 legibus

2087 2311 2271 2378 patris,
2295 2320 2351 2367 et
2375 2313 2441 2368 de
2464 2327 2570 2367 non
2600 2313 2900 2382 respuenda
2921 2314 3201 2383 disciplina
3233 2315 3437 2368 matris.
3470 2315 3543 2368 De
3565 2329 3668 2368 non

2083 2403 2332 2471 errando,
2368 2412 2426 2458 et
2457 2403 2598 2475 quod
2630 2421 2734 2458 non
2762 2405 2831 2459 sit
2858 2406 2940 2458 via
2967 2406 3294 2476 capessenda
3332 2421 3452 2461 cum
3487 2407 3551 2460 iis
3579 2407 3669 2476 qui

2081 2507 2373 2565 operantur
2409 2497 2585 2568 iniqua
2619 2515 2632 2553 :
2674 2513 2961 2554 commune
2991 2513 3217 2567 namque
3240 2499 3566 2568 marsupium
3595 2498 3666 2552 illi
3700 2549 3703 2551 ,

2084 2589 2375 2657 possident.
2399 2589 2669 2661 Sapientia
2722 2589 2775 2644 in
2817 2590 3048 2645 exitibus
3079 2590 3369 2660 prmdicat;
3400 2591 3543 2660 impii
3574 2607 3676 2644 au-.

2083 2689 2187 2733 tem
2223 2679 2452 2735 oderunt
2477 2696 2713 2736 sensum.
2745 2681 3004 2750 Quoniam
3037 2697 3123 2737 me
3151 2692 3395 2746 vocante,
3435 2698 3539 2736 non
3570 2697 3699 2736 au-.

2079 2769 2312 2837 dierunt,
2361 2770 2482 2825 ideo
2530 2787 2650 2826 cum
2699 2773 2972 2827 vocabunt
3018 2787 3125 2837 me,
3175 2789 3280 2826 non
3330 2771 3540 2826 audiam
3571 2790 3698 2827 eos.

2079 2861 2241 2930 (Ibid.
2285 2879 2333 2916 v.
2373 2863 2463 2918 21.
2492 2863 2606 2933 28).
2640 2863 2767 2918 Item
2815 2864 2963 2926 illud,
2997 2865 3187 2932 Accipe
3227 2865 3363 2917 dicta
3391 2865 3684 2918 mandato--

2077 2971 2208 3015 rum,
2240 2963 2286 3007 et
2313 2955 2484 3008 audiet
2509 2957 2806 3024 sapientiam
2837 2958 2978 3009 auris
3007 2967 3113 3017 tua,
3144 2967 3197 3009 ut
3235 2957 3485 3026 intelligas
3501 2959 3685 3027 justil

2075 3046 2194 3098 tiam
2234 3056 2278 3099 et
2293 3047 2542 3116 judicium
2568 3045 2719 3118 (Cap.
2747 3047 2801 3103 2.
2828 3050 2877 3103 1.
2909 3049 2962 3103 2.
2995 3048 3071 3119 9).
3099 3048 3185 3103 Vw
3203 3050 3288 3119 qui
3316 3048 3690 3118 derelinquunt:

2075 3138 2179 3189 vias
2220 3147 2399 3203 rectas,
2431 3148 2476 3191 et
2522 3139 2833 3192 delectantur
2874 3141 2926 3193 in
2954 3141 3274 3194 subvet'sione
3318 3141 3453 3194 mala
3497 3139 3679 3209 (Ibid..

2073 3245 2122 3282 v.
2148 3229 2233 3282 15.
2268 3227 2381 3300 14).
2411 3228 2542 3284 Illud
2572 3232 2753 3296 etiam,
2786 3231 2870 3285 Ne
2907 3241 2954 3285 te
3000 3232 3348 3303 apprehendat
3394 3234 3676 3286 consilium.

2073 3324 2282 3386 malum,
2310 3333 2364 3375 ut
2389 3325 2613 3378 invenias
2637 3325 2841 3379 semitas
2863 3326 3078 3394 justitia’
3101 3327 3282 3397 planas
3303 3325 3470 3397 (Ibid.
3499 3342 3546 3379 v.
3572 3327 3658 3382 19.

2072 3413 2185 3486 20).
2213 3414 2362 3478 Item,
2396 3415 2470 3469 Ne
2501 3416 2832 3470 obliviscaris
2864 3417 2994 3487 legis
3023 3417 3343 3485 custodiam,
3377 3427 3433 3472 ut
3459 3418 3659 3488 longa:-

2072 3524 2169 3562 vus
2191 3509 2266 3562 sis
2293 3509 2344 3562 in
2391 3523 2540 3578 pace.
2573 3508 2727 3576 Quod
2759 3517 2868 3563 toto
2911 3509 3072 3564 corde
3114 3510 3311 3564 debeas
3341 3510 3390 3565 in
3433 3510 3661 3564 Domino

2071 3598 2363 3663 conlidere,
2399 3615 2497 3654 nec
2533 3615 2652 3654 esse
2683 3601 2914 3668 prudens
2942 3601 2994 3654 in
3029 3602 3334 3670 temetipso,
3361 3601 3454 3656 sed
3485 3601 3659 3657 bono-

2071 3706 2193 3746 rare
2228 3691 2507 3745 Dominum
2536 3707 2600 3746 ex
2639 3692 2796 3761 justis
2838 3692 3126 3746 laboribus.
3157 3692 3310 3760 Quod
3339 3707 3445 3746 non
3488 3694 3657 3762 negli-

2070 3785 2241 3855 genda
2263 3786 2334 3840 sit
2358 3785 2634 3854 disciplina
2665 3786 2872 3840 Domini
2895 3803 2910 3850 ;
2955 3785 3092 3838 Nam
3117 3803 3262 3856 quem
3283 3785 3448 3856 diligit
3475 3785 3656 3840 Domi-

2071 3893 2165 3930 nus
2195 3879 2405 3947 castigat
2435 3877 2588 3947 (Cup.
2622 3878 2674 3932 5.
2701 3877 2812 3945 12).
2849 3877 2934 3941 Et,
2964 3878 3157 3932 Beatus
3191 3877 3352 3932 homo
3375 3878 3466 3946 qui
3505 3879 3658 3932 inve-

2071 3969 2214 4023 nerit
2255 3968 2592 4035 sapientiam.
2624 3967 2777 4036 Quod
2825 3982 2933 4021 non
2966 3967 3163 4022 debeas
3193 3968 3418 4023 emolliri
3467 3983 3530 4022 ac
3555 3969 3658 4022 dil-

2071 4059 2260 4124 Iluerc,
2290 4060 2382 4113 sed
2431 4076 2644 4114 scrvare
2689 4060 2970 4114 consilium
3019 4069 3074 4114 et
3120 4060 3554 4130 intelligentiam;
3604 4072 3660 4116 ut

2070 4152 2138 4204 sit
2183 4150 2385 4205 medela
2413 4153 2557 4204 carni
2593 4160 2715 4205 tute.
2749 4151 2898 4216 Quod
2947 4166 3049 4204 non
3095 4151 3291 4206 debeas
3323 4151 3582 4206 desistere
3627 4171 3656 4205 ει

2071 4244 2331 4300 beneﬁcio
2371 4245 2623 4314 indigenti
2665 4244 2987 4314 praestando,
3017 4261 3136 4298 cum
3183 4245 3430 4299 habuerit
3469 4262 3657 4299 ιιιιιιιυε

2073 4346 2158 4390 tua
2191 4335 2331 4390 unde
2360 4336 2455 4404 ipsi
2493 4351 2649 4404 Opem
2676 4335 2830 4401 ferat,
2862 4351 3035 4404 neque
3063 4335 3354 4388 machinari
3401 4335 3536 4388 mala
3565 4335 3658 4387 ad-

2071 4440 2258 4480 versus
2283 4426 2510 4478 amicum
2546 4436 2712 4490 tuum,
2738 4425 2860 4493 quia
2892 4425 3196 4478 iunnundns
3224 4441 3402 4478 coram
3429 4425 3658 4479 Domino

2070 4516 2244 4570 omnis
2277 4516 2488 4584 iniquus
2533 4517 2653 4569 erit.
2703 4515 2834 4582 Quia
2882 4514 3131 4568 Dominus
3173 4515 3401 4582 superbis
3448 4516 3654 4580 resistit,

2071 4608 2342 4662 Itumilibus
2363 4618 2527 4661 autem
2548 4608 2635 4660 dat
2659 4609 2876 4677 gratiam
2902 4605 3066 4676 (Ibid.
3083 4622 3132 4658 v.
3156 4607 3270 4675 54).
3297 4607 3371 4661 De
3395 4606 3657 4661 audienda

2071 4701 2350 4770 disciplina
2380 4700 2569 4769 patris.
2611 4699 2736 4753 ltcm
2767 4698 2920 4764 illud,
2957 4697 3082 4764 Fili,
3107 4699 3253 4751 dictis
3282 4699 3405 4752 meis
3435 4699 3652 4758 attende,

2071 4805 2116 4849 et
2143 4794 2281 4848 omni
2305 4793 2533 4846 custodia
2556 4807 2697 4845 serva
2725 4807 2812 4844 cor
2839 4801 2999 4854 tuum,
3021 4800 3075 4845 et
3104 4791 3360 4844 Dominus
3386 4801 3560 4846 rectas
3583 4792 3658 4843 Ia-

2071 4887 2177 4942 ciet
2218 4887 2419 4940 orbitas
2442 4894 2558 4939 tuas
2593 4884 2741 4954 (Cap.
2771 4885 2824 4939 4.
2851 4884 2941 4938 20.
2984 4884 3074 4938 25.
3101 4883 3214 4954 27).
3255 4884 3407 4949 Quod
3435 4899 3541 4936 non
3571 4893 3658 4934 at-

2071 4979 2394 5035 tendendum
2426 4994 2599 5047 prava:
2631 4978 2834 5032 mulieri
2860 4994 2873 5040 ;
2911 4976 3031 5031 Vias
3058 4978 3189 5029 enim
3220 4977 3331 5029 vin
3355 4992 3454 5027 non
3485 4975 3652 5043 ingre-

2072 5073 2244 5135 ditur;
2273 5071 2335 5123 ab
2361 5072 2470 5140 ejus
2497 5071 2745 5123 consortio
2789 5080 2835 5123 te
2876 5069 3055 5140 procul
3101 5084 3295 5122 remove
3329 5065 3482 5137 (Cap.
3511 5067 3562 5121 5.
3599 5066 3652 5121 6.

2071 5165 2146 5234 8).
2191 5163 2317 5217 Item
2360 5162 2525 5215 illud:
2560 5160 2683 5216 Bibe
2723 5179 2881 5230 aquas
2926 5178 2987 5215 ea:
3031 5162 3162 5214 vasis
3205 5160 3340 5223 tuis;
3384 5167 3472 5224 et,
3516 5158 3656 5212 Fons

2071 5270 2214 5324 aqua:
2240 5265 2336 5306 tuae
2361 5256 2424 5306 sit
2449 5253 2534 5306 tibi
2578 5254 2743 5306 suavis
2776 5251 2934 5324 (Ibid.
2969 5269 3015 5304 υ.
3049 5249 3270 5317 15.18).
3299 5247 3365 5301 In
3391 5249 3499 5318 ejus
3524 5249 3656 5300 enin:

2071 5347 2318 5414 sapientia
2349 5362 2569 5410 versans,
2603 5346 2836 5397 diutttrne
2859 5361 2975 5413 ages
3008 5341 3167 5409 (Ibid.
3196 5357 3242 5393 v.
3275 5339 3387 5407 19).
3426 5338 3566 5392 Vade
3591 5358 3623 5391 α
3656 5369 3660 5379 -

2073 5439 2354 5507 formicam,
2391 5455 2418 5489 ο
2450 5437 2589 5506 piger
2619 5436 2949 5493 adolescens.
2976 5443 3020 5484 et
3053 5445 3156 5484 esto
3200 5431 3477 5498 sapientior
3498 5447 3516 5483 :
3541 5431 3667 5498 quia

2073 5531 2280 5583 multum
2321 5532 2370 5582 in
2409 5547 2564 5582 messe
2595 5543 2740 5596 parat
2773 5543 3020 5581 acervmn.
3061 5526 3132 5579 De
3167 5541 3232 5578 eo
3275 5525 3364 5593 qui
3399 5524 3543 5578 vadit
3591 5526 3656 5578 ad

2072 5639 2246 5689 apem,
2285 5622 2345 5672 Et
2377 5623 2512 5674 disce
2544 5620 2795 5689 quomodo
2836 5618 3091 5687 operatria;
3138 5618 3201 5670 sit
3226 5616 3378 5686 (Cap.
3409 5617 3459 5671 6.
3495 5619 3546 5671 ϐ.
3573 5618 3651 5678 8).

2075 5715 2203 5767 Illud
2233 5716 2389 5767 etiam
2423 5733 2433 5765 :
2460 5714 2745 5784 Usquequo,
2774 5713 2927 5779 piger,
2949 5711 3092 5779 jaccs
3121 5709 3283 5778 (Ibid.
3317 5727 3364 5764 v.
3395 5711 3493 5774 9)?
3525 5711 3656 5764 Pau-

2076 5805 2237 5858 Iulum
2286 5806 2508 5867 dormis,
2559 5803 2822 5872 paululum
2869 5817 2995 5856 vero
3041 5801 3216 5857 sedes.
3264 5800 3390 5856 Ideo
3437 5812 3654 5870 repente
