4102 6322
499 379 602 437 375

502 500 680 551 veniet
723 491 983 562 pernicies
1032 499 1117 543 tua
1166 487 1317 561 (Cap.
1350 487 1405 542 6.
1431 482 1673 553 10.11“›).
1714 483 1788 536 De
1834 476 2073 534 custodia

504 587 679 654 legum
730 582 893 653 patris
922 600 935 635 :
972 580 1119 648 Quod
1148 579 1352 633 lucerna
1380 576 1733 630 mandatorum
1774 574 1871 628 sint
1909 580 1956 627 et
1985 572 2076 625 lux

503 687 548 730 et
578 676 658 729 via
682 676 793 728 uiue
820 672 993 745 (Ibid.
1027 688 1075 727 υ.
1106 671 1234 741 25).
1272 667 1403 723 lllud
1442 668 1599 722 etiam
1645 686 1659 721 :
1705 665 1929 735 Deponet
1962 665 2075 731 quis

488 773 667 839 ignem
708 767 760 819 in
802 767 935 831 sinu,
962 765 1252 818 vestimenta
1293 770 1458 814 autem
1502 775 1593 813 sua
1635 774 1737 811 non
1782 756 2078 810 comburet?

505 871 593 913 aut
634 857 907 912 ambulabit
935 873 1084 927 super
1111 854 1349 908 carbones
1376 853 1526 923 ignis,
1558 851 1706 921 pedes
1752 860 1920 904 autem
1958 864 2075 902 suos

502 967 604 1003 non
628 950 850 1003 incendet
880 948 1039 1020 (Ibid.
1070 963 1118 1001 υ.
1148 946 1234 999 27.
1266 942 1397 1015 9.8)?
1440 943 1539 1011 Qui
1570 942 1860 1012 ingreditur
1876 940 1941 995 ad
1962 955 2077 994 mu-

501 1040 688 1095 lierem
722 1039 1078 1108 conjugatam,
1106 1051 1212 1089 non
1243 1035 1498 1088 innocens
1526 1034 1628 1087 erit
1670 1031 1831 1101 (Ibid.
1865 1046 1910 1085 υ.
1941 1029 2074 1098 29).

505 1130 659 1193 llem,
692 1128 811 1182 Non
854 1128 1036 1180 mirum
1077 1127 1120 1179 si
1146 1126 1256 1195 quis
1285 1125 1474 1193 furtum
1513 1123 1700 1193 faciens
1730 1120 2076 1191 deprehenda-

504 1230 618 1284 tur;
648 1220 849 1286 furatur
876 1217 1007 1270 enim
1029 1225 1081 1269 ut
1102 1216 1307 1285 impleat
1336 1217 1556 1268 animam
1582 1230 1727 1268 suam
1752 1216 2077 1267 esurientem:

502 1314 722 1365 machus
758 1320 923 1362 autem
953 1310 1012 1362 ob
1038 1309 1260 1375 inopiam
1289 1308 1467 1361 mentis
1493 1306 1661 1378 perdet
1687 1306 1909 1359 animam
1934 1321 2078 1359 suam

505 1400 667 1470 (Ibid.
689 1416 737 1452 υ.
769 1398 856 1453 50.
889 1398 1003 1466 52).
1029 1398 1182 1464 Item,
1212 1395 1332 1451 Cale
1354 1395 1642 1460 Dominum,
1673 1406 1720 1449 et
1751 1406 1921 1465 potens
1958 1394 2077 1460 eris,

504 1504 550 1549 et
588 1492 783 1547 custodi
821 1491 1061 1544 mandata
1099 1506 1227 1556 mea,
1258 1500 1304 1544 et
1339 1489 1559 1543 describe
1591 1490 1683 1543 illa
1711 1490 1765 1542 in
1810 1487 2078 1542 latitudine

505 1587 671 1640 cordis
701 1585 795 1650 tui,
815 1594 869 1638 ut
894 1585 1178 1638 custodiant
1201 1592 1248 1637 te
1272 1599 1303 1636 a
1330 1583 1537 1637 muliere
1564 1583 1730 1636 aliena
1758 1591 1803 1635 et
1826 1580 2081 1635 meretrice

506 1675 657 1746 (Cap.
679 1676 731 1728 7.
758 1674 813 1728 2.
834 1676 889 1730 5.
922 1672 998 1745 5).
1029 1674 1178 1742 Quod
1208 1673 1403 1729 debeas
1432 1672 1722 1744 praedicare
1742 1672 2077 1742 sapientiam,

507 1783 626 1837 qum
654 1767 706 1821 in
737 1767 962 1821 excelsis
986 1765 1272 1820 verticibus
1300 1772 1401 1831 est,
1433 1764 1555 1833 quia
1580 1764 1860 1834 pretiosior
1888 1771 1971 1818 est
1994 1778 2081 1817 ar-

516 1868 699 1928 gento,
729 1867 784 1913 et
830 1858 1137 1927 generosior
1182 1871 1311 1911 auro
1356 1856 1578 1926 probato
1610 1874 1621 1909 :
1655 1865 1711 1911 et
1752 1856 1891 1926 quod
1921 1856 2081 1910 timor

510 1950 720 2005 Domini
767 1948 889 2003 odio
933 1948 1123 2003 habeat
1164 1948 1472 2017 injustitiam
1528 1946 1677 2017 (Cap.
1709 1946 1762 2003 8.
1795 1948 1845 2001 1.
1886 1946 1941 1999 2.
1988 1947 2076 2000 11.

510 2043 623 2110 15).
657 2040 789 2095 Illud
828 2040 975 2101 item,
1019 2038 1268 2092 Dominus
1297 2038 1479 2091 creavit
1519 2054 1599 2091 me
1642 2037 1840 2091 initium
1885 2038 2079 2091 uiarum

509 2149 715 2185 suarum
739 2132 790 2185 in
812 2148 966 2200 opera
985 2147 1079 2185 sua
1097 2130 1257 2202 (Ibid.
1279 2147 1326 2183 υ.
1345 2130 1461 2200 22).
1481 2129 1611 2184 ltem
1635 2129 1792 2183 illud:
1816 2129 2081 2200 Sapientia

508 2221 774 2290 wdiﬁcavit
794 2222 886 2275 sibi
904 2221 1105 2275 domum
1125 2220 1271 2293 (Cap.
1288 2222 1340 2275 9.
1360 2222 1433 2291 1).
1452 2221 1602 2286 Item,
1621 2222 1789 2292 Argue
1808 2222 2081 2290 sapientem

508 2322 555 2365 et
575 2322 618 2365 te
638 2312 826 2382 diliget.
850 2312 909 2366 Si
928 2314 1126 2381 sapiens
1154 2311 1328 2379 (ueris,
1344 2310 1626 2379 tibimetipsi
1651 2312 1747 2365 eris
1772 2319 1819 2363 et
1841 2311 2081 2379 proximis

513 2403 645 2468 tuis;
674 2403 718 2455 si
756 2412 921 2454 autem
964 2402 1223 2469 improbus
1264 2401 1493 2465 evaseris,
1516 2401 1655 2453 solus
1696 2400 1897 2454 hauries
1924 2401 2076 2453 mala.

510 2492 696 2546 Mulier
732 2493 884 2547 stulta
922 2502 967 2545 et
998 2492 1168 2545 audax
1205 2491 1313 2545 cibo
1354 2490 1591 2560 indigebit
1644 2489 1878 2561 (Ibid.v.
1906 2491 1959 2545 8.
1993 2489 2077 2544 12.

510 2585 623 2653 15).
663 2583 944 2655 Paupertas
972 2585 1133 2637 virum
1150 2583 1378 2636 humiliat
1407 2599 1425 2636 :
1456 2584 1591 2652 ﬁlius
1614 2592 1778 2635 autem
1804 2582 2083 2652 disciplinis

511 2675 752 2730 educatus
775 2677 974 2746 sapiens
1002 2676 1112 2729 erit.
1141 2675 1388 2729 Memoria
1401 2674 1530 2744 justi
1557 2690 1672 2727 cum
1698 2673 1948 2728 laudibus.
1982 2673 2084 2739 Qui

510 2769 733 2821 ambulat
765 2769 1077 2839 simpliciter,
1100 2768 1322 2822 ambulat
1348 2766 1672 2829 conﬁdenter.
1700 2764 1797 2831 Qui
1836 2782 1898 2820 ea:
1939 2765 2083 2822 labiis

511 2862 703 2931 profert
737 2863 1057 2931 sapientiam,
1084 2864 1224 2932 virga
1263 2862 1472 2931 percutit
1508 2862 1669 2914 virum
1694 2861 1844 2914 corde
1871 2860 2081 2914 destitu-

510 2964 634 3006 tum.
671 2951 790 3005 Vias
828 2953 941 3006 vita:
983 2953 1198 3005 custodit
1228 2951 1530 3023 disciplina;
1560 2961 1728 3021 tegunt
1779 2961 1943 3006 autem
1979 2952 2082 3005 ini-

510 3048 751 3100 micitiam
777 3047 910 3101 labia
940 3047 1104 3116 justa.
1133 3046 1336 3101 Stultus
1382 3054 1631 3115 perpetrat
1678 3045 1849 3109 mala;
1897 3061 1952 3098 os
1991 3061 2084 3097 au-

512 3150 610 3193 tem
640 3139 770 3211 justi
807 3139 961 3192 stillat
1005 3139 1301 3209 sapientiam
1338 3137 1486 3208 (Cap.
1512 3138 1598 3192 10.
1632 3139 1685 3193 4.
1714 3139 1766 3192 7.
1790 3138 1841 3193 9.
1878 3138 2079 3193 10.15.

512 3233 602 3285 17.
648 3233 737 3286 18.
787 3231 877 3285 25.
908 3229 1018 3302 51).
1050 3230 1247 3284 Contra
1298 3229 1637 3293 idololatras,
1679 3230 1768 3299 qui
1814 3244 1880 3283 ex
1928 3243 2079 3295 auro,

513 3333 567 3376 ct
596 3332 836 3393 argento,
869 3331 960 3376 aut
1006 3321 1267 3392 lapidibus
1318 3330 1409 3375 aut
1456 3321 1632 3391 lignis,
1680 3320 1818 3375 idola
1863 3320 2082 3375 faciunt.

511 3413 663 3479 Quod
702 3429 797 3484 per
827 3414 1025 3483 lignum
1054 3413 1196 3467 salus
1224 3412 1293 3466 sit
1320 3408 1846 3466 credentibus.Circa
1876 3425 1969 3465 eos
1993 3412 2082 3480 qui

515 3503 654 3558 idola
679 3503 931 3569 conflant,
962 3512 1017 3557 et
1036 3518 1156 3558 eum
1184 3502 1271 3572 qui
1299 3502 1437 3555 idola
1463 3501 1649 3571 pingit.
1685 3501 1760 3556 De
1784 3501 1940 3556 malis
1963 3515 2081 3556 om-

516 3595 673 3648 nibus
716 3608 811 3663 per
860 3593 1212 3648 idololatriam
1258 3593 1439 3662 partis.
1491 3591 1565 3645 De
1610 3590 1773 3660 impio
1822 3590 1985 3655 cultu,
2031 3599 2087 3646 et

516 3696 711 3755 quanta
744 3686 793 3739 in
822 3700 887 3740 eo
908 3686 1067 3739 mala.
1097 3685 1170 3739 De
1193 3684 1374 3754 figulo,
1405 3691 1458 3737 et
1479 3682 1547 3737 de
1576 3682 1731 3737 idolis
1760 3681 1975 3753 ﬁglinis.
2007 3682 2084 3738 De

519 3775 676 3830 idolis
718 3775 964 3829 omnibus
999 3789 1119 3844 qua:
1162 3775 1442 3829 coluerunt
1465 3773 1708 3843 gentiles.
1738 3772 1814 3827 De
1849 3772 2086 3827 infestis-

515 3868 667 3922 simis
706 3866 1040 3932 animalibus,
1071 3866 1423 3935 serpentibus,
1456 3865 1666 3929 felibus,
1706 3872 1763 3919 et
1804 3862 2082 3919 similibus.

520 3958 673 4026 Quod
710 3957 850 4012 Deus
874 3957 1144 4013 beneﬁcus
1176 3956 1353 4012 lsraeli
1400 3970 1493 4024 pro
1531 3956 1674 4010 ranis
1704 3954 1804 4024 ipsi
1847 3955 2085 4010 coturni-

518 4064 634 4103 cem
660 4047 883 4102 dederit.

876 4183 1063 4246 Multa,
1093 4193 1147 4237 ut
1186 4193 1325 4253 puto,
1367 4183 1734 4237 desiderantur.

1077 4352 1307 4392 SYNOPSIS
1344 4352 1509 4391 SIRACI
1520 4376 1532 4388 .

590 4497 669 4553 De
695 4496 886 4552 timore
910 4495 1026 4564 Dei,
1046 4495 1187 4566 quod
1214 4496 1368 4551 irasci
1395 4511 1499 4550 non
1525 4506 1788 4565 oporteat,
1809 4497 1949 4566 quod
1975 4499 2091 4554 sine

525 4590 793 4661 hypocrisi
820 4590 1177 4649 accedendum
1204 4591 1271 4645 sit
1295 4591 1360 4645 ad
1387 4591 1588 4645 Deum:
1617 4590 1683 4645 de
1713 4591 2090 4645 tentationibus

474 4728 477 4731 .
522 4690 576 4734 et
605 4680 672 4735 de
698 4679 987 4749 patientia:
1020 4681 1085 4735 de
1122 4681 1423 4749 parentibus
1460 4680 1801 4745 honorandis,
1836 4679 1903 4734 de
1927 4680 2091 4749 aequi-

523 4782 662 4827 tate:
686 4771 827 4842 quod
846 4786 953 4826 non
979 4780 1218 4840 oporteat
1239 4787 1477 4841 quaerere
1501 4770 1841 4841 profundiora
1864 4773 1947 4837 iis,
1971 4786 2089 4840 quae

519 4863 667 4929 jussa
697 4868 840 4926 sunt,
871 4859 938 4915 de
971 4862 1307 4928 eleemosyna
1340 4870 1394 4913 et
1427 4862 1744 4931 pupillorum
1773 4860 2088 4929 patrocinio.

533 4954 606 5008 De
646 4952 923 5022 sapientia,
953 4951 1020 5006 de
1047 4950 1247 5020 pudore
1274 4953 1433 5006 noxio
1453 4962 1505 5007 et
1535 4953 1647 5006 utili
1674 4970 1688 5007 :
1721 4951 1883 5005 multa
1909 4952 1996 5006 hic
2023 4951 2091 5007 de

524 5046 683 5101 noxio
706 5045 971 5101 edisserit.
1018 5042 1167 5111 Quod
1213 5059 1316 5097 non
1345 5052 1587 5112 oporteat
1628 5042 1897 5098 desiderio
1924 5058 2089 5112 pecu-

524 5137 732 5191 uiarum
758 5151 817 5191 se
843 5134 1060 5201 dedere,
1083 5149 1254 5203 neque
1277 5142 1459 5203 putare
1485 5149 1581 5189 nos
1610 5136 1825 5203 impune
1850 5149 2090 5204 peccare,

524 5228 736 5284 etiamsi
766 5244 872 5283 non
920 5228 1100 5283 statim
1144 5241 1331 5296 poenas
1355 5225 1573 5280 demus:
1605 5226 1813 5295 patiens
1841 5226 1980 5280 enim
2012 5234 2095 5281 est

524 5322 686 5389 Deus,
714 5330 1030 5392 oportetque
1058 5320 1206 5375 illum
1237 5320 1467 5388 placare.
1506 5318 1581 5373 De
1609 5317 1895 5373 verborum
1924 5317 2091 5373 futili-

523 5422 648 5480 tate,
678 5412 745 5469 de
770 5414 1036 5484 superbia,
1064 5412 1131 5466 de
1158 5409 1441 5480 probandis
1468 5410 1674 5476 amicis,
1692 5408 1761 5464 de
1793 5409 2090 5479 disciplina,

522 5505 588 5559 de
634 5506 793 5560 rebus
841 5500 1055 5560 utilibus
1100 5503 1396 5558 audiendis.
1440 5504 1513 5557 De
1558 5517 1663 5556 non
1713 5501 1997 5571 peccando,
2026 5506 2095 5555 de

525 5609 629 5648 non
674 5594 1000 5661 mentiendo,
1029 5594 1098 5649 de
1138 5595 1371 5649 futilibus
1419 5608 1523 5646 non
1572 5591 1829 5655 dicendis,
1870 5592 1937 5645 de
1987 5606 2090 5643 non

524 5682 768 5738 iterando
796 5699 1043 5739 sermone
1072 5685 1123 5738 in
1156 5686 1489 5754 precatione;
1531 5683 1583 5738 id
1613 5692 1715 5747 est,
1747 5698 1864 5751 qua:
1893 5683 2092 5751 promi-

526 5773 661 5828 seris
684 5772 817 5839 Deo,
844 5789 911 5830 ne
947 5773 1179 5830 diﬁ'eras.
1211 5776 1284 5830 De
1312 5775 1553 5841 muliere,
1581 5773 1648 5829 de
1674 5771 1903 5840 famulis,
1930 5787 2089 5841 peco~

1201 372 1258 429 S.
1297 367 1572 427 JOANNIS
1606 359 2076 423 CHRYSOSTOMI
2100 355 2416 415 ARCHIEP.
2448 357 2955 417 CONSTANTINOP

3645 364 3750 420 376

2181 477 2347 543 ribus,
2373 479 2442 536 de
2480 480 2622 548 filiis,
2648 481 2717 537 de
2755 491 2926 553 patre,
2953 481 3022 537 de
3056 483 3251 551 pietate
3279 497 3404 553 erga
3448 482 3637 549 Deum,
3686 484 3753 539 de

2179 570 2382 627 honore
2406 573 2769 628 sacerdotibus
2788 574 3110 641 exhibendo,
3130 575 3196 630 de
3217 576 3491 630 visitandis
3516 576 3749 641 afﬂictis,

2179 664 2255 719 De
2297 680 2402 719 non
2448 665 2721 735 litigando,
2751 665 2817 721 de
2846 680 2951 721 non
2981 667 3373 736 exprobrando,
3412 666 3480 723 de
3509 683 3613 722 non
3659 669 3756 723 de-

2178 756 2463 825 spiciendis
2501 757 2893 812 narrationibus
2921 772 3108 813 senum
3137 760 3474 829 sapientium.
3508 760 3584 814 De
3616 769 3754 814 tem-

2178 852 2436 916 perantia,
2468 848 2536 903 de
2564 849 2817 915 amicitia,
2844 850 2911 905 de
2943 865 3046 904 non
3093 850 3394 905 aemulando
3422 861 3751 920 peccatores.

2182 937 2256 991 De
2278 938 2457 1007 judice
2490 939 2746 1008 prudente
2772 949 2826 994 et
2854 942 3037 1005 stulto,
3067 940 3135 997 de
3178 941 3448 1010 superbia,
3479 942 3547 997 de
3584 944 3753 1013 tequi-

2181 1037 2310 1093 tate,
2339 1030 2405 1085 de
2434 1046 2540 1085 non
2579 1032 2934 1102 vituperando
2974 1034 3093 1090 sine
3127 1034 3349 1106 judicio,
3380 1043 3435 1090 et
3472 1036 3589 1090 sine
3621 1050 3752 1095 exa-

2180 1120 2344 1175 mine.
2392 1120 2466 1175 De
2495 1122 2737 1177 vitandis
2760 1123 2973 1193 iniquis.
3009 1125 3087 1180 De
3123 1125 3345 1180 divitum
3392 1126 3559 1192 cultu,
3587 1127 3678 1196 qui
3718 1150 3749 1189 α

2181 1210 2361 1264 multis
2390 1210 2691 1279 exhibetur,
2737 1222 2791 1268 et
2816 1213 2883 1268 de
2912 1216 3263 1284 quorumdam
3313 1216 3453 1270 inter
3481 1216 3600 1271 illos
3628 1231 3756 1271 ava-

2181 1301 2324 1354 ritia.
2367 1301 2442 1356 De
2478 1304 2670 1370 parcis,
2695 1319 2827 1374 quos
2861 1292 3340 1376 Opinotg‘appellanl
3363 1306 3459 1376 (a),
3500 1307 3591 1382 qui
3634 1307 3755 1362 aliis

2185 1406 2291 1446 non
2323 1392 2650 1462 impertiunt.
2676 1394 2750 1448 De
2775 1397 3112 1464 possessione
3149 1396 3443 1466 sapientiae,
3473 1397 3541 1453 de
3579 1397 3755 1453 libero

2185 1485 2428 1540 arbitrio.
2472 1485 2657 1541 Melius
2710 1502 2829 1542 esse
2874 1489 3052 1543 liberis
3091 1505 3305 1556 carere,
3352 1506 3508 1560 quam
3553 1492 3755 1559 impro-

2183 1577 2279 1632 bos
2325 1578 2539 1635 habere.
2596 1580 2735 1635 Nihil
2772 1582 2939 1636 latere
2991 1582 3177 1636 Deum.
3230 1583 3306 1637 De
3344 1583 3639 1650 creaturis,
3686 1583 3755 1638 de

2183 1668 2411 1724 hominis
2450 1671 2787 1739 formatione,
2820 1674 2888 1729 de
2929 1674 3132 1729 honore
3172 1691 3278 1745 quo
3320 1685 3605 1730 exornatus
3646 1686 3748 1729 est.

2184 1759 2258 1813 De
2291 1761 2404 1830 lege
2438 1761 2580 1827 data,
2609 1762 2676 1817 de
2713 1763 3049 1836 eleemosyna
3092 1774 3147 1819 et
3176 1765 3505 1833 pmnitentia,
3531 1764 3599 1819 de
3628 1765 3754 1819 luxu

2181 1865 2232 1910 et
2256 1856 2466 1910 lascivia
2491 1873 2593 1911 non
2615 1858 3000 1927 amplectenda.
3018 1860 3093 1914 De
3112 1860 3353 1915 custodia
3375 1859 3753 1931 mysteriorum

2182 1960 2275 2000 seu
2306 1962 2640 2013 arcanorum,
2660 1947 2727 2003 de
2754 1950 2901 2003 stulti
2930 1950 3129 2019 pudore
3158 1952 3336 2005 noxio.
3356 1950 3506 2016 Quod
3535 1950 3603 2005 de
3626 1966 3753 2020 pec-

2182 2036 2316 2090 catis
2348 2038 2658 2105 pcenitentia
2693 2039 2763 2093 sit
2787 2040 3013 2110 agenda,
3045 2040 3111 2096 de
3137 2040 3425 2096 ambitione
3450 2048 3506 2095 et
3531 2042 3752 2097 avaritia

2184 2127 2468 2199 fugiendis,
2497 2128 2564 2184 de
2594 2130 2832 2200 sapiente
2860 2140 2912 2186 et
2941 2131 3122 2195 stulto,
3154 2130 3221 2186 de
3251 2131 3355 2185 tilia
3387 2132 3664 2201 petulanti,
3688 2133 3753 2187 de

2183 2219 2628 2275 inconsiderantia
2671 2221 2840 2287 stulti,
2869 2222 2937 2277 de
2980 2231 3157 2277 mente
3204 2223 3375 2286 firma,
3405 2222 3471 2277 de
3517 2238 3624 2278 non
3672 2224 3752 2277 lo-

2183 2309 2394 2378 quendo
2422 2311 2537 2365 sine
2575 2313 2799 2366 cautela.
2831 2312 2905 2367 De
2933 2314 3339 2382 compunctione
3384 2328 3479 2382 pro
3523 2316 3753 2382 peccatis

2185 2400 2445 2467 habenda,
2478 2402 2545 2456 de
2572 2417 2676 2456 non
2717 2404 2962 2473 jurando,
2997 2404 3064 2459 de
3105 2404 3382 2472 sapientia.
3427 2404 3503 2459 De
3530 2405 3753 2459 muliere

2184 2491 2322 2544 mala
2350 2501 2404 2546 et
2434 2493 2591 2559 bona,
2625 2493 2693 2548 de
2720 2496 3151 2565 negotiatoribus,
3179 2495 3248 2550 de
3289 2495 3356 2549 iis
3399 2496 3490 2565 qui
3516 2496 3753 2551 revelant

2184 2597 2399 2638 arcana.
2431 2584 2506 2639 De
2529 2586 2617 2639 illo
2643 2587 2729 2656 qui
2758 2588 2807 2640 in
2838 2587 3023 2641 faciem
3056 2588 3254 2653 laudat,
3286 2597 3430 2643 retro
3452 2588 3654 2643 irridet.
3675 2588 3752 2643 De

2185 2677 2545 2732 condonandis
2574 2680 2817 2748 proximo
2849 2679 3074 2734 delictis.
3121 2680 3194 2735 De
3235 2680 3412 2750 lingua
3449 2681 3651 2746 dolosa,
3683 2680 3753 2736 de

2185 2780 2370 2824 mutuo
2392 2770 2567 2825 dando
2590 2774 2842 2841 proximis
2863 2774 2977 2829 sine
3008 2789 3184 2840 usura,
3200 2775 3291 2828 sed
3315 2775 3587 2845 egentibus
3606 2772 3753 2831 eom-

2186 2861 2470 2916 modando.
2499 2863 2570 2917 De
2596 2862 2883 2918 educandis
2921 2874 3164 2919 accurate
3206 2867 3403 2931 liberis,
3424 2866 3489 2921 de
3519 2867 3748 2935 famulis,

2186 2950 2252 3005 de
2294 2952 2483 3019 brutis,
2514 2954 2580 3008 de
2610 2954 2850 3009 somniis.
2885 2955 2958 3010 De
3006 2957 3311 3012 timentibus
3356 2959 3542 3026 Deum,
3572 2960 3640 3015 de
3667 2974 3752 3014 sa-

2186 3040 2399 3096 crificiis
2424 3058 2490 3097 ex
2517 3043 2792 3113 iniquitate
2820 3046 3002 3115 partis,
3033 3046 3101 3102 de
3142 3048 3496 3104 oblationibus
3555 3067 3622 3106 ex
3671 3050 3753 3120 ju-

2186 3134 2347 3188 stitia.
2379 3135 2451 3190 De
2481 3151 2662 3191 amore
2693 3140 2949 3207 pecuniae,
2981 3140 3047 3195 de
3091 3142 3326 3211 crapula,
3367 3140 3436 3197 de
3476 3143 3749 3198 ebrietate.

2186 3226 2339 3293 Quod
2377 3229 2679 3286 hominibus
2710 3249 2812 3288 una
2850 3243 3051 3288 natura:
3089 3234 3427 3301 constitutio;
3471 3237 3752 3292 voluntatis

2185 3338 2311 3377 vero
2345 3326 2669 3393 propositum
2694 3326 2983 3393 diversum,
3018 3330 3150 3383 alios
3189 3330 3451 3397 benedici,
3480 3332 3612 3387 alios
3637 3348 3753 3386 ma-

2186 3413 2340 3468 ledici
2382 3426 2652 3484 procuret.
2686 3418 2758 3472 De
2782 3420 3060 3485 medicina,
3085 3422 3222 3491 quod
3264 3432 3644 3493 nonoporteat
3667 3423 3753 3477 ni-

2186 3504 2290 3558 mia
2322 3507 2530 3560 tristitia
2556 3509 2741 3563 teneri.
2774 3510 2924 3577 Quod
2945 3521 3179 3581 Oporteat
3208 3528 3238 3566 a
3260 3514 3373 3583 lege
3405 3523 3459 3568 et
3487 3530 3517 3568 a
3551 3514 3751 3583 legibus

2187 3597 2282 3653 Dei
2330 3600 2586 3655 cohiberi.
2640 3602 2715 3657 De
2761 3604 3009 3671 operibus
3057 3606 3180 3665 Dei.
3228 3605 3295 3660 de
3338 3606 3642 3674 suppliciis,
3684 3607 3753 3660 de

2188 3686 2414 3743 humana
2440 3700 2645 3755 natura,
2670 3692 2808 3761 quod
2829 3708 2889 3747 ea
2930 3694 3108 3748 multis
3134 3696 3329 3766 repleta
3356 3696 3425 3750 sit
3445 3697 3677 3752 cmdibus
3699 3705 3755 3751 et

2189 3781 2648 3839 sollicitudinibus.
2696 3784 2771 3839 De
2798 3786 3046 3854 operibus
3076 3786 3189 3841 Dei.

2286 3982 2522 4023 SYNOPSIS
2559 3982 2729 4024 EOBUM
2768 3981 2883 4030 ρυλε
2922 3983 2987 4020 ΑΒ
3025 3982 3159 4021 18Λ1Α
3196 3981 3467 4021 ΡΗΟΡΗΕΤΑ
3506 3981 3661 4021 ΒΙΟΤΔ

2897 4073 3050 4112 SUN'I'.

2265 4218 2545 4278 Accusatio
2573 4214 2780 4272 Israelis
2807 4215 3024 4285 ejusque
3043 4212 3345 4278 calamitas;
3372 4226 3434 4266 ac
3456 4210 3756 4281 reprobatio

2192 4313 2591 4375 sacrificiorum,
2615 4307 3018 4375 adhortatioque
3043 4305 3107 4359 ad
3137 4305 3408 4358 meliorem
3435 4305 3616 4357 vitam.
3638 4302 3763 4358 Pro-

2192 4408 2367 4478 phetia
2388 4405 2454 4461 de
2482 4402 2734 4466 Ecclesia,
2756 4409 2810 4455 et
2828 4399 2895 4455 de
2916 4398 3090 4452 futura
3115 4411 3261 4466 pane.
3291 4395 3570 4450 Accusatio
3596 4393 3768 4449 lsrae-

2194 4500 2280 4564 lis,
2312 4508 2365 4552 et
2389 4496 2560 4550 futura
2582 4491 2808 4548 obsidio.
2840 4488 3118 4544 Accusatio
3145 4486 3451 4541 deliciarum
3485 4500 3673 4539 eorum
3706 4492 3759 4539 et

2193 4588 2471 4657 superbiae.
2495 4582 2812 4653 Reprobatio
2828 4579 3035 4635 lsraelis
3053 4593 3147 4647 per
3160 4578 3326 4632 vineae
3342 4573 3758 4632 similitudinem.

2194 4682 2515 4738 Criminatur
2539 4676 2802 4747 principes
2826 4673 3033 4728 lsraelis
3058 4672 3127 4726 ob
3153 4669 3425 4724 avaritiam
3455 4676 3508 4721 et
3528 4667 3756 4722 ebrieta-

2196 4785 2323 4840 tem,
2369 4773 2496 4841 ipsis
2538 4769 2915 4825 desolationem
2958 4765 3288 4819 vaticinatur.
3331 4762 3559 4815 Minatur
3583 4760 3648 4815 iis
3672 4758 3758 4828 qui

2196 4862 2679 4937 pseudOpropbetas
2707 4858 2978 4929 prophetis
3022 4854 3326 4925 praeferunt.
3370 4854 3638 4907 Ascensus
3668 4850 3760 4905 ho-

2196 4960 2351 5015 stium
2380 4958 2609 5011 illorum.
2637 4952 2902 5006 Visionem
2944 4947 3221 5017 conspicit,
3260 4945 3313 5001 in
3344 4960 3446 5014 qua
3473 4944 3589 5013 ejus
3627 4942 3760 4997 labia

2197 5058 2413 5121 purgata
2436 5048 2600 5102 fuere.
2635 5044 2941 5099 Exercitum
2970 5039 3215 5095 admovet
3239 5038 3495 5108 Syrorum
3524 5050 3620 5091 rex
3643 5048 3760 5090 cum

2196 5140 2445 5197 Israelitis
2487 5146 2672 5192 contra
2718 5133 3032 5198 Jerusalem,
3078 5139 3133 5186 et
3171 5130 3484 5184 vaticinatur
3513 5128 3674 5182 Isaias
3698 5126 3762 5181 de

2196 5232 2428 5299 Christo,
2460 5240 2513 5285 et
2540 5229 2785 5283 vastitate
2804 5225 3117 5291 Jerusalem,
3144 5223 3314 5293 deque
3337 5236 3564 5277 ascensu
3590 5220 3763 5275 Nabu-

2196 5323 2597 5380 chodonosoris.
2628 5319 2909 5389 Prophetia
2937 5316 3005 5371 de
3046 5317 3111 5371 iis
3138 5316 3229 5385 qui
3258 5316 3309 5369 in
3350 5313 3616 5369 Christum
3645 5328 3768 5368 cre-

2198 5419 2356 5473 dituri
2381 5426 2522 5473 sunt.
2546 5417 2619 5470 De
2645 5413 2971 5481 fortitudine,
2998 5411 3243 5482 superbia
3269 5418 3324 5466 et
3342 5409 3577 5479 pernicie
3603 5410 3771 5477 Assy-

2263 5594 2334 5653 (a)
2352 5602 2481 5641 llunc
2504 5591 2659 5640 locum
2691 5590 2889 5651 rcSpicit
2919 5588 2997 5647 14,
3020 5590 3050 5653 5
3071 5588 3205 5638 :Viro
3227 5600 3373 5650 parco
3393 5599 3485 5637 non
3509 5587 3643 5637 bona:
3662 5590 3764 5636 sunt

2200 5652 2565 5706 dit‘itiwa’arcos
2580 5661 2740 5700 autem
2763 5665 2884 5713 eam
2910 5652 3235 5713 vocabant.Est
3249 5663 3367 5698 vero
3385 5662 3464 5711 ορίψ
3482 5662 3641 5713 genus
3658 5660 3762 5713 ver-

2201 5716 2360 5766 niiculi
2384 5714 2647 5764 secundum
2669 5709 2875 5769 Suidam,
2899 5712 3027 5773 quod
3049 5710 3179 5771 ligna
3200 5719 3250 5761 et.
3262 5709 3761 5762 cornua'ebrrodebat.

2205 5783 2317 5827 uiue
2341 5790 2506 5840 parcos
2530 5783 2580 5826 et
2609 5786 2775 5826 avaros
2806 5786 2928 5836 θρῖπας
2952 5781 3196 5823 vocarunt.
