4058 6344
365 340 478 397 375

365 459 448 521 ζει
500 461 743 528 σοφίαν.
802 457 958 513 Κατά
1006 453 1418 522 εἰδωλολατρῶν,
1473 455 1535 505 ἐκ
1582 449 1784 521 χρυσοῦ
1842 447 1934 500 καὶ

364 547 630 619 ἀργύρου,
665 548 698 618 ἢ
749 545 931 607 λίθων,
967 544 1000 613 ἢ
1039 542 1206 608 ξύλων
1239 541 1468 594 εἰδώλων
1503 541 1563 608 (ί.
1591 537 1804 606 εἴδωλα)
1835 553 1937 588 κα-

361 635 882 705 τασκευασαμένων.
912 634 1036 686 ’Ότι
1081 633 1198 683 ἐστὶ
1233 629 1471 700 σωτηρία
1515 627 1603 682 διὰ
1635 626 1792 694 ξύλου
1827 625 1940 685 τοῖς

364 721 704 777 πιστεύουσι.
735 721 832 778 Τά,
865 721 992 792 περὶ
1031 717 1407 781 είδωλοποιῶν,
1450 717 1483 786 ἦ
1524 715 1938 785 ζωγραφοῦντος

362 807 581 865 εἴδωλα.
632 810 766 880 Περὶ
792 810 1006 863 πάντων
1048 807 1154 861 τῶν
1184 805 1367 859 κακῶν
1412 805 1520 857 τῶν
1563 807 1620 856 ἐν
1659 803 1940 856 εἰδωλολα-

360 897 544 968 τρείᾳ.
594 898 730 968 Περὶ
775 897 1004 971 ἀσεϐοῦς
1051 893 1368 966 θρησκείας,
1419 894 1511 945 καὶ
1542 893 1642 945 ὅσα
1689 893 1746 944 ἐν
1799 891 1937 962 αὐτῇ

363 986 535 1040 κακά.
573 985 708 1054 Περὶ
729 983 822 1036 τοῦ
850 982 1158 1054 κεραμέως,
1182 981 1276 1034 καὶ
1301 980 1406 1033 τῶν
1437 978 1756 1050 κεραμικῶν
1787 976 1938 1031 εἰδώ-

360 1071 496 1124 λων.
538 1071 672 1142 Περὶ
706 1071 919 1124 πάντων
947 1069 1055 1123 τῶν
1093 1068 1325 1121 εἰδώλων
1366 1068 1462 1137 τῆς
1497 1066 1604 1120 τῶν
1627 1065 1797 1119 ἐθνῶν
1839 1065 1937 1119 λα·

358 1159 572 1229 τρείας.
607 1160 744 1229 Περὶ
773 1158 882 1212 τῶν
923 1157 1184 1228 ἐχθίστων
1217 1155 1391 1220 ζώων,
1422 1156 1618 1223 ὄφεων,
1650 1154 1933 1223 αἰλούρων,

359 1246 461 1297 καὶ
491 1246 598 1298 τῶν
617 1245 838 1316 ὁμοίων.
865 1245 986 1298 Ὅτι
1010 1245 1376 1314 εὐηργέτησεν
1396 1245 1422 1295 ὀ
1441 1242 1571 1307 Θεὸς
1599 1242 1688 1295 τὸν
1726 1239 1937 1314 Ἰσραήλ

360 1334 488 1388 ἀντὶ
516 1333 798 1406 βατράχων
834 1334 1264 1406 ὀρτυγομήτραν.

823 1517 870 1569 Σ
874 1513 1088 1582 ὐνοψις
1127 1512 1232 1568 τοῦ
1274 1512 1474 1582 Σιράχ.

437 1656 571 1728 Περὶ
598 1655 762 1725 φόϐου
800 1655 936 1709 Θεοῦ
962 1668 1012 1720 ι,
1044 1655 1291 1728 περὶτοῦ
1337 1655 1411 1726 μὴ
1453 1653 1772 1726 θυμοῦσθαι,
1807 1653 1936 1726 περὶ

353 1743 458 1796 τοῦ
487 1744 596 1798 δεῖν
623 1745 790 1815 χωρὶς
817 1744 1155 1816 ὑποκρίσεως
1183 1743 1464 1816 προσιέναι
1492 1743 1630 1814 Θεῷ,
1668 1743 1796 1814 περὶ
1821 1759 1935 1796 πει-

356 1831 591 1903 ρασμῶν
634 1833 729 1884 καὶ
763 1831 1057 1902 ὑπομονῆς,
1087 1831 1214 1900 περὶ
1251 1831 1415 1902 τιμῆς
1447 1832 1546 1900 τῆς
1573 1832 1652 1894 είς
1682 1831 1808 1894 τοὺς
1839 1848 1934 1898 γο-

353 1923 495 1982 νεῖς,
520 1921 646 1990 περὶ
687 1920 1005 1984 ἐπιεικείας,
1037 1920 1163 1989 περὶ
1186 1918 1280 1972 τοῦ
1311 1919 1384 1990 μὴ
1420 1919 1528 1972 δεῖν
1560 1919 1740 1990 ζητεῖν
1764 1918 1930 1989 βαθύ-

352 2024 496 2076 τερα
539 2006 648 2060 τῶν
690 2007 1200 2078 προστεταγμένων,
1250 2007 1378 2077 περὶ
1421 2006 1786 2077 ἐλεημοσύνης
1836 2006 1932 2059 καὶ

350 2093 610 2162 ὀρφανῶν
658 2094 1008 2164 προστασίας.
1059 2095 1194 2164 Περὶ
1251 2095 1462 2162 σοφίας,
1506 2093 1634 2165 περὶ
1671 2093 1930 2164 αἰσχύνης

354 2180 632 2250 βλαϐερᾶς
657 2181 749 2234 καὶ
774 2180 1105 2250 ἐπωφελοῦςο
1125 2181 1294 2234 πολλά
1314 2181 1370 2234 δέ
1397 2198 1462 2232 πε
1472 2180 1522 2250 9)
1543 2182 1640 2250 τῆς
1665 2181 1823 2251 βλαϐε
1833 2182 1931 2251 ρᾶς

350 2267 594 2321 ἐνταῦθα
623 2266 789 2336 λέγει.
835 2269 971 2339 Περὶ
1003 2268 1096 2321 τοῦ
1143 2268 1218 2337 μὴ
1249 2267 1358 2320 δεῖν
1390 2267 1632 2320 δεδόσθαι
1673 2267 1749 2338 τῷ
1779 2268 1930 2339 πόθῳ

349 2357 467 2410 τῶν
495 2356 815 2430 χρημάτων,
846 2358 980 2428 μηδὲ
1009 2357 1214 2412 οἴεσθαι
1234 2358 1541 2428 ἀτιμωρητὶ
1571 2357 1926 2427 ἁμαρτάνειν,

352 2443 465 2496 κᾶν
497 2444 809 2513 παραυτίκα
848 2445 923 2516 μὴ
965 2443 1143 2514 δῶμεν
1188 2444 1282 2515 τὴν
1312 2444 1579 2514 τιμωρίαν
1603 2461 1616 2474 ·
1651 2444 1928 2515 μακρόθυ-

355 2549 463 2603 μσς
496 2533 605 2603 γάρ
633 2532 781 2587 ἐστιν
822 2535 851 2587 ὀ
883 2535 1012 2596 Θεός
1036 2551 1048 2563 ·
1075 2533 1186 2587 δεῖν
1213 2533 1270 2586 δὲ
1299 2533 1646 2600 ἐξιλάσασθαι
1682 2535 1709 2574 b
1742 2535 1923 2589 αὐτόν.

352 2622 496 2691 Περὶ
511 2621 801 2692 φλυαρίας,
816 2639 879 2681 πε
889 2627 938 2692 9)
959 2622 1351 2694 ὑπερηφανίας,
1381 2624 1509 2692 περὶ
1531 2623 1697 2692 φίλων
1711 2624 1927 2694 δοκιμα-

352 2707 642 2777 σίας,περὶ
662 2706 924 2773 παιδείας,
945 2726 1010 2760 πε
1020 2709 1072 2778 9).
1091 2709 1406 2779 ἀκροάσεως
1429 2709 1761 2777 ἐπωφελοῦς.
1789 2711 1926 2780 Περὶ

349 2794 455 2847 τοῦ
489 2797 562 2866 μὴ
591 2796 944 2867 ἁμαρτάνειν,
981 2797 1055 2868 μὴ
1088 2797 1397 2866 ψεύδεσθαι,
1430 2798 1504 2869 μὴ
1532 2798 1810 2870 φλυαρεῖν,
1851 2798 1924 2869 μὴ

349 2883 638 2952 δευτεροῦν
667 2884 821 2952 λόγον
856 2886 915 2936 ἐν
953 2887 1266 2956 προσευχῇ·
1310 2885 1605 2949 τουτέστιν,
1647 2888 1705 2939 ἐν
1742 2879 1822 2949 οἷς
1861 2885 1926 2941 ἂν

354 2969 575 3042 ὑπόσχῃ
589 2971 719 3042 Θεῷ,
745 2973 818 3043 μὴ
839 2971 1066 3044 ὑπέρϐη.
1084 2972 1221 3043 Περὶ
1243 2973 1518 3039 γυναικὸς,
1536 2991 1604 3026 πε
1614 2974 1664 3044 9).
1681 2973 1924 3041 οἰκετῶν,

353 3056 517 3130 [581]
546 3059 669 3129 περὶ
694 3059 924 3130 κτηνῶν,
953 3059 1081 3130 1:59).
1113 3059 1338 3126 τέκνων,
1384 3061 1512 3131 1:59).
1543 3061 1767 3131 πατρὸς,
1800 3063 1926 3132 περὶ

349 3145 459 3214 τῆς
506 3146 642 3200 κατά
674 3146 802 3200 Θεὸν
839 3145 1142 3211 εὐλαϐείας,
1192 3147 1320 3216 περὶ
1363 3149 1461 3218 τῆς
1505 3150 1584 3211 εἰς
1611 3150 1736 3211 τοὺς
1764 3149 1926 3218 ἱερεῖς

345 3231 540 3302 τιμῆς,
573 3233 698 3303 περὶ
732 3233 831 3303 τῆς
875 3234 953 3295 εἰς
984 3233 1109 3296 τοὺς
1152 3234 1522 3303 κακουμένους
1567 3235 1921 3304 ἐπισκέψεως.

347 3321 492 3390 Περὶ
532 3320 626 3373 τοῦ
659 3322 733 3392 μή
786 3321 1075 3392 μάχεσθαι,
1102 3316 1180 3392 ’μὴ
1222 3321 1518 3386 ὀνειδίζειν,
1555 3323 1628 3393 μὴ
1679 3327 1924 3396 παρορᾷν

345 3409 703 3480 διηγημάτων
729 3410 906 3479 σοφῶν
929 3411 1214 3481 γερόντων.
1236 3411 1370 3480 Περὶ
1392 3411 1762 3482 σωφροσύνης,
1794 3415 1923 3484 περὶ

347 3496 554 3564 φιλίας,
585 3499 711 3568 περὶ
734 3497 826 3550 τοῦ
853 3499 925 3569 μὴ
954 3498 1146 3570 ζηλοῦν
1170 3499 1542 3570 ἁμαρτωλούς.
1572 3501 1705 3570 Περὶ
1734 3501 1922 3573 κριτοῦ

347 3584 571 3637 συνετοῦ
605 3587 698 3638 καὶ
729 3587 980 3655 ἄφρονος,
1023 3589 1151 3658 περὶ
1180 3588 1575 3658 ὑπερηφανίας,
1601 3589 1728 3660 περὶ
1751 3591 1923 3644 ἐπιει-

345 3675 526 3736 κείας,
558 3676 686 3744 περὶ
715 3676 809 3728 τοῦ
842 3675 914 3746 μὴ
937 3677 1174 3746 ἀκρίτως
1199 3679 1292 3730 καὶ
1316 3677 1684 3743 ἀνεξετάστως
1713 3678 1919 3749 μέμφε-

347 3761 496 3814 σθαι.
539 3763 672 3832 Περὶ
698 3761 790 3815 τοῦ
818 3763 1173 3830 φυλάττεσθαι
1200 3765 1326 3826 τοὺς
1351 3763 1635 3834 πονηρούς.
1669 3766 1922 3836 Περὶ-τῆς

341 3849 459 3902 τῶν
505 3849 773 3902 πλουσίων
817 3851 1131 3922 θεραπείας,
1161 3847 1230 3924 ἦς
1275 3853 1425 3922 παρά
1479 3852 1688 3905 πολλῶν
1719 3854 1922 3924 τυγχά-

343 3952 522 4002 νουσι,
558 3938 653 3989 καὶ
695 3939 953 4008 περὶτῆς
990 3938 1146 3991 ἐνίων
1191 3939 1372 3992 αὐτῶν
1415 3940 1744 4005 πλεονεξίας.
1787 3943 1922 4014 Περὶ

343 4023 708 4095 μικρολόγων,
739 4024 832 4088 οὓς
878 4025 1074 4097 θρῖπας
1102 4025 1325 4079 καλοῦσι
1350 4038 1397 4091 ο,
1427 4028 1550 4091 τοὺς
1580 4029 1654 4099 μὴ
1703 4030 1921 4099 μεταδι-

337 4112 535 4176 δόντας
556 4114 778 4185 ἐτέροις.
810 4115 946 4186 Περὶ
969 4117 1212 4186 κτήσεως
1244 4117 1451 4185 σοφίας,
1487 4118 1614 4188 περὶ
1641 4117 1734 4170 τοῦ
1764 4119 1921 4171 αὐτε-

338 4201 582 4265 ξουσίου.
635 4203 768 4274 Περὶ
817 4203 913 4256 τοῦ
959 4203 1161 4258 ἄπαιδα
1201 4199 1358 4272 εἶναι,
1409 4205 1441 4276 ἢ
1498 4206 1710 4277 πονηρά
1755 4208 1919 4260 τέκνα

334 4289 513 4361 ἔχειν.
542 4289 661 4342 Ὅτι
701 4290 852 4343 οὐδὲν
891 4290 1140 4346 λανθάνει
1179 4292 1270 4346 τὸν
1302 4293 1452 4347 Θεόν.
1484 4293 1620 4364 Περὶ
1650 4293 1758 4347 τῶν
1799 4312 1918 4347 κτι-

337 4379 591 4448 σμάτων,
617 4378 743 4448 περὶ
771 4379 871 4449 τῆς
898 4379 993 4432 τοῦ
1026 4379 1310 4452 ἀνθρώπου
1338 4381 1607 4448 πλάσεως,
1630 4383 1722 4435 καὶ
1754 4383 1919 4452 τιμῆς

331 4464 409 4539 ἧς
437 4467 693 4538 ἐτιμήθη,
736 4469 872 4540 1159‘:
896 4470 996 4540 τῆς
1019 4469 1114 4522 τοῦ
1154 4469 1318 4540 νόμου
1359 4471 1576 4535 δόσεως,
1612 4473 1737 4541 περὶ
1766 4472 1918 4542 ἐλεη-

338 4553 588 4624 μοσύνης
623 4555 715 4607 καὶ
746 4556 1050 4624 μετανοίας,
1099 4556 1227 4628 1:59).
1270 4554 1366 4610 τοῦ
1400 4558 1473 4626 μὴ
1526 4557 1911 4613 ἀσωτεύεσθαι.

335 4642 484 4712 Περὶ
525 4642 770 4711 φυλακῆς
829 4645 1163 4716 μυστηρίων,
1211 4646 1339 4716 περὶ
1372 4645 1602 4715 ἄφρονος
1656 4646 1914 4715 αἰσχύνης

335 4728 634 4801 βλαϐερᾶς.
670 4730 803 4802 Περὶ
832 4731 925 4783 τοῦ
955 4734 1233 4802 μετανοεῖν
1257 4733 1350 4785 ἐπὶ
1379 4734 1754 4804 ἁμαρτήμασι,
1785 4736 1913 4804 περὶ

333 4819 433 4872 τοῦ
475 4821 548 4890 μὴ
585 4820 940 4883 πλεονεκτεῖν,
969 4821 1099 4891 περὶ
1131 4821 1351 4874 συνετοῦ
1383 4823 1476 4876 καὶ
1507 4823 1758 4893 ἄφρονος,
1785 4824 1915 4893 περὶ

334 4907 611 4977 θυγατρὸς
663 4909 852 4973 θυσίας
890 4909 939 4972 d,
995 4912 1124 4980 1:59).
1167 4910 1495 4982 ἀπροσεξίας
1537 4911 1742 4983 μωροῦ,
1786 4912 1914 4983 1:59).

332 4997 578 5059 διανοίας
603 5001 856 5069 στερρᾶς,
882 5000 1009 5070 1:59':
1033 4999 1127 5053 τοῦ
1152 4984 1226 5071 μῆ
1256 5000 1730 5071 ἀπαραφυλάκτως
1759 5001 1915 5069 φθέγ-

333 5083 553 5151 γεσθαι.
590 5085 724 5156 Περί¹
767 5086 864 5139 τοῦ
903 5087 1327 5141 κατανύττεσθαι
1369 5090 1482 5152 τοῖς
1536 5089 1911 5160 ἁμαρτήμασι,

335 5173 472 5244 περὶ
499 5173 594 5227 τοῦ
643 5175 718 5245 μὴ
757 5175 1004 5246 ὀμνύναι,
1054 5179 1183 5248 περὶ
1228 5176 1438 5246 σοφίας.
1478 5180 1614 5250 H59).
1657 5178 1912 5248 γυναικὸς

335 5263 582 5333 πονηρᾶς
609 5262 703 5315 καὶ
737 5261 968 5332 ἀγαθῆς,
1001 5266 1127 5335 περὶ
1164 5265 1442 5336 ἐμπόρων,
1472 5267 1598 5336 περὶ
1636 5264 1915 5320 ἐκλαλούν-

334 5367 446 5403 των
489 5352 784 5421 μυστήρια.
820 5352 954 5423 1159‘:
985 5351 1080 5405 τοῦ
1116 5355 1194 5416 είς
1224 5353 1513 5424 πρόσωπον
1548 5355 1910 5419 ἐπαινοῦντος,

334 5436 566 5510 ὕστερον
594 5439 653 5492 δὲ
704 5438 1074 5508 χλευάζοντος.
1113 5441 1248 5512 Περὶ
1278 5440 1372 5494 τοῦ
1415 5441 1628 5511 ἀφιέναι
1658 5441 1737 5513 τῷ
1777 5444 1914 5515 πλη-

391 5690 419 5720 ⁸
445 5689 530 5738 Sic
545 5688 654 5737 fere
681 5688 917 5750 Synopsis
941 5689 1203 5743 Athanasio
1228 5693 1419 5744 tributa.

391 5751 422 5794 ³
447 5751 597 5804 Coisl.
626 5750 971 5807 ἐξιλάσκεσθαι.
996 5757 1008 5771 ⁸

1430 333 1760 392 ΒΧἮΟΡΞΙΒ
1795 327 2212 388 56811³ΤοΒῶ
2253 329 2526 386 SACBA'.

2042 445 2154 498 σίον
2185 445 2253 497 τά
2293 448 2370 508 εἰς
2398 446 2557 498 αὐτὸν
2602 445 3066 516 πλημμελούμενα
3101 463 3121 486 ⁸
3142 487 3154 501 .
3189 449 3320 518 Περὶ
3360 451 3607 523 γλώσσης

2037 535 2234 601 δολίας,
2280 536 2526 606 περὶτοῦ
2558 535 2821 598 δανείζειν
2853 537 2931 607 τῷ
2974 537 3221 607 πλησίον,
3256 539 3374 608 οὐχὶ
3419 540 3609 604 τόκους

2038 623 2240 682 λαϐεῖν.
2275 623 2408 676 ἀλλά
2440 625 2633 694 κιχρᾷν
2662 624 2740 694 τῷ
2777 623 3036 694 δεομένῳ.
3075 626 3208 696 Περὶ
3239 626 3329 678 τοῦ
3357 628 3611 698 ὲπιστρό-

2039 727 2156 778 φως
2207 711 2478 765 παιδεύειν
2516 711 2701 776 τέκνα,
2747 713 2876 782 περὶ
2921 712 3163 778 οἰκετῶν,
3201 714 3332 784 περὶ,
3377 712 3606 784 ἀλόγων,

2039 801 2167 870 περὶ
2191 800 2472 855 ἐνυπνίων.
2501 801 2636 872 Περὶ
2661 801 2769 854 τῶν
2801 801 3152 871 φοϐουμένων
3181 802 3272 855 τὸν
3297 803 3449 866 Θεὸν,
3480 807 3608 876 περὶ

2036 887 2143 942 τῶν
2185 887 2245 952 ἐξ
2277 888 2485 952 ἀδικίας
2515 888 2736 955 θυσιῶν,
2782 891 2911 958 περὶ
2944 890 3268 961 προσφορῶν
3298 891 3406 945 τῶν
3436 893 3500 946 ἐκ
3530 893 3607 946 δι-

2036 977 2348 1048 καιοσύνης.
2374 979 2510 1050 Περὶ
2540 979 3077 1051 φιλαργυρίας,’περὶ
3100 980 3451 1053 λαιμαργίας,
3477 987 3606 1055 περὶ

2039 1065 2228 1137 μέθης.
2265 1067 2387 1120 Ὀτι
2429 1069 2462 1138 ἡ
2496 1068 2594 1140 μέν
2627 1067 2938 1139 κατασκευὴ
2984 1068 3083 1138 τῆς
3114 1069 3326 1138 φύσεως
3367 1075 3479 1136 τοῖς
3509 1073 3602 1126 ἀν-

2035 1154 2274 1226 θρώποις
2301 1155 2398 1224 μία
2420 1173 2434 1186 ·
2460 1155 2523 1208 τὸ
2553 1154 2608 1208 δέ
2639 1157 2737 1226 τῆς
2773 1156 3144 1228 προαιρέσεως
3171 1158 3445 1230 διάφορον,
3477 1162 3606 1226 τοὺς

2037 1243 2134 1313 μὲν
2164 1241 2521 1311 εὐλογεῖσθαι,
2552 1243 2677 1307 τοὺς
2707 1244 2764 1297 δὲ
2792 1245 3164 1317 καταραθῆναι
3199 1247 3438 1318 ἐποίησε.
3468 1249 3604 1319 Περὶ

2036 1331 2293 1402 ἰατρείας,
2329 1333 2574 1403 περὶτοῦ
2606 1333 2680 1405 μὴ
2725 1334 2864 1403 ἄγαν
2903 1337 3216 1406 κρατεῖσθαι
3263 1337 3428 1410 λύπῃ.
3466 1337 3603 1410 Περὶ

2029 1419 2124 1472 τοῦ
2152 1419 2258 1472 δεῖν
2283 1420 2362 1492 τῷ
2398 1422 2545 1494 νόμῳ
2594 1422 2687 1475 καὶ
2725 1425 2837 1487 τοῖς
2863 1422 2956 1476 τοῦ
2991 1423 3125 1478 Θεοῦ
3169 1425 3349 1496 νόμοις
3380 1431 3601 1498 κρατεῖ-

2033 1507 2175 1561 σθαι.
2202 1509 2336 1579 Περί
2360 1509 2466 1563 τῶν
2493 1509 2588 1563 τοῦ
2614 1509 2747 1563 Θεοῦ
2785 1510 2980 1582 ἔργων,
3010 1513 3138 1583 περὶ
3166 1513 3278 1567 τῶν
3298 1515 3597 1585 τιμωριῶν,

2030 1595 2158 1665 περὶ
2188 1597 2286 1666 τῆς
2314 1595 2656 1668 ἀνθρωπίνης
2686 1596 2918 1666 φύσεως,
2953 1600 3034 1653 ὅτι
3078 1598 3286 1654 πολλῶν
3311 1601 3597 1673 ἐμπέπλη-

2032 1700 2154 1736 σται
2181 1685 2357 1754 φόνων
2381 1685 2473 1740 καὶ
2496 1686 2808 1758 φροντίδων.
2827 1688 2962 1760 Περὶ
2994 1689 3100 1742 τῶν
3124 1689 3217 1743 τοῦ
3239 1690 3370 1744 Θεοῦ
3398 1691 3595 1763 ἔργων.

2099 1854 2364 1922 Σύνοψις
2387 1853 2503 1908 τῶν
2528 1853 2609 1921 τῷ
2635 1855 2911 1926 προφήτῃ
2950 1857 3160 1926 Ἡσαΐᾳ
3183 1860 3524 1930 εἷρημένων.

2099 2003 2418 2073 Κατηγορία
2453 2003 2547 2057 τοῦ
2585 2004 2797 2075 Ἰσραὴλ
2832 2006 2926 2059 xu).
2955 2008 3228 2078 συμφορὰ,
3265 2010 3358 2063 καὶ
3394 2011 3596 2082 παραί-

2027 2106 2182 2160 τησις
2209 2091 2430 2156 θυσιῶν,
2467 2092 2562 2146 καὶ
2587 2093 2906 2164 παραίνεσις
2931 2093 3196 2164 βελτίονος
3219 2096 3355 2166 βίου.
3385 2101 3597 2170 Προφη-

2025 2178 2140 2230 τεία
2171 2180 2298 2248 περὶ
2322 2181 2424 2250 τῆς
2459 2181 2802 2252 Ἐκκλησίας,
2822 2184 3033 2254 καὶτῆς
3060 2185 3324 2256 ἐσομένης
3352 2188 3591 2259 εἰρήνης.

2027 2265 2342 2336 Κατηγορία
2364 2265 2456 2319 τοῦ
2494 2267 2728 2340 Ἰσραὴλ,
2753 2270 2846 2324 καὶ
2865 2270 3147 2341 πολιορκία
3171 2273 3422 2344 ἐσομένη.
3451 2277 3597 2329 Κατ-

2024 2353 2222 2423 ηγορία
2266 2356 2366 2424 τῆς
2412 2354 2625 2426 τρυφῆς
2674 2357 2852 2410 αὐτῶν
2906 2359 2999 2411 καὶ
3050 2359 3148 2429 τῆς
3198 2361 3592 2432 ὑπερηφανίας.

2037 2439 2298 2512 Ἀποϐολὴ
2351 2441 2442 2494 τοῦ
2485 2442 2697 2514 Ἰσραὴλ
2735 2443 2822 2498 διά
2849 2444 2978 2518 ;τοῦ,
3009 2447 3450 2518 παραδείγματος
3497 2449 3592 2503 τοῦ

2023 2528 2361 2598 ἀμπελῶνος.
2397 2531 2682 2584 Διαϐάλλει
2707 2533 2832 2595 τούς
2855 2531 3118 2603 ἄρχοντας
3142 2533 3234 2586 τοῦ
3277 2536 3490 2606 Ἰσραὴλ
3515 2539 3595 2600 είς

2023 2616 2334 2683 πλεονεξίαν
2369 2619 2463 2672 καὶ
2491 2621 2570 2684 εἰς
2617 2619 2934 2690 μέθην,-.καὶ
2968 2621 3220 2691 προλέγει
3257 2623 3440 2685 αὐτοῖς
3468 2626 3596 2696 ἐρή-

2026 2721 2216 2774 μωσιν.
2233 2706 2343 2758 Καὶ
2358 2706 2572 2760 ἀπειλεῖ
2597 2709 2709 2770 τοῖς
2729 2708 3036 2778 προτιμῶσι
3061 2710 3188 2771 τοὺς
3215 2709 3594 2782 ψευδοπροφή-

2019 2809 2117 2855 τας
2152 2791 2300 2864 [582]
2329 2793 2439 2848 τῶν
2479 2795 2793 2865 προφητῶν.
2827 2797 3045 2860 Ἀνοδος
3067 2796 3174 2849 τῶν
3203 2797 3475 2868 πολεμίων
3501 2799 3597 2852 αὐ-

2019 2881 2148 2934 τῶν.
2186 2881 2320 2953 Ὁρᾷ
2363 2881 2462 2952 τὴν
2512 2882 2801 2948 ὀπτασίαν,
2835 2885 2891 2936 ἐν
2993 2883 3271 2955 ἐκαθάρθη
3320 2887 3484 2940 αὐτοῦ
3526 2889 3595 2940 ςά

2020 2968 2194 3040 χείλη.
2257 2970 2668 3041 Ἐπιστρατεύει
2698 2971 2727 3023 ὀ
2760 2971 2946 3043 Σύρων
3001 2971 3252 3042 βασιλεὺς
3301 2974 3438 3042 μετά
3485 2974 3594 3028 τῶν

2034 3056 2380 3130 Ἰσραηλιτῶν
2408 3057 2501 3110 ἐπὶ
2537 3057 2636 3128 τὴν
2675 3059 3048 3130 Ἰερουσαλὴμ,
3074 3061 3170 3112 καὶ
3199 3061 3531 3130 προφητεύει
3563 3065 3594 3115 ὁ

2032 3145 2258 3207 Ἡσαΐας
2285 3144 2411 3215 περὶ
2439 3144 2533 3197 τοῦ
2569 3145 2826 3216 Χριστοῦ,
2855 3147 2948 3199 καὶ
2983 3147 3110 3219 περὶ
3137 3148 3235 3218 τῆς
3261 3147 3594 3220 ἐρημώσεως

2032 3233 2406 3304 Ἰερουσαλὴμ,
2441 3233 2534 3287 καὶ
2561 3235 2689 3304 1:59).
2734 3234 2834 3304 τῆς
2874 3236 3069 3291 ἀνόδου,
3105 3234 3588 3310 Ναϐουχοδονόσορ.

2020 3321 2332 3390 Προφητεία
2378 3321 2486 3373 τῶν
2514 3321 2593 3383 είς
2634 3322 2868 3392 Χριστὸν
2903 3323 3285 3378 πιστευόντων.
3325 3325 3462 3395 Περὶ
3493 3326 3591 3396 τῆς

2023 3407 2200 3478 ἰσχύος
2225 3407 2320 3461 καὶ
2347 3408 2722 3479 ὑπερηφανίας
2747 3410 2840 3462 καὶ
2859 3410 3132 3474 ἀπωλείας
3151 3411 3244 3466 τοῦ
3283 3411 3587 3484 ⁹Λσσυρίου.

2020 3496 2155 3564 Περὶ
2174 3496 2280 3548 τῶν
2310 3496 2670 3550 πιστευόντων
2698 3495 2941 3567 Χριστῷ,
2970 3499 3098 3569 1:59).
3125 3499 3224 3569 τῆς
3255 3501 3393 3554 κατά
3415 3501 3591 3572 σάρκα

2018 3587 2324 3653 γεννήσεως
2353 3583 2446 3636 τοῦ
2475 3584 2712 3655 Χριστοῦ
2734 3603 2748 3616 ο
2774 3585 2900 3656 περὶ
2931 3585 3048 3654 τῆς.
3065 3586 3174 3640 τῶν
3206 3588 3286 3650 εἰς
3314 3588 3474 3641 αὐτὸν
3497 3606 3590 3642 πι-

2020 3673 2314 3726 στευόντων
2340 3672 2661 3735 ἐπιεικείας.
2701 3672 2997 3727 ’Δπώλειαν
3022 3674 3338 3740 Βαϐυλῶνος
3361 3679 3454 3731 καὶ
3479 3677 3590 3732 τῶν

2017 3759 2326 3828 ἀλλοφύλων
2366 3759 2716 3831 προφητεύει.
2777 3759 3047 3816 ’Λπώλεια
3087 3760 3408 3816 Μωαϐιτῶν.
3455 3765 3590 3836 Περὶ

2016 3847 2252 3918 Χριστοῦ
2309 3848 2634 3920 προφητεία.
2675 3847 2940 3902 Ἀπώλεια
2991 3850 3304 3920 Δαμασκοῦ,
3350 3853 3444 3905 καὶ
3493 3853 3586 3906 τοῦ

2029 3935 2243 4005 Ἰσραὴλ
2277 3935 2531 4007 συμφορά
2563 3935 2658 3989 καὶ
2699 3936 2958 4006 σωτηρία.
2999 3937 3264 3991 Ἀπώλεια
3293 3939 3586 4006 Αἰγύπτου.

2032 4023 2345 4094 Ἀλληγορεῖ
2369 4023 2609 4076 κάκωσιν
2637 4025 2718 4087 είς
2755 4023 2822 4077 τά
2849 4024 2972 4094 ἔθνη
3011 4025 3090 4079 τά,
3113 4025 3188 4096 μὴ
3228 4026 3587 4082 πιστεύσαντα

2016 4109 2094 4180 τῷ
2118 4111 2328 4182 Κυρίῳ,
2351 4111 2446 4164 καὶ
2467 4113 2546 4174 είς
2566 4110 2662 4181 τὴν
2687 4111 2963 4181 ἐρήμωσιν
2989 4112 3086 4181 τῆς
3106 4112 3359 4174 ἀσεϐείας
3383 4114 3582 4169 αὐτῶν.

2017 4198 2310 4251 Κελεύεται
2353 4199 2576 4262 Ἡσαΐας
2611 4199 2816 4268 γυμνὸς
2858 4200 3247 4270 περιπατῆσαι.
3293 4202 3585 4272 Ἐπιστραο

2014 4286 2133 4340 τεία
2162 4287 2361 4356 Μήδων
2395 4288 2487 4339 καὶ
2537 4287 2888 4340 Βαϐυλωνίων
2934 4289 3196 4359 γενομένη
3237 4290 3375 4343 κατά
3427 4290 3585 4342 Ἰδου-

2018 4375 2182 4443 μαίας
2203 4375 2298 4428 xu)
2326 4374 2603 4444 Ἀραϐίας.
2633 4374 2924 4445 Πολιορκία
2953 4376 3354 4446 Ἰερουσαλὴμή
3384 4378 3582 4447 ἐσχάτη

2013 4461 2118 4513 ὑπὸ
2149 4461 2639 4531 Ναϐουχοδονόσορ.
2667 4461 2976 4534 Πρόρρησις
2999 4461 3075 4532 τῷ
3101 4463 3302 4534 Σωμνᾷ.
3319 4463 3396 4534 τῷ
3415 4465 3585 4537 ταμίᾳ

2013 4549 2141 4618 περὶ
2170 4549 2266 4618 τῆς
2311 4547 2604 4611 ἀπωλείας.
2635 4551 2699 4602 Οἱ
2727 4549 2784 4602 δὲ
2810 4549 3019 4619 ταμίαι,
3062 4551 3358 4617 τουτέστιν,
3395 4554 3443 4604 οἰ
3487 4553 3586 4620 φύ-

2011 4635 2172 4700 λακες
2201 4635 2309 4689 τῶν
2322 4639 2378 4688 ἐν
2397 4636 2473 4706 τῷ
2492 4635 2619 4706 ἱερῴ
2635 4636 2949 4707 χρημάτων,
2972 4637 3076 4690 ἀπὸ
3086 4637 3191 4691 τῶν
3217 4639 3406 4709 ἱερέων
3424 4635 3580 4710 ἦσαν.

2023 4722 2291 4777 Ἀπώλεια
2340 4722 2538 4794 Τύρου,
2578 4725 2672 4776 καὶ
2716 4725 2748 4793 ἡ
2793 4724 2930 4792 μετά
2981 4725 3150 4778 ταῦτα
3197 4728 3457 4798 σωτηρία,
3490 4731 3584 4781 καὶ

2010 4813 2138 4882 περὶ
2163 4809 2273 4864 τῶν
2299 4810 2651 4881 -Ἐκκλησιῶν
2672 4809 3064 4882 ἀλληγορικῶς.
3113 4813 3380 4866 Ἀπὼλεια
3415 4815 3586 4866 Βαϐυ-

2007 4901 2174 4965 λῶνος
2209 4900 2313 4956 ὑπὸ
2343 4901 2562 4972 Μήδων,
2585 4901 2679 4954 καὶ
2702 4901 2790 4953 ἐπ’
2828 4902 2964 4973 αὐτῇ
2998 4902 3313 4974 εὐχαριστία
3354 4903 3430 4967 τῷ
3464 4904 3582 4972 Θεῷ

2071 5083 2101 5150 οι
2119 5079 2261 5150 Hunc
2281 5081 2441 5148 lopum
2467 5080 2685 5141 respicit,
2715 5079 2790 5150 μ,
2820 5081 2850 5128 5
2883 5095 2894 5128 :
2915 5081 3046 5150 ἀνδρί
3074 5079 3340 5150 μικρολργῳ
3364 5079 3418 5126 οὑ
3439 5079 3583 5150 καλὸς

2007 5144 2032 5189 ὁ
2051 5140 2268 5197 πλοῦτος
2294 5140 2400 5204 piro
2422 5140 2571 5204 parci)
2593 5155 2685 5190 non
2711 5143 2844 5193 bona:
2862 5148 2970 5192 sunt
2989 5140 3188 5204 divitiaé.
3216 5140 3392 5204 Pareos
3415 5147 3580 5204 augeam

2007 5204 2168 5266 θρῖπας
2193 5202 2441 5253 vocabant
2467 5203 2556 5252 Est
2580 5217 2695 5252 vero
2717 5205 2823 5266 θρίψ
2841 5217 3011 5266 genus_
3035 5203 3286 5266 νει-ιηίςυιί
3310 5203 3581 5250 secundum
3655 5254 3658 5258 ,

2005 5263 2222 5323 Suidam,
2246 5266 2375 5326 quod
2398 5267 2528 5326 ligna
2550 5271 2601 5313 et
2640 5263 2818 5314 coniui:
2844 5263 3149 5314 éorrodebat.
3173 5263 3301 5326 Hinc
3330 5271 3580 5322 parcoset

2009 5339 2178 5433 ξνῖτρο
2219 5324 2382 5389 θρῖπας
2421 5324 2673 5376 iocatum.
2719 5326 3030 5386 Hesychius:
3059 5326 3183 5389 θρίψ,
3217 5324 3456 5386 γλίσχρος,
3482 5341 3582 5387 φει-

2012 5405 2076 5433 »ω
2108 5405 2175 5433 οε.

2009 5388 2175 5437 δωλὸς.

2069 5405 2404 5516 Ξῖῗὲεθηάυω
2418 5449 2660 5516 θρασείας,
2683 5454 2739 5516 ιιι
2765 5451 2824 5516 -ὶιι
2845 5446 3054 5516 ξγῐιορεί
3075 5459 3185 5506 quae
3207 5447 3473 5516 .Alhzygasig
3488 5449 3582 5516 μεὶ-

2008 5508 2254 5566 ερτὶὺὶῑιὶπ,
2280 5524 2389 5571 qua:
2412 5508 2649 5571 Sj'nopsis
2685 5513 2734 5558 in
2765 5508 3158 5571 Ecclqsiaslipum
3180 5509 3294 5571 οἰνος
3317 5509 3582 5558 Sim-idem

2012 5573 2204 5632 longior
2227 5567 2333 5634 haé,
2372 5567 2524 5634 [νουσα
2550 5567 2696 5634 habet
2721 5572 2780 5620 ad
2806 5567 3022 5634 verbum_
3051 5569 3128 5634 hi_s
3150 5568 3344 5634 gimilia.
3369 5573 3582 5634 prteru-

2013 5631 2120 5692 runi
2141 5646 2259 5681 vero
2284 5631 2514 5682 librbrum
2542 5633 2792 5692 Synopses
2816 5637 2916 5679 [om
2939 5631 3059 5677 calo
3089 5631 3342 5680 dilferunt.
3368 5631 3431 5679 In.
3448 5634 3583 5680 Sira-

2009 5690 2120 5743 cide
2136 5697 2341 5757 jegilur,
2366 5696 2504 5753 22,5,
2527 5690 2706 5754 πατέρα
2726 5694 2805 5741 καὶ
2831 5692 2975 5754 ἄνδρα
3000 5693 3305 5755 καταισχύνει
3323 5695 3578 5757 ἡθρασεῐια.

2079 5759 2103 5784 ⁵
2129 5755 2276 5806 Foile
2300 5757 2743 5819 πεπλημμελημένοι.
