4102 6322
345 413 445 470 377

345 528 427 582 rii.
458 527 534 582 De
564 525 630 580 iis
656 525 745 595 qui
773 525 829 579 in
855 523 1124 579 Christum
1150 521 1402 578 credituri
1430 529 1574 586 sunt,
1596 519 1663 572 de
1690 532 1915 587 genera-

344 623 485 676 tione
507 620 703 674 Christi
729 619 1019 675 secundum
1035 632 1248 672 carnem
1269 635 1282 670 :
1297 615 1365 670 de
1380 612 1785 669 mansuetudine
1800 626 1919 666 cre-

341 715 578 770 dentium
609 712 662 766 in
702 726 844 767 eum.
876 711 1169 765 Perniciem
1200 707 1487 778 Babylonis
1515 715 1568 760 et
1593 705 1918 774 alienigena-

339 825 456 864 rum
480 807 818 861 vaticinatur.
854 805 1123 859 Pernicies
1168 802 1532 857 Moabitarnm.
1588 801 1660 854 De
1707 798 1919 854 Christo

343 899 640 970 prophetia.
688 898 958 952 Pernicies
1002 895 1264 957 Damasci,
1313 905 1368 948 ct
1406 892 1618 948 Israelis
1645 892 1919 946 calamitas

339 1002 498 1062 atque
527 990 688 1044 salus.
715 989 981 1043 Pernicies
1006 985 1240 1057 1Egypti.
1270 985 1371 1039 Per
1397 985 1699 1054 allegoriam
1729 982 1918 1052 pra:di-

339 1085 409 1138 cit
431 1097 696 1137 aerumnas
724 1081 968 1149 gentibus
990 1096 1107 1148 qua:
1135 1078 1357 1132 Domino
1375 1093 1478 1131 non
1500 1075 1844 1139 crediderint,
1865 1083 1920 1129 ct

338 1175 404 1229 de
434 1174 704 1242 impietate
747 1188 930 1227 eorum
963 1170 1306 1240 proﬂiganda.
1353 1169 1572 1223 anetur
1610 1168 1771 1222 Isaias
1814 1182 1916 1221 nu-

339 1267 434 1319 dus
453 1265 745 1319 ambulare.
770 1263 971 1317 Bellum
994 1261 1267 1316 Medorum
1290 1271 1344 1315 et
1368 1260 1778 1330 Babyloniorum
1797 1274 1918 1312 con-

341 1370 417 1412 tra
446 1358 731 1411 Idnmaeam
762 1366 815 1410 et
842 1356 1109 1409 Arabiam.
1145 1355 1418 1408 Postrema
1460 1352 1665 1406 obsidio
1702 1350 1916 1406 Jeroso—

337 1453 492 1522 lymze
518 1466 549 1505 a
577 1448 1112 1504 Nabuchodonosore.
1132 1445 1412 1500 Praedictio
1427 1445 1637 1499 Summe
1660 1445 1918 1514 penuario

336 1544 402 1598 de
445 1542 680 1611 pernicie
722 1540 856 1608 ejus.
901 1538 1146 1594 Peuuarii
1187 1547 1386 1600 autem,
1434 1536 1486 1590 id
1526 1544 1626 1597 est,
1667 1534 1916 1589 custodes

337 1636 678 1706 pecuniarum
710 1635 763 1688 in
793 1632 1010 1701 templo,
1033 1647 1099 1686 ex
1125 1629 1462 1685 Sacerdotum
1489 1642 1712 1682 numero
1740 1636 1911 1682 erant.

337 1727 606 1782 Pernicies
637 1725 782 1796 Tyri,
810 1734 863 1779 et
883 1723 1026 1777 salus
1049 1732 1251 1791 postea,
1282 1720 1453 1790 deque
1484 1719 1740 1774 Ecclesiis
1779 1719 1913 1774 alle-

334 1820 534 1888 gorice.
567 1817 835 1872 Pernicies
865 1815 1146 1885 Babylonis
1174 1829 1205 1866 a
1231 1812 1413 1874 Medis,
1450 1820 1505 1866 et
1535 1827 1629 1880 pro
1671 1811 1757 1864 illa
1789 1827 1912 1881 gra-

336 1913 528 1966 tiarum
569 1910 707 1963 actio
738 1907 848 1962 Deo
891 1923 982 1976 per
1021 1905 1353 1975 prephetam.
1391 1903 1673 1972 Prophetia
1696 1904 1764 1958 de
1791 1919 1911 1958 cre-

333 2001 580 2056 dentibus
601 2001 653 2055 in
673 1999 963 2063 Christum,
985 1999 1051 2054 de
1067 1998 1260 2052 diaboli
1281 1997 1512 2066 pernicie
1535 2011 1627 2066 per
1641 1994 1913 2049 Christum

337 2102 514 2160 parta:
547 2093 615 2147 de
639 2091 836 2147 Christi
866 2089 1158 2145 secundum
1186 2105 1400 2144 carnem
1431 2088 1692 2142 adventu:
1717 2087 1785 2142 de
1811 2085 1914 2143 ﬁde

334 2187 382 2239 in
409 2184 708 2240 Christum.
742 2187 1033 2238 Accusatur
1048 2181 1230 2244 Israel,
1257 2180 1395 2250 quod
1413 2195 1561 2248 spem
1587 2194 1734 2233 suam
1755 2194 1785 2232 a
1803 2179 1913 2232 Deo

332 2278 591 2341 avellens,
625 2276 770 2329 illam
798 2277 848 2328 in
871 2273 1151 2345 Egyptios
1167 2272 1523 2328 transtulerit:
1551 2272 1754 2340 ipsique
1774 2271 1912 2324 mala

332 2366 775 2436 przenuntiantnr,
823 2381 885 2420 ac
927 2375 1106 2434 postea
1137 2379 1223 2419 res
1252 2364 1518 2419 secundm.
1553 2362 1754 2417 Eodem
1795 2362 1913 2416 loco

333 2459 607 2528 pmphetia
632 2458 854 2512 habetur
873 2457 940 2512 de
959 2456 1155 2512 Christi
1181 2456 1438 2519 Ecclesia,
1466 2456 1534 2509 de
1558 2455 1912 2510 conversione

329 2551 563 2618 gentium
586 2550 652 2604 ad
677 2548 967 2615 Christum,
995 2561 1048 2604 et
1068 2549 1135 2603 de
1158 2548 1406 2602 vastitate
1431 2547 1906 2616 Jerosolymorum.

330 2643 404 2695 De
435 2641 692 2696 Ecclesia:
717 2641 956 2704 historia,
981 2655 1098 2709 qua:
1126 2640 1297 2709 primo
1316 2648 1603 2706 conspectu
1626 2637 1908 2691 [dammam

327 2743 380 2789 et
406 2733 703 2788 Jerusalem
736 2734 971 2802 respicit,
1017 2732 1110 2786 sed
1155 2747 1249 2800 per
1289 2745 1562 2800 anagogcn
1607 2729 1720 2784 sive
1750 2728 1910 2783 redu-

330 2828 580 2887 ctionem,
634 2827 1014 2880 desolationem
1055 2823 1359 2879 Judaeorum
1408 2833 1460 2877 et
1505 2821 1908 2891 prosperitatem

329 2919 583 2974 Ecclesia:
607 2918 823 2972 Christi.
863 2917 1091 2971 Ilistoria
1121 2916 1187 2970 de
1215 2913 1579 2969 Senacherim.
1625 2911 1909 2981 Prophetia

329 3012 396 3064 de
416 3011 620 3065 Joanne
649 3011 1002 3072 Prtecursore,
1032 3017 1087 3063 et
1113 3008 1180 3063 de
1207 3009 1271 3062 iis
1296 3008 1384 3077 qui
1411 3007 1463 3060 in
1489 3006 1756 3060 Christum
1786 3019 1907 3058 cre-

329 3105 491 3158 dituri
523 3115 692 3158 erant.
728 3105 820 3158 Dei
849 3104 1102 3174 potentia:
1126 3101 1530 3165 demonstratio,
1559 3109 1608 3153 et
1641 3099 1909 3154 accusatio

332 3197 562 3260 lsraelis,
608 3205 663 3250 ut
702 3195 837 3250 idola
869 3195 1114 3260 colentis,
1147 3192 1584 3248 commemoratio
1615 3191 1906 3246 hcneﬁcio~

327 3305 438 3340 rmn
461 3287 657 3356 populo
673 3288 1006 3341 collatorum.
1031 3288 1102 3340 De
1123 3286 1482 3341 ecclesiastica
1508 3286 1904 3348 constitutione,

324 3379 491 3448 deque
511 3380 774 3432 idolorum
809 3380 1130 3432 inlirmitatc.
1160 3379 1236 3432 De
1259 3378 1471 3432 Christo
1499 3376 1795 3446 pr0phctia,
1814 3376 1908 3430 de-

323 3486 424 3537 que
451 3471 515 3524 iis
542 3470 634 3540 qui
667 3471 716 3523 in
748 3471 918 3538 ipsum
945 3470 1196 3524 credituri
1223 3479 1392 3524 erant.
1413 3469 1592 3523 lsraeli
1622 3469 1909 3537 exprobrat

323 3573 664 3632 peccatorum
695 3576 876 3615 causa.
905 3562 994 3617 Ait
1027 3562 1096 3615 ob
1123 3577 1305 3616 eorum
1332 3562 1786 3630 inobsequentiam
1814 3575 1906 3614 ca-

326 3652 587 3708 lamitates
609 3652 738 3722 ipsis
758 3653 929 3707 illatas
955 3653 1134 3707 fuisse.
1162 3653 1236 3707 De
1251 3652 1353 3706 ﬁde
1375 3653 1426 3705 in
1443 3652 1733 3706 Christum.
1753 3651 1906 3718 Quod

323 3745 574 3814 pepulnm
607 3759 712 3798 non
742 3744 1042 3798 sacriﬁcare
1082 3743 1404 3813 permiserit,
1447 3751 1501 3797 et
1536 3742 1676 3811 quod
1704 3743 1905 3796 cultum

323 3836 466 3890 illum
500 3852 598 3904 per
625 3835 885 3889 sacriﬁcia
915 3850 1020 3888 non
1050 3836 1244 3904 exigat.
1273 3833 1403 3888 Item
1435 3833 1711 3903 pr0phetia
1751 3833 1819 3888 de
1841 3833 1906 3888 iis

319 3927 408 3996 qui
436 3929 486 3982 in
517 3927 796 3982 Christum
826 3925 1076 3980 credituri
1106 3937 1276 3979 erant.
1313 3925 1712 3979 Demunstratio
1739 3924 1907 3978 imbe-

318 4023 552 4079 cillitatis
577 4020 869 4084 idolorum,
895 4028 950 4075 et
969 4021 1059 4076 Dei
1078 4020 1326 4090 potentia:
1344 4021 1603 4089 probatio.
1635 4020 1905 4074 Pernicies

319 4115 629 4186 Babylonis.
662 4122 717 4168 et
742 4113 808 4168 de
831 4113 1022 4167 duritia
1047 4113 1221 4168 cordis
1244 4113 1545 4167 Judzeorum
1568 4111 1904 4166 demonstra-

319 4208 409 4267 tio,
440 4221 505 4260 ac
527 4206 598 4260 de
631 4204 787 4258 bonis
813 4204 973 4258 rebus
1010 4203 1302 4271 prophetia.
1339 4203 1412 4256 De
1440 4203 1648 4256 Christo
1680 4202 1907 4271 prophe-

320 4301 384 4350 tia
415 4307 469 4352 et
491 4295 795 4352 consolatio
811 4295 1174 4364 Jerosolymm.
1207 4295 1280 4348 De
1305 4295 1558 4362 apostolis
1580 4305 1635 4348 et
1662 4294 1729 4348 de
1751 4292 1907 4348 Chri-

318 4399 398 4443 sto
423 4388 732 4458 prophetia.
765 4387 840 4440 De
869 4385 1062 4441 Christi
1090 4385 1380 4441 secundum
1421 4401 1636 4440 carnem
1668 4395 1809 4450 ortu,
1837 4385 1905 4440 de

317 4482 588 4548 passione,
614 4479 1023 4540 resurrectione,
1055 4477 1193 4532 etde
1218 4477 1556 4531 multitudine
1576 4476 1903 4532 credentium

319 4574 372 4625 in
401 4573 596 4640 ipsum.
635 4572 715 4624 De
742 4568 957 4624 Christo
996 4570 1156 4624 simul
1197 4580 1250 4624 et
1279 4570 1346 4624 de
1390 4571 1586 4624 Israele
1614 4569 1902 4624 secundum

319 4665 621 4730 historiam,
650 4663 941 4720 secundum
963 4679 1232 4732 anagogen
1254 4678 1378 4716 vero
1395 4664 1460 4717 de
1488 4662 1827 4717 credentibus
1853 4662 1904 4716 in

318 4758 609 4812 Christum.
647 4757 931 4810 Accusatio
953 4754 1259 4810 Judzeorum
1290 4755 1601 4809 idololatriae
1627 4754 1903 4823 causa,je-

314 4849 558 4920 juniique
587 4864 778 4903 eorum
808 4848 1128 4916 reprobatio,
1169 4849 1413 4915 aliusque
1453 4845 1640 4915 jejunii
1671 4844 1905 4898 melioris

317 4941 634 4998 declaratio.
685 4940 886 4994 Deinde
915 4943 1181 4994 accusatio
1221 4940 1525 4993 dolosorum
1565 4955 1809 5009 operum,
1853 4948 1906 4992 et

318 5035 672 5088 consiliorum
701 5031 1031 5094 earumdem,
1055 5046 1116 5085 ac
1147 5029 1420 5099 prophetia
1461 5030 1528 5084 de
1563 5029 1907 5084 credentibus

321 5125 369 5176 in
395 5124 699 5178 Christum.
732 5121 1012 5190 Prophetia
1037 5121 1103 5174 de
1129 5122 1357 5183 Christo,
1383 5131 1436 5175 et
1459 5121 1525 5175 dc
1545 5122 1907 5176 curationibus

319 5219 622 5271 animarum
656 5224 710 5270 et
736 5229 1018 5282 corporum
1057 5215 1124 5268 ab
1159 5215 1275 5282 ipso
1304 5215 1548 5283 peractis.
1577 5215 1750 5285 deque
1778 5230 1908 5284 apo-

317 5311 465 5363 stolis
484 5317 630 5365 etde
652 5307 871 5377 reliquis
894 5308 944 5361 in
969 5311 1138 5375 ipsum
1159 5307 1514 5361 credentibus.
1539 5307 1614 5361 De
1637 5307 1904 5378 passione.

320 5399 386 5454 Et
405 5399 681 5455 confessio
707 5400 1000 5468 prophetae,
1031 5399 1179 5467 quasi
1209 5414 1268 5455 ex
1298 5413 1521 5466 persona
1544 5399 1752 5467 populi;
1777 5413 1906 5452 con-

317 5493 504 5547 futatio
535 5508 564 5545 a
596 5490 828 5544 Domino
856 5491 1091 5558 ipsorum
1138 5488 1545 5554 incredulitatis,
1585 5493 1907 5559 assumptio—

317 5601 418 5656 que
447 5581 788 5639 credentium
820 5582 874 5641 in
900 5581 1068 5644 illum,
1099 5589 1152 5634 et
1175 5580 1441 5633 accusatio
1470 5580 1782 5634 idololatria:
1808 5580 1904 5634 Ju-

319 5679 583 5732 daaorum.
618 5676 696 5728 De
722 5673 1062 5729 credentibus
1088 5688 1153 5726 ex
1181 5671 1377 5726 Juda:is
1403 5673 1453 5726 in
1498 5672 1774 5725 Domimnn
1807 5686 1904 5725 no-

317 5779 483 5823 strmn
526 5767 720 5822 Jesum
747 5764 1036 5817 Christum.
1085 5764 1367 5819 Accusatio
1393 5779 1575 5819 eormn
1602 5765 1688 5835 qui
1718 5763 1907 5818 futura:

320 5868 438 5918 vita:
469 5880 578 5916 non
613 5857 982 5913 crediderunt.

1435 402 1758 461 SYNOPSIS
1795 399 2204 457 SCRIPTUM
2238 403 2506 462 SACIUE.

2183 557 2416 597 δῐΝοιδειε
2455 561 2654 609 EOBUII,
2696 564 2814 610 ρυλε
2849 565 2897 602 IN
2929 566 3150 606 JEREﬂlA
3181 567 3450 612 ΡΒΟῙἯΕΤΔ

2678 634 2956 674 DICUNTUB.

2098 767 2381 824 Prmdictio
2426 772 2686 826 malorum
2735 791 2854 844 qua:
2896 792 2989 844 per
3035 778 3608 836 Nabuchodonosorem

2026 859 2206 914 lsraeli
2237 872 2491 917 eventura
2522 873 2663 919 sunt.
2691 865 3012 935 Redargntio
3037 869 3351 925 idololatria:
3377 873 3605 938 Israelis,

2025 959 2079 1005 et
2107 955 2543 1009 commemoratio
2573 955 2950 1011 beneﬁciorum
2985 960 3076 1013 Dei
3107 976 3230 1032 erga
3260 963 3397 1026 illos,
3425 976 3475 1018 et
3499 982 3610 1018 tua-

2026 1042 2216 1107 lorum,
2245 1060 2362 1113 qua:
2383 1046 2522 1116 passi
2542 1057 2662 1100 sunt
2683 1049 2822 1117 quod
2845 1049 3106 1120 ngyptiis
3126 1052 3280 1108 ﬁdem
3305 1055 3601 1110 habuerint.

2024 1134 2288 1188 [dolorum
2335 1137 2654 1191 inﬁrmitatis
2700 1139 3101 1208 demonstratio,
3157 1153 3210 1196 ct
3264 1146 3610 1214 reprehensio

2023 1227 2376 1283 Israelitarum
2408 1230 2476 1284 ob
2503 1230 2760 1286 lmmanas
2791 1234 3052 1287 victimas.
3083 1235 3290 1292 lsraelis
3315 1243 3604 1306 accusatio,

2022 1331 2074 1374 et
2099 1337 2159 1374 ex
2189 1324 2588 1388 comparatione
2619 1341 2737 1378 cum
2773 1327 2868 1380 illo
2894 1327 3044 1381 Judze
3075 1331 3334 1385 scelerum
3377 1349 3606 1404 exsupe-

2021 1413 2189 1465 rantia
2247 1415 2624 1485 prmdictioqne
2674 1417 2934 1473 bonormu
2986 1420 3186 1484 lsracli,
3233 1424 3276 1478 si
3319 1441 3606 1484 conversus

2022 1505 2178 1558 fuerit
2207 1507 2270 1559 ad
2305 1508 2469 1563 Deum
2505 1526 2517 1561 :
2564 1513 2690 1564 item
2734 1512 3002 1566 confessio
3031 1515 3324 1584 propheta),
3355 1521 3504 1588 quasi
3535 1539 3600 1575 ex

2022 1609 2245 1663 persona
2279 1598 2478 1667 populi.
2509 1601 2775 1655 Ascensus
2809 1603 3239 1673 Babyloniorum,
3262 1619 3312 1661 et
3333 1609 3602 1679 prOpheta:

2021 1685 2328 1740 lamentatio
2356 1689 2421 1742 dc
2462 1688 2636 1743 futura
2665 1693 2979 1756 vastatione,
3032 1694 3300 1764 ipsiusque
3344 1700 3605 1756 vastitatis

2019 1777 2324 1847 descriptio.
2363 1781 2644 1835 Accusalio
2692 1785 2893 1854 populi,
2925 1785 3064 1854 quod
3114 1787 3316 1842 nullum
3363 1789 3606 1846 habuerit

2018 1867 2088 1922 ita
2115 1869 2336 1938 justum,
2369 1881 2425 1925 ut
2455 1873 2584 1926 iram
2618 1875 2713 1928 Dei
2744 1877 2998 1944 placaret,
3032 1887 3085 1932 et
3112 1882 3357 1949 nequitia:
3391 1883 3599 1936 illorum

2018 1959 2421 2017 demonstratio.
2455 1964 2604 2030 Quod
2630 1965 2924 2022 Jerusalem
2954 1985 3056 2022 non
3088 1971 3279 2024 debeat
3304 1989 3399 2042 per
3426 1973 3601 2028 Nalm-

2017 2053 2439 2110 chodonosorem
2472 2073 2499 2109 a
2528 2057 2888 2114 fundamentis
2909 2061 3163 2116 subverti.
3200 2065 3468 2120 Ascensus
3500 2067 3600 2120 Ba-

2018 2144 2440 2215 byloniorum,et
2469 2153 2738 2204 accusatio
2762 2152 3181 2222 inobsequentia:
3208 2156 3439 2225 lsraelis,
3460 2161 3598 2228 quod

2017 2253 2122 2292 non
2146 2240 2494 2294 sustinuerint
2513 2241 2696 2296 audire
2720 2242 3052 2310 prophetam.
3074 2247 3353 2300 Accusatio
3377 2250 3610 2314 μευιιιιιεη,

2017 2330 2395 2399 prophetarum
2418 2333 2504 2401 qui
2537 2332 2789 2402 populum
2805 2333 3174 2404 decipiebant:
3201 2336 3428 2392 .leremia
3453 2357 3601 2393 nam-

2015 2437 2120 2491 que
2147 2423 2376 2487 dicente,
2426 2423 2624 2477 bellum
2656 2423 2790 2490 fore,
2841 2426 2942 2494 ipsi
2973 2426 3218 2481 dicebant
3249 2428 3362 2484 fore
3392 2446 3597 2497 pacem.

2015 2513 2340 2584 Reprobatio
2369 2517 2769 2582 sacriﬁciorum,
2799 2527 2852 2571 et
2876 2532 3126 2574 ascensus
3159 2519 3454 2590 Babylonii,
3483 2525 3595 2576 aui-

2015 2609 2195 2677 miqne
2220 2608 2438 2663 rebellis
2467 2609 2771 2664 Judarorum
2792 2610 3104 2665 confutatio.
3135 2611 3384 2668 Hortatur
3407 2614 3596 2670 Judam

2015 2708 2072 2753 ιιι
2101 2701 2164 2754 ad
2193 2703 2465 2755 meliorem
2512 2717 2571 2755 se
2603 2701 2803 2771 frugem
2837 2715 3079 2770 revocet;
3133 2705 3183 2758 id
3229 2707 3330 2760 nisi
3381 2708 3596 2774 faciant,

2016 2795 2160 2862 paria
2193 2809 2442 2862 passuros
2475 2794 2591 2848 illos
2622 2795 2974 2849 comminatur
2999 2798 3059 2850 iis
3081 2814 3196 2865 qua:
3225 2798 3381 2854 Israel
3412 2815 3600 2868 passos

2013 2895 2128 2940 est:
2156 2887 2474 2956 cohibetque
2505 2887 2640 2941 Dens
2669 2887 2955 2944 Jeremiam
2989 2905 3054 2943 ne
3085 2901 3330 2958 precetur
3357 2907 3450 2959 pro
3473 2893 3594 2946 illis.

2014 2976 2338 3045 Iteprobatio
2368 2978 2770 3042 sacriliciorum,
2812 2989 2864 3032 et
2899 2982 3167 3034 accusatio
3197 2983 3599 3035 inconsideran-

2014 3069 2100 3121 tia:
2129 3084 2336 3133 eorum,
2365 3079 2418 3122 et
2444 3069 2791 3124 humanarum
2821 3072 3174 3138 victimarum,
3215 3089 3349 3141 quas
3389 3074 3593 3128 da'mo-

2013 3161 2170 3215 nibns
2191 3161 2502 3215 oﬁ'ercbant.
2534 3163 2812 3218 I’ra‘dictio
2839 3165 2946 3219 fore
2967 3174 3020 3218 ut
3048 3167 3193 3219 locus
3215 3167 3336 3220 idoli
3363 3170 3599 3236 ipsorum

2012 3253 2315 3320 sepulcrum
2349 3255 2456 3318 ﬁat,
2480 3263 2534 3306 et
2561 3264 2617 3306 ut
2655 3255 2814 3323 aliqui
2842 3257 3141 3311 occisorum
3176 3259 3458 3327 sepultum
3490 3277 3594 3313 non

2015 3345 2306 3399 tradantur.
2342 3345 2536 3398 lterum
2569 3346 2634 3399 de
2661 3363 2885 3402 ascensu
2925 3348 3176 3412 hostium,
3209 3360 3262 3403 et
3289 3351 3594 3404 lamentatio

2012 3437 2254 3493 Jeremire
2276 3437 2342 3491 de
2370 3438 2615 3506 nequitiis
2635 3455 2839 3492 eorum.
2869 3442 3151 3494 Accusatio
3179 3441 3504 3504 .lmla:ornm,
3536 3454 3594 3496 ut

2011 3531 2170 3584 corde
2210 3531 2723 3594 incircumcisorum,
2757 3540 2810 3584 et
2853 3531 3148 3585 admonitio
3179 3549 3245 3585 ne
3279 3533 3590 3588 idololatria:

2011 3625 2141 3678 dent
2182 3604 2423 3692 operam,
2455 3642 2516 3679 ac
2543 3627 2691 3694 quasi
2721 3643 2784 3680 ex
2813 3642 3042 3696 persona
3076 3628 3252 3694 populi
3287 3628 3591 3681 lamentatio

2011 3716 2078 3769 de
2105 3717 2294 3770 futuris
2326 3717 2498 3777 malis,
2531 3727 2583 3770 et
2609 3719 2874 3772 accusatio
2896 3733 2925 3770 a
2951 3718 3060 3772 Deo
3083 3718 3239 3772 facta.
3272 3719 3511 3772 llortatio
3527 3720 3591 3773 ad

2013 3809 2259 3864 Israelem
2291 3821 2341 3862 nt
2371 3812 2476 3863 Deo
2503 3811 2770 3872 obediant,
2789 3821 2842 3866 et
2863 3812 3130 3865 accusatio
3155 3822 3359 3881 patrum
3383 3828 3588 3877 eorum,

2013 3909 2196 3966 ctqua:
2209 3899 2346 3954 mala
2359 3898 2790 3970 ipsisobventura
2806 3900 2933 3959 sint.
2953 3903 3244 3958 Cohibetur
3270 3922 3475 3959 rursum
3499 3907 3589 3960 Je-

2010 3996 2226 4054 remias.
2262 4011 2327 4050 ne
2357 4006 2600 4064 precetur
2641 4013 2736 4066 pro
2776 3997 2898 4051 illis.
2942 3997 3282 4052 Latnentatur
3311 3999 3590 4067 propheta,

2011 4085 2152 4153 quod
2183 4085 2386 4140 insidiis
2416 4096 2692 4156 appetatur
2718 4104 2746 4141 a
2777 4087 2974 4141 J:td:l:is
3001 4090 3050 4140 in
3074 4090 3366 4154 Anathoth,
3401 4091 3591 4158 praedi-

2010 4179 2083 4232 cit
2125 4178 2247 4234 ideo
2277 4178 2507 4233 futurum
2541 4181 2666 4249 ipsis
2697 4197 2815 4234 esse
2846 4182 3137 4235 interitum.
3165 4182 3437 4236 Pcrizoma
3472 4185 3592 4236 abs-

2010 4271 2242 4326 condere
2268 4271 2488 4341 iubetur
2515 4271 2775 4326 Jcretnias
2801 4315 2815 4339 ,
2846 4288 2906 4327 ac
2948 4273 3191 4343 prmdicit
3218 4290 3362 4342 Ipsos
3388 4275 3590 4328 satian-

2009 4362 2108 4416 dos
2152 4363 2409 4432 malisque
2450 4364 2792 4418 inebriandos
2821 4379 2962 4418 esse.
2995 4365 3068 4418 De
3101 4366 3287 4432 pluvia:
3338 4364 3544 4418 defectu
3577 4383 3588 4414 :

2013 4453 2393 4523 cohibeturque
2425 4453 2679 4522 propheta
2709 4471 2774 4508 nc
2807 4464 3053 4522 precetur
3078 4471 3169 4522 pro
3195 4455 3356 4525 ipsis:
3382 4465 3593 4508 recusat

2014 4546 2153 4600 Deus
2175 4545 2386 4599 illorum
2420 4544 2746 4611 holocausta,
2773 4557 2825 4600 et
2848 4547 3067 4614 jejunio,
3092 4548 3429 4617 minaturque
3456 4549 3590 4600 mala

2014 4636 2514 4708 pseudoprophetis,
2544 4637 2665 4705 quia
2706 4636 2953 4689 dicebant
2995 4652 3099 4690 non
3143 4637 3464 4693 ohvcntnras
3495 4654 3588 4706 po-

2013 4733 2138 4800 pulo
2167 4730 2512 4784 calamitates.
2546 4730 2818 4798 Supplicat
2850 4730 2989 4783 Deo:
3023 4729 3112 4784 ille
3140 4745 3266 4783 vero
3294 4731 3366 4784 ait
3394 4745 3452 4784 se
3480 4746 3587 4783 non

2013 4825 2382 4879 exanditurum
2415 4821 2766 4878 esse,ctiamsi
2813 4821 3018 4892 Moyses
3041 4833 3094 4875 et
3119 4822 3332 4875 Samuel
3365 4823 3592 4874 interce-

2013 4919 2201 4970 derent
2231 4931 2324 4984 pro
2353 4915 2514 4984 ipsis:
2546 4913 2636 4967 sed
2665 4913 2909 4966 datnrntn
2941 4929 2998 4968 se
3027 4914 3145 4967 illos
3176 4915 3226 4966 in
3269 4914 3496 4982 gladium
3539 4920 3594 4964 ct

2016 5019 2261 5069 mortem,
2289 5008 2500 5070 famem,
2527 5005 2907 5073 captivitatem,
2927 5017 2977 5057 et
2997 5006 3254 5059 malorum
3275 5003 3589 5070 discerptio-

2016 5115 2157 5152 ncm.
2193 5098 2443 5151 Precatur
2472 5096 2731 5149 Jcremias
2774 5105 2828 5147 ut
2858 5097 2987 5148 ultio
3015 5105 3256 5148 sumatur
3300 5092 3366 5145 de
3395 5106 3592 5158 expro-

2017 5191 2290 5244 brantibus
2318 5188 2447 5246 sibi:
2483 5187 2621 5241 Deus
2659 5198 2836 5240 autem
2886 5187 2961 5239 ait
3003 5187 3110 5238 illi:
3137 5184 3196 5238 Si
3223 5183 3451 5236 eduxeris
3479 5197 3594 5251 pre-

2017 5284 2194 5334 tiosum
2214 5297 2246 5332 a
2271 5280 2376 5346 vili,
2401 5279 2548 5348 quasi
2577 5295 2632 5332 os
2663 5295 2823 5331 meum
2843 5280 2940 5332 eris
2965 5275 3095 5346 (J'cr.
3122 5275 3208 5328 15.
3239 5272 3348 5342 19).
3371 5271 3607 5354 Jubcturl

2018 5372 2272 5426 )cremias
2293 5386 2508 5424 uxorem
2532 5386 2636 5424 non
2661 5369 2877 5433 ducere,
2907 5382 3078 5435 neque
3100 5363 3397 5428 lamentari,
3421 5377 3596 5432 neque

2016 5481 2199 5519 eorum
2226 5481 2342 5530 qua:
2363 5463 2503 5517 circa
2529 5472 2769 5516 mortuos
2797 5461 2990 5513 ﬁebant
3012 5458 3320 5526 participem
3338 5471 3456 5510 esse
3472 5470 3594 5510 cum

2017 5554 2286 5610 lsraelitis.
2319 5554 2394 5608 De
2437 5551 2712 5621 apostolis,
2755 5549 2822 5603 dc
2851 5547 3061 5602 Christo
3093 5547 3369 5617 prophetia
3399 5565 3410 5600 :
3435 5545 3593 5599 verba

2016 5660 2222 5708 eormn,
2255 5645 2342 5712 qui
2376 5644 2426 5696 in
2457 5643 2628 5712 ipsum
2659 5639 2909 5695 credituri
2956 5654 3060 5691 non
3106 5646 3290 5700 erant,
3335 5636 3599 5705 prephela

2018 5735 2356 5807 praenuntiat,
2385 5743 2436 5788 et
2462 5743 2643 5788 contra
2670 5733 2787 5785 illos
2815 5738 3080 5798 precatur.
3113 5728 3461 5797 I’ra‘cipitqne
3500 5726 3594 5780 Ju-

2018 5829 2167 5894 daeis,
2193 5835 2247 5879 ut
2275 5827 2550 5879 sabbatum
2581 5830 2812 5877 servent.
2855 5821 2907 5873 In
2938 5822 3149 5874 domum
3185 5820 3322 5889 ﬁguli
3373 5818 3594 5873 mittitur
