  <div class='ocr_page' id='page_1' title='image "/cluster/home/n/w/nwhite01/storage/ocr_20150623/56/mdp.39015028574351/373.png"; bbox 0 0 4102 6322; ppageno 0'>
   <div class='ocr_carea' id='block_1_1' title="bbox 530 427 636 484">
    <p class='ocr_par' dir='ltr' id='par_1_1' title="bbox 530 427 636 484">
     <span class='ocr_line' id='line_1_1' title="bbox 530 427 636 484; baseline -0.019 -1"><span class='ocrx_word' id='word_1_1' title='bbox 530 427 636 484; x_wconf 79' lang='lat'><strong>379</strong></span> 
     </span>
    </p>
   </div>
   <div class='ocr_carea' id='block_1_2' title="bbox 526 532 2113 611">
    <p class='ocr_par' dir='ltr' id='par_1_2' title="bbox 526 532 2113 611">
     <span class='ocr_line' id='line_1_2' title="bbox 526 532 2113 611; baseline -0.005 -17"><span class='ocrx_word' id='word_1_2' title='bbox 526 540 801 611; x_wconf 79' lang='lat' dir='ltr'><strong>pmpheta.</strong></span> <span class='ocrx_word' id='word_1_3' title='bbox 828 535 1029 602; x_wconf 76' lang='lat' dir='ltr'><strong>Finem,</strong></span> <span class='ocrx_word' id='word_1_4' title='bbox 1071 536 1243 608; x_wconf 88' lang='lat' dir='ltr'><strong>inquit</strong></span> <span class='ocrx_word' id='word_1_5' title='bbox 1280 534 1443 599; x_wconf 88' lang='lat' dir='ltr'><strong>Deus,</strong></span> <span class='ocrx_word' id='word_1_6' title='bbox 1472 533 1650 602; x_wconf 84' lang='lat' dir='ltr'><strong>loquar</strong></span> <span class='ocrx_word' id='word_1_7' title='bbox 1675 532 1738 586; x_wconf 87' lang='lat' dir='ltr'><strong>de</strong></span> <span class='ocrx_word' id='word_1_8' title='bbox 1761 547 1937 603; x_wconf 72' lang='lat' dir='ltr'><strong>regno,</strong></span> <span class='ocrx_word' id='word_1_9' title='bbox 1965 540 2022 587; x_wconf 82' lang='lat' dir='ltr'><strong>ut</strong></span> <span class='ocrx_word' id='word_1_10' title='bbox 2049 533 2113 586; x_wconf 83' lang='lat' dir='ltr'><strong>ll-</strong></span> 
     </span>
    </p>
   </div>
   <div class='ocr_carea' id='block_1_3' title="bbox 525 624 2113 698">
    <p class='ocr_par' dir='ltr' id='par_1_3' title="bbox 525 624 2113 698">
     <span class='ocr_line' id='line_1_3' title="bbox 525 624 2113 698; baseline -0.005 -12"><span class='ocrx_word' id='word_1_11' title='bbox 525 634 615 686; x_wconf 81' lang='lat' dir='ltr'><strong>lud</strong></span> <span class='ocrx_word' id='word_1_12' title='bbox 642 631 907 698; x_wconf 76' lang='lat' dir='ltr'><strong>auferam;</strong></span> <span class='ocrx_word' id='word_1_13' title='bbox 937 640 991 685; x_wconf 92' lang='lat' dir='ltr'><strong>et</strong></span> <span class='ocrx_word' id='word_1_14' title='bbox 1015 629 1061 684; x_wconf 84' lang='lat' dir='ltr'><strong>si</strong></span> <span class='ocrx_word' id='word_1_15' title='bbox 1085 628 1333 685; x_wconf 90' lang='lat' dir='ltr'><strong>conversi</strong></span> <span class='ocrx_word' id='word_1_16' title='bbox 1358 625 1554 680; x_wconf 89' lang='lat' dir='ltr'><strong>fuerint</strong></span> <span class='ocrx_word' id='word_1_17' title='bbox 1577 666 1592 690; x_wconf 92' lang='lat'><strong>,</strong></span> <span class='ocrx_word' id='word_1_18' title='bbox 1628 640 1732 679; x_wconf 91' lang='lat' dir='ltr'><strong>non</strong></span> <span class='ocrx_word' id='word_1_19' title='bbox 1758 624 2017 679; x_wconf 80' lang='lat' dir='ltr'><strong>auferam.</strong></span> <span class='ocrx_word' id='word_1_20' title='bbox 2044 624 2113 678; x_wconf 81' lang='lat' dir='ltr'><strong>Et</strong></span> 
     </span>
    </p>
   </div>
   <div class='ocr_carea' id='block_1_4' title="bbox 526 714 2114 793">
    <p class='ocr_par' dir='ltr' id='par_1_4' title="bbox 526 714 2114 793">
     <span class='ocr_line' id='line_1_4' title="bbox 526 714 2114 793; baseline -0.006 -18"><span class='ocrx_word' id='word_1_21' title='bbox 526 724 677 793; x_wconf 83' lang='lat' dir='ltr'><strong>ﬁnem</strong></span> <span class='ocrx_word' id='word_1_22' title='bbox 722 722 920 790; x_wconf 87' lang='lat' dir='ltr'><strong>loquar,</strong></span> <span class='ocrx_word' id='word_1_23' title='bbox 955 720 1145 789; x_wconf 86' lang='lat' dir='ltr'><strong>inquit,</strong></span> <span class='ocrx_word' id='word_1_24' title='bbox 1184 719 1237 771; x_wconf 81' lang='lat' dir='ltr'><strong>in</strong></span> <span class='ocrx_word' id='word_1_25' title='bbox 1263 725 1458 788; x_wconf 77' lang='lat' dir='ltr'><strong>gentem</strong></span> <span class='ocrx_word' id='word_1_26' title='bbox 1481 725 1571 768; x_wconf 89' lang='lat' dir='ltr'><strong>aut</strong></span> <span class='ocrx_word' id='word_1_27' title='bbox 1598 731 1825 785; x_wconf 87' lang='lat' dir='ltr'><strong>regnum,</strong></span> <span class='ocrx_word' id='word_1_28' title='bbox 1855 724 1909 767; x_wconf 86' lang='lat' dir='ltr'><strong>ut</strong></span> <span class='ocrx_word' id='word_1_29' title='bbox 1929 714 2114 769; x_wconf 72' lang='grc' dir='ltr'><strong>τριεάὶ-</strong></span> 
     </span>
    </p>
   </div>
   <div class='ocr_carea' id='block_1_5' title="bbox 527 802 2112 881">
    <p class='ocr_par' dir='ltr' id='par_1_5' title="bbox 527 802 2112 881">
     <span class='ocr_line' id='line_1_5' title="bbox 527 802 2112 881; baseline -0.008 -14"><span class='ocrx_word' id='word_1_30' title='bbox 527 814 725 881; x_wconf 71' lang='lat' dir='ltr'><strong>licetur.</strong></span> <span class='ocrx_word' id='word_1_31' title='bbox 757 811 825 865; x_wconf 89' lang='lat' dir='ltr'><strong>Et</strong></span> <span class='ocrx_word' id='word_1_32' title='bbox 854 811 897 864; x_wconf 89' lang='lat' dir='ltr'><strong>si</strong></span> <span class='ocrx_word' id='word_1_33' title='bbox 926 811 1125 866; x_wconf 92' lang='lat' dir='ltr'><strong>malum</strong></span> <span class='ocrx_word' id='word_1_34' title='bbox 1166 806 1411 873; x_wconf 77' lang='lat' dir='ltr'><strong>fecerint,</strong></span> <span class='ocrx_word' id='word_1_35' title='bbox 1445 820 1549 859; x_wconf 92' lang='lat' dir='ltr'><strong>non</strong></span> <span class='ocrx_word' id='word_1_36' title='bbox 1594 802 1783 857; x_wconf 79' lang='lat' dir='ltr'><strong>faciam</strong></span> <span class='ocrx_word' id='word_1_37' title='bbox 1829 818 1928 873; x_wconf 90' lang='lat' dir='ltr'><strong>ego</strong></span> <span class='ocrx_word' id='word_1_38' title='bbox 1974 803 2112 857; x_wconf 89' lang='lat' dir='ltr'><strong>bona</strong></span> 
     </span>
    </p>
   </div>
   <div class='ocr_carea' id='block_1_6' title="bbox 521 895 2106 975">
    <p class='ocr_par' dir='ltr' id='par_1_6' title="bbox 521 895 2106 975">
     <span class='ocr_line' id='line_1_6' title="bbox 521 895 2106 975; baseline -0.006 -16"><span class='ocrx_word' id='word_1_39' title='bbox 521 920 643 975; x_wconf 65' lang='lat' dir='ltr'><strong>quae</strong></span> <span class='ocrx_word' id='word_1_40' title='bbox 686 904 940 974; x_wconf 75' lang='lat' dir='ltr'><strong>loquutus</strong></span> <span class='ocrx_word' id='word_1_41' title='bbox 978 916 1096 957; x_wconf 88' lang='lat' dir='ltr'><strong>sum</strong></span> <span class='ocrx_word' id='word_1_42' title='bbox 1126 908 1187 956; x_wconf 90' lang='lat' dir='ltr'><strong>ut</strong></span> <span class='ocrx_word' id='word_1_43' title='bbox 1214 898 1443 953; x_wconf 84' lang='lat' dir='ltr'><strong>facerem</strong></span> <span class='ocrx_word' id='word_1_44' title='bbox 1470 898 1573 951; x_wconf 87' lang='lat' dir='ltr'><strong>illis</strong></span> <span class='ocrx_word' id='word_1_45' title='bbox 1617 895 1767 967; x_wconf 88' lang='lat' dir='ltr'><strong>(Cap.</strong></span> <span class='ocrx_word' id='word_1_46' title='bbox 1795 896 1881 951; x_wconf 83' lang='lat' dir='ltr'><strong>l8.</strong></span> <span class='ocrx_word' id='word_1_47' title='bbox 1912 897 1942 950; x_wconf 87' lang='lat'><strong>7</strong></span> <span class='ocrx_word' id='word_1_48' title='bbox 1963 895 2106 964; x_wconf 62' lang='grc'><strong>40).</strong></span> 
     </span>
    </p>
   </div>
   <div class='ocr_carea' id='block_1_7' title="bbox 524 988 2109 1065">
    <p class='ocr_par' dir='ltr' id='par_1_7' title="bbox 524 988 2109 1065">
     <span class='ocr_line' id='line_1_7' title="bbox 524 988 2109 1065; baseline -0.008 -12"><span class='ocrx_word' id='word_1_49' title='bbox 524 999 638 1053; x_wconf 89' lang='lat' dir='ltr'><strong>lloc</strong></span> <span class='ocrx_word' id='word_1_50' title='bbox 658 1008 836 1052; x_wconf 92' lang='lat' dir='ltr'><strong>autem</strong></span> <span class='ocrx_word' id='word_1_51' title='bbox 852 1003 1010 1065; x_wconf 85' lang='lat' dir='ltr'><strong>caput</strong></span> <span class='ocrx_word' id='word_1_52' title='bbox 1029 1004 1213 1049; x_wconf 87' lang='lat' dir='ltr'><strong>contra</strong></span> <span class='ocrx_word' id='word_1_53' title='bbox 1239 992 1453 1048; x_wconf 68' lang='lat' dir='ltr'><strong>Judreos</strong></span> <span class='ocrx_word' id='word_1_54' title='bbox 1472 990 1599 1044; x_wconf 91' lang='lat' dir='ltr'><strong>utile</strong></span> <span class='ocrx_word' id='word_1_55' title='bbox 1616 990 1737 1053; x_wconf 91' lang='lat' dir='ltr'><strong>erit,</strong></span> <span class='ocrx_word' id='word_1_56' title='bbox 1765 1005 1886 1044; x_wconf 88' lang='lat' dir='ltr'><strong>cum</strong></span> <span class='ocrx_word' id='word_1_57' title='bbox 1910 988 2109 1054; x_wconf 91' lang='lat' dir='ltr'><strong>dicent,</strong></span> 
     </span>
    </p>
   </div>
   <div class='ocr_carea' id='block_1_8' title="bbox 524 1081 2112 1157">
    <p class='ocr_par' dir='ltr' id='par_1_8' title="bbox 524 1081 2112 1157">
     <span class='ocr_line' id='line_1_8' title="bbox 524 1081 2112 1157; baseline -0.007 -12"><span class='ocrx_word' id='word_1_58' title='bbox 524 1091 813 1145; x_wconf 90' lang='lat' dir='ltr'><strong>Dominum</strong></span> <span class='ocrx_word' id='word_1_59' title='bbox 843 1088 972 1157; x_wconf 82' lang='lat' dir='ltr'><strong>ipsis</strong></span> <span class='ocrx_word' id='word_1_60' title='bbox 1000 1088 1139 1142; x_wconf 79' lang='lat' dir='ltr'><strong>bena</strong></span> <span class='ocrx_word' id='word_1_61' title='bbox 1168 1084 1511 1154; x_wconf 86' lang='lat' dir='ltr'><strong>promisisse;</strong></span> <span class='ocrx_word' id='word_1_62' title='bbox 1538 1097 1658 1136; x_wconf 91' lang='lat' dir='ltr'><strong>cum</strong></span> <span class='ocrx_word' id='word_1_63' title='bbox 1689 1081 1832 1136; x_wconf 89' lang='lat' dir='ltr'><strong>enim</strong></span> <span class='ocrx_word' id='word_1_64' title='bbox 1861 1096 1968 1134; x_wconf 91' lang='lat' dir='ltr'><strong>non</strong></span> <span class='ocrx_word' id='word_1_65' title='bbox 1991 1095 2112 1135; x_wconf 85' lang='lat' dir='ltr'><strong>cre-</strong></span> 
     </span>
    </p>
   </div>
   <div class='ocr_carea' id='block_1_9' title="bbox 524 1172 2112 1243">
    <p class='ocr_par' dir='ltr' id='par_1_9' title="bbox 524 1172 2112 1243">
     <span class='ocr_line' id='line_1_9' title="bbox 524 1172 2112 1243; baseline -0.006 -7"><span class='ocrx_word' id='word_1_66' title='bbox 524 1182 759 1236; x_wconf 89' lang='lat' dir='ltr'><strong>diderint</strong></span> <span class='ocrx_word' id='word_1_67' title='bbox 788 1180 1015 1234; x_wconf 85' lang='lat' dir='ltr'><strong>Domino</strong></span> <span class='ocrx_word' id='word_1_68' title='bbox 1041 1187 1227 1232; x_wconf 88' lang='lat' dir='ltr'><strong>nostro</strong></span> <span class='ocrx_word' id='word_1_69' title='bbox 1254 1176 1379 1231; x_wconf 82' lang='lat' dir='ltr'><strong>Jesu</strong></span> <span class='ocrx_word' id='word_1_70' title='bbox 1406 1175 1639 1240; x_wconf 87' lang='lat' dir='ltr'><strong>Christo,</strong></span> <span class='ocrx_word' id='word_1_71' title='bbox 1668 1173 1764 1243; x_wconf 88' lang='lat' dir='ltr'><strong>ipsi</strong></span> <span class='ocrx_word' id='word_1_72' title='bbox 1791 1173 1891 1228; x_wconf 90' lang='lat' dir='ltr'><strong>sibi</strong></span> <span class='ocrx_word' id='word_1_73' title='bbox 1912 1172 2041 1242; x_wconf 88' lang='lat' dir='ltr'><strong>ipsis</strong></span> <span class='ocrx_word' id='word_1_74' title='bbox 2060 1172 2112 1227; x_wconf 92' lang='lat' dir='ltr'><strong>in</strong></span> 
     </span>
    </p>
   </div>
   <div class='ocr_carea' id='block_1_10' title="bbox 527 1264 2113 1341">
    <p class='ocr_par' dir='ltr' id='par_1_10' title="bbox 527 1264 2113 1341">
     <span class='ocr_line' id='line_1_10' title="bbox 527 1264 2113 1341; baseline -0.005 -14"><span class='ocrx_word' id='word_1_75' title='bbox 527 1288 687 1327; x_wconf 87' lang='lat' dir='ltr'><strong>causa</strong></span> <span class='ocrx_word' id='word_1_76' title='bbox 718 1272 865 1328; x_wconf 88' lang='lat' dir='ltr'><strong>fuere</strong></span> <span class='ocrx_word' id='word_1_77' title='bbox 891 1271 1235 1341; x_wconf 56' lang='lat' dir='ltr'><strong>praesentium</strong></span> <span class='ocrx_word' id='word_1_78' title='bbox 1263 1268 1548 1323; x_wconf 87' lang='lat' dir='ltr'><strong>malorum.</strong></span> <span class='ocrx_word' id='word_1_79' title='bbox 1579 1265 1802 1320; x_wconf 86' lang='lat' dir='ltr'><strong>insidias</strong></span> <span class='ocrx_word' id='word_1_80' title='bbox 1833 1265 1933 1320; x_wconf 92' lang='lat' dir='ltr'><strong>sibi</strong></span> <span class='ocrx_word' id='word_1_81' title='bbox 1963 1280 1993 1319; x_wconf 91' lang='lat' dir='ltr'><strong>a</strong></span> <span class='ocrx_word' id='word_1_82' title='bbox 2019 1264 2113 1319; x_wconf 86' lang='lat' dir='ltr'><strong>Ju-</strong></span> 
     </span>
    </p>
   </div>
   <div class='ocr_carea' id='block_1_11' title="bbox 525 1359 2113 1438">
    <p class='ocr_par' dir='ltr' id='par_1_11' title="bbox 525 1359 2113 1438">
     <span class='ocr_line' id='line_1_11' title="bbox 525 1359 2113 1438; baseline -0.005 -15"><span class='ocrx_word' id='word_1_83' title='bbox 525 1369 661 1423; x_wconf 65' lang='lat' dir='ltr'><strong>dteis</strong></span> <span class='ocrx_word' id='word_1_84' title='bbox 691 1368 953 1438; x_wconf 86' lang='lat' dir='ltr'><strong>parandas</strong></span> <span class='ocrx_word' id='word_1_85' title='bbox 981 1365 1239 1436; x_wconf 80' lang='lat' dir='ltr'><strong>propheta</strong></span> <span class='ocrx_word' id='word_1_86' title='bbox 1270 1363 1528 1433; x_wconf 74' lang='lat' dir='ltr'><strong>przedicit,</strong></span> <span class='ocrx_word' id='word_1_87' title='bbox 1554 1370 1607 1416; x_wconf 91' lang='lat' dir='ltr'><strong>et</strong></span> <span class='ocrx_word' id='word_1_88' title='bbox 1633 1372 1822 1416; x_wconf 89' lang='lat' dir='ltr'><strong>contra</strong></span> <span class='ocrx_word' id='word_1_89' title='bbox 1844 1359 1963 1414; x_wconf 94' lang='lat' dir='ltr'><strong>illos</strong></span> <span class='ocrx_word' id='word_1_90' title='bbox 1990 1374 2113 1430; x_wconf 88' lang='lat' dir='ltr'><strong>pre-</strong></span> 
     </span>
    </p>
   </div>
   <div class='ocr_carea' id='block_1_12' title="bbox 527 1450 2114 1530">
    <p class='ocr_par' dir='ltr' id='par_1_12' title="bbox 527 1450 2114 1530">
     <span class='ocr_line' id='line_1_12' title="bbox 527 1450 2114 1530; baseline -0.008 -14"><span class='ocrx_word' id='word_1_91' title='bbox 527 1471 700 1524; x_wconf 85' lang='lat' dir='ltr'><strong>catur,</strong></span> <span class='ocrx_word' id='word_1_92' title='bbox 727 1460 975 1530; x_wconf 88' lang='lat' dir='ltr'><strong>quoniam</strong></span> <span class='ocrx_word' id='word_1_93' title='bbox 1002 1457 1140 1511; x_wconf 89' lang='lat' dir='ltr'><strong>mala</strong></span> <span class='ocrx_word' id='word_1_94' title='bbox 1170 1472 1263 1525; x_wconf 92' lang='lat' dir='ltr'><strong>pro</strong></span> <span class='ocrx_word' id='word_1_95' title='bbox 1291 1455 1445 1509; x_wconf 91' lang='lat' dir='ltr'><strong>bonis</strong></span> <span class='ocrx_word' id='word_1_96' title='bbox 1475 1453 1858 1508; x_wconf 87' lang='lat' dir='ltr'><strong>retribuerunt.</strong></span> <span class='ocrx_word' id='word_1_97' title='bbox 1889 1450 2114 1506; x_wconf 84' lang='lat' dir='ltr'><strong>Jubetur</strong></span> 
     </span>
    </p>
   </div>
   <div class='ocr_carea' id='block_1_13' title="bbox 530 1543 2113 1618">
    <p class='ocr_par' dir='ltr' id='par_1_13' title="bbox 530 1543 2113 1618">
     <span class='ocr_line' id='line_1_13' title="bbox 530 1543 2113 1618; baseline -0.005 -12"><span class='ocrx_word' id='word_1_98' title='bbox 530 1552 813 1616; x_wconf 84' lang='lat' dir='ltr'><strong>Jeremias,</strong></span> <span class='ocrx_word' id='word_1_99' title='bbox 858 1558 1077 1618; x_wconf 88' lang='lat' dir='ltr'><strong>accepta</strong></span> <span class='ocrx_word' id='word_1_100' title='bbox 1105 1548 1382 1618; x_wconf 87' lang='lat' dir='ltr'><strong>laguncula</strong></span> <span class='ocrx_word' id='word_1_101' title='bbox 1412 1545 1611 1616; x_wconf 85' lang='lat' dir='ltr'><strong>ﬁglina,</strong></span> <span class='ocrx_word' id='word_1_102' title='bbox 1654 1543 1795 1598; x_wconf 90' lang='lat' dir='ltr'><strong>mala</strong></span> <span class='ocrx_word' id='word_1_103' title='bbox 1826 1543 2006 1613; x_wconf 88' lang='lat' dir='ltr'><strong>populi</strong></span> <span class='ocrx_word' id='word_1_104' title='bbox 2034 1551 2113 1598; x_wconf 83' lang='lat' dir='ltr'><strong>te-</strong></span> 
     </span>
    </p>
   </div>
   <div class='ocr_carea' id='block_1_14' title="bbox 528 1635 2109 1710">
    <p class='ocr_par' dir='ltr' id='par_1_14' title="bbox 528 1635 2109 1710">
     <span class='ocr_line' id='line_1_14' title="bbox 528 1635 2109 1710; baseline -0.007 -12"><span class='ocrx_word' id='word_1_105' title='bbox 528 1642 808 1708; x_wconf 86' lang='lat' dir='ltr'><strong>stiﬁcatus,</strong></span> <span class='ocrx_word' id='word_1_106' title='bbox 843 1640 1174 1710; x_wconf 83' lang='lat' dir='ltr'><strong>lagunculam</strong></span> <span class='ocrx_word' id='word_1_107' title='bbox 1223 1648 1502 1693; x_wconf 85' lang='lat' dir='ltr'><strong>conterere</strong></span> <span class='ocrx_word' id='word_1_108' title='bbox 1526 1644 1651 1689; x_wconf 85' lang='lat' dir='ltr'><strong>ante</strong></span> <span class='ocrx_word' id='word_1_109' title='bbox 1680 1635 1865 1690; x_wconf 90' lang='lat' dir='ltr'><strong>oculos</strong></span> <span class='ocrx_word' id='word_1_110' title='bbox 1899 1649 2109 1700; x_wconf 88' lang='lat' dir='ltr'><strong>eorum,</strong></span> 
     </span>
    </p>
   </div>
   <div class='ocr_carea' id='block_1_15' title="bbox 527 1728 2111 1798">
    <p class='ocr_par' dir='ltr' id='par_1_15' title="bbox 527 1728 2111 1798">
     <span class='ocr_line' id='line_1_15' title="bbox 527 1728 2111 1798; baseline -0.005 -7"><span class='ocrx_word' id='word_1_111' title='bbox 527 1744 583 1791; x_wconf 89' lang='lat' dir='ltr'><strong>et</strong></span> <span class='ocrx_word' id='word_1_112' title='bbox 611 1733 936 1791; x_wconf 82' lang='lat' dir='ltr'><strong>dicere:Sic</strong></span> <span class='ocrx_word' id='word_1_113' title='bbox 961 1741 1270 1789; x_wconf 89' lang='lat' dir='ltr'><strong>conteretur</strong></span> <span class='ocrx_word' id='word_1_114' title='bbox 1312 1730 1633 1787; x_wconf 84' lang='lat' dir='ltr'><strong>Jerusalem.</strong></span> <span class='ocrx_word' id='word_1_115' title='bbox 1674 1729 1741 1784; x_wconf 92' lang='lat' dir='ltr'><strong>Et</strong></span> <span class='ocrx_word' id='word_1_116' title='bbox 1779 1728 2051 1798; x_wconf 88' lang='lat' dir='ltr'><strong>conjectus</strong></span> <span class='ocrx_word' id='word_1_117' title='bbox 2080 1744 2111 1783; x_wconf 89' lang='lat' dir='ltr'><strong>a</strong></span> 
     </span>
    </p>
   </div>
   <div class='ocr_carea' id='block_1_16' title="bbox 526 1820 2111 1894">
    <p class='ocr_par' dir='ltr' id='par_1_16' title="bbox 526 1820 2111 1894">
     <span class='ocr_line' id='line_1_16' title="bbox 526 1820 2111 1894; baseline -0.005 -12"><span class='ocrx_word' id='word_1_118' title='bbox 526 1828 798 1883; x_wconf 88' lang='lat' dir='ltr'><strong>Paschore</strong></span> <span class='ocrx_word' id='word_1_119' title='bbox 828 1827 880 1881; x_wconf 92' lang='lat' dir='ltr'><strong>in</strong></span> <span class='ocrx_word' id='word_1_120' title='bbox 908 1841 1151 1891; x_wconf 88' lang='lat' dir='ltr'><strong>nervum,</strong></span> <span class='ocrx_word' id='word_1_121' title='bbox 1185 1824 1465 1894; x_wconf 84' lang='lat' dir='ltr'><strong>prOphetat</strong></span> <span class='ocrx_word' id='word_1_122' title='bbox 1503 1820 1756 1876; x_wconf 85' lang='lat' dir='ltr'><strong>Paschori</strong></span> <span class='ocrx_word' id='word_1_123' title='bbox 1806 1820 1945 1875; x_wconf 86' lang='lat' dir='ltr'><strong>mala</strong></span> <span class='ocrx_word' id='word_1_124' title='bbox 1992 1836 2111 1890; x_wconf 65' lang='lat' dir='ltr'><strong>quae</strong></span> 
     </span>
    </p>
   </div>
   <div class='ocr_carea' id='block_1_17' title="bbox 529 1912 2110 1989">
    <p class='ocr_par' dir='ltr' id='par_1_17' title="bbox 529 1912 2110 1989">
     <span class='ocr_line' id='line_1_17' title="bbox 529 1912 2110 1989; baseline -0.006 -15"><span class='ocrx_word' id='word_1_125' title='bbox 529 1921 701 1989; x_wconf 93' lang='lat' dir='ltr'><strong>ipsum</strong></span> <span class='ocrx_word' id='word_1_126' title='bbox 719 1928 1002 1989; x_wconf 81' lang='lat' dir='ltr'><strong>exceptura</strong></span> <span class='ocrx_word' id='word_1_127' title='bbox 1020 1926 1191 1971; x_wconf 88' lang='lat' dir='ltr'><strong>erant.</strong></span> <span class='ocrx_word' id='word_1_128' title='bbox 1214 1914 1414 1970; x_wconf 85' lang='lat' dir='ltr'><strong>Deinde</strong></span> <span class='ocrx_word' id='word_1_129' title='bbox 1430 1930 1569 1983; x_wconf 70' lang='lat' dir='ltr'><strong>mgre</strong></span> <span class='ocrx_word' id='word_1_130' title='bbox 1590 1912 1690 1967; x_wconf 89' lang='lat' dir='ltr'><strong>fert</strong></span> <span class='ocrx_word' id='word_1_131' title='bbox 1714 1927 1807 1967; x_wconf 89' lang='lat' dir='ltr'><strong>eos</strong></span> <span class='ocrx_word' id='word_1_132' title='bbox 1833 1913 1920 1981; x_wconf 90' lang='lat' dir='ltr'><strong>qui</strong></span> <span class='ocrx_word' id='word_1_133' title='bbox 1938 1912 2110 1981; x_wconf 90' lang='lat' dir='ltr'><strong>ipsum</strong></span> 
     </span>
    </p>
   </div>
   <div class='ocr_carea' id='block_1_18' title="bbox 527 2004 2111 2080">
    <p class='ocr_par' dir='ltr' id='par_1_18' title="bbox 527 2004 2111 2080">
     <span class='ocr_line' id='line_1_18' title="bbox 527 2004 2111 2080; baseline -0.004 -15"><span class='ocrx_word' id='word_1_134' title='bbox 527 2011 833 2077; x_wconf 81' lang='lat' dir='ltr'><strong>traducunt,</strong></span> <span class='ocrx_word' id='word_1_135' title='bbox 887 2018 1237 2080; x_wconf 89' lang='lat' dir='ltr'><strong>precaturque</strong></span> <span class='ocrx_word' id='word_1_136' title='bbox 1267 2007 1521 2061; x_wconf 85' lang='lat' dir='ltr'><strong>adversus</strong></span> <span class='ocrx_word' id='word_1_137' title='bbox 1564 2005 1703 2069; x_wconf 86' lang='lat' dir='ltr'><strong>illos,</strong></span> <span class='ocrx_word' id='word_1_138' title='bbox 1739 2004 2111 2074; x_wconf 88' lang='lat' dir='ltr'><strong>maledicilque</strong></span> 
     </span>
    </p>
   </div>
   <div class='ocr_carea' id='block_1_19' title="bbox 524 2098 2110 2163">
    <p class='ocr_par' dir='ltr' id='par_1_19' title="bbox 524 2098 2110 2163">
     <span class='ocr_line' id='line_1_19' title="bbox 524 2098 2110 2163; baseline -0.005 -4"><span class='ocrx_word' id='word_1_139' title='bbox 524 2104 631 2159; x_wconf 88' lang='lat' dir='ltr'><strong>diei</strong></span> <span class='ocrx_word' id='word_1_140' title='bbox 658 2120 789 2159; x_wconf 64' lang='lat' dir='ltr'><strong>sum.</strong></span> <span class='ocrx_word' id='word_1_141' title='bbox 822 2103 977 2157; x_wconf 84' lang='lat' dir='ltr'><strong>Mittit</strong></span> <span class='ocrx_word' id='word_1_142' title='bbox 1000 2100 1252 2158; x_wconf 90' lang='lat' dir='ltr'><strong>Sedecias</strong></span> <span class='ocrx_word' id='word_1_143' title='bbox 1271 2116 1385 2163; x_wconf 87' lang='lat' dir='ltr'><strong>rex,</strong></span> <span class='ocrx_word' id='word_1_144' title='bbox 1412 2111 1468 2153; x_wconf 92' lang='lat' dir='ltr'><strong>ut</strong></span> <span class='ocrx_word' id='word_1_145' title='bbox 1492 2099 1662 2153; x_wconf 87' lang='lat' dir='ltr'><strong>discat</strong></span> <span class='ocrx_word' id='word_1_146' title='bbox 1687 2113 1714 2150; x_wconf 89' lang='lat' dir='ltr'><strong>a</strong></span> <span class='ocrx_word' id='word_1_147' title='bbox 1739 2098 1964 2152; x_wconf 82' lang='lat' dir='ltr'><strong>Jeremia</strong></span> <span class='ocrx_word' id='word_1_148' title='bbox 1984 2113 2110 2151; x_wconf 92' lang='lat' dir='ltr'><strong>num</strong></span> 
     </span>
    </p>
   </div>
   <div class='ocr_carea' id='block_1_20' title="bbox 523 2190 2111 2259">
    <p class='ocr_par' dir='ltr' id='par_1_20' title="bbox 523 2190 2111 2259">
     <span class='ocr_line' id='line_1_20' title="bbox 523 2190 2111 2259; baseline -0.006 -8"><span class='ocrx_word' id='word_1_149' title='bbox 523 2190 871 2253; x_wconf 81' lang='lat' dir='ltr'><strong>abscessurus</strong></span> <span class='ocrx_word' id='word_1_150' title='bbox 886 2212 915 2250; x_wconf 89' lang='lat' dir='ltr'><strong>a</strong></span> <span class='ocrx_word' id='word_1_151' title='bbox 937 2212 996 2251; x_wconf 90' lang='lat' dir='ltr'><strong>se</strong></span> <span class='ocrx_word' id='word_1_152' title='bbox 1012 2199 1079 2249; x_wconf 92' lang='lat' dir='ltr'><strong>sit</strong></span> <span class='ocrx_word' id='word_1_153' title='bbox 1099 2193 1609 2258; x_wconf 78' lang='lat' dir='ltr'><strong>Nabuchodonosor.</strong></span> <span class='ocrx_word' id='word_1_154' title='bbox 1629 2190 1721 2244; x_wconf 86' lang='lat' dir='ltr'><strong>ille</strong></span> <span class='ocrx_word' id='word_1_155' title='bbox 1740 2205 1868 2244; x_wconf 88' lang='lat' dir='ltr'><strong>vero</strong></span> <span class='ocrx_word' id='word_1_156' title='bbox 1889 2204 2111 2259; x_wconf 86' lang='lat' dir='ltr'><strong>respon-</strong></span> 
     </span>
    </p>
   </div>
   <div class='ocr_carea' id='block_1_21' title="bbox 524 2281 2110 2354">
    <p class='ocr_par' dir='ltr' id='par_1_21' title="bbox 524 2281 2110 2354">
     <span class='ocr_line' id='line_1_21' title="bbox 524 2281 2110 2354; baseline -0.004 -12"><span class='ocrx_word' id='word_1_157' title='bbox 524 2289 637 2354; x_wconf 68' lang='grc' dir='ltr'><strong>«ιρι,</strong></span> <span class='ocrx_word' id='word_1_158' title='bbox 664 2289 831 2343; x_wconf 88' lang='lat' dir='ltr'><strong>Deum</strong></span> <span class='ocrx_word' id='word_1_159' title='bbox 862 2288 1180 2343; x_wconf 86' lang='lat' dir='ltr'><strong>bellaturum</strong></span> <span class='ocrx_word' id='word_1_160' title='bbox 1206 2300 1326 2341; x_wconf 89' lang='lat' dir='ltr'><strong>esse</strong></span> <span class='ocrx_word' id='word_1_161' title='bbox 1354 2292 1538 2339; x_wconf 90' lang='lat' dir='ltr'><strong>contra</strong></span> <span class='ocrx_word' id='word_1_162' title='bbox 1577 2281 1790 2337; x_wconf 73' lang='lat' dir='ltr'><strong>Judzcos</strong></span> <span class='ocrx_word' id='word_1_163' title='bbox 1830 2292 1883 2336; x_wconf 90' lang='lat' dir='ltr'><strong>et</strong></span> <span class='ocrx_word' id='word_1_164' title='bbox 1923 2290 2110 2336; x_wconf 89' lang='lat' dir='ltr'><strong>contra</strong></span> 
     </span>
    </p>
   </div>
   <div class='ocr_carea' id='block_1_22' title="bbox 524 2373 2110 2449">
    <p class='ocr_par' dir='ltr' id='par_1_22' title="bbox 524 2373 2110 2449">
     <span class='ocr_line' id='line_1_22' title="bbox 524 2373 2110 2449; baseline -0.003 -17"><span class='ocrx_word' id='word_1_165' title='bbox 524 2396 703 2449; x_wconf 72' lang='lat' dir='ltr'><strong>regem</strong></span> <span class='ocrx_word' id='word_1_166' title='bbox 753 2378 1053 2435; x_wconf 84' lang='lat' dir='ltr'><strong>Sedeciam.</strong></span> <span class='ocrx_word' id='word_1_167' title='bbox 1096 2377 1154 2432; x_wconf 87' lang='lat' dir='ltr'><strong>Si</strong></span> <span class='ocrx_word' id='word_1_168' title='bbox 1202 2385 1379 2431; x_wconf 91' lang='lat' dir='ltr'><strong>autem</strong></span> <span class='ocrx_word' id='word_1_169' title='bbox 1430 2374 1657 2428; x_wconf 90' lang='lat' dir='ltr'><strong>voluerit</strong></span> <span class='ocrx_word' id='word_1_170' title='bbox 1684 2373 1911 2443; x_wconf 89' lang='lat' dir='ltr'><strong>populus</strong></span> <span class='ocrx_word' id='word_1_171' title='bbox 1937 2373 2110 2427; x_wconf 92' lang='lat' dir='ltr'><strong>libens</strong></span> 
     </span>
    </p>
   </div>
   <div class='ocr_carea' id='block_1_23' title="bbox 524 2468 2106 2537">
    <p class='ocr_par' dir='ltr' id='par_1_23' title="bbox 524 2468 2106 2537">
     <span class='ocr_line' id='line_1_23' title="bbox 524 2468 2106 2537; baseline -0.004 -11"><span class='ocrx_word' id='word_1_172' title='bbox 524 2474 753 2528; x_wconf 89' lang='lat' dir='ltr'><strong>transire</strong></span> <span class='ocrx_word' id='word_1_173' title='bbox 789 2473 854 2528; x_wconf 91' lang='lat' dir='ltr'><strong>ad</strong></span> <span class='ocrx_word' id='word_1_174' title='bbox 883 2471 1480 2533; x_wconf 84' lang='lat' dir='ltr'><strong>Nabuchodonosorem,</strong></span> <span class='ocrx_word' id='word_1_175' title='bbox 1517 2468 1690 2537; x_wconf 90' lang='lat' dir='ltr'><strong>ipsum</strong></span> <span class='ocrx_word' id='word_1_176' title='bbox 1718 2468 1944 2521; x_wconf 90' lang='lat' dir='ltr'><strong>salutem</strong></span> <span class='ocrx_word' id='word_1_177' title='bbox 1972 2482 2106 2521; x_wconf 89' lang='lat' dir='ltr'><strong>con-</strong></span> 
     </span>
    </p>
   </div>
   <div class='ocr_carea' id='block_1_24' title="bbox 524 2561 2104 2636">
    <p class='ocr_par' dir='ltr' id='par_1_24' title="bbox 524 2561 2104 2636">
     <span class='ocr_line' id='line_1_24' title="bbox 524 2561 2104 2636; baseline -0.003 -17"><span class='ocrx_word' id='word_1_178' title='bbox 524 2576 895 2636; x_wconf 89' lang='lat' dir='ltr'><strong>sequuturum,</strong></span> <span class='ocrx_word' id='word_1_179' title='bbox 926 2580 1215 2636; x_wconf 78' lang='lat' dir='ltr'><strong>regemque</strong></span> <span class='ocrx_word' id='word_1_180' title='bbox 1245 2579 1349 2618; x_wconf 93' lang='lat' dir='ltr'><strong>non</strong></span> <span class='ocrx_word' id='word_1_181' title='bbox 1385 2565 1674 2632; x_wconf 88' lang='lat' dir='ltr'><strong>periturum</strong></span> <span class='ocrx_word' id='word_1_182' title='bbox 1703 2576 1843 2628; x_wconf 87' lang='lat' dir='ltr'><strong>esse,</strong></span> <span class='ocrx_word' id='word_1_183' title='bbox 1874 2561 1916 2615; x_wconf 88' lang='lat' dir='ltr'><strong>si</strong></span> <span class='ocrx_word' id='word_1_184' title='bbox 1948 2577 1978 2615; x_wconf 92' lang='lat' dir='ltr'><strong>a</strong></span> <span class='ocrx_word' id='word_1_185' title='bbox 2009 2576 2104 2615; x_wconf 90' lang='lat' dir='ltr'><strong>sua</strong></span> 
     </span>
    </p>
   </div>
   <div class='ocr_carea' id='block_1_25' title="bbox 521 2653 2100 2729">
    <p class='ocr_par' dir='ltr' id='par_1_25' title="bbox 521 2653 2100 2729">
     <span class='ocr_line' id='line_1_25' title="bbox 521 2653 2100 2729; baseline -0.001 -19"><span class='ocrx_word' id='word_1_186' title='bbox 521 2658 805 2714; x_wconf 85' lang='lat' dir='ltr'><strong>discedens</strong></span> <span class='ocrx_word' id='word_1_187' title='bbox 834 2658 1089 2729; x_wconf 85' lang='lat' dir='ltr'><strong>nequitia,</strong></span> <span class='ocrx_word' id='word_1_188' title='bbox 1127 2657 1216 2711; x_wconf 89' lang='lat' dir='ltr'><strong>Dei</strong></span> <span class='ocrx_word' id='word_1_189' title='bbox 1246 2655 1526 2727; x_wconf 68' lang='lat' dir='ltr'><strong>prmeeplis</strong></span> <span class='ocrx_word' id='word_1_190' title='bbox 1546 2653 1823 2708; x_wconf 89' lang='lat' dir='ltr'><strong>attendere</strong></span> <span class='ocrx_word' id='word_1_191' title='bbox 1853 2653 2100 2708; x_wconf 88' lang='lat' dir='ltr'><strong>voluerit.</strong></span> 
     </span>
    </p>
   </div>
   <div class='ocr_carea' id='block_1_26' title="bbox 521 2748 2106 2815">
    <p class='ocr_par' dir='ltr' id='par_1_26' title="bbox 521 2748 2106 2815">
     <span class='ocr_line' id='line_1_26' title="bbox 521 2748 2106 2815; baseline -0.004 -10"><span class='ocrx_word' id='word_1_192' title='bbox 521 2751 719 2805; x_wconf 85' lang='lat' dir='ltr'><strong>Contra</strong></span> <span class='ocrx_word' id='word_1_193' title='bbox 748 2750 988 2806; x_wconf 81' lang='lat' dir='ltr'><strong>Joacbim</strong></span> <span class='ocrx_word' id='word_1_194' title='bbox 1019 2759 1073 2805; x_wconf 91' lang='lat' dir='ltr'><strong>et</strong></span> <span class='ocrx_word' id='word_1_195' title='bbox 1097 2748 1407 2804; x_wconf 87' lang='lat' dir='ltr'><strong>Jechoniam</strong></span> <span class='ocrx_word' id='word_1_196' title='bbox 1434 2757 1487 2801; x_wconf 92' lang='lat' dir='ltr'><strong>et</strong></span> <span class='ocrx_word' id='word_1_197' title='bbox 1509 2757 1693 2802; x_wconf 89' lang='lat' dir='ltr'><strong>contra</strong></span> <span class='ocrx_word' id='word_1_198' title='bbox 1720 2757 1959 2815; x_wconf 89' lang='lat' dir='ltr'><strong>pastores</strong></span> <span class='ocrx_word' id='word_1_199' title='bbox 1984 2760 2106 2814; x_wconf 86' lang='lat' dir='ltr'><strong>pro-</strong></span> 
     </span>
    </p>
   </div>
   <div class='ocr_carea' id='block_1_27' title="bbox 523 2839 2104 2912">
    <p class='ocr_par' dir='ltr' id='par_1_27' title="bbox 523 2839 2104 2912">
     <span class='ocr_line' id='line_1_27' title="bbox 523 2839 2104 2912; baseline -0.005 -17"><span class='ocrx_word' id='word_1_200' title='bbox 523 2843 700 2912; x_wconf 90' lang='lat' dir='ltr'><strong>phetia</strong></span> <span class='ocrx_word' id='word_1_201' title='bbox 726 2843 792 2897; x_wconf 90' lang='lat' dir='ltr'><strong>ad</strong></span> <span class='ocrx_word' id='word_1_202' title='bbox 824 2843 1124 2907; x_wconf 87' lang='lat' dir='ltr'><strong>Dominum,</strong></span> <span class='ocrx_word' id='word_1_203' title='bbox 1155 2856 1217 2895; x_wconf 92' lang='lat' dir='ltr'><strong>ac</strong></span> <span class='ocrx_word' id='word_1_204' title='bbox 1252 2839 1838 2910; x_wconf 83' lang='lat' dir='ltr'><strong>pseudoprOphetarum</strong></span> <span class='ocrx_word' id='word_1_205' title='bbox 1880 2851 2104 2892; x_wconf 85' lang='lat' dir='ltr'><strong>accusa-</strong></span> 
     </span>
    </p>
   </div>
   <div class='ocr_carea' id='block_1_28' title="bbox 523 2929 2104 3004">
    <p class='ocr_par' dir='ltr' id='par_1_28' title="bbox 523 2929 2104 3004">
     <span class='ocr_line' id='line_1_28' title="bbox 523 2929 2104 3004; baseline -0.003 -16"><span class='ocrx_word' id='word_1_206' title='bbox 523 2941 621 2989; x_wconf 90' lang='lat' dir='ltr'><strong>tio.</strong></span> <span class='ocrx_word' id='word_1_207' title='bbox 655 2936 799 2990; x_wconf 84' lang='lat' dir='ltr'><strong>Bona</strong></span> <span class='ocrx_word' id='word_1_208' title='bbox 828 2935 979 2991; x_wconf 86' lang='lat' dir='ltr'><strong>Jud:e</strong></span> <span class='ocrx_word' id='word_1_209' title='bbox 1024 2934 1340 3004; x_wconf 85' lang='lat' dir='ltr'><strong>prophetat:</strong></span> <span class='ocrx_word' id='word_1_210' title='bbox 1368 2931 1558 2985; x_wconf 90' lang='lat' dir='ltr'><strong>relicto</strong></span> <span class='ocrx_word' id='word_1_211' title='bbox 1598 2941 1776 2984; x_wconf 88' lang='lat' dir='ltr'><strong>autem</strong></span> <span class='ocrx_word' id='word_1_212' title='bbox 1827 2929 2021 2999; x_wconf 89' lang='lat' dir='ltr'><strong>populo</strong></span> <span class='ocrx_word' id='word_1_213' title='bbox 2052 2930 2104 2983; x_wconf 93' lang='lat' dir='ltr'><strong>in</strong></span> 
     </span>
    </p>
   </div>
   <div class='ocr_carea' id='block_1_29' title="bbox 520 3022 2104 3094">
    <p class='ocr_par' dir='ltr' id='par_1_29' title="bbox 520 3022 2104 3094">
     <span class='ocr_line' id='line_1_29' title="bbox 520 3022 2104 3094; baseline -0.003 -14"><span class='ocrx_word' id='word_1_214' title='bbox 520 3026 815 3081; x_wconf 82' lang='lat' dir='ltr'><strong>Jerusalem</strong></span> <span class='ocrx_word' id='word_1_215' title='bbox 847 3043 967 3081; x_wconf 91' lang='lat' dir='ltr'><strong>cum</strong></span> <span class='ocrx_word' id='word_1_216' title='bbox 996 3026 1217 3081; x_wconf 90' lang='lat' dir='ltr'><strong>Sedecia</strong></span> <span class='ocrx_word' id='word_1_217' title='bbox 1247 3040 1344 3094; x_wconf 91' lang='lat' dir='ltr'><strong>per</strong></span> <span class='ocrx_word' id='word_1_218' title='bbox 1367 3024 1665 3092; x_wconf 79' lang='lat' dir='ltr'><strong>exemplum</strong></span> <span class='ocrx_word' id='word_1_219' title='bbox 1696 3022 1887 3077; x_wconf 87' lang='lat' dir='ltr'><strong>licuum</strong></span> <span class='ocrx_word' id='word_1_220' title='bbox 1911 3037 2104 3077; x_wconf 88' lang='lat' dir='ltr'><strong>ascen-</strong></span> 
     </span>
    </p>
   </div>
   <div class='ocr_carea' id='block_1_30' title="bbox 519 3115 2103 3184">
    <p class='ocr_par' dir='ltr' id='par_1_30' title="bbox 519 3115 2103 3184">
     <span class='ocr_line' id='line_1_30' title="bbox 519 3115 2103 3184; baseline -0.003 -11"><span class='ocrx_word' id='word_1_221' title='bbox 519 3134 641 3173; x_wconf 90' lang='lat' dir='ltr'><strong>sum</strong></span> <span class='ocrx_word' id='word_1_222' title='bbox 664 3118 1200 3174; x_wconf 86' lang='lat' dir='ltr'><strong>Nabuchodonosoris</strong></span> <span class='ocrx_word' id='word_1_223' title='bbox 1222 3116 1557 3181; x_wconf 86' lang='lat' dir='ltr'><strong>vaticinatur,</strong></span> <span class='ocrx_word' id='word_1_224' title='bbox 1588 3115 1934 3183; x_wconf 89' lang='lat' dir='ltr'><strong>omniumque</strong></span> <span class='ocrx_word' id='word_1_225' title='bbox 1970 3130 2103 3184; x_wconf 84' lang='lat' dir='ltr'><strong>gen-</strong></span> 
     </span>
    </p>
   </div>
   <div class='ocr_carea' id='block_1_31' title="bbox 522 3207 2103 3286">
    <p class='ocr_par' dir='ltr' id='par_1_31' title="bbox 522 3207 2103 3286">
     <span class='ocr_line' id='line_1_31' title="bbox 522 3207 2103 3286; baseline -0.002 -22"><span class='ocrx_word' id='word_1_226' title='bbox 522 3213 653 3265; x_wconf 88' lang='lat' dir='ltr'><strong>tium</strong></span> <span class='ocrx_word' id='word_1_227' title='bbox 687 3211 974 3286; x_wconf 77' lang='lat' dir='ltr'><strong>perniciem</strong></span> <span class='ocrx_word' id='word_1_228' title='bbox 998 3226 1092 3281; x_wconf 91' lang='lat' dir='ltr'><strong>per</strong></span> <span class='ocrx_word' id='word_1_229' title='bbox 1118 3210 1220 3265; x_wconf 90' lang='lat' dir='ltr'><strong>hoc</strong></span> <span class='ocrx_word' id='word_1_230' title='bbox 1249 3208 1495 3279; x_wconf 89' lang='lat' dir='ltr'><strong>poculum</strong></span> <span class='ocrx_word' id='word_1_231' title='bbox 1526 3208 1808 3277; x_wconf 87' lang='lat' dir='ltr'><strong>signilicat.</strong></span> <span class='ocrx_word' id='word_1_232' title='bbox 1836 3207 2103 3277; x_wconf 86' lang='lat' dir='ltr'><strong>Jerosoly-</strong></span> 
     </span>
    </p>
   </div>
   <div class='ocr_carea' id='block_1_32' title="bbox 517 3300 2102 3373">
    <p class='ocr_par' dir='ltr' id='par_1_32' title="bbox 517 3300 2102 3373">
     <span class='ocr_line' id='line_1_32' title="bbox 517 3300 2102 3373; baseline -0.002 -15"><span class='ocrx_word' id='word_1_233' title='bbox 517 3318 623 3358; x_wconf 78' lang='lat' dir='ltr'><strong>nne</strong></span> <span class='ocrx_word' id='word_1_234' title='bbox 653 3303 919 3358; x_wconf 79' lang='lat' dir='ltr'><strong>excidium</strong></span> <span class='ocrx_word' id='word_1_235' title='bbox 949 3302 1209 3373; x_wconf 64' lang='lat' dir='ltr'><strong>praedicit.</strong></span> <span class='ocrx_word' id='word_1_236' title='bbox 1236 3300 1824 3370; x_wconf 89' lang='lat' dir='ltr'><strong>Comprehenditurque</strong></span> <span class='ocrx_word' id='word_1_237' title='bbox 1844 3300 2102 3355; x_wconf 83' lang='lat' dir='ltr'><strong>Jeremias</strong></span> 
     </span>
    </p>
   </div>
   <div class='ocr_carea' id='block_1_33' title="bbox 517 3392 2096 3461">
    <p class='ocr_par' dir='ltr' id='par_1_33' title="bbox 517 3392 2096 3461">
     <span class='ocr_line' id='line_1_33' title="bbox 517 3392 2096 3461; baseline 0 -15"><span class='ocrx_word' id='word_1_238' title='bbox 517 3394 843 3449; x_wconf 89' lang='lat' dir='ltr'><strong>occidendus</strong></span> <span class='ocrx_word' id='word_1_239' title='bbox 867 3410 897 3448; x_wconf 92' lang='lat' dir='ltr'><strong>a</strong></span> <span class='ocrx_word' id='word_1_240' title='bbox 927 3393 1314 3458; x_wconf 87' lang='lat' dir='ltr'><strong>sacerdotibus,</strong></span> <span class='ocrx_word' id='word_1_241' title='bbox 1350 3392 1556 3461; x_wconf 87' lang='lat' dir='ltr'><strong>hocque</strong></span> <span class='ocrx_word' id='word_1_242' title='bbox 1579 3392 1869 3459; x_wconf 86' lang='lat' dir='ltr'><strong>periculum</strong></span> <span class='ocrx_word' id='word_1_243' title='bbox 1900 3392 2096 3447; x_wconf 88' lang='lat' dir='ltr'><strong>evadit.</strong></span> 
     </span>
    </p>
   </div>
   <div class='ocr_carea' id='block_1_34' title="bbox 517 3485 2103 3557">
    <p class='ocr_par' dir='ltr' id='par_1_34' title="bbox 517 3485 2103 3557">
     <span class='ocr_line' id='line_1_34' title="bbox 517 3485 2103 3557; baseline -0.001 -16"><span class='ocrx_word' id='word_1_244' title='bbox 517 3486 741 3541; x_wconf 81' lang='lat' dir='ltr'><strong>Jubetnr</strong></span> <span class='ocrx_word' id='word_1_245' title='bbox 777 3487 1036 3557; x_wconf 88' lang='lat' dir='ltr'><strong>propheta</strong></span> <span class='ocrx_word' id='word_1_246' title='bbox 1062 3502 1120 3542; x_wconf 91' lang='lat' dir='ltr'><strong>se</strong></span> <span class='ocrx_word' id='word_1_247' title='bbox 1152 3486 1375 3541; x_wconf 91' lang='lat' dir='ltr'><strong>vinculis</strong></span> <span class='ocrx_word' id='word_1_248' title='bbox 1420 3485 1772 3550; x_wconf 87' lang='lat' dir='ltr'><strong>circumdare,</strong></span> <span class='ocrx_word' id='word_1_249' title='bbox 1816 3494 1869 3540; x_wconf 89' lang='lat' dir='ltr'><strong>et</strong></span> <span class='ocrx_word' id='word_1_250' title='bbox 1915 3485 2103 3555; x_wconf 86' lang='lat' dir='ltr'><strong>legatis</strong></span> 
     </span>
    </p>
   </div>
   <div class='ocr_carea' id='block_1_35' title="bbox 516 3576 2102 3649">
    <p class='ocr_par' dir='ltr' id='par_1_35' title="bbox 516 3576 2102 3649">
     <span class='ocr_line' id='line_1_35' title="bbox 516 3576 2102 3649; baseline -0.001 -18"><span class='ocrx_word' id='word_1_251' title='bbox 516 3577 935 3649; x_wconf 84' lang='lat' dir='ltr'><strong>alienigenarum</strong></span> <span class='ocrx_word' id='word_1_252' title='bbox 957 3578 1188 3645; x_wconf 86' lang='lat' dir='ltr'><strong>edicere,</strong></span> <span class='ocrx_word' id='word_1_253' title='bbox 1213 3587 1271 3632; x_wconf 88' lang='lat' dir='ltr'><strong>ut</strong></span> <span class='ocrx_word' id='word_1_254' title='bbox 1286 3577 1600 3631; x_wconf 87' lang='lat' dir='ltr'><strong>annuntient</strong></span> <span class='ocrx_word' id='word_1_255' title='bbox 1617 3576 1830 3645; x_wconf 82' lang='lat' dir='ltr'><strong>regibus</strong></span> <span class='ocrx_word' id='word_1_256' title='bbox 1854 3576 1965 3630; x_wconf 91' lang='lat' dir='ltr'><strong>suis</strong></span> <span class='ocrx_word' id='word_1_257' title='bbox 1985 3576 2102 3630; x_wconf 91' lang='lat' dir='ltr'><strong>sub-</strong></span> 
     </span>
    </p>
   </div>
   <div class='ocr_carea' id='block_1_36' title="bbox 515 3667 2099 3739">
    <p class='ocr_par' dir='ltr' id='par_1_36' title="bbox 515 3667 2099 3739">
     <span class='ocr_line' id='line_1_36' title="bbox 515 3667 2099 3739; baseline 0 -18"><span class='ocrx_word' id='word_1_258' title='bbox 515 3668 603 3738; x_wconf 79' lang='lat' dir='ltr'><strong>jici</strong></span> <span class='ocrx_word' id='word_1_259' title='bbox 632 3684 726 3723; x_wconf 91' lang='lat' dir='ltr'><strong>eos</strong></span> <span class='ocrx_word' id='word_1_260' title='bbox 757 3680 1007 3739; x_wconf 87' lang='lat' dir='ltr'><strong>oportere</strong></span> <span class='ocrx_word' id='word_1_261' title='bbox 1031 3669 1573 3731; x_wconf 88' lang='lat' dir='ltr'><strong>Nabuchodonosori;</strong></span> <span class='ocrx_word' id='word_1_262' title='bbox 1604 3667 1902 3737; x_wconf 87' lang='lat' dir='ltr'><strong>minarique</strong></span> <span class='ocrx_word' id='word_1_263' title='bbox 1934 3667 2099 3722; x_wconf 89' lang='lat' dir='ltr'><strong>Deum</strong></span> 
     </span>
    </p>
   </div>
   <div class='ocr_carea' id='block_1_37' title="bbox 515 3757 2101 3830">
    <p class='ocr_par' dir='ltr' id='par_1_37' title="bbox 515 3757 2101 3830">
     <span class='ocr_line' id='line_1_37' title="bbox 515 3757 2101 3830; baseline -0.001 -17"><span class='ocrx_word' id='word_1_264' title='bbox 515 3769 741 3814; x_wconf 90' lang='lat' dir='ltr'><strong>mortem</strong></span> <span class='ocrx_word' id='word_1_265' title='bbox 764 3760 828 3814; x_wconf 90' lang='lat' dir='ltr'><strong>iis</strong></span> <span class='ocrx_word' id='word_1_266' title='bbox 848 3759 1025 3829; x_wconf 79' lang='lat' dir='ltr'><strong>qni‘se</strong></span> <span class='ocrx_word' id='word_1_267' title='bbox 1052 3760 1149 3830; x_wconf 91' lang='lat' dir='ltr'><strong>ipsi</strong></span> <span class='ocrx_word' id='word_1_268' title='bbox 1178 3775 1280 3813; x_wconf 92' lang='lat' dir='ltr'><strong>non</strong></span> <span class='ocrx_word' id='word_1_269' title='bbox 1308 3758 1612 3828; x_wconf 89' lang='lat' dir='ltr'><strong>subjiciant.</strong></span> <span class='ocrx_word' id='word_1_270' title='bbox 1638 3757 1892 3813; x_wconf 90' lang='lat' dir='ltr'><strong>Eamdem</strong></span> <span class='ocrx_word' id='word_1_271' title='bbox 1908 3758 2101 3813; x_wconf 77' lang='lat' dir='ltr'><strong>exhor-</strong></span> 
     </span>
    </p>
   </div>
   <div class='ocr_carea' id='block_1_38' title="bbox 515 3850 2101 3921">
    <p class='ocr_par' dir='ltr' id='par_1_38' title="bbox 515 3850 2101 3921">
     <span class='ocr_line' id='line_1_38' title="bbox 515 3850 2101 3921; baseline -0.001 -17"><span class='ocrx_word' id='word_1_272' title='bbox 515 3851 771 3905; x_wconf 91' lang='lat' dir='ltr'><strong>tationem</strong></span> <span class='ocrx_word' id='word_1_273' title='bbox 800 3852 1020 3905; x_wconf 86' lang='lat' dir='ltr'><strong>adhibet</strong></span> <span class='ocrx_word' id='word_1_274' title='bbox 1039 3866 1163 3921; x_wconf 87' lang='lat' dir='ltr'><strong>erga</strong></span> <span class='ocrx_word' id='word_1_275' title='bbox 1195 3850 1494 3914; x_wconf 87' lang='lat' dir='ltr'><strong>Sedeciam,</strong></span> <span class='ocrx_word' id='word_1_276' title='bbox 1529 3857 1585 3903; x_wconf 88' lang='lat' dir='ltr'><strong>et</strong></span> <span class='ocrx_word' id='word_1_277' title='bbox 1612 3850 1893 3919; x_wconf 90' lang='lat' dir='ltr'><strong>populum,</strong></span> <span class='ocrx_word' id='word_1_278' title='bbox 1912 3858 1968 3904; x_wconf 90' lang='lat' dir='ltr'><strong>et</strong></span> <span class='ocrx_word' id='word_1_279' title='bbox 2012 3864 2101 3903; x_wconf 87' lang='lat' dir='ltr'><strong>sa-</strong></span> 
     </span>
    </p>
   </div>
   <div class='ocr_carea' id='block_1_39' title="bbox 515 3940 2102 4011">
    <p class='ocr_par' dir='ltr' id='par_1_39' title="bbox 515 3940 2102 4011">
     <span class='ocr_line' id='line_1_39' title="bbox 515 3940 2102 4011; baseline -0.002 -13"><span class='ocrx_word' id='word_1_280' title='bbox 515 3943 781 3998; x_wconf 86' lang='lat' dir='ltr'><strong>cerdotes.</strong></span> <span class='ocrx_word' id='word_1_281' title='bbox 833 3945 1068 3998; x_wconf 85' lang='lat' dir='ltr'><strong>Ananias</strong></span> <span class='ocrx_word' id='word_1_282' title='bbox 1114 3958 1243 3997; x_wconf 90' lang='lat' dir='ltr'><strong>vero</strong></span> <span class='ocrx_word' id='word_1_283' title='bbox 1289 3940 1752 4011; x_wconf 89' lang='lat' dir='ltr'><strong>pseudopropheta</strong></span> <span class='ocrx_word' id='word_1_284' title='bbox 1810 3940 2102 3995; x_wconf 87' lang='lat' dir='ltr'><strong>obsistebat</strong></span> 
     </span>
    </p>
   </div>
   <div class='ocr_carea' id='block_1_40' title="bbox 514 4031 2095 4104">
    <p class='ocr_par' dir='ltr' id='par_1_40' title="bbox 514 4031 2095 4104">
     <span class='ocr_line' id='line_1_40' title="bbox 514 4031 2095 4104; baseline -0.001 -17"><span class='ocrx_word' id='word_1_285' title='bbox 514 4032 761 4087; x_wconf 83' lang='lat' dir='ltr'><strong>Jeremiae</strong></span> <span class='ocrx_word' id='word_1_286' title='bbox 808 4035 1085 4104; x_wconf 71' lang='lat' dir='ltr'><strong>pr0phetze</strong></span> <span class='ocrx_word' id='word_1_287' title='bbox 1130 4033 1335 4095; x_wconf 86' lang='lat' dir='ltr'><strong>dicens,</strong></span> <span class='ocrx_word' id='word_1_288' title='bbox 1365 4048 1489 4087; x_wconf 89' lang='lat' dir='ltr'><strong>vasa</strong></span> <span class='ocrx_word' id='word_1_289' title='bbox 1519 4047 1669 4087; x_wconf 89' lang='lat' dir='ltr'><strong>sacra</strong></span> <span class='ocrx_word' id='word_1_290' title='bbox 1699 4031 1929 4087; x_wconf 90' lang='lat' dir='ltr'><strong>reditura</strong></span> <span class='ocrx_word' id='word_1_291' title='bbox 1956 4045 2095 4097; x_wconf 86' lang='lat' dir='ltr'><strong>esse,</strong></span> 
     </span>
    </p>
   </div>
   <div class='ocr_carea' id='block_1_41' title="bbox 515 4124 2101 4197">
    <p class='ocr_par' dir='ltr' id='par_1_41' title="bbox 515 4124 2101 4197">
     <span class='ocr_line' id='line_1_41' title="bbox 515 4124 2101 4197; baseline 0.001 -17"><span class='ocrx_word' id='word_1_292' title='bbox 515 4140 723 4180; x_wconf 90' lang='lat' dir='ltr'><strong>necnon</strong></span> <span class='ocrx_word' id='word_1_293' title='bbox 750 4125 1084 4191; x_wconf 87' lang='lat' dir='ltr'><strong>Jcchoniam,</strong></span> <span class='ocrx_word' id='word_1_294' title='bbox 1115 4126 1205 4197; x_wconf 85' lang='lat' dir='ltr'><strong>qui</strong></span> <span class='ocrx_word' id='word_1_295' title='bbox 1236 4134 1351 4181; x_wconf 91' lang='lat' dir='ltr'><strong>erat</strong></span> <span class='ocrx_word' id='word_1_296' title='bbox 1374 4125 1509 4180; x_wconf 84' lang='lat' dir='ltr'><strong>filius</strong></span> <span class='ocrx_word' id='word_1_297' title='bbox 1529 4124 1770 4180; x_wconf 83' lang='lat' dir='ltr'><strong>Joacbim</strong></span> <span class='ocrx_word' id='word_1_298' title='bbox 1798 4124 1977 4179; x_wconf 88' lang='lat' dir='ltr'><strong>fratris</strong></span> <span class='ocrx_word' id='word_1_299' title='bbox 2004 4126 2101 4181; x_wconf 88' lang='lat' dir='ltr'><strong>Se-</strong></span> 
     </span>
    </p>
   </div>
   <div class='ocr_carea' id='block_1_42' title="bbox 508 4210 2099 4287">
    <p class='ocr_par' dir='ltr' id='par_1_42' title="bbox 508 4210 2099 4287">
     <span class='ocr_line' id='line_1_42' title="bbox 508 4210 2099 4287; baseline 0.001 -17"><span class='ocrx_word' id='word_1_300' title='bbox 508 4210 700 4271; x_wconf 33' lang='lat' dir='ltr'><strong>‘deciw.</strong></span> <span class='ocrx_word' id='word_1_301' title='bbox 744 4217 811 4273; x_wconf 89' lang='lat' dir='ltr'><strong>Et</strong></span> <span class='ocrx_word' id='word_1_302' title='bbox 838 4218 1088 4272; x_wconf 87' lang='lat' dir='ltr'><strong>contrivit</strong></span> <span class='ocrx_word' id='word_1_303' title='bbox 1129 4228 1344 4272; x_wconf 84' lang='lat' dir='ltr'><strong>catenas</strong></span> <span class='ocrx_word' id='word_1_304' title='bbox 1389 4217 1681 4287; x_wconf 77' lang='lat' dir='ltr'><strong>prophetze.</strong></span> <span class='ocrx_word' id='word_1_305' title='bbox 1721 4216 1944 4271; x_wconf 85' lang='lat' dir='ltr'><strong>Mittitur</strong></span> <span class='ocrx_word' id='word_1_306' title='bbox 1972 4232 2099 4287; x_wconf 88' lang='lat' dir='ltr'><strong>ergo</strong></span> 
     </span>
    </p>
   </div>
   <div class='ocr_carea' id='block_1_43' title="bbox 514 4309 2099 4383">
    <p class='ocr_par' dir='ltr' id='par_1_43' title="bbox 514 4309 2099 4383">
     <span class='ocr_line' id='line_1_43' title="bbox 514 4309 2099 4383; baseline 0 -19"><span class='ocrx_word' id='word_1_307' title='bbox 514 4309 774 4365; x_wconf 84' lang='lat' dir='ltr'><strong>Jeremias</strong></span> <span class='ocrx_word' id='word_1_308' title='bbox 796 4319 853 4365; x_wconf 90' lang='lat' dir='ltr'><strong>ut</strong></span> <span class='ocrx_word' id='word_1_309' title='bbox 876 4320 1102 4366; x_wconf 90' lang='lat' dir='ltr'><strong>mortem</strong></span> <span class='ocrx_word' id='word_1_310' title='bbox 1131 4311 1227 4383; x_wconf 86' lang='lat' dir='ltr'><strong>ipsi</strong></span> <span class='ocrx_word' id='word_1_311' title='bbox 1256 4311 1528 4382; x_wconf 66' lang='lat' dir='ltr'><strong>prazdicat,</strong></span> <span class='ocrx_word' id='word_1_312' title='bbox 1556 4311 1607 4364; x_wconf 93' lang='lat' dir='ltr'><strong>in</strong></span> <span class='ocrx_word' id='word_1_313' title='bbox 1630 4326 1695 4365; x_wconf 89' lang='lat' dir='ltr'><strong>eo</strong></span> <span class='ocrx_word' id='word_1_314' title='bbox 1722 4310 1837 4379; x_wconf 93' lang='lat' dir='ltr'><strong>ipso</strong></span> <span class='ocrx_word' id='word_1_315' title='bbox 1859 4325 1999 4365; x_wconf 91' lang='lat' dir='ltr'><strong>anno</strong></span> <span class='ocrx_word' id='word_1_316' title='bbox 2016 4311 2099 4364; x_wconf 89' lang='lat' dir='ltr'><strong>l&#39;u-</strong></span> 
     </span>
    </p>
   </div>
   <div class='ocr_carea' id='block_1_44' title="bbox 516 4404 2097 4475">
    <p class='ocr_par' dir='ltr' id='par_1_44' title="bbox 516 4404 2097 4475">
     <span class='ocr_line' id='line_1_44' title="bbox 516 4404 2097 4475; baseline 0.003 -20"><span class='ocrx_word' id='word_1_317' title='bbox 516 4412 711 4470; x_wconf 90' lang='lat' dir='ltr'><strong>turam,</strong></span> <span class='ocrx_word' id='word_1_318' title='bbox 736 4404 875 4474; x_wconf 92' lang='lat' dir='ltr'><strong>quod</strong></span> <span class='ocrx_word' id='word_1_319' title='bbox 916 4405 1073 4459; x_wconf 91' lang='lat' dir='ltr'><strong>etiam</strong></span> <span class='ocrx_word' id='word_1_320' title='bbox 1105 4406 1300 4460; x_wconf 87' lang='lat' dir='ltr'><strong>evenit.</strong></span> <span class='ocrx_word' id='word_1_321' title='bbox 1337 4405 1667 4461; x_wconf 86' lang='lat' dir='ltr'><strong>Vaticinatur</strong></span> <span class='ocrx_word' id='word_1_322' title='bbox 1698 4405 1836 4459; x_wconf 89' lang='lat' dir='ltr'><strong>mala</strong></span> <span class='ocrx_word' id='word_1_323' title='bbox 1865 4405 2097 4475; x_wconf 90' lang='lat' dir='ltr'><strong>pseudo-</strong></span> 
     </span>
    </p>
   </div>
   <div class='ocr_carea' id='block_1_45' title="bbox 516 4493 2099 4565">
    <p class='ocr_par' dir='ltr' id='par_1_45' title="bbox 516 4493 2099 4565">
     <span class='ocr_line' id='line_1_45' title="bbox 516 4493 2099 4565; baseline 0.002 -18"><span class='ocrx_word' id='word_1_324' title='bbox 516 4493 794 4565; x_wconf 88' lang='lat' dir='ltr'><strong>prophetis</strong></span> <span class='ocrx_word' id='word_1_325' title='bbox 838 4494 1110 4565; x_wconf 86' lang='lat' dir='ltr'><strong>Babylone</strong></span> <span class='ocrx_word' id='word_1_326' title='bbox 1149 4495 1507 4561; x_wconf 89' lang='lat' dir='ltr'><strong>versantibus,</strong></span> <span class='ocrx_word' id='word_1_327' title='bbox 1541 4495 1839 4565; x_wconf 88' lang='lat' dir='ltr'><strong>populoque</strong></span> <span class='ocrx_word' id='word_1_328' title='bbox 1884 4496 2099 4565; x_wconf 91' lang='lat' dir='ltr'><strong>longum</strong></span> 
     </span>
    </p>
   </div>
   <div class='ocr_carea' id='block_1_46' title="bbox 516 4584 2095 4654">
    <p class='ocr_par' dir='ltr' id='par_1_46' title="bbox 516 4584 2095 4654">
     <span class='ocr_line' id='line_1_46' title="bbox 516 4584 2095 4654; baseline 0 -15"><span class='ocrx_word' id='word_1_329' title='bbox 516 4584 836 4652; x_wconf 84' lang='lat' dir='ltr'><strong>captivitatis</strong></span> <span class='ocrx_word' id='word_1_330' title='bbox 863 4595 1091 4654; x_wconf 89' lang='lat' dir='ltr'><strong>tempus,</strong></span> <span class='ocrx_word' id='word_1_331' title='bbox 1115 4587 1208 4642; x_wconf 90' lang='lat' dir='ltr'><strong>sed</strong></span> <span class='ocrx_word' id='word_1_332' title='bbox 1237 4595 1414 4642; x_wconf 90' lang='lat' dir='ltr'><strong>tamen</strong></span> <span class='ocrx_word' id='word_1_333' title='bbox 1442 4586 1673 4641; x_wconf 89' lang='lat' dir='ltr'><strong>reditum</strong></span> <span class='ocrx_word' id='word_1_334' title='bbox 1699 4601 1817 4641; x_wconf 90' lang='lat' dir='ltr'><strong>esse</strong></span> <span class='ocrx_word' id='word_1_335' title='bbox 1841 4584 2095 4639; x_wconf 87' lang='lat' dir='ltr'><strong>futurum.</strong></span> 
     </span>
    </p>
   </div>
   <div class='ocr_carea' id='block_1_47' title="bbox 518 4676 2096 4749">
    <p class='ocr_par' dir='ltr' id='par_1_47' title="bbox 518 4676 2096 4749">
     <span class='ocr_line' id='line_1_47' title="bbox 518 4676 2096 4749; baseline -0.001 -18"><span class='ocrx_word' id='word_1_336' title='bbox 518 4678 592 4731; x_wconf 91' lang='lat' dir='ltr'><strong>De</strong></span> <span class='ocrx_word' id='word_1_337' title='bbox 618 4676 699 4730; x_wconf 93' lang='lat' dir='ltr'><strong>his</strong></span> <span class='ocrx_word' id='word_1_338' title='bbox 722 4676 1089 4747; x_wconf 88' lang='lat' dir='ltr'><strong>indignabatur</strong></span> <span class='ocrx_word' id='word_1_339' title='bbox 1108 4678 1347 4745; x_wconf 88' lang='lat' dir='ltr'><strong>Sameas,</strong></span> <span class='ocrx_word' id='word_1_340' title='bbox 1373 4679 1461 4749; x_wconf 86' lang='lat' dir='ltr'><strong>qui</strong></span> <span class='ocrx_word' id='word_1_341' title='bbox 1488 4678 2096 4748; x_wconf 90' lang='lat' dir='ltr'><strong>increpatsacerdotem,</strong></span> 
     </span>
    </p>
   </div>
   <div class='ocr_carea' id='block_1_48' title="bbox 515 4767 2095 4839">
    <p class='ocr_par' dir='ltr' id='par_1_48' title="bbox 515 4767 2095 4839">
     <span class='ocr_line' id='line_1_48' title="bbox 515 4767 2095 4839; baseline -0.001 -18"><span class='ocrx_word' id='word_1_342' title='bbox 515 4767 657 4837; x_wconf 87' lang='lat' dir='ltr'><strong>quod</strong></span> <span class='ocrx_word' id='word_1_343' title='bbox 687 4782 790 4822; x_wconf 92' lang='lat' dir='ltr'><strong>non</strong></span> <span class='ocrx_word' id='word_1_344' title='bbox 816 4768 1115 4836; x_wconf 90' lang='lat' dir='ltr'><strong>impedierit</strong></span> <span class='ocrx_word' id='word_1_345' title='bbox 1141 4770 1425 4839; x_wconf 88' lang='lat' dir='ltr'><strong>quominus</strong></span> <span class='ocrx_word' id='word_1_346' title='bbox 1452 4769 1710 4824; x_wconf 84' lang='lat' dir='ltr'><strong>Jeremias</strong></span> <span class='ocrx_word' id='word_1_347' title='bbox 1737 4768 1861 4822; x_wconf 87' lang='lat' dir='ltr'><strong>talia</strong></span> <span class='ocrx_word' id='word_1_348' title='bbox 1902 4767 2095 4821; x_wconf 91' lang='lat' dir='ltr'><strong>vatici-</strong></span> 
     </span>
    </p>
   </div>
   <div class='ocr_carea' id='block_1_49' title="bbox 516 4858 2096 4931">
    <p class='ocr_par' dir='ltr' id='par_1_49' title="bbox 516 4858 2096 4931">
     <span class='ocr_line' id='line_1_49' title="bbox 516 4858 2096 4931; baseline -0.001 -18"><span class='ocrx_word' id='word_1_349' title='bbox 516 4869 752 4915; x_wconf 87' lang='lat' dir='ltr'><strong>naretur.</strong></span> <span class='ocrx_word' id='word_1_350' title='bbox 781 4858 904 4914; x_wconf 89' lang='lat' dir='ltr'><strong>ideo</strong></span> <span class='ocrx_word' id='word_1_351' title='bbox 927 4860 1158 4915; x_wconf 83' lang='lat' dir='ltr'><strong>minatur</strong></span> <span class='ocrx_word' id='word_1_352' title='bbox 1186 4862 1328 4917; x_wconf 90' lang='lat' dir='ltr'><strong>Deus</strong></span> <span class='ocrx_word' id='word_1_353' title='bbox 1349 4878 1408 4917; x_wconf 89' lang='lat' dir='ltr'><strong>se</strong></span> <span class='ocrx_word' id='word_1_354' title='bbox 1434 4862 1582 4917; x_wconf 91' lang='lat' dir='ltr'><strong>illum</strong></span> <span class='ocrx_word' id='word_1_355' title='bbox 1604 4877 1723 4916; x_wconf 88' lang='lat' dir='ltr'><strong>esse</strong></span> <span class='ocrx_word' id='word_1_356' title='bbox 1748 4860 2096 4931; x_wconf 89' lang='lat' dir='ltr'><strong>perditurum.</strong></span> 
     </span>
    </p>
   </div>
   <div class='ocr_carea' id='block_1_50' title="bbox 520 4951 2100 5023">
    <p class='ocr_par' dir='ltr' id='par_1_50' title="bbox 520 4951 2100 5023">
     <span class='ocr_line' id='line_1_50' title="bbox 520 4951 2100 5023; baseline 0.001 -18"><span class='ocrx_word' id='word_1_357' title='bbox 520 4952 718 5007; x_wconf 84' lang='lat' dir='ltr'><strong>Deinde</strong></span> <span class='ocrx_word' id='word_1_358' title='bbox 748 4966 927 5006; x_wconf 90' lang='lat' dir='ltr'><strong>sermo</strong></span> <span class='ocrx_word' id='word_1_359' title='bbox 950 4953 1340 5009; x_wconf 82' lang='lat' dir='ltr'><strong>consolatorios</strong></span> <span class='ocrx_word' id='word_1_360' title='bbox 1362 4954 1564 5009; x_wconf 91' lang='lat' dir='ltr'><strong>lsraeli.</strong></span> <span class='ocrx_word' id='word_1_361' title='bbox 1604 4954 1838 5023; x_wconf 90' lang='lat' dir='ltr'><strong>Tempus</strong></span> <span class='ocrx_word' id='word_1_362' title='bbox 1862 4951 2100 5007; x_wconf 90' lang='lat' dir='ltr'><strong>declarat</strong></span> 
     </span>
    </p>
   </div>
   <div class='ocr_carea' id='block_1_51' title="bbox 514 5043 2099 5116">
    <p class='ocr_par' dir='ltr' id='par_1_51' title="bbox 514 5043 2099 5116">
     <span class='ocr_line' id='line_1_51' title="bbox 514 5043 2099 5116; baseline 0.003 -22"><span class='ocrx_word' id='word_1_363' title='bbox 514 5061 621 5114; x_wconf 83' lang='lat' dir='ltr'><strong>quo</strong></span> <span class='ocrx_word' id='word_1_364' title='bbox 665 5043 899 5099; x_wconf 89' lang='lat' dir='ltr'><strong>futurum</strong></span> <span class='ocrx_word' id='word_1_365' title='bbox 938 5054 1020 5099; x_wconf 90' lang='lat' dir='ltr'><strong>est</strong></span> <span class='ocrx_word' id='word_1_366' title='bbox 1064 5054 1123 5099; x_wconf 91' lang='lat' dir='ltr'><strong>ut</strong></span> <span class='ocrx_word' id='word_1_367' title='bbox 1163 5055 1500 5100; x_wconf 87' lang='lat' dir='ltr'><strong>revertantur</strong></span> <span class='ocrx_word' id='word_1_368' title='bbox 1536 5062 1602 5101; x_wconf 83' lang='lat' dir='ltr'><strong>ex</strong></span> <span class='ocrx_word' id='word_1_369' title='bbox 1633 5045 1922 5116; x_wconf 77' lang='lat' dir='ltr'><strong>Babylone.</strong></span> <span class='ocrx_word' id='word_1_370' title='bbox 1966 5043 2099 5098; x_wconf 93' lang='lat' dir='ltr'><strong>lllud</strong></span> 
     </span>
    </p>
   </div>
   <div class='ocr_carea' id='block_1_52' title="bbox 516 5135 2102 5208">
    <p class='ocr_par' dir='ltr' id='par_1_52' title="bbox 516 5135 2102 5208">
     <span class='ocr_line' id='line_1_52' title="bbox 516 5135 2102 5208; baseline -0.001 -17"><span class='ocrx_word' id='word_1_371' title='bbox 516 5153 644 5193; x_wconf 90' lang='lat' dir='ltr'><strong>vero</strong></span> <span class='ocrx_word' id='word_1_372' title='bbox 672 5148 789 5194; x_wconf 89' lang='lat' dir='ltr'><strong>erat</strong></span> <span class='ocrx_word' id='word_1_373' title='bbox 818 5146 1029 5208; x_wconf 89' lang='lat' dir='ltr'><strong>tempus</strong></span> <span class='ocrx_word' id='word_1_374' title='bbox 1049 5138 1274 5202; x_wconf 86' lang='lat' dir='ltr'><strong>Phasec,</strong></span> <span class='ocrx_word' id='word_1_375' title='bbox 1303 5153 1398 5193; x_wconf 91' lang='lat' dir='ltr'><strong>seu</strong></span> <span class='ocrx_word' id='word_1_376' title='bbox 1424 5137 1641 5207; x_wconf 88' lang='lat' dir='ltr'><strong>pascha,</strong></span> <span class='ocrx_word' id='word_1_377' title='bbox 1671 5145 1728 5190; x_wconf 93' lang='lat' dir='ltr'><strong>ut</strong></span> <span class='ocrx_word' id='word_1_378' title='bbox 1754 5136 1807 5190; x_wconf 91' lang='lat' dir='ltr'><strong>in</strong></span> <span class='ocrx_word' id='word_1_379' title='bbox 1831 5135 1998 5190; x_wconf 87' lang='lat' dir='ltr'><strong>Esdra</strong></span> <span class='ocrx_word' id='word_1_380' title='bbox 2017 5151 2102 5190; x_wconf 88' lang='lat' dir='ltr'><strong>re-</strong></span> 
     </span>
    </p>
   </div>
   <div class='ocr_carea' id='block_1_53' title="bbox 513 5228 2099 5299">
    <p class='ocr_par' dir='ltr' id='par_1_53' title="bbox 513 5228 2099 5299">
     <span class='ocr_line' id='line_1_53' title="bbox 513 5228 2099 5299; baseline -0.003 -14"><span class='ocrx_word' id='word_1_381' title='bbox 513 5230 692 5299; x_wconf 90' lang='lat' dir='ltr'><strong>perire</strong></span> <span class='ocrx_word' id='word_1_382' title='bbox 718 5238 820 5295; x_wconf 90' lang='lat' dir='ltr'><strong>est,</strong></span> <span class='ocrx_word' id='word_1_383' title='bbox 869 5229 1013 5299; x_wconf 91' lang='lat' dir='ltr'><strong>ipsos</strong></span> <span class='ocrx_word' id='word_1_384' title='bbox 1042 5243 1234 5298; x_wconf 89' lang='lat' dir='ltr'><strong>nempe</strong></span> <span class='ocrx_word' id='word_1_385' title='bbox 1262 5229 1314 5283; x_wconf 93' lang='lat' dir='ltr'><strong>in</strong></span> <span class='ocrx_word' id='word_1_386' title='bbox 1345 5228 1479 5283; x_wconf 89' lang='lat' dir='ltr'><strong>festo</strong></span> <span class='ocrx_word' id='word_1_387' title='bbox 1505 5230 1827 5299; x_wconf 84' lang='lat' dir='ltr'><strong>Azymorum</strong></span> <span class='ocrx_word' id='word_1_388' title='bbox 1854 5240 2099 5282; x_wconf 88' lang='lat' dir='ltr'><strong>reversos</strong></span> 
     </span>
    </p>
   </div>
   <div class='ocr_carea' id='block_1_54' title="bbox 513 5315 2094 5390">
    <p class='ocr_par' dir='ltr' id='par_1_54' title="bbox 513 5315 2094 5390">
     <span class='ocr_line' id='line_1_54' title="bbox 513 5315 2094 5390; baseline -0.001 -17"><span class='ocrx_word' id='word_1_389' title='bbox 513 5335 654 5375; x_wconf 89' lang='lat' dir='ltr'><strong>esse.</strong></span> <span class='ocrx_word' id='word_1_390' title='bbox 690 5319 872 5390; x_wconf 88' lang='lat' dir='ltr'><strong>Itaque</strong></span> <span class='ocrx_word' id='word_1_391' title='bbox 897 5319 1177 5374; x_wconf 87' lang='lat' dir='ltr'><strong>manifeste</strong></span> <span class='ocrx_word' id='word_1_392' title='bbox 1201 5317 1371 5374; x_wconf 77' lang='lat' dir='ltr'><strong>Judaei</strong></span> <span class='ocrx_word' id='word_1_393' title='bbox 1402 5317 1663 5373; x_wconf 90' lang='lat' dir='ltr'><strong>mendacii</strong></span> <span class='ocrx_word' id='word_1_394' title='bbox 1691 5315 2094 5372; x_wconf 84' lang='lat' dir='ltr'><strong>convincuntur.</strong></span> 
     </span>
    </p>
   </div>
   <div class='ocr_carea' id='block_1_55' title="bbox 514 5408 2098 5481">
    <p class='ocr_par' dir='ltr' id='par_1_55' title="bbox 514 5408 2098 5481">
     <span class='ocr_line' id='line_1_55' title="bbox 514 5408 2098 5481; baseline -0.003 -16"><span class='ocrx_word' id='word_1_395' title='bbox 514 5412 649 5467; x_wconf 79' lang='lat' dir='ltr'><strong>Nam</strong></span> <span class='ocrx_word' id='word_1_396' title='bbox 675 5412 815 5468; x_wconf 91' lang='lat' dir='ltr'><strong>bona</strong></span> <span class='ocrx_word' id='word_1_397' title='bbox 840 5412 928 5468; x_wconf 85' lang='lat' dir='ltr'><strong>hic</strong></span> <span class='ocrx_word' id='word_1_398' title='bbox 963 5413 1031 5469; x_wconf 91' lang='lat' dir='ltr'><strong>de</strong></span> <span class='ocrx_word' id='word_1_399' title='bbox 1078 5411 1210 5480; x_wconf 89' lang='lat' dir='ltr'><strong>ipsis</strong></span> <span class='ocrx_word' id='word_1_400' title='bbox 1251 5410 1515 5481; x_wconf 88' lang='lat' dir='ltr'><strong>descripta</strong></span> <span class='ocrx_word' id='word_1_401' title='bbox 1556 5408 1728 5463; x_wconf 88' lang='lat' dir='ltr'><strong>adhuc</strong></span> <span class='ocrx_word' id='word_1_402' title='bbox 1768 5416 2098 5479; x_wconf 82' lang='lat' dir='ltr'><strong>exspectant,</strong></span> 
     </span>
    </p>
   </div>
   <div class='ocr_carea' id='block_1_56' title="bbox 516 5498 2097 5572">
    <p class='ocr_par' dir='ltr' id='par_1_56' title="bbox 516 5498 2097 5572">
     <span class='ocr_line' id='line_1_56' title="bbox 516 5498 2097 5572; baseline -0.004 -15"><span class='ocrx_word' id='word_1_403' title='bbox 516 5519 636 5570; x_wconf 85' lang='lat' dir='ltr'><strong>quae</strong></span> <span class='ocrx_word' id='word_1_404' title='bbox 663 5503 769 5572; x_wconf 86' lang='lat' dir='ltr'><strong>jam</strong></span> <span class='ocrx_word' id='word_1_405' title='bbox 796 5513 1081 5559; x_wconf 89' lang='lat' dir='ltr'><strong>venerunt.</strong></span> <span class='ocrx_word' id='word_1_406' title='bbox 1114 5505 1190 5558; x_wconf 88' lang='lat' dir='ltr'><strong>De</strong></span> <span class='ocrx_word' id='word_1_407' title='bbox 1219 5501 1514 5557; x_wconf 88' lang='lat' dir='ltr'><strong>infantibus</strong></span> <span class='ocrx_word' id='word_1_408' title='bbox 1554 5501 1621 5555; x_wconf 91' lang='lat' dir='ltr'><strong>ab</strong></span> <span class='ocrx_word' id='word_1_409' title='bbox 1649 5498 1859 5554; x_wconf 87' lang='lat' dir='ltr'><strong>Herode</strong></span> <span class='ocrx_word' id='word_1_410' title='bbox 1886 5498 2097 5553; x_wconf 91' lang='lat' dir='ltr'><strong>occisis.</strong></span> 
     </span>
    </p>
   </div>
   <div class='ocr_carea' id='block_1_57' title="bbox 517 5589 2099 5667">
    <p class='ocr_par' dir='ltr' id='par_1_57' title="bbox 517 5589 2099 5667">
     <span class='ocr_line' id='line_1_57' title="bbox 517 5589 2099 5667; baseline -0.003 -20"><span class='ocrx_word' id='word_1_411' title='bbox 517 5594 590 5648; x_wconf 86' lang='lat' dir='ltr'><strong>De</strong></span> <span class='ocrx_word' id='word_1_412' title='bbox 608 5594 756 5649; x_wconf 87' lang='lat' dir='ltr'><strong>Novo</strong></span> <span class='ocrx_word' id='word_1_413' title='bbox 781 5596 1127 5651; x_wconf 88' lang='lat' dir='ltr'><strong>Testamento</strong></span> <span class='ocrx_word' id='word_1_414' title='bbox 1152 5594 1451 5667; x_wconf 84' lang='lat' dir='ltr'><strong>prophetia.</strong></span> <span class='ocrx_word' id='word_1_415' title='bbox 1480 5592 1762 5662; x_wconf 89' lang='lat' dir='ltr'><strong>Etiamque</strong></span> <span class='ocrx_word' id='word_1_416' title='bbox 1778 5589 2099 5659; x_wconf 88' lang='lat' dir='ltr'><strong>descriptam</strong></span> 
     </span>
    </p>
   </div>
   <div class='ocr_carea' id='block_1_58' title="bbox 486 5681 2099 5754">
    <p class='ocr_par' dir='ltr' id='par_1_58' title="bbox 486 5681 2099 5754">
     <span class='ocr_line' id='line_1_58' title="bbox 486 5681 2099 5754; baseline -0.006 -7"><span class='ocrx_word' id='word_1_417' title='bbox 486 5689 619 5747; x_wconf 83' lang='lat' dir='ltr'><strong>lhoc</strong></span> <span class='ocrx_word' id='word_1_418' title='bbox 650 5689 768 5744; x_wconf 92' lang='lat' dir='ltr'><strong>loco</strong></span> <span class='ocrx_word' id='word_1_419' title='bbox 798 5690 947 5745; x_wconf 89' lang='lat' dir='ltr'><strong>urbis</strong></span> <span class='ocrx_word' id='word_1_420' title='bbox 970 5690 1441 5746; x_wconf 64' lang='lat' dir='ltr'><strong>remdilicationem</strong></span> <span class='ocrx_word' id='word_1_421' title='bbox 1471 5686 1647 5741; x_wconf 84' lang='lat' dir='ltr'><strong>adhuc</strong></span> <span class='ocrx_word' id='word_1_422' title='bbox 1674 5681 2099 5754; x_wconf 71' lang='lat' dir='ltr'><strong>exspectantiu-</strong></span> 
     </span>
    </p>
   </div>
   <div class='ocr_carea' id='block_1_59' title="bbox 516 5773 2099 5852">
    <p class='ocr_par' dir='ltr' id='par_1_59' title="bbox 516 5773 2099 5852">
     <span class='ocr_line' id='line_1_59' title="bbox 516 5773 2099 5852; baseline -0.004 -18"><span class='ocrx_word' id='word_1_423' title='bbox 516 5779 637 5834; x_wconf 77' lang='lat' dir='ltr'><strong>dzai.</strong></span> <span class='ocrx_word' id='word_1_424' title='bbox 667 5780 737 5834; x_wconf 84' lang='lat' dir='ltr'><strong>At</strong></span> <span class='ocrx_word' id='word_1_425' title='bbox 764 5780 853 5835; x_wconf 89' lang='lat' dir='ltr'><strong>illa</strong></span> <span class='ocrx_word' id='word_1_426' title='bbox 879 5781 1041 5836; x_wconf 80' lang='lat' dir='ltr'><strong>finem</strong></span> <span class='ocrx_word' id='word_1_427' title='bbox 1084 5782 1311 5852; x_wconf 84' lang='lat' dir='ltr'><strong>accepit,</strong></span> <span class='ocrx_word' id='word_1_428' title='bbox 1345 5780 1481 5833; x_wconf 87' lang='lat' dir='ltr'><strong>facta</strong></span> <span class='ocrx_word' id='word_1_429' title='bbox 1526 5778 1731 5832; x_wconf 89' lang='lat' dir='ltr'><strong>scilicet</strong></span> <span class='ocrx_word' id='word_1_430' title='bbox 1772 5773 1988 5845; x_wconf 89' lang='lat' dir='ltr'><strong>quando</strong></span> <span class='ocrx_word' id='word_1_431' title='bbox 2035 5789 2099 5828; x_wconf 76' lang='lat' dir='ltr'><strong>ex</strong></span> 
     </span>
    </p>
   </div>
   <div class='ocr_carea' id='block_1_60' title="bbox 519 5872 2102 5946">
    <p class='ocr_par' dir='ltr' id='par_1_60' title="bbox 519 5872 2102 5946">
     <span class='ocr_line' id='line_1_60' title="bbox 519 5872 2102 5946; baseline -0.004 -18"><span class='ocrx_word' id='word_1_432' title='bbox 519 5872 789 5946; x_wconf 82' lang='lat' dir='ltr'><strong>Babylone</strong></span> <span class='ocrx_word' id='word_1_433' title='bbox 832 5874 1121 5931; x_wconf 79' lang='lat' dir='ltr'><strong>redierunt.</strong></span> <span class='ocrx_word' id='word_1_434' title='bbox 1170 5874 1391 5931; x_wconf 86' lang='lat' dir='ltr'><strong>Jubelur</strong></span> <span class='ocrx_word' id='word_1_435' title='bbox 1417 5872 1676 5930; x_wconf 81' lang='lat' dir='ltr'><strong>Jeremias</strong></span> <span class='ocrx_word' id='word_1_436' title='bbox 1715 5886 1891 5926; x_wconf 85' lang='lat' dir='ltr'><strong>emere</strong></span> <span class='ocrx_word' id='word_1_437' title='bbox 1921 5884 2102 5941; x_wconf 81' lang='lat' dir='ltr'><strong>agrum</strong></span> 
     </span>
    </p>
   </div>
   <div class='ocr_carea' id='block_1_61' title="bbox 1251 411 3057 499">
    <p class='ocr_par' dir='ltr' id='par_1_61' title="bbox 1251 411 3057 499">
     <span class='ocr_line' id='line_1_61' title="bbox 1251 411 3057 499; baseline -0.002 -20"><span class='ocrx_word' id='word_1_438' title='bbox 1251 421 1310 479; x_wconf 90' lang='lat' dir='ltr'><strong>S.</strong></span> <span class='ocrx_word' id='word_1_439' title='bbox 1350 416 1624 478; x_wconf 80' lang='lat' dir='ltr'><strong>JOANNIS</strong></span> <span class='ocrx_word' id='word_1_440' title='bbox 1656 411 2130 499; x_wconf 74' lang='lat' dir='ltr'><strong>CHRYSOSTOMI</strong></span> <span class='ocrx_word' id='word_1_441' title='bbox 2170 415 2484 472; x_wconf 82' lang='lat' dir='ltr'><strong>ARCHIEP.</strong></span> <span class='ocrx_word' id='word_1_442' title='bbox 2522 416 3057 478; x_wconf 80' lang='lat' dir='ltr'><strong>CONSTANTINOP.</strong></span> 
     </span>
    </p>
   </div>
   <div class='ocr_carea' id='block_1_62' title="bbox 3704 418 3809 480">
    <p class='ocr_par' dir='ltr' id='par_1_62' title="bbox 3704 418 3809 480">
     <span class='ocr_line' id='line_1_62' title="bbox 3704 418 3809 480; baseline 0 -1"><span class='ocrx_word' id='word_1_443' title='bbox 3704 418 3809 480; x_wconf 70' lang='lat' dir='ltr'><strong>suo</strong></span> 
     </span>
    </p>
   </div>
   <div class='ocr_carea' id='block_1_63' title="bbox 2222 529 3801 600">
    <p class='ocr_par' dir='ltr' id='par_1_63' title="bbox 2222 529 3801 600">
     <span class='ocr_line' id='line_1_63' title="bbox 2222 529 3801 600; baseline 0.009 -18"><span class='ocrx_word' id='word_1_444' title='bbox 2222 529 2396 600; x_wconf 84' lang='lat' dir='ltr'><strong>patrui</strong></span> <span class='ocrx_word' id='word_1_445' title='bbox 2424 531 2525 597; x_wconf 92' lang='lat' dir='ltr'><strong>sui,</strong></span> <span class='ocrx_word' id='word_1_446' title='bbox 2557 539 2614 587; x_wconf 85' lang='lat' dir='ltr'><strong>et</strong></span> <span class='ocrx_word' id='word_1_447' title='bbox 2655 547 2777 589; x_wconf 92' lang='lat' dir='ltr'><strong>cum</strong></span> <span class='ocrx_word' id='word_1_448' title='bbox 2818 535 3075 599; x_wconf 87' lang='lat' dir='ltr'><strong>emisset,</strong></span> <span class='ocrx_word' id='word_1_449' title='bbox 3096 534 3207 590; x_wconf 89' lang='lat' dir='ltr'><strong>ait:</strong></span> <span class='ocrx_word' id='word_1_450' title='bbox 3234 530 3369 589; x_wconf 87' lang='lat' dir='ltr'><strong>Urbs</strong></span> <span class='ocrx_word' id='word_1_451' title='bbox 3397 533 3591 590; x_wconf 88' lang='lat' dir='ltr'><strong>tradita</strong></span> <span class='ocrx_word' id='word_1_452' title='bbox 3620 546 3721 600; x_wconf 86' lang='lat' dir='ltr'><strong>est.</strong></span> <span class='ocrx_word' id='word_1_453' title='bbox 3750 552 3801 597; x_wconf 87' lang='lat' dir='ltr'><strong>et</strong></span> 
     </span>
    </p>
   </div>
   <div class='ocr_carea' id='block_1_64' title="bbox 2217 623 3801 699">
    <p class='ocr_par' dir='ltr' id='par_1_64' title="bbox 2217 623 3801 699">
     <span class='ocr_line' id='line_1_64' title="bbox 2217 623 3801 699; baseline 0.004 -22"><span class='ocrx_word' id='word_1_454' title='bbox 2217 623 2371 693; x_wconf 77' lang='lat' dir='ltr'><strong>iubes</strong></span> <span class='ocrx_word' id='word_1_455' title='bbox 2391 639 2569 681; x_wconf 91' lang='lat' dir='ltr'><strong>emere</strong></span> <span class='ocrx_word' id='word_1_456' title='bbox 2592 642 2798 696; x_wconf 86' lang='lat' dir='ltr'><strong>agrum.</strong></span> <span class='ocrx_word' id='word_1_457' title='bbox 2818 628 2961 683; x_wconf 90' lang='lat' dir='ltr'><strong>Deus</strong></span> <span class='ocrx_word' id='word_1_458' title='bbox 2980 637 3154 681; x_wconf 89' lang='lat' dir='ltr'><strong>autem</strong></span> <span class='ocrx_word' id='word_1_459' title='bbox 3171 626 3246 681; x_wconf 92' lang='lat' dir='ltr'><strong>ait</strong></span> <span class='ocrx_word' id='word_1_460' title='bbox 3264 627 3359 693; x_wconf 93' lang='lat' dir='ltr'><strong>illi,</strong></span> <span class='ocrx_word' id='word_1_461' title='bbox 3385 628 3671 697; x_wconf 64' lang='lat' dir='ltr'><strong>praesentia</strong></span> <span class='ocrx_word' id='word_1_462' title='bbox 3688 633 3801 699; x_wconf 88' lang='lat' dir='ltr'><strong>qui-</strong></span> 
     </span>
    </p>
   </div>
   <div class='ocr_carea' id='block_1_65' title="bbox 2219 714 3801 789">
    <p class='ocr_par' dir='ltr' id='par_1_65' title="bbox 2219 714 3801 789">
     <span class='ocr_line' id='line_1_65' title="bbox 2219 714 3801 789; baseline 0.005 -21"><span class='ocrx_word' id='word_1_463' title='bbox 2219 714 2341 769; x_wconf 89' lang='lat' dir='ltr'><strong>dem</strong></span> <span class='ocrx_word' id='word_1_464' title='bbox 2365 716 2499 769; x_wconf 91' lang='lat' dir='ltr'><strong>mala</strong></span> <span class='ocrx_word' id='word_1_465' title='bbox 2527 727 2746 787; x_wconf 91' lang='lat' dir='ltr'><strong>propter</strong></span> <span class='ocrx_word' id='word_1_466' title='bbox 2764 728 2978 787; x_wconf 89' lang='lat' dir='ltr'><strong>peccata</strong></span> <span class='ocrx_word' id='word_1_467' title='bbox 3006 718 3184 788; x_wconf 91' lang='lat' dir='ltr'><strong>populi</strong></span> <span class='ocrx_word' id='word_1_468' title='bbox 3216 720 3459 774; x_wconf 86' lang='lat' dir='ltr'><strong>evenire:</strong></span> <span class='ocrx_word' id='word_1_469' title='bbox 3488 727 3801 789; x_wconf 88' lang='lat' dir='ltr'><strong>tempusque</strong></span> 
     </span>
    </p>
   </div>
   <div class='ocr_carea' id='block_1_66' title="bbox 2220 806 3796 871">
    <p class='ocr_par' dir='ltr' id='par_1_66' title="bbox 2220 806 3796 871">
     <span class='ocr_line' id='line_1_66' title="bbox 2220 806 3796 871; baseline 0.006 -12"><span class='ocrx_word' id='word_1_470' title='bbox 2220 806 2352 871; x_wconf 88' lang='lat' dir='ltr'><strong>fore,</strong></span> <span class='ocrx_word' id='word_1_471' title='bbox 2383 822 2504 860; x_wconf 93' lang='lat' dir='ltr'><strong>eum</strong></span> <span class='ocrx_word' id='word_1_472' title='bbox 2532 824 2743 863; x_wconf 90' lang='lat' dir='ltr'><strong>rursum</strong></span> <span class='ocrx_word' id='word_1_473' title='bbox 2776 810 2901 864; x_wconf 92' lang='lat' dir='ltr'><strong>urbs</strong></span> <span class='ocrx_word' id='word_1_474' title='bbox 2928 809 3330 864; x_wconf 87' lang='lat' dir='ltr'><strong>inhabitabitur.</strong></span> <span class='ocrx_word' id='word_1_475' title='bbox 3363 810 3613 865; x_wconf 63' lang='lat' dir='ltr'><strong>Praedicit</strong></span> <span class='ocrx_word' id='word_1_476' title='bbox 3636 811 3796 868; x_wconf 87' lang='lat' dir='ltr'><strong>Sede-</strong></span> 
     </span>
    </p>
   </div>
   <div class='ocr_carea' id='block_1_67' title="bbox 2219 896 3798 974">
    <p class='ocr_par' dir='ltr' id='par_1_67' title="bbox 2219 896 3798 974">
     <span class='ocr_line' id='line_1_67' title="bbox 2219 896 3798 974; baseline 0.007 -23"><span class='ocrx_word' id='word_1_477' title='bbox 2219 896 2338 960; x_wconf 76' lang='lat' dir='ltr'><strong>cize,</strong></span> <span class='ocrx_word' id='word_1_478' title='bbox 2383 899 2556 966; x_wconf 91' lang='lat' dir='ltr'><strong>ipsum</strong></span> <span class='ocrx_word' id='word_1_479' title='bbox 2587 910 2798 968; x_wconf 90' lang='lat' dir='ltr'><strong>captum</strong></span> <span class='ocrx_word' id='word_1_480' title='bbox 2832 901 2914 968; x_wconf 92' lang='lat' dir='ltr'><strong>iri,</strong></span> <span class='ocrx_word' id='word_1_481' title='bbox 2962 910 3017 957; x_wconf 92' lang='lat' dir='ltr'><strong>et</strong></span> <span class='ocrx_word' id='word_1_482' title='bbox 3047 903 3253 957; x_wconf 90' lang='lat' dir='ltr'><strong>incusat</strong></span> <span class='ocrx_word' id='word_1_483' title='bbox 3294 918 3391 958; x_wconf 92' lang='lat' dir='ltr'><strong>eos</strong></span> <span class='ocrx_word' id='word_1_484' title='bbox 3434 904 3573 974; x_wconf 89' lang='lat' dir='ltr'><strong>quod</strong></span> <span class='ocrx_word' id='word_1_485' title='bbox 3615 920 3798 962; x_wconf 70' lang='lat' dir='ltr'><strong>servos</strong></span> 
     </span>
    </p>
   </div>
   <div class='ocr_carea' id='block_1_68' title="bbox 2218 987 3798 1066">
    <p class='ocr_par' dir='ltr' id='par_1_68' title="bbox 2218 987 3798 1066">
     <span class='ocr_line' id='line_1_68' title="bbox 2218 987 3798 1066; baseline 0.006 -26"><span class='ocrx_word' id='word_1_486' title='bbox 2218 1001 2355 1055; x_wconf 92' lang='lat' dir='ltr'><strong>quos</strong></span> <span class='ocrx_word' id='word_1_487' title='bbox 2381 987 2625 1042; x_wconf 78' lang='lat' dir='ltr'><strong>libertate</strong></span> <span class='ocrx_word' id='word_1_488' title='bbox 2651 988 3003 1058; x_wconf 87' lang='lat' dir='ltr'><strong>donaverant,</strong></span> <span class='ocrx_word' id='word_1_489' title='bbox 3034 1008 3222 1047; x_wconf 89' lang='lat' dir='ltr'><strong>rursus</strong></span> <span class='ocrx_word' id='word_1_490' title='bbox 3261 993 3468 1049; x_wconf 86' lang='lat' dir='ltr'><strong>servire</strong></span> <span class='ocrx_word' id='word_1_491' title='bbox 3504 1007 3798 1066; x_wconf 86' lang='lat' dir='ltr'><strong>cogerent:</strong></span> 
     </span>
    </p>
   </div>
   <div class='ocr_carea' id='block_1_69' title="bbox 2218 1078 3801 1156">
    <p class='ocr_par' dir='ltr' id='par_1_69' title="bbox 2218 1078 3801 1156">
     <span class='ocr_line' id='line_1_69' title="bbox 2218 1078 3801 1156; baseline 0.006 -26"><span class='ocrx_word' id='word_1_492' title='bbox 2218 1078 2557 1149; x_wconf 89' lang='lat' dir='ltr'><strong>minaturque</strong></span> <span class='ocrx_word' id='word_1_493' title='bbox 2583 1096 2829 1151; x_wconf 91' lang='lat' dir='ltr'><strong>magnam</strong></span> <span class='ocrx_word' id='word_1_494' title='bbox 2860 1082 2972 1137; x_wconf 87' lang='lat' dir='ltr'><strong>fore</strong></span> <span class='ocrx_word' id='word_1_495' title='bbox 2998 1084 3375 1138; x_wconf 87' lang='lat' dir='ltr'><strong>calamitatem.</strong></span> <span class='ocrx_word' id='word_1_496' title='bbox 3409 1085 3534 1140; x_wconf 87' lang='lat' dir='ltr'><strong>Ideo</strong></span> <span class='ocrx_word' id='word_1_497' title='bbox 3559 1088 3801 1156; x_wconf 70' lang='lat' dir='ltr'><strong>praecipit</strong></span> 
     </span>
    </p>
   </div>
   <div class='ocr_carea' id='block_1_70' title="bbox 2219 1168 3798 1235">
    <p class='ocr_par' dir='ltr' id='par_1_70' title="bbox 2219 1168 3798 1235">
     <span class='ocr_line' id='line_1_70' title="bbox 2219 1168 3798 1235; baseline 0.005 -13"><span class='ocrx_word' id='word_1_498' title='bbox 2219 1168 2344 1224; x_wconf 83' lang='lat' dir='ltr'><strong>filiis</strong></span> <span class='ocrx_word' id='word_1_499' title='bbox 2371 1169 2629 1235; x_wconf 86' lang='lat' dir='ltr'><strong>Jonadab,</strong></span> <span class='ocrx_word' id='word_1_500' title='bbox 2658 1182 2715 1226; x_wconf 93' lang='lat' dir='ltr'><strong>ut</strong></span> <span class='ocrx_word' id='word_1_501' title='bbox 2735 1173 2949 1227; x_wconf 91' lang='lat' dir='ltr'><strong>domum</strong></span> <span class='ocrx_word' id='word_1_502' title='bbox 2981 1184 3310 1229; x_wconf 85' lang='lat' dir='ltr'><strong>construant.</strong></span> <span class='ocrx_word' id='word_1_503' title='bbox 3341 1175 3419 1230; x_wconf 91' lang='lat' dir='ltr'><strong>llli</strong></span> <span class='ocrx_word' id='word_1_504' title='bbox 3444 1187 3621 1233; x_wconf 90' lang='lat' dir='ltr'><strong>autem</strong></span> <span class='ocrx_word' id='word_1_505' title='bbox 3643 1191 3798 1232; x_wconf 86' lang='lat' dir='ltr'><strong>recu-</strong></span> 
     </span>
    </p>
   </div>
   <div class='ocr_carea' id='block_1_71' title="bbox 2217 1260 3798 1340">
    <p class='ocr_par' dir='ltr' id='par_1_71' title="bbox 2217 1260 3798 1340">
     <span class='ocr_line' id='line_1_71' title="bbox 2217 1260 3798 1340; baseline 0.006 -25"><span class='ocrx_word' id='word_1_506' title='bbox 2217 1269 2358 1315; x_wconf 89' lang='lat' dir='ltr'><strong>sant.</strong></span> <span class='ocrx_word' id='word_1_507' title='bbox 2388 1260 2614 1318; x_wconf 85' lang='lat' dir='ltr'><strong>Jubetur</strong></span> <span class='ocrx_word' id='word_1_508' title='bbox 2640 1263 2903 1321; x_wconf 84' lang='lat' dir='ltr'><strong>Jeremias</strong></span> <span class='ocrx_word' id='word_1_509' title='bbox 2928 1281 2992 1321; x_wconf 92' lang='lat' dir='ltr'><strong>ea</strong></span> <span class='ocrx_word' id='word_1_510' title='bbox 3022 1267 3258 1323; x_wconf 89' lang='lat' dir='ltr'><strong>scribere</strong></span> <span class='ocrx_word' id='word_1_511' title='bbox 3283 1269 3481 1334; x_wconf 89' lang='lat' dir='ltr'><strong>omnia,</strong></span> <span class='ocrx_word' id='word_1_512' title='bbox 3521 1285 3641 1340; x_wconf 67' lang='lat' dir='ltr'><strong>quae</strong></span> <span class='ocrx_word' id='word_1_513' title='bbox 3669 1271 3798 1325; x_wconf 89' lang='lat' dir='ltr'><strong>vati-</strong></span> 
     </span>
    </p>
   </div>
   <div class='ocr_carea' id='block_1_72' title="bbox 2218 1353 3799 1429">
    <p class='ocr_par' dir='ltr' id='par_1_72' title="bbox 2218 1353 3799 1429">
     <span class='ocr_line' id='line_1_72' title="bbox 2218 1353 3799 1429; baseline 0.008 -22"><span class='ocrx_word' id='word_1_514' title='bbox 2218 1353 2426 1410; x_wconf 90' lang='lat' dir='ltr'><strong>cinatus</strong></span> <span class='ocrx_word' id='word_1_515' title='bbox 2446 1366 2561 1409; x_wconf 89' lang='lat' dir='ltr'><strong>erat</strong></span> <span class='ocrx_word' id='word_1_516' title='bbox 2589 1371 2751 1427; x_wconf 89' lang='lat' dir='ltr'><strong>super</strong></span> <span class='ocrx_word' id='word_1_517' title='bbox 2778 1358 2962 1423; x_wconf 87' lang='lat' dir='ltr'><strong>Israel,</strong></span> <span class='ocrx_word' id='word_1_518' title='bbox 2996 1368 3052 1413; x_wconf 94' lang='lat' dir='ltr'><strong>ut</strong></span> <span class='ocrx_word' id='word_1_519' title='bbox 3080 1361 3164 1415; x_wconf 90' lang='lat' dir='ltr'><strong>vel</strong></span> <span class='ocrx_word' id='word_1_520' title='bbox 3192 1362 3270 1417; x_wconf 92' lang='lat' dir='ltr'><strong>sic</strong></span> <span class='ocrx_word' id='word_1_521' title='bbox 3295 1361 3662 1429; x_wconf 90' lang='lat' dir='ltr'><strong>formidarent,</strong></span> <span class='ocrx_word' id='word_1_522' title='bbox 3684 1381 3799 1419; x_wconf 87' lang='lat' dir='ltr'><strong>rur-</strong></span> 
     </span>
    </p>
   </div>
   <div class='ocr_carea' id='block_1_73' title="bbox 2216 1448 3855 1521">
    <p class='ocr_par' dir='ltr' id='par_1_73' title="bbox 2216 1448 3855 1521">
     <span class='ocr_line' id='line_1_73' title="bbox 2216 1448 3855 1521; baseline 0.004 -20"><span class='ocrx_word' id='word_1_523' title='bbox 2216 1462 2338 1502; x_wconf 89' lang='lat' dir='ltr'><strong>sum</strong></span> <span class='ocrx_word' id='word_1_524' title='bbox 2366 1448 2643 1505; x_wconf 89' lang='lat' dir='ltr'><strong>audientes</strong></span> <span class='ocrx_word' id='word_1_525' title='bbox 2662 1466 2745 1514; x_wconf 88' lang='lat' dir='ltr'><strong>ea,</strong></span> <span class='ocrx_word' id='word_1_526' title='bbox 2769 1467 2888 1521; x_wconf 62' lang='lat' dir='ltr'><strong>qua:</strong></span> <span class='ocrx_word' id='word_1_527' title='bbox 2916 1452 3059 1521; x_wconf 92' lang='lat' dir='ltr'><strong>ipsos</strong></span> <span class='ocrx_word' id='word_1_528' title='bbox 3080 1452 3324 1508; x_wconf 89' lang='lat' dir='ltr'><strong>invasura</strong></span> <span class='ocrx_word' id='word_1_529' title='bbox 3345 1465 3498 1509; x_wconf 90' lang='lat' dir='ltr'><strong>erant</strong></span> <span class='ocrx_word' id='word_1_530' title='bbox 3517 1457 3656 1511; x_wconf 89' lang='lat' dir='ltr'><strong>mala</strong></span> <span class='ocrx_word' id='word_1_531' title='bbox 3678 1475 3693 1512; x_wconf 93' lang='lat'><strong>:</strong></span> <span class='ocrx_word' id='word_1_532' title='bbox 3712 1458 3799 1514; x_wconf 85' lang='lat' dir='ltr'><strong>ille</strong></span> <span class='ocrx_word' id='word_1_533' title='bbox 3849 1502 3855 1507; x_wconf 90' lang='lat'><strong>.</strong></span> 
     </span>
    </p>
   </div>
   <div class='ocr_carea' id='block_1_74' title="bbox 2217 1539 3795 1618">
    <p class='ocr_par' dir='ltr' id='par_1_74' title="bbox 2217 1539 3795 1618">
     <span class='ocr_line' id='line_1_74' title="bbox 2217 1539 3795 1618; baseline 0.007 -27"><span class='ocrx_word' id='word_1_534' title='bbox 2217 1552 2351 1593; x_wconf 91' lang='lat' dir='ltr'><strong>vero</strong></span> <span class='ocrx_word' id='word_1_535' title='bbox 2375 1539 2618 1609; x_wconf 60' lang='lat' dir='ltr'><strong>praecipit</strong></span> <span class='ocrx_word' id='word_1_536' title='bbox 2646 1541 2913 1609; x_wconf 87' lang='lat' dir='ltr'><strong>Barucbo,</strong></span> <span class='ocrx_word' id='word_1_537' title='bbox 2956 1553 3012 1597; x_wconf 92' lang='lat' dir='ltr'><strong>ut</strong></span> <span class='ocrx_word' id='word_1_538' title='bbox 3049 1543 3150 1598; x_wconf 93' lang='lat' dir='ltr'><strong>hoc</strong></span> <span class='ocrx_word' id='word_1_539' title='bbox 3178 1544 3356 1614; x_wconf 90' lang='lat' dir='ltr'><strong>faciat,</strong></span> <span class='ocrx_word' id='word_1_540' title='bbox 3406 1547 3603 1618; x_wconf 88' lang='lat' dir='ltr'><strong>illeque</strong></span> <span class='ocrx_word' id='word_1_541' title='bbox 3651 1547 3795 1604; x_wconf 86' lang='lat' dir='ltr'><strong>fecit.</strong></span> 
     </span>
    </p>
   </div>
   <div class='ocr_carea' id='block_1_75' title="bbox 2217 1626 3799 1710">
    <p class='ocr_par' dir='ltr' id='par_1_75' title="bbox 2217 1626 3799 1710">
     <span class='ocr_line' id='line_1_75' title="bbox 2217 1626 3799 1710; baseline 0.008 -29"><span class='ocrx_word' id='word_1_542' title='bbox 2217 1626 2287 1681; x_wconf 87' lang='lat' dir='ltr'><strong>Et</strong></span> <span class='ocrx_word' id='word_1_543' title='bbox 2315 1643 2436 1682; x_wconf 94' lang='lat' dir='ltr'><strong>cum</strong></span> <span class='ocrx_word' id='word_1_544' title='bbox 2465 1631 2786 1699; x_wconf 89' lang='lat' dir='ltr'><strong>scripsisset,</strong></span> <span class='ocrx_word' id='word_1_545' title='bbox 2816 1631 3013 1687; x_wconf 68' lang='lat' dir='ltr'><strong>Juda-is</strong></span> <span class='ocrx_word' id='word_1_546' title='bbox 3042 1633 3186 1703; x_wconf 86' lang='lat' dir='ltr'><strong>legit.</strong></span> <span class='ocrx_word' id='word_1_547' title='bbox 3221 1634 3287 1690; x_wconf 90' lang='lat' dir='ltr'><strong>Ut</strong></span> <span class='ocrx_word' id='word_1_548' title='bbox 3314 1636 3367 1690; x_wconf 92' lang='lat' dir='ltr'><strong>id</strong></span> <span class='ocrx_word' id='word_1_549' title='bbox 3396 1637 3617 1694; x_wconf 91' lang='lat' dir='ltr'><strong>audiere</strong></span> <span class='ocrx_word' id='word_1_550' title='bbox 3652 1642 3799 1710; x_wconf 85' lang='lat' dir='ltr'><strong>prin-</strong></span> 
     </span>
    </p>
   </div>
   <div class='ocr_carea' id='block_1_76' title="bbox 2216 1720 3798 1797">
    <p class='ocr_par' dir='ltr' id='par_1_76' title="bbox 2216 1720 3798 1797">
     <span class='ocr_line' id='line_1_76' title="bbox 2216 1720 3798 1797; baseline 0.008 -21"><span class='ocrx_word' id='word_1_551' title='bbox 2216 1720 2382 1790; x_wconf 88' lang='lat' dir='ltr'><strong>cipes,</strong></span> <span class='ocrx_word' id='word_1_552' title='bbox 2414 1724 2865 1780; x_wconf 85' lang='lat' dir='ltr'><strong>annuntiaverunt</strong></span> <span class='ocrx_word' id='word_1_553' title='bbox 2892 1727 3003 1797; x_wconf 87' lang='lat' dir='ltr'><strong>regi</strong></span> <span class='ocrx_word' id='word_1_554' title='bbox 3030 1726 3292 1782; x_wconf 84' lang='lat' dir='ltr'><strong>Joachim.</strong></span> <span class='ocrx_word' id='word_1_555' title='bbox 3319 1729 3415 1785; x_wconf 87' lang='lat' dir='ltr'><strong>Ille</strong></span> <span class='ocrx_word' id='word_1_556' title='bbox 3435 1740 3613 1787; x_wconf 88' lang='lat' dir='ltr'><strong>autem</strong></span> <span class='ocrx_word' id='word_1_557' title='bbox 3643 1747 3798 1789; x_wconf 64' lang='lat' dir='ltr'><strong>accc»</strong></span> 
     </span>
    </p>
   </div>
   <div class='ocr_carea' id='block_1_77' title="bbox 2217 1814 3795 1890">
    <p class='ocr_par' dir='ltr' id='par_1_77' title="bbox 2217 1814 3795 1890">
     <span class='ocr_line' id='line_1_77' title="bbox 2217 1814 3795 1890; baseline 0.008 -23"><span class='ocrx_word' id='word_1_558' title='bbox 2217 1823 2366 1884; x_wconf 89' lang='lat' dir='ltr'><strong>ptum</strong></span> <span class='ocrx_word' id='word_1_559' title='bbox 2397 1814 2591 1870; x_wconf 90' lang='lat' dir='ltr'><strong>librum</strong></span> <span class='ocrx_word' id='word_1_560' title='bbox 2623 1817 2937 1872; x_wconf 89' lang='lat' dir='ltr'><strong>combussit.</strong></span> <span class='ocrx_word' id='word_1_561' title='bbox 2970 1819 3300 1890; x_wconf 82' lang='lat' dir='ltr'><strong>Jubeturque</strong></span> <span class='ocrx_word' id='word_1_562' title='bbox 3342 1821 3607 1879; x_wconf 88' lang='lat' dir='ltr'><strong>Jeremias</strong></span> <span class='ocrx_word' id='word_1_563' title='bbox 3636 1825 3795 1880; x_wconf 71' lang='lat' dir='ltr'><strong>aliui’n</strong></span> 
     </span>
    </p>
   </div>
   <div class='ocr_carea' id='block_1_78' title="bbox 2217 1905 3796 1982">
    <p class='ocr_par' dir='ltr' id='par_1_78' title="bbox 2217 1905 3796 1982">
     <span class='ocr_line' id='line_1_78' title="bbox 2217 1905 3796 1982; baseline 0.007 -24"><span class='ocrx_word' id='word_1_564' title='bbox 2217 1905 2455 1961; x_wconf 90' lang='lat' dir='ltr'><strong>scribere</strong></span> <span class='ocrx_word' id='word_1_565' title='bbox 2483 1906 2676 1961; x_wconf 93' lang='lat' dir='ltr'><strong>librum</strong></span> <span class='ocrx_word' id='word_1_566' title='bbox 2716 1908 2969 1964; x_wconf 90' lang='lat' dir='ltr'><strong>similem.</strong></span> <span class='ocrx_word' id='word_1_567' title='bbox 3004 1910 3240 1981; x_wconf 85' lang='lat' dir='ltr'><strong>Regiqne</strong></span> <span class='ocrx_word' id='word_1_568' title='bbox 3265 1916 3547 1982; x_wconf 89' lang='lat' dir='ltr'><strong>prophetat</strong></span> <span class='ocrx_word' id='word_1_569' title='bbox 3577 1916 3796 1969; x_wconf 87' lang='lat' dir='ltr'><strong>calami-</strong></span> 
     </span>
    </p>
   </div>
   <div class='ocr_carea' id='block_1_79' title="bbox 2217 1996 3793 2059">
    <p class='ocr_par' dir='ltr' id='par_1_79' title="bbox 2217 1996 3793 2059">
     <span class='ocr_line' id='line_1_79' title="bbox 2217 1996 3793 2059; baseline 0.006 -9"><span class='ocrx_word' id='word_1_570' title='bbox 2217 2005 2353 2051; x_wconf 88' lang='lat' dir='ltr'><strong>tates</strong></span> <span class='ocrx_word' id='word_1_571' title='bbox 2378 1996 2447 2051; x_wconf 95' lang='lat' dir='ltr'><strong>ob</strong></span> <span class='ocrx_word' id='word_1_572' title='bbox 2468 1998 2572 2052; x_wconf 87' lang='lat' dir='ltr'><strong>tale</strong></span> <span class='ocrx_word' id='word_1_573' title='bbox 2588 1997 2813 2054; x_wconf 89' lang='lat' dir='ltr'><strong>facinus.</strong></span> <span class='ocrx_word' id='word_1_574' title='bbox 2837 1999 3167 2055; x_wconf 80' lang='lat' dir='ltr'><strong>Vaticinatur</strong></span> <span class='ocrx_word' id='word_1_575' title='bbox 3182 2002 3447 2057; x_wconf 80' lang='lat' dir='ltr'><strong>excidium</strong></span> <span class='ocrx_word' id='word_1_576' title='bbox 3473 2004 3793 2059; x_wconf 65' lang='lat' dir='ltr'><strong>Jerusalem:</strong></span> 
     </span>
    </p>
   </div>
   <div class='ocr_carea' id='block_1_80' title="bbox 2216 2091 3796 2165">
    <p class='ocr_par' dir='ltr' id='par_1_80' title="bbox 2216 2091 3796 2165">
     <span class='ocr_line' id='line_1_80' title="bbox 2216 2091 3796 2165; baseline 0.004 -21"><span class='ocrx_word' id='word_1_577' title='bbox 2216 2100 2268 2155; x_wconf 84' lang='lat' dir='ltr'><strong>et</strong></span> <span class='ocrx_word' id='word_1_578' title='bbox 2283 2091 2773 2161; x_wconf 90' lang='lat' dir='ltr'><strong>comprehenditur,</strong></span> <span class='ocrx_word' id='word_1_579' title='bbox 2796 2094 3133 2165; x_wconf 90' lang='lat' dir='ltr'><strong>injiciturque</strong></span> <span class='ocrx_word' id='word_1_580' title='bbox 3155 2097 3206 2149; x_wconf 92' lang='lat' dir='ltr'><strong>in</strong></span> <span class='ocrx_word' id='word_1_581' title='bbox 3228 2110 3500 2152; x_wconf 89' lang='lat' dir='ltr'><strong>carcerem</strong></span> <span class='ocrx_word' id='word_1_582' title='bbox 3515 2097 3796 2165; x_wconf 84' lang='lat' dir='ltr'><strong>Jeremias,</strong></span> 
     </span>
    </p>
   </div>
   <div class='ocr_carea' id='block_1_81' title="bbox 2216 2183 3792 2260">
    <p class='ocr_par' dir='ltr' id='par_1_81' title="bbox 2216 2183 3792 2260">
     <span class='ocr_line' id='line_1_81' title="bbox 2216 2183 3792 2260; baseline 0.005 -23"><span class='ocrx_word' id='word_1_583' title='bbox 2216 2183 2444 2254; x_wconf 90' lang='lat' dir='ltr'><strong>indeque</strong></span> <span class='ocrx_word' id='word_1_584' title='bbox 2460 2194 2711 2241; x_wconf 89' lang='lat' dir='ltr'><strong>evocatus</strong></span> <span class='ocrx_word' id='word_1_585' title='bbox 2733 2201 2762 2239; x_wconf 92' lang='lat' dir='ltr'><strong>a</strong></span> <span class='ocrx_word' id='word_1_586' title='bbox 2789 2186 3032 2253; x_wconf 88' lang='lat' dir='ltr'><strong>Sedecia,</strong></span> <span class='ocrx_word' id='word_1_587' title='bbox 3051 2187 3182 2243; x_wconf 87' lang='lat' dir='ltr'><strong>dicit</strong></span> <span class='ocrx_word' id='word_1_588' title='bbox 3196 2189 3266 2255; x_wconf 89' lang='lat' dir='ltr'><strong>ei,</strong></span> <span class='ocrx_word' id='word_1_589' title='bbox 3286 2189 3601 2259; x_wconf 87' lang='lat' dir='ltr'><strong>capiendum</strong></span> <span class='ocrx_word' id='word_1_590' title='bbox 3621 2191 3792 2260; x_wconf 91' lang='lat' dir='ltr'><strong>ipsum</strong></span> 
     </span>
    </p>
   </div>
   <div class='ocr_carea' id='block_1_82' title="bbox 2216 2274 3799 2353">
    <p class='ocr_par' dir='ltr' id='par_1_82' title="bbox 2216 2274 3799 2353">
     <span class='ocr_line' id='line_1_82' title="bbox 2216 2274 3799 2353; baseline 0.006 -25"><span class='ocrx_word' id='word_1_591' title='bbox 2216 2274 2350 2342; x_wconf 88' lang='lat' dir='ltr'><strong>fore,</strong></span> <span class='ocrx_word' id='word_1_592' title='bbox 2379 2285 2635 2346; x_wconf 88' lang='lat' dir='ltr'><strong>rogatque</strong></span> <span class='ocrx_word' id='word_1_593' title='bbox 2657 2293 2724 2332; x_wconf 91' lang='lat' dir='ltr'><strong>ne</strong></span> <span class='ocrx_word' id='word_1_594' title='bbox 2745 2280 3049 2334; x_wconf 89' lang='lat' dir='ltr'><strong>remittatur</strong></span> <span class='ocrx_word' id='word_1_595' title='bbox 3075 2283 3126 2334; x_wconf 92' lang='lat' dir='ltr'><strong>in</strong></span> <span class='ocrx_word' id='word_1_596' title='bbox 3154 2296 3449 2336; x_wconf 90' lang='lat' dir='ltr'><strong>carcerem.</strong></span> <span class='ocrx_word' id='word_1_597' title='bbox 3482 2284 3799 2353; x_wconf 84' lang='lat' dir='ltr'><strong>Arreptum-</strong></span> 
     </span>
    </p>
   </div>
   <div class='ocr_carea' id='block_1_83' title="bbox 2214 2368 3797 2440">
    <p class='ocr_par' dir='ltr' id='par_1_83' title="bbox 2214 2368 3797 2440">
     <span class='ocr_line' id='line_1_83' title="bbox 2214 2368 3797 2440; baseline 0.006 -20"><span class='ocrx_word' id='word_1_598' title='bbox 2214 2382 2316 2438; x_wconf 88' lang='lat' dir='ltr'><strong>que</strong></span> <span class='ocrx_word' id='word_1_599' title='bbox 2344 2368 2492 2421; x_wconf 91' lang='lat' dir='ltr'><strong>illum</strong></span> <span class='ocrx_word' id='word_1_600' title='bbox 2522 2369 2787 2440; x_wconf 89' lang='lat' dir='ltr'><strong>principes</strong></span> <span class='ocrx_word' id='word_1_601' title='bbox 2808 2370 3053 2439; x_wconf 89' lang='lat' dir='ltr'><strong>injiciunt</strong></span> <span class='ocrx_word' id='word_1_602' title='bbox 3076 2373 3127 2426; x_wconf 92' lang='lat' dir='ltr'><strong>in</strong></span> <span class='ocrx_word' id='word_1_603' title='bbox 3150 2373 3322 2427; x_wconf 90' lang='lat' dir='ltr'><strong>lacum</strong></span> <span class='ocrx_word' id='word_1_604' title='bbox 3343 2375 3506 2428; x_wconf 69' lang='lat' dir='ltr'><strong>caeni.</strong></span> <span class='ocrx_word' id='word_1_605' title='bbox 3531 2375 3597 2429; x_wconf 88' lang='lat' dir='ltr'><strong>Et</strong></span> <span class='ocrx_word' id='word_1_606' title='bbox 3616 2375 3797 2432; x_wconf 77' lang='lat' dir='ltr'><strong>eduxit</strong></span> 
     </span>
    </p>
   </div>
   <div class='ocr_carea' id='block_1_84' title="bbox 2215 2461 3794 2537">
    <p class='ocr_par' dir='ltr' id='par_1_84' title="bbox 2215 2461 3794 2537">
     <span class='ocr_line' id='line_1_84' title="bbox 2215 2461 3794 2537; baseline 0.005 -23"><span class='ocrx_word' id='word_1_607' title='bbox 2215 2475 2335 2514; x_wconf 89' lang='lat' dir='ltr'><strong>cum</strong></span> <span class='ocrx_word' id='word_1_608' title='bbox 2384 2461 2506 2514; x_wconf 89' lang='lat' dir='ltr'><strong>inde</strong></span> <span class='ocrx_word' id='word_1_609' title='bbox 2552 2461 2897 2517; x_wconf 82' lang='lat' dir='ltr'><strong>Abdamelec.</strong></span> <span class='ocrx_word' id='word_1_610' title='bbox 2942 2466 3020 2517; x_wconf 89' lang='lat' dir='ltr'><strong>Ac</strong></span> <span class='ocrx_word' id='word_1_611' title='bbox 3060 2479 3247 2519; x_wconf 90' lang='lat' dir='ltr'><strong>rursus</strong></span> <span class='ocrx_word' id='word_1_612' title='bbox 3273 2466 3565 2520; x_wconf 90' lang='lat' dir='ltr'><strong>accersitus</strong></span> <span class='ocrx_word' id='word_1_613' title='bbox 3591 2481 3624 2521; x_wconf 84' lang='lat' dir='ltr'><strong>a</strong></span> <span class='ocrx_word' id='word_1_614' title='bbox 3650 2483 3794 2537; x_wconf 86' lang='lat' dir='ltr'><strong>rege,</strong></span> 
     </span>
    </p>
   </div>
   <div class='ocr_carea' id='block_1_85' title="bbox 2214 2552 3793 2628">
    <p class='ocr_par' dir='ltr' id='par_1_85' title="bbox 2214 2552 3793 2628">
     <span class='ocr_line' id='line_1_85' title="bbox 2214 2552 3793 2628; baseline 0.007 -22"><span class='ocrx_word' id='word_1_615' title='bbox 2214 2552 2440 2607; x_wconf 88' lang='lat' dir='ltr'><strong>salutem</strong></span> <span class='ocrx_word' id='word_1_616' title='bbox 2469 2554 2564 2623; x_wconf 91' lang='lat' dir='ltr'><strong>ipsi</strong></span> <span class='ocrx_word' id='word_1_617' title='bbox 2594 2557 2929 2623; x_wconf 73' lang='lat' dir='ltr'><strong>praenuntiat,</strong></span> <span class='ocrx_word' id='word_1_618' title='bbox 2962 2557 3007 2610; x_wconf 90' lang='lat' dir='ltr'><strong>si</strong></span> <span class='ocrx_word' id='word_1_619' title='bbox 3032 2556 3157 2612; x_wconf 90' lang='lat' dir='ltr'><strong>velit</strong></span> <span class='ocrx_word' id='word_1_620' title='bbox 3180 2568 3369 2628; x_wconf 90' lang='lat' dir='ltr'><strong>sponte</strong></span> <span class='ocrx_word' id='word_1_621' title='bbox 3395 2558 3462 2613; x_wconf 89' lang='lat' dir='ltr'><strong>ad</strong></span> <span class='ocrx_word' id='word_1_622' title='bbox 3494 2559 3676 2615; x_wconf 90' lang='lat' dir='ltr'><strong>hostes</strong></span> <span class='ocrx_word' id='word_1_623' title='bbox 3707 2577 3793 2617; x_wconf 51' lang='lat' dir='ltr'><strong>exc</strong></span> 
     </span>
    </p>
   </div>
   <div class='ocr_carea' id='block_1_86' title="bbox 2215 2646 3793 2722">
    <p class='ocr_par' dir='ltr' id='par_1_86' title="bbox 2215 2646 3793 2722">
     <span class='ocr_line' id='line_1_86' title="bbox 2215 2646 3793 2722; baseline 0.004 -23"><span class='ocrx_word' id='word_1_624' title='bbox 2215 2646 2321 2711; x_wconf 88' lang='lat' dir='ltr'><strong>ire;</strong></span> <span class='ocrx_word' id='word_1_625' title='bbox 2350 2647 2430 2700; x_wconf 90' lang='lat' dir='ltr'><strong>sin</strong></span> <span class='ocrx_word' id='word_1_626' title='bbox 2457 2648 2609 2713; x_wconf 90' lang='lat' dir='ltr'><strong>nolit,</strong></span> <span class='ocrx_word' id='word_1_627' title='bbox 2644 2648 2928 2717; x_wconf 91' lang='lat' dir='ltr'><strong>perniciem</strong></span> <span class='ocrx_word' id='word_1_628' title='bbox 2960 2650 3074 2703; x_wconf 89' lang='lat' dir='ltr'><strong>urbi</strong></span> <span class='ocrx_word' id='word_1_629' title='bbox 3100 2650 3216 2715; x_wconf 90' lang='lat' dir='ltr'><strong>toti,</strong></span> <span class='ocrx_word' id='word_1_630' title='bbox 3240 2659 3291 2705; x_wconf 90' lang='lat' dir='ltr'><strong>et</strong></span> <span class='ocrx_word' id='word_1_631' title='bbox 3313 2650 3411 2720; x_wconf 89' lang='lat' dir='ltr'><strong>ipsi</strong></span> <span class='ocrx_word' id='word_1_632' title='bbox 3435 2652 3666 2722; x_wconf 84' lang='lat' dir='ltr'><strong>ingentia</strong></span> <span class='ocrx_word' id='word_1_633' title='bbox 3688 2669 3793 2707; x_wconf 85' lang='lat' dir='ltr'><strong>ma-</strong></span> 
     </span>
    </p>
   </div>
   <div class='ocr_carea' id='block_1_87' title="bbox 2214 2738 3794 2811">
    <p class='ocr_par' dir='ltr' id='par_1_87' title="bbox 2214 2738 3794 2811">
     <span class='ocr_line' id='line_1_87' title="bbox 2214 2738 3794 2811; baseline 0.005 -20"><span class='ocrx_word' id='word_1_634' title='bbox 2214 2738 2283 2792; x_wconf 89' lang='lat' dir='ltr'><strong>la.</strong></span> <span class='ocrx_word' id='word_1_635' title='bbox 2312 2740 2444 2793; x_wconf 91' lang='lat' dir='ltr'><strong>Cum</strong></span> <span class='ocrx_word' id='word_1_636' title='bbox 2472 2748 2648 2793; x_wconf 86' lang='lat' dir='ltr'><strong>autem</strong></span> <span class='ocrx_word' id='word_1_637' title='bbox 2678 2755 2788 2795; x_wconf 87' lang='lat' dir='ltr'><strong>non</strong></span> <span class='ocrx_word' id='word_1_638' title='bbox 2813 2743 3170 2811; x_wconf 85' lang='lat' dir='ltr'><strong>persuasisset</strong></span> <span class='ocrx_word' id='word_1_639' title='bbox 3199 2744 3274 2797; x_wconf 91' lang='lat' dir='ltr'><strong>illi</strong></span> <span class='ocrx_word' id='word_1_640' title='bbox 3306 2753 3364 2797; x_wconf 88' lang='lat' dir='ltr'><strong>ut</strong></span> <span class='ocrx_word' id='word_1_641' title='bbox 3388 2744 3574 2810; x_wconf 80' lang='lat' dir='ltr'><strong>exiret,</strong></span> <span class='ocrx_word' id='word_1_642' title='bbox 3602 2761 3794 2800; x_wconf 84' lang='lat' dir='ltr'><strong>ascen-</strong></span> 
     </span>
    </p>
   </div>
   <div class='ocr_carea' id='block_1_88' title="bbox 2213 2830 3794 2900">
    <p class='ocr_par' dir='ltr' id='par_1_88' title="bbox 2213 2830 3794 2900">
     <span class='ocr_line' id='line_1_88' title="bbox 2213 2830 3794 2900; baseline 0.004 -17"><span class='ocrx_word' id='word_1_643' title='bbox 2213 2830 2290 2883; x_wconf 91' lang='lat' dir='ltr'><strong>dit</strong></span> <span class='ocrx_word' id='word_1_644' title='bbox 2311 2830 2586 2892; x_wconf 86' lang='lat' dir='ltr'><strong>harbarus,</strong></span> <span class='ocrx_word' id='word_1_645' title='bbox 2610 2839 2662 2884; x_wconf 91' lang='lat' dir='ltr'><strong>et</strong></span> <span class='ocrx_word' id='word_1_646' title='bbox 2683 2841 2834 2900; x_wconf 89' lang='lat' dir='ltr'><strong>capta</strong></span> <span class='ocrx_word' id='word_1_647' title='bbox 2857 2841 2938 2886; x_wconf 89' lang='lat' dir='ltr'><strong>est</strong></span> <span class='ocrx_word' id='word_1_648' title='bbox 2961 2832 3085 2887; x_wconf 90' lang='lat' dir='ltr'><strong>urbs</strong></span> <span class='ocrx_word' id='word_1_649' title='bbox 3106 2849 3225 2887; x_wconf 90' lang='lat' dir='ltr'><strong>cum</strong></span> <span class='ocrx_word' id='word_1_650' title='bbox 3251 2832 3490 2892; x_wconf 84' lang='lat' dir='ltr'><strong>Sedeeia.</strong></span> <span class='ocrx_word' id='word_1_651' title='bbox 3507 2834 3794 2889; x_wconf 83' lang='lat' dir='ltr'><strong>Jeremiam</strong></span> 
     </span>
    </p>
   </div>
   <div class='ocr_carea' id='block_1_89' title="bbox 2214 2921 3794 2993">
    <p class='ocr_par' dir='ltr' id='par_1_89' title="bbox 2214 2921 3794 2993">
     <span class='ocr_line' id='line_1_89' title="bbox 2214 2921 3794 2993; baseline 0.001 -18"><span class='ocrx_word' id='word_1_652' title='bbox 2214 2936 2341 2976; x_wconf 87' lang='lat' dir='ltr'><strong>vero</strong></span> <span class='ocrx_word' id='word_1_653' title='bbox 2385 2921 2613 2989; x_wconf 79' lang='lat' dir='ltr'><strong>benigne</strong></span> <span class='ocrx_word' id='word_1_654' title='bbox 2642 2931 2971 2991; x_wconf 85' lang='lat' dir='ltr'><strong>exceperunt</strong></span> <span class='ocrx_word' id='word_1_655' title='bbox 3000 2922 3270 2993; x_wconf 87' lang='lat' dir='ltr'><strong>principes</strong></span> <span class='ocrx_word' id='word_1_656' title='bbox 3310 2924 3794 2979; x_wconf 88' lang='lat' dir='ltr'><strong>Nabuchodonoso-</strong></span> 
     </span>
    </p>
   </div>
   <div class='ocr_carea' id='block_1_90' title="bbox 2212 3011 3785 3085">
    <p class='ocr_par' dir='ltr' id='par_1_90' title="bbox 2212 3011 3785 3085">
     <span class='ocr_line' id='line_1_90' title="bbox 2212 3011 3785 3085; baseline 0.001 -19"><span class='ocrx_word' id='word_1_657' title='bbox 2212 3013 2306 3067; x_wconf 89' lang='lat' dir='ltr'><strong>ris.</strong></span> <span class='ocrx_word' id='word_1_658' title='bbox 2334 3011 2688 3067; x_wconf 88' lang='lat' dir='ltr'><strong>Abdemeleco</strong></span> <span class='ocrx_word' id='word_1_659' title='bbox 2731 3013 2956 3068; x_wconf 88' lang='lat' dir='ltr'><strong>salutem</strong></span> <span class='ocrx_word' id='word_1_660' title='bbox 2984 3014 3241 3082; x_wconf 62' lang='lat' dir='ltr'><strong>pra&#39;dicit.</strong></span> <span class='ocrx_word' id='word_1_661' title='bbox 3276 3016 3409 3070; x_wconf 88' lang='lat' dir='ltr'><strong>Cum</strong></span> <span class='ocrx_word' id='word_1_662' title='bbox 3437 3026 3615 3070; x_wconf 87' lang='lat' dir='ltr'><strong>autem</strong></span> <span class='ocrx_word' id='word_1_663' title='bbox 3646 3016 3785 3085; x_wconf 84' lang='lat' dir='ltr'><strong>prin-</strong></span> 
     </span>
    </p>
   </div>
   <div class='ocr_carea' id='block_1_91' title="bbox 2210 3106 3792 3179">
    <p class='ocr_par' dir='ltr' id='par_1_91' title="bbox 2210 3106 3792 3179">
     <span class='ocr_line' id='line_1_91' title="bbox 2210 3106 3792 3179; baseline 0.003 -21"><span class='ocrx_word' id='word_1_664' title='bbox 2210 3119 2338 3175; x_wconf 90' lang='lat' dir='ltr'><strong>ceps</strong></span> <span class='ocrx_word' id='word_1_665' title='bbox 2363 3119 2651 3174; x_wconf 83' lang='lat' dir='ltr'><strong>coquoruin</strong></span> <span class='ocrx_word' id='word_1_666' title='bbox 2674 3121 2837 3176; x_wconf 90' lang='lat' dir='ltr'><strong>penes</strong></span> <span class='ocrx_word' id='word_1_667' title='bbox 2868 3106 3011 3175; x_wconf 81' lang='lat' dir='ltr'><strong>ipSos</strong></span> <span class='ocrx_word' id='word_1_668' title='bbox 3034 3107 3355 3177; x_wconf 87' lang='lat' dir='ltr'><strong>reliquisset,</strong></span> <span class='ocrx_word' id='word_1_669' title='bbox 3390 3116 3447 3163; x_wconf 94' lang='lat' dir='ltr'><strong>ut</strong></span> <span class='ocrx_word' id='word_1_670' title='bbox 3469 3124 3576 3179; x_wconf 90' lang='lat' dir='ltr'><strong>quo</strong></span> <span class='ocrx_word' id='word_1_671' title='bbox 3597 3109 3792 3163; x_wconf 77' lang='lat' dir='ltr'><strong>vellent</strong></span> 
     </span>
    </p>
   </div>
   <div class='ocr_carea' id='block_1_92' title="bbox 2210 3197 3785 3271">
    <p class='ocr_par' dir='ltr' id='par_1_92' title="bbox 2210 3197 3785 3271">
     <span class='ocr_line' id='line_1_92' title="bbox 2210 3197 3785 3271; baseline 0.001 -18"><span class='ocrx_word' id='word_1_672' title='bbox 2210 3198 2368 3263; x_wconf 90' lang='lat' dir='ltr'><strong>irent,</strong></span> <span class='ocrx_word' id='word_1_673' title='bbox 2403 3197 2549 3251; x_wconf 89' lang='lat' dir='ltr'><strong>venit</strong></span> <span class='ocrx_word' id='word_1_674' title='bbox 2588 3198 2657 3251; x_wconf 86' lang='lat' dir='ltr'><strong>ad</strong></span> <span class='ocrx_word' id='word_1_675' title='bbox 2702 3197 3001 3265; x_wconf 89' lang='lat' dir='ltr'><strong>Godoliam,</strong></span> <span class='ocrx_word' id='word_1_676' title='bbox 3032 3215 3190 3269; x_wconf 88' lang='lat' dir='ltr'><strong>quem</strong></span> <span class='ocrx_word' id='word_1_677' title='bbox 3222 3202 3571 3256; x_wconf 89' lang='lat' dir='ltr'><strong>constituerat</strong></span> <span class='ocrx_word' id='word_1_678' title='bbox 3600 3204 3785 3271; x_wconf 79' lang='lat' dir='ltr'><strong>prim-&#39;-</strong></span> 
     </span>
    </p>
   </div>
   <div class='ocr_carea' id='block_1_93' title="bbox 2212 3290 3792 3360">
    <p class='ocr_par' dir='ltr' id='par_1_93' title="bbox 2212 3290 3792 3360">
     <span class='ocr_line' id='line_1_93' title="bbox 2212 3290 3792 3360; baseline 0 -16"><span class='ocrx_word' id='word_1_679' title='bbox 2212 3305 2330 3359; x_wconf 92' lang='lat' dir='ltr'><strong>pem</strong></span> <span class='ocrx_word' id='word_1_680' title='bbox 2359 3305 2544 3345; x_wconf 89' lang='lat' dir='ltr'><strong>eorum</strong></span> <span class='ocrx_word' id='word_1_681' title='bbox 2576 3290 2665 3360; x_wconf 88' lang='lat' dir='ltr'><strong>qui</strong></span> <span class='ocrx_word' id='word_1_682' title='bbox 2714 3290 2885 3346; x_wconf 85' lang='lat' dir='ltr'><strong>relicti</strong></span> <span class='ocrx_word' id='word_1_683' title='bbox 2934 3291 3143 3346; x_wconf 86' lang='lat' dir='ltr'><strong>fuerant</strong></span> <span class='ocrx_word' id='word_1_684' title='bbox 3183 3292 3237 3346; x_wconf 90' lang='lat' dir='ltr'><strong>in</strong></span> <span class='ocrx_word' id='word_1_685' title='bbox 3279 3292 3478 3347; x_wconf 73' lang='lat' dir='ltr'><strong>Judaza.</strong></span> <span class='ocrx_word' id='word_1_686' title='bbox 3515 3292 3792 3349; x_wconf 72' lang='lat' dir='ltr'><strong>ConVenn-</strong></span> 
     </span>
    </p>
   </div>
   <div class='ocr_carea' id='block_1_94' title="bbox 2208 3378 3781 3453">
    <p class='ocr_par' dir='ltr' id='par_1_94' title="bbox 2208 3378 3781 3453">
     <span class='ocr_line' id='line_1_94' title="bbox 2208 3378 3781 3453; baseline 0.001 -17"><span class='ocrx_word' id='word_1_687' title='bbox 2208 3390 2335 3436; x_wconf 88' lang='lat' dir='ltr'><strong>runt</strong></span> <span class='ocrx_word' id='word_1_688' title='bbox 2358 3381 2424 3437; x_wconf 89' lang='lat' dir='ltr'><strong>ad</strong></span> <span class='ocrx_word' id='word_1_689' title='bbox 2451 3380 2727 3437; x_wconf 88' lang='lat' dir='ltr'><strong>Godoliam</strong></span> <span class='ocrx_word' id='word_1_690' title='bbox 2752 3383 2841 3453; x_wconf 87' lang='lat' dir='ltr'><strong>qui</strong></span> <span class='ocrx_word' id='word_1_691' title='bbox 2872 3398 2970 3453; x_wconf 85' lang='lat' dir='ltr'><strong>per</strong></span> <span class='ocrx_word' id='word_1_692' title='bbox 2995 3399 3149 3453; x_wconf 87' lang='lat' dir='ltr'><strong>agros</strong></span> <span class='ocrx_word' id='word_1_693' title='bbox 3171 3384 3395 3453; x_wconf 85' lang='lat' dir='ltr'><strong>dispersi</strong></span> <span class='ocrx_word' id='word_1_694' title='bbox 3422 3394 3574 3443; x_wconf 85' lang='lat' dir='ltr'><strong>erant</strong></span> <span class='ocrx_word' id='word_1_695' title='bbox 3596 3378 3781 3441; x_wconf 59' lang='lat' dir='ltr'><strong>Judzeic</strong></span> 
     </span>
    </p>
   </div>
   <div class='ocr_carea' id='block_1_95' title="bbox 2209 3473 3782 3545">
    <p class='ocr_par' dir='ltr' id='par_1_95' title="bbox 2209 3473 3782 3545">
     <span class='ocr_line' id='line_1_95' title="bbox 2209 3473 3782 3545; baseline 0.001 -18"><span class='ocrx_word' id='word_1_696' title='bbox 2209 3473 2399 3528; x_wconf 84' lang='lat' dir='ltr'><strong>ismael</strong></span> <span class='ocrx_word' id='word_1_697' title='bbox 2451 3473 2646 3528; x_wconf 93' lang='lat' dir='ltr'><strong>occidit</strong></span> <span class='ocrx_word' id='word_1_698' title='bbox 2692 3473 2969 3529; x_wconf 90' lang='lat' dir='ltr'><strong>Godoliam</strong></span> <span class='ocrx_word' id='word_1_699' title='bbox 2999 3484 3054 3529; x_wconf 89' lang='lat' dir='ltr'><strong>et</strong></span> <span class='ocrx_word' id='word_1_700' title='bbox 3079 3475 3334 3545; x_wconf 88' lang='lat' dir='ltr'><strong>quosdam</strong></span> <span class='ocrx_word' id='word_1_701' title='bbox 3364 3476 3520 3543; x_wconf 85' lang='lat' dir='ltr'><strong>alios,</strong></span> <span class='ocrx_word' id='word_1_702' title='bbox 3549 3484 3603 3533; x_wconf 90' lang='lat' dir='ltr'><strong>et</strong></span> <span class='ocrx_word' id='word_1_703' title='bbox 3648 3491 3782 3532; x_wconf 81' lang='lat' dir='ltr'><strong>acc:—</strong></span> 
     </span>
    </p>
   </div>
   <div class='ocr_carea' id='block_1_96' title="bbox 2208 3567 3780 3639">
    <p class='ocr_par' dir='ltr' id='par_1_96' title="bbox 2208 3567 3780 3639">
     <span class='ocr_line' id='line_1_96' title="bbox 2208 3567 3780 3639; baseline 0.004 -18"><span class='ocrx_word' id='word_1_704' title='bbox 2208 3568 2361 3636; x_wconf 91' lang='lat' dir='ltr'><strong>piens</strong></span> <span class='ocrx_word' id='word_1_705' title='bbox 2383 3570 2636 3637; x_wconf 92' lang='lat' dir='ltr'><strong>populum</strong></span> <span class='ocrx_word' id='word_1_706' title='bbox 2667 3567 2926 3633; x_wconf 60' lang='lat' dir='ltr'><strong>Godoliaz,</strong></span> <span class='ocrx_word' id='word_1_707' title='bbox 2959 3568 3090 3623; x_wconf 90' lang='lat' dir='ltr'><strong>abiit</strong></span> <span class='ocrx_word' id='word_1_708' title='bbox 3119 3570 3170 3623; x_wconf 91' lang='lat' dir='ltr'><strong>in</strong></span> <span class='ocrx_word' id='word_1_709' title='bbox 3200 3570 3474 3639; x_wconf 85' lang='lat' dir='ltr'><strong>regionem</strong></span> <span class='ocrx_word' id='word_1_710' title='bbox 3506 3572 3780 3627; x_wconf 83' lang='lat' dir='ltr'><strong>Ammoni-</strong></span> 
     </span>
    </p>
   </div>
   <div class='ocr_carea' id='block_1_97' title="bbox 2209 3661 3786 3732">
    <p class='ocr_par' dir='ltr' id='par_1_97' title="bbox 2209 3661 3786 3732">
     <span class='ocr_line' id='line_1_97' title="bbox 2209 3661 3786 3732; baseline -0.001 -18"><span class='ocrx_word' id='word_1_711' title='bbox 2209 3670 2399 3715; x_wconf 89' lang='lat' dir='ltr'><strong>tarum.</strong></span> <span class='ocrx_word' id='word_1_712' title='bbox 2425 3662 2492 3717; x_wconf 90' lang='lat' dir='ltr'><strong>Ut</strong></span> <span class='ocrx_word' id='word_1_713' title='bbox 2517 3673 2692 3715; x_wconf 86' lang='lat' dir='ltr'><strong>autem</strong></span> <span class='ocrx_word' id='word_1_714' title='bbox 2735 3661 2865 3716; x_wconf 90' lang='lat' dir='ltr'><strong>vidit</strong></span> <span class='ocrx_word' id='word_1_715' title='bbox 2889 3677 3007 3716; x_wconf 92' lang='lat' dir='ltr'><strong>eum</strong></span> <span class='ocrx_word' id='word_1_716' title='bbox 3038 3662 3302 3728; x_wconf 84' lang='lat' dir='ltr'><strong>Joannan,</strong></span> <span class='ocrx_word' id='word_1_717' title='bbox 3336 3679 3473 3717; x_wconf 92' lang='lat' dir='ltr'><strong>unus</strong></span> <span class='ocrx_word' id='word_1_718' title='bbox 3497 3664 3566 3717; x_wconf 90' lang='lat' dir='ltr'><strong>de</strong></span> <span class='ocrx_word' id='word_1_719' title='bbox 3596 3662 3786 3732; x_wconf 90' lang='lat' dir='ltr'><strong>princi-</strong></span> 
     </span>
    </p>
   </div>
   <div class='ocr_carea' id='block_1_98' title="bbox 2207 3752 3783 3822">
    <p class='ocr_par' dir='ltr' id='par_1_98' title="bbox 2207 3752 3783 3822">
     <span class='ocr_line' id='line_1_98' title="bbox 2207 3752 3783 3822; baseline -0.001 -16"><span class='ocrx_word' id='word_1_720' title='bbox 2207 3753 2382 3821; x_wconf 84' lang='lat' dir='ltr'><strong>pibus.</strong></span> <span class='ocrx_word' id='word_1_721' title='bbox 2412 3752 2548 3807; x_wconf 89' lang='lat' dir='ltr'><strong>bene</strong></span> <span class='ocrx_word' id='word_1_722' title='bbox 2586 3752 2807 3807; x_wconf 76' lang='lat' dir='ltr'><strong>affectus</strong></span> <span class='ocrx_word' id='word_1_723' title='bbox 2854 3768 2979 3822; x_wconf 85' lang='lat' dir='ltr'><strong>erga</strong></span> <span class='ocrx_word' id='word_1_724' title='bbox 3018 3753 3319 3818; x_wconf 87' lang='lat' dir='ltr'><strong>Godoliam,</strong></span> <span class='ocrx_word' id='word_1_725' title='bbox 3350 3752 3555 3822; x_wconf 86' lang='lat' dir='ltr'><strong>aufugit</strong></span> <span class='ocrx_word' id='word_1_726' title='bbox 3597 3754 3783 3807; x_wconf 86' lang='lat' dir='ltr'><strong>lsmael</strong></span> 
     </span>
    </p>
   </div>
   <div class='ocr_carea' id='block_1_99' title="bbox 2207 3844 3778 3914">
    <p class='ocr_par' dir='ltr' id='par_1_99' title="bbox 2207 3844 3778 3914">
     <span class='ocr_line' id='line_1_99' title="bbox 2207 3844 3778 3914; baseline -0.001 -15"><span class='ocrx_word' id='word_1_727' title='bbox 2207 3860 2328 3899; x_wconf 91' lang='lat' dir='ltr'><strong>cum</strong></span> <span class='ocrx_word' id='word_1_728' title='bbox 2359 3854 2478 3899; x_wconf 89' lang='lat' dir='ltr'><strong>octo</strong></span> <span class='ocrx_word' id='word_1_729' title='bbox 2508 3846 2635 3899; x_wconf 90' lang='lat' dir='ltr'><strong>viris</strong></span> <span class='ocrx_word' id='word_1_730' title='bbox 2680 3854 2903 3910; x_wconf 88' lang='lat' dir='ltr'><strong>tantum,</strong></span> <span class='ocrx_word' id='word_1_731' title='bbox 2960 3846 3317 3914; x_wconf 88' lang='lat' dir='ltr'><strong>populumque</strong></span> <span class='ocrx_word' id='word_1_732' title='bbox 3364 3845 3573 3914; x_wconf 89' lang='lat' dir='ltr'><strong>accepit</strong></span> <span class='ocrx_word' id='word_1_733' title='bbox 3622 3844 3778 3898; x_wconf 83' lang='lat' dir='ltr'><strong>Joan-</strong></span> 
     </span>
    </p>
   </div>
   <div class='ocr_carea' id='block_1_100' title="bbox 2206 3934 3780 4005">
    <p class='ocr_par' dir='ltr' id='par_1_100' title="bbox 2206 3934 3780 4005">
     <span class='ocr_line' id='line_1_100' title="bbox 2206 3934 3780 4005; baseline -0.001 -15"><span class='ocrx_word' id='word_1_734' title='bbox 2206 3950 2332 3990; x_wconf 90' lang='lat' dir='ltr'><strong>nan.</strong></span> <span class='ocrx_word' id='word_1_735' title='bbox 2363 3935 2462 4002; x_wconf 82' lang='lat' dir='ltr'><strong>Qui</strong></span> <span class='ocrx_word' id='word_1_736' title='bbox 2504 3943 2752 4005; x_wconf 89' lang='lat' dir='ltr'><strong>precatus</strong></span> <span class='ocrx_word' id='word_1_737' title='bbox 2780 3944 2863 3990; x_wconf 89' lang='lat' dir='ltr'><strong>est</strong></span> <span class='ocrx_word' id='word_1_738' title='bbox 2898 3934 3207 4001; x_wconf 88' lang='lat' dir='ltr'><strong>Jeremiam,</strong></span> <span class='ocrx_word' id='word_1_739' title='bbox 3238 3944 3294 3989; x_wconf 94' lang='lat' dir='ltr'><strong>ut</strong></span> <span class='ocrx_word' id='word_1_740' title='bbox 3336 3950 3431 4004; x_wconf 89' lang='lat' dir='ltr'><strong>pro</strong></span> <span class='ocrx_word' id='word_1_741' title='bbox 3461 3936 3590 4004; x_wconf 92' lang='lat' dir='ltr'><strong>ipsis</strong></span> <span class='ocrx_word' id='word_1_742' title='bbox 3620 3936 3780 3989; x_wconf 91' lang='lat' dir='ltr'><strong>Deum</strong></span> 
     </span>
    </p>
   </div>
   <div class='ocr_carea' id='block_1_101' title="bbox 2205 4024 3783 4096">
    <p class='ocr_par' dir='ltr' id='par_1_101' title="bbox 2205 4024 3783 4096">
     <span class='ocr_line' id='line_1_101' title="bbox 2205 4024 3783 4096; baseline -0.001 -16"><span class='ocrx_word' id='word_1_743' title='bbox 2205 4034 2450 4096; x_wconf 89' lang='lat' dir='ltr'><strong>rogaret;</strong></span> <span class='ocrx_word' id='word_1_744' title='bbox 2483 4040 2603 4079; x_wconf 90' lang='lat' dir='ltr'><strong>cum</strong></span> <span class='ocrx_word' id='word_1_745' title='bbox 2633 4025 2939 4081; x_wconf 90' lang='lat' dir='ltr'><strong>consuleret</strong></span> <span class='ocrx_word' id='word_1_746' title='bbox 2965 4026 3093 4094; x_wconf 91' lang='lat' dir='ltr'><strong>ipsis</strong></span> <span class='ocrx_word' id='word_1_747' title='bbox 3122 4025 3381 4080; x_wconf 83' lang='lat' dir='ltr'><strong>Jeremias</strong></span> <span class='ocrx_word' id='word_1_748' title='bbox 3411 4040 3480 4080; x_wconf 91' lang='lat' dir='ltr'><strong>ne</strong></span> <span class='ocrx_word' id='word_1_749' title='bbox 3524 4025 3578 4079; x_wconf 93' lang='lat' dir='ltr'><strong>in</strong></span> <span class='ocrx_word' id='word_1_750' title='bbox 3619 4024 3783 4096; x_wconf 62' lang='lat' dir='ltr'><strong>Egy—</strong></span> 
     </span>
    </p>
   </div>
   <div class='ocr_carea' id='block_1_102' title="bbox 2205 4118 3778 4189">
    <p class='ocr_par' dir='ltr' id='par_1_102' title="bbox 2205 4118 3778 4189">
     <span class='ocr_line' id='line_1_102' title="bbox 2205 4118 3778 4189; baseline 0.002 -19"><span class='ocrx_word' id='word_1_751' title='bbox 2205 4127 2351 4187; x_wconf 89' lang='lat' dir='ltr'><strong>ptum</strong></span> <span class='ocrx_word' id='word_1_752' title='bbox 2383 4118 2817 4189; x_wconf 88' lang='lat' dir='ltr'><strong>ingrederentur;</strong></span> <span class='ocrx_word' id='word_1_753' title='bbox 2850 4128 3080 4173; x_wconf 88' lang='lat' dir='ltr'><strong>mortem</strong></span> <span class='ocrx_word' id='word_1_754' title='bbox 3128 4119 3270 4173; x_wconf 90' lang='lat' dir='ltr'><strong>enim</strong></span> <span class='ocrx_word' id='word_1_755' title='bbox 3316 4119 3514 4174; x_wconf 81' lang='lat' dir='ltr'><strong>minari</strong></span> <span class='ocrx_word' id='word_1_756' title='bbox 3540 4120 3709 4175; x_wconf 88' lang='lat' dir='ltr'><strong>Deum</strong></span> <span class='ocrx_word' id='word_1_757' title='bbox 3736 4118 3778 4174; x_wconf 92' lang='lat' dir='ltr'><strong>si</strong></span> 
     </span>
    </p>
   </div>
   <div class='ocr_carea' id='block_1_103' title="bbox 2205 4209 3779 4280">
    <p class='ocr_par' dir='ltr' id='par_1_103' title="bbox 2205 4209 3779 4280">
     <span class='ocr_line' id='line_1_103' title="bbox 2205 4209 3779 4280; baseline 0.001 -18"><span class='ocrx_word' id='word_1_758' title='bbox 2205 4224 2271 4263; x_wconf 88' lang='lat' dir='ltr'><strong>eo</strong></span> <span class='ocrx_word' id='word_1_759' title='bbox 2297 4210 2747 4279; x_wconf 87' lang='lat' dir='ltr'><strong>commigrarent:</strong></span> <span class='ocrx_word' id='word_1_760' title='bbox 2782 4209 2832 4263; x_wconf 94' lang='lat' dir='ltr'><strong>id</strong></span> <span class='ocrx_word' id='word_1_761' title='bbox 2860 4210 2938 4263; x_wconf 91' lang='lat' dir='ltr'><strong>eis</strong></span> <span class='ocrx_word' id='word_1_762' title='bbox 2966 4226 3070 4264; x_wconf 90' lang='lat' dir='ltr'><strong>non</strong></span> <span class='ocrx_word' id='word_1_763' title='bbox 3114 4211 3395 4280; x_wconf 89' lang='lat' dir='ltr'><strong>persuasit.</strong></span> <span class='ocrx_word' id='word_1_764' title='bbox 3424 4211 3562 4266; x_wconf 85' lang='lat' dir='ltr'><strong>Cum</strong></span> <span class='ocrx_word' id='word_1_765' title='bbox 3607 4221 3779 4265; x_wconf 85' lang='lat' dir='ltr'><strong>autem</strong></span> 
     </span>
    </p>
   </div>
   <div class='ocr_carea' id='block_1_104' title="bbox 2205 4301 3778 4369">
    <p class='ocr_par' dir='ltr' id='par_1_104' title="bbox 2205 4301 3778 4369">
     <span class='ocr_line' id='line_1_104' title="bbox 2205 4301 3778 4369; baseline 0.001 -15"><span class='ocrx_word' id='word_1_766' title='bbox 2205 4301 2475 4355; x_wconf 89' lang='lat' dir='ltr'><strong>venissent</strong></span> <span class='ocrx_word' id='word_1_767' title='bbox 2504 4302 2552 4353; x_wconf 93' lang='lat' dir='ltr'><strong>in</strong></span> <span class='ocrx_word' id='word_1_768' title='bbox 2583 4301 2853 4369; x_wconf 79' lang='lat' dir='ltr'><strong>Taplinas,</strong></span> <span class='ocrx_word' id='word_1_769' title='bbox 2877 4301 3182 4355; x_wconf 87' lang='lat' dir='ltr'><strong>cohortatus</strong></span> <span class='ocrx_word' id='word_1_770' title='bbox 3205 4311 3286 4356; x_wconf 88' lang='lat' dir='ltr'><strong>est</strong></span> <span class='ocrx_word' id='word_1_771' title='bbox 3313 4318 3405 4357; x_wconf 90' lang='lat' dir='ltr'><strong>eos</strong></span> <span class='ocrx_word' id='word_1_772' title='bbox 3434 4318 3500 4358; x_wconf 90' lang='lat' dir='ltr'><strong>ne</strong></span> <span class='ocrx_word' id='word_1_773' title='bbox 3523 4303 3671 4358; x_wconf 75' lang='lat' dir='ltr'><strong>idola</strong></span> <span class='ocrx_word' id='word_1_774' title='bbox 3691 4319 3778 4357; x_wconf 80' lang='lat' dir='ltr'><strong>co-</strong></span> 
     </span>
    </p>
   </div>
   <div class='ocr_carea' id='block_1_105' title="bbox 2205 4392 3779 4465">
    <p class='ocr_par' dir='ltr' id='par_1_105' title="bbox 2205 4392 3779 4465">
     <span class='ocr_line' id='line_1_105' title="bbox 2205 4392 3779 4465; baseline 0.001 -20"><span class='ocrx_word' id='word_1_775' title='bbox 2205 4392 2397 4447; x_wconf 91' lang='lat' dir='ltr'><strong>lerent.</strong></span> <span class='ocrx_word' id='word_1_776' title='bbox 2438 4392 2928 4447; x_wconf 88' lang='lat' dir='ltr'><strong>Conlradicenlibus</strong></span> <span class='ocrx_word' id='word_1_777' title='bbox 2953 4393 3057 4448; x_wconf 92' lang='lat' dir='ltr'><strong>illis</strong></span> <span class='ocrx_word' id='word_1_778' title='bbox 3087 4395 3457 4463; x_wconf 61' lang='lat' dir='ltr'><strong>pra-nuntiavit</strong></span> <span class='ocrx_word' id='word_1_779' title='bbox 3495 4396 3779 4465; x_wconf 89' lang='lat' dir='ltr'><strong>perniciem</strong></span> 
     </span>
    </p>
   </div>
   <div class='ocr_carea' id='block_1_106' title="bbox 2205 4483 3783 4557">
    <p class='ocr_par' dir='ltr' id='par_1_106' title="bbox 2205 4483 3783 4557">
     <span class='ocr_line' id='line_1_106' title="bbox 2205 4483 3783 4557; baseline 0.003 -20"><span class='ocrx_word' id='word_1_780' title='bbox 2205 4499 2470 4554; x_wconf 87' lang='lat' dir='ltr'><strong>magnam,</strong></span> <span class='ocrx_word' id='word_1_781' title='bbox 2498 4495 2549 4538; x_wconf 92' lang='lat' dir='ltr'><strong>et</strong></span> <span class='ocrx_word' id='word_1_782' title='bbox 2581 4483 2689 4554; x_wconf 86' lang='lat' dir='ltr'><strong>regi</strong></span> <span class='ocrx_word' id='word_1_783' title='bbox 2710 4484 3080 4556; x_wconf 65' lang='lat' dir='ltr'><strong>ZEgyptiorum</strong></span> <span class='ocrx_word' id='word_1_784' title='bbox 3107 4486 3393 4555; x_wconf 83' lang='lat' dir='ltr'><strong>perniciem</strong></span> <span class='ocrx_word' id='word_1_785' title='bbox 3413 4486 3631 4557; x_wconf 63' lang='lat' dir='ltr'><strong>Egypti</strong></span> <span class='ocrx_word' id='word_1_786' title='bbox 3654 4502 3783 4556; x_wconf 68' lang='lat' dir='ltr'><strong>prte-</strong></span> 
     </span>
    </p>
   </div>
   <div class='ocr_carea' id='block_1_107' title="bbox 2205 4574 3780 4646">
    <p class='ocr_par' dir='ltr' id='par_1_107' title="bbox 2205 4574 3780 4646">
     <span class='ocr_line' id='line_1_107' title="bbox 2205 4574 3780 4646; baseline 0.001 -17"><span class='ocrx_word' id='word_1_787' title='bbox 2205 4574 2352 4638; x_wconf 84' lang='lat' dir='ltr'><strong>dicit,</strong></span> <span class='ocrx_word' id='word_1_788' title='bbox 2388 4590 2591 4628; x_wconf 88' lang='lat' dir='ltr'><strong>necnon</strong></span> <span class='ocrx_word' id='word_1_789' title='bbox 2630 4575 3064 4646; x_wconf 87' lang='lat' dir='ltr'><strong>alienigenarum,</strong></span> <span class='ocrx_word' id='word_1_790' title='bbox 3096 4577 3224 4630; x_wconf 90' lang='lat' dir='ltr'><strong>item</strong></span> <span class='ocrx_word' id='word_1_791' title='bbox 3254 4576 3622 4642; x_wconf 87' lang='lat' dir='ltr'><strong>Moabitarum,</strong></span> <span class='ocrx_word' id='word_1_792' title='bbox 3658 4581 3780 4632; x_wconf 76' lang='lat' dir='ltr'><strong>Am-</strong></span> 
     </span>
    </p>
   </div>
   <div class='ocr_carea' id='block_1_108' title="bbox 2205 4668 3777 4738">
    <p class='ocr_par' dir='ltr' id='par_1_108' title="bbox 2205 4668 3777 4738">
     <span class='ocr_line' id='line_1_108' title="bbox 2205 4668 3777 4738; baseline 0.001 -16"><span class='ocrx_word' id='word_1_793' title='bbox 2205 4669 2542 4732; x_wconf 87' lang='lat' dir='ltr'><strong>manitarum,</strong></span> <span class='ocrx_word' id='word_1_794' title='bbox 2580 4668 2952 4734; x_wconf 74' lang='lat' dir='ltr'><strong>ldummorum,</strong></span> <span class='ocrx_word' id='word_1_795' title='bbox 2986 4668 3248 4735; x_wconf 90' lang='lat' dir='ltr'><strong>Damasci,</strong></span> <span class='ocrx_word' id='word_1_796' title='bbox 3289 4679 3344 4724; x_wconf 90' lang='lat' dir='ltr'><strong>et</strong></span> <span class='ocrx_word' id='word_1_797' title='bbox 3374 4670 3547 4738; x_wconf 88' lang='lat' dir='ltr'><strong>Elam,</strong></span> <span class='ocrx_word' id='word_1_798' title='bbox 3596 4672 3777 4725; x_wconf 83' lang='lat' dir='ltr'><strong>etiam-</strong></span> 
     </span>
    </p>
   </div>
   <div class='ocr_carea' id='block_1_109' title="bbox 2204 4759 3775 4834">
    <p class='ocr_par' dir='ltr' id='par_1_109' title="bbox 2204 4759 3775 4834">
     <span class='ocr_line' id='line_1_109' title="bbox 2204 4759 3775 4834; baseline 0.002 -24"><span class='ocrx_word' id='word_1_799' title='bbox 2204 4775 2309 4829; x_wconf 86' lang='lat' dir='ltr'><strong>que</strong></span> <span class='ocrx_word' id='word_1_800' title='bbox 2334 4759 2637 4831; x_wconf 83' lang='lat' dir='ltr'><strong>Babylonis,</strong></span> <span class='ocrx_word' id='word_1_801' title='bbox 2668 4760 3001 4829; x_wconf 86' lang='lat' dir='ltr'><strong>reditumque</strong></span> <span class='ocrx_word' id='word_1_802' title='bbox 3046 4760 3167 4815; x_wconf 90' lang='lat' dir='ltr'><strong>inde</strong></span> <span class='ocrx_word' id='word_1_803' title='bbox 3190 4761 3494 4816; x_wconf 76' lang='lat' dir='ltr'><strong>Judzeorum</strong></span> <span class='ocrx_word' id='word_1_804' title='bbox 3540 4778 3775 4834; x_wconf 50' lang='lat' dir='ltr'><strong>premnt,</strong></span> 
     </span>
    </p>
   </div>
   <div class='ocr_carea' id='block_1_110' title="bbox 2208 4851 3779 4921">
    <p class='ocr_par' dir='ltr' id='par_1_110' title="bbox 2208 4851 3779 4921">
     <span class='ocr_line' id='line_1_110' title="bbox 2208 4851 3779 4921; baseline 0.004 -16"><span class='ocrx_word' id='word_1_805' title='bbox 2208 4852 2317 4905; x_wconf 91' lang='lat' dir='ltr'><strong>tiat.</strong></span> <span class='ocrx_word' id='word_1_806' title='bbox 2349 4851 2627 4918; x_wconf 88' lang='lat' dir='ltr'><strong>Quomodo</strong></span> <span class='ocrx_word' id='word_1_807' title='bbox 2656 4852 2831 4906; x_wconf 84' lang='lat' dir='ltr'><strong>excisa</strong></span> <span class='ocrx_word' id='word_1_808' title='bbox 2879 4854 2948 4905; x_wconf 91' lang='lat' dir='ltr'><strong>sit</strong></span> <span class='ocrx_word' id='word_1_809' title='bbox 2991 4852 3284 4907; x_wconf 84' lang='lat' dir='ltr'><strong>Jerusalem</strong></span> <span class='ocrx_word' id='word_1_810' title='bbox 3329 4863 3532 4921; x_wconf 88' lang='lat' dir='ltr'><strong>narrat,</strong></span> <span class='ocrx_word' id='word_1_811' title='bbox 3579 4870 3779 4912; x_wconf 89' lang='lat' dir='ltr'><strong>necnon</strong></span> 
     </span>
    </p>
   </div>
   <div class='ocr_carea' id='block_1_111' title="bbox 2205 4942 3770 5015">
    <p class='ocr_par' dir='ltr' id='par_1_111' title="bbox 2205 4942 3770 5015">
     <span class='ocr_line' id='line_1_111' title="bbox 2205 4942 3770 5015; baseline 0.002 -19"><span class='ocrx_word' id='word_1_812' title='bbox 2205 4943 2477 5013; x_wconf 86' lang='lat' dir='ltr'><strong>quomodo</strong></span> <span class='ocrx_word' id='word_1_813' title='bbox 2499 4958 2565 4997; x_wconf 84' lang='lat' dir='ltr'><strong>ex</strong></span> <span class='ocrx_word' id='word_1_814' title='bbox 2594 4942 2803 5012; x_wconf 89' lang='lat' dir='ltr'><strong>dejecto</strong></span> <span class='ocrx_word' id='word_1_815' title='bbox 2831 4953 2971 4998; x_wconf 83' lang='lat' dir='ltr'><strong>statu</strong></span> <span class='ocrx_word' id='word_1_816' title='bbox 3000 4944 3051 4997; x_wconf 91' lang='lat' dir='ltr'><strong>in</strong></span> <span class='ocrx_word' id='word_1_817' title='bbox 3080 4943 3337 4999; x_wconf 88' lang='lat' dir='ltr'><strong>honorem</strong></span> <span class='ocrx_word' id='word_1_818' title='bbox 3367 4954 3657 5015; x_wconf 87' lang='lat' dir='ltr'><strong>provectus</strong></span> <span class='ocrx_word' id='word_1_819' title='bbox 3678 4947 3770 4999; x_wconf 72' lang='lat' dir='ltr'><strong>fuco</strong></span> 
     </span>
    </p>
   </div>
   <div class='ocr_carea' id='block_1_112' title="bbox 2204 5034 3783 5105">
    <p class='ocr_par' dir='ltr' id='par_1_112' title="bbox 2204 5034 3783 5105">
     <span class='ocr_line' id='line_1_112' title="bbox 2204 5034 3783 5105; baseline 0.002 -15"><span class='ocrx_word' id='word_1_820' title='bbox 2204 5038 2271 5091; x_wconf 90' lang='lat' dir='ltr'><strong>rit</strong></span> <span class='ocrx_word' id='word_1_821' title='bbox 2301 5034 2562 5101; x_wconf 82' lang='lat' dir='ltr'><strong>Joachim,</strong></span> <span class='ocrx_word' id='word_1_822' title='bbox 2594 5038 2682 5104; x_wconf 91' lang='lat' dir='ltr'><strong>qui</strong></span> <span class='ocrx_word' id='word_1_823' title='bbox 2713 5044 2903 5105; x_wconf 86' lang='lat' dir='ltr'><strong>sponte</strong></span> <span class='ocrx_word' id='word_1_824' title='bbox 2930 5051 2988 5091; x_wconf 91' lang='lat' dir='ltr'><strong>se</strong></span> <span class='ocrx_word' id='word_1_825' title='bbox 3013 5050 3135 5090; x_wconf 84' lang='lat' dir='ltr'><strong>cum</strong></span> <span class='ocrx_word' id='word_1_826' title='bbox 3180 5048 3351 5092; x_wconf 90' lang='lat' dir='ltr'><strong>matre</strong></span> <span class='ocrx_word' id='word_1_827' title='bbox 3390 5052 3485 5092; x_wconf 88' lang='lat' dir='ltr'><strong>sua</strong></span> <span class='ocrx_word' id='word_1_828' title='bbox 3510 5037 3783 5094; x_wconf 84' lang='lat' dir='ltr'><strong>dediderat</strong></span> 
     </span>
    </p>
   </div>
   <div class='ocr_carea' id='block_1_113' title="bbox 2204 5124 2729 5181">
    <p class='ocr_par' dir='ltr' id='par_1_113' title="bbox 2204 5124 2729 5181">
     <span class='ocr_line' id='line_1_113' title="bbox 2204 5124 2729 5181; baseline -0.002 -1"><span class='ocrx_word' id='word_1_829' title='bbox 2204 5124 2729 5181; x_wconf 82' lang='lat' dir='ltr'><strong>Nabucliodonosori.</strong></span> 
     </span>
    </p>
   </div>
   <div class='ocr_carea' id='block_1_114' title="bbox 2262 5275 3765 5324">
    <p class='ocr_par' dir='ltr' id='par_1_114' title="bbox 2262 5275 3765 5324">
     <span class='ocr_line' id='line_1_114' title="bbox 2262 5275 3765 5324; baseline -0.002 -8"><span class='ocrx_word' id='word_1_830' title='bbox 2262 5275 2498 5317; x_wconf 75' lang='lat' dir='ltr'><strong>SYNOPSIS</strong></span> <span class='ocrx_word' id='word_1_831' title='bbox 2532 5275 2712 5317; x_wconf 71' lang='lat' dir='ltr'><strong>EORUM</strong></span> <span class='ocrx_word' id='word_1_832' title='bbox 2743 5275 2858 5324; x_wconf 68' lang='lat' dir='ltr'><strong>QUE</strong></span> <span class='ocrx_word' id='word_1_833' title='bbox 2886 5276 2950 5315; x_wconf 80' lang='lat' dir='ltr'><strong>AB</strong></span> <span class='ocrx_word' id='word_1_834' title='bbox 2981 5276 3269 5318; x_wconf 78' lang='lat' dir='ltr'><strong>EZECHIELE</strong></span> <span class='ocrx_word' id='word_1_835' title='bbox 3296 5276 3573 5319; x_wconf 72' lang='lat' dir='ltr'><strong>PROPEETA</strong></span> <span class='ocrx_word' id='word_1_836' title='bbox 3598 5278 3707 5318; x_wconf 86' lang='lat' dir='ltr'><strong>DlC’l</strong></span> <span class='ocrx_word' id='word_1_837' title='bbox 3730 5276 3765 5314; x_wconf 75' lang='grc' dir='ltr'><strong>Α</strong></span> 
     </span>
    </p>
   </div>
   <div class='ocr_carea' id='block_1_115' title="bbox 2915 5367 3066 5408">
    <p class='ocr_par' dir='ltr' id='par_1_115' title="bbox 2915 5367 3066 5408">
     <span class='ocr_line' id='line_1_115' title="bbox 2915 5367 3066 5408; baseline -0.007 -1"><span class='ocrx_word' id='word_1_838' title='bbox 2915 5367 3066 5408; x_wconf 84' lang='lat' dir='ltr'><strong>SUNT.</strong></span> 
     </span>
    </p>
   </div>
   <div class='ocr_carea' id='block_1_116' title="bbox 2283 5486 3777 5561">
    <p class='ocr_par' dir='ltr' id='par_1_116' title="bbox 2283 5486 3777 5561">
     <span class='ocr_line' id='line_1_116' title="bbox 2283 5486 3777 5561; baseline -0.005 -16"><span class='ocrx_word' id='word_1_839' title='bbox 2283 5491 2440 5547; x_wconf 79' lang='lat' dir='ltr'><strong>Videt</strong></span> <span class='ocrx_word' id='word_1_840' title='bbox 2468 5490 2729 5561; x_wconf 89' lang='lat' dir='ltr'><strong>propheta</strong></span> <span class='ocrx_word' id='word_1_841' title='bbox 2754 5490 3015 5545; x_wconf 87' lang='lat' dir='ltr'><strong>visionem</strong></span> <span class='ocrx_word' id='word_1_842' title='bbox 3044 5489 3471 5545; x_wconf 85' lang='lat' dir='ltr'><strong>Cherubinorum</strong></span> <span class='ocrx_word' id='word_1_843' title='bbox 3498 5528 3513 5553; x_wconf 93' lang='lat'><strong>,</strong></span> <span class='ocrx_word' id='word_1_844' title='bbox 3540 5486 3777 5555; x_wconf 89' lang='lat' dir='ltr'><strong>jnbetur-</strong></span> 
     </span>
    </p>
   </div>
   <div class='ocr_carea' id='block_1_117' title="bbox 2208 5579 3837 5657">
    <p class='ocr_par' dir='ltr' id='par_1_117' title="bbox 2208 5579 3837 5657">
     <span class='ocr_line' id='line_1_117' title="bbox 2208 5579 3837 5657; baseline -0.007 -16"><span class='ocrx_word' id='word_1_845' title='bbox 2208 5584 2312 5657; x_wconf 87' lang='lat' dir='ltr'><strong>que</strong></span> <span class='ocrx_word' id='word_1_846' title='bbox 2355 5602 2385 5640; x_wconf 91' lang='lat' dir='ltr'><strong>a</strong></span> <span class='ocrx_word' id='word_1_847' title='bbox 2418 5585 2530 5639; x_wconf 92' lang='lat' dir='ltr'><strong>Deo</strong></span> <span class='ocrx_word' id='word_1_848' title='bbox 2576 5585 2828 5640; x_wconf 88' lang='lat' dir='ltr'><strong>lsraelitis</strong></span> <span class='ocrx_word' id='word_1_849' title='bbox 2863 5585 3029 5655; x_wconf 90' lang='lat' dir='ltr'><strong>loqui.</strong></span> <span class='ocrx_word' id='word_1_850' title='bbox 3078 5584 3395 5654; x_wconf 88' lang='lat' dir='ltr'><strong>Deportatur</strong></span> <span class='ocrx_word' id='word_1_851' title='bbox 3429 5597 3457 5635; x_wconf 91' lang='lat' dir='ltr'><strong>a</strong></span> <span class='ocrx_word' id='word_1_852' title='bbox 3504 5579 3703 5649; x_wconf 85' lang='lat' dir='ltr'><strong>Spiritu</strong></span> <span class='ocrx_word' id='word_1_853' title='bbox 3734 5579 3783 5631; x_wconf 92' lang='lat' dir='ltr'><strong>in</strong></span> <span class='ocrx_word' id='word_1_854' title='bbox 3832 5618 3837 5619; x_wconf 42' lang='grc' dir='ltr'><em>κ</em></span> 
     </span>
    </p>
   </div>
   <div class='ocr_carea' id='block_1_118' title="bbox 2214 5672 3785 5748">
    <p class='ocr_par' dir='ltr' id='par_1_118' title="bbox 2214 5672 3785 5748">
     <span class='ocr_line' id='line_1_118' title="bbox 2214 5672 3785 5748; baseline -0.006 -15"><span class='ocrx_word' id='word_1_855' title='bbox 2214 5678 2575 5748; x_wconf 82' lang='lat' dir='ltr'><strong>captivitatem</strong></span> <span class='ocrx_word' id='word_1_856' title='bbox 2610 5696 2623 5732; x_wconf 88' lang='lat'><strong>:</strong></span> <span class='ocrx_word' id='word_1_857' title='bbox 2655 5678 3021 5747; x_wconf 82' lang='lat' dir='ltr'><strong>excitaturque</strong></span> <span class='ocrx_word' id='word_1_858' title='bbox 3051 5691 3080 5729; x_wconf 88' lang='lat' dir='ltr'><strong>a</strong></span> <span class='ocrx_word' id='word_1_859' title='bbox 3117 5676 3249 5741; x_wconf 90' lang='lat' dir='ltr'><strong>Deo,</strong></span> <span class='ocrx_word' id='word_1_860' title='bbox 3280 5684 3338 5729; x_wconf 93' lang='lat' dir='ltr'><strong>ut</strong></span> <span class='ocrx_word' id='word_1_861' title='bbox 3358 5690 3481 5729; x_wconf 94' lang='lat' dir='ltr'><strong>cum</strong></span> <span class='ocrx_word' id='word_1_862' title='bbox 3513 5672 3704 5726; x_wconf 83' lang='lat' dir='ltr'><strong>fiducia</strong></span> <span class='ocrx_word' id='word_1_863' title='bbox 3733 5679 3785 5723; x_wconf 93' lang='lat' dir='ltr'><strong>et</strong></span> 
     </span>
    </p>
   </div>
   <div class='ocr_carea' id='block_1_119' title="bbox 2214 5761 3784 5841">
    <p class='ocr_par' dir='ltr' id='par_1_119' title="bbox 2214 5761 3784 5841">
     <span class='ocr_line' id='line_1_119' title="bbox 2214 5761 3784 5841; baseline -0.009 -15"><span class='ocrx_word' id='word_1_864' title='bbox 2214 5772 2433 5841; x_wconf 87' lang='lat' dir='ltr'><strong>impigre</strong></span> <span class='ocrx_word' id='word_1_865' title='bbox 2458 5780 2570 5823; x_wconf 90' lang='lat' dir='ltr'><strong>tum</strong></span> <span class='ocrx_word' id='word_1_866' title='bbox 2611 5768 2939 5837; x_wconf 79' lang='lat' dir='ltr'><strong>iniquistum</strong></span> <span class='ocrx_word' id='word_1_867' title='bbox 2960 5768 3118 5836; x_wconf 87' lang='lat' dir='ltr'><strong>justis</strong></span> <span class='ocrx_word' id='word_1_868' title='bbox 3139 5767 3279 5821; x_wconf 86' lang='lat' dir='ltr'><strong>viam</strong></span> <span class='ocrx_word' id='word_1_869' title='bbox 3304 5767 3369 5819; x_wconf 87' lang='lat' dir='ltr'><strong>ad</strong></span> <span class='ocrx_word' id='word_1_870' title='bbox 3399 5765 3563 5819; x_wconf 88' lang='lat' dir='ltr'><strong>vitam</strong></span> <span class='ocrx_word' id='word_1_871' title='bbox 3589 5761 3784 5815; x_wconf 84' lang='lat' dir='ltr'><strong>ducen-</strong></span> 
     </span>
    </p>
   </div>
   <div class='ocr_carea' id='block_1_120' title="bbox 2216 5855 3784 5927">
    <p class='ocr_par' dir='ltr' id='par_1_120' title="bbox 2216 5855 3784 5927">
     <span class='ocr_line' id='line_1_120' title="bbox 2216 5855 3784 5927; baseline -0.008 -8"><span class='ocrx_word' id='word_1_872' title='bbox 2216 5874 2318 5921; x_wconf 87' lang='lat' dir='ltr'><strong>tem</strong></span> <span class='ocrx_word' id='word_1_873' title='bbox 2351 5864 2646 5927; x_wconf 87' lang='lat' dir='ltr'><strong>annuntict,</strong></span> <span class='ocrx_word' id='word_1_874' title='bbox 2674 5869 2726 5917; x_wconf 92' lang='lat' dir='ltr'><strong>ct</strong></span> <span class='ocrx_word' id='word_1_875' title='bbox 2750 5859 2843 5915; x_wconf 89' lang='lat' dir='ltr'><strong>Dei</strong></span> <span class='ocrx_word' id='word_1_876' title='bbox 2871 5859 3114 5915; x_wconf 88' lang='lat' dir='ltr'><strong>mandata</strong></span> <span class='ocrx_word' id='word_1_877' title='bbox 3136 5858 3385 5914; x_wconf 86' lang='lat' dir='ltr'><strong>declaret.</strong></span> <span class='ocrx_word' id='word_1_878' title='bbox 3418 5855 3642 5913; x_wconf 69' lang='lat' dir='ltr'><strong>labetur</strong></span> <span class='ocrx_word' id='word_1_879' title='bbox 3669 5862 3784 5907; x_wconf 79' lang='lat' dir='ltr'><strong>sese</strong></span> 
     </span>
    </p>
   </div>
  </div>
