4058 6344
247 514 441 582 Κυρίῳ
491 510 644 583 ήμῶν
688 508 862 581 Ἰησοῦ
918 508 1158 581 Χριστῷ,
1194 510 1342 563 αὐτοὶ
1390 511 1600 572 ἑαυτοῖς
1656 508 1816 561 αἴτιοι

245 602 496 670 ἐγένοντο
522 600 632 651 τῶν
657 598 937 669 παρόντων
966 597 1169 650 κακῶν.
1202 597 1311 668 Τὴν
1334 598 1450 650 κατ’
1475 595 1639 651 αὐτοῦ
1672 612 1818 663 γινο-

249 691 421 760 μένην
442 686 728 757 ἐπιϐουλήν
752 686 855 738 ὑπὸ
886 684 1151 737 Ἰουδαίων
1171 684 1199 736 6
1230 684 1511 755 προφήτης
1538 683 1812 753 προλέγει,

244 781 343 831 καὶ
370 776 687 846 κατεύχεται
716 774 915 837 αὐτῶν,
944 774 1026 825 ὅτι
1056 772 1264 843 πονηρά
1290 772 1410 824 ἀντὶ
1434 770 1652 840 ἀγαθῶν
1681 773 1815 824 ἀπο-

238 863 529 917 δεδώκασι.
582 859 874 914 Κελεύεται
914 861 943 911 6
984 860 1247 928 Ἱερεμίας
1298 858 1445 930 βικὸν
1494 858 1814 929 όστράκινον

240 950 448 1014 λαϐὼν,
479 950 571 1004 καὶ
604 947 1109 1019 διαμαρτυράμενος
1134 946 1202 999 τά
1224 945 1371 999 κακά
1396 945 1490 999 τοῦ
1518 945 1669 1010 λαοῦ,
1697 963 1815 999 συν-

238 1040 436 1110 τρῖψαι
468 1040 559 1092 τὸν
587 1038 736 1109 βικὸν
768 1038 886 1089 κατ’
919 1035 1226 1105 ὀφθαλμοὺς
1248 1033 1444 1098 αὐτῶν,
1478 1036 1572 1087 καὶ
1601 1036 1773 1087 εἰπεῖν
1794 1050 1808 1063 ο

236 1127 403 1182 υῦτω
458 1126 867 1197 συντριϐήσεται
935 1121 1307 1192 Ἰερουσαλήμ.
1359 1122 1468 1173 Καὶ
1522 1121 1814 1192 ἐμϐληθεὶς

240 1214 353 1267 ὑπὸ
382 1213 474 1267 τοῦ
507 1211 741 1282 Πασχὼρ
765 1213 844 1273 είς
870 1210 959 1262 τὸν
981 1209 1350 1280 καταράκτην,
1381 1208 1710 1281 προφητεύει
1736 1207 1813 1279 τῷ

239 1300 482 1371 Πασχὼρ
508 1300 577 1354 τά
608 1298 927 1368 ἐκδεξόμενα
965 1295 1111 1366 αύτῷ
1138 1296 1282 1349 κακά
1310 1307 1358 1349 ι.
1387 1293 1519 1349 Εἶτα
1559 1295 1813 1365 ἀσχάλλει

240 1391 339 1441 ἐπὶ
378 1390 490 1450 τοῖς
540 1384 880 1456 διασύρουσιν
921 1383 1102 1447 αὑτὸν,
1136 1384 1229 1436 καὶ
1268 1382 1584 1453 κατεύχεται
1613 1381 1807 1449 αὐτῶν,

240 1481 342 1531 καὶ
367 1477 670 1547 καταρᾶται
700 1478 766 1545 τῇ
794 1473 976 1544 ήμέρᾳ
1134 1472 1347 1526 ἐαυτοῦ.
1387 1473 1598 1543 Πέμπει
1653 1472 1810 1525 Σεδε-

240 1567 370 1628 κίας
396 1567 425 1616 6
454 1563 704 1633 βασιλεὺς
730 1561 919 1631 μαθεῖν
945 1560 1094 1630 παρά
1133 1559 1415 1629 Ἱερεμίου,
1443 1561 1490 1611 εί
1514 1558 1811 1612 ἀπελεύσε-

237 1670 333 1706 ται
366 1652 460 1705 άπ’
509 1648 671 1705 αὐτοῦ
721 1647 1203 1718 Ναϐουχοδονόσορ.
1247 1646 1304 1699 '0
1353 1646 1410 1699 δέ
1439 1663 1622 1717 φησιν,
1671 1647 1751 1700 ὃτι
1782 1648 1811 1700 6

237 1743 378 1805 Θεὸς
405 1741 699 1810 πολεμήσει
739 1739 865 1799 τοὺς
902 1735 1203 1798 Ἰουδαίους,
1233 1736 1325 1788 καὶ
1348 1735 1438 1788 τὸν
1459 1735 1681 1805 βασιλέα
1711 1736 1809 1788 Σε-

236 1830 446 1882 δεκίαν.
476 1829 538 1881 Et
569 1826 627 1879 δέ
662 1823 899 1895 βούλοιτο
929 1824 957 1876 6
991 1822 1117 1885 λαὸς
1145 1822 1285 1875 ἐκὼν
1319 1824 1705 1893 προσχωρῆσαι
1732 1822 1810 1894 τῷ

238 1914 728 1986 Ναϐουχοδονόσορ,
764 1909 1103 1981 σωθήσεσθαι
1132 1909 1313 1977 αὑτὸν,
1342 1909 1437 1963 καὶ
1458 1908 1550 1963 τὸν
1588 1909 1810 1979 βασιλέα

236 2007 295 2059 δὲ
323 2007 428 2058 οὐκ
468 2000 803 2063 ἀπολεῖσθαι,
848 2001 896 2051 εἰ
932 1998 1031 2069 τῆς
1077 1997 1281 2060 οἰκείας
1322 1997 1561 2061 ἀποστάς
1591 1999 1808 2065 κακίας,

236 2097 353 2156 τοῖς
379 2090 475 2144 τοῦ
516 2088 652 2143 Θεοῦ
690 2086 1067 2159 προστάγμασι
1110 2084 1395 2156 προσέχειν
1434 2084 1625 2139 ἐθέλοι.
1653 2086 1810 2142 Κατά
1854 2158 1863 2167 ⁸

235 2183 337 2236 τοῦ
384 2180 640 2250 Ἱωακεὶμ
683 2178 776 2232 καὶ
816 2176 909 2229 τοῦ
949 2173 1216 2246 Ἰεχονίου,
1248 2175 1342 2227 καὶ
1374 2173 1514 2227 κατά
1541 2174 1647 2228 τῶν
1690 2193 1811 2229 ποι-

242 2273 423 2342 μένων
450 2270 529 2332 εῖς
553 2267 641 2321 τὸν
667 2265 870 2336 Κύριον
902 2261 1224 2332 προφητεία,
1254 2261 1349 2314 καὶ
1377 2261 1483 2316 τῶν
1507 2261 1804 2335 ψευδοπρο-

240 2357 430 2430 φητῶν
458 2353 775 2426 κατηγορία.
801 2349 1026 2421 Χρηστά
1048 2347 1125 2419 τῷ
1160 2347 1331 2420 Ἰούδᾳ
1354 2349 1702 2420 προφητεύει.
1719 2350 1809 2421 Τῷ

236 2448 299 2500 δὲ
330 2442 706 2511 ὑπολειφθέντι
750 2438 865 2509 λαῷ
907 2440 964 2490 ἐν
1000 2434 1351 2507 Ἰερουσαλὴμ
1388 2434 1526 2506 μετά
1560 2436 1808 2490 Σεδεκίου

235 2534 331 2586 διὰ
383 2532 475 2585 τού
517 2527 909 2597 ὑποδείγματος
956 2523 1062 2577 τῶν
1108 2522 1285 2576 συκῶν
1332 2522 1660 2594 προφητεύει
1713 2523 1808 2577 τοῦ

234 2617 707 2695 Ναϐουχοδονόσορ
720 2615 818 2684 τὴν
838 2612 1041 2675 ἀνοδον,
1060 2610 1151 2664 καὶ
1171 2611 1386 2664 πάντων
1404 2610 1512 2663 τῶν
1531 2609 1698 2664 ἐθνῶν
1712 2609 1808 2682 τήν

234 2710 517 2765 ἀπώλειαν
559 2706 647 2761 διὰ
673 2703 764 2758 τοῦ
811 2701 1070 2774 ποτηρίου
1111 2700 1298 2754 τούτου
1343 2700 1537 2766 δηλῶν.
1571 2702 1810 2770 Προαγο-

236 2798 395 2870 ρεύει
421 2795 571 2870 [585]
597 2793 869 2847 ἀπώλειαν
894 2792 993 2861 τῆς
1032 2790 1337 2860 Ἱερουσαλή
1348 2807 1405 2859 μ.
1436 2790 1545 2842 Καὶ
1581 2789 1812 2860 συλλαμ-

234 2887 467 2940 ϐάνεται
514 2885 606 2936 ἐπὶ
633 2882 845 2950 θανάτῳ
880 2878 1149 2950 Ἱερεμίας
1187 2877 1290 2930 ὑπὸ
1327 2877 1433 2929 τῶν
1462 2877 1671 2949 ἱερέων,
1716 2878 1810 2931 καὶ

236 2973 505 3043 ἐκφεύγει
534 2972 621 3025 τὸν
653 2969 917 3023 κίνδυνον.
961 2964 1257 3019 Κελεύεται
1295 2966 1323 3016 6
1352 2965 1632 3035 προφήτης
1658 2981 1811 3037 περι-

237 3063 424 3116 θεῖναι
457 3057 626 3129 ἐαυτῷ
648 3055 897 3127 δεσμοὺς,
928 3053 1024 3107 καὶ
1046 3054 1156 3117 τοῖς
1176 3050 1436 3123 πρέσϐεσι
1461 3052 1567 3104 τῶν
1590 3051 1811 3121 ἀλλοφύο

233 3152 358 3204 λων
390 3148 581 3208 εἰπεῖν,
615 3145 751 3198 ὥστε
791 3138 1120 3211 ἀπαγγεῖλαι
1151 3143 1262 3203 τοῖς
1299 3138 1603 3209 βασιλεῦσιν
1628 3139 1810 3203 αὐτοῖς

236 3237 586 3307 ὑποταγῆναι
626 3234 705 3303 τῷ
741 3229 1209 3300 Ναϐουχοδονόσορ
1234 3246 1249 3261 ο
1297 3227 1536 3282 ἀπειλεῖν
1570 3228 1678 3299 γάρ
1718 3229 1809 3282 τὸν

234 3327 376 3381 Θεὸν
397 3325 620 3379 θάνατον
641 3324 751 3384 τοῖς
779 3320 853 3392 μὴ
882 3317 1337 3388 ὑποτασσομένοις
1360 3316 1525 3388 αὐτῷ.
1551 3318 1812 3387 Παραινεῖ

234 3416 300 3469 δὲ
323 3414 528 3483 ταύτην
549 3410 647 3482 τήν
667 3408 981 3479 παραίνεσιν
998 3408 1091 3459 καὶ
1103 3405 1180 3476 τῷ
1202 3404 1443 3476 Σεδεκίᾳ,
1466 3406 1559 3459 καὶ
1576 3405 1653 3476 τῷ
1670 3404 1806 3477 λαῷ,

234 3502 338 3557 καὶ
364 3504 474 3563 τοῖς
503 3498 756 3569 ἱερεῦσιν.
780 3494 839 3549 '0
862 3494 919 3548 δὲ
943 3493 1390 3564 ψευδοπροφήτης
1417 3492 1664 3556 Ἀνανίας
1684 3492 1811 3546 ἀνθ-

238 3591 431 3642 ίστατο
468 3584 706 3657 Ἱερεμίᾳ
755 3582 835 3655 τῷ
879 3582 1151 3653 προφήτῃ,
1196 3579 1390 3648 λέγων,
1427 3578 1494 3632 τά
1534 3579 1700 3650 σκεύη
1738 3579 1809 3633 τά

236 3679 370 3751 ίερά
414 3676 722 3745 ἐπανήξειν,
761 3670 971 3726 καὶτὸν
1006 3668 1277 3740 Ἰεχονίαν,
1318 3668 1377 3733 6;
1406 3664 1474 3740 ἦν
1506 3670 1618 3732 υἱὸς
1657 3669 1804 3723 Ἰωα-

232 3767 379 3835 κεὶμ
430 3759 659 3831 ἀδελφοῦ
714 3758 980 3813 Σεδεκίου.
1038 3757 1150 3811 Καὶ
1204 3755 1489 3827 συνέτριψε
1540 3758 1634 3810 καὶ
1681 3758 1807 3823 τοὺς

232 3855 457 3916 κλοιοὺς
484 3850 577 3906 τοῦ
624 3850 918 3922 προφήτου.
950 3847 1233 3918 Πέμπεται
1272 3844 1450 3899 τοίνυν
1474 3848 1503 3899 6
1542 3846 1808 3918 Ἱερεμίας

231 3943 473 3997 θάνατον
501 3936 649 4009 αὐτῷ
674 3935 950 4008 προλέγων
978 3936 1035 3987 ἐν
1056 3932 1202 4003 αὑτῷ
1232 3932 1425 4003 ἐκείνῳ
1447 3931 1526 4003 τῷ
1554 3934 1806 4004 ἐνιαυτῷ,

231 4033 318 4096 ὡς
344 4030 442 4084 καὶ
476 4026 693 4096 συνέϐη.
725 4024 807 4080 Τά
844 4023 989 4079 κακά
1028 4026 1139 4086 τοῖς
1170 4024 1228 4076 ἐν
1259 4021 1535 4076 Βαϐυλῶνι
1566 4023 1593 4062 ι)
1621 4022 1809 4093 ψευδοο

234 4118 553 4190 προφήταις
580 4114 855 4187 προλέγει,
874 4113 969 4165 καὶ
989 4110 1066 4182 τῷ
1084 4108 1198 4181 λαῷ
1221 4110 1427 4181 μακρὸν
1445 4110 1536 4165 τὸν
1566 4110 1668 4181 τῆς
1688 4114 1809 4183 αίχ-

236 4205 525 4279 μαλωσίας
560 4202 771 4273 χρόνον,
808 4199 921 4254 ἀλλ’
947 4200 1095 4269 ὅμως
1120 4197 1334 4251 ἔσεσθαι
1370 4197 1646 4254 ἐπάνοδον.
1684 4198 1808 4254 Ἐπὶ

232 4296 453 4358 τούτοις
483 4294 777 4363 ἠγανάκτει
803 4289 1039 4361 Σαμέας,
1065 4290 1160 4341 καὶ
1189 4290 1416 4361 ἐπιτιμᾷ
1443 4289 1519 4360 τῷ
1549 4291 1702 4362 ἱερεῖ,
1725 4292 1807 4345 ὅτι

232 4385 340 4436 οὐκ
364 4379 605 4434 ἐκώλυσε
623 4379 713 4432 τὸν
745 4376 1009 4448 Ἱερεμίαν
1040 4374 1261 4430 τοιαῦτα
1293 4376 1686 4447 προφητεῦσαι.
1709 4378 1807 4433 Διά

232 4471 399 4524 τοῦτο
438 4468 648 4522 ἀπειλεῖ
685 4467 713 4519 6
757 4465 887 4528 Θεὸς
940 4464 1222 4519 ἀπολέσειν
1250 4465 1432 4520 αὐτόν.
1470 4461 1603 4518 Εἶτα
1650 4466 1807 4536 λόγος

234 4554 649 4628 παρακλητικὸς
696 4552 775 4624 τῷ
814 4551 1047 4622 Ἰσραήλ.
1094 4550 1252 4620 Δηλοῖ
1288 4551 1376 4603 τὸν
1426 4552 1614 4621 καιρὸν
1639 4594 1653 4620 ,
1685 4553 1806 4608 καθ’

231 4646 295 4699 6v
325 4641 551 4715 ἔμελλον
572 4638 965 4710 ἐπανέρχεσθαι
993 4640 1057 4691 ἐκ
1096 4638 1426 4702 Βαϐυλῶνος.
1464 4632 1629 4703 Οῦτος
1655 4640 1711 4693 δὲ
1738 4637 1808 4713 ἦν

230 4736 265 4788 ὁ
294 4733 387 4787 τοῦ
416 4731 613 4800 φασὲκ,
646 4727 827 4791 καθὼς
860 4728 954 4781 καὶ⁹
990 4728 1046 4780 ἐν
1082 4727 1160 4798 τῷ
1196 4727 1402 4799 Ἔσδρᾳ
1438 4726 1581 4781 ἔστιν
1605 4731 1804 4802 εὑρεῖν,

231 4824 319 4875 ὅτι
351 4823 421 4891 τῇ
442 4820 598 4889 ἑορτῇ
635 4816 743 4869 τῶν
766 4814 989 4887 ἀζύμων
1014 4814 1334 4885 ἐπανῆλθον.
1367 4816 1529 4868 Ὥστε
1560 4818 1808 4889 φανερῶς

231 4909 553 4979 ἐλέγχονται
579 4904 891 4975 ψευδόμενοι
931 4902 1189 4956 Ἰουδαῖοι.
1227 4902 1307 4956 Τὰ
1338 4903 1444 4975 γάρ
1474 4904 1532 4958 ἐν
1562 4905 1640 4976 τῷ
1658 4907 1808 4979 τόπῳ

231 4996 413 5066 τούτῳ
443 4993 799 5063 γεγραμμένα
831 4989 959 5061 περὶ
994 4990 1170 5043 αὐτῶν
1202 4990 1380 5058 ἀγαθά
1409 4991 1486 5044 ἔτι
1510 4994 1809 5063 προσδοκῶ-

233 5101 346 5148 σιν,
373 5082 517 5151 άπερ
543 5076 724 5151 ἦλθον.
753 5080 886 5148 Περὶ
910 5077 1015 5131 τῶν
1039 5077 1429 5147 ἀναιρεθέντων
1459 5079 1683 5134 παιδίων
1705 5081 1809 5135 ὑπὸ

242 5169 512 5242 Ἡρώδου.
550 5168 683 5238 Περὶ
717 5166 815 5235 τῆς
860 5164 1005 5227 Νέας
1038 5164 1307 5234 Διαθήκης
1346 5156 1667 5237 προφητεία.
1699 5168 1809 5221 Καὶ

230 5260 335 5330 τὴν
354 5258 416 5309 ἐν
446 5255 525 5327 τῷ
545 5257 696 5325 τόπῳ
714 5253 772 5307 δὲ
794 5251 967 5322 τούτῳ
994 5250 1279 5321 οἰκοδομὴν
1300 5252 1687 5324 γεγραμμένην
1709 5255 1809 5325 τῆς

230 5347 447 5409 πόλεως
473 5344 553 5397 ἐτι
577 5340 943 5414 προσδοκῶσιν
979 5339 1236 5392 Ἰουδαῖοι.
1268 5340 1376 5391 Καὶ
1411 5338 1550 5409 αῦτη
1577 5340 1633 5394 δὲ
1656 5342 1809 5406 τέλος

230 5435 415 5503 ἔσχεν,
450 5434 539 5486 ὅτε
580 5428 807 5499 ἀνῆλθον
834 5428 898 5479 ἐκ
926 5425 1240 5488 Βαϐυλῶνος
1264 5427 1553 5498 γενομένη.
1585 5428 1809 5483 Κελεύε-

230 5539 326 5589 ται
347 5522 375 5573 ὁ
409 5518 681 5592 Ἱερεμίας
710 5517 974 5588 ἀγοράσαι
1003 5516 1095 5568 τὸν
1126 5515 1293 5585 ἀγρὸν
1315 5515 1409 5568 τοῦ
1436 5516 1807 5586 πατραδέλφου

232 5607 421 5675 αὑτοῦ,
449 5606 547 5661 καῖ
570 5606 849 5675 ἀγοράσας
865 5604 1032 5672 λέγει,
1054 5603 1135 5656 ὅτι
1163 5605 1197 5673 ή
1219 5602 1371 5665 πόλις
1392 5604 1684 5676 παρεδόθη,
1716 5607 1808 5661 καὶ

298 5785 326 5813 ⁸
349 5784 525 5833 Melius
554 5784 815 5845 legeretur
832 5780 891 5845 τά
916 5780 1191 5845 έκδιξᾷμενα
1209 5777 1349 5845 αυτὸν
1386 5779 1530 5827 κακά.

294 5845 326 5887 δ
342 5846 427 5896 Ms.
452 5842 759 5900 Ouislfmale
785 5843 907 5891 κατά
930 5842 1027 5898 τοῖς
1048 5842 1094 5890 ἐν
1125 5843 1385 5902 Βαϐυλῶνι,
1413 5848 1510 5891 etc.

1337 387 1668 449 SYNOPSIS
1704 389 2118 448 SCRIPTURAS
2156 394 2423 451 SACRlE.

3387 398 3492 453 380

1922 506 2163 561 κελεύειν
2199 520 2221 546 ε
2271 510 2537 581 ἀγοράσαι
2577 511 2764 582 ἀγρόν.
2805 512 2864 565 Ὅ
2900 511 2956 565 δέ
3002 511 3134 574 Θεός
3180 526 3312 581 φησι
3357 513 3494 582 πρὸς

1921 594 2084 646 αὐτόν
2108 612 2121 625 ·
2142 591 2219 647 Τά
2257 597 2354 665 μὲν
2394 596 2634 667 παρόντα
2670 598 2813 651 κακά
2841 598 2928 651 διὰ
2961 598 3061 661 τὰς
3098 599 3372 668 ἁμαρτίας
3395 599 3490 651 τοῦ

1920 678 2050 733 λαοῦ
2076 698 2089 709 ·
2122 681 2273 735 ἔσται
2300 684 2510 757 καιρὸς,
2534 686 2622 737 ὅτε
2659 685 2820 739 πάλιν
2850 686 3300 757 κατοικηθήσεται
3333 687 3368 755 ή
3396 685 3491 737 πό-

1919 768 2021 832 λις.
2048 768 2305 840 ΙΙρολέγει
2333 772 2410 841 τῷ
2440 772 2681 843 Σεδεκίᾳ,
2712 774 2792 826 ὅτι
2823 773 3108 837 ἁλώσεται,
3149 772 3241 826 καὶ
3273 773 3491 840 ἐγκαλεῖ

1918 859 2046 923 τοὺς
2067 860 2305 925 δούλους,
2340 861 2432 925 οὓς
2464 861 2861 932 ἠλευθέρωσαν,
2890 864 3050 916 πάλιν
3080 861 3489 915 καταδουλωσα-

1924 946 2126 1017 μένοις,
2159 948 2253 1002 καὶ
2287 950 2496 1002 ἀπειλεῖ
2535 950 2775 1020 μεγάλην
2807 950 3025 1003 ἔσεσθαι
3055 950 3355 1019 συμφοράν.
3390 946 3488 999 Διά

1918 1034 2074 1087 τοῦτο
2104 1035 2313 1089 κελεύει
2351 1038 2476 1099 τοὺς
2518 1038 2666 1100 υἱοὺς
2705 1037 2956 1091 Ἰωναδάϐ
3002 1039 3171 1090 ποιεῖν
3216 1032 3379 1088 οἶκον.
3423 1035 3484 1085 OE

1918 1122 1974 1174 δὲ
2002 1124 2411 1194 παραιτοῦνται.
2444 1124 2735 1178 Κελεύεται
2767 1127 2796 1177 6
2830 1112 3103 1194 Ἱερεμίας
3128 1123 3355 1194 γράψαι,
3384 1123 3486 1175 ὅσα

1919 1212 2319 1282 προεφήτευσεν
2345 1212 2437 1264 ἐπὶ
2462 1212 2693 1283 Ἰσραήλ,
2717 1213 2803 1265 ἵνα
2828 1211 2969 1264 οὕτω
2996 1210 3124 1279 γοῦν
3155 1210 3484 1279 φοϐηθῶσιν,

1917 1298 2243 1361 ἀκούσαντες
2293 1299 2455 1352 πάλιν
2498 1300 2568 1352 τά
2619 1300 2877 1370 μέλλοντα
2914 1298 3108 1359 αὐτοὺς
3150 1296 3483 1367 διαδέχεσθαι

1917 1386 2078 1439 κακά.
2111 1387 2168 1438 '0
2196 1386 2251 1439 δὲ
2279 1388 2610 1457 προστάσσει
2636 1386 2715 1457 τῷ
2744 1388 2977 1456 Βαροὺχ,
3000 1387 3092 1439 τοῦ
3120 1385 3361 1455 ποιῆσαι,
3391 1384 3485 1437 καὶ

1918 1473 2157 1544 ἐποίησε.
2186 1475 2295 1528 Καὶ
2323 1475 2541 1547 γράψας
2571 1475 2781 1542 ἀνέγνω
2818 1478 2929 1537 τοῖς
2976 1474 3263 1536 Ἰουδαίοις.
3307 1473 3393 1534 Ὠς
3427 1470 3485 1523 δέ

1916 1562 2154 1631 ήκουσαν
2183 1564 2230 1615 οἱ
2279 1561 2555 1632 ἄρχοντες,
2592 1561 2918 1631 ἀνήγγειλάν
2949 1561 3027 1631 τῷ
3078 1560 3287 1631 βασιλεῖ
3332 1559 3481 1613 Ἰωα-

1916 1651 2065 1721 κείμ.
2099 1652 2159 1705 Ὁ
2184 1651 2241 1704 δὲ
2260 1650 2439 1705 λαϐὼν
2466 1650 2526 1704 τὸ
2546 1650 2745 1720 βιϐλίον
2776 1651 3098 1704 κατέκαυσε.
3139 1648 3246 1701 Καὶ
3270 1646 3484 1701 κελεύε-

1914 1756 2005 1791 ται
2040 1739 2304 1809 Ἱερεμίας
2348 1738 2535 1801 ἕτερον
2583 1737 2789 1808 γράψαι
2832 1736 3030 1807 βιϐλίον
3072 1734 3327 1789 τοιοῦτον.
3375 1734 3483 1787 Καί⁵

1916 1825 2246 1897 προφητεύει
2293 1826 2371 1896 τῷ
2412 1824 2620 1895 βασιλεῖ
2651 1824 2932 1895 συμφοράς
2976 1823 3064 1876 διὰ
3118 1822 3179 1875 τὸ
3229 1820 3483 1891 τόλμημα

1914 1914 2090 1968 τοῦτο.
2119 1914 2454 1986 Προφητεύει
2481 1914 2578 1985 τὴν
2602 1913 2801 1967 ἅλωσιν
2827 1912 3180 1984 Ἰερουσαλήμ
3199 1926 3213 1940 ’
3242 1911 3336 1963 καὶ
3358 1908 3482 1960 συλ-

1915 2002 2247 2074 λαμϐάνεται
2280 2003 2374 2055 καὶ
2406 2001 2729 2073 ἐμϐάλλεται
2760 2002 2839 2063 εἰς
2868 2002 3236 2071 δεσμωτήριον
3257 2000 3285 2051 6
3316 1998 3481 2069 Ἱερε-

1918 2090 2048 2162 μίας
2071 2130 2085 2155 ,
2110 2091 2203 2144 καὶ
2233 2090 2639 2161 μεταπεμφθεὶς
2681 2089 2885 2142 ἐκεῖθεν
2915 2087 3018 2141 ὑπὸ
3041 2086 3311 2148 Σεδεκίου,
3336 2084 3481 2153 λέγει

1916 2178 2101 2249 αύτῷ,
2131 2179 2209 2231 ὅτι
2243 2177 2506 2231 ἁλώσεται
2529 2217 2543 2241 ,
2581 2177 2676 2230 καὶ
2720 2176 2859 2243 ἀξιοῖ
2902 2176 3041 2227 ὥστε
3080 2174 3153 2245 μὴ
3196 2189 3482 2243 παραπεμ-

1916 2266 2112 2337 φθῆναι
2158 2269 2237 2327 είς
2278 2264 2339 2318 τὸ
2396 2265 2785 2335 δεσμωτήριον.
2817 2264 2927 2315 Καὶ
2963 2261 3213 2323 λαϐόντες
3246 2260 3403 2312 αὑτὸν
3431 2259 3480 2311 οἱ

1915 2356 2170 2427 ἄρχοντες
2205 2354 2452 2409 ἐνέϐαλον
2483 2354 2562 2417 είς
2590 2352 2679 2405 τὸν
2708 2352 2907 2405 λάκκον
2937 2350 3029 2403 τοῦ
3062 2348 3339 2420 βορϐόρου.
3370 2348 3481 2401 Καῖ

1917 2444 2067 2517 [586]
2114 2444 2387 2514 ἀνήγαγεν
2434 2441 2595 2495 αὐτὸν
2650 2440 2854 2493 ἐκεῖθεν
2894 2442 2923 2492 6
2984 2436 3330 2507 Ἀϐδαμελέκ.
3371 2437 3481 2490 Καὶ

1919 2531 2324 2604 μεταπεμφθεὶς
2356 2529 2515 2583 πάλιν
2546 2528 2649 2582 ὐπὸ
2677 2526 2769 2579 τοῦ
2811 2525 3092 2596 βασιλέως,
3122 2523 3480 2596 προαγορεύει

1914 2619 2063 2691 αὑτῷ
2107 2619 2406 2691 σωτηρίαν,
2446 2619 2495 2670 εί
2542 2615 2826 2687 βουληθείη
2869 2613 3009 2667 ἑκὼν
3057 2612 3290 2677 ἐξελθεῖν
3345 2610 3481 2682 πρὸς

1915 2708 2041 2772 τοὺς
2095 2706 2383 2778 πολεμίους
2417 2720 2431 2734 ⁸
2463 2705 2511 2757 εί
2539 2704 2593 2757 δέ
2636 2702 2709 2773 μὴ
2745 2700 3061 2772 βουληθείη,
3094 2700 3311 2777 δλεθρον
3333 2699 3481 2768 πάσῃ

1914 2799 1981 2867 τῇ
2007 2795 2156 2849 πόλει
2182 2837 2196 2860 ,
2228 2774 2321 2849 καὶ
2372 2793 2519 2864 αύτῷ
2568 2792 2777 2861 μεγάλα
2824 2789 2969 2843 κακά
3012 2774 3248 2840 ἔσεσθαι.
3294 2786 3381 2845 Ὠς
3423 2785 3480 2838 δὲ

1915 2886 2017 2937 ούκ
2043 2883 2256 2937 ἔπεισεν
2286 2880 2540 2945 ἐξελθεῖν,
2574 2878 2796 2949 ἀνῆλθεν
2828 2879 2857 2930 6
2887 2876 3176 2948 βάρϐαρος,
3212 2873 3305 2927 καὶ
3339 2873 3481 2925 ἑάλω

1916 2974 1951 3042 ή
1980 2970 2133 3035 πόλις
2167 2970 2301 3042 μετά
2323 2969 2589 3022 Σεδεκίου.
2611 2967 2719 3019 Καὶ
2736 2964 2813 3036 τῷ
2838 2963 3075 3034 Ἱερεμίᾳ
3099 2958 3156 3016 εὖ
3181 2962 3481 3032 ἐχρήσαντο

1916 3060 1964 3112 οί
2019 3058 2275 3129 ἄρχοντες
2329 3056 2422 3109 106
2476 3053 2964 3123 Ναϐουχοδονόσορ.
3021 3049 3111 3120 Τῷ
3161 3046 3479 3118 Ἀϐδεμελὲκ

1917 3144 2277 3220 προαγορεύει
2318 3143 2609 3214 σωτηρίαν.
2654 3141 2857 3204 Αὐτοὺς
2887 3139 2945 3193 δὲ
2983 3138 3242 3199 λαϐόντας
3272 3136 3479 3205 αἵρεσιν

1917 3237 2069 3309 παρά
2114 3235 2208 3289 τοῦ
2263 3232 2687 3304 ἀρχιμαγείρου,
2716 3230 2857 3282 ὥστε
2902 3227 3153 3283 ἀπελθεῖν
3200 3228 3330 3279 ὅπου
3358 3224 3480 3295 βού-

1916 3330 2106 3390 λοιντο,
2130 3325 2345 3398 ἔρχεται
2370 3322 2504 3394 πρὸς
2525 3319 2792 3383 Γοδολίαν,
2810 3318 2867 3370 ὃν
2894 3316 3224 3386 κατέστησεν
3247 3314 3480 3384 ἄρχοντα

1916 3417 2026 3479 τοῖς
2054 3412 2448 3481 ὑπολειφθεῖσιν
2480 3411 2539 3462 ἐν
2579 3412 2645 3479 τῇ
2691 3407 2937 3477 Ἰουδαία.
2972 3404 3318 3475 Συνήχθησαν
3347 3401 3482 3471 πρὸς

1916 3501 2164 3557 Γοδολίαν
2200 3502 2249 3553 οί
2291 3496 2678 3567 διεσπαρμένοι
2726 3496 2784 3547 ἐν
2826 3498 2936 3557 τοῖς
2972 3493 3162 3562 ἀγροῖς
3215 3489 3476 3543 Ἰουδαῖοι.

1928 3589 2149 3660 Ἱσμαὴλ
2178 3589 2389 3658 ἀναιρεῖ
2404 3586 2494 3639 τὸν
2524 3582 2789 3644 Γοδολίαν,
2817 3582 2909 3633 καὶ
2938 3579 3156 3649 ἐτέρους
3173 3577 3345 3638 τινάς,
3385 3578 3478 3628 καὶ

1914 3677 2091 3731 λαϐὼν
2119 3677 2208 3729 τὸν
2227 3674 2354 3727 λαὸν
2381 3671 2475 3725 τοῦ
2516 3668 2755 3723 Γοδολίου
2776 3707 2790 3730 ,
2822 3665 3088 3737 ἐπορεύθη
3115 3666 3193 3727 είς
3214 3664 3311 3733 τὴν
3348 3665 3478 3733 Ἀμ-

1918 3767 2138 3839 μωνῖτιν
2162 3762 2344 3833 χῶραν
2370 3761 2397 3812 6
2430 3757 2669 3828 Ἰσμαήλ.
2705 3756 2792 3817 Ὠς
2819 3754 2875 3807 δὲ
2899 3749 3039 3806 εἶδεν
3058 3751 3217 3804 αὑτὸν
3240 3753 3268 3803 6
3300 3751 3479 3803 Ἰωάν-

1915 3838 2044 3919 ναν,
2084 3846 2163 3913 εἷς
2208 3866 2288 3911 τις
2337 3846 2444 3899 τῶν
2501 3845 2804 3916 ἀρχόντων.
2834 3838 3090 3905 εὐνοϊκῶς
3142 3839 3476 3911 διακείμενος

1914 3941 2050 4012 πρὸς
2085 3937 2346 3999 Γοδολίαν,
2379 3935 2546 4005 ἔφυγε
2572 3935 2709 4006 μετά
2745 3932 2852 3986 τῶν
2879 3931 3020 3985 ὀκτὼ
3060 3930 3233 4000 μόνων
3271 3930 3478 3998 ἀνδρῶν

1913 4034 1944 4086 6
1986 4024 2245 4101 Ἰσμαὴλ,
2277 4028 2371 4081 καλ⁹
2409 4026 2498 4079 τὸν
2533 4025 2659 4078 λαὸν
2702 4021 2891 4077 ἐλαϐεν
2930 4023 2958 4074 6
3018 4019 3286 4073 Ἰωάνναν.
3316 4020 3475 4071 Ὥστε

1912 4119 2168 4191 δεηθῆναι
2195 4116 2288 4170 τοῦ
2322 4115 2456 4170 Θεοῦ
2485 4117 2615 4185 περὶ
2651 4113 2828 4167 αὐτῶν
2857 4110 3081 4181 δεηθεὶς,
3116 4110 3211 4165 καὶ
3240 4108 3475 4178 συμϐου-

1913 4208 2110 4269 λεύσας
2151 4207 2330 4267 αὐτοῖς
2380 4206 2454 4275 μὴ
2497 4202 2754 4256 εἰσελθεῖν
2800 4202 2880 4264 είς
2911 4201 3182 4268 Αἴγυπτον
3214 4199 3478 4269 (θάνατον

1913 4296 2022 4367 γὰρ
2046 4294 2285 4348 ἀπειλεῖν
2314 4292 2403 4346 τὸν
2433 4290 2585 4356 Θεὸν,
2632 4290 2679 4342 εί
2732 4288 3107 4360 μετοικήσαιεν
3145 4285 3172 4326 ἀ
3195 4288 3352 4353 ἐκεῖ),
3377 4288 3477 4339 οὐκ

1914 4383 2149 4436 ἔπεισεν.
2197 4380 2351 4432 Ἐπεὶ
2379 4378 2435 4431 δὲ
2460 4373 2622 4449 ἦλθον
2668 4376 2771 4440 ἓως
2814 4376 3053 4444 Τάφνας,
3102 4376 3353 4445 παραινεῖ
3379 4375 3476 4426 αύ-

1912 4472 2026 4533 τοῖς
2078 4468 2153 4539 μὴ
2196 4466 2619 4536 είδωλολατρεῖν.
2674 4464 2760 4527 Ὡς
2804 4462 2859 4515 δὲ
2892 4463 3193 4531 ἀντέλεγον,
3236 4479 3474 4532 προαγο-

1916 4555 2062 4629 ρεύει
2094 4555 2269 4617 αὐτοῖς
2294 4552 2509 4621 ὄλεθρον
2546 4550 2736 4622 μέγαν,
2768 4552 2859 4603 καὶ
2886 4550 2963 4620 τῷ
3009 4549 3218 4620 βασιλεῖ
3240 4549 3348 4603 τῶν
3379 4552 3474 4602 Δία

1913 4642 2155 4712 γυπτίων
2196 4642 2295 4712 τὴν
2335 4640 2606 4693 ἀπώλειαν
2630 4637 2905 4705 Αἰγύπτου
2944 4637 3215 4708 προλέγει,
3244 4637 3337 4690 καὶ
3369 4637 3479 4689 τῶν

1914 4729 2242 4800 ἀλλοφύλων,
2272 4728 2368 4799 τὴν
2402 4726 2672 4781 ἀπώλειαν
2696 4724 2996 4779 Μωαϐιτῶν
3022 4724 3186 4793 λέγει,
3213 4725 3306 4778 καὶ
3346 4726 3477 4795 Ἀμ-

1917 4817 2153 4890 μανιτῶν
2197 4818 2292 4871 καὶ
2349 4814 2693 4885 Ἰδουμαίων,
2723 4813 2822 4882 τὴν
2865 4811 3137 4866 ἀπώλειαν
3182 4813 3477 4881 Δαμασκοῦ

1914 4907 2007 4960 καὶ
2047 4904 2218 4975 Ἐλάμ
2266 4902 2541 4974 προλέγει,
2569 4900 2661 4953 καὶ
2686 4899 2786 4970 τὴν
2832 4898 3103 4953 ἀπώλειαν
3137 4898 3471 4963 Βαϐυλῶνος,

1914 4994 2008 5047 καὶ
2031 4992 2127 5063 τὴν
2154 4991 2336 5046 ἄνοδον
2366 4989 2471 5042 τῶν
2505 4987 2764 5049 Ἰουδαίων
2799 4986 2897 5058 τὴν
2928 4986 3157 5040 ἐκεῖθεν.
3191 4985 3313 5047 Πῶς
3336 4986 3475 5038 ἑάλω

1926 5078 2279 5152 Ἰερουσαλὴμ
2325 5076 2614 5148 προλέγει,
2661 5075 2755 5127 καὶ
2799 5074 2908 5127 ἀπὸ
2940 5072 3158 5143 ἀτιμίας
3192 5074 3272 5133 είς
3311 5072 3477 5141 τιμὴν

1913 5163 2043 5238 ἦλθε
2075 5166 2348 5236 Ἱωακεὶμ,
2383 5166 2412 5217 6
2443 5163 2581 5218 ἑκὼν
2608 5163 3001 5235 προσχωρήσας
3035 5160 3114 5231 τῷ
3136 5159 3479 5229 Ναϐουχοδο-

1915 5256 2072 5327 νόσορ
2118 5254 2256 5326 μετά
2290 5254 2387 5324 τῆς
2442 5252 2644 5324 μητρὸς
2688 5250 2869 5304 αὑτοῦ.

1915 5372 2179 5439 Σύνοψις
2213 5368 2331 5423 τῶν
2362 5368 2443 5434 τῷ
2482 5367 2759 5437 προφήτῃ
2812 5365 3089 5433 Ἰεζεκιὴλ
3129 5361 3472 5433 εἰρημένων.

1995 5474 2126 5545 Ὁρᾷ
2156 5473 2253 5544 τήν
2279 5473 2539 5526 ὀπτασίαν
2565 5471 2673 5525 τῶν
2697 5468 2975 5541 Χερουϐὶμ
3000 5469 3028 5521 6
3055 5468 3355 5537 προφήτης,
3382 5465 3475 5520 καὶ

1916 5561 2192 5615 κελεύεται
2228 5560 2456 5631 λαλῆσαι
2487 5562 2597 5623 τοῖς
2631 5556 2986 5630 Ἰσραηλίταις
3022 5555 3171 5625 παρὰ
3191 5554 3283 5607 τοῦ
3311 5553 3470 5609 Θεοῦ.

1954 5715 2425 5826 ἱῶξμὲῐὲοκεῖεύεις,
2458 5727 2735 5777 quanquam
2767 5710 2971 5761 κελεύειν
2995 5710 3109 5760 ferri
3130 5715 3296 5774 potest
3317 5714 3371 5761 et
3394 5709 3472 5761 lo-

2214 5790 2255 5823 IS
2280 5812 2292 5824 .

1916 5783 2047 5840 gitur
2066 5783 2115 5824 In
2146 5783 2292 5826 Cmsl.

1977 5836 2004 5877 ά
2026 5838 2169 5890 Cois].
2197 5838 2532 5897 μετοικήσειεν.
