4102 6322
232 335 331 444 Ι331
1333 336 1657 400 SYNOPSIS
1693 341 2104 400 SCRIPTURE
2142 338 2412 403 SACRE.

243 475 530 542 includere,
547 484 604 533 et
622 476 971 550 Jerosolymaa
993 479 1322 535 obsidionem
1351 482 1710 551 praenuntiam
1727 495 1821 550 per

241 566 540 637 exemplum
566 569 748 624 lateris
769 578 824 624 et
850 572 1149 640 sartaginis.
1175 571 1396 627 Jubetur
1423 573 1548 626 item
1579 572 1632 625 in
1656 586 1820 626 unum

243 659 378 714 latus
398 659 635 715 dormire
663 671 812 715 certo
830 660 1042 718 dierum
1079 678 1324 730 numero,
1355 663 1634 718 declarans
1672 663 1820 717 cala-

221 735 477 807 'tnitatem
511 753 705 822 populo
727 753 954 808 futuram
982 755 1034 808 in
1063 755 1388 824 captivitate.
1433 755 1681 810 Praedieit
1724 771 1820 825 per

245 858 425 913 panes,
453 859 590 913 quos
613 859 678 901 ex
702 855 938 900 stercore
963 845 1124 901 boum
1142 845 1283 909 facit.
1312 856 1367 900 et
1392 862 1487 916 per
1505 847 1821 901 divisionem

247 935 553 1004 capillorum
577 944 804 990 mortem
814 952 999 993 eorum
1011 953 1071 993 ac
1095 936 1499 1006 dispersionem;
1517 937 1664 993 urbis
1684 938 1814 992 item

249 1037 405 1098 atque
435 1029 697 1084 idolorum
742 1029 1159 1084 devastationem
1202 1031 1401 1100 adjicit.
1429 1031 1588 1086 Videt
1627 1031 1819 1100 iniqui-

249 1129 377 1176 tates
409 1121 623 1190 populi,
653 1129 708 1177 et
734 1122 1106 1176 idololatriam.
1151 1123 1354 1178 Deinde
1395 1138 1488 1179 eos
1517 1125 1606 1194 qui
1653 1140 1820 1194 usque

250 1212 310 1266 ad
338 1211 563 1267 exitium
586 1213 731 1268 urbis
757 1213 1107 1269 devenerunt.
1137 1214 1294 1270 Videt
1317 1232 1530 1270 rursum
1554 1216 1818 1272 Cherubi-

249 1318 374 1368 nos,
404 1311 460 1358 et
484 1304 622 1360 mala
647 1305 762 1360 urbi
789 1307 1130 1375 praenuntiat.
1154 1307 1228 1362 De
1255 1308 1320 1361 iis
1350 1309 1438 1378 qui
1469 1309 1519 1362 in
1550 1308 1819 1364 Christum

250 1395 498 1452 credituri
523 1405 694 1452 erant.
717 1398 964 1453 Praedicit
989 1414 1202 1454 rursum
1228 1401 1586 1470 captivitatem
1615 1403 1816 1471 populi,

253 1504 365 1559 qua:
392 1489 494 1543 sub
517 1489 738 1544 Sedecia
764 1491 992 1556 accidit,
1018 1499 1071 1546 et
1111 1491 1385 1547 Sedcciam
1409 1503 1728 1550 excaecatum
1758 1496 1820 1549 iri

250 1597 276 1634 a
305 1580 840 1637 Nabuchodonosore.
869 1583 1116 1638 Praedieit
1142 1586 1278 1638 mala
1323 1600 1427 1639 non
1463 1594 1579 1654 post
1614 1585 1821 1640 diutur-

250 1688 367 1726 num
402 1681 608 1741 tempus
631 1682 904 1739 eventura,
935 1674 1028 1728 sed
1062 1690 1224 1744 prope
1247 1690 1385 1731 esse.
1419 1676 1644 1730 Minatur
1667 1692 1821 1745 pseu-

250 1765 606 1836 doprophetis,
638 1768 872 1837 ipsisque
892 1767 1298 1838 indeprecabilia
1321 1783 1439 1823 esse
1468 1786 1584 1838 qum
1615 1770 1820 1840 passuri

250 1866 366 1909 sunt
389 1857 528 1910 mala
555 1856 868 1914 denuntiat:
899 1858 968 1912 ita
996 1866 1054 1912 ut
1099 1874 1197 1913 nec
1237 1858 1336 1913 Job
1366 1875 1464 1914 nec
1511 1860 1692 1915 Daniel
1722 1875 1822 1916 nec

252 1943 357 2003 Noe
383 1949 623 2018 ipsorum
655 1948 791 2004 filios
817 1951 1023 2019 possint
1043 1966 1236 2006 eruere
1266 1969 1279 2004 :
1309 1962 1362 2006 et
1388 1963 1681 2008 extremam
1706 1954 1822 2008 illo-

249 2055 358 2094 rum
389 2041 690 2096 vastitatem
715 2057 810 2111 per
830 2043 1023 2110 lignum
1043 2043 1163 2096 vitis
1189 2043 1439 2098 declarat.
1474 2044 1699 2098 Enarrat
1724 2061 1820 2113 po-

175 2191 178 2194 _
249 2131 349 2200 puli
377 2131 757 2200 turpitudinem
777 2131 844 2186 ab
863 2133 1031 2194 initio,
1060 2141 1342 2203 antequam
1364 2134 1528 2188 Deum
1547 2138 1820 2206 amplexus

247 2221 719 2284 esset,etdecorem
737 2232 1011 2292 postquam
1027 2223 1392 2292 amplexusest
1411 2242 1423 2274 :
1449 2223 1824 2280 idololatriam-

249 2328 346 2382 que
365 2313 504 2384 ejus,
527 2322 581 2368 et
598 2314 861 2368 excidium
887 2315 1028 2384 quod
1055 2325 1270 2384 propter
1293 2333 1411 2372 eam
1435 2317 1625 2370 invasit
1641 2319 1816 2388 ipsos;

250 2421 467 2474 magnas
512 2407 750 2461 ostendit
789 2407 907 2477 ejus
957 2407 1260 2478 iniquitates
1307 2424 1371 2463 ex
1421 2411 1819 2479 comparatione

248 2497 600 2551 Sodomorum
629 2507 683 2553 et
713 2497 987 2563 Samariae,
1015 2515 1133 2569 qua:
1155 2501 1314 2554 etiam
1339 2515 1434 2570 per
1452 2502 1654 2569 scipsas
1671 2513 1821 2556 erant

247 2587 508 2657 ingentes.
533 2588 766 2643 Possunt
791 2597 966 2644 autem
990 2590 1150 2656 bona,
1172 2605 1290 2660 quae
1314 2592 1571 2660 prxedicit,
1603 2609 1817 2662 nempe,

245 2678 512 2733 Suscitabo
537 2689 884 2734 testamentum
909 2697 1074 2734 meum
1104 2691 1261 2735 tecum
1290 2683 1309 2752 (
1338 2681 1526 2737 Ezeclt.
1556 2685 1642 2740 16.
1686 2687 1754 2738 (52
1776 2685 1816 2758 ),

239 2770 308 2826 de
335 2770 686 2827 credentibus
725 2773 776 2826 in
811 2771 1084 2827 Christum
1125 2774 1367 2846 intelligi.
1398 2777 1690 2831 Ascensnm
1714 2777 1820 2831 Na-

243 2862 712 2918 buchodonosoris
739 2865 1078 2933 praenuntiat.
1107 2865 1376 2921 Adversus
1407 2882 1499 2922 eos
1542 2868 1630 2937 qui
1665 2867 1813 2922 dicc-

243 2953 374 3008 baut
406 2974 420 3007 :
466 2955 647 3010 Patres
670 2957 989 3009 comederunt
1011 2971 1156 3009 uvam
1183 2957 1432 3021 acerbam,
1474 2970 1518 3011 et
1553 2959 1723 3013 dentes
1754 2961 1820 3028 ﬁ-

237 3047 431 3100 liorum
460 3048 856 3119 obstupueruut(
890 3047 1076 3103 Ezech.
1110 3049 1197 3104 18.
1219 3049 1255 3102 2
1277 3048 1317 3121 ).
1352 3051 1427 3105 De
1455 3061 1623 3107 matre
1657 3052 1823 3106 Sedc-

235 3139 334 3192 οἱα)
369 3137 536 3206 regis.
579 3138 911 3193 Testificatnr
940 3141 1242 3194 senioribus
1279 3142 1581 3212 iniquitates
1612 3155 1818 3213 patrum

236 3241 488 3282 suorum.
521 3228 654 3283 Illud
707 3241 881 3284 autem
909 3272 922 3293 ,
975 3230 1106 3294 Quia
1153 3247 1303 3301 super
1331 3244 1548 3286 montem
1593 3245 1822 3287 sanctum

234 3338 423 3388 meum,
445 3321 518 3378 de
537 3332 719 3377 monte
746 3323 958 3377 excelso
981 3324 1142 3379 Israel
1167 3324 1320 3378 dicit:
1339 3325 1554 3390 Adonai,
1584 3324 1818 3393 Domine,

232 3413 342 3465 illic
365 3415 588 3468 servient
613 3415 734 3467 mihi
763 3418 924 3469 omnis
952 3415 1130 3468 domus
1160 3413 1324 3468 Israel
1347 3417 1400 3469 in
1426 3417 1575 3485 ﬁnem
1610 3417 1818 3486 (Ezeclt.

229 3501 319 3557 20.
371 3504 467 3559 40.
521 3505 577 3558 in
644 3504 888 3574 Grata),
945 3505 1012 3560 de
1065 3506 1401 3561 credentibus
1449 3508 1502 3560 in
1553 3508 1819 3562 Christum

227 3604 410 3665 potest
428 3597 625 3665 accipi.
653 3596 731 3649 De
759 3596 1019 3662 Theman,
1043 3596 1109 3651 de
1148 3595 1309 3651 Israel
1335 3639 1348 3660 ,
1382 3607 1434 3652 et
1463 3597 1530 3652 de
1554 3599 1674 3652 filiis
1707 3601 1824 3652 Amo

225 3702 377 3740 mon.
417 3687 740 3755 lniquitates
767 3696 820 3740 et
867 3697 1082 3758 peccata
1115 3687 1322 3743 lsraelis
1350 3698 1611 3756 recenset,
1642 3705 1822 3744 sacer-

223 3777 438 3841 dotum,
465 3777 783 3847 principum
809 3787 863 3832 et
891 3777 1500 3847 pseudoprophetarum.
1529 3779 1600 3832 Et
1628 3797 1822 3850 qurere-

225 3867 366 3935 bam,
395 3871 604 3940 inquit,
633 3869 796 3922 virum
839 3880 971 3924 recte
1015 3879 1293 3925 versantem
1317 3881 1363 3924 et
1389 3880 1602 3925 stantem
1629 3873 1682 3924 in
1711 3875 1822 3942 fra-

215 3972 365 4016 ctura
391 3961 650 4016 maceria
676 3961 753 4031 (a)
777 3971 892 4014 ante
919 3963 1098 4032 faciem
1122 3978 1284 4014 meam
1316 3964 1367 4015 in
1395 3971 1616 4032 tempore
1637 3973 1783 4017 terra:
1805 4005 1820 4028 ,

215 4063 268 4105 ut
297 4070 364 4107 ne
381 4055 441 4107 in
472 4055 642 4122 finem
663 4053 874 4107 delerent
893 4070 1008 4107 eum
1042 4069 1062 4106 :
1090 4063 1136 4107 et
1166 4071 1266 4108 non
1290 4055 1454 4108 inveni
1478 4055 1497 4126 (
1521 4055 1707 4110 Ezech.
1731 4056 1820 4113 22.

213 4144 326 4212 '50).
360 4147 441 4202 De
470 4144 786 4200 idololatria
803 4146 982 4214 pepuli
1012 4145 1173 4200 Israel
1206 4147 1258 4200 in
1282 4145 1515 4217 Egypto
1538 4157 1592 4202 et
1615 4158 1820 4219 postea,

210 4251 274 4291 ac
323 4238 395 4292 de
450 4235 883 4292 calamitatibus.
939 4237 1114 4306 Atque
1161 4238 1376 4307 insuper
1421 4255 1590 4310 neque
1625 4240 1821 4294 luctum

207 4345 370 4400 agere
401 4329 807 4398 permitteutur
830 4342 990 4397 super
1013 4327 1440 4398 contingentibus
1483 4331 1655 4386 malis.
1678 4331 1822 4386 Con-

208 4432 286 4475 tra
309 4419 686 4476 Ammanitas
701 4424 756 4471 et
781 4419 1041 4474 Idumaeos
1071 4461 1085 4485 ,
1135 4431 1189 4474 et
1219 4421 1545 4492 alienigenas
1569 4463 1584 4486 ,
1617 4432 1668 4476 et
1699 4422 1817 4486 Sor,

203 4530 365 4583 quam
387 4515 603 4570 dicunt.
627 4524 749 4565 esse
764 4509 984 4580 Tyrum.
1010 4510 1252 4565 Praedicit
1267 4512 1592 4567 calamitates
1608 4530 1824 4583 magnas

205 4617 398 4661 contra
438 4604 764 4676 principem
809 4603 936 4674 Tyri
986 4613 1040 4657 et
1086 4603 1330 4667 Sidonis,
1385 4615 1439 4660 el
1489 4605 1774 4676 [Egyptutn
1807 4649 1820 4672 ,

201 4697 730 4769 Egyptiorumque
762 4709 962 4763 regem.
994 4694 1224 4748 Minatur
1248 4697 1569 4763 speculatori
1598 4699 1775 4768 populi
1805 4739 1820 4761 ,

202 4792 304 4845 nisi
348 4786 699 4862 praedixerit
740 4788 934 4856 populo
956 4828 972 4854 ,
999 4789 1150 4854 cujus
1187 4790 1502 4844 constitutus
1529 4799 1610 4844 est
1638 4805 1825 4860 specu-

196 4881 338 4937 lator
368 4882 442 4938 ad
473 4877 830 4936 calamitates
850 4893 880 4931 a
908 4879 1016 4932 Deo
1044 4879 1234 4932 illatas.
1269 4881 1344 4933 Ac
1371 4880 1702 4950 dicit,neque
1727 4883 1825 4936 ini-

197 4989 365 5040 quum
398 4972 607 5042 perire
636 4968 714 5023 ob
740 4969 943 5037 priores
972 4969 1294 5038 iniquitates,
1326 4971 1368 5022 si
1396 4985 1686 5026 conversus
1703 4971 1822 5025 fuc-

194 5065 264 5121 rit
288 5064 362 5121 ad
395 5061 738 5121 faciendum
767 5075 830 5114 ea
859 5075 976 5129 qua:
1005 5061 1114 5114 Deo
1139 5072 1262 5114 sunt.
1289 5063 1478 5130 placita
1503 5079 1516 5126 ;
1550 5079 1720 5132 neque
1740 5065 1824 5132 jn-

255 5256 332 5317 (a)
392 5252 564 5308 Illud,
613 5247 785 5318 ἶῗῆεὲ
808 5281 821 5302 ,
870 5246 921 5296 in
971 5247 1187 5311 fraetum
1229 5260 1455 5297 maceria:
1497 5247 1569 5308 (ἐν
1613 5249 1819 5312 διακοπὴ

188 5328 630 5391 φραγμοῶη-ηοη
681 5328 762 5391 est
805 5321 852 5391 ia
899 5321 1264 5391 exemplaribus
1303 5321 1722 5391 hodiernis,__sed
1756 5337 1818 5391 ex

187 5379 444 5448 drigenis
468 5379 752 5445 'Hexaplis
776 5379 1082 5448 adjunctnm;
1098 5383 1275 5448 tne-rat,
1300 5391 1354 5431 ut
1392 5379 1823 5448 nosin'llexaplis

187 5442 511 5502 addidimus.
555 5442 735 5498 Totus
777 5447 910 5493 locus
955 5445 1003 5493 in
1047 5442 1357 5493 Editionihns
1397 5443 1651 5492 hodieruis
1697 5442 1821 5495 LXX

187 5518 259 5562 sic
294 5515 530 5564 habetur
560 5526 573 5553 :
609 5508 717 5557 Καὶ
751 5506 940 5564 ἐζήτουν
974 5508 1020 5560 ἐξ
1054 5507 1210 5553 αὐτῶν
1241 5507 1385 5568 ἄνδρα
1419 5507 1822 5567 ἀναστρεφόμενον

187 5579 362 5640 ὀρθῶς,
399 5577 492 5624 καὶ
537 5572 773 5640 ἑστῶτς.
789 5570 880 5640 πρὸ
922 5570 1182 5640 προσώπρυ
1226 5585 1314 5640 [ft-)1)
1365 5569 1640 5640 ὁλοσχερῶς
1670 5571 1715 5615 ἐν
1751 5570 1820 5628 τῷ

188 5629 361 5698 namq;
385 5647 479 5696 τῆς
511 5638 698 5698 ὀργῆς.
733 5629 907 5678 Melius
937 5629 1196 5698 exemplar
1228 5631 1554 5684 (.hrysostmni
1574 5667 1584 5686 ,
1623 5632 1669 5677 ἐν
1693 5648 1733 5676 τ.
1771 5647 1815 5676 κ.

521 5681 773 5755 ἸΓΙὲΒῖ-ωο
791 5705 956 5748 autem
979 5681 1180 5760 legitur,
1202 5681 1365 5771 γηδξή
1399 5702 1528 5756 1Y3,
1555 5681 1645 5762 pro
1669 5707 1815 5749 terra.

186 5796 546 5864 Septuaginta
570 5800 717 5841 vero
745 5787 979 5849 legerunt
1014 5788 1152 5845 ruta,
1186 5783 1235 5835 in
1257 5790 1482 5847 tempore.

3417 353 3520 410 532

1933 467 2075 513 stum
2105 461 2334 516 salutem
2359 463 2614 533 consequi
2644 463 2712 517 oh
2740 465 2968 534 priorem
2992 466 3252 536 justitiam
3277 513 3291 537 ,
3324 471 3366 526 si
3403 491 3518 526 lttll-

1933 558 2074 606 tatus
2097 593 2112 617 ,
2146 553 2356 623 iniquus
2387 553 2720 624 injustusqnc
2763 559 3009 614 evaserit.
3055 560 3214 616 Venit
3249 563 3514 634 quispiam

1933 641 1999 695 ad
2029 643 2344 713 prophetam
2370 684 2385 708 ,
2417 645 2670 700 nuntians
2716 659 2921 717 captam
2969 649 3135 706 fuisse
3171 653 3470 709 Jerusalem
3497 671 3512 714 :

1931 733 2062 788 dicit
2090 745 2268 789 autem
2300 736 2400 790 bac
2428 737 2496 791 de
2520 753 2581 792 re
2618 737 2897 807 incusans,
2927 743 3066 811 quod
3095 760 3202 800 non
3239 749 3514 802 attendant

1929 823 1994 878 iis
2033 841 2153 895 qua:
2190 842 2216 877 a
2263 827 2536 897 prophetis
2571 829 2952 898 praidicuntur.
2989 834 3322 892 Vaticinatur
3350 856 3510 909 porro

1929 926 2114 971 contra
2172 929 2416 986 pastores
2445 919 2652 974 Israelis
2684 939 2697 972 :
2729 925 3095 995 promittitque
3126 929 3362 984 dandum
3396 948 3515 986 esse

1929 1019 2196 1076 pastorem
2228 1026 2388 1063 tllllllll
2413 1028 2426 1076 ;
2461 1012 2510 1064 id
2535 1012 2675 1081 quod
2704 1014 2803 1068 sub
2827 1014 3156 1074 Zorobabele
3183 1019 3378 1076 factum
3407 1029 3508 1089 est,

1932 1099 1984 1153 id
2014 1102 2154 1170 quod
2184 1103 2344 1156 etiam
2374 1103 2542 1158 Judzei
2574 1105 2914 1175 impudenter
2934 1108 3366 1168 dicuntnondum
3393 1131 3514 1168 eve-

1928 1191 2110 1257 nisse;
2143 1194 2321 1246 evenit
2353 1203 2527 1247 tamen
2550 1237 2564 1258 ,
2610 1206 2669 1249 ut
2693 1195 2825 1260 dixi,
2849 1198 2950 1252 sub
2989 1197 3337 1258 Zorobabele.
3369 1203 3515 1258 Vati-

1928 1282 2136 1335 cinatur
2155 1293 2340 1337 contra
2376 1283 2657 1348 Idumaeos,
2692 1297 2745 1340 et
2777 1286 3032 1342 lsraelitis
3061 1289 3198 1346 bona
3244 1293 3505 1362 praedicit,

1929 1386 2047 1440 qtae
2070 1373 2212 1427 Deus
2241 1374 2363 1430 ideo
2391 1389 2448 1429 se
2469 1375 2667 1430 Juda'is
2689 1378 3008 1434 collaturum
3036 1382 3200 1449 dicit,
3235 1400 3341 1438 non
3369 1389 3511 1455 quod

1929 1463 2001 1516 illi
2029 1464 2172 1532 digni
2204 1467 2438 1530 sint,sed
2463 1484 2531 1522 ne
2563 1483 2758 1523 nomen
2787 1470 2905 1539 ejus
2933 1471 3260 1540 profanetur.
3293 1477 3509 1532 Ducitur

1934 1555 2193 1624 propheta
2226 1559 2276 1610 in
2305 1573 2571 1626 c:nnpum,
2601 1568 2654 1612 ct
2683 1561 2972 1628 proltltetat
3011 1578 3172 1632 super
3196 1580 3316 1620 ossa
3343 1569 3508 1622 arida.

1931 1648 2219 1716 I’rophetat
2241 1651 2365 1705 item
2395 1650 2461 1706 de
2492 1652 2845 1720 Zorobabele,
2875 1656 3015 1725 quod
3047 1659 3255 1715 futurus
3284 1661 3354 1715 sit
3377 1679 3510 1716 unus

1927 1738 2231 1794 Judazornm
2257 1743 2502 1812 princeps
2526 1759 2541 1794 :
2564 1753 2741 1814 potest
2771 1754 2949 1813 autem
2979 1747 3048 1802 de
3076 1749 3300 1805 Domino
3329 1765 3513 1806 nostro

1927 1830 2050 1886 Jesn
2067 1831 2282 1886 Christo
2295 1836 2404 1888 acei
2413 1836 2485 1904 pi.
2503 1834 2834 1891 Vaticinatur
2846 1839 3006 1894 etiam
3020 1841 3087 1896 de
3105 1843 3282 1914 Coget
3298 1845 3510 1916 Magog,

1929 1925 2019 1992 qui
2048 1923 2263 1978 Judteos
2289 1926 2521 1980 invasuri
2550 1939 2702 1981 erant
2730 1940 2847 1998 post
2868 1933 3099 1987 reditum
3125 1951 3188 1989 ex
3218 1936 3511 2007 Babylone,

1928 2017 2127 2086 quique
2156 2018 2279 2072 victi
2315 2018 2548 2074 fuemunt.
2580 2021 2804 2087 Quidam
2829 2033 3005 2079 autem
3030 2025 3079 2079 id
3109 2029 3393 2097 allegorice
3419 2046 3511 2084 ac-

1928 2109 2134 2179 cipiunt
2157 2111 2224 2165 de
2249 2107 2524 2180 Ecclesiis,
2558 2123 2612 2167 ct
2639 2113 2707 2169 de
2735 2117 2946 2171 diabolo
2974 2159 2989 2183 ,
3023 2119 3194 2190 deque
3233 2138 3517 2194 persequu-

1929 2204 2163 2258 tionibus
2189 2221 2308 2275 qua:
2339 2207 2488 2260 vario
2513 2217 2752 2277 tempore
2783 2211 2942 2265 illatae
2973 2225 3096 2268 sunt
3117 2214 3183 2267 ab
3207 2216 3383 2285 impiis
3415 2220 3516 2272 ltu-

1931 2299 2286 2365 peratoribns.
2318 2300 2644 2355 Vaticinatur
2669 2306 2794 2356 item
2836 2306 3015 2372 templi
3042 2310 3514 2383 constructionem,

1929 2401 1981 2444 ct
2004 2393 2396 2447 restitutionem
2423 2394 2606 2463 legalis
2629 2397 2837 2450 cultus:
2858 2413 2977 2466 qua:
2998 2400 3160 2453 etiam
3200 2416 3517 2472 exspectant

1925 2481 2092 2538 Judaei
2119 2500 2132 2549 ;
2164 2485 2256 2540 sed
2283 2501 2344 2540 ca
2365 2498 2656 2542 evenerunt
2683 2499 2920 2556 tempore
2948 2491 3130 2547 Esdra:
3147 2505 3198 2547 et
3218 2495 3517 2552 Lorohabe-

1931 2577 2014 2630 lis.
2057 2577 2397 2634 Constructio
2442 2591 2620 2635 autem
2673 2583 2894 2651 templi,
2941 2599 3097 2653 quam
3145 2588 3419 2657 pranlirit,
3462 2601 3516 2644 et

1928 2680 2061 2738 aqua
2092 2686 2210 2738 qua:
2239 2671 2492 2738 paulatim
2521 2672 2892 2740 egrediebatur
2925 2690 2977 2728 et
3004 2680 3309 2746 augebatur,
3342 2692 3516 2749 potest

1928 2759 2096 2829 accipi
2126 2760 2193 2814 de
2215 2761 2278 2816 iis
2299 2762 2390 2831 qui
2416 2762 2481 2815 ad
2510 2761 2784 2819 Christum
2814 2768 3056 2820 conversi
3080 2779 3222 2830 sunt,
3250 2772 3336 2838 qui
3365 2787 3510 2823 rnor-

1930 2849 2003 2902 tui
2035 2859 2190 2904 erant
2222 2861 2506 2922 antequam
2549 2854 2864 2921 crederent,
2894 2857 3136 2912 viventes
3165 2871 3340 2913 autem
3387 2862 3512 2915 fat-ti

1929 2953 2054 2996 sunt
2080 2954 2362 3014 postquam
2384 2945 2748 3000 crediderunt.

2038 3111 2270 3152 SY-NOPSIS
2296 3113 2470 3152 EORUM
2501 3113 2614 3160 ουλε
2645 3117 2676 3154 Α
2701 3115 2930 3154 ῺᾹΝΙΕιΕ
2960 3115 3231 3156 ΡΙὶΟΡΙΙΕτΑ
3262 3120 3418 3160 ΜΕΤΑ

2646 3207 2803 3245 SUNT.

2008 3305 2294 3382 Eliguutur
2316 3313 2500 3367 Daniel
2531 3323 2585 3368 et
2616 3315 2774 3379 socii,
2815 3325 2868 3370 ct
2891 3317 3169 3370 traduntur
3192 3318 3515 3374 archieunu-

1933 3402 2058 3468 cbo,
2090 3411 2248 3473 atque
2279 3403 2638 3473 leguminibus
2668 3418 2956 3459 vescuntur
2986 3426 2997 3460 :
3023 3419 3072 3460 et
3099 3408 3371 3464 adstantes
3402 3414 3511 3481 regi

1929 3496 2164 3549 omnium
2219 3497 2598 3564 sapientissimi
2635 3497 2955 3566 deprehensi
3003 3508 3144 3552 snxrt.
3176 3500 3331 3555 Videt
3376 3518 3518 3556 δοιιις

1931 3591 2076 3644 nium
2117 3591 2631 3654 Nabuchodonosor,
2661 3603 2716 3648 et
2756 3609 2941 3663 magos
2965 3636 2979 3658 ,
3009 3597 3095 3663 qui
3133 3612 3236 3650 non
3266 3605 3515 3666 poterant

1931 3683 2198 3737 somnium
2230 3683 2471 3738 indicare
2501 3693 2554 3738 et
2585 3684 2948 3753 interpretari,
2975 3686 3128 3754 jubet
3154 3689 3347 3741 occidi.
3369 3689 3516 3743 Peri-

1931 3773 2175 3829 clitantes
2192 3791 2401 3844 quoque
2423 3775 2689 3830 Danielem
2703 3788 2754 3831 et
2777 3778 2950 3832 socios
2967 3780 3200 3832 servavit
3219 3780 3376 3845 Deus,
3395 3797 3514 3834 cum

1932 3865 2133 3920 Danieli
2149 3867 2337 3919 somnii
2355 3867 2590 3920 notitiam
2605 3883 2698 3936 per
2716 3868 3090 3923 revelationem
3105 3869 3264 3924 dedit.
3279 3871 3520 3924 Introdu-

1929 3969 2044 4012 ctus
2068 3959 2250 4014 Dauiel
2273 3961 2538 4014 somnium
2567 3962 2676 4031 regi
2701 3961 2833 4015 dixit
2869 3963 3088 4032 ejusque
3127 3963 3518 4031 interpretatio—

1933 4067 2081 4106 nem.
2123 4051 2278 4120 Lapis
2306 4063 2484 4107 autem
2523 4053 2639 4107 sine
2661 4053 2908 4107 manibus
2934 4047 3515 4117 cxcisustristusest;

1929 4144 2045 4197 sine
2073 4144 2316 4197 manibus
2337 4161 2483 4208 vero,
2510 4145 2629 4214 quia
2654 4144 2770 4200 sine
2795 4146 3077 4201 concubitu
3104 4147 3384 4217 exvirgine
3415 4164 3514 4201 na-

1933 4241 2018 4288 tus
2046 4245 2146 4289 est.
2199 4235 2446 4290 Erectam
2477 4251 2505 4288 a
2529 4251 2590 4292 se
2610 4245 2836 4291 statuam
2858 4237 3510 4304 Nabuchodonosorjnbet

1931 4343 2116 4384 omnes
2133 4329 2378 4394 adorare,
2399 4339 2453 4385 et
2481 4340 2586 4386 tres
2611 4346 2804 4399 pueros
2825 4333 2910 4400 qui
2939 4333 3164 4388 adorare
3191 4333 3442 4389 nolebant
3463 4335 3513 4386 in

1931 4419 2196 4475 fornacem
2221 4422 2485 4490 injicit.Ut
2505 4433 2682 4477 autem
2712 4424 2888 4493 illiqui
2918 4426 3054 4479 circa
3075 4425 3340 4481 fornacem
3362 4439 3517 4481 erant

1931 4511 2192 4565 interfecti
2219 4523 2420 4576 sunt,et
2449 4513 2599 4582 pueri
2626 4514 2786 4567 Deum
2813 4515 3031 4568 canticis
3051 4516 3505 4577 celcbrarent,ubi

1931 4602 2075 4670 ipsos
2098 4604 2338 4657 evocavit
2361 4619 2452 4658 rex
2475 4615 2527 4658 et
2557 4606 2850 4660 incolumes
2881 4607 3029 4669 vidit,
3060 4606 3127 4661 de
3157 4608 3249 4662 Dei
3275 4611 3507 4677 potentia

1931 4703 2150 4764 stupore
2176 4696 2472 4764 perculsus,
2506 4698 2648 4765 ipsos
2678 4699 2970 4766 principatu
3004 4697 3313 4753 Iudaeorum
3338 4701 3506 4754 hono-

1930 4787 2086 4853 ravit,
2111 4787 2490 4858 decretumque
2521 4789 2702 4852 dedit,
2753 4799 2808 4842 ttt
2833 4791 3070 4860 quisquis
3100 4793 3149 4845 iu
3198 4793 3362 4847 Deum
3394 4795 3503 4848 hla—

1929 4878 2252 4948 sphemaret,
2284 4890 2453 4934 morte
2484 4881 2823 4950 plecteretur.
2855 4882 3011 4936 Videt
3035 4885 3299 4938 somnium
3333 4885 3504 4938 Naha-

1929 4970 2300 5024 chodonosor:
2331 4981 2383 5026 et
2411 4987 2530 5026 cum
2559 4972 2826 5040 sapientes
2855 4973 3141 5044 Babylonis
3169 4991 3375 5029 rursum
3403 4977 3516 5026 lae-

1932 5070 2132 5127 rerent,
2166 5063 2336 5131 ipsum
2368 5063 2529 5116 solvit
2578 5064 2756 5118 Daniel
2785 5106 2799 5129 ,
2833 5065 3049 5134 regique
3088 5075 3274 5118 auctor
3302 5074 3379 5118 est
3410 5112 3422 5132 ,
3453 5075 3523 5120 ut

1931 5153 2234 5222 iniquitates
2260 5170 2385 5209 suas
2411 5155 2767 5226 eleetnosynis
2803 5158 3048 5211 redimat.
3081 5158 3186 5211 Nec
3208 5157 3296 5209 diu
3325 5167 3506 5228 postea

1931 5245 2122 5297 somnii
2155 5246 2332 5300 exitus
2374 5247 2583 5309 evenit;
2627 5247 2964 5317 laudavitque
3013 5246 3505 5302 Nabuchodonosor

1932 5335 2120 5389 Deum.
2156 5336 2337 5391 Sacris
2369 5338 2548 5406 templi
2579 5340 2717 5392 vasis
2739 5339 2892 5407 jussu
2925 5339 3212 5391 Baltasaris
3243 5340 3380 5406 regis
3415 5339 3505 5394 filii

1930 5425 2476 5481 Nabuchodonosoris
2505 5428 2730 5494 eductis,
2757 5445 2877 5481 cum
2908 5429 2959 5482 in
2991 5429 3094 5481 illis
3114 5438 3509 5496 potarentcou-

1931 5520 2083 5582 vivze,
2127 5520 2255 5574 exiit
2293 5521 2548 5576 articulus
2587 5537 2773 5576 manus
2799 5563 2811 5582 ,
2846 5522 2933 5590 qui
2981 5522 3222 5574 exaravit
3269 5523 3320 5574 in
3353 5538 3506 5576 tnuru

1933 5612 2278 5678 scripturam,
2310 5629 2465 5681 quam
2499 5614 2656 5667 etiam
2685 5629 2802 5666 cmn
2835 5627 2941 5664 non
2974 5622 3201 5677 possent-
3232 5613 3506 5682 sapientes

1932 5703 2216 5773 Babylonis
2240 5705 2525 5772 explicare,
2563 5705 2745 5757 Daniel
2779 5703 2896 5771 legit
2923 5712 2978 5755 et
3003 5703 3502 5772 iulerpretatusrs‘t;

1933 5796 2253 5861 indutusque
2281 5808 2363 5854 cst
2383 5813 2610 5864 purpura
2634 5839 2648 5865 ,
2676 5798 3274 5868 circaInposuet'uutquc
3311 5800 3358 5854 ci
3395 5808 3499 5852 tor-
