4102 6322
550 350 658 407 383

549 478 706 536 quem
729 476 951 519 aureum
973 502 989 528 ,
1030 459 1559 531 praedicaveruntque
1598 472 1720 513 eum
1750 470 1872 511 esse
1900 453 2118 509 tertium

549 555 846 625 principem
877 554 928 606 in
959 566 1146 621 regno.
1174 551 1305 606 Cum
1326 558 1571 620 regnaret
1598 549 1782 602 Darius
1806 545 2007 609 Medus,
2026 545 2127 599 Da-

552 645 692 700 niele
720 644 959 714 principe
986 642 1295 705 constituto,
1330 642 1540 710 cogitur
1563 656 1593 694 a
1620 638 1849 693 tribunis
1876 647 1927 691 et
1953 644 2127 691 satra-

549 737 632 806 pis
662 735 936 790 decretum
968 734 1301 804 promulgare
1328 772 1344 798 ,
1388 740 1445 785 ut
1476 730 1799 801 quicumque
1855 729 1993 782 intra
2034 728 2131 781 tri-

552 826 697 896 ginta
746 825 863 881 dies
904 824 1119 897 aliquid,
1141 825 1222 880 vel
1246 823 1314 877 ab
1344 822 1557 877 homine
1582 821 1831 891 quopiam
1856 820 1940 874 vel
1969 833 1997 872 a
2025 818 2128 873 deo

550 926 777 988 peteret,
801 928 1155 987 prazterquam
1178 932 1206 968 a
1232 929 1378 984 rege,
1415 915 1468 968 in
1496 915 1667 968 lacum
1695 913 1913 967 leonum
1942 910 2128 980 injice-

554 1021 724 1065 retur.
752 1010 869 1077 Quo
914 1008 1085 1076 facto,
1124 1023 1243 1062 cum
1282 1008 1662 1062 observassent
1706 1006 1977 1060 Danielem
2008 1020 2129 1074 prec

552 1096 663 1150 cari
680 1096 868 1161 Deum,
898 1095 1071 1164 ipsum
1098 1093 1505 1158 calumniantur,
1537 1099 1836 1162 coguntque
1864 1105 2041 1160 regem
2062 1089 2128 1143 ad

554 1187 899 1258 injiciendum
927 1186 1077 1240 illum
1107 1187 1161 1239 in
1207 1186 1402 1239 lacum.
1447 1186 1578 1240 Cum
1622 1183 1896 1253 injecisset
1922 1190 2137 1243 autem,

559 1284 649 1337 ubi
680 1290 862 1353 postea
884 1281 1107 1335 accessit
1134 1288 1187 1333 et
1211 1278 1421 1332 salvum
1452 1278 1668 1347 reperit,
1696 1276 1843 1330 illum
1887 1274 2070 1329 eduxit.
2095 1289 2126 1329 e

554 1370 711 1427 lacu:
749 1371 871 1425 illos
909 1379 1083 1424 autem
1118 1369 1205 1438 qui
1249 1368 1422 1436 ipsum
1453 1368 1505 1421 in
1535 1367 1706 1420 lacum
1739 1366 1880 1434 injici
1911 1378 2131 1419 curave-

560 1471 681 1516 rant
710 1476 831 1515 cum
863 1460 1119 1514 uxoribus
1150 1459 1418 1529 perdidit,
1470 1458 1710 1512 leonibus
1736 1456 1994 1525 objectos.
2027 1456 2130 1509 De-

561 1562 871 1621 cretumque
921 1550 1309 1620 promulgavit,
1338 1560 1395 1603 ut
1421 1563 1609 1604 omnes
1653 1549 1821 1603 Deum
1857 1548 2128 1601 timerent.

568 1646 724 1700 Videt
754 1645 983 1699 ferarum
1012 1643 1290 1705 visionem,
1324 1656 1419 1711 per
1440 1643 1683 1705 leaenam,
1720 1654 1941 1711 regnum
1968 1638 2134 1709 Assy-

560 1739 780 1800 riorum,
813 1750 908 1805 per
933 1749 1135 1799 ursum,
1169 1732 1439 1787 Medorum
1469 1742 1523 1787 et
1552 1732 1856 1797 Persarum,
1884 1745 1982 1800 per
2010 1744 2133 1799 par-

557 1828 708 1893 dum,
737 1825 1105 1890 Macedonum,
1135 1820 1227 1893 per
1255 1832 1497 1893 quartam
1526 1821 1712 1887 feram,
1742 1821 2129 1876 Romanorum.

564 1921 895 1975 Vaticinatur
920 1920 1079 1973 etiam
1111 1917 1178 1972 de
1204 1917 1439 1983 Christo,
1462 1924 1519 1971 et
1562 1915 1629 1970 de
1657 1913 1921 1970 Antiocho
1942 1913 2130 1983 impio.

568 2013 666 2068 llic
691 2014 831 2067 enim
859 2022 941 2067 est
963 2027 1128 2066 cornu
1146 2024 1382 2080 parvum,
1400 2008 1541 2079 quod
1566 2008 1799 2063 excussit
1817 2007 1912 2061 tria
1930 2006 2130 2076 priora.

571 2106 894 2161 Vaticinatur
916 2103 1182 2175 quomodo
1209 2102 1508 2157 Alexander
1528 2100 1744 2155 Macedo
1770 2114 1991 2170 regnum
2006 2099 2134 2153 Per-

565 2213 744 2252 sarum
783 2197 975 2261 solvit;
1002 2196 1224 2251 arietem
1248 2195 1432 2249 dicens
1456 2209 1637 2262 regem
1660 2193 1938 2247 Persarum
1962 2233 1981 2260 ,
2023 2192 2135 2246 hir-

563 2304 684 2344 cum
714 2287 1074 2343 Alcxandrum
1121 2286 1483 2341 Macedonem.
1532 2284 1727 2340 Ultima
1752 2285 1886 2339 visio
1940 2285 2027 2339 hic
2069 2284 2136 2340 de

572 2382 756 2451 regina
778 2379 947 2435 austri
975 2379 1169 2434 dicitur
1189 2380 1241 2432 in
1278 2378 1415 2432 libro
1438 2376 1859 2432 Machabaaorum
1891 2378 2133 2448 reperiri.

561 2474 749 2528 Belum
778 2472 981 2528 decutit
1019 2480 1075 2525 et
1112 2470 1399 2525 draconem
1429 2468 1660 2537 occidit;
1707 2469 1761 2523 in
1802 2470 1975 2525 lacum
2016 2485 2137 2540 pro-

556 2565 740 2633 jicitur
791 2573 847 2619 et
892 2573 1173 2629 servatur,
1225 2570 1278 2615 et
1321 2561 1411 2632 qui
1462 2561 1514 2615 in
1561 2575 1717 2615 causa
1770 2569 1954 2630 erant,
1996 2561 2138 2632 quod

560 2656 837 2725 conjectus
872 2653 1098 2721 fuisset,
1143 2652 1454 2723 injiciuntur
1493 2660 1550 2708 et
1595 2652 1918 2708 devorautur
1953 2667 1984 2707 a
2028 2652 2139 2707 leo-

568 2748 742 2803 nibus.

1276 2873 1428 2913 OSEE.

636 2976 859 3032 Jubetur
888 2975 1130 3046 accipere
1152 2988 1371 3031 uxorem
1400 2973 1755 3039 meretricem,
1783 2982 1838 3028 et
1863 2983 2139 3029 nascentes

566 3069 795 3125 infantes
818 3084 1010 3123 vocare
1037 3066 1262 3134 Jezrael,
1297 3064 1417 3119 Non
1442 3066 1833 3119 misericordiam
1866 3083 2141 3137 consequu-

567 3173 692 3231 tam,
720 3170 775 3218 et
802 3161 923 3215 Non
951 3162 1169 3232 populus
1196 3177 1334 3214 meus
1386 3159 1541 3228 (Osee
1584 3161 1634 3214 1.
1669 3161 1723 3214 4.
1756 3160 1808 3214 6.
1838 3158 1918 3232 9).
1950 3160 2017 3213 Et
2048 3175 2139 3214 ac-

564 3263 719 3310 cusat
757 3254 1007 3324 pOpulum
1045 3252 1111 3307 de
1141 3251 1507 3315 fornicatione,
1539 3251 1878 3320 prmdicitquc
1918 3250 1989 3305 illi
2019 3267 2140 3319 per-

565 3346 792 3411 niciem,
842 3353 898 3398 et
950 3358 1082 3414 opes
1135 3344 1390 3413 quasdam
1457 3352 1577 3412 post
1638 3343 1950 3412 perniciem.
2009 3342 2142 3397 Illnd

563 3448 764 3500 autem,
797 3435 1076 3505 Disponam
1102 3444 1447 3489 testamentum
1473 3451 1588 3487 cum
1615 3435 1780 3487 bestiis
1809 3435 1953 3504 agri,
1978 3444 2023 3487 et
2052 3435 2142 3488 des

565 3526 814 3598 sponsalia
834 3527 887 3580 in
914 3526 1013 3595 ﬁde
1040 3524 1191 3596 (Osee
1219 3526 1275 3579 2.
1311 3524 1423 3595 18),
1450 3533 1623 3594 potest
1646 3523 1813 3592 accipi
1832 3523 1898 3577 de
1924 3522 2146 3577 creden-

565 3621 709 3676 tibus
739 3621 793 3675 in
823 3619 1114 3674 Christum.
1146 3618 1369 3672 .lubetur
1394 3616 1636 3686 accipere
1666 3631 1885 3670 uxorem
1912 3615 2145 3671 fornica-

565 3715 722 3782 riam,
766 3712 1070 3769 Judteorum
1113 3710 1501 3765 desolationem
1544 3707 1843 3773 declarans,
1896 3708 2146 3777 ipsosque

567 3814 788 3861 accusat
809 3803 877 3859 de
904 3803 1084 3858 multis
1109 3802 1420 3872 magnisque
1448 3799 1701 3870 peccatis,
1736 3806 1842 3853 tam
1869 3799 2145 3869 populum,

570 3911 731 3966 quam
760 3894 1084 3949 sacerdotes.
1110 3892 1436 3947 Criminatur
1465 3905 1678 3961 quoque
1704 3904 1891 3945 eorum
1920 3889 2149 3944 ebrieta-

569 3998 698 4054 tem,
718 3985 1137 4051 fornicationem,
1161 3991 1216 4038 et
1235 3981 1581 4037 iracundiam.
1604 3981 1816 4035 Incusat
1830 3979 1969 4050 quod
1996 3994 2146 4049 spem

569 4092 599 4131 a
630 4077 739 4131 Deo
768 4074 1167 4140 transferentes,
1189 4074 1241 4126 in
1269 4073 1517 4143 Assyrios
1536 4071 1876 4138 contulerint,
1897 4080 1953 4126 et
1977 4070 2146 4142 [Egy-

571 4168 694 4239 ptiis
732 4166 921 4221 confisi
960 4164 1087 4219 sint.
1135 4163 1571 4233 Vaticinaturque
1597 4163 1675 4217 eis
1704 4163 1978 4217 ultionem.
2016 4163 2150 4218 Dicit

573 4259 919 4331 Ephraimum
943 4272 1064 4312 cum
1093 4272 1189 4326 per
1217 4256 1410 4311 auxilia
1438 4256 1538 4311 sibi
1570 4255 1801 4326 prmstita
1831 4254 1983 4309 fortis
2019 4270 2149 4309 eva-

570 4355 764 4419 sisset,
812 4351 973 4406 rebus
1019 4349 1265 4405 secundis
1313 4350 1448 4404 citra
1502 4347 1754 4402 decorum
1803 4362 1956 4402 usum
2004 4362 2147 4402 esse.

572 4445 816 4502 Ostendit
845 4445 984 4499 Deus
1023 4459 1173 4500 suam
1217 4444 1357 4499 circa
1410 4443 1672 4499 lsraelitas
1713 4443 2147 4506 sollicitudinem,

575 4538 893 4606 illorumque
924 4550 1049 4605 erga
1076 4551 1136 4592 se
1164 4537 1425 4607 ingratum
1469 4536 1703 4590 animum
1749 4553 1762 4590 :
1796 4545 1850 4591 et
1879 4536 2152 4591 calamita-

575 4638 654 4683 tes
684 4627 813 4696 ipsis
838 4626 1093 4696 prtedicit.

1288 4753 1433 4795 ποεῖ..

647 4873 1057 4943 Corruptionem
1088 4871 1354 4927 fructuum
1385 4880 1543 4928 terrm
1581 4880 1781 4938 narrat,
1822 4881 1876 4928 et
1914 4870 2155 4927 hortatur

576 4975 636 5021 ut
659 4966 827 5021 Deum
868 4964 968 5018 sibi
999 4964 1285 5033 propitium
1326 4965 1572 5019 reddant.
1616 4965 1943 5020 Vaticinatur
1970 4980 2156 5020 ascen-

576 5075 695 5115 sum
725 5058 929 5129 Assyrii
962 5077 976 5113 :
1011 5066 1192 5127 postea
1214 5073 1343 5113 vero
1367 5058 1506 5113 bona
1533 5058 1778 5128 quaedam
1811 5058 2148 5127 praenuntiat.

578 5149 731 5217 Quod
756 5147 1010 5219 apostolis
1050 5146 1244 5203 accidit
1281 5149 1421 5203 circa
1451 5149 1626 5202 varias
1655 5148 1860 5218 linguas
1893 5150 2153 5218 praedicit.

576 5241 909 5295 Vaticinalur
938 5240 1096 5295 etiam
1123 5239 1360 5310 gentium
1388 5239 1702 5308 perniciem,
1746 5254 1864 5308 qua:
1888 5249 2008 5308 post
2031 5241 2155 5295 red-

577 5336 709 5388 itum
734 5350 804 5390 ex
831 5332 1100 5404 Babylone
1124 5332 1224 5387 sub
1249 5331 1579 5387 Zorobabele
1606 5331 1845 5403 contigit.
1874 5331 1970 5389 Hic
1999 5348 2157 5404 porro

578 5424 727 5480 locus
749 5424 1060 5494 allegoriam
1091 5424 1348 5480 continet.

1300 5573 1455 5614 AIOS.

655 5667 899 5723 Prmdicit
942 5669 1247 5739 iniquitates
1300 5669 1578 5736 Damasci,
1627 5671 1802 5736 Gazae,
1844 5673 1991 5745 Tyri,
2034 5674 2159 5729 ldu-

585 5770 861 5826 mazorum,
888 5758 1328 5827 Ammanitarum,
1357 5757 1719 5831 Moabitarutn,
1744 5761 1891 5821 Juda:
1918 5775 1967 5821 et
1992 5766 2157 5823 Israe-

1255 342 1314 400 S.
1353 340 1630 399 JOANNIS
1652 334 2129 397 CHRYSOSTOMI
2169 335 2486 397 ARCHIEP.
2527 342 3066 405 CONSTANTINOP.

3711 359 3818 417 38$

2233 452 2321 522 iis,
2350 466 2405 512 et
2426 474 2612 530 pcenas
2636 477 2756 533 qua:
2789 464 2909 520 illos
2944 473 3247 534 exceptum
3284 474 3428 523 sunt.
3458 467 3813 529 Numerantur

2231 548 2487 604 beneficia
2512 567 2542 605 a
2569 554 2678 607 Deo
2706 554 2762 608 in
2795 554 3009 611 Iudaeos
3034 557 3250 623 collata,
3291 559 3611 632 illorumque
3646 565 3816 635 negli-

2230 642 2408 710 gentia
2470 652 2525 697 et
2600 656 2984 718 contemptus,
3027 657 3186 719 atque
3213 665 3469 708 aerumna:
3528 668 3650 724 qua:
3696 657 3817 711 illos

2232 743 2561 803 exspectant.
2595 736 2842 795 Praedicit
2886 741 3027 796 circa
3071 743 3324 797 mulieres
3366 742 3650 813 Samaria},
3696 747 3817 802 illas

2232 824 2503 881 ebrietatis
2548 838 2603 882 et
2639 830 2840 899 rapina:
2876 846 3152 888 accusans.
3185 834 3510 892 Vaticinatur
3537 836 3729 892 famem
3761 849 3815 894 et

2232 913 2633 971 dissolutionem
2662 935 2727 973 eo
2755 921 2897 991 quod
2936 938 3040 977 non
3084 934 3540 993 converterentur,
3580 936 3636 984 et
3670 932 3813 1000 quod

2233 1009 2414 1062 multis
2442 1008 2619 1065 aiiecti
2652 1011 2822 1081 plagis
2847 1029 2952 1069 non
2991 1017 3241 1072 meliores
3267 1019 3576 1075 evaderent.
3604 1020 3815 1077 Incusat

2235 1095 2514 1166 lsraelem,
2564 1101 2704 1170 quod
2758 1118 2853 1157 eos
2900 1108 2988 1173 qui
3037 1122 3097 1160 se
3150 1108 3540 1179 redarguebant
3586 1112 3815 1168 moleste

2235 1189 2435 1245 ferrent
2468 1211 2480 1245 :
2521 1202 2573 1247 et
2600 1192 2842 1250 hortatur
2886 1206 2943 1250 ut
2984 1208 3361 1256 convertantur
3384 1203 3449 1257 ad
3491 1204 3680 1260 Deum.
3722 1205 3811 1260 ιιι-

2234 1279 2466 1334 credulis
2501 1284 2854 1339 comminatur
2880 1285 3048 1341 futura
3081 1293 3235 1343 mala.
3269 1291 3344 1346 De
3373 1293 3478 1348 illis
3504 1310 3664 1363 porro
3692 1296 3763 1349 ait
3792 1314 3806 1349 :

2244 1368 2332 1423 Vae
2367 1373 2452 1441 qui
2476 1373 2761 1428 desiderant
2785 1376 2917 1430 diem
2946 1376 3150 1432 Domini
3180 1380 3200 1451 (
3216 1381 3367 1435 Amos
3392 1383 3446 1438 5.
3475 1385 3607 1456 18).
3635 1386 3808 1457 Aliqui

2233 1477 2361 1517 vero
2396 1464 2446 1518 id
2476 1466 2773 1520 retulerunt
2811 1467 2878 1521 ad
2919 1468 3152 1525 futurum
3182 1471 3439 1541 judicium
3470 1493 3483 1528 :
3510 1487 3570 1531 ut
3596 1478 3807 1546 quidam

2235 1554 2624 1611 incredulorum
2652 1573 2791 1612 nunc
2817 1559 3001 1615 dicunt
3028 1578 3042 1614 :
3073 1562 3188 1617 Non
3227 1564 3332 1619 erit
3353 1566 3645 1635 judicium;
3671 1571 3809 1640 quod

2234 1645 2278 1699 si
2309 1645 2540 1700 futurum
2570 1650 2900 1729 est,.veniat.
2932 1651 3254 1723 Reprobatio
3281 1656 3536 1713 festorum
3576 1660 3806 1731 illorum,

2235 1738 2616 1794 sacrificiorum
2647 1751 2701 1796 et
2730 1744 3123 1812 psalteriorum.
3152 1748 3373 1805 Stellam
3417 1750 3503 1807 dei
3550 1754 3767 1823 Baphan
3788 1758 3805 1789 ¹

2234 1828 2521 1885 Saturnum
2549 1832 2677 1887 dicit
2723 1852 2736 1888 :
2786 1838 3035 1905 quoniam
3076 1841 3301 1909 gentiles
3343 1843 3427 1898 dei
3473 1846 3555 1899 sui
3599 1845 3810 1903 Saturni

2236 1923 2442 1977 stellam
2472 1938 2591 1978 esse
2618 1925 2801 1980 dicunt
2842 1930 2892 1982 in
2928 1931 3078 1997 caelo,
3121 1948 3277 2001 quam
3320 1935 3478 1990 etiam
3526 1938 3808 1995 Saturnum

2236 2024 2445 2069 vocant.
2478 2016 2612 2071 Dicit
2638 2029 2837 2085 autem,
2872 2019 3015 2074 Num
3043 2024 3264 2078 victimas
3305 2037 3351 2080 et
3387 2030 3641 2098 sacriﬁcia
3665 2033 3808 2087 obtu-

2238 2103 2365 2157 listi;
2410 2106 2537 2159 mihi
2570 2108 2717 2162 annis
2758 2110 3093 2185 quadraginta
3137 2114 3307 2184 (Amos
3348 2118 3402 2172 5.
3444 2119 3575 2191 25)?
3630 2122 3811 2193 Neque

2239 2197 2379 2251 enim
2417 2200 2878 2275 p0pulus_ohtulit,
2926 2205 3020 2259 sed
3064 2207 3163 2261 soli
3196 2210 3476 2281 principes,
3504 2229 3626 2269 cum
3669 2219 3813 2272 stetit

2240 2290 2660 2346 tabernaculum.
2687 2293 2783 2348 Hic
2808 2294 2877 2350 de
2908 2304 3019 2351 toto
3050 2301 3244 2368 populo
3287 2303 3539 2372 loquitur.
3584 2308 3813 2364 Accusat

2238 2383 2397 2437 etiam
2426 2385 2543 2438 illos
2572 2385 2640 2441 de
2671 2387 3023 2445 immoderato
3051 2392 3193 2459 cibo,
3235 2405 3289 2448 et
3323 2395 3650 2454 calamitates
3685 2401 3815 2471 ipsis

2243 2477 2499 2546 praedicit.
2533 2479 2634 2535 Per
2659 2481 2913 2547 locustas,
2956 2492 3013 2539 et
3048 2492 3445 2557 testamentum,
3485 2499 3541 2545 et
3564 2492 3814 2550 adaman-

2242 2576 2368 2635 tem,
2397 2583 2582 2623 eorum
2612 2586 2797 2627 necem
2820 2574 3135 2630 vaticinatur
3159 2595 3173 2631 :
3195 2591 3422 2649 cumque
3448 2581 3562 2637 haec
3590 2585 3816 2641 Amesia:

2240 2662 2351 2730 regi
2384 2662 2754 2739 significasset,
2789 2666 2875 2722 hic
2901 2668 3214 2739 prophetam
3241 2672 3293 2725 vi
3317 2675 3513 2743 repulit
3538 2677 3815 2749 etabcgit.

2241 2752 2336 2808 llle
2360 2769 2488 2808 vero
2514 2755 2612 2825 ipsi
2638 2759 2921 2827 etpopulo
2959 2762 3098 2817 mala
3139 2763 3396 2832 prmdicit.
3434 2766 3501 2820 Et
3540 2769 3689 2824 videt
3725 2786 3819 2826 vas

2242 2848 2493 2923 aucupis;
2526 2863 2621 2918 per
2643 2850 2743 2905 hoc
2767 2861 2945 2907 autem
2972 2852 3116 2924 ipsos
3142 2856 3431 2925 capiendos
3454 2874 3575 2915 esse
3594 2861 3813 2920 indicat.

2242 2936 2645 3008 lniquitateset
2672 2941 2969 2998 violentias
3007 2959 3190 3001 eorum
3230 2958 3525 3018 enumerat,
3576 2960 3633 3007 et
3681 2955 3819 3009 mala

2245 3028 2389 3098 ipsos
2407 3031 2673 3085 invasura.
2692 3032 2825 3087 lllud
2849 3044 3024 3091 autem
3046 3054 3059 3090 :
3083 3037 3287 3093 Occidet
3311 3041 3389 3094 sol
3412 3043 3620 3098 meridie
3645 3044 3821 3115 (Amos

2244 3120 2298 3176 8.
2327 3119 2406 3190 9),
2439 3121 2507 3177 de
2533 3130 2769 3194 tempore
2798 3128 3059 3196 passionis
3082 3129 3280 3186 Christi
3308 3134 3645 3193 vaticinatur.
3673 3137 3819 3193 Prm-

2244 3211 2370 3268 dicit
2396 3214 2553 3269 etiam
2580 3216 2647 3271 de
2674 3218 3011 3275 credentibus
3042 3221 3093 3275 in
3120 3221 3411 3280 Christum.

2934 3350 3131 3390 ABDIAS.

2320 3439 2580 3497 Ultionem
2623 3444 2693 3501 de
2731 3444 2975 3501 ldummis
3011 3451 3320 3506 sumendam
3368 3453 3624 3522 praedicit,
3663 3470 3819 3527 quant

2247 3532 2479 3599 subiere,
2513 3536 2634 3605 quia
2660 3551 2779 3591 cum
2804 3539 3025 3610 reliquis
3053 3540 3297 3600 hostibus
3322 3545 3633 3603 invaserunt
3656 3547 3821 3605 Israe-

2248 3620 2387 3678 litas.
2415 3624 2491 3679 De
2518 3624 2776 3682 Ecclesia.

2955 3759 3128 3800 JONAS.

2320 3852 2480 3909 Jonas
2516 3855 2775 3926 propheta
2812 3867 2994 3913 narrat
3020 3860 3197 3930 fugam
3237 3861 3291 3916 in
3330 3862 3570 3931 Tharsis,
3612 3874 3816 3937 tempe-

2250 3953 2463 4013 statem,
2487 3947 2797 4017 deglutitum
2823 3964 2882 4005 se
2904 3965 2935 4005 a
2954 3961 3093 4017 ceto,
3116 3961 3174 4009 et
3190 3953 3436 4023 ejectum,
3457 3958 3821 4025 paenitentiam

2250 4035 2622 4101 Ninivitarum,
2677 4051 2942 4096 servatam
2988 4044 3339 4112 cucurbitam,
3388 4058 3715 4105 crescentem
3770 4059 3826 4107 et

2250 4138 2560 4197 pereuntem
2589 4133 2979 4203 complectitur.

2906 4283 3167 4325 HICH£AS.

2324 4406 2577 4462 Futuram
2630 4407 3011 4464 desolationem
3067 4409 3320 4466 Samaria;
3375 4419 3431 4467 et
3484 4410 3831 4483 Jerosolyma:

2252 4498 2512 4566 prtedicit,
2544 4513 2864 4571 causamque
2891 4501 3091 4571 adjicit.
3122 4502 3402 4572 Subjungit
3443 4504 3604 4558 etiam
3642 4518 3829 4558 eorum

2254 4589 2481 4645 reditum
2508 4607 2575 4645 ex
2600 4591 2891 4663 Babylone,
2932 4594 3154 4648 crimina
3191 4602 3248 4649 et
3272 4596 3641 4650 accusationes
3679 4596 3833 4666 prin-

2257 4681 2434 4752 cipum
2471 4683 2651 4753 populi
2679 4695 2733 4738 et
2761 4684 3119 4751 sacerdotum,
3145 4695 3304 4754 atque
3341 4686 3836 4756 pseudOpropheta-

2257 4792 2394 4831 rum.
2431 4776 2505 4831 De
2532 4776 2769 4833 Ecclesia
2796 4778 3048 4833 credente
3086 4780 3140 4833 in
3180 4780 3461 4833 Dominum
3488 4788 3748 4843 nostrum,
3779 4789 3839 4832 et

2257 4866 2323 4921 de
2345 4866 2494 4922 Novo
2519 4868 2860 4923 Testamento
2887 4886 2900 4922 :
2925 4884 3046 4923 nam
3069 4872 3211 4940 prior
3226 4871 3311 4924 lex
3329 4870 3661 4939 praeteritum
3682 4879 3796 4924 erat
3819 4888 3833 4922 :

2257 4968 2311 5012 et
2352 4958 2418 5012 de
2465 4974 2613 5028 pace.
2660 4959 2793 5013 Mala
2838 4976 3048 5015 rursum
3092 4960 3292 5017 Judaeis
3338 4962 3717 5032 praedicuntur.
3760 4961 3840 5016 De

2259 5048 2453 5104 Christi
2478 5051 2775 5105 secundum
2798 5065 3009 5106 carnem
3043 5054 3405 5122 generatione,
3443 5062 3498 5109 et
3535 5054 3604 5109 de
3642 5055 3708 5109 iis
3746 5055 3838 5123 qui

2262 5142 2313 5195 in
2342 5141 2511 5210 ipsum
2540 5143 2789 5197 credituri
2818 5153 2957 5198 sunt.
2991 5142 3058 5197 Et
3081 5145 3172 5198 erit
3192 5145 3445 5198 residuum
3465 5145 3626 5200 Iacob
3646 5145 3837 5215 (Mich.

2260 5235 2313 5288 5.
2345 5235 2396 5305 7)
2430 5234 2607 5304 :quod
2636 5236 2710 5289 ait
2735 5235 2929 5289 Paulus
2968 5237 3261 5305 apostolus,
3292 5237 3441 5301 Quod
3481 5238 3712 5291 relictum
3746 5239 3842 5292 erit

2261 5327 2531 5381 salvabitur
2562 5328 2734 5398 (Rom.
2783 5327 2835 5382 9.
2875 5329 2989 5396 27).
3017 5327 3280 5382 Judicium
3317 5328 3542 5383 Domino
3582 5328 3842 5383 adversus

2262 5420 2511 5489 populum
2539 5436 2717 5487 suum,
2743 5429 2799 5474 et
2826 5420 3206 5475 beneficiorum
3231 5420 3346 5490 ejus
3368 5421 3722 5483 enumeratio,
3752 5435 3840 5475 re-

2326 5555 2342 5585 ί
2377 5553 2433 5603 In
2477 5555 2595 5605 Edit.
2644 5563 2807 5615 uom.,
2854 5553 3101 5620 Raiplum,
3145 5554 3346 5618 legitur.
3390 5555 3448 5605 In
3478 5556 3710 5606 Hebraico
3746 5562 3846 5641 π)

2265 5649 2566 5709 exprimitur.
2594 5652 2907 5712 Hieronymus
2929 5660 3049 5698 vero
3066 5655 3241 5699 CHION.
3279 5649 3529 5712 _Abe_nezra
3551 5661 3747 5712 quoque
3769 5647 3844 5696 di-

2264 5708 2457 5759 cit’esse
2480 5719 2747 5767 Saturnum,
2773 5708 2827 5758 ut
2848 5710 3251 5772 Chrysostomus,
3276 5708 3329 5759 In
3367 5710 3472 5762 Act.
3505 5708 3847 5772 Apostolorum

2270 5774 2462 5837 legitur,
2487 5774 2536 5834 7,
2560 5774 2636 5835 43,
2660 5774 2800 5824 Sidus
2819 5772 2901 5823 dei
2922 5770 3064 5824 vestri
3087 5770 3363 5835 Rempltam.
