4102 6322
581 432 888 497 ἀπόστολος,
929 432 1001 486 Τὸ
1021 434 1457 506 ἐγκατάλειμμα
1483 438 1838 507 σωθήσεται.
1861 436 2055 509 Κρίσις
2067 435 2147 508 τῷ

583 515 766 585 Κυρίῳ
792 516 927 587 πρὸς
944 516 1038 569 τὸν
1058 517 1183 571 λαὸν
1206 519 1393 583 αὑτοῦ,
1428 522 1520 574 καὶ
1546 521 1655 574 τῶν
1681 521 2004 590 εὐεργεσιῶν
2043 521 2145 574 αὑ-

577 597 670 651 τοῦ
718 598 1119 670 ἀπαρίθμησις,
1154 602 1250 654 καὶ
1282 604 1613 675 παραίτησις
1649 604 1865 657 θυσιῶν.
1925 601 2147 657 Ἀποδύ-

582 698 733 751 ρεται
756 683 785 734 ὁ
806 684 1089 754 προφήτης
1114 684 1189 747 ὼς
1206 685 1315 737 τῶν
1343 686 1566 739 δικαίων
1592 687 1684 740 καὶ
1699 686 1916 755 ἀγαθῶν
1941 687 2148 758 ἀνδρῶν

582 763 959 821 ἐκλειπόντων.
988 768 1099 820 Καὶ
1122 767 1258 838 πρὸς
1285 768 1365 839 τῷ
1401 769 1544 822 τέλει
1578 769 1716 841 μετὰ
1759 770 1822 823 τὸ
1859 770 2148 843 ἐγκαλέσαι

1218 314 1281 382 ‘s.
1334 308 1619 381 JOANNIS
1660 312 2150 380 ctmvsosmm
2181 316 2501 376 meum.
2549 316 3093 378 CONSTANTINOP.
3712 319 3811 378 386

2922 438 3145 506 Ναούμ.

2325 516 2462 590 Περὶ
2484 510 2582 590 τῆς
2598 518 2690 573 τοῦ
2716 517 2852 574 Θεοῦ
2879 521 3161 592 δυνάμεως
3184 518 3519 588 διαλέγεται·
3549 518 3682 588 περὶ
3712 518 3814 574 τῶν

2253 602 2566 656 ἀποστόλων
2595 603 2869 676 προλέγει.
2917 604 3246 674 Προστίθησι
3285 603 3342 656 δὲ
3366 602 3462 656 καί⁵
3494 600 3596 672 τὴν
3643 601 3814 656 ἄνοδον

2256 685 2608 740 Βαϐυλωνίων
2640 688 2781 741 κατὰ
2817 689 2866 741 Ν
2871 688 3109 741 ινευῖτῶν
3158 688 3517 758 κατακράτος·
3547 686 3816 756 αἰχμαλω-

2257 770 2395 822 σίαν.
2414 770 2577 838 Λέγει
2596 771 2655 824 δὲ
2681 772 2775 825 καί¹
2797 772 2896 840 τὴν
2909 771 3135 842 δύναμιν
3158 771 3326 843 αὑτῆς
3354 769 3557 824 καὶτὸν
3576 768 3816 837 πλοῦτον,

582 847 675 900 καὶ
694 848 988 921 ἀπειλῆσαι
1019 852 1305 923 συμφορὰς
1338 852 1601 925 μεγάλας,
1618 852 1831 925 χρηστὰ
1850 852 2153 925 προμηνύει
2257 852 2316 905 ὃν
2339 846 2451 922 εἷχε
2483 854 2611 925 πρὶν
2635 854 3164 924 αίχμλωτευθῆναι.

580 926 660 999 τῷ
695 930 930 1007 Ἰσραήλ.

2569 935 2724 1006 Ἕως
2747 932 2862 991 ὦδε
2888 933 3014 1007 εἶχε
3045 938 3112 992 τὸ
3133 938 3517 1009 ἀντίγραφον.

2010 1582 2386 1664 MONITUM

646 1838 792 1907 inter
820 1852 1007 1921 spuria
1053 1850 1337 1908 Athanasii
1365 1855 1534 1923 opera
1567 1833 1856 1908 llomiliam
1897 1844 2189 1933 dedimus,
2232 1868 2287 1925 ρ.
2323 1852 2448 1921 ιιο,
2491 1854 2649 1925 cujus
2687 1853 2904 1910 initiuni
2951 1848 3038 1914 est
3078 1854 3284 1923 Graece.
3320 1844 3638 1933 Μυστήριον
3682 1846 3826 1926 eam

571 1963 776 2042 βλέπω,
801 1977 904 2034 hoc
929 1991 1031 2048 est,
1065 1982 1372 2054 Mysterium
1400 2000 1589 2038 novum
1620 1982 1767 2036 video
1789 1994 1958 2047 ,cum
1997 1979 2152 2034 titulo

2264 1979 2309 2042 ἰς
2346 1977 2445 2048 τὴν
2473 1977 2726 2050 γέννησιν
2770 1980 2866 2035 τοῦ
2900 1966 3158 2053 Χριστοῦ,
3194 1982 3299 2037 hoc
3346 1990 3465 2047 est,
3494 1977 3560 2036 In
3609 1998 3829 2054 genera-

574 2096 767 2152 tionem
794 2101 1011 2159 Christi.
1040 2104 1260 2160 initium
1298 2119 1464 2175 porro
1511 2102 1639 2157 illud
1682 2102 1915 2172 idipsum
1958 2108 2043 2155 est
2071 2097 2219 2183 quod
2249 2098 2447 2169 hujus,
2483 2114 2606 2170 qua:
2637 2099 3011 2173 Chrysostomi
3044 2099 3264 2155 nomine
3292 2098 3698 2168 circumfertur,
3733 2099 3829 2157 h0-

575 2210 732 2267 milia:
765 2229 778 2264 :
807 2230 911 2269 nec
938 2215 1149 2271 initium
1177 2217 1360 2283 modo,
1389 2216 1484 2273 sed
1519 2217 1682 2272 etiam
1714 2216 1815 2269 alia
1847 2230 1955 2269 non
2005 2218 2175 2285 pauCa
2216 2212 2346 2269 hinc
2372 2219 2429 2269 et
2454 2212 2585 2268 inde
2617 2228 2683 2267 ex
2715 2214 2819 2270 hac
2852 2213 3072 2270 homilia
3119 2215 3396 2285 decerpsit
3438 2215 3504 2282 is,
3544 2213 3639 2286 qui
3687 2213 3829 2270 illam

572 2327 855 2383 Athanasii
893 2329 1116 2384 nomine
1146 2327 1565 2384 consarcinavit.
1615 2327 1743 2382 llrec
1775 2336 1957 2381 autem
2000 2325 2069 2381 de
2114 2340 2219 2396 qua
2253 2330 2400 2381 nunc
2435 2326 2648 2397 agimus
2693 2321 2915 2381 homilia
2947 2342 3064 2383 aevo
3100 2327 3407 2382 certissime
3458 2326 3829 2400 Chrysostomi

565 2443 772 2498 emissa
811 2442 913 2499 fuit
942 2459 1106 2498 :nam
1146 2443 1379 2514 Cyrillus
1410 2444 1549 2499 libro
1597 2443 1664 2497 ad
1706 2442 1961 2513 Reginas,
1983 2442 2075 2513 qui
2103 2441 2247 2496 inter
2279 2441 2570 2512 Ephesinaz
2616 2440 2819 2514 Synodi
2859 2440 2994 2496 Acta
3036 2456 3200 2498 cusus
3240 2441 3405 2497 etiam
3437 2443 3734 2513 reperitur,
3768 2458 3831 2499 ex

573 2564 676 2621 hac
721 2565 943 2621 homilia
987 2565 1234 2636 quaedam
1284 2562 1660 2636 Chrysostomi
1710 2562 1929 2617 nomine
1985 2560 2194 2631 profert
2248 2560 2579 2629 testimonia,
2629 2575 2862 2630 quorum
2915 2559 3151 2629 primum
3202 2557 3290 2614 his
3344 2559 3528 2616 verbis
3563 2558 3826 2616 eﬂ'ertur:

579 2703 599 2736 ι
629 2681 856 2738 Joannis
913 2681 1154 2753 episcopi
1204 2679 1792 2751 Constantinopolitani
1846 2679 1914 2734 de
1967 2677 2149 2733 divina
2194 2678 2563 2749 generatione.
2598 2695 2618 2729 ι
2678 2676 2942 2745 Loquitur
2989 2683 3173 2730 autem
3230 2675 3299 2731 de
3349 2684 3538 2730 sancta
3587 2675 3826 2747 Virgine;

572 2819 598 2856 ς
632 2800 777 2857 Loco
813 2800 967 2867 solis,
1007 2799 1203 2870 inquit,
1254 2798 1480 2871 iustitia:
1530 2797 1698 2853 solem
1745 2796 2214 2869 incircumscripte
2248 2797 2526 2868 complexa
2561 2795 2683 2851 fuit.
2734 2797 2813 2851 Ac
2850 2810 2921 2851 ne
2951 2808 3162 2865 quaeras
3209 2794 3514 2865 quomodo;
3543 2795 3636 2851 ubi
3686 2798 3831 2851 enim

571 2914 687 2972 vult
729 2914 905 2980 Deus,
958 2910 1032 2966 ibi
1080 2918 1294 2966 natura:
1342 2910 1478 2965 ordo
1506 2908 1767 2964 vincitur.
1816 2908 1999 2964 Voluit
2045 2909 2211 2975 enim,
2248 2910 2445 2981 potuit,
2487 2909 2791 2977 descendit,
2842 2907 3100 2974 salvavit;
3141 2909 3327 2963 omnia
3372 2910 3465 2965 Dei
3520 2920 3830 2969 natumse-

570 3037 835 3098 quuntur.
882 3026 1056 3082 Hodie
1082 3025 1176 3095 qui
1205 3031 1297 3092 est
1341 3023 1608 3096 gignitur,
1654 3035 1710 3079 et
1741 3023 1834 3094 qui
1863 3033 1983 3091 est,
2031 3023 2092 3078 ﬁt
2120 3023 2175 3080 id
2209 3025 2352 3094 quod
2382 3039 2495 3078 non
2547 3032 2695 3088 erat;
2736 3038 2862 3077 nam
2904 3037 3027 3077 cum
3058 3022 3203 3077 Deus
3233 3032 3400 3089 esset,
3439 3023 3501 3078 lit
3530 3025 3729 3094 homo;
3762 3025 3826 3081 ab

569 3156 637 3201 ea
666 3157 872 3208 tamen,
897 3159 1060 3214 quam
1090 3141 1354 3208 habebat,
1386 3140 1587 3197 deitate
1620 3156 1730 3195 non
1778 3140 1998 3205 excidit.
2028 3140 2216 3211 Neque
2245 3141 2392 3195 enim
2421 3156 2544 3195 cum
2586 3140 2806 3197 deitatis
2841 3141 3052 3211 jactura
3098 3137 3273 3195 factus
3317 3149 3402 3196 est
3432 3140 3621 3208 homo,
3652 3157 3827 3213 neque

573 3276 672 3333 per
691 3260 994 3333 profectum
1034 3275 1100 3316 ex
1124 3259 1349 3316 homine
1379 3258 1556 3315 factus
1592 3267 1679 3315 est
1715 3259 1856 3315 Deus
1884 3277 1896 3312 :
1926 3257 2021 3315 sed
2054 3256 2201 3314 Deus
2236 3258 2503 3313 exsistens
2549 3266 2773 3329 propter
2801 3257 3313 3329 impassibilitatem,
3358 3273 3486 3314 caro
3518 3258 3697 3316 factus
3727 3270 3826 3328 est,

1142 3867 1248 3933 Εἰς
1276 3864 1343 3919 τὸ
1384 3864 1696 3937 γενέθλιον
1756 3865 1864 3920 τοῦ
1915 3848 2187 3934 Σωτῆρος
2229 3861 2400 3934 ἡμῶν
2467 3864 2660 3935 Ἰησοῦ
2691 3867 2983 3937 Χριστοῦ,
3028 3870 3278 3941 Λόγοι-ι.

2152 4136 2213 4145 -υς

650 4377 966 4450 Μυστήριον
1005 4375 1275 4450 ξένονκαὶ
1314 4373 1614 4446 παράδοξον
1657 4372 1871 4444 βλέπω’
1900 4370 2154 4443 ποιμένες

2261 4372 2521 4439 τίκτεται,
2554 4373 2646 4428 καὶ
2700 4375 2729 4429 ὁ
2783 4374 2858 4430 ὢν
2904 4376 3112 4445 γίνεται
3148 4377 3283 4451 ὅπερ
3332 4380 3431 4436 οὑκ
3470 4368 3570 4454 ἦν’
3601 4380 3679 4439 ὣν
3728 4386 3837 4455 γὰρ

583 4477 687 4533 μου
708 4449 1026 4533 περιηχοῦσι
1058 4459 1128 4513 τὰ
1156 4449 1289 4522 ὦτα,
1315 4459 1415 4512 οὑκ
1444 4457 1648 4530 ἔρημον
1677 4456 1799 4528 (sic)
1845 4454 2154 4527 συρίζοντες

2262 4462 2413 4527 Θεὸς,
2443 4464 2653 4532 γίνεται
2691 4465 2995 4534 ἄνθρωπος,
3028 4467 3127 4520 οὑκ
3163 4469 3363 4535 ἐκστὰς
3392 4469 3484 4524 τοῦ
3516 4470 3657 4526 εἶναι
3681 4473 3833 4536 Θεός.

583 4544 765 4616 μέλος,
804 4545 918 4597 ἀλλ’
947 4542 1194 4616 οὐράνιον
1223 4542 1440 4615 ᾄδοντες
1478 4540 1668 4612 ὑμνον.
1706 4539 1960 4608 Ἀγγελοι
2000 4538 2157 4610 ᾄδου-

583 4646 689 4693 σιν,
708 4627 1032 4698 ἀρχάγγελοι
1067 4627 1377 4697 μέλπουσιν,
1412 4626 1571 4695 ὑμνεῖ
1599 4625 1665 4679 τὰ
1686 4622 1981 4696 Χερουϐὶμ,
2015 4623 2158 4689 δοξο-

579 4711 730 4781 λογεῖ
762 4711 833 4763 τὰ
879 4709 1149 4782 Σεραφὶμ,
1176 4710 1373 4773 πάντες
1415 4707 1731 4781 ἑορτάζουσι
1760 4706 1892 4759 Θεὸν
1924 4706 2016 4758 ἐπὶ
2055 4706 2157 4775 γῆς

580 4796 835 4866 ὁρῶντες,
866 4794 963 4848 καὶ
1001 4794 1282 4863 ἄνθρωπον
1321 4793 1379 4847 ὲν
1405 4793 1651 4862 οὐρανοῖς
1672 4806 1686 4820 ·
1725 4789 1816 4842 τὸν
1853 4789 1966 4842 ἄνω
2009 4788 2159 4846 κάτω

578 4881 647 4934 δι’
671 4876 1003 4949 οἰκονομίαν,
1030 4876 1235 4929 καὶτὸν
1260 4875 1411 4929 κάτω
1432 4875 1546 4928 ἅνω
1570 4874 1659 4928 διὰ
1682 4871 1870 4942 φιλανθ
1881 4872 2089 4941 ρωπίαν
2105 4871 2156 4925 ιι.

582 4963 836 5034 Σήμερον
873 4958 1123 5030 Βηθλεὲμ
1148 4958 1241 5012 τὸν
1276 4957 1500 5029 οὐρανὸν
1529 4958 1871 5027 ἐμιμήσατο·
1905 4954 2025 5007 ἀντὶ
2060 4953 2159 5024 μὲν

581 5047 828 5119 ἀστέρων
861 5043 1124 5113 ἀγγέλους
1146 5042 1448 5113 ὑμνοῦντας
1465 5040 1756 5111 δεξαμένη,
1784 5038 1907 5092 ἀντὶ
1925 5038 1982 5091 δὲ
2010 5038 2158 5109 ἡλίου

580 5131 674 5185 τὸν
721 5132 822 5200 τῆς
854 5124 1201 5195 δικαιοσύνης
1230 5124 1660 5194 ἀπριγράπτως
1697 5122 2010 5193 χωρήσασα.
2051 5122 2160 5174 Καὶ

585 5213 662 5285 μὴ
686 5212 838 5284 ζήτει
869 5211 1014 5275 πῶς’
1045 5211 1178 5263 ὅπου
1210 5206 1318 5276 γὰρ
1353 5206 1600 5277 βούλεται
1629 5205 1782 5269 Θεὸς,
1816 5204 2032 5257 νικᾶται
2061 5203 2163 5272 φύ-

585 5313 722 5361 σεως
777 5294 947 5362 τάξις.
1013 5290 1320 5362 Ἠϐουλήθη
1385 5288 1513 5359 γὰρ,
1556 5287 1817 5359 ἠδυνήθη,
1870 5285 2158 5357 κατῆλθεν,

583 5381 755 5436 ἔσωσε
774 5398 788 5412 ο
822 5379 1098 5450 σύνδρομα
1124 5375 1195 5430 τὰ
1226 5375 1404 5429 πάντα
1448 5371 1526 5442 τῷ
1569 5371 1710 5443 Θεῷ.
1759 5370 2005 5444 Σήμερον
2030 5372 2058 5424 ὁ
2086 5369 2162 5424 ὢν

647 5582 675 5613 ⁸
696 5582 810 5642 Cod,
835 5581 960 5642 Reg.
994 5580 1134 5639 1832,
1160 5577 1450 5642 sicﬂtilulum
1492 5575 1659 5633 habet,
1684 5576 1837 5640 Λόγος
1857 5578 1923 5633 εἰς
1962 5576 2018 5624 τὸ
2036 5577 2164 5638 γενέ-

583 5645 716 5706 θλιον
727 5641 813 5706 τοῦ
830 5641 1006 5706 Κυρίου
1030 5645 1111 5691 καὶ
1133 5641 1259 5691 Θεοῦ
1281 5641 1616 5706 migro-napo;

649 5706 677 5745 Β
702 5705 819 5753 Haec
857 5700 927 5752 sic
946 5707 1258 5753 invertuntur
1279 5704 1328 5751 iu
1367 5703 1487 5760 Reg.
1511 5701 1592 5746 τὸν
1618 5701 1716 5747 ἅνω
1734 5700 1866 5749 κάτω
1890 5700 1968 5749 διὰ
2002 5701 2163 5762 φιλαν-

587 5766 814 5830 θρωπίαν,
836 5768 918 5814 καὶ
939 5768 1020 5814 τὸν
1043 5766 1175 5813 κάτω
1191 5765 1290 5812 ἄνω
1315 5765 1374 5813 δι’
1400 5763 1686 5824 οἰκονομίαν.

2262 4546 2397 4599 Οὐδὲ
2433 4546 2542 4618 γὰρ
2562 4549 2683 4601 κατ’
2712 4547 2965 4602 ἔκστασιν
2999 4548 3248 4622 θεότητος
3274 4554 3493 4623 γέγονεν
3525 4555 3831 4627 ἄνθρωπος,

2261 4630 2383 4683 οὐδὲ
2405 4629 2566 4684 πάλιν
2590 4630 2729 4684 κατὰ
2756 4632 3036 4705 προκοπὴν
3060 4635 3118 4701 ἐξ
3141 4636 3428 4706 ἀνθρώπου
3457 4641 3649 4708 γέγονε
3679 4640 3833 4703 Θεόςε

2263 4713 2403 4767 ἀλλὰ
2430 4714 2601 4783 Λόγος
2621 4712 2717 4777 ὢν,
2762 4714 2850 4769 διὰ
2877 4716 2938 4769 τὸ
2966 4717 3174 4783 ἀπαθὲς
3200 4719 3336 4791 σὰρξ
3370 4721 3602 4790 ἐγένετο,
3636 4724 3837 4794 ἀμετα-

2265 4796 2462 4866 ϐλήτου
2495 4798 2762 4868 μενούσης
2795 4799 2896 4870 τῆς
2927 4799 3159 4870 φύσεως.
3196 4803 3337 4857 Ἀλλ’
3361 4806 3451 4859 ὅτε
3489 4805 3589 4876 μὲν
3617 4806 3834 4877 ἐτέχθη,

2279 4880 2516 4933 Ἰουδαῖοι
2566 4882 2825 4951 ἠρνοῦντο
2877 4884 2969 4937 τὸν
3002 4884 3150 4951 ξένον
3196 4887 3385 4955 τόκον,
3428 4889 3523 4943 καὶ
3554 4890 3838 4960 Φαρισαῖοι

2266 4966 2691 5037 παρηρμήνευον
2732 4967 2831 5030 τὰς
2865 4967 3015 5031 θείας
3060 4968 3303 5037 Βίϐλους,
3345 4972 3439 5027 καὶ
3495 4976 3843 5045 γραμματεῖς

2267 5048 2562 5101 ὑπεναντία
2590 5047 2683 5102 τοῦ
2715 5049 2879 5118 νόμου
2905 5050 3146 5106 ἐλάλουν.
3183 5053 3427 5127 Ἡρώδης
3462 5051 3555 5111 τδν
3583 5057 3843 5127 τεχθέντα

2268 5131 2469 5201 ἐζήτει,
2487 5132 2585 5201 οὐχ
2611 5132 2693 5185 ἵνα
2717 5134 2880 5187 αὑτὸν
2896 5135 3124 5208 τιμήσῃ,
3140 5136 3255 5190 ἀλλ’
3281 5137 3366 5191 ἵνα
3394 5137 3556 5193 αὑτὸν
3577 5140 3842 5212 ἀπολέσῃ.

2269 5217 2513 5285 Σήμερον
2538 5216 2643 5287 γὰρ
2673 5228 2697 5256 ο
2748 5216 2925 5271 πάντα
2948 5219 3239 5273 ὑπεναντία
3277 5219 3438 5277 εἶδον.
3472 5225 3594 5277 Οὐκ
3621 5225 3843 5294 ἐκρύϐη

2269 5299 2399 5371 γὰρ,
2441 5300 2581 5353 κατὰ
2627 5300 2716 5355 τὸν
2761 5300 3067 5372 ψαλμῳδὸν,
3096 5301 3250 5377 [595]
3306 5304 3422 5360 ἀπὸ
3461 5305 3580 5360 τῶν
3619 5308 3845 5362 τέκνων

2269 5382 2466 5437 αὐτῶν
2492 5386 2576 5449 εἰς
2605 5384 2819 5452 γενεὰν
2842 5385 3068 5455 ἑτέραν.
3095 5388 3342 5455 Βασιλεῖς
3375 5391 3474 5461 μὲν
3514 5390 3623 5463 γὰρ
3658 5386 3843 5462 ἦλθον,
3870 5404 3873 5405 ⁷

2269 5466 2359 5517 τὸν
2406 5466 2721 5537 ἐπουράνιον
2768 5466 2992 5538 βασιλέα
3040 5470 3455 5542 θαυμάζοντες,.
3481 5475 3563 5528 ὃτι
3610 5474 3725 5537 πῶς
3752 5475 3847 5529 ἐπὶ

2270 5549 2374 5620 γῆς
2400 5546 2563 5619 ἦλθεν
2593 5550 2692 5605 οὑκ
2719 5552 2984 5622 ἀγγέλους
3032 5553 3190 5626 ἔχων,
3224 5556 3325 5610 οὐκ
3354 5557 3747 5629 ἀρχαγγέλους,
3780 5556 3845 5610 οὑ

2335 5763 2356 5791 τ
2389 5761 2538 5810 Savil.
2577 5761 2645 5811 δέ.
