4102 6322
276 323 382 382 385

278 433 625 505 probatioque
668 432 1071 489 sacriﬁciorum.
1097 433 1268 505 Luget
1302 434 1561 505 propheta
1594 434 1742 504 quasi
1770 434 1858 502 ju-

278 524 374 580 Stis
402 534 457 579 et
483 524 638 578 bouis
667 525 795 579 viris
831 523 1222 581 deﬁcientibus.
1252 525 1317 579 Et
1345 526 1398 579 in
1428 528 1530 580 line
1559 535 1675 595 post
1699 540 1857 579 accu-

277 615 536 670 sationem
563 626 617 670 et
641 615 1108 671 comminatiouem
1137 632 1444 688 magnarum
1473 618 1852 680 calamitatum.

277 707 412 762 bona
441 708 760 777 praenuntiat
789 707 994 763 lsraeli.

1415 322 1481 377 IN
1521 321 1848 378 NATALEM
1885 321 2154 378 CHRISTI
2195 323 2380 379 DIEM.

3436 330 3544 385 386

1970 434 2166 503 Adjicit
2188 445 2365 491 autem
2397 436 2722 493 invasionem
2747 438 3157 511 Babyloniorum
3186 452 3371 497 contra
3402 443 3550 498 Nini-

1971 528 2127 591 vitas,
2157 526 2345 581 horum
2372 528 2761 595 captivitatem.
2789 531 3017 586 Enarrat
3040 535 3155 600 ejus
3184 535 3472 604 potentiam
3496 548 3551 591 et

1966 618 2195 686 divitias,
2227 634 2357 688 quas
2388 619 2570 674 habuit
2605 630 2893 691 antequam
2921 635 3226 694 caperetur.

2305 730 2562 785 Hactenus
2588 734 2844 802 exemplar
2871 733 3080 789 habebat
3107 737 3208 806 (a).

964 854 1161 896 NAIUII.
2024 864 2101 936 _(a)
2137 870 2247 915 [nec
2262 864 2540 936 estlibrarii
2579 864 2765 916 Codicis
2789 865 3063 936 Coisliniani
3102 878 3213 920 nota
3250 885 3343 936 qua
3366 874 3550 936 signiti-

1964 932 2100 973 eatur
2120 939 2244 988 opus
2265 926 2603 991 imperfectum
2626 940 2758 989 esse,
2785 936 2837 977 et
2860 932 3111 993 exemplar
3147 926 3288 983 suum
3313 935 3394 984 illo
3412 926 3551 986 desi-

348 973 422 1029 De
450 974 683 1044 potentia
728 974 822 1030 Dei
866 973 1081 1030 disserit
1127 992 1141 1028 :
1190 973 1259 1029 de
1302 974 1558 1046 apostolis
1589 975 1845 1046 praedicit.
1965 999 2106 1035 nere.

288 1278 3511 1307 Μ

1003 1624 1112 1684 AD
1167 1620 1587 1683 HOMILIAM
1629 1620 1711 1679 IN
1766 1620 2152 1681 NATALEM
2207 1618 2526 1682 CHRISTI
2591 1622 2814 1685 DIEM.

285 1885 565 1942 immutata
618 1891 874 1938 manente
931 1890 1146 1937 natura.
1177 1901 1196 1934 ι
1234 1880 1332 1935 His
1377 1894 1542 1950 porro
1597 1880 1879 1953 subiungit
1916 1881 2021 1935 alia
2068 1880 2350 1951 quaedam,
2392 1897 2513 1951 qua:
2543 1897 2693 1935 num.
2733 1880 2769 1934 '2
2812 1881 3065 1951 leguntur
3104 1901 3116 1935 :
3158 1882 3260 1949 Qui
3312 1884 3368 1937 in
3408 1885 3541 1939 solio

280 2004 492 2057 sublimi
529 2003 875 2074 prlecelsoque
913 2002 1164 2065 considet,
1204 2001 1248 2055 is
1282 2001 1335 2052 in
1365 2000 1618 2070 praesepio
1655 2000 1908 2069 ponitur:
1946 1999 2327 2069 impalpabilis,
2363 1999 2606 2070 simplex,
2642 2000 2996 2067 incorporeus,
3025 2001 3267 2054 humanis
3302 2002 3541 2057 manibus

284 2129 635 2174 contrectatur
657 2138 676 2176 :
700 2124 788 2192 qui
814 2130 1145 2192 peccatorum
1169 2118 1377 2173 vincula
1414 2119 1713 2186 disrumpit,
1769 2119 1949 2188 fasciis
1982 2119 2375 2188 constringitur.

353 2237 451 2292 His
483 2239 792 2309 conSpeetis
843 2235 1165 2293 testimoniis
1211 2243 1371 2306 atque
1412 2235 1545 2289 locis
1570 2276 1585 2300 ,
1638 2234 1761 2304 quis
1802 2250 1913 2287 non
1946 2234 2133 2289 credat
2172 2250 2286 2289 rem
2331 2249 2453 2289 esse
2491 2232 2829 2294 confectam,
2878 2230 3269 2302 homiliamquc
3305 2231 3542 2305 Chryso-

284 2366 458 2411 stomo
486 2356 865 2409 incunctanter
896 2354 1067 2409 fuisse
1099 2352 1501 2424 adjudicatam?
1531 2353 1731 2407 Verum
1764 2367 1922 2407 secus
1962 2368 2048 2406 res
2079 2351 2261 2407 cessit.
2304 2350 2438 2405 Nam
2495 2350 2729 2405 Savilius
2777 2365 2897 2404 cam
2939 2349 3080 2406 inter
3119 2351 3276 2404 dubia
3320 2351 3538 2405 locavit.
3590 2398 3599 2407 .

281 2464 484 2521 Fronto
540 2464 767 2521 Ducaaus
824 2466 967 2521 inter
1022 2466 1205 2536 spuria
1263 2464 1455 2520 edidit.
1498 2464 1875 2519 Tillemontius
1924 2480 2053 2519 vero
2092 2474 2246 2535 putat
2282 2464 2555 2519 laudatam
2601 2480 2631 2517 a
2672 2462 2873 2535 Cyrillo
2911 2464 3282 2535 Chrysostomi
3317 2466 3541 2521 nomine

282 2583 558 2639 homiliam
582 2624 596 2647 ,
634 2582 1006 2653 Chrysostomi
1050 2598 1170 2637 esse
1222 2589 1515 2651 oportere:
1552 2579 1648 2634 sed
1677 2580 1975 2633 arbitratur
2004 2580 2165 2644 hanc,
2197 2595 2361 2649 quam
2406 2594 2556 2633 nunc
2606 2578 2889 2645 habemus,
2935 2579 3212 2634 homiliam
3242 2596 3363 2636 esse
3405 2597 3538 2636 cen-

280 2710 501 2766 tonem,
539 2701 631 2755 ubi
666 2700 713 2753 is
741 2700 831 2769 qui
868 2698 1012 2752 illam
1058 2697 1224 2751 variis
1257 2712 1321 2751 ex
1369 2696 1502 2751 locis
1544 2694 1941 2750 consarcinavit
1964 2735 1976 2758 ,
2010 2705 2071 2749 ut
2099 2694 2311 2749 facilius
2345 2694 2527 2749 fucum
2558 2693 2794 2761 faceret,
2843 2695 2951 2750 duo
2994 2695 3082 2749 illa
3121 2697 3235 2752 loca
3267 2713 3295 2750 a
3344 2697 3540 2768 Cyrillu

276 2820 443 2875 allata
494 2818 803 2874 inseruerit.
863 2816 1125 2887 Quodque
1176 2818 1466 2872 observatu
1517 2815 1739 2886 dignum
1790 2821 1905 2879 est,
1945 2813 2022 2867 ait
2059 2811 2288 2883 Cyrillus
2326 2814 2379 2867 in
2414 2813 2533 2868 loco
2570 2814 2821 2884 superius
2862 2813 3063 2879 allato,
3112 2815 3337 2883 justitia:
3378 2818 3539 2870 solem

276 2941 728 3009 incircumscripte
779 2938 1047 3006 complexa
1101 2940 1220 3010 fuit,
1267 2938 1372 2993 dici
1414 2939 1482 2993 de
1527 2945 1713 2992 sancta
1774 2936 2030 3006 Virgine,
2075 2935 2164 2990 hic
2204 2946 2385 2990 autem
2430 2937 2498 2992 de
2539 2936 2857 2993 Bethlehem
2900 2938 3186 3004 dicuntur;
3228 2940 3372 3009 quod
3412 2956 3541 2996 sane

275 3061 572 3109 centonem
613 3067 733 3106 esse
762 3052 1013 3118 suadeat,
1054 3052 1215 3107 modo
1246 3050 1564 3113 Athanasio,
1596 3049 1756 3104 modo
1792 3047 2180 3119 Chrysostomo
2214 3046 2499 3100 tributum.

350 3170 737 3241 lnterpretatio
768 3170 956 3226 Latina
989 3181 1071 3227 est
1106 3171 1395 3227 Frontonis
1422 3169 1622 3225 Ducaai.

273 3488 3536 3516 MM

845 3788 909 3833 IN
945 3786 1328 3834 SALVATORIS
1373 3788 1599 3832 ποετ-ιιι
1648 3788 1794 3832 JBSU
1831 3787 2085 3833 cnats'rt
2132 3784 2570 3832 NATIVITATBI
2609 3782 2846 3829 cauto
2878 3763 2985 3846 (a).

1788 4010 2046 4025 -ι-

323 4222 399 4295 (ι)
427 4222 757 4294 Mysterium
778 4238 970 4277 novum
988 4232 1041 4278 et
1059 4223 1371 4279 admirabile
1384 4223 1538 4279 video
1554 4242 1566 4277 :
1582 4232 1852 4293 pastorum

248 4317 476 4371 vocibus
494 4331 668 4371 aures
684 4331 818 4370 mete
831 4316 1242 4382 circumsonant,
1258 4317 1346 4386 qui
1366 4333 1469 4370 non
1492 4316 1596 4371 leni
1615 4327 1768 4371 cantu
1788 4317 1859 4370 si—

249 4407 439 4477 bilant,
454 4409 558 4463 sed
571 4409 847 4463 cmlestem
861 4408 1113 4478 hymnum
1126 4410 1623 4480 concinunt.Angcli
1637 4419 1853 4477 canunt,

243 4499 567 4571 archangeli
590 4499 955 4564 modulantur,
972 4500 1257 4555 Cherubim
1278 4501 1527 4572 hymnum
1546 4503 1746 4564 dicunt,
1762 4502 1856 4557 Se-

246 4592 458 4658 raphim
492 4590 844 4661 glorificant,
870 4606 1055 4645 omnes
1081 4591 1271 4646 festum
1307 4594 1614 4657 celebrant,
1646 4595 1771 4648 dum
1805 4595 1854 4649 in

247 4683 404 4736 terris
446 4683 633 4738 Deum
661 4721 674 4743 ,
704 4694 756 4735 et
788 4681 1056 4736 hominem
1084 4684 1135 4737 in
1164 4683 1308 4738 czelis
1334 4697 1559 4740 cernunt
1583 4703 1595 4738 :
1615 4701 1736 4740 eum
1765 4686 1855 4755 qui

240 4788 459 4827 sursum
485 4784 601 4838 est,
636 4783 855 4841 propter
879 4772 1325 4844 dispensationem
1353 4775 1599 4830 deorsum
1622 4777 1853 4841 versari;

240 4878 363 4918 cum
394 4867 490 4936 qui
522 4865 796 4920 deorsum
820 4880 936 4919 erat
955 4907 969 4928 ,
997 4876 1212 4935 propter
1240 4867 1614 4936 benignitatem
1643 4883 1853 4921 sursum

244 4970 384 5010 nunc
416 4956 640 5010 versari
667 4956 716 5007 ’¹.
751 4955 917 5010 Hodie
956 4956 1224 5011 Bethleem
1277 4959 1463 5012 czelum
1506 4959 1702 5012 imitata
1731 4970 1813 5015 est
1841 4981 1853 5017 :

242 5060 361 5115 qme
391 5050 696 5104 stellarum
724 5049 934 5117 quidem
957 5050 1074 5104 loco
1102 5051 1317 5119 angelos
1340 5062 1590 5106 canentes
1616 5056 1853 5123 excepit,

241 5140 375 5193 solis
400 5153 596 5196 autem
638 5140 995 5209 locojustitia:
1034 5142 1199 5197 solem
1232 5145 1687 5214 incircumscripte
1710 5161 1858 5200 com-

242 5232 395 5301 plexa
425 5232 552 5288 fuit.
584 5232 783 5302 Neque
809 5234 894 5288 hic
920 5234 1213 5303 quaesieris,
1241 5237 1506 5306 quomodo
1531 5237 1633 5291 hoc
1660 5237 1855 5293 factum

302 5431 319 5462 ¹
357 5431 580 5502 Haesit;
591 5431 923 5502 invertuntur
947 5431 995 5479 in
1017 5437 1154 5493 Reg.,
1184 5445 1299 5502 eum
1321 5434 1404 5495 qui
1424 5448 1615 5502 sursum
1632 5445 1718 5496 est,
1744 5452 1855 5502 pro-

237 5497 345 5552 pter
370 5491 753 5561 benignitatem.
766 5490 990 5541 deorsum
1011 5490 1213 5553 versari;
1236 5490 1345 5546 eum
1373 5498 1455 5561 qui
1484 5490 1716 5551 deorsum
1732 5490 1853 5561 έναι,

238 5546 440 5615 propter
460 5546 889 5617 dispensationem
911 5567 1101 5603 sursum
1122 5546 1247 5605 nunc
1266 5546 1464 5608 versari.

304 5636 381 5698 (α)
421 5636 621 5707 Collata
650 5646 768 5707 quin
788 5633 1093 5707 Codiceheg.
1118 5637 1255 5707 1852,
1279 5642 1363 5707 qui
1384 5643 1452 5691 sic
1475 5642 1663 5707 titulum
1689 5646 1853 5707 habet,

240 5705 406 5747 Sermo
429 5700 483 5746 in
507 5700 825 5756 nativitatem
843 5700 1031 5745 Domini
1050 5705 1095 5746 et
1118 5701 1203 5749 Dei
1220 5710 1264 5750 et
1286 5700 1555 5756 Saluatoris.

304 5759 379 5821 (ι)
412 5761 609 5809 Citatur
639 5757 728 5803 hic
750 5754 884 5805 locus
908 5759 953 5806 in
977 5760 1184 5808 Concilio
1205 5764 1452 5823 Ephesiae.

579 5841 870 5902 PATBOL.
913 5843 1031 5904 Gn.
1083 5842 1232 5908 LVI.

1964 4215 2067 4270 sit:
2090 4213 2180 4269 ubi
2207 4215 2349 4270 enim
2377 4215 2518 4273 Deus
2535 4219 2667 4285 vult,
2696 4219 2768 4276 ibi
2797 4233 3001 4281 naturae
3020 4229 3155 4285 ordo
3182 4232 3342 4293 cedit.
3366 4235 3548 4297 Voluit

1961 4306 2102 4360 enim
2128 4346 2142 4368 ,
2169 4307 2380 4375 potuit,
2413 4307 2720 4377 descendit,
2745 4313 2997 4380 salvavit;
3022 4322 3201 4377 munia
3232 4325 3326 4381 Dei
3360 4339 3544 4386 nutum

1962 4579 2113 4677 ah-ea
2142 4591 2339 4649 tamen,
2361 4598 2517 4652 quam
2552 4587 2761 4656 habeat,
2784 4589 2979 4649 deitate
2999 4611 3103 4652 non
3132 4603 3347 4658 excidit.
3368 4579 3549 4677 Neque

1960 4671 2104 4724 enim
2153 4687 2273 4725 cum
2320 4673 2531 4767 deitatis
2575 4677 2777 4745 jaCtura
2822 4682 2992 4740 factus
3033 4698 3115 4743 est
3144 4690 3337 4761 homo,
3372 4671 3547 4767 neque

1963 4777 2175 4816 rursum
2208 4780 2301 4833 per
2329 4766 2664 4823 succedentia
2694 4772 3018 4833 incrementa
3043 4796 3107 4835 ex
3138 4782 3353 4841 homine
3375 4766 3547 4845 factus

1962 4862 2043 4947 est
2072 4854 2240 4947 Deus;
2272 4856 2366 4910 sed
2392 4856 2625 4914 Verbum
2666 4864 2929 4922 cxsistens
2949 4911 2965 4935 ,
2996 4882 3179 4927 natura
3231 4880 3440 4947 propria
3479 4883 3548 4935 ob

1962 4945 2041 4997 sui
2090 4945 2532 5015 impatibilitatem
2579 4964 2827 5009 manente
2875 4958 3187 5027 immutata,
3221 4945 3413 5022 factum
3460 4981 3545 5025 cst

1961 5050 2104 5090 caro.
2138 5036 2360 5104 Quando
2387 5052 2563 5096 autem
2602 5056 2757 5101 natus
2783 5058 2898 5112 est,
2929 5051 3097 5107 Judzei
3124 5057 3339 5125 quidem
3382 5060 3548 5115 inusi-

1962 5135 2127 5180 tatum
2152 5140 2357 5197 partum
2389 5134 2684 5201 negabant,
2713 5137 2967 5196 Pharisaai
2998 5159 3124 5199 vero
3154 5163 3429 5216 perperam
3461 5166 3548 5206 sa-

1960 5231 2080 5271 cros
2107 5220 2267 5274 libros
2298 5222 2799 5294 interpretabantur,
2828 5241 2883 5285 et
2907 5234 3094 5288 scribae
3121 5251 3238 5304 qua:
3266 5240 3365 5308 legi
3391 5252 3544 5296 crant

1959 5311 2222 5365 contraria
2250 5313 2635 5383 loquebantur;
2666 5319 2901 5376 Herodes
2932 5339 3052 5377 eum
3082 5327 3173 5394 qui
3214 5337 3369 5383 natus
3396 5342 3508 5385 erat
3543 5372 3560 5398 ,

1959 5401 2265 5471 quaerebat,
2290 5420 2394 5459 non
2436 5415 2496 5460 ut
2519 5425 2640 5463 eum
2669 5409 2871 5467 honore
2912 5414 3176 5482 alliceret,
3202 5419 3295 5473 sed
3326 5432 3382 5475 ut
3424 5438 3545 5477 eum

1962 5492 2302 5548 interficeret.
2324 5495 2491 5553 Hodie
2510 5515 2737 5571 namque
2753 5507 3015 5558 contraria
3034 5517 3221 5561 cuncta
3238 5513 3553 5567 cernebant.

1963 5581 2083 5635 Non
2107 5586 2238 5637 enim
2265 5588 2514 5643 occultata
2555 5602 2709 5656 sunt,
2739 5603 2796 5646 ut
2820 5609 2939 5647 cum
2972 5596 3305 5655 Psalmorum
3334 5617 3552 5662 auctore

1961 5674 2169 5744 loquar,
2196 5693 2229 5729 a
2256 5678 2377 5745 ﬁliis
2405 5698 2578 5735 eorum
2607 5685 2660 5736 in
2699 5688 3066 5753 generationem
3110 5691 3323 5747 alteram
3363 5694 3546 5768 (Psal.

1965 5764 2051 5819 77.
2082 5767 2157 5837 4).
2183 5767 2452 5838 Siquidem
2483 5788 2632 5845 reges
2660 5786 2940 5846 venerunt,
2972 5788 3027 5834 et
3055 5781 3322 5840 c:elestem
3351 5764 3547 5858 Regem

3110 5876 3185 5937 ΞΕ
