4102 6322
544 330 648 394 587

540 455 895 522 suspexerunt
921 491 936 516 ,
963 447 1104 521 quod
1150 448 1439 505 in'terram
1484 450 1728 516 venerit,
1757 463 1861 504 non
1887 449 2124 521 ‘angelos

542 557 723 599 secum
766 541 997 610 habens,
1027 557 1130 595 non
1159 540 1508 612 archangelos
1531 581 1547 606 ,
1580 556 1684 595 nou
1725 540 1946 595 thronos
1972 581 1987 605 ,
2022 555 2127 595 non

542 634 955 697 dominationes,
991 633 1504 697 non'virtutes,'non
1534 641 1842 702 potestates,
1870 630 1963 686 sed
1992 646 2127 686 nova

540 736 595 781 et
634 726 853 779 minime
886 726 1003 779 trita
1049 724 1301 779 incedens
1328 725 1410 778 via
1454 741 1518 779 ex
1566 725 1765 779 illibato
1812 725 2130 794 processerit

542 829 693 872 utero
718 836 729 871 :
754 834 854 873 nec
880 830 1055 872 tamen
1086 828 1302 888 angelos
1330 835 1438 871 suae
1463 818 1859 888 gubernationis
1889 826 2128 873 exsortes

538 911 852 980 dereliquit,
879 925 1049 980 neque
1079 921 1294 979 propter
1322 910 1739 965 incarnationem
1770 924 1919 964 suam
1961 924 1990 963 a
2032 924 2127 964 sua

537 1001 740 1059 excidit
764 1003 960 1057 deitate
987 1020 999 1054 :
1028 1002 1122 1057 sed
1150 1018 1303 1073 reges
1329 1002 1543 1072 quidem
1572 1011 1863 1068 venerunt,
1888 1012 1945 1056 ut
1970 1002 2128 1057 caele-

536 1104 674 1149 stem
701 1094 899 1165 Regem
921 1095 1104 1165 gloriae
1123 1094 1428 1154 adorarent,
1451 1094 1645 1148 milites
1670 1101 1869 1161 autem,
1894 1102 1952 1149 ut
1975 1093 2129 1149 Prin-

537 1186 708 1255 cipem
737 1187 1003 1240 exercitus
1030 1186 1267 1240 colerent
1291 1203 1303 1238 ε
1330 1185 1582 1240 mulieres
1601 1227 1616 1248 ,
1638 1201 1760 1240 eum
1790 1187 1879 1255 qui
1910 1202 1977 1242 ex
2006 1202 2130 1243 mu-

534 1277 667 1336 liere
690 1286 850 1334 natus
873 1287 974 1341 est,
1021 1287 1078 1332 ut
1106 1278 1341 1332 mulieris
1375 1278 1589 1333 dolores
1616 1278 1669 1332 in
1699 1278 1935 1333 ltetitiam
1974 1292 2125 1334 com-

538 1378 739 1422 mutet:
762 1370 1011 1439 virgines,
1038 1369 1202 1423 ﬁlium
1226 1369 1476 1438 Virginis,
1500 1369 1823 1424 admirantes
1848 1370 1936 1438 qui
1960 1371 2051 1423 ﬁat
2071 1379 2128 1422 ut

533 1459 685 1513 lactis
712 1459 976 1525 conditor,
1000 1459 1087 1528 qui
1115 1458 1278 1514 efﬁcit
1302 1468 1358 1513 ut
1385 1460 1605 1513 uberum
1632 1460 1804 1514 fontes
1832 1468 2124 1528 spontanea

533 1551 729 1605 ﬂuenta
750 1549 1070 1616 .diﬁ'undaut,
1098 1565 1128 1604 a
1151 1549 1365 1620 Virgine
1394 1560 1564 1605 matre
1595 1551 1799 1620 pueruli
1816 1551 2124 1618 alimentum

533 1643 793 1712 accipiat:
819 1642 1075 1705 infantes,
1100 1657 1221 1696 eum
1247 1642 1332 1712 qui
1358 1640 1529 1696 factus
1552 1653 1632 1696 est
1653 1642 1843 1708 iulans,
1864 1650 1921 1696 ut
1940 1656 2007 1697 ex
2032 1656 2126 1697 ore

533 1736 811 1790 infantium
834 1744 890 1790 et
920 1736 1222 1790 lactentiqu
1248 1735 1455 1789 laudem
1489 1735 1765 1804 perliceret
1790 1735 2000 1808 (Matth.
2031 1735 2122 1789 21.

533 1827 633 1887 16.;
661 1826 808 1881 Ρεαι,
853 1827 906 1882 8.
952 1828 1008 1896 5)
1048 1844 1061 1879 :
1092 1826 1250 1896 .pueri
1279 1868 1294 1893 ,
1316 1842 1545 1897 prterunt
1571 1869 1585 1890 .
1615 1827 1702 1896 qui
1748 1834 2011 1898 martyres
2055 1826 2124 1880 ob

532 1918 759 1972 llcrodis
800 1918 1059 1972 insaniam
1101 1917 1276 1972 effecit
1299 1934 1311 1970 :
1338 1916 1434 1971 viri
1460 1960 1474 1983 ,
1503 1933 1624 1972 cum
1651 1918 1739 1987 qui
1770 1916 1930 1972 homo
1955 1916 2124 1972 factus

528 2020 644 2075 est,
677 2019 733 2064 dt
756 2026 1032 2065 servorum
1069 2010 1220 2065 malis
1248 2010 1586 2066 mederetur:
1612 2020 1850 2080 pastores
1873 2053 1887 2076 ,
1921 2010 2119 2065 bonum

531 2114 831 2174 pastorem,
860 2103 950 2174 qui
981 2104 1211 2156 animam
1242 2118 1340 2173 pro
1365 2102 1553 2156 ovibus
1592 2103 1701 2156 suis
1734 2103 1921 2172 ponit:
1945 2117 2123 2157 sacer-

527 2195 846 2257 dotes,.eum
874 2195 961 2264 qui
994 2194 1159 2249 factus
1189 2204 1272 2248 est
1294 2194 1534 2248 Pontifex
1561 2194 1851 2249 secundum
1877 2194 2120 2249 ordinem

527 2286 878 2341 Mclchisedec
907 2284 1090 2357 (Hebr.
1124 2287 1178 2339 7.
1209 2285 1309 2350 i7;
1342 2284 1484 2339 Psal.
1516 2285 1638 2339 109.
1670 2286 1728 2353 4)
1754 2303 1767 2340 :
1793 2286 1971 2351 servi,
1996 2300 2119 2341 eum

527 2378 616 2447 qni
645 2379 781 2432 servi
814 2375 1040 2430 formam
1070 2376 1308 2445 accepit,
1333 2385 1392 2429 ut
1422 2386 1656 2430 nostram
1683 2377 1992 2431 servitutem
2020 2377 2119 2432 ho-

527 2483 659 2524 nore
700 2469 958 2524 libertatis
998 2476 1225 2522 ornaret
1276 2465 1530 2538 (Philipp.
1569 2466 1625 2520 2.
1668 2464 1772 2539 7);
1804 2468 2114 2538 piscatores,

525 2564 761 2633 eumqui
792 2578 859 2618 ex
892 2562 1244 2632 piscatoribus
1290 2562 1560 2617 hominum
1614 2562 1777 2618 efﬁcit
1801 2574 2115 2621 venatores:

528 2656 795 2726 publicani
821 2697 835 2721 ,
855 2671 987 2710 cum
1016 2656 1103 2725 qui
1134 2670 1199 2710 ex
1228 2654 1535 2724 publicanis
1567 2656 1825 2710 selectum
1854 2658 2121 2728 evangeli-

524 2756 661 2801 stam
692 2748 933 2817 designat
962 2745 1175 2816 (Mattlt.
1204 2746 1256 2802 9.
1287 2746 1364 2817 9);
1398 2748 1729 2813 meretrices,
1761 2764 1883 2804 eum
1914 2750 2003 2820 qui
2034 2750 2116 2804 la-

524 2840 722 2910 crymis
747 2838 1063 2892 meretriciis
1089 2837 1253 2908 pedes
1281 2852 1407 2892 suos
1429 2839 1683 2908 exponit;
1706 2846 1865 2910 atque
1895 2851 1949 2895 ut
1969 2857 2116 2897 com-

521 2931 724 2999 plectar
753 2928 921 2995 brevi,
942 2938 1248 3000 peccatores
1268 2943 1455 2983 omnes
1474 2929 1822 2997 advenerunt,
1845 2940 1903 2987 ut
1921 2948 2113 3003 agnum

523 3025 619 3078 Dei
648 3032 961 3086 cernerent,
995 3022 1083 3092 qui
1115 3021 1249 3075 tollit
1279 3030 1490 3092 peccata
1518 3022 1736 3088 mundi,
1764 3022 1838 3094 (a)
1865 3022 2026 3096 [magi
2056 3037 2116 3080 ut

516 3132 644 3171 eum
672 3115 920 3170 satellitio
946 3130 1043 3169 suo
1068 3114 1317 3184 cingant,
1351 3123 1611 3183 pastores,
1649 3124 1706 3169 ut
1732 3132 1851 3171 eum
1882 3118 2107 3173 benedi-

521 3217 664 3270 cant,
697 3207 983 3277 publicani,
1007 3216 1060 3262 ut
1076 3207 1424 3279 Evangelium
1441 3206 1749 3275 praedicent.
1775 3210 2106 3274 Inerell‘ices.

520 3311 580 3354 ut
624 3307 885 3369 unguenta
931 3298 1214 3363 deferant,
1240 3296 1571 3351 Samaritana
1597 3337 1611 3362 ,
1646 3309 1704 3352 ut
1751 3297 1951 3354 fontem
1990 3299 2112 3354 vitae

520 3394 696 3459 sitiat,
728 3392 1028 3447 Chananaza
1054 3432 1069 3456 ,
1103 3398 1162 3444 ut
1200 3389 1547 3445 indubitatam
1601 3390 1755 3444 Iidem
1800 3391 2108 3464 exhibeat].

521 3484 655 3548 Cum
686 3486 843 3556 igitur
868 3500 1054 3539 omnes
1072 3484 1347 3539 exsultent
1370 3524 1386 3550 ,
1409 3480 1538 3537 mihi
1568 3497 1777 3553 quoque
1802 3483 1975 3553 placet
2012 3499 2112 3539 ex-

520 3577 756 3644 sultare,
784 3578 1012 3631 choreas
1051 3590 1209 3646 agcre
1257 3574 1379 3629 volo
1403 3614 1418 3640 ,
1446 3573 1748 3643 festumque
1793 3575 2064 3631 celebrare
2093 3595 2106 3632 :

519 3685 681 3740 porro
708 3668 933 3725 choreas
951 3683 1071 3738 ago,
1088 3682 1191 3721 non
1213 3666 1469 3721 citharam
1486 3665 1719 3735 pulsans,
1737 3682 1841 3720 non
1866 3666 2107 3738 thyrsum

519 3762 787 3830 quatiens,
816 3778 920 3815 non
952 3761 1107 3815 tibias
1132 3758 1344 3825 iuﬁans,
1374 3774 1480 3812 non
1506 3758 1648 3813 faces
1668 3759 1985 3825 accendens,
2015 3760 2108 3816 sed

524 3857 850 3909 musicorum
906 3856 1378 3909 instrumentorum
1430 3852 1548 3905 loco
1597 3850 1797 3905 Christi
1849 3867 2107 3907 cunarum

523 3948 716 4003 fascias
739 3956 975 4018 gestans.
1001 3946 1094 4001 Ha:
1121 3960 1348 4015 namque
1378 3943 1510 3998 mihi
1536 3954 1662 3998 sunt
1685 3958 1839 4014 spes,
1868 3944 1951 3998 hae
1980 3946 2107 4001 mibi

523 4042 650 4104 vita,
683 4039 764 4093 hae
793 4040 923 4094 mihi
949 4040 1113 4105 salus,
1143 4039 1227 4093 hi8
1251 4037 1381 4092 mihi
1411 4036 1572 4105 tibias,
1604 4039 1684 4091 ba:
1709 4038 1836 4092 mihi
1866 4038 2065 4093 cithara
2092 4058 2104 4094 :

523 4141 806 4204 propterea
837 4139 891 4185 et
920 4131 1061 4199 ipsas
1086 4140 1301 4201 gestans
1324 4129 1549 4183 advenio
1568 4169 1584 4195 ,
1609 4137 1665 4183 ut
1700 4144 1881 4185 earum
1913 4133 2109 4188 virtute

520 4216 827 4280 facultatem
852 4225 1113 4280 sermonis
1138 4222 1358 4294 adeptus
1382 4236 1503 4277 cum
1534 4222 1735 4293 angelis
1758 4223 1953 4291 dicam,
1987 4223 2109 4279 Glo-

522 4318 601 4369 ria
624 4317 678 4369 in
706 4316 963 4369 altissimis
990 4313 1117 4379 Deo;
1146 4330 1266 4368 cum
1299 4314 1616 4384 pastoribus,
1649 4313 1715 4367 Et
1741 4315 1793 4367 in
1820 4324 1953 4369 terra
1982 4334 2106 4387 pax,

522 4409 576 4462 in
611 4406 894 4461 hominibus
923 4406 1288 4477 beneplacitum
1327 4405 1477 4476 (Luc.
1501 4404 1557 4458 2.
1590 4403 1696 4478 14).
1732 4406 1900 4463 Hodie
1926 4410 2015 4479 qui
2041 4426 2104 4464 ex

519 4494 681 4553 Patre
707 4496 1043 4552 ineﬁ'abiliter
1066 4497 1273 4568 genitus
1304 4505 1406 4564 est,
1434 4511 1499 4552 ex
1532 4496 1749 4568 Virgine
1772 4507 1990 4569 propter
2023 4516 2109 4555 me

522 4587 884 4659 inexplicabili
913 4587 1071 4642 modo
1100 4589 1357 4643 nascitur.
1391 4586 1497 4643 Sed
1524 4596 1635 4643 tum
1658 4589 1873 4659 quidem
1911 4605 2106 4645 secun~

518 4685 648 4755 dum
676 4690 916 4735 naturam
943 4690 1065 4736 ante
1094 4682 1284 4735 srecula
1315 4681 1523 4750 genitus
1551 4690 1634 4735 est
1657 4697 1724 4736 ex
1756 4682 1927 4742 Patre.
1955 4694 2110 4752 prout

518 4774 670 4829 novit
711 4773 800 4828 ille
825 4815 838 4837 ,
868 4774 955 4842 qui
986 4773 1165 4842 genuit
1190 4791 1202 4827 :
1230 4773 1386 4827 hodie
1428 4788 1556 4829 vero
1582 4789 1765 4830 rursus
1803 4789 1868 4827 ex
1894 4774 2109 4845 Virgine

520 4876 719 4935 praeter
744 4876 983 4921 naturam
1009 4875 1165 4919 natus
1192 4873 1306 4933 est,
1338 4875 1494 4935 prout
1515 4866 1743 4936 Spiritus
1767 4870 1932 4921 sancti
1965 4871 2109 4923 novit

520 4960 709 5032 gratia.
739 4958 805 5014 Et
828 4973 1054 5027 superna
1077 4957 1191 5027 ejus
1220 4960 1491 5029 generatio
1519 4975 1642 5013 vera
1671 4968 1772 5026 est,
1810 4969 1864 5014 et
1893 4960 2109 5016 inferior

521 5053 638 5123 ejus
675 5051 946 5121 generatio
984 5048 1202 5104 minime
1248 5048 1375 5103 falsa
1405 5059 1495 5104 :et
1536 5065 1660 5104 vere
1711 5050 1847 5105 Deus
1885 5066 1950 5105 ex
2001 5053 2109 5107 Deo

523 5144 733 5213 genitus
756 5152 837 5197 est
861 5183 875 5207 ,
908 5151 963 5196 et
989 5155 1113 5195 vere
1141 5140 1298 5194 homo
1326 5140 1465 5194 idem
1490 5157 1555 5195 ex
1582 5141 1796 5211 Virgine
1821 5151 1975 5201 natus
2004 5153 2105 5198 est.

522 5234 742 5290 Sursum
784 5235 927 5288 solus
955 5248 1017 5287 ex
1047 5232 1163 5286 solo
1202 5230 1516 5301 Unigeuitus
1539 5273 1553 5292 ,
1582 5231 1832 5286 deorsum
1873 5234 2018 5287 solus
2044 5251 2107 5289 ex

525 5328 639 5381 Sola
669 5326 881 5395 Virgine
920 5324 1061 5378 idem
1086 5321 1421 5391 Uuigenitus.
1447 5321 1593 5376 Sicut
1619 5323 1759 5377 enim
1792 5322 1845 5377 in
1881 5340 2108 5394 superna

528 5418 871 5487 generatione
900 5426 1122 5471 matrem
1153 5413 1445 5484 intelligere
1472 5414 1687 5483 impium
1714 5426 1794 5469 est
1822 5434 1833 5469 :
1858 5416 2007 5471 sicin
2032 5418 2111 5472 in-

534 5510 711 5565 feriori
758 5510 1100 5579 generatione
1146 5518 1346 5574 patrem
1392 5506 1699 5562 existimare
1741 5508 2109 5579 blasphemum

532 5610 637 5655 est.
670 5600 825 5655 Pater
854 5600 1053 5670 absque
1091 5596 1306 5653 deﬂuxu
1326 5596 1547 5666 genuit,
1577 5606 1630 5651 et
1659 5597 1816 5667 Virgo
1854 5599 1969 5653 sine
1993 5616 2111 5655 cor-

537 5692 780 5760 ruptione
807 5693 1044 5760 peperit:
1071 5705 1189 5743 nam
1223 5703 1392 5758 neque
1426 5687 1699 5746 deﬁuxum
1728 5689 1977 5746 sustinuit
2014 5690 2113 5746 Pa-

602 5825 675 5889 (α)
707 5834 817 5883 Quze
843 5824 1027 5876 uncinis
1051 5821 1358 5884 clauduntur,
1387 5822 1564 5875 desunt
1588 5825 1635 5874 in
1657 5830 1773 5888 Reg.

1240 288 1331 391 VS.
1370 333 1647 392 JOANNIS
1684 331 2150 389 CHR'YSOSTOMI
2191 328 2504 391 ARCiHEP.
2546 336 3078 399 CONSTANTINOP.

3720 348 3820 407 333

2242 461 2342 519 ter;
2360 455 2553 525 quippe
2579 458 2691 527 qui,
2718 467 2873 528 prout
2899 460 3249 519 conveniebat
3265 462 3396 531 Deo,
3413 465 3593 535 genuit
3613 486 3625 522 :
3650 481 3822 539 neque

2238 543 2400 614 Virgo
2428 549 2823 618 corruptionem
2862 553 3111 608 sustinuit
3158 554 3448 625 pariendo;
3479 559 3675 628 quippe
3704 577 3821 629 qua:

2237 636 2580 706 spiritualiter
2598 644 2820 710 peperit.
2843 642 2994 699 Unde
3010 660 3183 714 neque
3194 661 3421 717 superna
3444 650 3559 715 ejus
3577 651 3820 705 nativitas

2236 730 2488 799 explicari
2523 744 2714 802 potest,
2744 751 2915 805 neque
2939 752 3250 808 progressus
3279 740 3393 809 ejus
3422 741 3475 796 in
3522 745 3819 804 novissimis

2239 824 2565 891 temporibus
2594 827 2803 881 curiose
2833 831 3178 900 pervestigari
3216 848 3276 887 se
3302 834 3449 887 sinit.
3473 833 3605 889 Nam
3648 835 3818 907 Virgi-

2236 928 2360 969 nem
2406 915 2619 985 quidem
2667 917 2826 974 hodie
2872 922 3147 990 peperisse
3193 924 3345 989 scio,
3389 933 3443 979 et
3496 926 3664 981 Deum
3705 927 3818 983 sine

2238 1012 2477 1076 tempore
2502 1008 2752 1078 genuisse
2786 1010 2947 1067 credo
2972 1032 2985 1066 :
3012 1013 3226 1066 modum
3253 1024 3430 1068 autem
3458 1017 3815 1085 generationis

2234 1096 2449 1152 silentio
2488 1098 2648 1154 didici
2692 1103 2976 1169 venerari,
3002 1118 3107 1157 non
3135 1106 3377 1161 oratione
3417 1108 3627 1162 curiose
3672 1109 3813 1163 illam

2234 1188 2603 1259 inquirendam
2632 1194 2834 1262 accepi.
2865 1192 3137 1265 Siquidem
3168 1197 3218 1250 in
3252 1198 3359 1253 Deo
3389 1216 3492 1252 non
3522 1215 3698 1255 rerum
3725 1217 3814 1255 na-

2235 1289 2351 1334 tura
2394 1290 2476 1335 est
2510 1282 2830 1337 attendenda
2856 1326 2870 1350 ,
2895 1286 2987 1339 sed
3032 1287 3181 1356 ejus,
3208 1289 3295 1357 qui
3322 1299 3608 1359 cperatur,
3640 1293 3810 1346 virtuti

2234 1372 2364 1427 fides
2407 1373 2667 1429 habenda.
2714 1375 2821 1430 Lex
2861 1378 3003 1431 enim
3054 1389 3137 1433 est
3177 1391 3415 1444 naturte,
3462 1398 3581 1436 cum
3630 1386 3813 1439 mulier

2233 1467 2570 1521 matrimonio
2586 1468 2763 1535 juncta
2793 1470 2930 1539 parit
2952 1489 2967 1525 :
2989 1485 3109 1525 cum
3136 1487 3262 1526 vero
3282 1473 3452 1528 virum
3475 1490 3578 1529 non
3601 1486 3811 1546 experL-t

2230 1557 2380 1625 virgo
2419 1568 2693 1628 postquam
2742 1560 2981 1627 peperit,
3012 1562 3163 1632 virgo
3194 1578 3379 1617 rursus
3420 1575 3671 1634 apparet,
3704 1574 3811 1621 tum

2230 1662 2317 1701 res
2346 1660 2584 1702 naturam
2622 1652 2849 1705 excedit.
2882 1651 3033 1719 Quod
3062 1654 3219 1723 igitur
3244 1656 3536 1711 secundum
3568 1668 3809 1713 naturam

2231 1737 2321 1803 ﬁt,
2353 1739 2648 1808 inquiratur
2672 1760 2683 1795 :
2708 1741 2848 1812 quod
2890 1758 3015 1797 vero
3059 1754 3299 1799 naturam
3327 1759 3574 1816 superat,
3604 1749 3812 1805 silentio

2229 1828 2471 1884 colatur:
2496 1846 2600 1884 non
2633 1840 2899 1902 tamquam
2928 1833 3250 1904 fugiendum,
3284 1836 3376 1891 sed
3418 1844 3682 1908 tamquam
3726 1840 3810 1894 in-

2229 1920 2550 1985 enarrabile,
2575 1921 2897 1991 dignumque
2925 1923 3064 1993 quod
3097 1924 3306 1980 silentio
3337 1941 3673 1982 veneremur.
3704 1926 3807 1983 Sed

2228 2011 2351 2066 date
2378 2013 2525 2075 mihi,
2557 2029 2759 2082 qutBso,
2793 2014 2927 2069 hanc
2953 2017 3160 2069 veniam
3188 2058 3203 2082 ,
3236 2025 3293 2070 ut
3328 2018 3379 2071 in
3409 2020 3629 2073 exordio
3655 2020 3809 2076 ﬁnem

2227 2101 2414 2156 faciam
2445 2103 2673 2158 dicendi.
2701 2104 2832 2160 Cum
2871 2106 3013 2160 enim
3043 2122 3221 2161 rerum
3269 2108 3634 2164 sublimiorum
3667 2112 3812 2167 inve-

2224 2195 2559 2264 Stigationem
2578 2198 2835 2267 attingere
2853 2197 3211 2265 reformidem,
3231 2216 3336 2269 quo
3354 2214 3522 2271 pacto,
3542 2213 3636 2258 aut
3651 2220 3810 2274 quam

2224 2286 2277 2341 in
2304 2297 2507 2357 partem
2534 2291 2790 2344 orationis
2813 2290 3019 2345 clavum
3047 2291 3255 2346 ﬁectam
3282 2293 3481 2347 nescio.
3509 2294 3643 2361 Quid
3669 2300 3809 2350 enim

2224 2376 2420 2446 dicam,
2453 2390 2544 2434 aut
2571 2381 2695 2451 quid
2724 2383 2951 2452 loquar?
2980 2382 3199 2438 Matrem
3226 2385 3399 2451 video,
3429 2402 3548 2455 quae
3587 2390 3807 2457 peperit;

2224 2469 2386 2524 ﬁlium
2411 2482 2561 2541 partu
2589 2472 2787 2527 editum
2809 2488 2971 2528 cerno
2990 2495 3004 2530 :
3021 2476 3235 2528 modum
3263 2485 3438 2530 autem
3455 2480 3812 2547 generationis

2223 2575 2328 2615 non
2361 2563 2630 2633 conspicio
2654 2581 2666 2617 :
2690 2564 2917 2618 vincitur
2939 2565 3079 2619 enim
3112 2575 3295 2619 natura
3320 2607 3335 2630 ,
3360 2567 3587 2622 vincitur
3609 2568 3811 2625 ordinis

2222 2652 2409 2721 limes,
2437 2656 2647 2725 quando
2676 2656 2788 2710 vult
2820 2656 2979 2710 Deus.
3007 2655 3123 2710 Non
3152 2658 3294 2711 enim
3322 2659 3610 2712 secundum
3650 2671 3809 2713 natu-

2222 2761 2335 2801 ram
2356 2763 2442 2801 res
2461 2748 2671 2806 accidit.
2690 2748 2783 2803 sed
2812 2765 2969 2818 supra
2995 2759 3235 2803 naturam
3263 2751 3571 2805 miraculum
3594 2754 3769 2807 evenit
3792 2772 3806 2809 :

2220 2839 2423 2908 quievit
2464 2840 2603 2895 enim
2654 2855 2839 2895 natura
2864 2883 2879 2906 ,
2920 2842 3013 2896 sed
3059 2842 3263 2898 Domini
3304 2844 3545 2898 voluntas
3590 2855 3807 2913 Operata

2220 2938 2321 2984 est.
2352 2932 2395 2986 ω
2425 2930 2741 2985 incﬁ'ahilem
2778 2933 3001 3003 gratiam
3027 2935 3039 2987 ε
3076 2932 3389 3003 Unigenitus
3413 2976 3428 3001 ,
3456 2936 3543 3004 qui
3579 2945 3663 2991 est
3686 2950 3817 2993 ante

2222 3023 2415 3077 saecula
2442 3062 2456 3087 ,
2488 3024 2577 3093 qui
2608 3024 2747 3093 tangi
2778 3039 2881 3078 non
2914 3034 3119 3093 potest,
3146 3026 3234 3094 qui
3265 3026 3493 3096 simplex
3533 3038 3616 3083 est
3644 3039 3697 3084 et
3727 3030 3807 3088 in-

2217 3128 2526 3182 corporeus,
2554 3128 2747 3182 corpus
2771 3130 2946 3168 meum
2975 3115 3134 3169 subiit
3152 3120 3479 3184 corruptioni
3510 3119 3804 3175 obnoxium

2217 3218 2272 3261 ct
2298 3206 2620 3277 aspectabile
2648 3207 2685 3257 ι.
2719 3206 2888 3272 Quam
2918 3206 2986 3260 ob
3006 3208 3256 3260 causam?
3281 3206 3350 3261 Ut
3375 3219 3691 3278 conspectus
3710 3212 3808 3265 do-

2215 3308 2350 3362 ceat,
2377 3299 2577 3352 docens
2601 3308 2796 3359 autem.
2817 3298 2881 3351 ad
2905 3312 2965 3352 ea
2991 3314 3109 3367 quae
3135 3315 3239 3352 non
3267 3300 3464 3355 cadunt
3480 3304 3579 3356 sub
3598 3304 3801 3369 oculos,

2216 3404 2376 3442 manu
2419 3388 2598 3442 ducat.
2622 3386 2754 3441 Nam
2786 3388 3035 3457 quoniam
3067 3390 3251 3442 oculos
3284 3390 3500 3445 auribus
3540 3392 3806 3449 ﬁdeliores

2215 3494 2334 3534 esse
2359 3480 2667 3533 existimant
2695 3479 2940 3533 homines
2960 3520 2975 3544 ,
3006 3480 3073 3533 de
3098 3496 3163 3533 eo
3193 3496 3321 3535 vero
3345 3481 3592 3537 dubitant
3615 3525 3629 3549 ,
3663 3486 3801 3554 quod

2217 3589 2319 3625 non
2364 3572 2577 3635 vident,
2628 3583 2907 3641 propterea
2956 3572 3201 3641 dignatus
3245 3581 3330 3627 est
3373 3582 3427 3627 et
3467 3590 3560 3642 per
3609 3590 3804 3648 corpus

2213 3664 2383 3718 oculis
2410 3674 2752 3734 conspectum
2781 3663 2860 3717 sui
2894 3664 3132 3733 prazberc
3152 3706 3167 3731 ,
3201 3676 3253 3718 ut
3283 3665 3667 3723 dubitationem
3700 3672 3806 3725 tol-

2213 3756 2365 3811 leret.
2398 3757 2463 3810 Et
2509 3757 2747 3811 nascitur
2783 3772 2850 3810 ex
2893 3756 3138 3826 Virgine,
3165 3773 3284 3826 qua:
3325 3774 3436 3813 rem
3482 3762 3801 3831 ignorabat:

2213 3864 2337 3902 nam
2372 3863 2542 3918 neque
2578 3858 2862 3918 cooperata
2907 3858 2990 3903 est
3024 3849 3089 3902 ad
3130 3866 3242 3904 rem
3273 3852 3559 3920 gerendam
3580 3894 3596 3918 ,
3628 3870 3805 3922 neque

2211 3941 2434 3996 contulit
2458 3942 2724 4011 quippiam
2757 3942 2821 3995 ad
2850 3941 2902 3995 id
2932 3942 3073 4011 quod
3120 3943 3316 3997 ﬁebat:
3346 3945 3438 3998 sed
3475 3947 3673 4001 nudum
3704 3947 3806 4003 fuit

2212 4045 2421 4085 arcana:
2442 4033 2650 4086 virtutis
2670 4032 2784 4101 ejus
2814 4034 3247 4099 instrumentum;
3274 4045 3473 4089 tantum
3505 4037 3554 4091 id
3579 4051 3805 4094 noverat

2210 4121 2351 4192 quod
2381 4138 2447 4176 ex
2476 4121 2718 4177 Gabriele
2761 4124 3021 4178 sciscitata
3051 4123 3306 4179 didicerat
3338 4143 3349 4177 :
3383 4126 3643 4191 Quomodo
3677 4131 3805 4184 mihi

2212 4215 2296 4283 ﬁet
2325 4213 2481 4277 istud,
2513 4215 2631 4284 quia
2659 4215 2820 4267 virum
2843 4231 2946 4268 non
2977 4231 3222 4285 cognosco
3252 4214 3402 4283 (Luc.
3430 4219 3480 4271 i.
3508 4218 3603 4287 54)
3620 4219 3643 4270 ?
3662 4219 3803 4274 Tum

2212 4306 2385 4376 inquit
2413 4306 2500 4361 ille
2525 4323 2538 4359 :
2567 4306 2655 4361 Vis
2695 4305 2798 4361 hoc
2831 4307 3011 4360 scire?
3054 4308 3277 4377 Spiritus
3318 4320 3523 4362 sanctus
3561 4326 3803 4380 superae-

2212 4400 2312 4451 niet
2339 4399 2391 4452 in
2418 4409 2466 4452 te
2487 4440 2501 4462 ,
2530 4409 2576 4453 et
2616 4400 2771 4453 virtus
2812 4398 3056 4454 Altissinti
3090 4400 3399 4454 obumbrabit
3439 4402 3526 4454 tibi
3552 4400 3714 4472 (Ibid.
3744 4420 3798 4458 υ.

2213 4492 2327 4561 55).
2366 4491 2433 4545 Ει
2475 4492 2744 4561 quomodo
2790 4506 2910 4546 cum
2945 4493 3055 4561 ipsa
3102 4500 3249 4557 erat,
3278 4502 3333 4547 et
3374 4495 3532 4562 paulo
3575 4504 3695 4564 post
3729 4512 3803 4551 ex

2214 4583 2366 4652 ipsa?
2392 4583 2849 4652 Quemadmodum
2876 4583 3067 4639 artifex
3090 4625 3105 4651 ,
3130 4585 3341 4639 inventa
3374 4588 3596 4641 materia
3625 4587 3807 4641 utilis-

2214 4677 2382 4741 sima,
2426 4690 2519 4729 vas
2563 4675 2977 4743 pulcherrimum
3027 4675 3353 4730 fabricatur:
3390 4676 3458 4730 ita
3508 4678 3755 4733 Christus
3800 4731 3815 4749 ,

2214 4766 2430 4820 invento
2454 4767 2674 4836 virginis
2716 4774 2901 4821 sancto
2944 4782 3168 4836 corpore
3213 4777 3267 4822 et
3294 4767 3470 4822 anima
3495 4810 3510 4832 ,
3541 4770 3801 4838 templum

2213 4858 2314 4912 sibi
2355 4859 2650 4913 construxit
2686 4860 3014 4924 animatum,
3037 4869 3096 4914 et
3136 4859 3408 4914 hominem
3446 4877 3551 4931 qua
3590 4864 3811 4922 ratione

2213 4950 2376 5003 voluit
2395 4992 2410 5016 ,
2437 4949 2735 5005 eﬁ'ormavit
2774 4967 2841 5006 ex
2868 4952 3072 5021 virgine
3093 4993 3110 5017 ,
3140 4967 3367 5022 eumque
3394 4953 3609 5007 indutus
3636 4953 3765 5007 hodi
3795 4985 3803 4993 ε

2214 5045 2493 5114 processit,
2522 5059 2696 5112 neque
2722 5053 2925 5098 natura:
2944 5043 3335 5098 deformitatem
3362 5045 3591 5099 erubuit.
3614 5046 3806 5114 Neque

2214 5138 2355 5190 enim
2386 5136 2699 5205 probrosum
2724 5136 2798 5189 illi
2826 5133 2943 5195 fuit.
2970 5145 3025 5188 ut
3043 5150 3195 5188 suum
3223 5150 3359 5203 Opus
3385 5135 3501 5204 ipse
3525 5144 3759 5205 gestaret
3792 5152 3807 5188 :

2213 5230 2385 5300 ipsum
2414 5244 2624 5299 quoque
2650 5228 2918 5297 Opiﬁcium
2951 5230 3176 5281 maxima
3199 5230 3363 5298 gloria
3389 5228 3763 5283 cumulabatur
3791 5268 3809 5292 ,

2213 5322 2355 5392 quod
2380 5322 2583 5391 opiﬁcis
2604 5322 2684 5375 sui
2716 5320 2866 5374 ﬁeret
2888 5321 3270 5375 indumentum.
3298 5320 3428 5373 Nam
3451 5320 3815 5390 quemadmo-

2215 5415 2338 5468 dum
2377 5415 2430 5468 in
2458 5414 2624 5482 prima
2668 5412 2987 5467 formatione
3014 5413 3127 5467 ﬁeri
3151 5429 3255 5467 non
3281 5423 3491 5483 poterat
3517 5455 3530 5475 ,
3558 5424 3610 5466 ut
3635 5411 3813 5475 homo

2210 5508 2647 5572 constitueretur,
2666 5515 2946 5576 antequam
2966 5506 3133 5560 lutum
3153 5507 3201 5559 in
3223 5507 3336 5575 ejus
3354 5522 3539 5559 manus
3557 5506 3807 5560 veniret:

2216 5599 2286 5651 ita
2317 5598 2428 5652 ﬁeri
2461 5598 2644 5667 nequit
2668 5607 2727 5652 ut
2754 5613 2847 5652 vas
2876 5598 3218 5667 corruptibile
3252 5608 3666 5665 transmutetur,
3696 5598 3812 5653 nisi

2216 5687 2308 5742 ﬁat
2334 5687 2549 5757 Opiﬁcis
2580 5688 2967 5743 indumentum.

2282 5825 2300 5853 ί
2335 5829 2470 5883 tteg.,
2496 5818 2803 5881 corruptibile
2825 5828 2868 5870 et
2890 5820 3107 5873 mortale.
