4058 6344
306 311 409 370 387

307 425 549 497 θρόνους,
582 424 644 481 οὐ
691 429 1034 501 κυριότητας,
1055 434 1118 488 οὐ
1166 434 1439 506 δυνάμεις,
1471 437 1570 491 οὐκ
1610 437 1875 503 ἐξουσίας,

306 513 437 570 ἀλλά
462 514 621 585 ξένην
657 516 754 569 καί
782 518 978 589 ἀτριϐῆ
1013 519 1233 589 βαδίσας
1264 523 1398 587 ὁδὸν,
1431 523 1490 590 ἐξ
1527 526 1878 596 ἀγεωργήτου

307 600 539 671 προῆλθε
565 602 819 673 γαστρὸς,
861 602 982 656 οὔτε
1009 606 1133 668 τοὺς
1157 606 1422 674 ἀγγέλους
1446 607 1608 660 αὑτοῦ
1643 609 1881 679 ὲρήμους

306 683 403 753 τῆς
422 685 740 749 ἐπιστασίας
766 686 929 740 αὐτοῦ
956 688 1287 752 καταλιπὼν,
1319 689 1440 743 οὔτε
1469 694 1537 761 τῇ
1578 691 1713 761 πρὸς
1734 693 1881 761 ἡμᾶς

308 770 713 841 ἐνανθρωπήσει
767 770 865 840 τῆς
917 770 1122 834 οἰκείας
1181 772 1433 841 θεότητος
1476 774 1701 836 ἐκστάς·
1745 775 1882 829 ἀλλά

309 855 543 926 βασιλεῖς
569 855 665 924 μὲν
693 854 783 906 τὸν
803 855 1120 924 ἐπουράνιον
1154 855 1375 924 βασιλέα
1411 859 1507 928 τῆς
1545 856 1699 927 δόξης
1719 853 1883 927 ἦλθον

308 939 793 1011 ⁶προσκυνήσοντες,
840 936 1163 1008 στρατιῶται
1211 939 1267 991 δὲ
1321 940 1412 993 τὸν
1446 939 1881 1011 ἀρχιστράτηγον

306 1025 402 1094 τῆς
433 1021 712 1091 δυνάμεως
765 1020 1220 1091 θεραπεύσοντες·
1276 1022 1332 1075 αί
1381 1027 1632 1091 γυναῖκες
1674 1022 1765 1075 τὸν
1817 1025 1882 1076 ἐκ

308 1104 561 1175 γυναικὸς
599 1101 886 1173 τεχθέντα,
920 1104 1009 1158 ἵνα
1048 1104 1148 1167 τὰς
1175 1104 1350 1167 λύπας
1385 1105 1484 1174 τῆς
1521 1105 1776 1173 γυναικὸς
1802 1106 1883 1168 είς

308 1191 479 1261 χαράν
510 1188 851 1262 μεταϐάλλῃ·
878 1190 933 1241 αἱ
959 1188 1216 1260 παρθένοι
1242 1190 1303 1242 τὸ
1331 1188 1431 1259 τῆς
1464 1190 1732 1260 παρθένου
1755 1207 1882 1243 παι-

307 1272 438 1331 διον,
472 1273 553 1326 ὃτι
582 1271 697 1334 πῶς
714 1273 744 1325 ό
770 1272 1038 1339 γάλακτος
1064 1273 1155 1325 καί⁸
1198 1272 1384 1342 μαζῶν
1411 1272 1738 1343 δημιουργὸς
1783 1272 1882 1335 τὰς

309 1356 492 1426 πηγὰς
522 1355 707 1427 μαζῶν
734 1356 1014 1426 αὐτόματα
1036 1356 1224 1427 ῥεῖθρα
1246 1356 1505 1427 φέρεσθαι
1528 1356 1713 1418 ποιῶν,
1733 1357 1882 1426 παρὰ

312 1440 516 1511 μητρὸς
548 1439 817 1511 παρθένου
845 1439 1099 1491 παιδίουει
1128 1438 1328 1509 τροφὴν
1385 1438 1572 1491 ἔλαϐε·
1606 1439 1675 1491 τὰ
1715 1441 1881 1511 νήπια

306 1523 399 1575 τὸν
424 1523 612 1591 νήπιον
642 1522 962 1592 γενόμενον,
1009 1521 1094 1574 ’ίνα
1131 1523 1195 1574 ἐκ
1239 1521 1502 1591 στόματος
1540 1521 1747 1591 νηπίων
1790 1522 1882 1574 καὶ

312 1604 649 1678 θηλαζόντων
698 1605 998 1679 καταρτίσῃ
1053 1600 1233 1659 αἶνον·
1275 1606 1322 1657 οἱ
1373 1604 1560 1667 παῖδες
1585 1604 1676 1657 τὸν
1718 1606 1882 1658 παῖδα

310 1692 591 1761 μάρτυρας
622 1688 708 1742 διὰ
733 1688 831 1759 τὴν
864 1688 1099 1760 Ἡρώδου
1133 1686 1327 1758 μανίαν
1360 1687 1755 1757 είργασάμενον
1778 1704 1792 1717 ·
1831 1687 1881 1741 oi

306 1773 499 1844 ἄνδρες
522 1773 613 1825 τὸν
644 1772 1132 1843 ἐνανθρωπήσαντα
1160 1772 1252 1824 καὶ
1274 1769 1340 1823 τά
1366 1771 1472 1823 τῶν
1498 1770 1698 1823 δούλων
1719 1769 1881 1841 θερα-

306 1856 585 1910 πεύσαντα
620 1856 766 1909 κακά
786 1872 798 1884 ·
835 1857 884 1907 οἱ
912 1854 1165 1925 ποιμένες
1195 1854 1285 1906 τὸν
1316 1854 1545 1924 ποιμένα
1571 1854 1661 1906 τὸν
1695 1855 1879 1918 καλὸν,

305 1943 401 1994 τὸν
434 1942 535 2011 τὴν
586 1939 763 2010 ψυχὴν
791 1939 931 2010 ὑπὲρ
958 1938 1067 1993 τῶν
1118 1937 1401 2008 προϐάτων
1446 1937 1804 2009 προθέμενον·
1830 1939 1881 1990 οἱ

310 2028 475 2097 ἱερεῖς
494 2025 585 2078 τὸν
617 2026 756 2077 κατά
785 2023 882 2092 τὴν
906 2023 1058 2089 τάξιν
1082 2021 1411 2091 Μελχισεδὲκ
1442 2021 1702 2091 ἀρχιερέα
1730 2020 1882 2090 γενό-

307 2126 508 2183 μεων·
539 2112 589 2164 οἱ
620 2109 796 2164 δοῦλοι
840 2108 931 2161 τὸν
988 2106 1199 2178 μορφὴν
1251 2105 1435 2158 δούλου
1482 2106 1746 2169 λαϐόντα,
1794 2107 1883 2160 ἵνα

303 2196 467 2267 ἡμῶν
494 2195 593 2265 τὴν
625 2193 862 2247 δουλείαν
900 2190 1177 2262 ἐλευθερίᾳ
1220 2191 1456 2263 τιμήσῃ·
1498 2193 1546 2243 οί
1595 2191 1763 2253 ἁλιεῖς
1791 2190 1882 2243 τὸν

304 2281 416 2335 ἀπὸ
436 2280 629 2333 ἀλιέων
653 2276 921 2348 θηρευτὰς
941 2275 1242 2346 ἀνθρώπων
1275 2274 1638 2344 ἐργαζόμενον
1659 2288 1670 2301 ’
1698 2275 1747 2325 οἱ
1781 2291 1883 2326 τε-

304 2365 477 2418 λῶναι
515 2365 606 2417 τὸν
643 2363 751 2416 ἀπὸ
794 2360 1039 2414 τελωνῶν
1075 2357 1464 2428 εὐαγγελιστὴν
1494 2357 1879 2424 ἀναδείξαντα·

305 2453 366 2505 αἱ
395 2451 591 2520 πόρναι
625 2449 716 2500 τὸν
759 2449 867 2509 τοῖς
919 2446 1197 2516 πορνικοῖς
1242 2442 1470 2514 δάκρυσι
1528 2442 1656 2504 τοὺς
1717 2441 1883 2518 πόδας

305 2533 632 2604 προϊέμενον
652 2548 664 2560 ο
684 2532 777 2583 καὶ
811 2530 897 2582 ἵνα
926 2526 1202 2596 συντόμως
1230 2527 1387 2586 είπω,
1415 2523 1613 2586 πάντες
1640 2524 1689 2575 οί
1712 2524 1884 2593 ἀμαρ-

305 2616 472 2671 τωλοὶ
493 2612 652 2685 ἦλθον
679 2615 803 2667 ίδεῖν
826 2613 916 2664 τὸν
942 2611 1110 2681 ἀμνὸν
1139 2609 1231 2662 τοῦ
1258 2607 1390 2661 Θεοῦ
1419 2608 1509 2660 τὸν
1543 2606 1763 2675 αἴροντα
1786 2605 1882 2676 τὴν

303 2701 580 2772 ἁμαρτίαν
604 2698 696 2751 τοῦ
726 2698 952 2775 κόσμου,
981 2695 1142 2765 μάγοι
1166 2691 1586 2764 δορυφοροῦντες
1610 2690 1661 2754 δ,
1695 2690 1884 2759 ποιμέ-

306 2804 398 2845 νες
452 2783 814 2851 εὖλογοῦντες.
869 2779 1093 2833 τελῶναι
1130 2777 1633 2846 εὐαγγελιζόμενοι,
1688 2775 1881 2845 πόρναι

305 2866 753 2940 μυροφοροῦσαι,
804 2865 1133 2933 Σαμαρεῖτις
1194 2860 1375 2930 πηγὴν
1431 2858 1640 2929 διψῶσα
1703 2857 1881 2940 ζωῆς,

306 2936 590 3008 Χαναναία
634 2950 816 3003 πίστιν
869 2948 1237 3001 ἀνενδοίαστον
1281 2945 1498 3015 ἔχουσα.
1539 2942 1763 2995 Πάντων
1794 2936 1885 2993 οὗν

305 3033 675 3105 σκιρτῶντων,
717 3035 1004 3102 σκιρτῆσαι
1032 3029 1170 3081 θέλω
1200 3027 1373 3095 κάγὼ,
1414 3025 1670 3098 χορεῦσαι
1698 3024 1883 3094 βούλο-

308 3137 440 3191 μαι,
490 3116 847 3186 πανηγυρίσαι
886 3114 1101 3166 θέλωο·
1152 3111 1360 3182 χορεύω
1398 3111 1491 3170 δὲ,
1544 3110 1606 3161 οὐ
1655 3106 1887 3191 κιθάραν

306 3190 584 3272 πλήττων.
610 3201 668 3253 ού
703 3198 902 3269 θυρσὸν
931 3195 1119 3258 κινῶν,
1145 3197 1246 3248 οὐκ
1274 3194 1471 3254 αὐλοὺς
1505 3192 1670 3263 ἔχων,
1693 3190 1755 3243 οὐ
1791 3190 1886 3260 δᾷ-

304 3289 408 3349 δας
434 3285 637 3346 ἀπτων,
669 3283 782 3335 ἀλλ’
810 3281 934 3335 ἀντὶ
971 3278 1245 3349 μουσικῶν
1276 3278 1521 3348 ὀργάνων
1546 3275 1614 3329 τά
1635 3274 1729 3327 τοῦ
1762 3276 1889 3344 Χρι-

304 3371 442 3425 στοῦ
464 3370 753 3440 σπάργανα
784 3367 983 3437 φέρων.
1002 3365 1150 3417 Αὑτά
1175 3364 1282 3433 γάρ
1308 3379 1397 3433 μοι
1429 3361 1603 3423 ἐλπὶς,
1634 3358 1774 3412 αύτά
1800 3375 1887 3428 μοι

305 3454 609 3523 ζωὴ.αῦτά
646 3469 734 3522 μοι
768 3449 1028 3519 σωτηρία,
1065 3448 1203 3501 αύτά
1264 3462 1355 3516 μοι
1387 3443 1565 3507 αὐλὸς,
1610 3443 1750 3497 αύτά
1799 3460 1887 3511 μοι

306 3537 532 3606 κιθάρα.
564 3536 653 3588 Διὸ
686 3535 778 3589 καὶ
808 3533 948 3586 αύτά
982 3532 1212 3605 ἔρχομαι
1242 3531 1451 3602 φέρων,
1491 3530 1577 3583 ἵνα
1613 3530 1679 3598 τῇ
1710 3525 1887 3579 αὐτῶν

304 3619 537 3689 δυνάμει
597 3620 751 3688 ἰσχὺν
802 3617 976 3685 λόγων
1025 3613 1204 3669 λαϐὼν
1252 3614 1365 3679 μετ’
1412 3611 1656 3682 ἀγγέλων
1702 3609 1844 3661 είπω
1869 3622 1886 3638 ο

304 3704 470 3768 Δόξα
488 3704 557 3755 ἐν
575 3703 859 3770 ὑψίστοις
890 3698 1010 3764 Θεῷ
1033 3716 1047 3728 ·
1092 3698 1228 3767 μετά
1244 3697 1300 3751 δὲ
1321 3695 1613 3766 ποιμένων,
1647 3692 1760 3748 Καὶ
1790 3689 1890 3744 ἐπὶ

306 3787 430 3859 τῆς
492 3787 723 3855 εἰρήνη,
770 3785 838 3838 ἐν
887 3782 1220 3850 ἀνθρώποις
1264 3780 1526 3835 εὐδοκία.
1564 3781 1815 3849 Σήμερον
1862 3776 1892 3829 ὁ

306 3870 591 3940 γεννηθεὶς
616 3870 869 3939 ἀρρήτως
882 3869 946 3919 ἐκ
968 3865 1199 3934 Πατρὸς,
1227 3865 1291 3917 ὲκ
1326 3862 1596 3934 παρθένου
1624 3862 1887 3924 τίκτεται,

304 3953 605 4023 ἀφράστως
648 3953 715 4005 δι’
746 3952 864 4020 ἐμέ.
892 3948 1051 4002 Ἀλλά
1072 3948 1190 4001 τότε
1221 3947 1321 4016 μὲν
1344 3946 1481 3999 κατά
1507 3944 1668 4015 φύσιν
1700 3940 1889 4023 ἐκῃτοῦ

302 4020 532 4105 Πατρὸς
579 4036 687 4105 πρὸ
714 4031 924 4088 αἰώνων
970 4030 1253 4102 ἐγεννήθη,
1285 4030 1361 4094 ῶς
1392 4031 1421 4083 ό
1443 4030 1709 4100 γεννήσας
1740 4020 1850 4079 οἶδε
1874 4040 1887 4053 ⁸

305 4123 558 4191 σήμερον
587 4118 644 4171 δὲ
682 4117 843 4171 πάλιν
870 4116 1019 4188 παρά
1042 4113 1201 4183 φύσιν
1226 4112 1439 4184 ἐτέχθη.
1458 4112 1532 4175 ὡς
1558 4112 1595 4181 ἡ
1620 4108 1711 4164 τοῦ
1736 4108 1889 4191 ἁγίου

301 4188 631 4271 nmmum;
676 4200 959 4253 ἐπίσταται
985 4194 1536 4269 χάρις.[594]Καὶή
1580 4193 1693 4248 ἀνω
1726 4188 1890 4245 αὑτοῦ

299 4288 568 4357 γέννησις
597 4284 822 4354 ἀληθὴς,
854 4283 948 4335 καὶ
995 4284 1030 4351 ἡ
1060 4282 1211 4335 κάτω
1244 4280 1497 4349 γέννησις
1520 4276 1777 4347 ἀψευδὴς,
1800 4274 1892 4327 καὶ

301 4368 532 4441 ἀληθῶς
552 4368 683 4431 Θεὸς
710 4368 774 4419 ἐκ
795 4365 928 4418 Θεοῦ
945 4364 1228 4435 ἐγεννήθη.
1249 4363 1342 4417 κα)⁸
1368 4361 1581 4432 ἀληθῶς
1609 4358 1704 4414 ἄνθ
1713 4374 1892 4429 ρωπος

299 4458 337 4509 ὸ
380 4453 547 4515 αὐτὸς
599 4452 663 4505 ἐκ
694 4449 959 4522 παρθένου
994 4448 1212 4518 ἐτέχθη.
1243 4449 1389 4500 ’Ἂνω
1425 4444 1581 4516 μόνος
1630 4446 1696 4497 ὲκ
1729 4443 1891 4514 μόνου

300 4535 649 4606 Μονογενὴς,
673 4535 822 4588 κάτω
861 4532 1017 4603 μόνος
1055 4534 1119 4584 ἐκ
1143 4530 1409 4601 παρθένου
1441 4528 1608 4600 μόνης
1651 4528 1892 4595 Μονογε-

299 4624 412 4692 νὴς
440 4624 469 4675 ὁ
491 4620 670 4683 αὑτός.
700 4620 908 4688 ’Ὠσπερ
931 4618 1040 4687 γάρ
1071 4618 1162 4669 ἐπὶ
1183 4617 1277 4686 τῆς
1297 4616 1408 4670 ἄνω
1435 4616 1742 4685 γεννήσεως
1766 4614 1893 4665 ἀσε-

302 4706 409 4767 ϐὲς
456 4703 702 4772 ἐννοῆσαι
744 4701 989 4773 μητέρα·
1023 4700 1164 4754 οὕτω
1214 4698 1530 4771 βλάσφημόν
1569 4700 1715 4750 ἐστιν
1762 4697 1894 4749 ὑπο-

301 4788 502 4843 λαϐεῖν
533 4787 627 4839 καὶ
657 4786 748 4838 ἐπὶ
778 4785 879 4853 τῆς
904 4784 1051 4837 κάτω
1085 4784 1387 4853 γεννήσεως
1416 4783 1648 4851 πατέρα.
1690 4780 1747 4832 Ὀ
1778 4781 1892 4833 Πα-

299 4873 420 4943 τὴρ
462 4868 777 4941 ἀρρεύστως
810 4869 1096 4937 ἐγέννησε,
1128 4867 1221 4919 καὶ
1249 4866 1283 4935 ἡ
1336 4864 1602 4935 παρθένος
1641 4863 1895 4933 ἀφθόρως

302 4958 536 5010 ἔτεκεν·
570 4952 693 5005 οῦτε
726 4952 834 5021 γάρ
856 4953 884 5003 ὁ
907 4950 1038 5012 Θεὸς
1078 4950 1260 5018 ρεῦσιν
1301 4948 1559 5018 ὑπέμεινε
1591 4947 1890 5016 γεννήσας·

303 5036 635 5106 θεοπρεπῶς
673 5035 782 5104 γάρ
814 5034 1102 5103 ἐγέννησεν
1121 5048 1134 5062 ·
1165 5030 1289 5084 οὔτε
1322 5033 1354 5103 ή
1393 5031 1657 5100 παρθένος
1692 5028 1895 5099 φθοράν

301 5120 580 5189 ὑπέμεινε
622 5118 889 5171 τεκοῦσα·
924 5114 1312 5185 πνευματικῶς
1342 5114 1451 5185 γὰρ
1495 5113 1694 5166 ἔτεκεν.
1732 5110 1896 5165 Ὅθεν

299 5203 439 5258 οὔτε
464 5204 501 5273 ἠ
530 5202 641 5258 ἀνω
687 5200 848 5255 αὐτοῦ
871 5200 1122 5270 γέννησις
1166 5198 1423 5270 ἐξήγησιν
1455 5197 1588 5268 ἔχει,
1616 5195 1738 5249 οὔτε
1772 5196 1806 5266 ή
1837 5195 1895 5249 ἐν

378 5543 406 5603 9
430 5542 553 5603 Reg.
575 5542 780 5590 παιδίον.

370 5602 407 5643 ι’
616 5604 760 5667 μάγοι
808 5601 1191 5667 δορυφοροῦντες,
1236 5607 1357 5661 elc.,
1407 5615 1563 5665 usque
1609 5602 1668 5652 ad
1705 5602 1893 5651 πάντων

303 5663 875 5736 οὖϊιέῗεεὲηῐίυῖῖεέδί
935 5663 943 5666 “
991 5663 999 5667 ⁷

379 5729 407 5758 ⁸
430 5725 503 5778 lla
523 5727 672 5791 Reg,
695 5724 877 5777 melius
897 5740 1043 5790 quam
1060 5724 1202 5785 editi,
1224 5727 1306 5786 qui
1329 5727 1558 5776 omittunt.
1580 5725 1892 5789 πανηγυρίσαι

1447 318 1511 379 ΙΝ
1546 321 1876 378 ΝΑτΑιΕΜ
1918 321 2194 381 CHRISTI
2227 326 2413 386 DIEM.

3459 339 3579 396 588;

1989 441 2234 514 ὑστέροις
2263 448 2474 516 καιροῖς
2509 448 2731 517 πρόοδος
2770 450 3338 522 πολυπραγμονεῖσθαι
3373 453 3565 524 ἀνέχε-

1987 543 2098 608 ται.
2159 528 2282 581 Ὅτι
2336 530 2480 599 μένά
2529 530 2639 603 γάρ
2689 532 2874 587 ἔτεκεν
2919 537 2951 604 ή
3003 535 3289 605 παρθένος,
3326 538 3565 608 σήμερον

1988 605 2122 671 οἴδα,
2164 612 2259 663 καὶ
2302 613 2383 665 ὅτι
2430 613 2719 684 ἐγέννησεν
2746 617 2774 667 ὁ
2810 616 2941 680 Θεὸς
2970 618 3239 688 ἀχρόνως,
3279 605 3518 673 πιστεύω
3549 636 3563 649 ·

1988 692 2077 745 τὸν
2107 693 2163 745 δὲ
2189 695 2388 764 τρόπον
2419 695 2517 765 τῆς
2542 701 2845 767 γεννήσεως
2868 704 3044 770 σιωπῇ
3062 702 3225 771 τιμᾷν
3248 702 3562 773 μεμάθηκα,

1988 777 2084 829 καὶ
2130 778 2188 829 οὑ
2218 778 2305 832 διὰ
2351 779 2523 848 λόγων
2572 780 3043 852 πολυπραγμονεῖν
3081 785 3405 855 παρέλαϐον.
3442 788 3566 840 Ἐπὶ

1988 859 2095 929 γάρ
2120 860 2254 913 Θεοῦ
2277 862 2337 915 ού
2368 863 2449 915 δεῖ
2478 866 2543 934 τῇ
2567 863 2726 931 φύσει
2746 864 2852 918 τῶν
2884 868 3220 936 πραγμάτων
3255 869 3565 939 προσέχειν,

1989 941 2123 996 ἀλλά
2148 946 2214 1014 τῇ
2260 944 2486 1015 δυνάμει
2518 947 2610 999 τοῦ
2650 947 2997 1017 ἐνεργοῦντος
3026 951 3320 1004 πιστεύειν.
3346 952 3565 1017 Φύσεως

1988 1024 2098 1095 γάρ
2132 1026 2267 1078 ἐστι
2303 1027 2485 1099 νόμος,
2519 1029 2647 1083 ὅταν
2685 1030 2822 1101 γυνὴ
2873 1032 3320 1104 προσομιλήσασα
3367 1034 3565 1104 γάμοις

1988 1107 2120 1179 τέκῃ
2142 1120 2165 1146 θ
2184 1125 2197 1139 ·
2223 1110 2349 1164 ὅταν
2378 1110 2435 1163 δὲ
2459 1112 2724 1186 παρθένος
2755 1113 3121 1184 ἀπειρόγαμος
3154 1117 3382 1170 τεκοῦσα
3405 1118 3565 1171 πάλιν

1988 1192 2255 1261 παρθένος
2315 1194 2529 1266 φανείη.
2589 1195 2729 1267 ὑπὲρ
2788 1194 2948 1263 φύσιν
2998 1196 3059 1249 τὸ
3096 1200 3344 1269 πρᾶγμα.
3373 1200 3446 1252 Τὸ
3472 1195 3564 1253 οῦν

1990 1274 2129 1328 κατά
2149 1274 2309 1344 φύσιν
2335 1275 2622 1347 ζητείσθω,
2645 1279 2706 1331 τὸ
2726 1278 2782 1331 δέ
2806 1278 2946 1350 ὑπὲρ
2965 1279 3123 1347 φύσιν
3150 1285 3272 1351 σιγῇ
3291 1283 3560 1353 τιμάσθω,

1988 1360 2086 1428 οὐχ
2126 1359 2202 1423 ὼς
2252 1360 2502 1429 φευκτὸν,
2537 1361 2651 1415 ἀλλ’
2709 1363 2785 1426 ὡς
2837 1363 3173 1434 ἀπόρρητον,
3234 1365 3327 1417 καὶ
3387 1369 3561 1437 σιωπῇ

1988 1442 2248 1512 τιμᾶσθαι
2292 1443 2458 1509 ἀξιον.
2513 1446 2653 1499 Ἀλλ’
2699 1447 3031 1517 ἀπονείματέ
3073 1465 3161 1517 μοι
3215 1449 3562 1520 συγγνώμην,

1990 1527 2312 1597 παρακαλῶ,
2346 1530 2404 1579 ἐν
2429 1529 2731 1600 προοιμίοις
2758 1530 3105 1586 καταπαῦσαι
3137 1532 3226 1585 τὸν
3263 1532 3417 1600 λόγον
3440 1533 3565 1602 βου-

1988 1610 2218 1683 λομένῳ.
2266 1612 2448 1677 Δειλὸς
2476 1613 2585 1685 γὰρ
2635 1614 2709 1667 ῶν
2763 1615 2899 1685 πρὸς
2945 1616 3046 1684 τὴν
3090 1615 3199 1669 τῶν
3245 1618 3565 1687 κρειττόνων

1989 1692 2232 1763 ἔρευναν,
2266 1694 2380 1759 πῶς
2411 1695 2443 1766 ἢ
2489 1696 2591 1749 ποῦ
2645 1697 2830 1767 τρέψω
2876 1697 2982 1750 τῶν
3016 1698 3186 1766 λόγων
3225 1697 3293 1750 τά
3333 1698 3565 1767 πηδάλια

1990 1778 2087 1846 οὐχ
2119 1776 2244 1847 ἔχω.
2276 1777 2341 1829 Τί
2374 1778 2479 1848 γάρ
2510 1779 2667 1843 εῖπω,
2697 1781 2729 1850 ἢ
2762 1781 2816 1833 τί
2844 1780 3096 1850 λαλήσω;
3145 1782 3255 1852 Τὴν
3302 1780 3565 1835 τεκοῦσαν

1989 1860 2120 1930 ὁρῶ,
2147 1861 2237 1914 τὸν
2263 1860 2517 1931 τεχθέντα
2552 1862 2751 1932 βλέπω,
2785 1863 2873 1916 τὸν
2901 1863 2957 1915 δὲ
2989 1865 3186 1934 τρόπον
3228 1863 3326 1933 τῆς
3373 1865 3565 1933 γεννή-

1992 1961 2128 2005 σεως
2176 1944 2234 1996 ού
2283 1944 2522 2014 συνορῶ·
2564 1947 2779 1998 νικᾶται
2830 1945 2939 2017 γὰρ
2982 1946 3161 2016 φύσις,
3212 1948 3425 2000 νικᾶται
3470 1947 3564 1999 καὶ

1989 2026 2193 2093 τάξεως
2225 2029 2368 2099 ὄρος,
2395 2029 2528 2081 ὅπου
2550 2027 2681 2092 Θεὸς
2715 2028 2979 2098 βούλεται.
3016 2032 3089 2082 Οὺ
3112 2030 3219 2101 γάρ
3243 2031 3380 2084 κατά
3406 2028 3566 2098 φύσιν

1990 2110 2179 2178 γέγονε
2230 2110 2292 2162 τὸ
2334 2112 2600 2181 πρᾶγμα·
2657 2111 2769 2164 ἀλλ’
2824 2113 2965 2183 ὑπὲρ
3020 2113 3180 2180 φύσιν
3230 2113 3291 2165 τὸ
3345 2111 3562 2181 θαῦμα·

1990 2192 2199 2263 ’ήργησε
2239 2193 2347 2265 γὰρ
2384 2196 2416 2263 ἡ
2447 2194 2627 2263 φύσις,
2666 2198 2762 2248 καὶ
2791 2195 3059 2266 ἐνήργησε
3088 2196 3181 2249 τοῦ
3215 2196 3480 2248 Δεσπότου
3504 2195 3567 2247 τὸ

1993 2276 2257 2347 βούλημα.
2294 2278 2357 2329 Ὢ
2390 2278 2607 2348 χάριτος
2637 2278 2948 2348 ἀφράστουι
3000 2278 3057 2331 '0
3079 2278 3186 2349 πρὸ
3209 2278 3416 2331 αἰώνων
3459 2277 3568 2331 Μο-

1991 2360 2236 2431 νογενὴς,
2264 2362 2293 2412 ὁ
2318 2361 2548 2431 ἀναφὴς,
2568 2362 2663 2414 καὶ
2689 2361 2909 2424 ἁπλοῦς,
2928 2361 3020 2415 καὶ
3040 2361 3347 2431 ἀσώματος,
3377 2362 3565 2413 ὑπεισ-

1989 2443 2122 2513 ῆλθέ
2163 2461 2265 2514 μου
2305 2444 2367 2498 τὸ
2425 2445 2659 2516 φθαρτὸν
2722 2445 2816 2498 κοιλ⁹
2858 2445 3048 2516 ὁρατὸν
3098 2444 3256 2513 σῶμα
3281 2443 3324 2498 ί.
3355 2443 3454 2497 Διὰ
3479 2444 3564 2506 τί;

1994 2527 2110 2579 Ἵνα
2142 2526 2469 2597 βλεπόμενος
2492 2528 2677 2600 διδάξῃ
2698 2568 2711 2590 ,
2740 2526 2955 2591 διδάξας
2983 2527 3041 2580 δὲ
3078 2527 3212 2597 πρὸς
3240 2526 3300 2579 τὸ
3337 2526 3412 2597 μὴ
3448 2526 3567 2597 βλε-

1993 2611 2224 2680 πόμενον
2247 2613 2653 2683 χειραγωγήσῃ.
2698 2612 2915 2681 Ἐπειδὴ
2953 2612 3059 2681 γάρ
3089 2612 3136 2663 οἱ
3168 2610 3444 2681 ἀνθρωττοι
3470 2610 3563 2663 τὸν

1992 2694 2265 2765 ὀφθαλμὸν
2284 2695 2379 2766 τῆς
2408 2695 2574 2765 ἀκοῆς
2602 2695 2915 2764 πιστότερον
2939 2694 3201 2757 ποιοῦσιν,
3226 2694 3254 2745 ὃ
3279 2693 3333 2746 δέ
3352 2694 3425 2762 μὴ
3448 2692 3565 2760 βλέ-

1993 2795 2184 2831 πουσιν
2215 2778 2629 2849 ἀμφιϐάλλουσι,
2656 2778 2743 2832 διὰ
2778 2779 2936 2831 τοῦτο
2967 2779 3209 2848 ἠνείχετο
3239 2779 3331 2830 καὶ
3363 2777 3564 2846 ὀφθαλ-

1998 2865 2116 2933 μοῖς
2147 2862 2245 2931 τὴν
2291 2862 2482 2915 ἐαυτοῦ
2513 2862 2640 2915 Θέαν
2692 2862 2778 2915 διὰ
2810 2862 2903 2914 τοῦ
2936 2861 3185 2931 σώματος
3236 2861 3562 2928 παρασχεῖν,

1997 2948 2083 3001 ἵνα
2112 2946 2247 3017 λύσῃ
2292 2947 2392 3016 τήν
2449 2947 2872 3017 ἀμφισϐήτησιν.
2909 2946 3016 2997 Καὶ
3053 2944 3292 2997 τίκτεται
3330 2946 3394 2996 ἐκ
3423 2960 3565 3013 παρ-

1997 3029 2149 3082 θένου
2182 3028 2480 3101 ἀγνοούσης
2535 3027 2597 3081 τὸ
2650 3030 2909 3099 πρᾶγμα·
2950 3026 3073 3082 οὔτε
3107 3028 3216 3097 γὰρ
3257 3028 3566 3095 συνήργησε

1997 3113 2133 3182 πρὸς
2157 3114 2217 3164 τὸ
2248 3112 2548 3182 γινόμενον,
2577 3111 2697 3163 οὗτε
2726 3111 3078 3164 συνεϐάλλετο
3095 3111 3229 3181 πρὸς
3251 3110 3309 3162 τὸ
3333 3110 3566 3179 πραττόο

2000 3212 2178 3266 μενον,
2220 3195 2333 3248 ἀλλ’
2367 3190 2434 3265 ἦν
2459 3195 2609 3264 ψιλὸν
2639 3194 2865 3264 ὄργανον
2913 3195 3009 3263 τῆς
3044 3195 3353 3264 ἀπορρήτου
3402 3192 3564 3246 αὑτοῦ

1996 3278 2295 3348 δυνάμεως,
2327 3277 2485 3348 μόνον
2512 3277 2700 3339 εἰδυῖα,
2723 3278 2751 3329 ὃ
2768 3275 2919 3346 παρά
2945 3276 3037 3330 τοῦ
3069 3276 3305 3346 Γαϐριὴλ
3330 3275 3564 3345 ἑρομένη

1998 3362 2218 3431 ἔμαθεν,
2246 3363 2327 3414 ὅτι
2351 3360 2481 3426 Πῶς
2496 3362 2661 3415 ἔσται
2673 3378 2773 3429 μοι
2795 3360 2989 3424 τοῦτο,
3020 3360 3145 3412 ἐπεὶ
3177 3358 3361 3425 ἄνδρα
3385 3360 3455 3411 οὺ
3479 3376 3562 3425 γι-

1996 3433 2229 3508 νώσκωξ
2245 3445 2352 3497 Καί
2370 3463 2441 3515 φη
2451 3460 2518 3496 σι·
2538 3444 2703 3496 Τοῦτο
2718 3444 2893 3513 βούλει
2920 3442 3110 3514 μαθεῖν
3131 3459 3144 3506 ;
3162 3440 3312 3513 [595]
3333 3440 3569 3508 Πνεῦμα

1997 3527 2168 3597 ἅγιον
2190 3528 2571 3581 ἐπελεύσεται
2594 3527 2688 3580 ἐπὶ
2724 3526 2819 3588 σὲ,
2858 3526 2955 3580 καὶ
2999 3525 3251 3593 δύναμις
3286 3523 3567 3591 Ὑψίστου

1997 3611 2337 3664 ἐπισκιάσει
2370 3626 2487 3665 σοι.
2520 3611 2629 3665 Καὶ
2658 3610 2772 3675 πῶς
2799 3605 2865 3681 ἦν
2892 3608 3005 3679 μετ’
3034 3607 3224 3675 αὐτῆς,
3249 3607 3342 3659 καὶ
3373 3606 3567 3675 μικρὸν

1999 3693 2221 3764 ὕστερον
2252 3693 2310 3759 ἐξ
2333 3695 2532 3765 αύτῆςς
2567 3694 2773 3763 ’Ὥσπερ
2798 3692 3044 3762 τεχνίτης
3077 3689 3250 3761 εὑρὼν
3281 3689 3411 3758 ὓλην
3438 3705 3567 3758 χρη·

2002 3779 2332 3849 σιμωτάτην,
2386 3779 2666 3832 κάλλιστον
2728 3776 3095 3847 ἀπεργάζεται
3150 3772 3377 3834 σκεῦος·
3427 3771 3568 3822 οὕτω

1999 3865 2093 3917 καὶ
2148 3865 2179 3915 ὸ
2216 3863 2447 3934 Χριστὸς
2490 3861 2662 3933 εὑρὼν
2698 3862 2795 3930 τῆς
2854 3858 3119 3929 παρθένου
3170 3858 3322 3923 ἀγιον
3362 3856 3454 3908 καὶ
3504 3855 3567 3906 τὸ

2002 3948 2159 4019 σῶμα
2192 3949 2285 4001 καὶ
2310 3948 2410 4018 τὴν
2438 3946 2632 4016 ψυχὴν.
2667 3943 2900 4015 ἔμψυχον
2931 3940 3107 4011 ἐαυτῷ
3142 3940 3519 4008 κατεκόσμησε
3542 3940 3567 3977 ⁸

2000 4031 2146 4095 ναὸν,
2177 4031 2237 4084 ὃν
2261 4030 2524 4101 ἐϐουλήθη
2552 4028 2751 4098 τρόπον
2770 4027 2978 4088 πλάσας
3000 4023 3088 4078 τὸν
3109 4022 3392 4093 ἄνθρωπον
3415 4024 3472 4073 ἐν
3500 4022 3565 4090 τῇ

2000 4115 2277 4186 παρθένῳ,
2309 4114 2400 4167 καὶ
2422 4113 2778 4182 ἐνδυσάμενος
2806 4110 2986 4172 αὐτὸν,
3017 4109 3255 4179 σήμερον
3279 4105 3567 4175 προῆλθεν,

2000 4199 2100 4250 οὐκ
2141 4195 2405 4260 αἰδεσθεὶς
2454 4196 2515 4248 τὸ
2545 4195 2780 4257 δυσειδὲς
2808 4193 2836 4232 ιι
2886 4192 2984 4261 τῆς
3028 4190 3258 4259 φύσεως.
3291 4188 3424 4241 Οὐδὲ
3461 4187 3568 4258 γὰρ

2002 4282 2159 4353 ὕϐριν
2204 4281 2395 4352 ἔφερεν
2425 4278 2573 4350 αὐτῷ
2598 4321 2612 4343 ,
2637 4277 2861 4349 φορέσαι
2894 4276 2955 4329 τὸ
2988 4275 3118 4329 ἴδιον
3147 4274 3306 4343 ἔργον
3325 4290 3338 4301 ·
3372 4270 3466 4324 καὶ
3505 4272 3569 4322 τὸ

2002 4365 2225 4436 πλασμα
2256 4364 2313 4417 δέ
2362 4364 2623 4434 μεγίστην
2668 4360 2969 4431 ἐκαρποῦτο
3016 4358 3191 4422 δόξαν,
3233 4356 3432 4425 ἔνδυμα
3472 4354 3566 4407 τοῦ

2001 4448 2238 4519 τεχνίτου
2282 4448 2580 4516 γινόμενον.
2610 4444 2819 4513 Ὥσπερ
2850 4442 2957 4512 γὰρ
3000 4442 3150 4511 παρὰ
3197 4440 3294 4511 τὴν
3347 4437 3568 4509 πρώτην

2002 4533 2195 4587 πλάσιν
2226 4531 2481 4585 ἀδύνατον
2504 4527 2572 4602 ἧν
2603 4527 2914 4582 συνεστάναι
2942 4526 3029 4577 τὸν
3051 4525 3351 4596 ἄνθρωπον,
3386 4522 3513 4594 πρὶν
3533 4524 3569 4592 ἢ

2001 4631 2090 4683 τὸν
2112 4628 2281 4699 πηλὸν
2311 4630 2391 4691 είς
2421 4627 2517 4690 τὰς
2552 4628 2739 4696 χεῖρας
2776 4621 2938 4677 αὑτοῦ
2972 4620 3171 4675 ἐλθεῖν·
3196 4621 3347 4674 οὕτω
3386 4622 3481 4673 καὶ
3508 4621 3566 4671 τὸ

2004 4714 2209 4784 φθαρὲν
2246 4711 2435 4774 σκεῦος
2477 4709 2733 4763 ἀδύνατον
2770 4706 3263 4779 μεταποιηθῆναιί,
3296 4706 3345 4759 εί
3379 4703 3452 4775 μή
3479 4703 3565 4771 γέ-

2002 4815 2157 4867 γονεν
2192 4797 2395 4867 ἔνδυμα
2423 4794 2515 4848 τοῦ
2544 4795 2883 4863 ποιήσαντος.

2069 5230 2094 5271 ἆ
2138 5232 2264 5293 Reg.
2302 5231 2503 5294 πρόοδος
2542 5229 2725 5287 παθητὴ
2769 5228 2969 5291 γέγονεν·
3013 5227 3085 5274 ὅτι
3118 5224 3217 5277 μέν.
3260 5219 3371 5269 Mox
3417 5220 3562 5284 σήμε-

2004 5310 2083 5357 ρον
2106 5295 2247 5342 abest
2270 5307 2294 5341 a
2318 5294 2440 5353 Reg.
3208 5342 3230 5354 ἠ

2071 5368 2093 5394 ε
2122 5356 2239 5415 Reg.
2264 5355 2354 5417 γάρ
2396 5355 2497 5402 ἐστι
2538 5352 2700 5415 πυρὸς,
2724 5352 2835 5399 ὅταν
2853 5350 2967 5410 γυνή
2996 5347 3254 5411 ἀρῤενικοις
3294 5344 3563 5406 όμιλήσασα

2003 5417 2191 5477 θεσμοῖς
2215 5417 2328 5476 τέκῃ
2338 5452 2348 5461 .

2069 5473 2098 5517 τ’
2131 5479 2252 5539 Reg.
2276 5473 2576 5539 QBGp‘th‘Xdi
2597 5473 2757 5531 θνητὸν
2769 5473 2925 5532 σῶμα.

2067 5541 2093 5577 8
2115 5537 2235 5597 Reg.
2257 5537 2595 5585 κατεσκεύασε.

2067 5601 2093 5638 h
2120 5600 2240 5659 Reg.
2271 5599 2326 5646 τὸ
2348 5600 2573 5652 δυσῶδες.
2635 5657 2641 5659 Α
2714 5655 2726 5659 _
2744 5655 2758 5659 Α
2778 5654 2789 5659 ,
3078 5654 3100 5659 _
3246 5648 3256 5659 .
3336 5646 3354 5659 ..

2072 5663 2090 5705 ι
2130 5649 2253 5719 Reg.
2275 5661 2403 5723 παρα
2426 5661 2509 5716 τήν
2533 5649 2681 5723 ἀρχὴν
2707 5654 2932 5723 ἀδύνατον
2953 5654 3180 5721 συστῆναι
3201 5649 3291 5723 ’τὸν
3326 5649 3563 5723 ἀνθρωπον

2003 5726 2109 5786 πρὶν
2128 5724 2157 5778 ἢ
2194 5710 2274 5769 τ’ὁν
2447 5710 2527 5786 τὸν
2720 5717 2783 5768 εἰς
2808 5714 2891 5786 τὰνς
2915 5710 3071 5773 χεῖρας
3092 5711 3184 5786 τὰς
3195 5710 3365 5786 ἑαυτοῦ
3388 5710 3562 5759 λαϐεῖν.

2005 5773 2157 5836 0331m-
2170 5786 2249 5831 καὶ
2266 5781 2321 5831 τὸ
2340 5783 2585 5841 διαφθαρεν
2605 5777 2830 5826 ἀδύνατον
2852 5773 2910 5836 ἦν
2930 5773 3311 5834 μιταποιηθῆναι.
