4102 6322
379 418 485 475 339

443 534 499 588 2.
529 532 605 603 (α)
634 533 741 589 Sed
781 536 909 605 quid
938 536 1110 593 dicam
1132 581 1147 605 ,
1180 551 1271 595 aut
1316 543 1439 613 quid
1486 545 1703 614 loquar?
1731 545 1956 600 Miracu-

373 624 482 678 lum
521 626 664 679 enim
711 628 766 681 in
807 628 1221 687 admirationem
1265 649 1351 688 me
1399 635 1647 689 traducit.
1693 640 1960 709 Antiquos

371 716 581 771 dierum
609 718 780 773 factus
804 729 886 774 est
910 722 1105 787 infans,
1135 733 1189 778 et
1213 726 1302 795 qui
1330 725 1382 779 in
1411 727 1549 781 solio
1570 728 1786 783 sublimi
1820 745 1958 799 prte-

369 810 623 880 celsoque
652 812 930 879 considet,
965 814 1016 867 in
1050 817 1310 886 praesepio
1350 819 1597 885 ponitur;
1630 828 1686 875 et
1725 821 1814 890 qui
1860 821 1960 875 im-

370 901 651 968 palpabilis
690 913 745 958 et
788 906 1012 974 simplex
1039 946 1053 971 ,
1099 918 1152 962 et
1197 908 1580 978 incompositus
1606 952 1623 978 ,
1672 923 1831 982 atque
1877 912 1957 967 in-

368 1008 659 1060 corporeus
701 1006 780 1052 est
803 1037 818 1061 ,
848 997 1095 1054 humanis
1139 1001 1385 1055 manibus
1426 1012 1793 1059 contractatur
1823 1023 1833 1034 ·
1863 1007 1956 1074 qui

367 1098 708 1161 peccatorum
754 1091 965 1146 vincula
1008 1093 1330 1164 disrumpit,
1371 1096 1588 1161 fasciis,
1624 1102 1744 1167 quia
1798 1104 1954 1165 vult,

364 1184 664 1253 stringitur.
698 1176 895 1238 Statuit
925 1185 1066 1239 enim
1096 1186 1438 1255 ignominiam
1469 1200 1679 1247 vertere
1705 1193 1756 1247 in
1784 1195 1955 1249 hono-

306 1336 325 1347 ‘
361 1292 515 1341 rem,
550 1275 821 1328 infamiam
870 1276 1091 1331 induere
1116 1278 1280 1346 gloria
1307 1321 1323 1345 ,
1355 1292 1409 1335 ct
1432 1284 1769 1338 contumelia:
1818 1286 1955 1341 fines

306 1350 311 1355 ’
357 1368 580 1423 modum
609 1366 818 1421 virtutis
844 1369 1147 1424 ostendere.
1170 1369 1371 1427 Idcirco
1396 1389 1570 1429 meum
1598 1391 1792 1446 corpus
1819 1379 1950 1433 sub-

358 1461 436 1525 it,
472 1471 527 1516 ut
553 1464 669 1533 ejus
703 1464 860 1520 Verbi
902 1480 1001 1535 ego
1028 1482 1195 1535 capax
1238 1467 1398 1534 fiam;
1421 1479 1475 1526 et
1504 1487 1677 1527 meam
1726 1489 1950 1535 carnem

356 1554 693 1623 suscipiens,
718 1556 972 1626 Spiritum
1001 1558 1132 1612 mihi
1163 1576 1319 1614 suum
1350 1561 1600 1632 largiens,
1631 1575 1685 1619 ut
1718 1565 1951 1636 largiens

354 1653 411 1696 et
448 1646 717 1717 accipiens
751 1651 871 1703 vita:
897 1649 1025 1703 mihi
1056 1650 1364 1706 thesaurum
1390 1666 1687 1724 comparet.
1718 1656 1946 1714 Carnem

354 1750 531 1791 meam
562 1740 802 1811 suscipit,
823 1748 880 1794 ut
906 1756 990 1795 me
1015 1743 1607 1814 sanctificet:Spiritum
1640 1748 1765 1802 mihi
1789 1765 1945 1805 suum

356 1828 577 1898 largitur
600 1873 613 1894 ,
647 1842 703 1885 ut
734 1832 937 1887 salvum
977 1849 1063 1888 me
1099 1834 1277 1888 faciat.
1302 1834 1407 1890 Sed
1446 1838 1573 1907 quid
1618 1840 1831 1907 dicam,
1855 1854 1948 1898 aut

352 1921 480 1989 quid
527 1923 748 1992 loquar?
781 1924 911 1977 Ecce
954 1926 1092 1996 virgo
1130 1928 1372 1997 concipiet
1403 1929 1556 1998 (lsai.
1599 1933 1651 1986 7.
1686 1931 1797 2003 14).
1826 1934 1944 1989 Νοη

348 2010 460 2081 jam
487 2010 698 2077 dicitur,
727 2024 782 2068 ut
807 2014 1060 2082 futurum,
1083 2017 1175 2071 sed
1199 2019 1485 2087 suspicitur
1512 2024 1693 2092 utjam
1721 2024 1941 2082 factum.

351 2107 528 2173 Atque
567 2106 705 2174 apud
735 2106 949 2163 Judazos
993 2110 1207 2179 quidem
1247 2111 1439 2167 factum
1486 2125 1604 2182 est,
1638 2118 1777 2187 apud
1807 2134 1942 2190 quos

348 2197 628 2253 dicebatur
653 2217 665 2253 :
691 2216 718 2253 a
751 2203 903 2257 nobis
928 2211 1102 2257 autem
1128 2204 1381 2267 creditur,
1411 2208 1551 2276 apud
1590 2224 1723 2279 quos
1748 2227 1817 2267 ne
1845 2229 1944 2267 no-

348 2292 652 2345 minabatur
680 2292 914 2361 quidem.
932 2292 1063 2348 Ecce
1086 2295 1223 2365 virgo
1243 2298 1503 2365 concipiet.
1529 2299 1703 2355 Litera
1726 2303 1938 2371 quidem

346 2396 633 2453 synagoga:
650 2394 753 2448 est,
778 2387 1044 2455 possessio
1065 2402 1192 2441 vero
1215 2387 1486 2443 Ecclesiae.
1504 2391 1593 2444 llla
1619 2393 1838 2450 tabellas
1858 2396 1940 2451 in-

345 2476 512 2539 venit,
538 2475 653 2531 lnec
674 2481 1015 2549 margaritam
1039 2480 1301 2536 inveniet:
1325 2483 1411 2536 illa
1436 2485 1607 2538 lanam
1630 2486 1803 2553 tinxit,
1824 2488 1939 2545 htec

344 2579 493 2623 veste
541 2585 801 2640 purpurea
837 2582 922 2627 est
966 2573 1165 2628 induta.
1215 2574 1488 2644 Siquidem
1533 2577 1715 2634 Iudaea
1762 2580 1937 2651 ipsum

344 2664 600 2731 peperit,
645 2674 700 2719 at
744 2666 891 2719 orhis
945 2676 1205 2721 terrarum
1268 2669 1441 2737 ipsum
1490 2675 1721 2743 excepit.
1768 2674 1939 2745 Syna-

343 2769 477 2823 goga
523 2757 694 2825 ipsum
736 2758 866 2811 aluit
907 2767 961 2811 et
1002 2758 1247 2812 educavit
1280 2777 1293 2813 :
1326 2760 1617 2815 Ecclesiam
1647 2762 1818 2831 ipsum
1852 2776 1934 2820 te-

342 2848 497 2909 nuit,
544 2862 713 2917 eoque
760 2850 922 2917 potita
971 2860 1071 2903 est.
1126 2849 1278 2920 Apud
1332 2851 1477 2906 illam
1524 2854 1727 2922 palmes
1774 2857 1930 2923 vitis,

342 2950 399 2992 et
437 2940 577 3007 apud
619 2956 703 2994 me
752 2957 994 2995 racemus
1024 2943 1278 2998 veritatis.
1307 2942 1400 2998 Illa
1438 2959 1710 3001 racemum
1748 2948 1934 3003 vinde-

344 3031 565 3095 Iniavit,
594 3042 648 3087 et
691 3043 878 3103 gentes
930 3034 1207 3105 mysticam
1260 3036 1532 3105 potionem
1582 3038 1785 3092 bibunt.
1840 3040 1930 3094 Illa

339 3138 569 3190 granum
622 3123 868 3179 frumenti
928 3125 978 3178 in
1030 3124 1213 3179 Judzea
1257 3127 1573 3194 seminavit;
1624 3138 1680 3183 et
1746 3140 1932 3200 gentes

340 3214 465 3267 fidei
515 3212 649 3269 falce
684 3226 916 3281 segetem
973 3226 1326 3271 IlleSSllCtlIlll.
1367 3216 1565 3273 Gentes
1618 3234 1793 3274 rosim
1847 3223 1930 3291 pie

338 3305 755 3373 decerpserunt,
788 3317 841 3360 et
877 3307 1015 3376 apud
1065 3307 1279 3362 Judaeos
1339 3310 1489 3378 spina
1544 3310 1929 3369 incredulitatis

336 3397 639 3451 remansit:
670 3397 843 3466 pullus
883 3398 1114 3452 avolavit
1139 3440 1154 3460 ,
1202 3411 1254 3452 et
1292 3400 1526 3456 assident
1568 3402 1693 3456 nido
1740 3404 1924 3459 stulti:

338 3486 466 3541 folia
495 3489 664 3543 litera:
690 3489 1110 3558 interpretantur
1128 3491 1297 3546 .Iuda-i
1315 3533 1328 3555 ,
1361 3503 1415 3547 et
1442 3491 1669 3547 fructum
1697 3494 1929 3563 Spiritus

337 3589 525 3647 gentes
563 3580 879 3651 decerpunt.
922 3580 1055 3635 Ecce
1090 3583 1229 3653 virgo
1275 3583 1329 3636 in
1358 3592 1501 3637 utero
1537 3586 1799 3651 concipiet.
1835 3588 1926 3642 Dic

338 3673 493 3738 mihi,
521 3671 741 3739 Iudaee,
782 3673 867 3727 dic
911 3673 1039 3727 mihi
1096 3690 1275 3744 porro,
1324 3690 1480 3745 quem
1528 3678 1926 3745 peperit?Fidc

336 3764 495 3831 mihi,
522 3765 712 3819 saltem
747 3774 805 3819 ut
840 3766 1053 3822 Herodi.
1083 3767 1188 3822 Sed
1212 3783 1317 3823 non
1350 3768 1490 3821 fidis.
1521 3770 1643 3822 Scio
1673 3786 1828 3840 quam
1855 3773 1925 3827 ob

333 3872 555 3912 causam
588 3876 602 3911 ε
635 3868 853 3928 propter
893 3859 1133 3914 insidias.
1176 3861 1256 3916 Illi
1302 3861 1442 3915 enim
1487 3861 1690 3929 dixisti,
1717 3874 1771 3918 ut
1799 3881 1922 3919 eum

335 3948 663 4004 interficeret
695 3968 710 4003 :
747 3949 875 4003 mihi
906 3966 1029 4005 vero
1055 3966 1158 4005 non
1182 3952 1334 4015 dicis,
1364 3963 1419 4005 ut
1444 3969 1510 4007 ne
1539 3967 1659 4007 eum
1683 3954 1922 4009 adorem.

335 4042 638 4109 Quemnam
690 4057 820 4097 vero
865 4044 1105 4113 peperit?
1137 4042 1470 4111 Quemnam?
1498 4043 1710 4099 Natura:
1742 4046 1923 4102 Domi-

335 4150 485 4187 rum.
519 4133 665 4187 Licet
716 4134 858 4188 enim
902 4144 957 4187 tu
1000 4135 1179 4201 sileas,
1212 4135 1405 4189 clamat
1434 4146 1643 4190 natura
1675 4154 1688 4189 :
1719 4139 1925 4207 peperit

330 4224 504 4289 enim,
531 4234 587 4277 ut
613 4225 779 4278 voluit
804 4234 955 4294 partu
994 4224 1102 4289 edi,
1130 4226 1220 4295 qui
1255 4235 1405 4294 partu
1454 4235 1541 4297 est
1587 4227 1781 4282 editus.
1809 4228 1922 4283 Non

327 4317 479 4369 enim
519 4315 571 4369 id
618 4331 648 4368 a
694 4323 880 4369 natura
922 4317 1345 4386 permittebatur,
1374 4317 1467 4372 sed
1496 4329 1552 4372 ut
1579 4328 1781 4374 naturae
1822 4322 1927 4375 Do-

338 4409 516 4463 minus
537 4408 845 4462 inusitatum
868 4409 1159 4463 nativitatis
1176 4410 1391 4463 modum
1416 4412 1640 4478 invexit,
1665 4423 1719 4465 ut
1745 4422 1925 4468 osten-

336 4498 429 4553 dat
457 4514 517 4553 se
544 4498 815 4554 hominem
842 4499 1061 4566 factum,
1089 4516 1195 4555 non
1227 4512 1283 4556 ut
1319 4502 1587 4557 hominem
1631 4518 1785 4573 partu
1815 4506 1920 4571 edi,

336 4590 431 4644 sed
473 4599 533 4644 ut
576 4591 742 4645 Deum
784 4592 952 4645 nasci.
986 4592 1058 4645 Ex
1096 4592 1308 4661 Virgine
1331 4594 1492 4663 igitur
1518 4594 1674 4649 hodie
1705 4596 1920 4665 prodiit,

336 4700 455 4751 qua:
512 4693 755 4737 naturam
808 4684 953 4748 vicit,
1000 4695 1053 4738 et
1106 4686 1315 4753 nuptias
1368 4688 1679 4754 snperavit‘.
1714 4689 1923 4743 Etenim

334 4776 637 4830 sanctitatis
676 4776 1038 4845 Dispensatori
1083 4779 1454 4843 conveniebat,
1480 4787 1536 4832 ut
1564 4795 1694 4849 puro
1720 4790 1774 4835 et
1800 4797 1923 4835 san-

336 4879 425 4923 cto
455 4877 607 4939 partu
639 4869 690 4922 in
722 4870 892 4923 lucem
936 4869 1203 4925 ederetur.
1239 4870 1355 4939 Ipse
1387 4886 1613 4940 namque
1641 4881 1744 4938 est,
1776 4874 1866 4942 qui
1892 4890 1924 4927 e

341 4970 483 5017 terra
512 4962 715 5030 virgine
743 4962 1011 5031 quondam
1039 4960 1289 5016 formavit
1315 4962 1596 5026 Adamum,
1620 4979 1690 5017 ex
1720 4963 1924 5017 Adamo

338 5072 473 5111 vero
511 5057 629 5111 sine
675 5056 901 5111 muliere
947 5057 1224 5111 mulierem
1262 5056 1578 5112 efformavit.
1606 5056 1753 5111 Sicut
1779 5059 1922 5114 enim

336 5152 456 5203 sine
497 5149 723 5204 muliere
767 5148 989 5218 protulit
1027 5150 1306 5204 mulierem
1354 5149 1608 5211 Adamus,
1640 5151 1717 5203 sic
1761 5151 1920 5203 etiam

340 5243 501 5311 Virgo
526 5243 642 5295 sine
671 5241 785 5295 viro
818 5240 1087 5295 hominem
1138 5238 1294 5295 hodie
1330 5242 1552 5309 peperit.
1586 5242 1756 5296 llomo
1778 5242 1920 5296 enim

336 5336 659 5405 e5t,inquit,
709 5345 764 5388 et
806 5336 925 5404 quis
975 5342 1263 5404 cognoscet
1315 5335 1472 5389 eum?
1500 5335 1633 5390 Nam
1672 5337 1921 5405 quoniam

338 5427 644 5483 hominibus
688 5442 856 5495 genus
903 5426 1159 5480 muliebre
1208 5424 1522 5479 beneficium
1553 5425 1803 5494 debebat,
1836 5437 1923 5481 ut-

340 5532 461 5593 pote
492 5519 637 5592 quod
664 5520 830 5574 Adam
856 5521 973 5575 sine
999 5519 1222 5573 muliere
1250 5519 1524 5571 mulierem
1551 5518 1879 5589 produxerat
1905 5536 1918 5572 :

343 5621 624 5680 propterea
664 5611 814 5677 virgo
860 5610 976 5665 sine
1016 5610 1129 5665 viro
1153 5610 1311 5665 hodie
1343 5610 1570 5680 peperit,
1600 5624 1662 5665 ac
1690 5625 1787 5679 pro
1813 5610 1921 5665 Eva

408 5783 424 5845 '_
459 5789 600 5845 _Beg.,
705 5780 903 5843 prodiit,
930 5788 1151 5845 naturam
1172 5783 1376 5841 vincens,
1400 5788 1591 5837 nunttas
1612 5795 1861 5845 superans.

406 5842 477 5904 (ιι)
512 5850 625 5899 Qum
663 5842 936 5904 sequuntur
965 5843 1029 5890 de
1072 5843 1399 5904 Iucarnalione
1431 5845 1605 5893 Christi
1643 5842 1926 5895 cencinnaia

345 5901 551 5955 citantur
567 5916 598 5957 δ
617 5910 663 5955 s.
689 5901 866 5968 (Σίτωο
889 5902 1223 5963 Alexandrino,
1243 5905 1289 5953 iu
1315 5903 1435 5953 libro
1466 5906 1523 5953 ad
1550 5908 1766 5969 neginas.

1515 428 1579 482 IN
1618 428 1945 484 NATALEM
1983 427 2255 484 CHRISTI
2296 431 2477 487 bII-III.

3536 438 3646 497 390

2069 545 2306 603 debitum
2344 550 2441 604 viri
2471 552 2746 621 persolvit.
2779 554 2848 611 Ut
2869 558 3012 611 enim
3038 572 3146 613 non
3175 562 3475 631 superbiret
3506 564 3647 618 Ada-

2069 652 2209 702 mus,
2240 640 2379 709 quod
2401 641 2518 696 sine
2543 642 2765 701 muliere
2791 647 3067 703 mulierem
3088 651 3417 721 protulisset,
3449 650 3647 710 idcirco

2066 739 2123 785 et
2143 732 2333 787 mulier
2351 734 2466 789 sine
2485 736 2599 791 viro
2626 738 2832 807 peperit
2851 739 3042 806 virum,
3070 752 3123 795 ut
3144 743 3383 798 miraculi
3409 759 3624 798 commu

2066 820 2228 879 nione
2257 834 2458 880 natura:
2487 828 2844 897 aequalitatem
2871 833 3193 889 ostenderet.
3225 834 3356 888 Nam
3383 834 3646 905 quemad-

2065 916 2281 971 modum
2307 919 2374 973 ah
2403 920 2608 975 Adamo
2635 931 2842 978 costam
2872 925 3110 990 abstulit,
3140 936 3193 981 et
3215 927 3479 983 Adamum
3512 926 3643 982 nihil

2063 1008 2329 1065 imminuit
2360 1029 2374 1065 :
2404 1013 2482 1067 sic
2520 1024 2573 1069 et
2602 1016 2657 1069 in
2682 1015 2901 1087 Virgine
2937 1019 3229 1073 animatum
3281 1020 3532 1090 templum
3561 1021 3641 1076 ef»

2062 1098 2232 1168 ﬁnxit,
2261 1112 2316 1157 et
2343 1104 2695 1175 virginitatem
2727 1109 2943 1163 minime
2981 1110 3161 1164 solvit.
3191 1112 3389 1167 Salvus
3406 1122 3459 1168 et
3487 1113 3631 1167 inco-

2061 1189 2218 1245 lumis
2257 1197 2512 1251 remansit
2557 1198 2716 1252 etiam
2764 1209 2884 1269 post
2926 1211 3088 1254 costa:
3118 1203 3462 1270 privationem
3494 1204 3635 1258 Ada-

2059 1284 2540 1356 mus:incorrupta
2588 1290 2747 1344 etiam
2803 1292 2953 1361 virgo
2998 1296 3309 1360 permansit,
3356 1306 3634 1365 postquam

2058 1372 2232 1428 infans
2256 1390 2321 1431 ex
2349 1393 2409 1431 ea
2442 1380 2655 1449 prodiit.
2686 1382 2888 1438 Idcirco
2926 1395 3104 1441 autem
3144 1402 3248 1440 non
3294 1387 3508 1443 aliunde
3535 1390 3636 1446 sibi

2058 1466 2313 1535 templum
2342 1472 2622 1535 exstruxit,
2655 1490 2825 1543 neque
2847 1477 2989 1530 aliud
3013 1493 3205 1546 corpus
3233 1480 3299 1532 fut
3315 1491 3512 1534 malum
3552 1482 3636 1534 in-

2054 1557 2188 1625 duit,
2214 1577 2283 1617 ne
2308 1579 2537 1619 massam
2562 1568 2749 1622 Adami
2775 1572 3094 1626 contumelia
3114 1572 3329 1628 afficere
3347 1573 3629 1627 videretur.

2052 1651 2182 1707 Nam
2210 1656 2459 1724 quoniam
2504 1658 2756 1729 deceptus
2784 1661 2967 1730 homo,
2998 1664 3191 1719 diaboli
3224 1664 3634 1721 instrumentum

2053 1742 2219 1799 factus
2242 1756 2376 1812 erat,
2407 1759 2684 1819 propterea
2705 1753 2876 1821 ipsum
2905 1757 2994 1824 qui
3021 1757 3387 1826 supplantatus
3423 1758 3629 1814 fuerat1

2053 1847 2319 1908 tamquam
2367 1843 2656 1911 animatum
2710 1847 2967 1915 templum
3006 1850 3257 1915 assumit,
3304 1862 3363 1905 ut
3417 1860 3633 1921 propter

2049 1926 2186 1983 hanc
2212 1945 2333 1985 cum
2362 1934 2767 1995 suoConditore
2792 1938 3221 2007 conjunctionem
3254 1942 3425 2011 ipsum
3454 1958 3489 1997 a
3515 1942 3631 1997 dia-

2047 2018 2156 2073 boli
2187 2025 2577 2081 consuetudine
2607 2044 2669 2082 ac
2692 2028 3047 2087 familiaritate
3075 2033 3377 2090 divelleret.
3406 2035 3630 2091 Verum-

2050 2118 2226 2166 tamen
2254 2114 2381 2169 dum
2421 2116 2480 2171 fit
2521 2117 2703 2182 homo,
2734 2136 2838 2176 non
2863 2131 2919 2176 ut
2948 2124 3107 2178 homo
3136 2134 3287 2195 partu
3313 2125 3507 2191 editur,
3536 2128 3631 2185 sed

2046 2212 2105 2257 ut
2136 2204 2277 2260 Deus
2303 2210 2553 2264 nascitur.
2586 2210 2642 2265 Si
2672 2213 2812 2267 enim
2838 2228 2904 2269 ex
2935 2217 3203 2270 communi
3233 2218 3482 2288 coniugio
3504 2234 3631 2289 pro.

2043 2294 2232 2351 diisset
2263 2307 2318 2351 ut
2345 2314 2466 2370 ego,
2499 2301 2809 2371 figmentum
2836 2320 2867 2359 a
2897 2307 3054 2376 vulgo
3078 2309 3415 2364 existimatus
3442 2322 3581 2367 esset
3612 2330 3625 2365 :

2039 2385 2149 2455 jam
2180 2404 2309 2444 vero
2336 2390 2535 2447 idcirco
2556 2410 2625 2449 ex
2651 2393 2865 2466 Virgine
2891 2399 3145 2466 nascitur,
3180 2415 3404 2457 nascens
3425 2411 3626 2471 autem,

2043 2488 2098 2535 et
2127 2492 2336 2537 uterum
2365 2485 2625 2541 illibatum
2650 2500 2951 2555 conservat,
2975 2499 3031 2545 et
3058 2492 3429 2548 intemeratam
3460 2496 3625 2566 virgi-

2043 2570 2261 2627 nitatem
2280 2577 2531 2641 custodit,
2554 2589 2611 2633 ut
2640 2580 2917 2635 inusitatus
2940 2582 3179 2652 pariendi
3206 2586 3394 2640 modus
3422 2601 3625 2658 magna:

2042 2666 2171 2719 mihi
2201 2666 2321 2723 fidei
2359 2672 2670 2727 conciliator
2716 2674 2958 2729 exsistat.
2989 2673 3141 2730 Unde
3162 2675 3276 2732 sive
3305 2692 3391 2731 me
3414 2679 3623 2748 gentilis

2039 2748 2152 2804 sive
2176 2751 2392 2808 Judteus
2418 2756 2730 2828 interroget,
2761 2774 2888 2812 num
2914 2758 3159 2815 Christus
3179 2777 3300 2815 cum
3332 2763 3629 2819 secundum

2039 2854 2280 2899 naturam
2312 2847 2450 2901 Deus
2470 2859 2632 2912 esset,
2655 2849 2816 2904 homo
2841 2862 3034 2920 prmter
3062 2867 3305 2908 uaruram
3332 2856 3403 2909 sit
3430 2855 3621 2925 factus,

2037 2927 2232 2995 dcam,
2261 2931 2348 2987 Sic
2375 2943 2456 2986 est
2481 2951 2493 2986 :
2520 2943 2574 2989 et
2614 2945 2803 2990 testem
2850 2938 3157 2992 inviolatum
3202 2939 3519 3010 virginitatis
3540 2944 3619 2999 si.

2035 3020 2221 3088 gilium
2253 3024 2429 3078 citabo
2460 3041 2475 3077 :
2505 3024 2574 3078 ita
2622 3042 2849 3097 namque
2890 3028 3028 3082 Deus
3058 3038 3158 3094 est,
3185 3034 3271 3101 qui
3302 3041 3504 3087 natura
3532 3048 3623 3088 or.

2035 3112 2212 3166 dinem
2246 3116 2562 3171 vincatzita
2614 3119 2813 3174 ventris
2860 3128 2942 3175 est
2990 3122 3163 3189 fictor,
3209 3134 3264 3176 et
3305 3123 3619 3193 virginitatis

2035 3204 2302 3274 inventor,
2335 3208 2423 3278 qui
2462 3218 2514 3262 et
2561 3210 2956 3267 immaculatum
3017 3213 3263 3270 habuerit
3331 3219 3620 3273 nativitatis

2036 3296 2276 3363 modum,
2304 3309 2359 3354 et
2399 3300 2737 3358 ineﬂ‘abiliter
2786 3307 3040 3376 templum
3092 3308 3213 3371 sibi,
3244 3324 3350 3378 quo
3396 3312 3620 3367 voluerit

2033 3390 2213 3457 modo,
2241 3394 2619 3449 construxerit.
2653 3394 2744 3450 Dic
2772 3398 2899 3451 mihi
2929 3414 3085 3469 ergo,
3110 3400 3311 3465 Judase,
3343 3405 3618 3471 peperitne

2032 3484 2200 3554 virgo,
2227 3487 2513 3543 annon'ISi
2567 3489 2709 3544 enim
2759 3492 2985 3559 peperit,
3036 3493 3339 3547 inusitatum
3394 3503 3605 3566 partum

2030 3577 2285 3632 confitere
2314 3595 2325 3628 ε
2361 3578 2501 3648 quod
2546 3580 2588 3633 si
2614 3596 2719 3635 non
2748 3585 2974 3651 peperit,
3002 3598 3099 3637 cur
3123 3583 3388 3639 Herodem
3420 3585 3613 3641 fefelli-

2029 3667 2131 3722 sti?
2157 3668 2236 3724 Tu
2257 3671 2402 3725 enim
2429 3671 2529 3740 ipsi
2545 3674 2856 3738 sciscitanti,
2890 3675 2976 3727 ubi
3009 3673 3253 3730 Christus
3278 3686 3611 3744 nasceretur,

2029 3759 2228 3826 dixisti,
2262 3760 2316 3815 In
2348 3762 2618 3818 Bethleem
2643 3763 2860 3819 Iudaee.
2904 3766 3039 3821 Num
3083 3767 3238 3836 igitur
3282 3785 3381 3839 ego
3425 3786 3613 3841 pagum

2029 3865 2284 3905 noveram
2314 3862 2405 3906 aut
2426 3854 2598 3908 locum
2628 3855 2839 3922 (Matth.
2887 3858 2941 3912 ‘2.
2970 3858 3066 3927 5)?
3094 3875 3217 3912 nuru
3261 3874 3358 3930 ego
3387 3861 3614 3930 dignita-

2031 3954 2137 3999 tem
2164 3945 2280 4015 ejus
2309 3949 2398 4017 qui
2427 3956 2579 4002 natus
2609 3961 2724 4002 erat
2751 3959 3083 4019 perspectam
3114 3950 3411 4005 habebam?
3436 3968 3615 4008 nonne

2031 4038 2193 4095 Isaias
2238 4040 2403 4110 ipsius
2448 4050 2715 4112 tamquam
2762 4043 2854 4097 Dei
2893 4045 3220 4099 u‘ientionem
3250 4044 3411 4100 fecit?
3441 4043 3616 4101 Puriet

2029 4132 2189 4197 enim,
2221 4132 2410 4201 inquit,
2446 4133 2632 4201 ﬁlium,
2675 4143 2723 4187 et
2760 4135 3006 4188 vocabunt
3040 4152 3218 4190 nomen
3260 4137 3369 4208 ejus
3405 4134 3616 4190 Emma-

2030 4223 2148 4276 nuel
2196 4222 2346 4295 (Isai.
2376 4225 2429 4277 7.
2462 4224 2572 4295 Η).
2602 4224 2791 4280 Nonne
2820 4241 2915 4279 vos
2944 4226 3168 4296 improbi
3198 4228 3392 4282 inimici
3420 4229 3617 4283 verita.

2030 4322 2137 4369 tem
2168 4315 2568 4371 introduxistis?
2620 4333 2797 4372 nonne
2839 4334 2934 4373 vos
2965 4320 3151 4373 scriba:
3176 4327 3230 4374 et
3254 4319 3506 4374 Pharisaei
3528 4320 3611 4373 diu

2031 4406 2253 4476 ligentes
2300 4408 2430 4477 legis
2472 4409 2847 4463 observatores
2896 4426 3086 4465 omnes
3128 4425 3213 4466 res
3247 4412 3362 4481 ejus
3394 4428 3489 4468 nus
3513 4415 3615 4469 do-

2030 4498 2215 4551 cuistis
2242 4498 2457 4570 (Matth.
2485 4500 2538 4564 1,
2570 4499 2704 4568 25)?
2727 4501 2980 4570 numquid
3026 4500 3337 4557 Hebraicam
3380 4507 3609 4577 linguam

2030 4606 2129 4645 nos
2180 4591 2472 4646 callemus?
2525 4608 2699 4648 nonne
2752 4608 2846 4646 vos
2913 4593 3215 4664 Scripturas
3284 4597 3614 4668 interpretati

2029 4684 2195 4737 estis?
2226 4683 2514 4752 Postquam
2543 4685 2690 4755 virgo
2720 4685 2943 4754 peperit,
2971 4694 3025 4740 et
3066 4694 3348 4757 antequam
3382 4703 3610 4758 pareret,

2030 4791 2096 4830 ne
2127 4776 2394 4830 videretur
2443 4778 2590 4831 locus
2637 4777 2723 4830 ille
2769 4780 2817 4830 in
2862 4778 3085 4848 gratiam
3137 4779 3342 4834 Domini
3384 4785 3611 4852 experti,

2031 4884 2208 4922 nonne
2252 4884 2348 4922 vos
2389 4869 2697 4939 interrogati
2748 4872 2816 4923 ab
2850 4869 3059 4926 Herode
3105 4883 3292 4927 testem
3338 4873 3611 4929 Michaeam

2031 4965 2345 5033 pwphetam
2387 4964 2701 5033 protulistis,
2726 4974 2784 5017 ut
2810 4979 3112 5019 sermonem
3138 4976 3368 5021 vestrum
3418 4966 3614 5020 confir-

2031 5058 2234 5111 maret?
2264 5057 2326 5109 Et
2353 5069 2404 5109 tu
2432 5058 2594 5120 enim,
2625 5058 2814 5126 inquit,
2844 5056 3096 5112 Bethleem
3137 5058 3314 5110 domus
3360 5056 3607 5125 Ephrem,

2032 5164 2343 5217 nequaquam
2378 5148 2589 5200 minima
2621 5164 2673 5201 es
2701 5149 2753 5202 in
2774 5150 3082 5218 principibus
3102 5147 3243 5201 Juda
3271 5163 3289 5199 :
3318 5163 3380 5199 ea:
3409 5161 3454 5200 te
3480 5149 3614 5205 enim

2032 5243 2158 5294 exiet
2203 5242 2327 5305 dux,
2354 5241 2439 5310 qui
2468 5251 2601 5311 reget
2638 5242 2879 5311 populum
2933 5258 3093 5294 meum
3132 5239 3296 5293 Israel
3344 5239 3526 5309 (Mich.
3557 5242 3610 5297 5.

2030 5329 2085 5397 ες
2117 5331 2303 5384 Matth.
2335 5332 2390 5384 9..
2414 5330 2491 5404 6).
2519 5332 2684 5386 Recte
2705 5333 2845 5386 dixit
2869 5333 3149 5400 propheta,
3175 5330 3255 5385 Ea:
3277 5341 3343 5385 te.
3366 5332 3442 5385 Ex
3463 5332 3613 5388 vobis

2032 5426 2181 5491 exiit,
2205 5432 2258 5478 et
2286 5424 2337 5478 in
2367 5424 2550 5480 orbem
2582 5434 2841 5478 terrarum
2868 5424 3031 5477 venit.
3057 5422 3155 5489 Qui
3185 5423 3325 5477 enim
3353 5432 3453 5486 est,
3487 5440 3585 5493 pro

2033 5519 2303 5588 greditur;
2336 5516 2426 5588 qui
2452 5531 2580 5572 vero
2606 5532 2713 5571 non
2741 5525 2842 5579 est,
2867 5522 3097 5577 creatur,
3128 5522 3220 5567 aut
3246 5514 3319 5568 fit.
3341 5515 3410 5568 At
3431 5516 3542 5583 ipse
3558 5524 3612 5569 et

2033 5623 2167 5675 erat,
2196 5622 2250 5667 et
2290 5621 2411 5663 ante
2444 5620 2578 5672 erat,
2608 5618 2663 5660 et
2702 5621 2913 5675 semper
2953 5614 3095 5658 erat:
3121 5604 3211 5657 sed
3244 5614 3360 5659 erat
3397 5605 3609 5675 quidem

2034 5718 2247 5773 semper
2277 5711 2335 5756 ut
2378 5703 2518 5756 Dens
2541 5743 2557 5769 ,
2598 5698 2850 5755 mundum
2902 5697 3204 5767 gubernans
3247 5717 3259 5751 :
3294 5698 3451 5753 hodie
3486 5714 3609 5753 vero

2100 5843 2115 5873 ι
2144 5840 2196 5889 In
2222 5847 2337 5899 Reg.
2363 5838 2561 5900 legitur,
2606 5840 2797 5898 propter
2841 5833 3054 5898 idt'psum
3098 5832 3225 5898 quod
3249 5833 3631 5884 instrummlrzm.

2036 5916 2137 5957 esse
2159 5902 2391 5953 rideatur.

2977 6085 3089 6106 "
