4102 6322
494 387 587 441 '59!

495 502 684 572 prodiit
713 518 727 554 :
761 510 816 556 ut
871 502 1032 559 homo
1072 503 1323 573 p0pnlum
1380 502 1552 573 regit,
1608 511 1668 557 ut
1709 502 1851 556 Deus
1896 512 2073 556 autem

491 595 675 648 orbem
730 604 991 649 tetrarum
1040 596 1244 649 salvum
1295 593 1438 649 fecit.
1467 592 1513 648 Ο
1550 592 1808 664 benignos
1850 592 2070 649 hostes!

490 702 525 739 o
575 687 844 742 modesms
892 702 956 741 ac
1006 686 1164 741 mites
1218 696 1589 752 accusatores,
1638 688 1727 756 qui
1781 697 1962 741 natum
2019 686 2074 741 in

491 778 761 833 Bethleem
839 779 1004 834 Deum
1084 793 1205 833 esse
1284 778 1649 848 imprudentes
1711 779 2071 834 indicarunt:

487 873 573 941 qui
604 873 850 926 latentem
879 874 929 927 in
960 873 1221 943 praesepio
1252 872 1531 926 Dominum
1563 881 1745 926 notum
1787 872 2066 939 fecerunt,

486 964 576 1031 qui
596 966 859 1031 jacentem
886 964 936 1018 in
959 966 1211 1033 spelunca
1237 963 1386 1017 inviti
1409 962 1727 1027 indicarunt,
1746 973 1800 1018 et
1813 963 2073 1020 beneﬁcio

486 1058 732 1113 nolentes
756 1073 850 1112 sua
880 1067 1068 1129 sponte
1093 1071 1191 1111 nos
1229 1055 1555 1119 affecerunt,
1584 1056 1919 1122 revelarunt,
1949 1071 2070 1110 cum

485 1151 753 1205 occultare
791 1150 1153 1205 conarentur!
1210 1146 1372 1202 Vides
1428 1147 1701 1217 imperitos
1744 1148 2073 1218 magistros?

485 1244 614 1310 Qua:
634 1243 830 1298 docent
860 1242 959 1313 ipsi
986 1241 1233 1296 nesciunt
1261 1259 1276 1295 :
1304 1240 1443 1295 fame
1465 1240 1691 1295 confecti
1721 1241 1979 1306 nutriunt,
2001 1242 2072 1295 si-

485 1336 679 1390 tientes
706 1343 886 1405 potum
912 1333 1183 1401 prmbeut,
1213 1341 1447 1402 egestate
1470 1334 1638 1402 pressi
1663 1333 1852 1387 ditant.
1882 1333 2070 1388 Venite

397 1460 400 1463 η
483 1427 643 1497 igitur
673 1467 689 1493 ,
733 1426 924 1481 festum
952 1441 1171 1496 agamus
1192 1466 1206 1491 ,
1237 1426 1436 1487 venite.
1468 1426 1870 1482 solemnitatem
1927 1427 2071 1481 cele-

482 1519 717 1574 bremus.
749 1518 1034 1572 luusitatus
1059 1517 1199 1571 enim
1228 1528 1310 1571 est
1337 1516 1637 1572 festivitatis
1662 1517 1871 1582 modus,
1902 1534 2071 1589 quan-

482 1613 767 1683 doquidem
804 1622 858 1666 et
887 1611 1213 1665 incredibilis
1243 1621 1325 1665 est
1352 1625 1530 1665 sermo
1560 1610 1868 1665 nativitatis.
1899 1611 2070 1667 Hodie

485 1719 711 1773 namque
742 1712 892 1758 vetus
915 1703 1145 1757 solutum
1175 1710 1259 1757 est
1286 1701 1577 1768 vinculum,
1607 1702 1855 1758 diabolus
1881 1702 2069 1759 confu-

482 1818 574 1856 sus
602 1811 705 1867 est,
745 1801 1017 1856 daemones
1059 1799 1420 1870 aufugerunt,
1453 1800 1721 1855 destructa
1758 1813 1905 1854 mors
1946 1806 2063 1865 est,

484 1894 757 1963 paradisus
782 1901 1048 1948 reseratas
1077 1934 1092 1958 ,
1122 1892 1427 1947 maledictio
1456 1892 1629 1948 deleta
1653 1903 1754 1958 est,
1786 1900 2065 1963 peccatum

481 2006 511 2041 e
541 1988 716 2043 medio
743 1987 1008 2042 sublatum
1034 1998 1137 2053 est,
1166 1987 1439 2058 ablegatus
1462 1997 1545 2042 est
1563 2002 1735 2055 error,
1761 1988 1956 2043 veritas
1980 2002 2067 2042 re-

479 2077 610 2141 diit,
642 2087 696 2132 et
719 2079 930 2148 pietatis
968 2093 1145 2133 sermo
1175 2079 1522 2149 undeqnaque
1547 2079 1924 2134 disseminatus
1952 2088 2062 2145 est,

478 2180 533 2225 et
564 2172 797 2226 cucurrit
824 2190 839 2227 :
871 2172 1205 2227 conversatio
1253 2172 1484 2228 caelitum
1532 2173 1583 2226 in
1631 2174 1787 2228 terris
1834 2173 2065 2242 plantata

478 2263 798 2333 estzangeli
826 2278 947 2317 cum
999 2264 1304 2319 hominibus
1336 2264 1772 2331 communicant,
1819 2264 2063 2320 homines

476 2373 597 2412 cum
630 2358 830 2428 angelis
869 2358 1132 2428 intrepide
1170 2359 1565 2428 colloquuntur.
1602 2359 1739 2426 Quid
1773 2360 1878 2414 ita?
1914 2360 2065 2427 Quc-

477 2453 619 2505 niam
650 2453 789 2507 Deus
814 2453 865 2506 in
896 2462 1092 2508 terram
1126 2453 1300 2517 venit,
1345 2462 1400 2506 et
1425 2453 1584 2507 homo
1614 2453 1667 2507 in
1696 2453 1885 2508 caelum
1906 2494 1922 2517 ,
1949 2468 2063 2507 om-

478 2545 563 2597 nia
596 2545 792 2614 passim
818 2544 1105 2598 commixta
1134 2554 1279 2598 sunt.
1310 2542 1468 2598 Venit
1491 2545 1632 2598 enim
1656 2545 1707 2598 in
1736 2553 1875 2599 terra
1896 2588 1910 2611 ,
1942 2562 2062 2602 cum

478 2645 619 2689 totus
650 2636 700 2688 in
729 2636 862 2689 cazlo
890 2635 959 2689 sit
990 2654 999 2688 :
1028 2650 1259 2705 cumque
1289 2644 1431 2689 totus
1458 2635 1509 2689 in
1539 2636 1669 2690 caelo
1693 2637 1783 2702 sit,
1815 2646 1954 2691 totus
1984 2646 2066 2692 est

476 2728 527 2780 in
559 2738 720 2781 terra.
751 2726 885 2781 Cum
913 2736 1064 2780 esset
1101 2727 1239 2781 Deus
1264 2768 1275 2792 ,
1307 2725 1479 2781 factus
1503 2736 1584 2780 est
1608 2727 1767 2781 homo
1790 2768 1802 2791 ,
1832 2742 1937 2782 non
1968 2745 2063 2783 ne-

473 2835 608 2889 gans
633 2835 691 2874 se
718 2821 882 2874 Deum
910 2835 1029 2874 esse
1063 2837 1077 2873 :
1108 2835 1228 2873 cum
1261 2826 1407 2874 esset
1455 2819 1683 2875 Verbum
1730 2820 2022 2890 impatibile
2046 2863 2062 2887 ,

475 2910 646 2965 factus
672 2920 754 2965 est
777 2926 905 2965 caro
935 2928 947 2962 :
983 2918 1041 2965 ut
1064 2910 1329 2966 habitaret
1349 2911 1399 2965 in
1425 2911 1576 2967 nobis
1602 2925 1729 2967 caro
1761 2912 1930 2968 factus
1959 2922 2060 2968 est.

474 3001 615 3057 Deus
641 3002 782 3057 enim
815 3002 986 3057 factus
1030 3019 1136 3056 non
1159 3013 1279 3069 est,
1322 3002 1416 3058 sed
1441 3012 1576 3058 erat.
1619 3004 1908 3074 Pr0pterea
1937 3020 2064 3061 caro

475 3094 645 3150 factus
673 3104 757 3150 est
777 3138 790 3161 ,
823 3104 879 3149 ut
906 3112 1062 3167 quem
1088 3097 1276 3151 caelum
1306 3111 1409 3151 non
1438 3097 1700 3167 capiebat,
1735 3098 1892 3154 hodie
1924 3116 2061 3169 pra:-

473 3189 679 3260 sepium
709 3190 1020 3259 susciperet.
1054 3190 1340 3260 PrOpterea
1367 3191 1581 3261 ponitur
1610 3191 1662 3245 in
1697 3193 1978 3263 praasepio,
2007 3203 2065 3248 ut

472 3282 520 3334 is
550 3296 579 3333 a
606 3297 711 3351 quo
737 3282 1042 3336 nutriuntur
1069 3283 1246 3336 omnia
1272 3282 1479 3352 pueruli
1506 3284 1816 3337 alimentum
1843 3300 1873 3337 a
1900 3285 2060 3355 virgi-

472 3389 540 3429 ne
580 3384 749 3428 matre
791 3374 1035 3443 accipiat.
1088 3373 1374 3443 Propterea
1414 3373 1710 3428 futurorum
1742 3375 2059 3429 Sarculorum

471 3467 630 3522 Pater
674 3476 942 3536 tamquam
983 3467 1050 3521 ab
1096 3465 1262 3521 ubere
1301 3465 1542 3537 pendens
1577 3465 1751 3520 infans
1798 3467 2064 3536 virgineas

473 3559 692 3613 minimc
724 3558 916 3629 refugit
950 3559 1137 3623 ulnas,
1183 3567 1241 3612 ut
1263 3559 1436 3629 magis
1471 3571 1689 3614 accessu
1742 3557 1908 3612 facilis
1950 3560 2059 3611 flat.

471 3651 741 3721 Siquidem
770 3661 824 3706 et
853 3652 1012 3707 hodie
1036 3651 1169 3721 magi
1197 3650 1549 3715 advenerunt,
1580 3660 1634 3704 et
1660 3659 1941 3721 tyrannum
1964 3649 2062 3704 ab-

472 3745 699 3816 negandi
741 3746 948 3800 initium
989 3744 1269 3810 fecerunt,
1312 3753 1366 3798 et
1392 3743 1581 3797 caelum
1612 3743 1899 3813 gloriatur,
1935 3742 2062 3796 dum

472 3855 569 3908 per
596 3838 803 3893 stellam
837 3837 1115 3892 Dominum
1145 3851 1297 3889 suum
1325 3834 1522 3889 indicat
1546 3875 1561 3900 ,
1599 3844 1653 3890 et
1680 3850 1841 3903 super
1868 3834 2060 3889 nubem

473 3932 643 3986 levem
684 3931 925 4000 corporis
955 3933 1035 3984 sui
1070 3930 1263 3984 sedens
1307 3929 1560 3983 Dominus
1587 3930 1755 3984 currit
1798 3930 1849 3983 in
1896 3928 2061 3999 Aﬂgy-

472 4034 621 4092 ptum
654 4040 669 4077 :
698 4033 751 4076 et
777 4022 957 4093 fugere
985 4022 1199 4093 quidem
1235 4021 1459 4076 llerodis
1485 4021 1692 4075 videtur
1718 4022 1935 4076 insidias
1958 4064 1973 4087 ,
2003 4038 2063 4077 re

472 4124 649 4168 autem
688 4130 811 4169 vera
843 4115 983 4185 quod
1023 4115 1090 4169 ab
1126 4114 1259 4168 Isaia
1304 4113 1504 4168 dictum
1551 4111 1723 4167 fuerat
1762 4113 2061 4183 adimplet:

479 4220 499 4250 ε
524 4201 813 4264 Eritcnim,
839 4220 857 4252 ι
885 4200 1075 4270 inquit,
1099 4217 1118 4250 ‹
1142 4199 1192 4251 in
1222 4199 1306 4253 die
1330 4200 1417 4252 illa
1438 4198 1597 4251 Israel
1615 4198 1799 4252 tertius
1817 4200 1866 4251 in
1894 4200 2061 4269 Assy—

466 4295 567 4348 riis
591 4335 605 4359 ,
638 4302 692 4347 et
718 4294 768 4347 in
802 4293 1068 4365 Egyptiis
1094 4293 1405 4347 benedictus
1434 4293 1537 4346 erit
1567 4290 1793 4360 populus
1829 4306 1980 4347 meus
2010 4293 2061 4348 in

476 4398 655 4449 terra,
703 4402 860 4457 quam
904 4386 1176 4441 benedixit
1222 4385 1476 4439 Dominus
1516 4382 1790 4448 Sabaoth,
1835 4383 2059 4439 dicens:

473 4478 794 4534 Benedictus
818 4478 922 4534 erit
949 4479 1174 4549 p0pulus
1216 4492 1366 4532 meus
1397 4477 1486 4546 qui
1514 4480 1567 4529 in
1599 4474 1834 4547 ngypto
1879 4484 1934 4530 et
1972 4476 2060 4545 qui

474 4574 526 4625 iu
555 4571 790 4641 Assyriis
816 4580 869 4623 et
893 4572 982 4640 qui
1009 4570 1059 4623 in
1090 4569 1250 4624 israel
1279 4588 1299 4621 ι
1330 4570 1349 4642 (
1378 4566 1505 4622 Isai.
1537 4568 1623 4623 i9.
1652 4567 1743 4622 24.
1768 4567 1891 4639 25).
1924 4566 2060 4633 Quid

475 4666 596 4734 ais,
643 4664 870 4722 Judmc?
917 4665 1005 4734 qui
1056 4667 1257 4735 primus
1294 4681 1454 4733 eras,
1502 4666 1691 4719 tertius
1741 4664 1913 4719 factus
1962 4664 2065 4717 es?

474 4760 713 4833 [Egyptii
737 4768 793 4815 et
817 4759 1019 4831 Assyrii
1051 4759 1142 4813 tibi
1169 4760 1388 4814 antelati
1418 4767 1563 4825 sunt,
1594 4766 1650 4813 et
1677 4756 2061 4827 primogenitus

474 4855 636 4911 Israel
666 4868 889 4909 numero
919 4853 1181 4923 posterior
1216 4853 1341 4906 est?
1387 4853 1462 4907 Ita
1493 4861 1576 4907 est
1611 4870 1623 4906 :
1655 4850 1851 4905 merito
1894 4850 2062 4919 Assy-

476 4954 538 5007 rii
569 4951 727 5022 primi
754 4958 909 5005 erunt
943 4967 957 5003 :
984 4946 1414 5017 quandoquidem
1437 4957 1491 5001 et
1512 4946 1611 5015 ipsi
1641 4945 1795 5016 primi
1824 4958 1921 5015 per
1947 4959 2063 4997 ma-

475 5063 570 5114 gos
604 5059 726 5099 eum
770 5043 1167 5097 adoraverunt:
1197 5038 1430 5110 Egyptii
1472 5055 1599 5093 vero
1623 5046 1743 5107 post
1776 5037 2026 5109 Assyrios
2047 5078 2063 5104 ,

476 5135 913 5207 quandoquidem
936 5135 1107 5202 ipsum
1131 5130 1357 5184 Herodis
1376 5130 1591 5184 insidias
1609 5129 1894 5201 fugientem
1916 5144 2065 5185 exce-

477 5239 705 5299 perunt;
738 5238 1012 5298 postremo
1036 5240 1165 5279 vero
1193 5224 1310 5277 loco
1339 5234 1647 5276 numeratur
1680 5222 1862 5290 Israel,
1891 5239 2065 5293 quan-

478 5319 763 5387 doquidem
790 5327 908 5388 post
927 5329 1204 5370 ascensum
1234 5313 1349 5382 ejus
1369 5329 1433 5367 ex
1459 5312 1693 5368 .lordane
1716 5322 1822 5367 tum
1849 5314 2063 5368 demum

478 5429 574 5482 per
608 5412 878 5482 apostolus
904 5426 1024 5466 eum
1051 5417 1406 5480 agnoverunt.
1451 5406 1726 5476 Ingressus
1765 5416 1847 5462 est
1887 5419 2065 5462 autem

478 5507 771 5578 Aigyptnm
796 5547 812 5573 ,
856 5504 1166 5559 concutiens
1192 5499 1406 5571 Egypti
1435 5499 1731 5554 mannfacta
1753 5542 1767 5564 ,
1801 5517 1906 5554 non
1929 5516 2065 5571 quo-

481 5614 587 5668 quo
615 5599 807 5663 modo,
839 5597 931 5651 sed
965 5606 1239 5667 postquam
1268 5591 1483 5663 Egypti
1518 5591 1775 5645 vesﬁbnla
1811 5593 2072 5647 conclusit

483 5693 697 5743 interitu
744 5689 1218 5759 primogenitorum
1273 5683 1435 5757 (fsai.
1492 5683 1581 5738 l9.
1638 5685 1724 5753 ί).
1779 5684 2068 5754 Propterea

484 5796 751 5852 tamquam
770 5781 1160 5853 primogenitus
1183 5778 1343 5833 hodie
1368 5778 1639 5849 ingressus
1659 5785 1742 5832 est
1766 5786 1823 5831 ut
1839 5777 2072 5847 antiquae

487 5850 1000 5936 iiimstitiie'luctum
1036 5850 1289 5929 solveret.
1338 5870 1753 5943 Primogenitum
1796 5884 1925 5927 vero
1966 5870 2071 5925 dici

1225 384 1282 441 S.
1321 382 1606 441 JOANNIS
1640 385 2127 446 CllRYSOSTOMl
2182 391 2497 448 AHCHIEP.
2540 387 3082 447 CONSTANTINOP.

3661 408 3752 464 592

2189 501 2456 560 Christum
2489 515 2712 563 testatur
2738 508 2898 566 hodie
2926 511 3094 568 Lucas
3114 514 3436 585 evangelista
3468 532 3587 571 cum
3614 519 3753 575 dicit:

2180 594 2249 650 Et
2276 600 2464 667 peperit
2485 600 2649 669 ﬁlium
2673 619 2823 656 suum
2846 606 3250 675 primogenitum,
3280 620 3328 662 et
3354 612 3535 677 pannis
3563 611 3755 667 involvit

2179 705 2325 754 eum,
2358 701 2405 744 et
2429 693 2688 747 reclinavit
2715 712 2828 749 eum
2865 698 2920 750 in
2963 700 3245 767 praesepio,
3286 701 3406 769 quia
3431 717 3534 755 non
3561 714 3665 755 erat
3690 706 3755 759 eis

2180 780 2320 835 ιοαιε
2362 783 2417 836 in
2461 783 2733 839 diversorio
2769 786 3104 857 (Luc.2.7).
3155 788 3431 860 ingressus
3478 801 3562 848 est
3606 794 3755 864 igitur

2178 872 2469 945 Egyptum
2498 886 2556 930 ut
2581 877 2813 948 antiquae
2850 881 3119 935 mestitiae
3153 882 3355 937 luctum
3397 885 3632 941 solveret
3663 905 3675 941 :
3707 900 3754 943 et

2178 966 2449 1036 plagarum
2492 968 2609 1023 loco
2636 970 2887 1039 gaudium
2915 971 3112 1026 invexit
3136 1014 3151 1039 ,
3181 983 3232 1027 et
3263 973 3381 1029 loco
3406 978 3580 1030 noctis
3604 986 3755 1048 atque

2176 1058 2517 1114 tenebrarum
2550 1059 2728 1115 lumen
2774 1061 2960 1116 salutis
2989 1062 3210 1133 largitus
3243 1072 3344 1120 est.
3390 1064 3753 1123 Contaminata

2177 1158 2304 1204 tunc
2334 1149 2431 1205 fuit
2471 1166 2607 1222 aqua
2652 1151 2885 1207 fluminis
2929 1153 3230 1210 immaturae
3272 1157 3445 1213 aetatis
3481 1158 3755 1214 infantium

2173 1240 2342 1296 cardo.
2383 1241 2655 1312 Ingressus
2681 1252 2764 1298 est
2792 1245 2947 1315 igitur
2977 1246 3027 1299 in
3057 1245 3345 1317 Egyptum
3373 1250 3419 1304 is
3452 1251 3543 1321 qui
3567 1267 3753 1321 aquam

2174 1332 2389 1386 rubram
2424 1334 2764 1401 reddiderat,
2795 1344 2852 1391 et
2880 1335 3110 1392 ﬂuminis
3135 1338 3352 1394 liuentis
3377 1342 3483 1395 vim
3510 1343 3754 1413 gignendi

2173 1424 2400 1479 Salutem
2451 1425 2679 1493 indidit,
2724 1442 3018 1498 eorumque
3065 1429 3423 1499 impuritatem
3470 1448 3533 1488 ac
3569 1433 3756 1489 sordes

2175 1516 2404 1588 Spiritus
2432 1520 2628 1576 virtute
2651 1521 2940 1590 purgavit‘.
2963 1520 3159 1577 Afilicti
3181 1521 3398 1578 fuerunt
3418 1523 3678 1598 Egyptii,
3703 1536 3756 1582 et

2176 1609 2357 1665 furore
2379 1612 2611 1682 correpti
2635 1614 2798 1667 Deum
2820 1614 3172 1684 abuegarunt.
3198 1615 3472 1686 ingressus
3496 1618 3757 1690 estigitur

2176 1704 2228 1757 in
2252 1704 2541 1774 [Egyptum
2564 1746 2580 1771 ,
2624 1705 2899 1775 religiosas
2922 1708 3127 1762 animas
3156 1709 3462 1778 cognitione
3487 1710 3581 1766 Dei
3604 1725 3753 1766 com-

2171 1795 2323 1864 piens
2346 1837 2360 1860 ,
2393 1795 2570 1850 elfecit
2596 1804 2655 1851 ut
2690 1797 2886 1852 flumen
2918 1798 3258 1855 fecundiores
3292 1800 3453 1870 spicis
3493 1814 3755 1875 martyres

2168 1888 2359 1942 aleret.
2382 1886 2485 1942 Sed
2511 1898 2727 1958 propter
2749 1890 3023 1961 angustias
3044 1891 3302 1961 temporis
3328 1890 3429 1947 hoc
3449 1893 3568 1949 loco
3595 1896 3754 1950 statui

2170 1978 2330 2033 tinem
2361 1977 2539 2034 facere
2562 1978 2793 2047 dicendi,
2822 1979 2963 2050 quod
2987 1980 3247 2051 reliquum
3270 1993 3354 2039 est
3383 1986 3582 2054 negotii
3605 1987 3755 2041 vobis

2170 2070 2222 2124 in
2251 2070 2392 2125 diem
2417 2081 2729 2142 sequentem
2760 2081 3131 2127 reservaturus
3155 2091 3167 2126 :
3202 2074 3289 2128 hic
3314 2084 3492 2130 autem
3520 2078 3751 2132 orationi

2170 2162 2330 2218 ﬁnem
2362 2163 2651 2234 imponam,
2684 2163 2772 2217 ubi
2801 2163 2905 2218 hoc
2931 2164 3238 2234 explevero,
3270 2180 3377 2235 quo
3406 2177 3560 2236 pacto
3591 2170 3753 2224 nimi-

2169 2271 2285 2309 rum
2310 2297 2323 2319 ,
2371 2270 2493 2310 cum
2524 2256 2819 2325 impatibile
2843 2256 3074 2311 Verbum
3101 2266 3278 2326 esset,
3308 2274 3433 2315 caro
3460 2260 3661 2316 factum
3687 2262 3755 2317 sit

2170 2348 2443 2402 immutata
2474 2359 2722 2404 manente
2762 2361 2968 2404 natura.
2999 2351 3135 2416 Quid
3162 2352 3334 2406 dicam
3355 2393 3370 2414 ,
3399 2364 3491 2408 aut
3520 2356 3649 2425 quid
3674 2356 3753 2410 lo-

2167 2441 2344 2510 quar?
2373 2440 2603 2495 Fabrum
2636 2452 2690 2496 et
2717 2456 2954 2510 praisepe
2983 2443 3137 2496 video
3165 2452 3219 2496 et
3245 2442 3501 2499 infantem
3524 2487 3538 2509 ,
3572 2458 3627 2500 et
3657 2463 3752 2502 cu-

2170 2548 2355 2586 narum
2388 2533 2576 2587 fascias
2597 2575 2610 2597 ,
2646 2544 2700 2587 et
2726 2533 2946 2603 virginis
2978 2544 3184 2603 partum
3227 2534 3387 2590 rebus
3436 2541 3756 2594 necessariis

2168 2627 2498 2691 destitutum,
2527 2628 2703 2680 omnia
2730 2636 2969 2697 egestate
2992 2642 3198 2697 pressa,
3231 2630 3407 2685 omnia
3440 2631 3597 2701 plena
3627 2648 3756 2701 pau—

2169 2722 2406 2790 pertatis.
2441 2720 2625 2774 Vidisti
2652 2720 2860 2775 divitias
2886 2722 2939 2775 in
2961 2724 3130 2777 tnulta
3147 2725 3618 2794 paupertate?quo
3644 2741 3755 2780 nio-

2166 2815 2234 2868 du
2260 2829 2378 2868 cum
2405 2814 2554 2870 dives
2578 2823 2740 2881 esset,
2778 2830 2976 2885 egenus
3003 2825 3085 2870 est
3124 2826 3302 2872 nostra
3339 2833 3499 2873 causa
3540 2818 3754 2875 factus?

2166 2924 2275 2979 quo
2302 2908 2460 2962 modo
2493 2924 2665 2979 neque
2707 2909 2939 2974 lectum,
2988 2926 3158 2981 neque
3204 2911 3495 2981 stragulum
3532 2910 3753 2977 habuit,

2166 3002 2262 3056 sed
2290 3002 2339 3055 in
2370 3001 2512 3057 nudo
2536 3002 2759 3072 praesepi
2791 3010 2906 3056 erat
2938 3003 3247 3071 projectus?
3287 3003 3332 3058 Ο
3362 3013 3753 3075 paupertatem,

2165 3092 2471 3147 divitiarum
2505 3094 2740 3147 fontem!
2773 3107 2805 3146 o
2834 3092 3047 3148 divitias
3076 3095 3393 3160 immensas,
3424 3098 3756 3164 paupertatis

2166 3185 2400 3255 Speciem
2432 3200 2540 3253 pra:
2560 3200 2619 3239 se
2646 3183 2917 3240 ferentes!
2950 3185 3007 3240 ln
3038 3186 3262 3255 praesepi
3284 3186 3426 3256 jacet
3446 3228 3462 3253 ,
3495 3196 3549 3242 et
3569 3189 3755 3243 orbem

2169 3288 2431 3331 terrarum
2476 3278 2752 3342 concutit;
2800 3277 2977 3332 fasciis
3028 3294 3283 3333 cunarum
3333 3278 3656 3346 involvitur,
3704 3290 3758 3334 et

2166 3370 2368 3440 peccati
2398 3370 2606 3423 vincula
2633 3369 2913 3439 disrumpit
2938 3386 2954 3434 ;
2993 3371 3229 3425 nondum
3255 3372 3306 3426 in
3341 3386 3521 3427 vocem
3549 3374 3757 3428 articu-

2166 3462 2325 3516 latam
2354 3464 2566 3531 erupit,
2601 3470 2657 3517 et
2683 3478 2866 3533 magos
2891 3463 3141 3529 edocuit,
3172 3472 3226 3518 et
3249 3463 3316 3519 ad
3346 3466 3756 3520 conversionem

2165 3557 2474 3612 commovit.
2509 3555 2642 3623 Quid
2670 3555 2866 3620 dicam,
2895 3567 2986 3609 aut
3007 3556 3131 3626 quid
3162 3556 3385 3626 loquar?
3411 3557 3550 3612 Ecce
3579 3557 3760 3612 infans

2167 3652 2344 3706 fasciis
2368 3652 2677 3715 involvitur,
2705 3661 2759 3705 et
2788 3651 2839 3704 in
2866 3652 3089 3721 prmsepi
3108 3651 3250 3720 jacet
3279 3668 3293 3705 :
3322 3650 3475 3706 adest
3498 3659 3681 3707 autem
3704 3660 3758 3705 et

2166 3748 2329 3802 Maria
2359 3763 2477 3817 quae
2518 3746 2670 3816 virgo
2713 3754 2766 3800 et
2802 3756 2971 3798 mater
2999 3756 3080 3798 est
3111 3762 3122 3795 :
3168 3744 3355 3798 aderat
3379 3755 3554 3797 autem
3578 3754 3631 3797 ct
3662 3742 3757 3797 Jo-

2167 3841 2319 3911 scph,
2352 3840 2442 3910 qui
2474 3850 2624 3909 pater
2652 3839 2969 3909 appellatur.
3004 3837 3098 3892 llic
3128 3839 3207 3892 vir
3237 3838 3466 3903 dicitur,
3501 3838 3586 3891 illa
3621 3852 3759 3892 uxor

2167 3946 2391 3989 vocatur
2419 3952 2430 3987 :
2466 3933 2699 4003 legitima
2728 3942 2851 3988 sunt
2881 3931 3092 3985 nomina
3115 3931 3453 4001 copulatione
3478 3929 3753 3985 destituta.

2172 4026 2465 4080 Verborum
2492 4033 2647 4079 tenus
2671 4024 2784 4078 haec
2801 4024 2928 4078 mihi
2953 4023 3213 4092 intellige,
3237 4037 3345 4076 non
3369 4037 3546 4076 rerum
3575 4031 3755 4075 tenus.

2171 4120 2265 4175 llic
2291 4120 2461 4173 solum
2489 4118 2853 4187 deSponsavit,
2887 4125 2941 4171 ct
2968 4116 3197 4186 Spiritus
3224 4126 3438 4169 sanctus
3466 4115 3757 4170 obumbra-

2167 4216 2242 4268 vit
2265 4214 2313 4268 ei
2346 4230 2359 4266 :
2393 4212 2534 4267 unde
2563 4212 2812 4266 dubitans
2832 4210 3032 4279 Joseph
3054 4252 3069 4275 ,
3111 4209 3239 4280 quid
3261 4210 3554 4279 appellaret
3585 4211 3760 4262 infan-

2174 4317 2279 4361 tem
2312 4305 2604 4359 nesciebat.
2640 4305 2716 4357 Ex
2737 4302 2997 4356 adulterio
3027 4312 3207 4355 natum
3234 4300 3413 4354 dicere
3440 4300 3615 4369 ipsum
3646 4314 3758 4353 non

2167 4398 2414 4463 audebat,
2437 4396 2749 4467 probrosum
2768 4394 2820 4448 in
2850 4394 3104 4463 virginem
3123 4393 3303 4461 jacere
3323 4405 3625 4445 sermonem
3649 4405 3759 4443 non

2169 4498 2396 4561 poterat,
2433 4488 2599 4542 tilium
2631 4488 2802 4556 ipsum
2831 4484 3012 4539 dicere
3037 4499 3192 4537 suum
3222 4481 3521 4553 refugiebat
3546 4498 3560 4534 :
3590 4480 3764 4551 probe

2172 4595 2401 4651 namque
2427 4581 2629 4634 sciebat
2648 4578 2748 4632 sibi
2778 4578 3013 4647 ignotum
3035 4589 3177 4639 esse,
3205 4589 3312 4644 quo
3339 4581 3516 4644 pacto,
3546 4573 3630 4627 vel
3659 4587 3767 4627 uno

2169 4673 2237 4728 de
2266 4672 2438 4727 infans
2459 4679 2614 4725 natus
2633 4675 2778 4724 esset
2812 4685 2824 4722 :
2856 4681 3014 4737 quam
3040 4667 3109 4719 ob
3133 4680 3347 4719 causam
3378 4664 3450 4719 illi
3481 4663 3555 4719 de
3581 4680 3639 4719 re
3660 4663 3769 4719 du-

2175 4764 2363 4820 bitanti
2385 4804 2399 4828 ,
2430 4762 2497 4818 de
2524 4761 2656 4817 caelo
2685 4760 2961 4814 oraculum
3007 4757 3178 4828 angeli
3210 4772 3338 4812 voce
3365 4756 3597 4812 delatum
3628 4764 3717 4813 est
3747 4774 3763 4811 :

2179 4857 2306 4912 Noli
2331 4859 2519 4921 timere,
2549 4853 2742 4925 Ioseph
2771 4868 2787 4905 :
2815 4852 2949 4922 quod
2978 4853 3109 4904 enim
3134 4866 3197 4905 ea:
3220 4867 3277 4903 ea
3303 4850 3524 4920 genitum
3554 4858 3624 4903 est
3647 4890 3665 4917 ,
3700 4848 3770 4902 de

2177 4949 2376 5019 Spiritu
2399 4956 2571 5001 sancto
2598 4957 2669 4999 est
2692 4943 2914 5018 (Matth.
2952 4944 3003 4997 l.
3026 4943 3153 5013 20).
3200 4941 3428 5011 Spiritus
3456 4941 3601 4996 enim
3628 4955 3767 4994 san-

2176 5050 2295 5095 ctus
2321 5040 2508 5109 virgini
2536 5037 2887 5093 obumbravit.
2917 5035 3092 5102 Quare
3119 5049 3245 5087 vero
3266 5049 3331 5087 ex
3355 5032 3558 5103 virgine
3586 5032 3771 5087 nasci-

2178 5143 2296 5197 tur,
2324 5142 2378 5187 et
2407 5130 2761 5199 virginitatem
2794 5127 3046 5181 illibatam
3077 5126 3298 5179 servat?
3323 5124 3457 5189 Quia
3487 5122 3770 5193 quondam

2175 5228 2430 5299 virginem
2465 5225 2626 5279 Evam
2654 5221 2865 5291 decepit
2891 5220 3137 5275 diabolus
3157 5261 3171 5283 ,
3202 5218 3399 5272 idcirco
3420 5216 3485 5271 ad
3514 5216 3769 5277 Mariam,

2174 5336 2295 5389 qua:
2321 5321 2468 5388 virgo
2493 5325 2628 5382 erat,
2658 5314 2866 5370 felicem
2897 5313 3137 5367 nuntium
3165 5309 3380 5365 Gabriel
3411 5308 3619 5363 detulit.
3650 5305 3771 5361 Sed

2175 5414 2393 5480 decepta
2422 5409 2636 5478 quidem
2668 5406 2775 5460 Eva
2808 5406 3015 5475 peperit
3046 5403 3264 5458 verbum
3291 5443 3305 5466 ,
3344 5402 3486 5471 quod
3532 5410 3771 5454 mortem

2178 5503 2352 5559 intulit
2382 5520 2394 5555 :
2423 5510 2479 5555 at
2505 5499 2710 5555 felicem
2754 5497 2995 5551 nuntium
3025 5495 3289 5563 accipiens
3326 5492 3489 5548 Maria
3528 5491 3775 5546 Verhniu

2178 5598 2230 5651 in
2256 5609 2413 5649 carne
2432 5593 2633 5663 genuit,
2663 5589 2802 5659 quod
2830 5590 2994 5643 vitam
3023 5587 3176 5642 nobis
3199 5597 3451 5642 azternam
3490 5585 3772 5640 conciliat.

2178 5690 2411 5745 Verbum
2455 5685 2580 5740 Eva:
2612 5684 2811 5754 lignum
2856 5681 3146 5747 indicavit,
3178 5696 3273 5749 per
3300 5678 3440 5746 quod
3484 5679 3689 5746 lignum
3744 5695 3778 5732 ο

2244 5876 2260 5907 t
2299 5878 2438 5938 Reg,
2463 5866 2620 5927 uiuit,
2643 5876 2745 5927 pro,
2764 5865 2999 5927 purgauit.
