4058 6344
278 382 381 438 59³1

280 500 373 553 τὸν
399 490 629 564 κόσμου’
661 496 899 567 σήμερον
930 493 986 547 δὲ
1026 491 1313 563 προῆλθεν,
1346 492 1418 555 ὡς
1446 491 1730 560 ἄνθρωπος
1759 487 1859 559 μὲν

279 584 374 637 τὸν
423 582 550 634 λαὸν
590 580 914 650 ποιμαίνων,
963 578 1038 641 ὡς
1092 578 1224 640 Θεὸς
1273 576 1328 629 δὲ
1386 575 1484 646 τήν
1533 575 1860 645 οἰκουμένην

276 665 575 729 διασώζων.
604 665 668 715 Ὢ
689 662 958 732 πολεμίων
977 662 1251 730 χρηστῶνί
1275 658 1320 711 ὢ
1337 659 1655 729 κατηγόρων
1676 658 1861 727 φιλαν-

281 749 551 821 θρώπωνί
592 748 641 800 οἳ
666 746 758 800 τὸν
783 748 842 799 ἐν
872 743 1115 816 Βηθλεέμ
1150 742 1410 813 τεχθέντα
1437 742 1787 805 λανθάνοντες
1830 753 1858 783 α

278 834 415 887 Θεὸν
448 830 674 896 ἔδειξαν,
702 831 752 884 οἳ
788 829 880 883 τὸν
912 830 969 882 ἐν
1017 827 1191 899 φάτνῃ
1232 825 1607 897 κρυπτόμενον
1649 824 1857 878 Δεσπό-

275 933 383 987 την
433 914 766 984 ἐγνώρισαν,
796 913 847 965 οἳ
874 912 966 965 τὸν
1005 911 1065 963 ἐν
1101 910 1351 980 σπηλαίῳ
1388 908 1699 979 καθήμενον
1724 909 1861 977 ἐμή-

276 1016 450 1056 νυσαν
481 999 725 1060 ἄκοντες,
764 996 859 1049 καὶ
896 994 1268 1065 εὐηργέτησαν
1310 991 1385 1063 μή
1447 991 1712 1056 θέλοντες,
1748 993 1858 1045 ἀπ-

279 1078 816 1151 εκάλυψανεκαλύψαι
842 1076 1168 1148 βουλόμενοι.
1192 1072 1343 1138 Εἶδες
1362 1074 1592 1146 ἀμαθεῖς
1609 1074 1859 1128 διδασκά-

278 1166 449 1228 λουςς
507 1166 575 1215 *Λ
636 1162 996 1227 διδάσκουσιν,
1051 1160 1112 1212 οὐ
1174 1158 1521 1227 γινώσκουσι,
1570 1158 1859 1222 πεινῶντες

280 1248 564 1319 τρέφουσι,
618 1242 878 1314 διψῶντες
936 1244 1233 1315 ποτίζουσι,
1304 1242 1589 1313 πενόμενοι
1641 1241 1859 1295 πλουτί-

280 1333 457 1395 ζουσι.
492 1328 653 1382 Δεῦτε
679 1324 793 1387 οὗν,
821 1326 1187 1398 ἐορτάσωμεν,
1209 1325 1361 1380 δεῦτε
1377 1326 1861 1396 πανηγυρίσωμεν.

278 1414 446 1479 Ξένος
477 1413 583 1484 γὰρ
611 1414 639 1465 6
663 1413 760 1481 τῆς
787 1411 981 1482 ἑορτῆς
1009 1410 1230 1480 τρόπος,
1271 1410 1457 1480 ἐπειδὴ
1482 1411 1575 1461 καὶ
1615 1408 1859 1480 παράδο-

283 1499 376 1566 ξος
402 1502 431 1552 6
454 1499 552 1568 τῆς
587 1498 888 1567 γεννήσεως
928 1494 1103 1563 λόγος.
1145 1494 1391 1564 Σήμερον
1435 1491 1545 1563 γὰρ
1579 1494 1608 1545 6
1648 1494 1861 1563 χρόνιος

281 1583 451 1653 ἐλύθη
490 1580 703 1650 δεσμὸς,
735 1580 763 1631 6
786 1577 1027 1640 διάϐολος
1053 1577 1315 1648 ᾐσχύνθη,
1337 1578 1386 1629 οἰ
1419 1576 1670 1646 δαίμονες
1698 1576 1859 1646 ἐδρα-

283 1667 577 1726 πέτευσαν,
603 1665 629 1716 6
661 1662 885 1725 θάνατος
918 1661 947 1701 ἱ»
991 1659 1176 1731 ἐλύθη,
1231 1658 1557 1731 παράδεισος
1589 1659 1859 1729 ἠνεῴχθη,

282 1750 322 1819 ὴ
347 1748 559 1817 κατάρα
583 1745 871 1815 ἠφανίσθη,
915 1747 949 1815 ἠ
987 1745 1228 1817 ἁμαρτία
1262 1742 1502 1797 ἐκποδὼν
1544 1742 1786 1811 γέγονεν,
1824 1742 1859 1812 ἠ

283 1831 465 1901 πλάνη
493 1829 767 1900 ἀπηλάθη,
801 1830 835 1899 ή
863 1828 1089 1898 ἀλήθεια
1120 1826 1408 1897 ἐπανῆλθε,
1449 1826 1543 1880 καὶ
1582 1827 1684 1897 τῆς
1708 1826 1859 1880 εὐσεο

285 1915 443 1977 ϐείας
468 1916 497 1968 6
545 1915 700 1981 λόγος
747 1910 1020 1982 πανταχοῦ
1053 1911 1316 1981 διεσπάρη
1368 1911 1461 1963 καὶ
1506 1910 1739 1980 ἔδραμεν
1762 1926 1775 1937 ·
1825 1910 1859 1979 ἠ

282 1999 398 2052 τῶν
444 1998 556 2052 ἀνω
585 1996 826 2050 πολιτεία
854 1997 912 2049 ὲν
940 1998 1006 2067 τῇ
1035 1998 1104 2066 γῇ
1135 1994 1423 2064 ἐφυτεύθη,
1464 1993 1681 2063 ἄγγελοι
1725 1993 1862 2064 μετά

284 2079 593 2151 ἀνθρώπων
624 2080 959 2144 κοινωνοῦσι,
1005 2079 1099 2133 καὶ
1131 2078 1408 2149 ἄνθρωποι
1447 2078 1583 2147 μετὰ
1617 2076 1861 2145 ἀγγέλων

283 2164 462 2227 ἀδεῶς
495 2164 848 2231 διαλέγονται.
885 2162 986 2216 Διά
1023 2162 1115 2227 τὶ;
1181 2161 1399 2231 Ἐπειδὴ
1438 2160 1569 2223 Θεὸς
1621 2161 1713 2213 ἐπὶ
1758 2160 1858 2230 γῆς

281 2246 441 2321 ἦλθε.
473 2248 628 2321 [598]
660 2250 754 2302 καὶ
779 2246 1062 2317 ἄνθρωπος
1091 2247 1148 2298 ἐν
1173 2244 1384 2316 οὐρανῷ
1409 2261 1429 2276 α
1457 2246 1630 2297 πάντα
1659 2243 1862 2315 ἀναμὶξ

283 2334 499 2403 γέγονε.
524 2328 693 2385 τΗλθε
727 2330 834 2401 γὰρ
856 2331 947 2383 ἐπὶ
974 2330 1072 2400 τῆς
1094 2328 1217 2398 γῆς,
1247 2328 1365 2391 ὅλος
1389 2326 1463 2379 ὢν
1497 2328 1553 2378 ἐν
1582 2328 1861 2397 οὐρανοῖς·

283 2416 408 2479 ὅλος
428 2414 483 2468 δὲ
514 2413 589 2467 ὢν
620 2416 680 2467 ἐν
704 2412 933 2483 οὐρανῷ,
966 2412 1084 2475 ὅλος
1114 2412 1259 2464 ἐστὶν
1293 2410 1383 2462 ἐπὶ
1429 2410 1526 2480 τῆς
1567 2410 1690 2479 γῆς.
1730 2409 1862 2475 Θεδς

284 2500 386 2559 ὢν,
446 2497 664 2565 γέγονεν
712 2494 1015 2566 ἄνθρωπος,
1064 2495 1162 2548 οὐκ
1204 2494 1577 2563 ἀρνησάμενος
1615 2492 1675 2545 τὸ
1726 2490 1861 2547 εἶναι

283 2580 425 2641 Θεός
447 2598 462 2609 ·
495 2578 651 2648 λόγος
690 2578 765 2632 ὣν
807 2578 1042 2644 ἀπαθὴς,
1077 2576 1212 2648 σὰρξ
1250 2577 1483 2644 ἐγένετο,
1520 2576 1607 2629 διὰ
1636 2576 1694 2629 τὸ
1728 2578 1863 2630 ἐνοι-

281 2664 461 2728 erﬁda:
510 2664 638 2732 ἡμῖν
682 2660 817 2731 σὰρξ
862 2660 1096 2728 ἐγένετο.
1140 2660 1269 2723 Θεὸς
1317 2661 1431 2731 γὰρ
1477 2660 1577 2712 οὐκ
1627 2658 1861 2726 ἐγένετο,

283 2747 429 2801 ἀλλὰ
450 2741 536 2817 ἦν.
568 2745 666 2798 Διά
692 2745 850 2797 τοῦτο
878 2743 1014 2813 σάρξ
1045 2742 1280 2810 ἐγένετο,
1322 2744 1408 2796 ἵνα
1440 2742 1498 2796 ὃν
1539 2743 1638 2795 οὐκ
1669 2742 1863 2812 ἐχώρει

282 2829 535 2902 οὐρανὸς,
566 2828 784 2899 δέξηται
820 2826 1011 2895 φάτνη.
1053 2826 1149 2879 Διά
1177 2824 1330 2879 τοῦτο
1366 2826 1424 2880 ἐν
1469 2827 1642 2897 φάτνῃ
1682 2826 1862 2895 ἐτέθη,

284 2917 383 2968 ἵνα
424 2917 451 2966 ὁ
497 2913 707 2984 τρέφων
752 2911 822 2964 τὰ
860 2910 1148 2980 σύμπαντα
1189 2910 1399 2963 παιδίου
1458 2911 1662 2981 τροφὴν
1716 2909 1866 2979 παρὰ

290 2998 503 3067 μητρὸς
542 2995 808 3065 παρθένου
842 2995 983 3066 λάϐῃ
1038 2994 1137 3047 Διά
1179 2994 1335 3046 τοῦτο
1370 2996 1397 3047 6
1426 2994 1532 3046 τῶν
1564 2992 1865 3063 μελλόντων

286 3080 511 3134 αἰώνων
563 3078 748 3150 Πατὴρ
798 3078 873 3141 ὼς
928 3077 1227 3146 ύπομάζιον
1281 3077 1475 3147 βρέφος
1527 3077 1866 3146 παρθενικὼν

284 3163 547 3231 ἀνέχεται
582 3160 853 3227 ἀγκαλῶν,
881 3160 967 3213 ἵνα
1006 3160 1098 3212 καὶ
1131 3160 1324 3229 μάγοις
1353 3160 1669 3228 εὐπρόσιτος
1704 3159 1868 3229 γένη-

282 3263 404 3299 ται.
464 3246 705 3316 Σήμερον
774 3244 882 3313 γάρ
951 3242 1044 3295 καὶ
1108 3241 1269 3312 μάγοί
1328 3242 1645 3313 προσῆλθον,
1697 3241 1868 3313 ἀρχὴν

283 3327 546 3390 λαϐόντες
570 3326 850 3398 ἀρνεῖσθαι
874 3326 965 3379 τὸν
992 3326 1273 3396 τύραννον,
1302 3328 1394 3378 καὶ
1422 3329 1450 3379 6
1474 3326 1700 3398 οὐρανὸς
1732 3343 1868 3378 καυ-

284 3414 455 3485 χᾶται
485 3412 671 3482 ἀστέρι
712 3412 802 3464 τὸν
837 3410 963 3463 ῖδιον
1003 3411 1278 3479 Δεσπότην
1309 3410 1547 3480 μηνύων,
1578 3411 1673 3463 καὶ
1699 3412 1727 3462 ὁ
1752 3409 1867 3462 Κύ-

290 3512 412 3569 ριος
440 3496 531 3547 ἐπὶ
558 3494 785 3564 νεφέλης
828 3493 1035 3563 κούφης
1068 3493 1160 3547 τοῦ
1208 3494 1457 3562 σώματος
1510 3492 1869 3563 καθεζόμενος

288 3580 391 3631 ἐπὶ
426 3578 521 3647 τήν
543 3578 814 3642 Αἴγυπτον
836 3576 1036 3647 τρέχει,
1080 3578 1157 3650 τῷ
1187 3580 1285 3650 μὲν
1318 3580 1491 3632 δοκεῖν
1523 3577 1739 3648 φεύγων
1770 3578 1869 3648 τήν

300 3660 547 3733 Ἡρώδου
597 3662 907 3735 ἐπιϐουλὴν,
951 3669 1018 3736 τῇ
1058 3665 1115 3719 δέ
1155 3662 1383 3734 ἀληθείᾳ
1433 3661 1764 3734 ἀποπληρῶν
1809 3662 1870 3713 τὸ

290 3744 451 3814 παρά
477 3743 570 3796 τοῦ
610 3746 830 3800 Ἡσαΐου
863 3749 1175 3818 εἰρημένον·
1208 3748 1411 3800 Ἔσται
1432 3746 1562 3817 γάρ,
1593 3746 1775 3815 φησὶν,
1802 3744 1871 3797 ἐν

288 3825 371 3895 τῇ
397 3826 587 3897 ἡμέρᾳ
621 3830 824 3899 ἐκείνῃ
882 3832 1128 3899 Ἰσραὴλ
1168 3832 1361 3899 τρίτος
1393 3830 1462 3882 ἐν
1502 3829 1626 3896 τοῖς
1663 3830 1871 3883 Ἀσσυ-

283 3914 469 3983 ρίοις,
509 3914 604 3965 καὶ
629 3913 698 3965 ἐν
732 3914 853 3979 τοῖς
892 3917 1230 3985 Αἰγυπτίοις
1267 3915 1668 3984 εὐλογημένος
1701 3914 1872 3968 ἔσται

291 3999 326 4049 ό
345 3996 499 4060 λαός
517 4013 634 4063 μου
663 3995 819 4064 ἐνῖῇ
849 3996 946 4066 γῇ,
973 3996 1053 4065 ἢν
1072 3999 1367 4068 εὐλόγησε
1392 4000 1605 4067 Κύριος
1634 4000 1872 4053 Σαϐαὼθ

287 4077 492 4146 λέγων
513 4096 526 4109 ο
554 4079 970 4151 Εὐλογημένος
997 4082 1166 4136 ἔσται
1197 4085 1228 4135 ὀ
1254 4084 1403 4147 λαός
1431 4101 1544 4151 μου
1569 4084 1684 4137 ὁὲν
1706 4084 1873 4152 Αἰγύ-

290 4174 426 4227 πτῳ
453 4160 550 4213 καὶ
580 4164 613 4214 ό
640 4161 711 4213 ἐν
752 4162 875 4227 τοῖς
919 4164 1247 4230 Ἀσσυρίοις
1296 4164 1393 4218 καὶ
1438 4168 1471 4219 ό
1511 4166 1582 4219 ἐν
1615 4165 1873 4235 Ἰσραήλ.

292 4243 363 4295 Τί
423 4242 620 4311 λέγεις,
672 4240 717 4297 ὦ
753 4246 1003 4312 Ἰουδαῖες
1058 4249 1088 4299 6
1128 4248 1340 4317 πρῶτος
1390 4249 1572 4321 τρίτος
1607 4250 1836 4317 γέγονας
1854 4266 1877 4315 ;-

292 4328 584 4396 Αἰγύπτιοι
616 4329 706 4381 καὶ
720 4329 992 4401 Ἀσσύριοι
1022 4333 1454 4403 προετάχθησαν,
1485 4335 1578 4387 καὶ
1606 4336 1635 4387 6
1664 4334 1876 4402 πρωτό-

291 4427 460 4474 τοκος
505 4412 715 4483 Ἰσραὴλ
762 4415 1175 4486 ὑπαριθμεῖταις
1219 4418 1357 4470 Ναίο
1405 4418 1626 4480 εἰκότως
1685 4420 1875 4473 ’Λσσύ-

298 4510 411 4562 ριοι
443 4494 650 4565 πρῶτοι
675 4496 886 4550 ἔσονται
912 4509 961 4562 ε,
1006 4500 1191 4571 ἐπειδή
1228 4502 1321 4554 καὶ
1348 4501 1499 4554 αὐτοί
1527 4501 1687 4555 αὐτὸν
1720 4502 1874 4573 πρῶ-

293 4594 384 4628 τοι
419 4576 507 4629 διὰ
523 4578 629 4630 τῶν
656 4579 844 4649 μάγων
870 4582 1278 4653 προσεκύνησαν
1297 4600 1310 4613 ⁸
1339 4584 1624 4651 Αἰγύπτιοι
1653 4585 1707 4637 δὲ
1740 4586 1877 4656 μετά

292 4660 430 4723 τοὺς
486 4660 819 4733 Ἀσσυρίους,
856 4665 1042 4736 ἐπειδὴ
1076 4667 1168 4719 καὶ
1203 4667 1356 4719 αὐτοὶ
1399 4667 1664 4737 φεύγοντα
1716 4669 1878 4723 αὐτὸν

298 4743 403 4814 τὴν
474 4744 713 4815 Ἡρώδου
784 4748 1073 4820 ἐπιϐουλὴν
1126 4750 1397 4816 ἐδέξαντο·
1452 4752 1756 4816 τελευταῖος
1819 4753 1877 4815 δὲ

311 4827 536 4897 Ἰσραὴλ
574 4828 986 4900 ὐπαριθμεῖται,
1028 4833 1213 4905 ἐπειδὴ
1251 4834 1387 4904 μετά
1428 4836 1526 4905 τήν
1563 4835 1747 4890 ἄνοδον
1777 4837 1877 4906 τὴν

294 4912 367 4963 ἐκ
397 4886 502 4961 τοῦ
534 4886 794 4978 Ἰορδάνου
819 4913 907 4967 διά
929 4886 1036 4967 τιῦν
1062 4886 1550 4972 ἀποσιτόλωνναύτῦδν

297 4993 534 5062 Εἰσῆλθε
575 4994 631 5047 δέ
673 4997 753 5058 εἰς
793 4995 1087 5064 Αἴγυπτον,
1120 4998 1278 5051 σείων
1308 5000 1375 5053 τὰ
1402 5003 1750 5075 χειροποίητα
1780 5002 1885 5074 τῆς

297 5075 583 5145 Αἰγύπτου
628 5080 725 5149 οὐχ
786 5081 993 5145 ἁπλῶς,
1051 5082 1166 5137 ἀλλ’
1212 5084 1399 5155 ἐπειδὴ
1444 5085 1731 5140 ἀπέκλεισε
1780 5087 1881 5157 τῆς

296 5159 582 5228 Αἰγύπτου
606 5164 673 5216 τά
706 5166 952 5237 πρόθυρα
984 5170 1048 5238 τῇ
1082 5168 1188 5221 τῶν
1211 5170 1567 5239 πρωτοτόκων
1590 5170 1833 5243 ἀπωλείᾳ
1859 5188 1873 5201 ’

298 5246 403 5297 Διὰ
428 5245 587 5298 τοῦτο
613 5248 849 5320 σήμερον
888 5251 1141 5320 εἰσῆλθεν
1160 5253 1235 5316 ὡς
1262 5254 1619 5323 πρωτότοκος,
1663 5256 1749 5309 ἵνα
1780 5257 1881 5324 τῆς

365 5364 393 5427 ξ
416 5366 530 5414 SaV.
554 5367 681 5427 conj.
703 5368 1002 5419 λανθάνοντα.

363 5426 393 5499 ιξ
419 5431 545 5499 ﬁeg.
562 5426 772 5499 θάνατος,
792 5432 900 5480 sine
923 5433 1150 5499 articulo,
1170 5446 1383 5495 moxque
1414 5436 1641 5485 similiter
1676 5436 1875 5499 κατάρα.

367 5497 391 5555 ἐ
419 5490 551 5555 Reg:
586 5491 831 5555 Ἀσσύριοι
862 5495 1228 5555 προτάσσονται.

362 5554 391 5594 ἆ
421 5552 645 5618 ita_lieg.
672 5552 752 5600 διά
788 5556 883 5601 τῶν
902 5552 1188 5618 ἀποστόλων
1211 5558 1364 5606 ,αὐτὸν
1400 5559 1626 5618 ἔγνωσαν.
1652 5558 1701 5605 In
1748 5557 1881 5608 edito

298 5614 627 5687 Horelzimc.
648 5622 880 5687 corrupta
901 5624 1075 5687 εεεηιρ
1112 5617 1387 5687 ἐΙορδάνου,
1421 5614 1659 5687 οὐδὲ-τότε
1693 5621 1746 5687 ἐκ
1787 5623 1882 5687 τῶν

302 5679 587 5729 ἀποστόλων
608 5677 887 5737 ἐγνώρισαν,
909 5678 1076 5737 (SaVil.
1112 5677 1255 5735 Ἰ.,ὀ.
1281 5698 1325 5727 τ.
1366 5682 1443 5729 διὰ
1461 5699 1509 5729 τ.
1531 5684 1579 5729 ἀ.
1606 5682 1748 5730 αὐτὸν
1800 5683 1882 5730 έπ-

302 5741 542 5800 έγνωσαν)
577 5752 674 5785 nec
694 5736 998 5803 qupdrabapt
1028 5744 1084 5787 ad
1118 5742 1583 5803 interpretationem
1598 5744 1877 5797 Frontonis.

273 5822 279 5826 ·
302 5799 430 5854 Infra
446 5814 543 5855 non
564 5813 720 5864 pauca
741 5800 924 5853 desunt
948 5799 997 5849 in
1021 5815 1110 5852 ms.

1368 373 1433 425 ΙΝ
1475 369 1804 425 NA'IALEM
1831 366 2104 426 CHRISTI
2148 373 2331 429 DIEM‘.

3420 373 3525 426 ’ὅθ-Ξ

1956 491 2192 557 παλαιᾶς
2228 491 2584 563 στυγνότητος
2635 491 2858 563 διαλύσῃ
2908 490 2970 543 τδ
3013 489 3224 553 πένθος.
3283 490 3393 543 Καὶ
3444 489 3527 544 ὅτι

1958 578 2301 649 πρωτότοκος
2323 576 2536 645 λέγεται
2570 578 2599 629 ό
2626 576 2876 646 Χριστὸς,
2920 576 3182 646 μαρτυρεῖ
3221 575 3457 644 σήμερον
3498 574 3529 626 6

1957 662 2175 724 Λουκᾶς
2198 661 2226 713 6
2248 660 2658 730 εὐαγγελιστής,
2693 659 2863 726 λέγων
2886 675 2899 687 ·
2934 656 3041 711 Καὶ
3069 658 3233 711 ἔτεκε
3264 656 3377 710 τὸν
3396 655 3530 709 υίόν

1956 745 2146 812 αὐτῆς
2160 746 2268 799 τὸν
2291 745 2680 813 πρωτότοκον,
2703 742 2799 796 καί
2821 740 3292 811 ἐσπαργάνωσεν
3318 739 3524 803 αὑτὸν,

1958 828 2055 881 καὶ
2083 827 2405 883 ἀνέκλινεν
2429 829 2498 881 ὲν
2519 825 2592 893 τῇ
2629 826 2848 896 φάτνῃ,
2881 826 3030 879 διότι
3070 826 3182 878 οὐκ
3222 820 3301 893 ἦν
3325 822 3529 887 αὐτοῖς

1956 914 2139 977 τόπος
2193 911 2263 966 ἐν
2302 909 2383 976 τῷ
2422 910 2806 978 καταλύματι.
2854 908 3113 978 Εἰσῆλθεν
3164 903 3257 961 οὖν
3310 907 3389 967 εἰς
3431 904 3543 976 τήνμ

1956 994 2253 1062 Αἴγυπτον,
2298 994 2384 1047 ἵνα
2417 993 2514 1064 τῆς
2543 992 2777 1056 παλαιᾶς
2813 990 3171 1061 στυγνότητος
3213 987 3435 1059 διαλύσῃ
3471 986 3531 1039 τὸ

1957 1078 2177 1141 πένθος,
2211 1078 2331 1132 ἀντί
2359 1076 2638 1147 μαστίγων
2671 1075 2845 1146 χαράν
2867 1072 3162 1135 ἐπιϐαλὼν,
3190 1071 3309 1126 ἀντὶ
3340 1069 3543 1133 νυκτὸς·

1957 1161 2053 1215 καὶ
2080 1161 2305 1224 σκότους
2334 1159 2605 1229 σωτηρίας
2638 1160 2835 1227 φέγγος
2873 1158 3251 1229 χαρισάμενος.
3297 1153 3537 1223 Βέϐηλον

1956 1240 2024 1316 ἦν
2056 1246 2177 1297 τότε
2197 1243 2288 1297 τοῦ
2317 1243 2562 1313 ποταμοῦ
2598 1242 2659 1295 τὸ
2702 1241 2844 1312 ὕδωρ
2873 1244 2939 1311 τῇ
2969 1240 3076 1293 τῶν
3105 1239 3297 1310 ἀώρων
3324 1238 3530 1296 νηπίων

1959 1331 2160 1400 σφαγῇ.
2205 1327 2469 1397 Εἰσῆλθεν
2508 1322 2602 1380 οῦν
2639 1327 2717 1389 εἰς
2754 1325 2854 1397 τήν
2894 1326 3166 1393 Αἴγυπτον
3200 1326 3230 1376 6
3270 1322 3435 1377 πάλαι
3471 1320 3537 1373 τὸ

1912 1450 1915 1453 -
1959 1411 2102 1476 ὕδωρ
2124 1410 2386 1481 φοινίξας,
2426 1409 2520 1463 καί
2560 1409 2782 1478 ἐποίησε
2813 1408 2883 1461 τὰ
2929 1407 3117 1477 ῥεῖθρα
3152 1405 3247 1459 τοῦ
3284 1403 3528 1474 ποταμοῦ

1960 1493 2231 1565 σωτηρίας
2274 1492 2587 1563 γεννητικὰ,
2630 1492 2693 1545 τὸ
2728 1491 2920 1560 ἐναγὲς
2956 1491 3136 1544 αὐτῶν
3174 1490 3267 1543 καὶ
3310 1488 3535 1558 βέϐηλον

1958 1579 2183 1649 δυνάμει
2225 1577 2527 1649 καθαρίσας
2571 1588 2593 1616 ε
2639 1574 2732 1629 τοῦ
2762 1575 3095 1646 Πνεύματος.
3146 1571 3533 1641 Ἐκακώθησαν

1958 1664 2007 1716 οἰ
2039 1661 2345 1731 Αἰγύπτιοι,
2379 1663 2472 1714 καὶ
2492 1660 2747 1731 μανέντες
2770 1658 3030 1731 ἠρνοῦντο
3056 1657 3146 1711 τὸν
3169 1655 3318 1709 Θεόν.
3350 1653 3536 1725 Εἰσῆλ-

1959 1746 2050 1800 θεν
2072 1740 2167 1800 οῦν
2194 1747 2273 1809 εἰς
2296 1745 2395 1815 τὴν
2426 1746 2720 1813 Αἴγυπτον,
2761 1743 2855 1797 καὶ
2893 1740 3146 1810 γνώσεως
3185 1738 3319 1797 Θεοῦ
3360 1738 3537 1809 ψυχὰς

1960 1828 2227 1897 θεοφιλεῖς
2247 1827 2530 1899 ἐπλήρωσε
2544 1842 2557 1855 ⁸
2587 1825 2667 1897 τῷ
2683 1825 2909 1896 ποταμῷ
2923 1826 2979 1878 δὲ
2995 1824 3235 1894 παρέσχε
3256 1822 3539 1894 μάρτυρας

1958 1913 2180 1984 τρέφειν
2220 1910 2466 1981 σταχύων
2493 1909 2920 1980 εὐφορωτέρους.
2967 1907 3128 1960 Ἀλλὰ
3148 1907 3234 1961 διὰ
3264 1906 3324 1959 τδ
3354 1905 3536 1958 στενὸν

1958 1996 2052 2049 τοῦ
2078 1996 2268 2068 καιροῦ
2297 1994 2530 2050 ἐνταῦθα
2562 1994 2822 2065 βούλομαι
2848 1992 3195 2046 καταπαῦσαι
3221 1990 3312 2045 τὸν
3338 1991 3495 2058 λόγον
3518 2005 3535 2021 ⁸

1960 2073 2062 2133 ὧδε
2096 2081 2115 2119 ί
2143 2079 2200 2134 δέ
2226 2079 2581 2141 καταπαύσω,
2628 2078 2718 2130 τὸν
2750 2076 2905 2145 λόγον
2943 2075 3258 2147 πληρώσας,
3307 2074 3388 2127 ὅτι
3421 2074 3548 2141 πῶς

1959 2165 2129 2232 Λόγος
2152 2162 2227 2217 ὢν
2264 2163 2418 2235 Ῑ599]
2441 2161 2677 2233 ἀπαθὴς,
2722 2161 2856 2230 σὰρξ
2891 2159 3125 2227 ἐγένετο,
3157 2159 3535 2229 ἀμεταϐλήτου

1964 2248 2227 2319 μενούσης
2277 2247 2374 2316 τῆς
2423 2245 2657 2315 φύσεως.
2702 2245 2767 2297 Τί
2800 2243 2857 2298 δὲ
2898 2245 3057 2307 εἴπω,
3107 2242 3140 2312 ἢ
3193 2240 3245 2294 τί
3285 2241 3553 2310 λαλήσως.

1961 2334 2201 2386 Τέκτονα
2229 2332 2322 2385 καὶ
2355 2331 2560 2400 φάτνην
2586 2329 2717 2399 ὁρῶ,
2750 2329 2842 2382 καὶ
2866 2327 3084 2398 βρέφος,
3105 2325 3200 2378 καὶ
3229 2326 3538 2396 σπάργανα,

1960 2416 2115 2487 λοχὸν
2145 2416 2413 2488 παρθένου
2460 2415 2568 2468 τῶν
2616 2412 2815 2484 χρειῶν
2859 2411 3080 2482 ἔρημον.
3126 2409 3220 2463 ὅλα
3273 2409 3559 2479 πτωχείας

1961 2501 2213 2571 ἐχόμενα,
2244 2500 2339 2553 ὅλα
2362 2499 2551 2562 πενίας
2579 2499 2834 2567 γέμοντα.
2865 2492 3016 2559 Εἶδες
3045 2494 3270 2547 πλοῦτον
3291 2494 3346 2545 ἐν
3382 2492 3553 2569 πενίᾳ..

1961 2584 2164 2655 πολλῇς
2202 2583 2319 2646 πῶς
2356 2583 2605 2647 πλούσιος
2639 2581 2716 2635 ὢν
2746 2582 2812 2634 δι’
2839 2580 2987 2650 ἠμᾶς
3019 2579 3370 2648 ἐπτιτ›χευσε;
3422 2577 3552 2637 πῶς,

1961 2670 2089 2724 οὐτε
2114 2669 2323 2739 κλίνην,
2368 2666 2490 2719 οὐτε
2530 2665 2818 2736 στρωμνὴν
2857 2659 3021 2736 εἶχεν,
3071 2661 3187 2716 ἀλλ’
3237 2662 3328 2714 ἐπὶ
3371 2661 3541 2730 ξηρᾶς

1964 2755 2187 2824 ἔρριπτο
2212 2753 2416 2821 φάτνης
2440 2768 2454 2816 ;
2481 2747 2550 2802 Ὦ
2577 2750 2736 2804 πενία
2763 2750 2991 2804 πλούτου
3023 2750 3203 2818 mm!
3254 2740 3298 2798 ὦ
3342 2745 3549 2798 πλοῦτε

1963 2839 2186 2908 ἄμετρε,
2222 2835 2409 2893 πενίας
2438 2835 2728 2905 πρόσχημα
2758 2834 2969 2905 φέρωνί
3013 2835 3099 2885 Ἐν
3138 2833 3312 2901 φάτνῃ
3345 2831 3537 2891 κεῖται,

1964 2923 2057 2975 καὶ
2086 2922 2183 2991 τήν
2219 2918 2542 2988 οἰκουμένην
2590 2917 2831 2970 σαλεύει·
2873 2920 2930 2971 ἐν
2971 2919 3303 2989 σπαργάνοις
3340 2912 3542 2985 ἐμπλέ-

1964 3024 2139 3069 κεται,
2173 3004 2263 3058 καί
2284 3003 2350 3056 τὰ
2374 3002 2470 3072 τῆς
2498 3004 2769 3073 ἁμαρτίας
2797 3003 3115 3075 διαῤῥήσσει
3151 3000 3322 3068 δεσμά
3345 3018 3357 3030 ·
3388 2996 3541 3052 οὔπω

1966 3088 2225 3160 ἔναρθρον
2248 3085 2442 3158 ἔρρηξε
2476 3087 2678 3156 φωνὴν,
2711 3086 2804 3140 καί
2826 3088 2951 3149 τούς
2972 3086 3176 3154 μάγους
3196 3082 3419 3148 ἐδίδαξε,
3448 3083 3543 3136 καὶ

1966 3173 2183 3243 ἐκίνησε
2242 3170 2376 3239 πρὸς
2424 3171 2776 3241 ἐπιστροφήν.
2818 3169 2883 3222 Τί
2932 3168 3155 3239 εἰπω,ἠ
3199 3168 3249 3221 τί
3282 3167 3539 3236 λαλήσως

1979 3255 2109 3308 Ἰδοὺ
2144 3252 2339 3324 βρέφος
2374 3253 2707 3323 σπαργάνοις
2748 3252 3098 3322 ἐμπλέκεται,
3139 3252 3232 3305 καὶ
3275 3253 3333 3302 ἐν
3368 3250 3540 3320 φάτνῃ

1967 3339 2170 3390 κεῖται·
2205 3336 2437 3405 πάρεστι
2483 3334 2539 3388 δὲ
2584 3336 2678 3388 καὶ
2728 3334 2907 3405 Μαρία
2950 3334 3217 3407 παρθένος
3261 3330 3395 3386 οὐσα
3448 3333 3546 3385 καὶ

1971 3422 2186 3491 μήτηρ·
2224 3419 2403 3488 παρῆν
2441 3419 2496 3472 δὲ
2530 3421 2624 3472 καὶ
2673 3419 2872 3489 Ἰωσὴφ
2907 3417 3305 3489 ὀνομαζόμενος
3339 3418 3540 3486 πατήρ.

1968 3499 2135 3564 Οὗτος
2179 3503 2318 3573 ἀνὴρ
2358 3502 2592 3570 λέγεται.
2642 3500 2822 3571 ἐκείνη
2866 3502 3001 3574 γυνὴ
3048 3502 3569 3571 προσαγορεύεταιι-

1966 3588 2206 3657 όνόματα
2255 3588 2454 3652 ἔννομα
2503 3583 2760 3653 συζυγίας
2815 3586 3015 3657 ἔρημα.
3058 3587 3235 3656 Μέχρι
3284 3588 3575 3655 ῥημάτων

1968 3670 2155 3741 νόησαί
2192 3688 2303 3740 μοι,
2335 3670 2448 3723 ἀλλ’
2481 3670 2538 3722 οὐ
2568 3672 2730 3740 μέχρι
2759 3671 3095 3740 πραγμάτων
3132 3674 3177 3723 ε.
3203 3671 3375 3724 Μόνον
3390 3666 3543 3734 οὗτος

1971 3754 2390 3825 ἐμνηστεύσατο,
2432 3755 2523 3807 καὶ
2558 3756 2781 3825 Πνεῦμα
2822 3756 2973 3823 ἅγιον
3018 3758 3154 3825 αὐτῇ
3197 3757 3537 3809 ἐπεσκίασεν.

1971 3836 2129 3891 Ὅθεν
2153 3836 2372 3908 ἀπορῶν
2394 3838 2421 3890 ὁ
2459 3838 2655 3909 Ἰωσὴφ
2673 3840 2770 3892 οὐκ
2791 3840 2905 3911 ᾔδει
2929 3839 2981 3891 τί
3002 3839 3223 3893 καλέσει
3242 3840 3304 3892 τὸ
3323 3840 3538 3910 βρέφος.

1982 3921 2077 3974 Ἐκ
2107 3921 2350 3991 μοιχείας
2369 3920 2527 3984 αὐτὸς
2554 3924 2726 3975 εἰπεῖν
2758 3924 2856 3975 οὐκ
2885 3922 3099 3993 ἐτόλμα,
3122 3922 3263 3976 κατὰ
3287 3925 3386 3992 τῆς
3402 3940 3542 3993 παρ-

1972 4004 2125 4058 θένου
2178 4003 2491 4074 βλάσφημον
2548 4006 2835 4076 καταχέειν
2892 4006 3048 4073 λόγον
3120 4007 3220 4061 οὐκ
3280 4008 3543 4077 ἠδύνατο,

1968 4089 2157 4142 τέκνον
2178 4088 2307 4141 αὐτὸ
2338 4091 2511 4142 εἰπεῖν
2541 4089 2669 4143 ἴδιον
2707 4091 2805 4144 οὐκ
2824 4092 3111 4162 ἠνείχετο*
3145 4092 3269 4163 ᾔδει
3299 4094 3406 4162 γὰρ
3444 4111 3545 4154 κατ

1971 4170 2100 4233 λῶς,
2131 4172 2210 4223 ὅτι
2231 4172 2332 4224 οὐκ
2358 4171 2499 4238 ἔγνω
2537 4172 2653 4236 πῶς
2695 4172 2925 4242 ἣλπόθεν
2970 4173 3160 4244 ἐτέχθη
3207 4174 3268 4227 τὸ
3309 4174 3540 4246 βρέφοςο

1971 4253 2094 4307 ὅθεν
2118 4254 2408 4323 ἀποροῦντι
2434 4254 2584 4324 αὐτῷ
2606 4254 2740 4325 πρὸς
2763 4256 2823 4309 τὸ
2854 4259 3080 4327 πρᾶγμα
3108 4258 3351 4330 χρησμὸς
3380 4259 3544 4328 οὐρα-

1974 4339 2125 4393 νόθεν
2175 4340 2263 4392 διὰ
2315 4339 2415 4408 τῆς
2461 4337 2556 4391 τοῦ
2597 4339 2827 4407 ἀγγέλου
2883 4341 3063 4410 φωνῆς
3113 4341 3427 4412 ἐπεφέρετο,
3461 4344 3541 4396 ὅτι

1973 4423 2070 4488 Μὴ
2096 4422 2552 4492 φοϐοῦ,,’1ωσήφ
2571 4440 2583 4453 ’
2610 4423 2677 4476 τὸ
2716 4423 2823 4492 γὰρ
2855 4424 3225 4493 γεννώμενον
3250 4425 3319 4489 ἐξ
3354 4425 3543 4493 αὐτῆς

1974 4505 2043 4559 ἐκ
2084 4507 2429 4574 Πνεύματός
2486 4507 2657 4560 ἐστιν
2703 4507 2895 4576 ἁγίου.
2960 4507 3184 4578 Πνεῦμα
3228 4509 3335 4580 γὰρ
3392 4511 3542 4579 ἆγιον

1976 4589 2299 4643 ἐπεσκίασεν
2323 4593 2386 4660 τῇ
2412 4589 2686 4660 παρθένῳ.
2709 4589 2881 4643 Διάρτί
2905 4589 2962 4645 δέ
2991 4593 3055 4644 ἐκ
3081 4592 3348 4662 παρθένου
3367 4593 3544 4646 τίκτεν

1975 4689 2085 4735 ται,
2118 4672 2211 4725 καλ⁸
2256 4673 2355 4742 τὴν
2384 4670 2678 4745 παρθενίαν
2709 4671 2938 4742 ἀζήμιον
2978 4676 3165 4745 τηρεῖς
3214 4673 3335 4726 Ὅτι
3377 4676 3543 4731 πάλαι

1978 4752 2246 4823 παρθένον
2276 4750 2440 4806 οὖσαν
2465 4753 2561 4825 τήν
2586 4752 2730 4807 Εὕαν
2764 4756 3045 4823 ἠπάτησεν
3079 4758 3107 4809 ό
3147 4757 3410 4822 διάϐολος,
3459 4759 3545 4813 διά

1977 4835 2133 4891 τοῦτο
2160 4835 2427 4907 παρθένον
2453 4832 2615 4891 οὖσαν
2644 4837 2741 4907 τὴν
2779 4838 3010 4910 Μαριὰμ
3049 4841 3079 4892 6
3120 4839 3357 4911 Γαϐριὴλ
3386 4842 3547 4911 εὐηγ-

1978 4919 2250 4989 γελίσατο.
2293 4920 2431 4973 Ἀλλ’
2473 4920 2815 4991 ἀπατηθεῖσα
2851 4923 2949 4991 μὲν
2978 4924 3011 4993 ἠ
3043 4921 3156 4976 Εὐα
3198 4910 3349 4994 ῥῆμα
3392 4910 3545 4981 ἔτεκε

1980 5002 2207 5057 θανάτου
2246 5003 2418 5061 αἴτιον
2441 5020 2456 5036 ’
2503 5004 2951 5073 εὐαγγελισθεῖσα
2993 5005 3113 5077 δὲή
3154 5006 3340 5074 Μαρία
3376 5006 3545 5074 Λόγον

1980 5087 2037 5139 ἐν
2061 5087 2225 5157 σαρκὶ
2254 5087 2529 5157 ἐγέννησε,
2551 5087 2695 5158 ζωῆς
2730 5088 2947 5142 αἰωνίου
2981 5090 3108 5160 ἡμῖν
3152 5089 3425 5158 πρόξενον.
3474 5088 3545 5140 Τὸ

1984 5169 2130 5238 ῥῆμα
2157 5172 2254 5239 τῆς
2283 5168 2425 5234 Εὐας
2452 5169 2604 5244 ξύλον
2631 5169 2818 5237 ἔδειξε,
2845 5171 2911 5224 δι’
2937 5167 2996 5225 οὐ
3022 5171 3113 5224 τὸν
3148 5170 3316 5240 Ἀδάμ
3346 5172 3407 5223 ἐκ
3451 5170 3563 5225 τοίς

2053 5517 2076 5568 ς
2103 5506 2225 5567 Reg.
2248 5505 2432 5568 χρίσας.

2053 5564 2071 5602 τ
2102 5564 2221 5640 H'eé.
2249 5564 2444 5645 ἐνταῦθα
2466 5568 2760 5645 καταπαύσω
2785 5568 2866 5645 ¹ἱὸν
2885 5570 3054 5645 λόγονΑ
3064 5570 3120 5645 τὸ
3142 5571 3303 5625 λοιπὸν
3324 5577 3407 5630 τῆς
3423 5589 3545 5637 προῃ-

1981 5629 2314 5737 ἔμέιτῐεξὶῗᾶῧτῇ
2341 5632 2445 5688 ἑξῆς
2460 5631 2568 5691 ὐμῖν
2586 5629 2970 5692 ταμιευσάμενος.
2994 5629 3125 5678 Ὧδε
3147 5645 3258 5693 qua
3278 5636 3424 5683 lectio
3451 5629 3543 5687 lion

2008 5703 2391 5815 ρεεηίξθείὲἃμέχρι
2412 5752 2563 5815 λόγων
2586 5756 2629 5798 οἱ
2650 5749 2807 5813 γάμοι·
2830 5752 2932 5815 ἀλλ’
2960 5753 3015 5800 οὐ
3038 5770 3088 5815 μ.
3106 5773 3157 5804 π.
3180 5756 3367 5810 Deinde
3392 5758 3546 5814 Sat'il,

1983 5824 2071 5874 pro
2091 5811 2276 5871 οὖτοςβ
2306 5811 2403 5866 (νγ,
2431 5814 2544 5861 lect.
2568 5815 2615 5862 in
2650 5811 2800 5875 marg.
2826 5815 2851 5861 6
2878 5811 3093 5875 ἄγγελος,
