4074 6308
201 422 290 477 397

1326 414 1609 474 HOMILIA
1642 412 1731 467 DE
1766 404 2259 466 LEGISLATORE.

215 1208 371 1259 DNUM
414 1205 487 1248 ΕΤ
544 1199 819 1246 EUMDEM
876 1197 1023 1242 ESSE
1081 1190 1561 1237 LEGISLATOREM
1619 1189 1698 1232 ET
1746 1185 2016 1235 VETERIS
2060 1184 2141 1227 ΕΤ
2200 1181 2351 1226 NOV!
2397 1176 2833 1231 TESTAMENTI;
2896 1174 3051 1220 [TBH
3106 1174 3188 1216 DE
3232 1173 3431 1219 VEBTB

1050 1316 1479 1367 sacnnnonu
1515 1317 1530 1358 :
1569 1312 1825 1359 necnon
1869 1311 1952 1354 DE
2000 1306 2421 1353 ronurrnu'ru
2460 1283 2567 1368 (a).

278 2196 326 2251 1.
354 2193 510 2266 Regni
548 2190 748 2248 Christi
777 2185 1110 2258 evangelium
1142 2180 1415 2254 propheta:
1441 2174 1731 2249 prtedicant
1753 2210 1770 2236 ,

220 2288 418 2342 ministri
454 2301 581 2341 vero
624 2298 775 2338 novae
803 2280 988 2351 gratiae
1040 2275 1168 2331 illud
1200 2275 1375 2345 ipsum
1422 2271 1777 2338 interpretan-

220 2389 311 2444 tur,
359 2378 544 2432 divinte
598 2384 776 2430 autem
824 2370 1081 2427 doctrina:
1138 2366 1428 2428 auditores,
1488 2367 1775 2423 amatores,

219 2479 355 2538 atque
380 2469 701 2531 laudatores,
726 2465 777 2519 id
798 2465 969 2533 ipsum
991 2461 1402 2530 amplectuntur.
1434 2454 1615 2523 Neque
1634 2449 1777 2505 enim

221 2562 321 2616 ﬁeri
346 2572 511 2632 potest
536 2572 601 2616 ut
629 2560 748 2630 quis
786 2567 1034 2612 sermone
1063 2552 1303 2608 veritatis
1329 2548 1649 2609 oblectetur,
1689 2541 1781 2613 qui

220 2655 449 2709 doctrina:
473 2665 781 2709 sermonem
804 2664 907 2704 non
924 2645 1228 2702 avidissime
1253 2647 1489 2708 expetat.
1518 2633 1784 2705 Quemad-

222 2747 415 2801 modum
459 2747 641 2810 enim,
681 2744 725 2797 si
766 2742 884 2813 quis
933 2753 1107 2809 neque
1153 2735 1299 2791 sitiat
1342 2746 1511 2801 neque
1558 2728 1778 2792 esuriat,

222 2841 401 2893 nullam
428 2855 493 2895 ex
531 2838 658 2894 cibo
688 2844 920 2908 potuque
954 2833 1275 2901 voluptatem
1314 2828 1457 2896 capit
1491 2842 1503 2875 :
1533 2823 1610 2876 sic
1641 2820 1782 2875 veri-

222 2932 330 2984 tatis
345 2931 500 2986 verbo
515 2944 679 2985 nemo
706 2927 1017 2985 delectatur.
1035 2922 1124 2991 qui
1155 2919 1384 2991 Spiritus
1406 2914 1574 2970 sancti
1594 2912 1786 2967 doctri-

221 3035 331 3075 nam
352 3036 451 3075 non
477 3022 609 3075 sitit.
635 3020 815 3087 Itaque
831 3016 1083 3070 Servatur
1101 3012 1175 3065 ait
1194 3029 1207 3063 :
1230 3008 1370 3062 Beati
1395 3007 1481 3075 qui
1500 3006 1720 3060 esuriant
1738 3008 1785 3054 et

220 3114 378 3166 sitiunt
384 3114 654 3183 justitiam,
676 3108 1025 3182 quoniamipsi
1040 3104 1359 3160 satiabuntur
1377 3097 1591 3172 (Matth.
1616 3096 1671 3150 5.
1702 3093 1781 3162 6).

223 3204 376 3260 Verus
392 3204 685 3259 animarum
700 3202 871 3268 cibus,
893 3213 1032 3254 verte
1050 3197 1256 3265 piorum
1285 3192 1511 3256 deliciae,
1528 3202 1669 3243 verae
1683 3186 1790 3257 pio-

224 3312 329 3350 rum
350 3297 561 3363 divitite,
590 3310 772 3349 sermo
800 3292 892 3346 Dei
923 3301 1027 3355 est,
1054 3290 1145 3359 qui
1170 3301 1265 3357 per
1293 3283 1540 3338 Davidica
1576 3280 1789 3335 oracula

225 3385 471 3457 loquitur:
501 3387 793 3448 interdum,
827 3383 973 3438 velut
1017 3381 1187 3445 dives,
1215 3377 1492 3449 gloriatur,
1523 3370 1788 3428 interdum

226 3482 484 3537 deliciatur
511 3491 602 3549 ;et
622 3481 701 3534 ait
733 3499 745 3533 :
774 3478 939 3544 Quam
977 3474 1150 3529 dulcia
1188 3470 1419 3540 faucibus
1447 3467 1569 3521 meis
1595 3464 1794 3535 eloquia

226 3586 303 3629 tua
325 3594 467 3647 super
490 3575 587 3630 mel
615 3585 664 3628 et
688 3576 859 3644 [aviam
885 3571 960 3624 ori
989 3584 1097 3622 meo
1137 3564 1311 3636 (Psal.
1343 3563 1465 3617 118.
1495 3559 1644 3628 103)!
1672 3557 1794 3610 ΙΙωο

227 3671 420 3740 quidem
447 3671 581 3741 ejus,
630 3670 721 3738 qui
767 3665 973 3721 deliciis
1021 3662 1235 3724 fruitur,
1278 3672 1378 3711 vox
1405 3663 1506 3710 est.
1537 3652 1669 3707 Nam
1701 3650 1794 3704 Dei

224 3764 425 3819 verbum
446 3765 541 3833 ipsi
572 3761 783 3817 deliciae
808 3767 978 3813 erant.
1010 3755 1123 3821 Qua
1147 3752 1215 3807 de
1241 3765 1300 3805 re
1326 3748 1451 3802 alibi
1482 3759 1623 3814 saepe
1656 3762 1668 3796 :
1694 3741 1797 3794 De-

226 3858 391 3912 lectare
414 3859 464 3911 in
492 3856 735 3918 Domino,
770 3863 815 3906 et
838 3852 920 3905 det
946 3849 1035 3902 tibi
1056 3846 1316 3917 petitiones
1336 3841 1502 3895 cordis
1528 3838 1599 3890 tui
1621 3833 1793 3906 (Psal.

224 3951 301 4005 36.
330 3954 403 4022 4).
435 3952 566 4006 Aliis
591 3963 723 4003 vero
754 3947 804 4000 in
829 3942 960 3998 locis
986 3955 1092 3996 non
1114 3946 1171 3992 ut
1188 3936 1278 4007 qui
1307 3933 1512 3990 deliciis
1531 3929 1798 3984 frueretur

226 4020 433 4111 tantum,
468 4045 564 4099 sed
596 4051 656 4097 ut
703 4038 982 4110 praedives,
1019 4032 1229 4088 divitias
1260 4028 1389 4097 legis
1422 4029 1672 4087 ostentat,
1714 4020 1797 4074 di-

225 4230 346 4299 genti
373 4229 541 4300 (Psal.
567 4228 697 4282 118.
724 4222 840 4291 72).
876 4216 1063 4273 Viden’
1094 4212 1312 4269 delicias
1340 4208 1570 4280 pietatis,
1591 4214 1645 4259 et
1666 4203 1801 4257 divi—

225 4321 578 4391 tiasjustitiaa‘?
605 4319 752 4387 Ergo
782 4324 836 4370 et
861 4328 959 4367 nos
991 4325 1083 4380 par
1110 4314 1209 4370 est,
1238 4304 1323 4358 siti
1350 4312 1401 4357 et
1440 4299 1581 4353 fame
1620 4310 1801 4351 rerum

226 4416 509 4470 divinarum
541 4411 739 4475 teneri,
780 4416 834 4462 et
859 4403 1086 4467 deliciis,
1118 4415 1148 4454 e
1189 4395 1330 4467 regia
1371 4389 1566 4448 Christi
1592 4401 1797 4449 mensa,

224 4507 479 4563 uberrime
516 4500 795 4566 exsatiari,
835 4493 1270 4564 evangeliumque
1319 4483 1504 4540 salutis
1549 4476 1800 4549 amplecti

226 4598 352 4666 quod
380 4614 484 4653 non
508 4609 657 4651 nunc
684 4592 913 4663 primum
944 4584 1106 4654 cmpit
1133 4597 1147 4633 :
1173 4579 1267 4635 sed
1295 4577 1346 4631 in
1375 4568 1802 4666 prOphetisl‘un-

225 4662 389 4745 datum
410 4702 569 4760 atque
594 4704 628 4743 a
663 4662 761 4742 SS.
786 4678 1045 4753 apostolis
1078 4672 1463 4731 exaediﬁcatum
1489 4675 1589 4721 est.
1621 4662 1803 4732 Neque

227 4784 353 4838 enim
378 4783 444 4839 ab
468 4756 536 4839 eo
559 4792 825 4851 tempore,
851 4788 957 4846 quo
984 4769 1226 4827 Christus
1262 4766 1314 4819 in
1340 4776 1501 4818 carne
1536 4756 1801 4829 apparuit,

226 4878 543 4949 evangelium
587 4848 789 4943 incepit
819 4887 832 4924 :
860 4865 955 4923 sed
1000 4862 1169 4918 multo
1215 4866 1340 4913 ante
1378 4856 1431 4910 in
1475 4848 1800 4949 prepheticis

228 4940 377 5021 libris
385 4966 593 5022 radices
618 4940 746 5034 egit,
782 4958 1102 5026 tandemque
1144 4947 1508 5021 apostolorum
1542 4940 1802 5012 praedica-

228 5061 360 5118 tione
384 5061 637 5116 eﬂloruit.
669 5057 794 5111 Ideo
820 5052 1032 5117 Paulus,
1061 5063 1181 5102 eum
1218 5041 1547 5115 prepositum
1585 5036 1805 5091 haberet

228 5150 605 5213 demonstrare,
638 5145 972 5215 evangelium
1002 5154 1106 5194 non
1147 5136 1214 5190 ab
1257 5129 1618 5187 incarnatione
1660 5126 1806 5179 ince-

229 5244 380 5311 pisse,
413 5243 505 5298 sed
538 5256 636 5313 per
663 5236 948 5309 praphetas
981 5230 1232 5291 eluxisse,
1272 5240 1364 5293 per
1391 5218 1805 5275 incarnatimiem

229 5333 443 5403 idipsum
475 5312 714 5402 loquitur
748 5326 979 5381 :Paulus
1005 5336 1175 5376 servus
1218 5316 1342 5370 Iesu
1367 5312 1572 5374 Christi,
1604 5317 1808 5362 vocatus

231 5427 495 5493 apostolus,
522 5430 815 5494 segregatus
839 5419 891 5471 in
902 5412 1231 5484 Evangelium
1260 5407 1378 5473 Dei,
1401 5404 1535 5476 quod
1551 5413 1667 5455 ante
1688 5417 1807 5472 pro-

233 5520 417 5570 miserat
466 5534 555 5588 per
612 5513 884 5586 praphetas
926 5524 1042 5563 suos
1091 5505 1146 5558 in
1194 5500 1474 5571 Scripturis
1516 5496 1701 5551 sanctis
1746 5494 1808 5547 de

236 5609 359 5664 Filio
399 5628 511 5677 suo,
561 5608 653 5678 qui
692 5608 852 5676 [actus
890 5610 962 5655 est
1001 5615 1063 5653 ea:
1100 5596 1286 5651 semine
1321 5590 1487 5646 David
1534 5586 1809 5644 secundum

229 5720 417 5758 carnem
448 5703 626 5772 (Rom.
664 5701 718 5754 1.
750 5700 776 5753 1
800 5698 913 5767 ὦ).

254 5799 825 5856 NovumTestamentum
841 5807 931 5845 cur
940 5788 1011 5845 sic
1032 5778 1524 5859 appelletttr.--N0n
1536 5774 1811 5848 ignorabat

295 5934 364 5997 (α)
394 5933 575 5988 Collata
597 5941 713 5984 cum
739 5926 987 5981 Codicibus
1017 5921 1175 5986 Regiis
1200 5917 1336 5970 1965.
1364 5915 1483 5967 1974
1508 5919 1559 5964 et
1576 5910 1716 5962 2513.

1881 2168 2269 2244 Paulus,Vetus
2280 2190 2334 2237 et
2344 2177 2549 2235 Novum
2559 2178 2958 2235 Testamentum
2972 2177 3299 2235 individuum
3316 2193 3468 2236 esse:

1882 2280 2106 2339 eamque
2117 2270 2186 2325 ob
2197 2285 2413 2326 causam
2430 2269 2556 2324 illud
2571 2269 2832 2325 interdum
2847 2269 3242 2324 Testamentum
3256 2267 3463 2323 Novum

1882 2361 2137 2430 appellat,
2154 2370 2211 2415 ut
2237 2361 2587 2427 demonstret,
2607 2360 2874 2432 quomodo
2888 2360 3020 2415 lines
3035 2360 3179 2415 orbis
3198 2370 3463 2415 terrarum

1884 2453 1993 2507 sint
2015 2454 2249 2509 renovati
2269 2456 2396 2523 (non
2417 2456 2605 2526 ignoro
2624 2456 2738 2511 luce
2756 2454 2880 2510 alibi
2901 2471 2928 2508 a
2946 2454 3095 2509 nobis
3118 2453 3279 2509 fuisse
3302 2454 3466 2523 expli-

1885 2553 2037 2610 cata;
2069 2547 2161 2601 sed
2188 2557 2362 2601 tamen
2390 2548 2496 2614 hic,
2522 2558 2578 2603 ut
2605 2548 2918 2604 memoriam
2936 2555 3167 2602 vestram
3196 2545 3467 2613 refricem,

1886 2640 2118 2710 repeto);
2135 2648 2287 2695 vocat
2299 2640 2454 2694 etiam
2474 2640 2871 2695 Testamentum
2889 2636 3093 2693 Novum
3106 2636 3171 2692 ad
3185 2637 3483 2691 distinctio-

1888 2750 2009 2787 nem
2033 2733 2308 2789 inveterati
2324 2732 2687 2787 indicandam:
2708 2731 3046 2803 praestantius
3062 2729 3284 2795 scilicet,
3300 2729 3365 2782 ad
3385 2728 3472 2783 di-

1888 2828 2226 2883 stinctionem
2257 2828 2524 2883 inferioris
2558 2837 2875 2889 ueternum,
2911 2824 3309 2894 comparatione
3338 2821 3478 2877 facta

1888 2920 1955 2975 ad
1987 2921 2299 2989 temporale.
2330 2920 2437 2976 Sed
2465 2930 2519 2976 et
2543 2920 2835 2975 secundum
2866 2918 3263 2973 Testamentum
3304 2917 3477 2986 ipsum

1890 3023 2062 3069 vocat.
2093 3014 2229 3080 Quid
2273 3015 2342 3069 ita
2381 3013 2716 3069 secundum?
2767 3012 2837 3067 Ut
2864 3021 3045 3066 mutua
3092 3010 3479 3066 sententiarum

1891 3106 2223 3161 connexione
2262 3122 2423 3159 unum
2471 3105 2687 3159 efﬁciat.
2731 3104 2862 3159 Nam
2912 3103 3052 3174 quod
3092 3103 3384 3158 abscissum
3412 3100 3481 3155 ab

1892 3198 2073 3268 aliquo
2100 3209 2199 3263 eSt,
2225 3198 2519 3253 secundum
2559 3213 2665 3252 non
2708 3196 3028 3267 appellatur.
3067 3195 3327 3261 Quoniam
3349 3207 3480 3246 vero

1896 3292 2039 3347 Deus
2065 3291 2277 3346 oracula
2317 3307 2415 3346 sua
2454 3290 2620 3346 edidit
2644 3299 2698 3344 et
2726 3291 2778 3344 in
2809 3290 3002 3359 primo,
3044 3298 3097 3343 et
3145 3288 3196 3341 in
3222 3285 3480 3347 secundo.

1895 3386 2035 3441 idem
2062 3386 2150 3441 ille
2176 3384 2368 3439 Paulus
2409 3386 2640 3454 primum
2688 3393 2741 3438 et
2787 3382 3077 3437 secundum
3118 3388 3292 3444 vocat,
3320 3387 3479 3448 atque

1896 3492 2120 3533 numero
2147 3476 2569 3533 convenientiam
2605 3474 2878 3543 utriusque
2924 3480 2979 3525 et
3014 3484 3331 3525 consensum
3374 3469 3485 3522 (le-

1897 3570 2084 3626 clarat.
2120 3570 2322 3626 Idcirco
2349 3569 2562 3634 Paulus,
2596 3567 2685 3637 qui
2712 3564 2994 3620 indivisum
3027 3563 3217 3625 Patris,
3247 3570 3301 3616 et
3338 3559 3481 3625 Filii,

1897 3673 1952 3720 et
1978 3664 2207 3735 Spiritus
2227 3663 2395 3719 sancti
2425 3678 2647 3730 regnum
2672 3659 2941 3730 praedicat.
2965 3657 3125 3711 modo
3148 3654 3482 3725 evangelium

1902 3757 1991 3811 Dei
2025 3756 2217 3820 Patris,
2255 3754 2414 3809 modo
2443 3753 2562 3807 Filii
2600 3751 2835 3823 appellat
2865 3747 3103 3804 :Paulus
3144 3763 3315 3801 servus
3358 3743 3484 3799 Jesu

1901 3850 2108 3915 Christi,
2141 3860 2346 3904 uocatus
2382 3847 2662 3919 apostolus,
2715 3853 3002 3915 segregatus
3052 3844 3104 3895 in
3153 3840 3487 3911 anngelium

1900 3942 2199 4012 Dei(Ilom.
2248 3940 2402 4009 1.1).
2436 3937 2634 3992 Verum
2682 3952 2750 3989 ne
2788 3935 2928 4002 quis,
2977 3948 3097 3987 eum
3142 3931 3322 3986 audiat
3356 3928 3485 3985 illud

1910 4034 2252 4103 Evangelium
2273 4031 2384 4093 Dei,
2413 4029 2703 4084 arbitretur
2729 4027 2919 4081 Filium
2959 4024 3154 4078 nullam
3200 4022 3264 4076 ad
3296 4019 3489 4090 praedi-

1902 4128 2132 4183 candum
2174 4124 2543 4180 auctoritatem
2586 4121 2853 4184 obtinere,
2902 4118 2952 4171 in
3002 4116 3190 4172 eadem
3225 4113 3484 4185 Epistola,

1906 4221 2063 4291 paulo
2090 4226 2211 4289 post
2234 4217 2307 4270 ait
2338 4233 2351 4267 :
2386 4214 2545 4270 Testis
2574 4213 2708 4267 enim
2746 4211 2872 4264 mihi
2896 4208 3056 4275 Deus,
3085 4208 3165 4261 cui
3194 4206 3407 4259 inservio
3433 4204 3488 4257 in

1904 4315 2086 4384 spiritu
2106 4306 2575 4376 meoinEvangelio
2605 4303 2730 4357 Filii
2755 4304 2865 4372 ejus
2891 4299 3068 4371 (Rom.
3103 4298 3155 4353 1.
3187 4297 3266 4367 9).
3300 4295 3489 4355 Viden‘

1908 4402 2170 4476 prmconis
2198 4400 2352 4469 hujus
2376 4399 2569 4453 mirum
2602 4395 2896 4464 ingenium,
2932 4400 2986 4447 et
3018 4388 3334 4446 sententiam
3364 4402 3490 4456 per-

1905 4495 2141 4553 fectam?
2182 4492 2261 4548 Ne
2298 4491 2694 4546 existimaretur
2738 4487 2788 4541 in
2835 4486 2951 4555 lege
3000 4482 3212 4552 quidem
3250 4480 3340 4535 alii
3382 4480 3492 4535 Deo

1905 4590 2131 4657 servire,
2171 4588 2222 4643 in
2237 4584 2527 4655 Evangelio
2555 4596 2685 4637 vero
2711 4581 2776 4634 ad
2803 4580 2962 4633 alium
3005 4577 3168 4630 Deum
3198 4574 3493 4629 successio-

1907 4698 2030 4740 nem
2059 4682 2253 4746 t'acere,
2282 4676 2452 4747 inquit
2480 4692 2493 4727 :
2526 4672 2823 4727 Benedictus
2851 4668 3008 4729 Deus,
3035 4666 3119 4720 cui
3142 4667 3301 4719 servio
3326 4681 3359 4717 a
3378 4678 3492 4716 ma-

1897 4774 2098 4844 joribus
2130 4772 2184 4826 in
2221 4765 2526 4824 conscientia
2561 4778 2691 4835 pura
2717 4759 2792 4829 (2.
2819 4758 2951 4813 Tim.
2986 4758 3037 4811 1.
3068 4756 3143 4825 3).
3180 4754 3295 4809 Non
3324 4754 3492 4818 enim,

1910 4867 2098 4938 inquit,
2126 4864 2192 4919 ab
2238 4861 2343 4915 alio
2379 4858 2445 4912 ad
2490 4856 2652 4910 alium
2702 4850 2932 4915 secessi;
2982 4847 3077 4903 sed
3106 4861 3265 4917 quem
3296 4844 3494 4899 inscius

1908 4960 2170 5021 colebam,
2207 4955 2323 5023 ejus
2365 4949 2670 5021 cognitione
2712 4943 2968 5007 imbutus,
3005 4938 3314 5007 complexus
3349 4949 3491 4988 sum.

1911 5055 1980 5111 Et
2001 5053 2124 5108 alibi
2152 5066 2271 5105 cum
2303 5047 2497 5101 docere
2524 5040 2704 5102 vellet,
2735 5035 2949 5091 oracula
2975 5028 3303 5088 Testamenti
3330 5027 3493 5080 Vete—

1911 5149 1985 5203 ris
2011 5154 2065 5201 et
2090 5142 2219 5199 Novi
2247 5141 2314 5194 ab
2341 5136 2529 5193 eodem
2552 5147 2646 5187 ore
2685 5129 2979 5195 eodemque
3011 5123 3233 5177 Domino
3256 5115 3492 5189 profecta

1912 5254 2050 5300 esse,
2081 5250 2241 5289 unum
2288 5226 2649 5286 testimonium
2681 5221 2813 5292 petit
2846 5234 2874 5271 a
2911 5217 3249 5269 Testamento
3292 5208 3492 5274 Veteri,

1912 5333 1995 5387 cui
2024 5326 2381 5398 evangelicum
2410 5319 2728 5376 sententiam
2755 5310 3028 5373 annexuit,
3057 5322 3178 5361 cum
3204 5305 3275 5358 ait
3303 5319 3317 5355 :
3349 5302 3494 5357 Scri-

1915 5396 2318 5495 ptumest,’Non
2343 5412 2594 5470 obturabis
2636 5427 2690 5463 os
2737 5407 2846 5461 bovi
2878 5400 3258 5463 trituranti;et,
3294 5396 3494 5465 Dignus

1913 5490 1984 5573 est
2008 5514 2265 5588 operarius
2304 5507 2527 5564 mercede
2571 5520 2667 5557 sua
2695 5502 2772 5570 (1.
2825 5498 2954 5552 Tim.
2988 5494 3043 5550 5.
3090 5492 3201 5560 18).
3253 5490 3492 5557 Quorum

1914 5585 2066 5676 illud,
2102 5608 2222 5663 Non
2250 5602 2524 5666 obturabis,
2550 5596 2708 5652 Mosis
2736 5602 2818 5647 est
2845 5609 2858 5643 :
2884 5590 3007 5654 hoc,
3036 5585 3234 5656 Dignus
3266 5593 3333 5637 est
3375 5599 3496 5649 ope-

1914 5672 2080 5762 rarius
2105 5701 2330 5757 mercede
2355 5711 2449 5751 sua
2483 5691 2660 5761 (Deut.
2690 5687 2779 5741 25.
2813 5685 2880 5749 4;
2911 5680 3038 5735 Luc.
3088 5679 3173 5732 10.
3216 5676 3299 5745 7),
3342 5672 3497 5729 Chri-

1915 5806 2031 5856 stus
2050 5798 2103 5852 in
2122 5789 2425 5861 Evangeliis
2451 5783 2637 5839 eﬂ'atus
2667 5785 2765 5833 est.
2794 5774 2863 5829 At
2887 5772 2996 5837 ille,
3026 5778 3083 5825 ut
3101 5773 3315 5839 planum
3352 5766 3496 5819 lace-

1918 5900 2019 5949 ret.
2068 5887 2137 5944 ab
2183 5858 2296 5941 uno
2330 5888 2386 5938 et
2429 5874 2619 5934 eodem
2661 5883 2756 5926 ore
2804 5866 2917 5921 lucc
2968 5871 3021 5920 et
3072 5860 3159 5917 illa
3200 5858 3343 5916 edita
3376 5871 3496 5912 esse
