4074 6308
604 407 708 463 399

605 524 839 587 macula,
869 522 1009 590 ideo,
1048 537 1166 592 qure
1192 520 1455 576 distinctis
1495 520 1821 589 temporibus
1848 522 2181 590 pronuntiata

602 619 831 679 fuerant,
859 616 927 669 ob
959 614 1195 668 veritatis
1211 613 1616 667 consensionem
1634 612 1914 681 copulavit.
1934 628 2052 666 cum
2073 612 2143 665 ait
2170 633 2183 666 :

602 709 866 772 Scriptum
892 718 985 771 est,
1021 706 1069 759 Ν
1076 723 1138 759 οη
1167 706 1417 759 obturabis
1444 722 1499 757 os
1529 705 1636 756 bovi
1666 705 1923 757 trituranti
1940 715 2052 769 ;et,
2085 702 2183 756 Di—

599 817 728 869 gnus
755 808 825 852 est
853 798 1114 865 operarius
1141 798 1362 849 mercede
1387 813 1499 848 sua.
1532 796 1694 863 Hujus
1725 795 2041 864 evangelica:
2063 796 2184 847 har-

600 892 793 943 monia}
824 888 1106 959 imaginem
1140 888 1270 939 retia
1303 887 1389 939 illa
1430 886 1591 950 Petri,
1635 902 1751 955 qum
1780 886 1937 939 hodie
1967 887 2020 939 itt
2050 900 2181 940 con-

596 989 780 1049 spectu
833 987 1011 1033 vestro
1056 978 1227 1032 laxata
1280 988 1436 1039 sunt,
1485 976 1756 1030 exhibent.
1805 976 1986 1045 Neque
2040 977 2179 1029 enim

594 1072 763 1126 semel
800 1073 989 1127 Petrus
1017 1080 1220 1124 tantum
1253 1071 1381 1124 retia
1423 1071 1616 1123 laxavit
1650 1088 1662 1122 :
1695 1071 1787 1123 scd
1833 1072 1873 1122 si
1910 1070 2181 1123 historiam

597 1172 830 1231 spectes,
861 1162 1026 1216 semel
1047 1172 1275 1225 tantum;
1309 1160 1401 1215 sed
1429 1161 1478 1213 vi
1509 1170 1560 1214 et
1590 1160 1825 1227 efficacia
1853 1175 2013 1228 sa-pe.
2042 1162 2184 1227 Quo.

596 1255 698 1308 ties
728 1256 869 1309 enim
898 1254 1226 1322 evangelium
1254 1253 1586 1321 priedicatur,
1618 1253 1745 1306 nihil
1774 1268 1873 1322 ego
1912 1253 2054 1306 aliud
2095 1255 2177 1306 iii-

596 1355 767 1411 tucor,
803 1361 959 1415 quam
1009 1346 1243 1408 Petrum,
1284 1353 1337 1397 et
1366 1344 1653 1409 Andream,
1706 1353 1759 1398 et
1817 1353 1980 1397 totum
2030 1345 2176 1397 illum

599 1437 823 1492 chorum
842 1438 1213 1507 apostolicum,
1234 1438 1593 1506 evangelicum
1613 1438 1735 1491 illud
1756 1447 1867 1492 rete
1889 1439 2176 1492 laxantem.

666 1529 717 1581 2.
750 1528 817 1582 Et
845 1538 960 1582 erat
987 1543 1115 1582 sane
1146 1543 1337 1581 novum
1370 1529 1728 1597 spectaculum
1750 1528 2086 1583 Servatorem
2121 1528 2173 1582 iu

594 1619 726 1672 mari
752 1620 1086 1688 conspicere,
1115 1628 1167 1672 et
1196 1619 1466 1671 auditores
1497 1619 1548 1671 in
1578 1620 1753 1674 littore
1782 1621 2135 1674 consistentes
2160 1638 2173 1673 :

594 1710 727 1763 inira
754 1724 839 1764 res
869 1728 882 1764 :
916 1712 1085 1780 pisces
1113 1711 1162 1763 iii
1205 1720 1362 1772 terra,
1408 1712 1638 1780 piscator
1666 1712 1717 1765 in
1758 1714 1888 1766 mari
1931 1714 2177 1767 versaba-

595 1813 701 1857 tiir.
733 1802 993 1857 lmmissio
1024 1804 1159 1857 illitis
1183 1805 1311 1858 retis
1342 1805 1514 1876 imago
1535 1816 1651 1859 erat
1671 1807 1925 1861 doctrina:
1945 1823 2173 1877 evange—

594 1894 729 1947 lica).
762 1893 985 1964 Repetit,
1028 1895 1213 1964 inquit,
1247 1896 1519 1963 piscatores
1568 1896 1789 1950 iuvantes
1842 1898 1968 1951 retia
2022 1898 2172 1959 (Luc.

591 1984 644 2039 5.
669 1986 703 2037 2
728 1986 770 2053 ),
792 1996 845 2038 ιιι
866 1986 952 2054 qui
975 2000 1186 2040 omnem
1206 1996 1438 2056 captura:
1461 2002 1607 2056 spem
1630 1987 1973 2056 abjccissent.
1997 1989 2175 2043 Pisca-

590 2085 674 2128 tor
695 2076 835 2129 eniin
859 2077 958 2130 nisi
982 2077 1226 2144 desperet
1248 2093 1304 2130 se
1320 2078 1518 2147 aliquid
1545 2079 1762 2147 piscium
1785 2094 1937 2147 posse
1958 2094 2170 2148 capere,

589 2176 702 2220 rete
727 2182 831 2221 non
862 2167 1015 2221 lavat.
1050 2168 1228 2238 Itaque
1250 2170 1447 2239 reperit
1470 2170 1613 2240 ipsos
1644 2170 1896 2225 Servator
1938 2174 2068 2227 retia
2098 2175 2173 2226 la-

590 2269 793 2322 vantes,
814 2269 872 2314 iit
894 2261 982 2329 qui
1002 2261 1173 2314 nullos
1196 2276 1316 2315 sese
1354 2262 1526 2330 pisces
1548 2278 1739 2332 capere
1762 2280 1917 2333 posse
1938 2266 2172 2321 confide-

586 2364 717 2415 rt'lli,
749 2354 1066 2407 etDominus
1094 2355 1398 2421 piscationis
1428 2356 1621 2420 adstat,
1651 2368 1701 2412 et
1730 2360 1853 2428 quid
1884 2359 2039 2413 facit?
2058 2361 2171 2413 Pri-

586 2458 729 2495 inutn
757 2444 967 2511 quidem
996 2445 1291 2499 doctrinam
1323 2449 1559 2500 veritatis
1592 2449 1691 2501 illis
1720 2452 1965 2518 proponit
1996 2469 2009 2504 :
2044 2451 2166 2507 hinc

583 2532 732 2603 jubet
758 2544 873 2589 rete
903 2535 1088 2590 laxari.
1120 2536 1252 2591 Cum
1281 2539 1423 2592 enim
1452 2540 1609 2593 verba
1636 2541 1752 2593 sine
1778 2542 2028 2609 operibus
2070 2543 2165 2597 de-

585 2629 965 2682 nionstratione
1016 2641 1290 2697 carerent,
1338 2631 1618 2700 oportebat
1670 2633 1964 2687 doctrinam
2015 2636 2165 2690 factis

581 2722 899 2774 confirmare
932 2739 945 2775 :
976 2736 1095 2774 nam
1144 2722 1252 2776 Deo
1295 2723 1536 2791 jubente,
1578 2741 1695 2795 qua:
1736 2727 1974 2795 nuSpiam
2008 2744 2164 2796 repe-

580 2814 789 2864 riuntur
827 2812 1064 2866 invenies
1097 2830 1111 2868 :
1139 2823 1192 2867 et
1228 2830 1346 2883 quin
1390 2830 1494 2868 non
1524 2824 1666 2880 sunt,
1708 2820 1904 2886 capies.
1948 2816 2161 2882 Laxale,

580 2903 674 2967 ait,
704 2903 828 2954 retia
853 2912 1013 2955 vestra
1036 2902 1182 2972 (Luc.
1215 2906 1267 2959 5.
1304 2905 1357 2959 4.
1392 2906 1469 2973 5).
1503 2906 1599 2960 Cui
1634 2907 1822 2962 Petrus
1851 2926 1864 2962 :
1895 2909 2158 2979 Magister,

579 3010 669 3062 per
695 3004 849 3047 totam
874 3004 1067 3049 noctem
1086 2996 1389 3055 laborantes.
1412 2998 1539 3050 nihil
1565 3001 1803 3067 cepimus,
1834 3002 1922 3054 sed
1948 3002 1998 3054 in
2018 3002 2161 3055 verbo

581 3095 668 3138 tuo
714 3086 896 3140 laxabo
939 3098 1060 3142 rete.
1118 3089 1365 3143 Admiror
1418 3090 1555 3145 Petri
1616 3093 1770 3146 lidein
1815 3112 1826 3146 :
1875 3095 1961 3164 qui
1993 3097 2158 3163 prima

577 3180 854 3249 desperata
902 3182 1140 3247 haberet,
1194 3193 1248 3237 et
1291 3199 1425 3237 nova
1466 3185 1754 3240 credi-ret:
1790 3185 1849 3240 In
1895 3187 2037 3241 verbo
2076 3197 2159 3241 tuo

577 3273 758 3327 (amabo
780 3284 899 3329 rete.
947 3275 1075 3339 Cur,
1106 3274 1173 3328 In
1212 3276 1355 3330 verbo
1400 3286 1505 3342 tuo,
1550 3278 1658 3331 ait"
1693 3278 1952 3346 Quoniam
1997 3280 2159 3333 verbo

575 3367 692 3434 ejus
718 3367 834 3421 caeli
865 3367 1056 3421 ﬁrmati
1080 3376 1222 3433 sunt,
1245 3376 1301 3423 et
1331 3379 1469 3422 terra
1502 3369 1717 3423 fundata
1744 3384 1841 3433 est,
1887 3386 2033 3425 mare
2068 3386 2158 3426 se-

574 3473 813 3531 paratum
845 3470 927 3516 est
951 3460 1120 3533 (Psal.
1161 3461 1251 3517 52.
1294 3463 1347 3517 6.
1400 3472 1447 3515 et
1502 3464 1623 3517 10l.
1666 3463 1757 3531 26)
1786 3480 1798 3515 :
1830 3463 1988 3517 homo
2029 3480 2157 3533 pro.

576 3555 703 3623 priis
729 3556 839 3608 suis
862 3554 1078 3609 ﬂoribus
1106 3564 1389 3609 coronatus
1434 3564 1534 3619 est,
1567 3564 1622 3609 et
1654 3556 1833 3609 omnia
1876 3556 2037 3610 verbo
2066 3566 2156 3609 tuo

573 3647 964 3701 constiterunt:
996 3656 1053 3699 ut
1073 3648 1147 3700 ait
1172 3647 1365 3700 Paulus
1398 3663 1412 3700 :
1444 3647 1542 3712 Qui
1582 3656 1747 3715 portat
1794 3650 1963 3701 omnia
2012 3649 2158 3703 verbo

580 3742 814 3807 potentia:
836 3738 1139 3809 suanlebr.
1178 3741 1227 3793 1.
1260 3739 1339 3810 5).
1374 3738 1438 3793 In
1458 3743 1603 3793 verbo
1625 3750 1711 3793 tuo
1736 3740 1916 3793 (amabo
1940 3750 2058 3793 rete.
2093 3740 2158 3793 Et

576 3832 791 3885 verbum
823 3831 950 3885 illud
981 3830 1195 3901 quidem
1229 3840 1341 3885 rete
1362 3831 1649 3885 antecessit
1678 3850 1690 3884 :
1724 3846 1821 3885 nec
1848 3833 2023 3901 pisces
2060 3830 2155 3883 ad-

572 3930 718 3974 sunt.
738 3921 868 3975 Nam
899 3922 1021 3975 licet
1061 3921 1376 3984 adfuissent,
1418 3920 1487 3975 ob
1528 3922 1807 3975 tumultum
1838 3938 2021 3976 eorum
2064 3924 2151 3990 qui

574 4012 934 4084 piscabantur,
968 4012 1192 4068 fuissent
1241 4014 1451 4083 dilapsi.
1486 4014 1588 4069 Sed
1626 4015 1899 4069 descendit
1934 4017 2152 4071 verbum

572 4103 709 4169 i-jus,
742 4103 843 4168 Qui
871 4113 1009 4156 vocat
1045 4122 1103 4157 ea
1128 4120 1241 4173 qua:
1274 4122 1371 4158 non
1398 4115 1530 4169 sunt,
1563 4122 1624 4158 ac
1648 4108 1691 4159 si
1710 4116 1870 4161 essent
1893 4106 2064 4175 (Rom.
2098 4109 2149 4162 4.

572 4196 659 4264 17)
692 4214 703 4248 :
729 4196 964 4264 potentia
1011 4196 1125 4266 ejus
1147 4199 1235 4266 qui
1257 4198 1498 4267 jiihebat,
1523 4200 1671 4268 prius
1696 4216 1852 4269 quam
1878 4209 1991 4255 rete
2009 4217 2154 4255 mare

571 4285 734 4340 subiit
762 4301 775 4337 :
799 4295 852 4341 et
882 4301 1068 4356 magna
1100 4289 1179 4341 vis
1210 4289 1431 4357 piscium
1458 4302 1639 4345 coacta
1684 4300 1786 4346 est.
1833 4293 2010 4362 Imago
2039 4292 2154 4346 hinc

570 4377 666 4430 l'iiit
692 4377 1003 4431 universalis
1039 4378 1314 4435 Ecclesiaz.
1359 4381 1724 4450 Rumpebatur
1768 4391 1920 4438 rete:
1950 4399 2153 4439 annue-

570 4476 693 4521 runt
719 4469 898 4531 sociis,
927 4473 1014 4540 qui
1047 4473 1097 4525 in
1124 4473 1223 4526 alia
1253 4474 1489 4527 navicula
1519 4483 1690 4540 erant,
1722 4484 1781 4529 ut
1808 4477 2072 4539 venirent,
2099 4488 2152 4530 et

570 4561 669 4613 sibi
715 4562 1099 4618 attxiliarentur
1150 4566 1297 4636 (Luc.
1344 4567 1396 4619 5.
1448 4568 1499 4619 6.
1551 4566 1628 4637 7).
1678 4567 1968 4635 Oportebat
2006 4570 2149 4623 enim

574 4668 736 4707 naves
774 4655 907 4708 duas
943 4671 1258 4711 concurrere
1314 4658 1378 4710 ad
1424 4658 1565 4711 illam
1622 4659 1987 4726 piscatioaeni.
2041 4659 2151 4711 Nisi

574 4745 715 4798 enim
746 4746 1118 4815 prephetariim
1145 4749 1339 4803 chorus
1360 4750 1664 4819 apostolica:
1695 4751 1871 4804 manui
1895 4750 2053 4815 adsit,
2098 4759 2154 4804 et.

576 4838 867 4908 opituletur
894 4856 907 4891 :
941 4850 992 4893 et
1013 4842 1109 4894 nisi
1132 4843 1361 4896 oraculis
1386 4844 1762 4913 prophetarum
1790 4842 2149 4912 apostolorum

573 4939 796 4984 eventus
825 4933 1163 4999 reSpondeat,
1200 4950 1301 4985 non
1333 4937 1571 5003 capimus
1597 4950 1715 5003 qute
1747 4949 2026 4988 venamur.
2053 4933 2154 4987 Ita-

572 5038 674 5093 que
698 5038 819 5078 cum
841 5022 1092 5079 Servator
1113 5026 1479 5081 demonstrare
1514 5027 1687 5090 vellet,
1731 5026 1866 5079 hanc
1906 5026 2147 5095 piscatio-

572 5133 693 5172 nem
724 5119 1008 5188 imaginem
1038 5135 1157 5173 esse
1206 5118 1478 5183 Ecclesiie,
1525 5132 1582 5174 ut
1626 5120 1840 5175 Petrum
1875 5122 2147 5187 erudiret;

573 5212 675 5265 hoc
699 5212 942 5279 exemplo
980 5212 1120 5265 acuit
1155 5218 1208 5264 et
1247 5210 1485 5264 incitavit
1529 5211 1595 5264 ad
1651 5210 2032 5278 fortitudinem,
2087 5229 2150 5267 ac

567 5303 696 5356 dicit
723 5304 841 5373 ipsi,
893 5302 974 5357 Ne
1005 5314 1217 5367 metuas,
1264 5305 1326 5356 ab
1379 5304 1471 5357 lioc
1516 5314 1753 5373 tempore,
1802 5306 2024 5360 homines
2053 5306 2150 5359 eris

568 5396 774 5462 cupiens
804 5393 951 5464 (Luc.
981 5395 1169 5464 5.10).
1200 5395 1273 5447 Ab
1312 5393 1406 5447 hoc
1457 5405 1693 5465 teMpore,
1743 5412 1848 5465 quo
1901 5398 2149 5465 potentia:

571 5501 706 5540 niese
756 5502 935 5541 coram
982 5489 1130 5543 vobis
1169 5488 1460 5557 periculum
1510 5486 1751 5540 factum:
1796 5487 1953 5556 idque
1998 5486 2149 5542 vobis

568 5580 837 5647 cognitum
862 5588 912 5633 et
938 5581 1093 5649 plane
1114 5587 1447 5647 perspectum
1479 5587 1579 5641 est,
1609 5579 1768 5631 etiam
1802 5579 1952 5632 bruta
1987 5578 2150 5632 verbo

572 5685 696 5723 meo
715 5670 953 5735 obedire,
981 5672 1261 5740 omniaque
1290 5679 1474 5723 nutum
1498 5684 1673 5723 meum
1701 5669 1871 5739 sequi.
1904 5668 2013 5722 Hoc
2036 5667 2148 5722 ido-

571 5772 675 5812 neo
711 5760 958 5828 exemplo
998 5761 1068 5813 ob
1115 5763 1300 5817 oculos
1350 5760 1539 5829 posito,
1584 5757 1837 5829 deinceps
1878 5758 2148 5828 capiendis

575 5847 875 5907 hominibus
904 5867 1119 5924 cperam
1147 5852 1292 5909 dato.
1326 5851 1505 5925 Neque
1531 5852 1674 5910 enim
1712 5851 1864 5921 dicit,
1903 5849 2146 5908 homines

2094 400 2371 458 INCERTI

3772 413 3869 469 400

2292 522 2599 592 piscaberis,
2636 524 2729 579 sed
2760 524 3003 581 Homines
3038 529 3173 580 vivos
3206 528 3411 595 capiens
3441 528 3559 581 eris.
3589 526 3855 598 Siquidem

2291 615 2465 683 pisces
2491 614 2597 669 vivi
2628 616 2692 668 ad
2718 628 2944 671 mortem
2975 618 3144 671 solent
3170 620 3285 688 capi
3309 634 3322 679 ;
3348 617 3593 673 homines
3622 636 3753 673 vero
3781 636 3865 673 ca-

2288 704 2523 773 piuntur,
2559 715 2618 758 ut
2661 721 2691 759 a
2729 718 2902 761 morte
2931 708 2997 760 ad
3038 708 3199 761 vitam
3232 719 3499 762 transeant
3532 727 3547 763 :
3574 711 3753 778 itaque
3778 712 3866 775 ait,

2287 798 2363 850 Ab
2391 799 2484 850 lioc
2506 810 2727 867 tempore
2771 801 2996 853 homines
3023 801 3121 853 eris
3162 802 3385 869 capiens.
3418 801 3524 855 Sed
3553 818 3649 856 cur
3672 803 3746 855 ait
3774 804 3862 867 illi,

2288 886 2373 940 Ne
2400 890 2632 943 metuas?
2659 890 2805 951 Esto.
2834 893 3150 959 promissum
3174 893 3509 960 splendidum
3552 893 3710 947 fuerit
3734 912 3748 959 ;
3777 912 3866 949 cur

2285 978 2395 1033 ait:
2432 978 2513 1030 Ne
2538 990 2731 1033 metuas
2756 982 2782 1033 ?
2805 981 2934 1048 Quia
2964 982 3037 1035 illi
3079 984 3129 1035 in
3162 994 3394 1037 mentem
3446 986 3588 1039 venit
3635 986 3864 1053 priorum

2287 1076 2649 1135 peccatorum,
2700 1070 2956 1123 Dominus
3004 1071 3078 1124 ait
3124 1089 3135 1124 :
3192 1071 3275 1125 Ne
3325 1085 3517 1127 metuas
3570 1084 3622 1128 te
3675 1076 3861 1145 ipsum,

2286 1168 2553 1227 tamquam
2601 1169 2935 1228 peccatorem
2984 1179 2997 1215 :
3042 1162 3134 1216 sed
3167 1162 3422 1233 deinceps
3466 1166 3693 1234 teipsiim
3739 1184 3863 1221 con-

2284 1251 2485 1305 Sidet-es
2512 1263 2567 1306 ut
2592 1254 2912 1321 apostolum,
2961 1256 3048 1325 qui
3098 1256 3368 1309 dominico
3419 1258 3644 1326 imperio
3681 1261 3860 1313 orbem

2282 1344 2431 1411 quasi
2485 1359 2677 1414 sagena
2727 1347 3007 1415 complecti
3058 1348 3280 1416 juberis.
3339 1348 3483 1403 Hanc
3526 1366 3742 1414 vocem,
3787 1350 3863 1405 Ne

2282 1444 2513 1500 metuas,
2560 1437 2785 1506 quisque
2834 1454 2899 1492 ex
2951 1438 3163 1492 Christo
3213 1439 3430 1504 audiat;
3490 1439 3575 1495 Ne
3624 1454 3864 1497 metuas:

2282 1526 2441 1578 modo
2470 1526 2537 1579 ab
2581 1528 2680 1580 hoc
2711 1539 2951 1598 tempore
2986 1530 3351 1598 ρωιιὶιριιιίςιιιι
3387 1540 3525 1601 agat.
3571 1534 3714 1602 Ergo
3746 1545 3855 1589 rete

2284 1616 2414 1670 illud
2442 1660 2455 1683 ,
2488 1628 2543 1670 ut
2573 1619 2814 1673 ordinem
2844 1636 3025 1675 rerum
3057 1623 3491 1691 explicandarum
3527 1624 3675 1692 prius
3710 1626 3857 1679 insti-

2280 1717 2449 1761 tutum
2477 1724 2888 1780 prosequamur,
2920 1712 3097 1781 imago
3139 1713 3235 1765 fuit
3260 1715 3582 1783 evangelicae
3613 1715 3859 1770 Servato-

2280 1800 2355 1853 ris
2400 1799 2679 1855 doctrinm.
2731 1802 2843 1855 lloc
2876 1812 3055 1856 autem
3096 1804 3429 1873 evangelium
3466 1804 3628 1859 modo
3671 1806 3858 1860 Paulus

2277 1891 2614 1959 evangelium
2662 1892 2922 1961 justitiaz,
2970 1893 3130 1947 modo
3157 1894 3490 1965 evangelium
3537 1898 3721 1965 pacis,
3768 1898 3859 1951 ali-

2276 1984 2489 2052 quando
2544 1986 2881 2055 evangelium
2937 1988 3186 2054 potentia:
3234 1989 3484 2057 appellat.
3533 1990 3668 2056 Quia
3720 1993 3856 2046 enim

2277 2074 2671 2143 prwdicationis
2714 2077 2798 2129 illa
2828 2079 2996 2147 gratia
3042 2087 3251 2147 poterat
3282 2079 3421 2132 bella
3448 2078 3694 2147 auferre,
3723 2083 3858 2136 sedi-

2277 2166 2559 2235 tionesqiie
2592 2166 2867 2223 hominum
2913 2170 3053 2223 circa
3089 2171 3339 2239 pietatem
3376 2187 3479 2224 non
3512 2175 3854 2229 consentien-

2275 2258 2403 2311 tium
2430 2259 2713 2329 dissipare,
2744 2262 2866 2329 quia
2889 2277 3077 2315 omnes
3105 2262 3169 2317 ad
3196 2263 3421 2318 salutem
3462 2266 3673 2331 invitat,
3700 2282 3855 2321 evan-

2271 2350 2468 2416 gelittm
2494 2351 2715 2419 jiistitiie
2744 2352 2937 2406 dicitur
2967 2372 2979 2406 :
3020 2355 3143 2423 quia
3195 2370 3321 2408 vero
3358 2354 3666 2411 diciiionum
3717 2358 3850 2414 bella

2270 2442 2448 2508 sedat,
2474 2446 2807 2513 evangelium
2837 2446 2982 2515 pacis
3022 2446 3323 2515 appellatur
3352 2466 3365 2500 :
3398 2464 3459 2501 ac
3485 2450 3604 2517 quia
3636 2450 3732 2504 Dei
3766 2466 3851 2505 co-

2269 2536 2565 2602 gnitionem
2603 2536 2783 2590 verbis
2812 2537 3009 2591 vilibus
3038 2539 3361 2608 promulgat,
3394 2542 3735 2610 evangelium
3762 2558 3849 2611 po-

2271 2628 2454 2680 tentia:
2480 2627 2695 2680 dicitur.
2739 2628 2875 2681 Audi
2925 2629 3145 2683 Paulum
3176 2629 3443 2684 dicentem
3474 2647 3487 2683 :
3528 2630 3651 2685 Non
3678 2636 3847 2686 erube-

2254 2737 2352 2795 sco
2402 2722 2717 2792 evangelium
2743 2739 2762 2776 .·
2793 2723 2948 2775 virtus
2976 2723 3109 2775 enim
3144 2722 3241 2777 Dei
3285 2734 3356 2777 est
3381 2724 3449 2776 ad
3472 2725 3689 2778 salutem
3717 2728 3846 2780 omni

2270 2813 2494 2865 credenti
2522 2816 2537 2880 (
2578 2813 2728 2867 Rom.
2754 2814 2806 2867 1.
2838 2814 2904 2869 16
2934 2816 2973 2884 ).
3021 2815 3263 2869 Potentia
3308 2817 3569 2886 siquidem
3606 2826 3720 2872 tum
3758 2819 3845 2874 de-

2264 2920 2409 2957 mum
2448 2920 2573 2959 vere
2610 2906 2866 2960 elucescit
2890 2947 2904 2970 ,
2942 2921 3063 2961 cum
3106 2908 3149 2960 is
3183 2908 3272 2976 qui
3313 2908 3587 2977 praedicat,
3615 2926 3726 2964 non
3753 2913 3844 2963 hu-

2266 3011 2421 3049 mana
2454 2997 2715 3050 rationum
2752 2998 2893 3051 serie
2929 3012 3055 3052 usus
3081 3040 3096 3062 ,
3127 3000 3387 3055 terminos
3417 3000 3565 3055 orbis
3594 3002 3837 3067 obtinet;

2264 3096 2320 3139 ut
2345 3086 2597 3143 Servator
2640 3088 2805 3142 Paulo
2831 3089 2959 3143 dicit
2991 3106 3003 3141 :
3034 3090 3227 3161 Suﬁicit
3255 3092 3343 3144 tibi
3374 3094 3540 3163 gratia
3567 3110 3682 3148 mea
3708 3111 3727 3147 :
3750 3096 3841 3148 vir-

2265 3187 2345 3230 tus
2369 3180 2501 3232 enim
2522 3197 2631 3232 mea
2656 3183 2709 3233 in
2734 3182 3029 3248 inﬁrmitate
3055 3184 3315 3250 per/icitur
3336 3184 3357 3255 (
3382 3183 3437 3236 2.
3466 3182 3587 3238 Cor.
3621 3186 3710 3240 12.
3742 3187 3773 3241 9
3796 3186 3833 3254 ).

2262 3268 2448 3339 Neque
2479 3272 2622 3325 enim
2652 3287 2901 3341 magnum
2929 3273 3198 3342 quidpiam
3227 3273 3329 3328 hoc
3361 3274 3582 3341 fuisset,
3612 3276 3658 3330 si
3691 3276 3837 3331 Chri-

2262 3370 2378 3416 stus
2404 3363 2542 3417 niida
2583 3378 2676 3417 sua
2702 3364 2977 3419 divinitate
3007 3366 3194 3420 orbem
3228 3366 3584 3420 illiistrasset:
3617 3368 3713 3421 sed
3745 3368 3836 3421 hoc

2261 3455 2476 3520 mirum,
2511 3456 2649 3524 quod
2679 3471 2907 3525 corpore
2950 3472 3046 3511 suo
3077 3458 3456 3526 iinpassihilcm
3502 3467 3556 3513 et
3592 3460 3833 3528 incorpo-

2261 3559 2409 3599 ream
2441 3546 2737 3601 ostenderit
2763 3548 3012 3617 gloriam.
3046 3547 3233 3617 Neque
3264 3547 3393 3601 illud
3424 3548 3761 3616 admirabile,
3792 3549 3831 3602 si

2259 3641 2412 3693 vivus
2437 3649 2492 3694 et
2535 3641 2745 3695 vivifica
2791 3642 2957 3711 gloria
3005 3640 3390 3709 resplendens,
3417 3640 3533 3695 orbi
3564 3641 3728 3695 vitam
3757 3658 3833 3696 rc-

2258 3735 2520 3789 stituissct
2542 3752 2555 3791 :
2579 3734 2673 3789 sed
2705 3735 2937 3803 potentia
2970 3734 3127 3789 Verbi
3148 3743 3231 3788 est
3252 3732 3395 3803 quod
3418 3744 3587 3788 morte
3612 3744 3831 3789 incitent

2263 3826 2433 3893 tollat,
2461 3835 2517 3880 et
2545 3842 2640 3896 per
2662 3828 3015 3881 contumelias
3044 3828 3327 3881 immortali
3355 3827 3523 3895 gloria
3557 3827 3827 3895 refulgeat.

2259 3918 2399 3973 Alibi
2424 3920 2584 3974 etiam
2616 3920 2814 3975 Paulus
2839 3920 3171 3989 evangelium
3200 3920 3346 3988 pacis
3378 3919 3612 3988 appellat
3646 3938 3658 3972 :
3698 3918 3831 3973 Prie-

2259 4020 2451 4079 parate,
2482 4011 2577 4078 ait,
2603 4012 2755 4082 pedes
2783 4021 2970 4065 vestros
2998 4012 3051 4064 in
3088 4011 3456 4081 praaparatione
3480 4012 3725 4081 evangelii
3753 4026 3831 4079 pa

2263 4100 2377 4171 cis(
2408 4100 2600 4169 Eplies.
2633 4102 2688 4157 6.
2720 4100 2850 4174 15
2880 4101 3020 4156 Alibi
3044 4102 3376 4169 evangelium
3402 4101 3624 4168 justitia:
3666 4100 3831 4153 nomi—

2260 4200 2372 4258 nat,
2400 4207 2520 4246 cum
2542 4193 2617 4247 ait
2640 4211 2653 4246 :
2690 4192 2812 4247 Non
2838 4194 2969 4246 enim
2998 4193 3231 4245 erubesco
3258 4192 3569 4259 euangelium
3593 4208 3611 4245 :
3630 4191 3828 4261 justitia

2256 4283 2388 4338 enim
2409 4282 2509 4337 Dei
2526 4286 2579 4338 in
2599 4286 2710 4351 ipso
2726 4284 3000 4337 revelatur‘
3024 4282 3201 4350 (Rom.
3234 4283 3285 4335 1.
3319 4282 3404 4335 16.
3437 4282 3545 4350 17).
3574 4282 3711 4347 Quid
3744 4288 3824 4333 est

2254 4380 2463 4436 Justitia
2491 4377 2586 4431 Dei
2613 4378 2637 4430 ?
2663 4377 3014 4445 Posteaquam
3045 4376 3124 4428 lex
3158 4375 3325 4443 prima
3357 4374 3484 4426 solis
3509 4373 3712 4428 JUdiBiS
3739 4372 3831 4426 fuit

2255 4471 2773 4543 data,Evangelium
2789 4484 2919 4524 vero
2947 4468 3217 4531 omnibus,
3248 4467 3584 4536 evangelium
3610 4466 3831 4535 justitiie

2254 4565 2507 4635 appellat.
2552 4560 2826 4631 Siquidem
2858 4560 2998 4614 Deus
3042 4558 3219 4627 justus
3241 4558 3330 4627 qui
3373 4573 3560 4611 omnes
3587 4571 3829 4626 permqut:

2255 4642 2575 4727 procreavit,
2608 4668 2796 4707 omnes
2837 4666 3085 4720 perzeque
3127 4650 3409 4703 illustravit
3442 4668 3455 4703 :
3493 4650 3727 4718 illudque
3749 4649 3831 4717 ju-

2254 4749 2414 4803 stitiae
2441 4756 2587 4811 erat,
2630 4760 2737 4799 non
2771 4744 2868 4797 hos
2910 4742 3123 4810 quidem
3173 4756 3409 4807 scrvare,
3436 4741 3557 4794 illos
3588 4757 3716 4795 vero
3738 4740 3826 4794 mi-

2256 4840 2398 4893 nime
2426 4855 2439 4893 :
2467 4848 2519 4892 et
2551 4836 2647 4890 hos
2673 4849 2889 4897 vocare,
2934 4832 3053 4886 illos
3099 4846 3273 4886 secus.
3319 4831 3373 4884 In
3409 4830 3586 4884 Veteri
3618 4829 3823 4900 quidem

2254 4930 2617 4993 Testamento,
2648 4927 2855 4979 vocatio
2876 4924 3014 4995 justa
3045 4938 3147 4977 non
3182 4923 3277 4975 fuit
3306 4939 3318 4972 :
3348 4921 3440 4976 sed
3475 4922 3817 4981 teconomica,

2254 5038 2374 5093 qua:
2420 5019 2640 5090 justitiie
2676 5019 2817 5071 viam
2869 5014 3225 5086 praemunivit.
3259 5014 3437 5081 Neque
3485 5022 3660 5066 tamen
3694 5011 3825 5064 hanc

2253 5115 2466 5185 quidem
2500 5112 2719 5183 justam,
2752 5110 2894 5163 illam
2923 5124 3049 5164 vero
3078 5108 3327 5177 injustam
3356 5106 3544 5163 dixero
3573 5122 3585 5157 :
3621 5104 3713 5159 sed
3760 5103 3823 5156 il-

2254 5207 2356 5261 lam
2382 5206 2582 5259 aditum
2610 5203 2676 5257 ad
2704 5202 2841 5255 hanc
2870 5199 3186 5270 patefecisse
3207 5242 3219 5264 ,
3252 5209 3304 5253 et
3333 5198 3398 5252 ad
3444 5196 3583 5251 hanc
3608 5210 3826 5266 appara-

2254 5306 2364 5351 tum
2392 5294 2673 5365 quemdam
2707 5291 2889 5346 fuisse.
2925 5291 3119 5361 Legem
3149 5288 3331 5343 lsraeli
3352 5286 3521 5341 dedit.
3558 5286 3691 5340 llinc
3729 5285 3824 5339 Da-

2317 5429 2333 5460 ί
2370 5436 2481 5486 Quae
2506 5426 2611 5474 haec
2629 5425 2798 5483 verba,
2822 5422 2873 5486 in
2895 5423 2997 5486 ipso
3020 5420 3275 5486 reveletur,
3300 5427 3576 5486 sequuntur
3595 5421 3642 5467 in
3663 5430 3827 5486 excer-

2252 5492 2347 5562 clis
2384 5477 3168 5562 artissimamreticentiae
3186 5477 3827 5562 eueh_ti;.§i9;st'atrﬂe

2301 5552 2396 5601 itur
2404 5542 2595 5612 iustitia
2609 5550 2713 5612 Δυθέ
2730 5542 2781 5596 iri
2802 5546 2904 5612 ipso
2927 5542 3207 5612 revellam-1’
3230 5542 3468 5612 Quomodo
3489 5542 3652 5612 ?_(‘um
3670 5542 3825 5612 prima

2301 5566 2595 5612 uurjusiuta
2621 5566 2707 5598 Ut?!
2730 5566 2779 5596 In
2802 5566 2904 5609 ιρδυ
2927 5566 3161 5595 Tet‘cuuttr
3184 5566 3202 5593 .'
3230 5566 3468 5613 υᾳυιιιυυμ
3489 5566 3505 5591 .'
3534 5566 3559 5591 ι
3574 5566 3651 5591 um
3671 5566 3823 5609 μιμηη

2249 5566 2332 5663 ’ἔτι
2350 5611 2533 5661 Judici's
2549 5608 2659 5661 solis
2683 5611 2797 5676 data
2810 5609 2892 5676 sit,
2921 5605 3030 5657 licet
3052 5604 3140 5676 atii
3160 5604 3370 5654 honunes
3391 5604 3609 5676 ejusdem
3628 5606 3827 5676 exsistet

2250 5681 2356 5724 rent
2368 5680 2560 5739 natura:
2577 5679 2626 5739 et_
2646 5668 2861 5739 originis,
2880 5664 3181 5739 euangelium
3203 5679 3313 5736 uero
3334 5664 3552 5739 cautibus
3582 5664 3824 5739 aquafjtg

2250 5735 2482 5799 gentibus,
2506 5733 2675 5783 merito
2713 5729 2763 5780 in
2792 5729 2876 5779 illo
2902 5729 3112 5799 justitirc
3136 5729 3224 5799 l_)_ei
3258 5733 3512 5799 repetatur,
3559 5733 3605 5799 et
3629 5729 3826 5799 jusque

2250 5789 2542 5858 Ziongetiiim
2573 5799 2785 5846 vocatur.
2823 5799 2877 5841 In
2903 5789 3065 5842 Veteri
3096 5789 3242 5855 igitur
3278 5794 3397 5840 Test.
3429 5790 3502 5840 sic
3524 5789 3705 5839 notam
3737 5791 3825 5835 bii-

2253 5871 2401 5911 carus.
