4074 6308
252 290 344 349 lOl
1414 288 1693 347 HOMILIA
1733 287 1823 343 DE
1862 287 2361 348 LEGISLATORE.

252 410 336 463 vid
367 429 381 465 :
413 406 517 474 Qui
534 408 801 464 annuntiat
822 408 1022 464 verbum
1044 425 1192 465 suum
1213 408 1394 476 Iacob,
1410 409 1641 479 justitias
1674 415 1721 462 et
1737 410 1828 478 ju-

251 499 378 553 dicia
403 516 498 553 sua
522 498 708 555 Israel.
743 498 863 555 Non
889 501 1005 574 fecit
1046 502 1213 556 taliter
1252 503 1389 555 omni
1416 502 1630 568 nationi,
1658 510 1704 555 et
1735 500 1828 573 ju-

252 594 498 647 dicia-sua
526 610 629 647 non
668 594 1006 667 manifestauit
1029 597 1102 650 eis
1136 596 1155 667 (
1186 594 1334 652 Psal.
1362 596 1487 652 N7.
1535 596 1588 652 8.
1636 594 1690 651 9.
1739 594 1826 651 l9.

252 690 318 745 20
347 690 386 757 ).

321 782 373 836 '5.
397 780 623 835 Justitite
649 781 1001 853 euangelium;
1029 782 1279 837 servitutis
1301 782 1489 854 species
1507 782 1736 837 diversa.
1757 813 1831 823 —

252 875 379 943 Quia
402 890 532 945 ergo
578 875 667 929 uni
690 876 835 946 genti
866 875 1149 945 patefecit,
1188 875 1274 930 hic
1308 892 1440 931 vero
1468 876 1709 931 doctrina
1734 891 1829 932 ve-

253 966 421 1021 ritatis
449 974 717 1037 tamquam
760 966 825 1021 ad
866 976 1118 1023 stateram
1143 979 1376 1037 appensa
1395 1007 1413 1033 ,
1436 967 1685 1023 omnibus
1711 982 1832 1023 eam

254 1071 315 1112 ex
343 1072 497 1129 aequo
522 1057 953 1113 communicavit.
985 1059 1444 1131 Adverte,qu:eso.
1472 1058 1691 1114 Justitia
1711 1068 1830 1125 est,

254 1164 436 1204 omnes
462 1164 531 1204 ex
559 1163 713 1219 wquo
735 1148 913 1203 salvos
942 1150 1078 1204 velle
1108 1168 1123 1205 ε
1155 1164 1254 1205 nec
1273 1149 1626 1205 dilferentiam
1656 1149 1834 1206 facere

255 1240 393 1295 servi
422 1248 515 1294 aut
544 1240 718 1305 liberi,
751 1239 959 1295 barbari
979 1249 1072 1294 aut
1099 1239 1291 1308 Graeci,
1317 1240 1553 1296 mulieris
1581 1240 1664 1295 vel
1691 1240 1826 1295 viri:

256 1334 346 1389 sed
373 1333 515 1405 quod
547 1334 739 1389 Paulus
763 1334 888 1389 dicit
920 1349 934 1386 :
970 1332 1036 1387 In
1056 1334 1255 1388 Christo
1277 1332 1403 1388 Iesu
1425 1351 1523 1389 non
1548 1334 1791 1388 barbarus
1812 1375 1828 1399 ,

256 1442 351 1480 non
374 1425 571 1496 Scytha
592 1441 611 1480 :
640 1442 741 1480 non
772 1443 901 1491 mas,
933 1443 1035 1480 non
1060 1427 1249 1496 femina
1277 1443 1296 1481 :
1327 1444 1418 1481 nec
1441 1445 1631 1493 servus,
1664 1445 1754 1483 nec
1770 1427 1836 1481 li-

254 1518 373 1589 ber(
400 1518 597 1573 Coloss.
621 1518 675 1573 5.
708 1518 769 1574 ll
801 1517 845 1573 l.
878 1517 1107 1574 Videsne
1133 1519 1668 1590 mqualitatem?Quia
1689 1519 1833 1576 enim

257 1620 439 1664 natura
467 1611 701 1679 mquales
722 1625 906 1665 sumus
927 1651 942 1673 ,
972 1610 1097 1666 licet
1135 1612 1413 1667 sententiis
1451 1612 1825 1679 dissideamus,

253 1710 499 1755 naturam
534 1710 771 1756 nostram
800 1702 1035 1772 pristinae
1063 1702 1137 1757 illi
1166 1704 1546 1774 pulchritudini
1581 1706 1831 1760 restituit.

257 1787 382 1846 Cum
404 1792 555 1847 enim
586 1793 822 1848 Adamus
844 1808 875 1849 e
907 1801 1047 1848 terra
1077 1792 1336 1849 formatus
1363 1793 1480 1861 fuit,
1515 1810 1620 1850 non
1648 1796 1835 1851 alieni-

254 1898 408 1954 gena,
442 1900 551 1939 non
582 1884 776 1957 Scytha
799 1928 816 1953 ,
850 1901 948 1940 nec
984 1885 1244 1941 barbarus
1268 1928 1283 1950 ,
1314 1902 1413 1941 nec
1440 1888 1692 1953 Graecus,
1728 1904 1832 1942 non

257 1991 458 2044 servus,
490 1994 596 2033 non
625 1978 776 2044 liber,
802 1994 908 2034 non
937 1994 1073 2045 mas,
1098 1995 1197 2035 nec
1221 1980 1414 2035 femina
1445 1988 1560 2036 erat
1591 1997 1605 2034 :
1633 1997 1697 2036 ex
1726 1997 1834 2036 uno

260 2068 516 2138 siquidem
540 2070 647 2125 duo
673 2070 756 2125 illa
782 2071 1097 2140 procreavit.
1143 2071 1463 2128 Servitutcm
1510 2089 1615 2128 non
1648 2084 1835 2128 natura

261 2162 464 2229 genuit,
512 2160 604 2216 sed
637 2162 861 2217 liberum
888 2163 1164 2219 arbitrium
1215 2166 1440 2235 peperit.
1491 2165 1595 2221 Sed
1635 2175 1688 2220 et
1735 2168 1834 2220 alia

260 2254 460 2319 species
487 2254 763 2310 servitutis
791 2265 892 2323 est,
920 2257 986 2311 ad
1012 2273 1171 2327 quam
1216 2258 1538 2313 necessitate
1563 2258 1718 2313 famis
1747 2269 1837 2315 aut

260 2347 579 2416 captivitatis
622 2348 906 2419 adigimnr.
957 2350 1158 2405 Prmter
1186 2350 1322 2405 hanc
1352 2366 1563 2421 quoque
1592 2353 1693 2406 alia
1721 2362 1834 2418 est,

250 2453 409 2507 quam
438 2450 634 2510 sponte
666 2441 937 2496 subimus:
964 2452 1019 2495 ut
1042 2444 1251 2499 ancillis
1277 2444 1327 2498 in
1351 2460 1545 2499 uxores
1563 2445 1757 2509 ductis,
1783 2447 1841 2501 li-

262 2527 517 2586 bertatem
547 2533 845 2600 vendimus,
867 2543 922 2589 et
946 2548 1044 2591 nos
1064 2536 1335 2591 servitutis
1347 2537 1474 2606 jugo
1502 2537 1835 2607 subjicimus.

260 2621 332 2676 Ac
362 2624 533 2692 prima
560 2624 773 2694 quidem
805 2625 892 2680 illa
918 2627 1078 2681 animi
1100 2626 1328 2698 quadam
1356 2630 1617 2698 pravitate
1641 2632 1839 2686 coosd-

253 2723 363 2769 .tuta
386 2727 486 2772 est.
521 2716 599 2772 Tu
631 2734 777 2782 vero,
806 2717 949 2775 unde
984 2719 1097 2775 haec
1126 2721 1357 2776 servitus
1380 2723 1639 2792 originem
1668 2724 1834 2778 duxe-

263 2808 347 2873 rit,
378 2809 618 2865 attende.
648 2810 773 2866 Post
798 2811 1064 2866 diluvium
1094 2813 1207 2869 Noé
1232 2830 1352 2869 cum
1380 2816 1558 2871 vinum
1595 2818 1836 2884 bibisset,

265 2917 359 2957 nec
385 2912 439 2957 ut
467 2919 567 2973 par
592 2916 706 2960 erat
740 2906 866 2962 illud
901 2915 1284 2977 temperasset,
1314 2909 1574 2979 imperitia
1610 2910 1837 2980 quadam

256 2993 552 3051 inebriatus
591 3006 674 3052 est
705 3016 718 3052 :
758 3014 930 3068 neque
955 3000 1273 3066 voluntatis,
1317 2998 1410 3056 se'd
1445 3002 1669 3058 inscitiae
1698 3019 1842 3057 mor-

264 3086 383 3139 bum
411 3086 663 3153 admisit;
695 3099 748 3144 et
789 3090 1001 3160 quidem
1027 3092 1211 3147 ebrius
1239 3093 1473 3161 seipsum
1502 3093 1798 3149 denudavit
1822 3113 1835 3149 :

261 3186 417 3248 atque
443 3195 581 3234 unus
611 3195 642 3235 e
673 3180 795 3235 ﬁliis
822 3181 1114 3251 ingressus,
1151 3190 1355 3251 patrem
1383 3182 1581 3237 nudum
1608 3200 1839 3254 conspe-

256 3280 399 3325 ctum
432 3270 624 3326 irrisit.
656 3272 792 3340 Quid
823 3273 982 3342 igitur
1020 3282 1170 3342 pater
1189 3273 1296 3344 jam
1327 3274 1537 3330 sobrius
1557 3276 1622 3330 ad
1653 3275 1840 3330 illum?

264 3359 564 3419 llalediclus
593 3362 861 3433 Chanaan,
898 3382 1069 3421 servus
1097 3368 1188 3419 erit
1217 3367 1459 3437 fratribus
1486 3368 1589 3421 suis
1615 3367 1763 3440 (Gen.
1784 3367 1839 3423 9.

261 3455 373 3524 25).
410 3456 571 3513 Vides
602 3467 877 3526 peccatum
922 3457 1233 3513 servitutem
1286 3458 1680 3514 introduxissc?
1706 3459 1841 3514 Hinc

265 3547 509 3603 Servator
538 3566 551 3601 :
576 3547 762 3625 Omnis
786 3550 872 3619 qui
895 3558 1153 3620 peccatum
1181 3550 1302 3620 facit
1322 3590 1336 3613 ,
1360 3566 1529 3603 servus
1553 3560 1624 3605 est
1654 3552 1842 3619 peccati

260 3640 280 3707 (
308 3638 461 3696 Joan.
487 3641 540 3696 8.
573 3642 644 3696 54
666 3642 710 3711 ).
742 3640 1024 3712 Postquam
1055 3657 1184 3713 ergo
1208 3640 1484 3695 Liberator
1506 3641 1720 3696 humani
1744 3658 1840 3711 ge-

260 3732 399 3787 neris
423 3733 684 3798 advenit,
722 3734 928 3787 veniam
983 3734 1214 3802 peccatis
1241 3734 1543 3798 concessit,
1572 3734 1679 3787 imo
1713 3748 1839 3787 vero

258 3824 471 3879 sustulit
499 3823 518 3891 (
548 3823 814 3894 siquidem
846 3824 1023 3879 radice
1050 3826 1249 3891 excisa,
1280 3823 1482 3878 fructus
1510 3824 1668 3879 simul
1695 3825 1841 3879 exci-

259 3915 379 3987 dit),
410 3926 569 3973 vocat
597 3918 927 3988 evangelium
945 3917 1186 3986 justitire,
1215 3918 1355 3987 quod
1386 3933 1574 3972 omnes
1598 3933 1663 3973 ex
1689 3932 1843 3986 atque

258 4003 496 4063 homines
522 4007 781 4064 illustret.
808 4008 980 4063 Judaei
1009 4009 1152 4063 enim
1183 4007 1598 4073 arbitrabantur,
1617 4025 1843 4079 evange-

259 4094 405 4163 lium,
450 4098 600 4168 quod
654 4114 749 4168 per
792 4099 964 4169 ipsum
992 4099 1460 4169 promulgabatur,
1490 4099 1556 4154 ad
1604 4114 1662 4155 se
1700 4101 1843 4155 solos

260 4193 545 4258 pertinere.
588 4192 784 4248 Verum
826 4192 939 4248 haec
982 4193 1216 4264 ipsorum
1243 4194 1572 4263 exspectatio
1597 4193 1841 4262 inopina-

258 4291 367 4338 tum
390 4293 644 4340 eventum
670 4285 856 4340 sortita
887 4294 988 4340 est.
1018 4284 1154 4339 Hinc
1172 4284 1330 4354 igitur
1346 4284 1649 4339 Davidicum
1677 4284 1839 4338 illud:

260 4373 606 4447 Suscepintus,
636 4376 792 4443 Deus,
826 4377 1221 4431 misericordiam
1242 4388 1380 4429 tuam
1404 4377 1458 4430 in
1481 4377 1643 4430 medio
1669 4376 1843 4447 pepuli

260 4467 377 4521 tui:
407 4469 695 4523 secundum
724 4484 905 4521 nomen
947 4478 1124 4533 tuum,
1154 4465 1314 4534 Deus,
1346 4468 1417 4521 ita
1462 4475 1507 4520 et
1536 4467 1649 4521 laus
1679 4476 1763 4520 tua
1792 4468 1845 4520 in

260 4558 379 4626 ﬁnes
407 4569 559 4614 teme
594 4561 615 4632 (
645 4558 791 4614 Psal.
816 4562 904 4615 47.
935 4560 1020 4614 10.
1054 4561 1114 4614 Η
1157 4560 1197 4630 ).
1231 4560 1298 4615 Ει
1327 4572 1386 4615 ut
1419 4559 1841 4624 demonstraret,

258 4652 394 4720 quod
444 4653 871 4709 misericordiam
920 4668 1070 4708 suam
1100 4653 1371 4708 declarare
1420 4654 1472 4708 in
1527 4653 1661 4707 ﬁnes
1701 4653 1846 4707 orbis

260 4752 434 4810 terrae,
466 4747 539 4801 sit.
569 4746 664 4799 illa
683 4745 909 4814 justitia,
941 4745 1167 4813 subjecit
1195 4763 1207 4799 :
1229 4744 1437 4799 Iustitia
1455 4746 1605 4815 plena
1629 4753 1698 4798 est
1723 4744 1846 4798 dea:-

261 4843 362 4890 tera
387 4848 475 4892 tua
503 4838 523 4908 (
555 4836 691 4891 Ibid.
721 4834 762 4909 ).
791 4836 1240 4907 Quotiescumque
1270 4835 1579 4905 profundior
1602 4835 1775 4904 aliqua
1793 4844 1847 4889 ct

262 4933 569 5002 prophetica
602 4946 723 4985 sese
747 4930 998 4985 obtulerit
1025 4930 1282 5000 quaastio,
1320 4944 1437 4982 eam
1480 4928 1841 4996 amplectere:

262 5037 361 5077 non
389 5023 607 5093 quidem
639 5022 924 5091 applausu,
975 5022 1069 5075 sed
1119 5020 1463 5089 intelligentia
1497 5036 1511 5072 :
1544 5034 1612 5073 ne
1643 5019 1847 5088 simpli-

262 5116 390 5168 citer
414 5115 708 5168 verborum
735 5114 968 5167 sonitum
998 5112 1282 5174 admirare,
1316 5110 1409 5166 sed
1439 5109 1762 5165 sententiam
1793 5118 1849 5163 et

265 5206 366 5261 vim
392 5208 644 5277 explora.
675 5206 731 5261 Si
760 5210 902 5262 enim
933 5221 1061 5262 vere
1090 5215 1145 5259 et
1173 5221 1243 5259 ex
1283 5205 1460 5258 animo
1496 5203 1703 5257 divinas
1734 5202 1846 5255 lau-

262 5297 353 5352 des
382 5298 769 5364 celebraveris,
800 5299 1135 5367 maximeque
1161 5296 1474 5351 Davidicum
1504 5294 1633 5350 illud
1656 5310 1848 5349 oracu-

263 5388 367 5443 lum
420 5391 732 5447 cantaveris
762 5408 774 5443 :
824 5390 1152 5459 Suscepimus
1176 5431 1191 5453 ,
1220 5389 1354 5443 Deus
1389 5430 1404 5456 ,
1453 5387 1847 5441 misericordiam

263 5488 393 5534 luant
428 5485 482 5537 in
537 5482 707 5536 medio
738 5483 910 5554 populi
954 5492 1025 5537 tui
1064 5500 1082 5538 :
1128 5481 1403 5538 secundum
1445 5498 1627 5535 nomen
1666 5492 1842 5541 tuum,

265 5571 414 5641 Deus,
435 5577 508 5630 ita
535 5585 584 5629 et
611 5574 724 5629 laus
762 5585 847 5628 tua
876 5577 929 5629 in
972 5577 1095 5645 ﬁnes
1125 5585 1271 5631 terra:
1294 5592 1313 5631 :
1350 5571 1553 5637 justitia
1583 5572 1731 5644 plena
1774 5581 1846 5625 est

264 5664 464 5721 dextera
516 5676 609 5721 tua
639 5682 660 5721 :
688 5667 843 5721 simul
897 5676 952 5722 et
990 5668 1197 5723 divinas
1234 5666 1417 5722 laudes
1456 5666 1767 5730 celebrans,
1792 5672 1845 5718 et

259 5768 440 5821 sancto
464 5758 679 5831 Spiritu
702 5760 935 5830 repletus
958 5760 1391 5831 deprehenderis.
1410 5762 1511 5830 Qui
1536 5762 1676 5818 enim
1696 5764 1841 5831 inge-

3402 298 3512 354 ΜΕ

1940 422 2045 462 nuc
2064 415 2120 462 et
2154 424 2219 464 es
2256 409 2437 465 animo
2464 408 2638 479 psallit
2662 452 2678 477 ,
2706 409 2888 468 animo
2916 422 3232 481 renovatus,
3258 417 3514 487 templum

1938 496 2169 567 Spiritus
2209 500 2380 555 saneti
2408 499 2658 556 efﬁcitur.
2703 501 2885 573 Neque
2928 506 3069 559 enim
3108 522 3329 577 parvum
3357 508 3515 578 quid-

1936 593 2077 662 piam
2122 593 2448 663 psalmorum
2499 594 2915 651 modulationem
2963 598 3368 655 existimaveris.
3415 601 3513 656 Vi-

1936 682 2092 738 detur
2122 683 2209 739 illa
2242 683 2452 754 quidem
2479 699 2637 739 aures
2667 695 2868 741 tantum
2898 687 3230 756 demulcere,
3261 692 3404 763 atqui
3428 708 3515 748 re-

1938 774 2055 843 ipsa
2083 776 2316 831 animum
2360 792 2570 847 quoque
2616 780 2833 833 excitat.
2876 780 2965 835 Sic
2991 782 3149 835 etiam
3182 782 3367 838 beatus
3403 783 3514 838 Eli-

1936 880 2078 922 stetis
2107 866 2385 938 propheta,
2410 882 2534 923 cum
2559 882 2587 921 a
2615 868 2827 937 regibus
2871 870 3218 940 quibusdam,
3255 884 3308 928 ut
3335 872 3507 928 futura

1938 958 2272 1029 prtediceret,
2304 968 2600 1029 rogaretur,
2633 959 2707 1015 ait
2739 981 2753 1016 :
2784 946 3059 1017 Buten:th
3079 964 3258 1032 uirum,
3288 966 3373 1036 qui
3387 969 3513 1021 sciat

1938 1049 2156 1120 psallere
2177 1051 2197 1120 (
2219 1051 2272 1105 4.
2299 1050 2426 1121 Reg.
2457 1051 2510 1107 ὅ.
2543 1052 2611 1108 15
2636 1050 2655 1123 )
2682 1068 2698 1105 :
2729 1051 2819 1122 qui
2846 1067 2969 1108 cum
2997 1054 3258 1121 venisset,
3293 1068 3347 1111 et
3375 1057 3518 1125 psal-

1938 1140 2094 1207 leret,
2120 1141 2311 1211 inquit,
2344 1141 2572 1210 Spiritus
2598 1151 2812 1197 sanctus
2836 1158 2999 1213 super
3024 1143 3271 1199 Elismum
3301 1147 3515 1202 cecidit.

1937 1231 2073 1297 Quid
2094 1232 2286 1301 igitur?
2306 1248 2503 1302 ergone
2521 1233 2751 1303 Spiritus
2776 1243 2991 1290 sanctus
3013 1236 3227 1290 vocibus
3250 1238 3519 1293 modulatio

1940 1324 2069 1376 tium
2091 1322 2389 1378 oblectatur
2406 1365 2421 1389 ,
2446 1331 2501 1378 et
2528 1324 2671 1379 velut
2696 1325 3144 1379 incantationibus
3174 1327 3420 1394 allicitur,
3440 1330 3518 1383 si-

1938 1413 2151 1482 quidem
2203 1415 2257 1468 in
2320 1414 2595 1484 prophetae
2644 1416 2824 1471 animo
2872 1418 3178 1486 acquievit?
3217 1418 3513 1476 Sulliciebat

1939 1517 2086 1560 certe
2116 1507 2388 1577 prophetae
2419 1509 2620 1578 puritas
2644 1550 2660 1573 ,
2692 1516 2751 1563 ut
2774 1509 3032 1579 Spiritum
3072 1522 3313 1565 sanctum
3356 1511 3516 1567 advo-

1939 1608 2104 1655 caret.
2129 1600 2235 1654 Cur
2258 1616 2387 1671 ergo
2416 1600 2543 1655 dicit
2567 1618 2580 1653 :
2615 1600 2746 1655 Date
2771 1603 2893 1655 mihi
2929 1604 3089 1656 virum
3111 1643 3126 1668 ,
3155 1604 3241 1673 qui
3271 1604 3519 1672 psallendi

1938 1693 2002 1746 sit
2030 1693 2192 1747 sciens
2214 1693 2240 1746 9
2275 1694 2390 1748 Non
2421 1710 2551 1750 sane
2582 1704 2639 1749 ut
2662 1693 2895 1766 Spiritus
2936 1708 3151 1752 sanctus
3195 1699 3516 1767 psalmorum

1941 1784 2305 1840 modulatione
2334 1786 2713 1850 obiectaretur,
2744 1787 2836 1841 sed
2867 1797 2943 1851 ut,
2975 1787 3064 1842 illo
3089 1798 3357 1851 cantante,
3390 1804 3514 1857 pro-

1938 1877 2119 1947 pheta,
2144 1886 2321 1932 meute
2338 1878 2855 1947 renovata,Spiritus
2882 1882 3049 1933 sancti
3077 1881 3305 1935 adventu
3331 1880 3524 1950 dignus

1939 1969 2257 2023 efﬁceretur.
2292 1969 2521 2040 Ideoque
2545 1969 2799 2039 Spiritum
2828 1973 3055 2037 invocat,
3089 1982 3144 2025 ut
3180 1973 3392 2042 planum
3436 1971 3519 2026 l'a-

1940 2071 2106 2125 ceret,
2136 2077 2241 2116 non
2272 2063 2564 2133 psalmodia
2608 2063 2768 2125 allici,
2802 2064 2896 2118 sed
2934 2066 3113 2118 animo
3150 2082 3244 2135 per
3284 2065 3525 2120 modula-

1942 2154 2140 2209 tionem
2177 2156 2429 2209 excitato.
2464 2154 2648 2226 Neque
2683 2157 2771 2212 ille
2803 2157 2868 2211 ad
2906 2158 3223 2226 psallentem
3256 2161 3519 2228 pervenit,

1940 2246 2037 2302 sed
2078 2247 2145 2301 ad
2191 2247 2515 2301 audientem.
2564 2248 2784 2317 Oportet
2829 2252 3004 2320 itaque
3049 2251 3371 2320 psalmorum
3416 2254 3521 2306 vim

1943 2342 2268 2410 perscrutari
2298 2357 2311 2393 :
2337 2342 2606 2411 put-cipue
2635 2358 2763 2396 vero
2788 2342 2927 2411 ejus,
2953 2345 3043 2413 qui
3074 2345 3225 2399 nobis
3259 2345 3417 2401 hodie
3442 2357 3526 2402 est

1940 2433 2193 2487 recitatus
2220 2433 2237 2464 ⁸
2266 2449 2284 2487 :
2307 2432 2555 2487 Dominus
2579 2436 2806 2504 regnavit
2827 2475 2843 2500 ,
2880 2436 3090 2489 exsultet
3117 2448 3267 2497 terra.
3296 2439 3526 2493 ltetentur

1941 2525 2123 2580 insula:
2172 2528 2342 2580 multa:
2379 2526 2569 2597 (Psal.
2607 2528 2695 2583 96.
2734 2529 2757 2581 l
2795 2526 2835 2599 ).
2884 2528 3164 2595 Quomodo
3194 2546 3319 2601 ergo
3358 2532 3522 2600 illud,

1943 2618 2188 2672 Dominus
2217 2619 2466 2691 regnauit,
2492 2619 2727 2687 accipis?
2754 2636 2878 2674 num
2901 2622 3049 2689 quasi
3082 2637 3271 2677 recens
3299 2623 3363 2677 ad
3386 2625 3525 2679 fasti-

1941 2713 2084 2783 gium
2109 2711 2235 2765 illud
2267 2713 2424 2783 rcgim
2447 2712 2716 2782 dignitatis
2740 2715 3081 2781 pervenerit?
3108 2716 3161 2768 Si
3186 2715 3324 2769 enim
3348 2716 3525 2772 dixis-

1943 2814 2044 2866 set,
2081 2805 2333 2858 Dominus
2361 2812 2548 2873 regnat
2578 2820 2591 2856 :
2624 2805 3002 2873 sempiternam
3034 2806 3173 2859 illius
3213 2807 3409 2876 regiam
3439 2808 3524 2861 di-

1942 2894 2198 2965 gnitatem
2230 2903 2483 2950 notasset.
2507 2894 2624 2949 Jam
2651 2910 2778 2949 vero
2807 2896 2967 2959 dicit,
2998 2894 3249 2951 Dominus
3281 2899 3522 2966 regnauit.

1945 2988 2150 3041 Dictum
2179 2998 2261 3042 cst
2303 3003 2472 3058 nuper
2497 2995 2551 3040 et
2576 2987 2683 3057 jam
2728 2988 2919 3042 iterum
2945 2988 3172 3043 dicetur.
3204 2991 3339 3044 Ante
3368 2989 3527 3044 Chri-

1942 3082 2013 3136 Sli
2039 3080 2345 3145 adventum,
2378 3089 2500 3134 ante
2524 3080 2798 3150 Evangelii
2832 3081 3326 3150 promulgationem,
3354 3083 3405 3135 in
3435 3098 3527 3136 na-

1947 3184 2114 3228 turam
2148 3183 2382 3226 nostram
2435 3172 2714 3242 imperium
2746 3172 3302 3231 obtinebatdiabolus,
3337 3188 3526 3243 pecca-

1947 3274 2077 3330 tum,
2099 3279 2257 3318 mors.
2282 3262 2557 3318 Undenam
2579 3262 2713 3318 hoc?
2739 3262 2932 3317 Paulus
2954 3264 3183 3337 explicat
3206 3263 3528 3331 :tQuemad-

1945 3356 2160 3411 modum
2189 3357 2331 3409 enim
2381 3354 2620 3424 regnavit
2664 3364 2935 3423 peccatum
2984 3354 3035 3408 in
3094 3355 3301 3408 mortali
3344 3364 3529 3409 nostro

1943 3465 2187 3518 corpore,
2205 3450 2281 3503 sic
2298 3449 2454 3503 etiam
2482 3449 2648 3518 gratia
2668 3448 2902 3518 regnavit
2922 3463 3016 3517 per
3041 3446 3305 3503 Christum
3320 3467 3338 3501 ι
3353 3449 3527 3519 (Rom.

1946 3543 2000 3597 6.
2033 3542 2140 3613 l2).
2175 3542 2313 3595 Ecce
2342 3540 2539 3611 peccati
2571 3555 2817 3611 regnum.
2846 3539 3070 3595 Ubinam
3100 3540 3294 3594 diaboli
3328 3540 3351 3592 ’ἒ
3391 3542 3527 3598 Audi

1946 3636 2287 3691 Servatorem
2328 3634 2639 3689 dicentem:
2689 3633 2748 3688 Si
2795 3643 3000 3687 satanas
3044 3644 3275 3686 satanam
3299 3634 3523 3703 expellit,

1946 3730 2183 3784 adversus
2220 3729 2440 3799 seipsum
2464 3727 2655 3781 divisus
2684 3735 2756 3781 est
2785 3742 2803 3780 :
2831 3726 3080 3785 quomodo
3123 3742 3241 3794 ergo
3272 3728 3420 3781 stabit
3448 3744 3528 3780 re~

1946 3840 2102 3893 guunt
2130 3822 2271 3875 illius
2298 3822 2316 3892 (
2342 3821 2533 3874 Matth.
2559 3822 2647 3875 12.
2676 3820 2747 3875 26
2774 3820 2833 3889 )?
2883 3820 3021 3874 Ecce
3055 3819 3252 3874 diaboli
3284 3836 3527 3890 regnum.

1950 3915 2177 3971 Ubinam
2220 3913 2449 3968 mortis?
2475 3911 2609 3966 Audi
2642 3910 2863 3967 Paulum
2894 3910 3248 3966 disserentem
3283 3931 3298 3967 :
3327 3912 3529 3983 Regna-

1947 4010 2015 4060 vit
2042 4023 2176 4061 mors
2204 4004 2265 4059 ab
2290 4005 2452 4058 Adam
2480 4020 2636 4069 usque
2661 4004 2729 4056 ad
2763 4002 2971 4069 Mosen,
2999 4019 3152 4073 super
3181 4019 3283 4069 eos,
3315 4005 3401 4067 qui
3428 4021 3529 4057 non

1948 4108 2273 4170 peccaverant
2303 4098 2321 4167 (
2356 4097 2504 4151 llam.
2533 4097 2587 4153 5.
2616 4096 2681 4151 14
2701 4095 2742 4167 ).
2770 4095 2902 4149 Cum
2943 4094 3099 4164 igitur
3120 4094 3379 4149 diabolica
3403 4097 3530 4149 uias

1944 4193 2001 4247 in
2016 4201 2254 4248 sanctam
2272 4201 2326 4247 et
2345 4192 2671 4262 impollutam
2687 4190 3001 4244 Trinitatem
3024 4188 3356 4260 tyrannidem
3380 4205 3528 4242 suam

1950 4285 2321 4348 exercuisset,
2351 4283 2584 4347 scilicet,
2611 4281 2886 4346 diabolus,
2914 4291 3187 4351 peccatum
3210 4322 3225 4347 ,
3260 4295 3404 4335 mors
3435 4301 3447 4335 :
3477 4292 3531 4335 et

1950 4376 2194 4432 diabolus
2246 4374 2459 4445 quidem
2508 4374 2816 4441 deciperet,
2865 4382 3141 4442 peccatum
3171 4373 3530 4436 interﬁceret,

1950 4484 2096 4524 mors
2126 4483 2253 4523 vero
2291 4468 2546 4537 sepeliret
2575 4485 2587 4518 :
2623 4465 2786 4520 David
2812 4505 2828 4531 ,
2867 4465 2979 4522 .hac
3010 4465 3207 4536 triplici
3251 4466 3531 4537 tyrannide

1953 4560 2229 4632 oppressis
2257 4560 2434 4614 laetum
2466 4559 2708 4613 nuntium
2750 4557 2904 4611 all'ert
2927 4600 2941 4623 ,
2973 4566 3295 4628 monetque,
3328 4567 3384 4612 ut
3413 4574 3534 4612 sese

1953 4670 2020 4708 ex
2050 4652 2323 4707 servitutis
2350 4651 2479 4720 jugo
2501 4649 2821 4713 subducant,
2853 4658 2908 4703 et
2928 4648 3259 4703 dominatum
3289 4648 3485 4704 Christi
3514 4691 3529 4714 ,

1951 4744 2094 4817 quod
2140 4742 2527 4815 przedicabatur
2547 4783 2561 4806 ,
2594 4741 3025 4811 amplectantur:
3054 4738 3304 4793 Dominus
3348 4757 3531 4810 regna-

1952 4842 2038 4894 vit.
2070 4840 2314 4910 Regnum
2342 4839 2528 4891 mortis
2563 4836 2818 4891 abolitum
2846 4844 2952 4901 est,
2983 4844 3037 4890 et
3065 4836 3263 4904 peccati
3294 4835 3529 4905 potentia

1952 4932 2221 4986 destructa
2248 4939 2348 4993 est,
2377 4940 2430 4983 et
2456 4927 2652 4982 diaboli
2686 4935 2919 4997 potestas
2947 4925 3114 4979 fracta
3145 4934 3245 4979 est.
3281 4923 3525 4975 Dominus

1952 5024 2192 5093 regnavit,
2221 5024 2432 5076 exsultet
2463 5030 2613 5075 terra.
2648 5020 2714 5073 Et
2757 5019 2947 5073 merito
2976 5034 3104 5071 sane
3133 5016 3399 5071 exsultare
3428 5014 3526 5067 dc-

1954 5115 2088 5178 buit,
2119 5130 2235 5184 qua:
2256 5113 2524 5184 quondam
2560 5112 2611 5166 in
2653 5112 2961 5166 servitutem
2992 5108 3227 5171 redacta,
3256 5106 3361 5174 jam
3394 5105 3531 5157 libe-

1953 5218 2064 5261 rata
2091 5218 2172 5262 est
2205 5227 2216 5261 :
2248 5225 2365 5278 qua:
2395 5207 2520 5261 olim
2550 5205 2785 5269 erravit,
2813 5204 2922 5274 jam
2968 5200 3136 5271 gloria
3178 5196 3484 5267 resplendet
3515 5212 3528 5249 :

2016 5388 2031 5418 ι
2070 5394 2195 5447 Unus
2218 5392 2323 5447 post
2345 5386 2432 5433 bas
2470 5397 2633 5447 voces,
2658 5381 2799 5447 hodie
2821 5385 2890 5429 est
2911 5374 3170 5447 recitatus,
3189 5375 3343 5447 habet
3366 5388 3377 5422 :
3406 5383 3531 5447 Qua-

1952 5446 2011 5497 lis
2036 5438 2289 5497 Psalmtis?
2313 5447 2523 5495 Intra...
2550 5438 2829 5508 dignitatem
2865 5443 3097 5508 notasset;
3126 5438 3170 5486 si
3208 5443 3367 5508 mttem
3390 5438 3526 5491 dicit.

1960 5495 2244 5560 (malum:
2257 5508 2486 5568 regnavit,
2503 5524 2526 5553 to
2553 5495 2754 5568 mcntem
2771 5507 2981 5568 nostram
2997 5498 3243 5568 adducere
3265 5495 3360 5546 vult
3377 5510 3532 5566 sermo

1952 5568 2254 5642 propheticus
2358 5562 2525 5639 novam
2548 5562 3529 5642 quamdamJdotninatipnfﬁnouurn.im;-

1952 5624 2157 5696 perium.
2175 5632 2304 5691 Quod
2327 5628 2470 5692 igitur
2487 5624 2640 5696 nuper
2805 5624 2987 5696 dictum
3002 5629 3091 5681 est,
3114 5634 3240 5696 n‘unc
3261 5624 3433 5696 iterur):
3450 5624 3531 5696 lai-

1952 5683 2101 5745 catur.
2126 5683 2233 5742 utne
2258 5683 2397 5755 pori‘o
2413 5683 2582 5741 retulit.
2599 5690 2805 5748 Pbotius,
2824 5684 2911 5735 sed
2928 5696 3027 5734 non
3052 5685 3254 5734 verbum
3271 5683 3335 5732 de
3358 5684 3529 5746 verbo,

1953 5766 2098 5821 atque
2124 5757 2342 5818 excerpti
2362 5768 2515 5804 more.
