4074 6308
540 305 646 360 105

528 435 655 491 quae
674 418 939 489 quondam
969 418 1021 473 in
1051 419 1309 489 sepulcris
1334 418 1545 474 condita
1574 416 1939 479 delitescebat,
1973 431 2114 471 nunc

538 512 589 565 in
618 512 753 565 solio
779 510 1041 565 collocata
1071 518 1151 563 est
1196 527 1209 564 :
1248 526 1367 579 qtae
1395 509 1661 579 quondam
1708 507 1992 577 ignominia
2024 521 2121 575 op—

536 616 721 671 pressa
747 601 978 670 jacebat,
1008 616 1149 655 nunc
1176 602 1376 655 honore
1401 600 1650 655 afﬁcitur.
1667 598 1914 652 Dominus
1938 614 2120 667 regna-

530 693 625 745 uit.
656 691 744 747 Sic
769 692 927 747 etiam
950 690 1057 745 alio
1079 691 1130 745 in
1154 692 1273 745 loco
1302 692 1496 745 dicitur
1521 691 1539 761 (
1573 698 1787 759 oportet
1813 687 1955 743 enim
1988 703 2116 740 scn-

539 786 735 841 tentias
774 794 1163 843 consentaneas
1194 786 1331 839 inter
1370 799 1428 838 se
1472 785 1526 837 in
1558 783 1789 839 medium
1825 782 2019 837 aderre
2050 781 2069 851 )
2102 802 2114 835 :

537 876 786 933 Dominus
823 879 1068 947 regnavit,
1099 877 1327 930 decorem
1358 876 1564 929 indutus
1591 876 1703 943 est(
1729 872 1877 927 Psat.
1916 872 2006 927 9‘2.
2044 872 2112 937 l).

530 966 645 1025 Nos
676 978 824 1024 veste
855 970 1144 1034 induimur,
1169 977 1228 1022 ut
1252 965 1509 1038 quidquid
1536 975 1738 1019 natura
1779 973 1977 1019 nostrae
2014 963 2115 1016 mi-

522 1075 640 1115 :nus
685 1060 938 1115 decorum
975 1076 1094 1127 est,
1120 1061 1434 1115 occultetur.
1465 1057 1640 1125 Quare
1670 1057 1828 1127 igitur
1856 1057 1993 1109 Deus
2022 1070 2114 1106 na-

529 1164 703 1207 turam
756 1167 948 1215 suam,
996 1168 1116 1221 quae
1153 1161 1205 1205 et
1235 1166 1460 1219 corpore
1489 1157 1668 1212 vacat,
1696 1158 1751 1203 et
1795 1149 1945 1217 plena
1979 1146 2115 1199 lucis

520 1256 635 1311 est,
668 1247 775 1299 imo
801 1262 918 1317 quzc
949 1246 1068 1311 plus
1094 1260 1250 1315 quam
1278 1245 1364 1299 lux
1395 1252 1661 1308 coruscat,
1694 1242 1968 1312 contegit?
2009 1239 2115 1295 Sed

528 1348 689 1391 vocat
719 1337 809 1391 ille
835 1352 1028 1405 corpus
1062 1335 1259 1389 Christi
1292 1346 1493 1389 veSIcm
1526 1350 1677 1388 suam
1706 1355 1719 1389 :
1761 1333 2006 1385 Dominus
2032 1349 2114 1385 re-

522 1428 725 1498 rgnavit.
758 1429 986 1481 decorem
1021 1427 1226 1481 indutus
1256 1437 1348 1479 est.
1381 1427 1638 1481 Decorcm
1672 1438 1865 1488 vocat,
1896 1440 2114 1479 carnem

519 1520 752 1575 'Cltristi.
787 1520 912 1573 Erat
940 1519 1082 1573 enim
1114 1520 1197 1572 illa
1226 1534 1359 1572 sane
1387 1518 1613 1583 decora,
1652 1532 1748 1571 nec
1777 1517 1880 1568 ulla
1912 1516 2115 1584 peccati

526 1612 861 1679 turpitudine
901 1610 1063 1666 fmda.
1116 1610 1297 1679 Neque
1342 1611 1485 1665 enim
1535 1621 1807 1679 peccatum
1842 1608 1966 1663 fecit
1997 1625 2115 1662 um-

533 1719 713 1770 quam.
746 1719 844 1757 nec
876 1714 1121 1756 Inventus
1144 1712 1227 1757 est
1250 1703 1404 1756 dolus
1429 1702 1482 1755 in
1516 1717 1612 1756 ore
1638 1702 1752 1771 ejus
1799 1700 1817 1769 (
1863 1700 1987 1755 Isai.
2023 1701 2112 1756 55.

526 1795 607 1861 9).
630 1794 851 1848 Indum:
873 1807 944 1848 est
973 1796 1215 1848 Dominus
1234 1796 1484 1861 virtutem,
1510 1804 1557 1847 et
1582 1796 1843 1864 prazcinxit
1865 1811 1917 1847 se
1940 1793 2111 1864 (l’sal.

526 1886 618 1942 92.
655 1886 679 1940 l
710 1891 751 1956 ).
797 1886 1055 1955 Quoniam
1101 1902 1231 1940 zona
1268 1901 1445 1955 regem
1496 1894 1750 1950 exornat,
1781 1901 1915 1940 zona
1938 1895 2113 1939 autem

529 1986 613 2031 est
640 1976 890 2032 indicium
926 1980 1066 2048 regis
1098 1989 1153 2031 et
1169 1978 1361 2046 judicis
1386 1995 1400 2032 :
1428 1975 1632 2033 inducit
1657 1980 1828 2048 ipsum
1856 1987 1910 2033 et
1933 1994 2114 2048 regem

528 2079 583 2122 et
596 2066 830 2136 judicem
848 2085 862 2130 ;
877 2068 1104 2123 aitenim
1118 2071 1308 2124 lsaias:
1330 2090 1347 2121 1
1369 2070 1686 2141 Egredietur
1701 2069 1843 2139 virga
1858 2070 1924 2123 de
1938 2070 2115 2124 radice

527 2160 713 2227 Jessze,
731 2161 895 2216 etllos
910 2178 972 2216 ex
1002 2163 1111 2230 ipsa
1134 2161 1405 2226 asrendct,
1429 2172 1481 2215 et
1501 2163 1794 2230 requiescet
1813 2177 1973 2231 snper
1993 2177 2113 2215 eum

520 2250 754 2320 Spiritus
782 2252 872 2307 Dei
894 2270 907 2317 ;
927 2263 986 2306 et
1007 2253 1110 2306 erit
1128 2253 1331 2321 justitia
1362 2251 1629 2321 cingulum
1649 2251 1948 2305 lumborum
1976 2252 2109 2319 ejus,

526 2353 580 2397 ct
604 2343 735 2399 fides
753 2343 1066 2398 cinctorium
1097 2357 1285 2395 renum
1307 2342 1422 2410 ejns
1446 2360 1465 2393 ι
1496 2340 1645 2411 (lsai.
1672 2342 1758 2395 11.
1787 2343 1839 2394 1.
1867 2341 1921 2394 2.
1945 2342 1979 2395 5
2000 2342 2039 2410 ).

596 2432 651 2487 ι.
699 2431 913 2486 Υεειὶωε
939 2431 1192 2502 pontiﬁcis
1235 2432 1401 2500 ﬁgura
1427 2430 1633 2484 Christi.
1690 2428 1858 2483 Virtus
1895 2436 2114 2501 perfecto

510 2534 899 2580 ornamentum.
929 2554 1000 2564 —
1022 2522 1192 2593 Httjns
1211 2524 1374 2592 ipsius
1395 2523 1557 2576 vestis
1584 2522 1904 2583 Servaloris.
1926 2524 1976 2577 in
1997 2539 2114 2578 ear-

526 2632 594 2670 nc
614 2616 753 2682 dico,
784 2616 1035 2670 latentem
1070 2614 1289 2683 ﬁguram
1320 2629 1425 2682 pra:
1450 2629 1509 2668 se
1539 2613 1656 2666 tulit
1684 2614 1922 2683 pontifex
1954 2615 2005 2668 in
2040 2615 2115 2669 le-

522 2726 605 2781 ge.
640 2710 709 2764 Et
727 2725 854 2765 vero
881 2709 1160 2777 diligenter
1188 2707 1423 2770 adverte,
1456 2705 1726 2775 quomodo
1758 2707 1959 2760 umbra:
2003 2707 2107 2762 illac

522 2802 800 2856 veritatem
839 2801 990 2854 nobis
1015 2798 1433 2862 subindicarent,
1468 2797 1733 2866 quomodo
1775 2797 1897 2853 item
1951 2813 2114 2852 evan-

523 2896 705 2962 gelica:
735 2893 916 2960 figura:
944 2892 1303 2961 prmluxerint.
1326 2891 1542 2945 Leniter
1572 2891 1778 2959 loquor,
1814 2898 1867 2945 et
1887 2906 1984 2961 pro
2035 2891 2114 2945 vi-

523 2987 607 3041 rili
636 3001 721 3041 me
749 2985 1067 3055 simplicium
1097 2993 1151 3038 et
1195 2984 1559 3054 imperitorum
1590 2983 1765 3052 captui
1803 2998 2110 3038 accommo-

524 3080 615 3144 do,
658 3096 725 3134 ne
754 3080 827 3133 illi
887 3080 989 3134 huc
1027 3080 1111 3134 vel
1162 3080 1289 3133 illuc
1336 3078 1819 3133 circumducantur.
1867 3077 2109 3133 Pontifex

524 3172 685 3242 igitur
712 3171 1014 3241 ingrediens
1044 3171 1099 3225 in
1134 3179 1313 3224 sancta
1345 3180 1670 3235 sanctorum,
1715 3171 1966 3226 induebat
2012 3186 2108 3225 ve-

525 3277 660 3321 stem
690 3266 933 3330 talarem,
963 3265 1166 3319 scilicet
1192 3274 1393 3318 vestem
1418 3279 1445 3317 a
1469 3264 1642 3332 capite
1662 3278 1829 3332 usque
1852 3263 1919 3317 ad
1949 3262 2110 3332 pedes

520 3356 830 3422 demissam,
873 3354 1327 3425 superhumerale,
1360 3369 1572 3417 zonam,
1605 3353 1899 3417 femoralia,
1951 3354 2107 3407 lami-
2168 3363 2175 3367 '

521 3463 646 3500 nam
678 3461 918 3509 auream,
955 3446 1165 3509 tiaram,
1192 3446 1291 3498 hoc
1316 3453 1395 3498 est
1437 3443 1803 3514 corybantium
1832 3443 1931 3514 (a),
1952 3453 2005 3497 et
2026 3458 2111 3497 ra-

519 3539 719 3593 tionale
742 3539 791 3592 in
816 3548 1050 3607 pectore,
1075 3546 1130 3592 et
1162 3553 1283 3607 quae
1312 3536 1575 3605 scriptura
1617 3534 1813 3589 ibidem
1857 3535 2107 3605 explicat,

524 3633 813 3702 videreque
837 3640 939 3687 est.
966 3632 1095 3685 Alite
1133 3632 1336 3700 lignrze,
1360 3628 1453 3682 alii
1495 3642 1702 3682 sensus.
1746 3626 1928 3697 Neque
1966 3627 2108 3682 enim

522 3727 669 3781 Deus
710 3726 931 3779 omnino
965 3723 1251 3794 hyacintho
1292 3728 1349 3775 et
1390 3734 1643 3790 purpura,
1684 3719 1812 3773 item
1859 3732 2020 3773 cocco
2054 3726 2111 3772 et

598 3858 669 3919 (α)
695 3859 882 3909 Omnes
910 3859 1022 3908 Mss.
1056 3859 1268 3911 habent.
1302 3858 1625 3919 κορυὸἀντιρν.
1656 3857 1708 3905 ln
1734 3857 1860 3905 hanc
1881 3868 2000 3904 vero
2028 3855 2107 3902 le-

528 3918 753 3970 ctiunem
793 3922 898 3969 haec
931 3922 1127 3970 erudite
1161 3926 1300 3968 notat
1342 3918 1526 3968 Fronto
1561 3918 1770 3967 Ducmus
1802 3932 1813 3965 ε
1848 3932 1867 3965 t
1897 3918 2109 3966 Romana

532 3981 718 4044 _Editio.
743 3981 1007 4042 Anglicana
1031 3990 1084 4030 et
1105 3981 1293 4044 Regius
1308 3980 1558 4044 Mediceus
1582 3985 1865 4028 constanter
1885 3977 2112 4044 retinent

532 4042 802 4091 lectionem
829 4040 859 4089 a
893 4044 1144 4103 nonnullis
1180 4040 1480 4103 repudiatam
1501 4077 1513 4099 ,
1544 4053 1762 4103 Anempe
1782 4040 2106 4103 xopuéa'tvnov,

531 4105 612 4151 cui
641 4116 701 4149 ex
731 4105 929 4163 ingenio
961 4101 1324 4152 substituerent
1348 4101 1629 4163 κυρϐασίαν,
1656 4101 1949 4162 cyrbasiam,
1970 4108 2107 4163 elex

531 4163 740 4228 Polluce
770 4160 808 4228 l:
839 4164 963 4228 7,_c.
994 4165 1102 4228 143.
1248 4160 1501 4228 κνρὸαᾲία.
1521 4160 1818 4228 ’ἣν--σίδαρψ
1857 4164 1940 4209 καὶ
1972 4160 2109 4228 πῖλᾳν

531 4180 740 4212 rouuce
770 4180 800 4211 l.
847 4180 894 4221 ι,
918 4180 963 4212 c.
994 4180 1083 4222 to,
1123 4180 1203 4213 και
1248 4180 1501 4228 κνρδασια.
1536 4180 1593 4220 ην
1634 4180 1818 4271 σιοαέριν
1857 4180 1940 4209 και
1972 4180 2109 4207 manv

530 4224 753 4272 καλοῦσι.
784 4224 989 4288 Legitur
1011 4226 1060 4275 in
1089 4224 1270 4273 Lexic'i
1296 4222 1531 4288 Stephani
1558 4240 1570 4288 ξ
1598 4226 1726 4288 Κορυ
1760 4225 1949 4288 ἀντιονξ
1970 4224 2111 4288 ⁵’πτερί-

531 4288 653 4361 gstitat
675 4284 880 4360 κεφςιλῆζ
910 4287 1162 4361 intus-utor:
1186 4287 1349 4361 δαλόγ.
1379 4284 1501 4361 Item
1527 4284 1771 4361 :‘Eidat'ptc,
1804 4284 2111 4361 κςερυϐάγξξον

526 4348 561 4404 ἢ
582 4344 888 4411 λκῐλος,’ἔσςτιγ
918 4344 1039 4411 side;
1060 4344 1402 4411 ἆιαμελαυκίρυ,
1434 4349 1460 4396 ὃ
1488 4348 1567 4411 καὶ
1586 4344 1738 4411 ’τιάρα
1766 4344 1961 4411 νοεῖέτςι.
1989 4344 2111 4411 Ηβρέ

528 4420 763 4468 rnnymus
796 4410 947 4470 Epist.
987 4410 1076 4472 1‘28
1108 4406 1419 4458 {Rotundum
1446 4406 1696 4469 pileolam,
1720 4408 1851 4472 quod
1878 4406 2037 4458 Grazci
2060 4408 2107 4451 ει

523 4472 677 4522 nostri
696 4486 848 4534 τιάραν,
871 4471 1084 4535 nonnulli
1106 4472 1327 4535 galerum
1366 4478 1548 4535 vocant.
1573 4471 1815 4535 Origenes
1851 4478 1985 4519 Hom.
2004 4474 2036 4535 6
2058 4475 2107 4520 in

525 4536 676 4583 Levit.
707 4548 719 4581 :
743 4531 928 4603 monia
950 4533 1050 4603 ipse
1070 4531 1215 4596 caput
1236 4542 1306 4603 est
1337 4531 1572 4603 omnium.
1599 4531 1711 4603 ideo
1728 4539 1999 4603 clericatus
2018 4533 2107 4583 istc

522 4609 671 4659 super
693 4592 849 4659 omnia
862 4592 1019 4659 capiti
1036 4592 1388 4659 superponitur.
1410 4594 1457 4643 si
1488 4594 1633 4642 mitra
1653 4592 1737 4642 tibi
1753 4600 1797 4659 et
1824 4593 2001 4659 lamina
2022 4609 2107 4659 aug

525 4654 628 4716 rea,
648 4655 899 4727 plenitudo
1144 4654 1244 4726 _I)ei
1277 4662 1421 4727 caput
1454 4661 1662 4727 coronet,
1701 4654 1819 4727 scito
1843 4664 1901 4727 te,
1923 4655 2109 4705 etiamsi

521 4716 663 4781 apud
672 4716 893 4781 [contines
910 4716 1115 4767 latcaset
1136 4716 1385 4781 ignoreris,
1411 4719 1542 4779 apud
1578 4725 1730 4781 Deum
1750 4723 1923 4781 tamen
1962 4730 2107 4777 agere

523 4777 852 4843 pontiﬁcatum
874 4778 1003 4843 intra
1022 4777 1321 4843 conseientiaz
1344 4777 1449 4830 tua?
1461 4777 1725 4843 templum,
1743 4777 2109 4840 Cbrysostomus

524 4839 683 4892 Persis
704 4842 871 4891 tiaram
890 4841 1074 4898 tribuit,
1092 4848 1147 4889 ut
1169 4843 1425 4904 prOpriam,
1450 4839 1617 4888 Homil.
1640 4840 1693 4888 l7
1715 4840 1762 4886 in
1779 4839 1888 4887 Acta
1913 4852 1925 4885 :
1952 4852 2109 4904 καθάπιρ

523 4916 558 4955 οἱ
577 4918 709 4967 mpm
731 4916 797 4964 τὴν
818 4916 945 4965 τιάραν
981 4914 1214 4964 «pulling,
1250 4916 1309 4952 καὶ
1330 4917 1395 4962 τὰς
1418 4910 1629 4965 ἀναξυρίδας
1653 4914 1712 4950 καὶ
1726 4913 1774 4950 τὰ
1810 4908 2025 4960 imminutam
2060 4917 2109 4953 τὰ

524 4978 744 5031 μηδαμὰ,
761 4979 828 5026 τὴν
843 4973 955 5024 ὓλην
977 4976 1109 5021 στολήν
1122 4978 1187 5023 τὴν
1200 4976 1284 5035 iuuit:
1303 4977 1483 5027 δπιχώᾳων
1500 4974 1721 5035 insidiata,
1818 4977 2013 5035 IZILWWIO'.
2024 4982 2108 5035 χρῷ,

798 5015 954 5090 ζχήμαὲι
967 5038 1030 5094 gas
1045 5015 1199 5085 πέλιρν
1211 5015 1537 5094 δῇσηξιιὶδτδᾳε
1548 5024 1674 5094 tiara
1688 5015 1924 5094 sublataet.
1933 5015 2109 5094 gladiis

521 5085 845 5149 peculiaribus
859 5085 903 5137 ct
913 5086 1246 5149 calceamentis
1263 5086 1526 5137 barbaricis
1539 5085 1766 5142 dimissis,
1776 5085 1935 5149 alieno
1944 5085 2111 5139 habitu

521 5147 567 5216 et
578 5158 752 5216 nostra:
764 5148 944 5216 regioni
966 5148 1136 5216 usitato
1150 5149 1432 5216 induuntur,
1451 5154 1496 5197 et
1510 5160 1711 5216 corpore
1719 5147 1944 5216 adcutim
1958 5156 2106 5211 tonso,

522 5211 685 5262 habitu
703 5208 878 5263 bellum
888 5210 1140 5273 occultant.
1166 5212 1383 5273 Ᾱναξυρεδεις
1407 5208 1650 5273 interpres
1665 5208 1850 5270 gladios
1865 5224 1979 5260 esse
2004 5208 2105 5261 PeF

520 5277 646 5337 sieos
684 5277 891 5337 putavit;
916 5274 1001 5323 sed
1029 5271 1236 5322 Danieiis
1257 5270 1304 5329 5,
1328 5271 1405 5325 21,
1427 5272 1508 5319 ubi
1531 5270 1754 5319 dicuntur
1778 5279 1880 5320 tres
1901 5276 2037 5333 pueri
2060 5276 2108 5323 in

521 5334 765 5400 fornacem
788 5338 1171 5399 missi,scriptum
1197 5340 1289 5393 est,
1309 5341 1529 5400 ιπιδνῖθησαν
1547 5342 1610 5400 diu:
1633 5349 1707 5389 τοῖς
1725 5346 1959 5400 σαραεάροις,
1978 5343 2109 5399 Sym-

523 5399 736 5456 machus,
752 5410 953 5462 ῥηξυρίσι,
973 5396 1301 5462 Hieronymus,
1314 5408 1422 5443 cum
1445 5396 1645 5462 braccis.
1670 5403 1762 5462 tfro
1775 5396 1977 5462 braccis,
1992 5396 2111 5462 quas

521 5459 841 5524 Symmachus
852 5455 1064 5524 ἐναεὲιρῑδας
1098 5455 1433 5524 interpretatus
1455 5461 1542 5511 est,
1576 5455 1741 5516 aquila
1775 5465 1821 5508 et
1860 5455 2113 5524 :t‘ltcotiotio

523 5518 766 5570 saraballa
789 5518 1035 5571 αὑτοῖν-1ιᾶη.
1059 5518 1380 5570 Tertullianus
1398 5532 1427 5567 e
1449 5524 1608 5566 Grazco
1632 5526 1828 5570 vertens
1844 5518 1965 5569 dixit
1990 5520 2112 5569 libro

520 5579 586 5627 de
609 5594 753 5631 carne
777 5584 969 5639 Christi,
989 5596 1096 5633 cum
1114 5581 1300 5632 braccis
1320 5580 1434 5631 suis.
1461 5595 1483 5623 ν
1520 5578 1636 5644 Cum
1660 5592 1776 5644 ergo
1802 5590 1902 5644 tres
1913 5582 2113 5644 Codices

522 5644 914 5707 nostrimpssnwg
938 5646 1165 5702 habeant,
1188 5646 1258 5693 sic
1279 5644 1544 5707 restituere
1563 5642 1832 5707 visum'est.
1854 5642 2035 5707 ibidem
2062 5651 2114 5693 et

522 5699 643 5773 infra
658 5699 879 5773 quaedam
904 5706 1011 5773 hinc
1038 5699 1259 5769 excerpit
1282 5704 1488 5765 l’botius,
1516 5702 1605 5754 sed
1627 5701 1733 5755 aliis
1755 5705 1983 5770 demptis,
2008 5707 2114 5756 aliis

518 5764 733 5826 mutatis,
757 5768 828 5814 uti
848 5764 991 5817 solet.

2039 299 2306 355 lNCEllTl

3710 301 3820 357 6114

2228 417 2390 490 bysso
2432 425 2751 471 recreatur:
2800 416 2937 471 Deus
2986 415 3127 471 enim
3176 416 3470 471 animarum
3527 416 3820 485 puritatem

2221 508 2454 577 postulat
2486 525 2498 560 :
2528 508 2619 561 sed
2652 508 2705 561 in
2732 507 3005 575 corporeis
3035 509 3140 561 illis
3166 507 3388 563 ﬂoribus
3419 510 3679 564 virtutum
3726 510 3820 565 ille

2222 601 2479 670 imagines
2498 600 2770 655 describit.
2796 599 2851 655 Si
2878 602 3019 654 enim
3068 600 3210 655 Deus
3234 615 3422 654 revera
3476 602 3673 654 vestitu
3726 602 3821 655 illo

2223 692 2379 761 longe
2405 691 2746 745 ornatissimo
2770 690 3155 756 delectabatur,
3201 706 3295 745 cur
3322 708 3430 745 non
3457 691 3642 746 Mosen
3690 704 3819 748 ante

2223 783 2490 835 Aaronem
2536 780 2637 835 hoc
2665 781 2827 835 modo
2868 781 3206 836 induit?Sed
3258 782 3432 837 Moses
3482 784 3706 853 quidem
3752 802 3819 841 ca

2221 884 2367 927 veste
2412 873 2672 936 carebat,
2715 873 2900 928 eadem
2948 883 3124 929 tamen
3175 875 3481 930 sacerdotes
3532 876 3815 931 induebat.

2219 964 2390 1019 Moses
2410 980 2545 1034 aqua
2566 981 2668 1020 non
2688 964 2783 1019 fuit
2809 966 2966 1031 lotus,
2994 975 3047 1020 et
3073 976 3249 1021 tamen
3272 968 3487 1022 lavabat
3518 985 3533 1021 :
3561 985 3669 1022 non
3693 970 3817 1025 oleo

2221 1057 2470 1111 innnctus
2516 1056 2634 1122 fuit,
2666 1068 2720 1112 et
2743 1068 2916 1113 tamen
2947 1060 3174 1128 angebat
3202 1080 3213 1113 :
3248 1062 3444 1115 nullam
3479 1070 3684 1116 vestem
3731 1079 3818 1118 sa-

2218 1147 2544 1202 cerdotalem
2562 1149 2821 1218 gestabat,
2840 1150 2934 1204 sed
2958 1150 3264 1207 sacerdotes
3296 1152 3549 1208 induebat
3574 1173 3587 1207 :
3607 1166 3666 1209 ut
3693 1156 3816 1211 inde

2222 1242 2532 1309 perspicias,
2578 1241 2692 1294 viro
2752 1242 2986 1310 perfecto
3023 1244 3277 1297 virtutem
3317 1246 3383 1300 ad
3428 1259 3811 1303 ornamentum

2220 1332 2484 1387 sufficere.
2537 1335 2578 1386 Α
2612 1334 2784 1402 capite
2811 1335 2968 1404 igitur
3017 1335 3355 1391 sacerdotem
3420 1340 3809 1408 contemplare.

2217 1423 2456 1495 Namque
2488 1426 2657 1495 ipsum
2689 1427 3007 1480 vocabulum
3045 1428 3349 1483 vestimenti
3375 1431 3681 1501 ambiguum
3710 1443 3810 1499 est,

2220 1514 2359 1569 etde
2380 1530 2444 1569 eo
2465 1517 2877 1569 controvertitnr
2909 1533 2923 1569 :
2952 1516 3138 1571 Grzeco
3159 1534 3285 1573 vero
3306 1535 3556 1575 sermone
3578 1527 3810 1578 transla-

2220 1622 2329 1665 tum
2365 1620 2465 1666 est.
2494 1610 2703 1665 Initium
2733 1624 2859 1679 ergo
2905 1609 2985 1664 fac
3017 1600 3047 1664 a
3089 1612 3283 1680 capite.
3341 1613 3606 1681 Quidnam
3655 1617 3812 1687 igitur

2219 1714 2333 1758 erat
2360 1703 2629 1773 primum?
2676 1704 2954 1766 tiaramne,
3000 1704 3083 1757 vel
3126 1704 3252 1773 quid
3303 1708 3473 1774 primo
3526 1711 3811 1764 nominat?

2218 1796 2343 1864 quid
2380 1807 2498 1866 post
2527 1797 2713 1850 tiaram
2764 1795 2926 1860 illam,
2970 1796 3119 1865 quasi
3161 1798 3627 1854 conciliatricem?
3668 1801 3810 1857 Loco

2220 1892 2365 1943 tiaran
2387 1892 2545 1961 igitur
2572 1901 2653 1945 est
2683 1890 2892 1944 habitus
2924 1891 3083 1945 totius
3133 1891 3275 1946 illius
3325 1896 3509 1947 vestis.
3559 1893 3812 1963 Quando-

2219 1983 2429 2051 quidem
2463 1983 2694 2052 pontifex
2722 1990 2880 2051 caput
2899 1991 3015 2037 erat
3040 1984 3243 2052 pepuli,
3272 1999 3365 2052 par
3389 1994 3505 2039 erat
3538 2002 3689 2052 eum,
3717 1989 3804 2058 qui

2217 2084 2535 2144 caputessct
2559 2076 2817 2139 omnium,
2848 2076 2898 2129 in
2916 2076 3089 2145 capite
3109 2076 3223 2143 ejus
3254 2076 3331 2130 rei
3360 2078 3668 2146 symbolum
3714 2096 3807 2135 ex-

2220 2167 2421 2223 hibere.
2496 2169 2751 2223 Absoluta
2819 2168 3082 2239 siquidem
3125 2177 3180 2224 et
3241 2170 3465 2225 remissa
3519 2174 3809 2227 auctoritas

2218 2262 2342 2316 ferri
2372 2264 2557 2332 nequit
2586 2282 2600 2317 :
2624 2278 2742 2332 qua:
2756 2278 2884 2318 vero
2907 2264 2986 2318 sui
3016 2263 3228 2332 imperii
3254 2264 3556 2334 symbolum
3585 2266 3808 2334 imposi-

2218 2360 2329 2408 tum
2350 2355 2504 2424 gerit,
2534 2356 2633 2425 legi
2664 2356 2942 2425 subjicitur
2962 2365 3016 2410 et
3036 2367 3206 2426 paret.
3232 2357 3413 2427 Itaque
3446 2357 3604 2426 jubet
3651 2369 3811 2428 caput

2216 2445 2436 2500 minime
2473 2461 2592 2501 esse
2626 2446 2845 2507 nudum.
2869 2445 2961 2500 sed
2982 2455 3311 2514 coopertum,
3346 2456 3402 2500 ut
3429 2446 3603 2501 discat
3627 2450 3808 2518 populi

2216 2545 2392 2604 caput,
2414 2552 2472 2591 se
2497 2548 2656 2607 caput
2682 2538 2893 2592 habere.
2927 2536 3125 2593 Idcirco
3145 2538 3303 2593 etiam
3324 2538 3375 2590 in
3396 2537 3662 2605 Ecclesia,
3684 2556 3805 2594 cum

2217 2626 2530 2689 ordinantur
2544 2630 2867 2691 sacerdotes,
2884 2628 3227 2697 Evangeliqu
3244 2626 3439 2682 Christi
3458 2629 3620 2697 capiti
3640 2630 3808 2698 impo-

2217 2718 2378 2775 nitur.
2403 2729 2458 2772 ut
2485 2719 2656 2775 discat
2698 2723 2760 2783 is,
2793 2720 2882 2788 qui
2908 2718 3208 2785 ordinatur,
3236 2734 3416 2773 veram
3447 2734 3508 2775 se
3556 2721 3805 2791 recipere

2217 2806 2909 2880 Evangeliitiaram;atque
2932 2819 2987 2863 ut
3031 2810 3222 2877 discat,
3280 2812 3525 2880 quamvis
3570 2811 3645 2865 sit
3682 2827 3803 2864 om-

2215 2900 2359 2954 nium
2384 2910 2562 2969 caput,
2593 2915 2652 2954 se
2682 2909 2861 2955 tamen
2890 2900 3096 2971 legibus
3154 2901 3270 2955 istis
3320 2900 3508 2970 subjici
3546 2920 3559 2955 :
3587 2910 3643 2955 et
3679 2916 3801 2956 eum

2215 2992 2302 3062 qui
2328 2993 2573 3046 omnibus
2592 2993 2836 3062 imperat,
2860 2993 2990 3063 legis
3020 2993 3243 3061 imperio
3286 2992 3545 3057 subesse;
3574 3007 3804 3060 eumque

2214 3086 2299 3155 qui
2328 3085 2573 3139 omnibus
2590 3085 2681 3139 dat
2700 3084 2967 3148 mandata,
2994 3100 3025 3139 a
3056 3085 3261 3153 legibus
3287 3083 3600 3137 mandatum
3654 3084 3795 3137 acci-

2216 3194 2361 3249 pere.
2382 3180 2666 3249 Propterea
2697 3180 2887 3234 nobilis
2917 3180 2999 3234 vir
3018 3178 3230 3249 quidam
3268 3193 3336 3232 ex
3366 3178 3663 3242 veteribus,
3716 3179 3797 3231 cui

2215 3289 2407 3329 nomen
2440 3274 2688 3344 lgnatius,
2719 3274 2912 3343 quique
2939 3272 3237 3328 sacerdotio
3262 3272 3421 3325 simul
3467 3281 3522 3325 et
3546 3272 3801 3342 martyrio

2213 3366 2495 3421 decoratus
2524 3366 2640 3429 fuit,
2670 3367 2732 3420 ad
2764 3365 3091 3421 sacerdotem
3119 3364 3404 3435 quemdam
3436 3365 3682 3418 scribens
3716 3364 3795 3426 di-

2213 3460 2367 3515 cebat
2398 3478 2413 3514 :
2444 3460 2586 3514 Nihil
2613 3460 2726 3514 sine
2749 3469 2835 3514 tua
2861 3459 3133 3513 voluntate
3146 3463 3384 3525 geratur,
3400 3471 3576 3527 neque
3597 3457 3721 3511 item
3747 3465 3800 3509 tu

2212 3550 2491 3620 quicquam
2521 3547 2722 3620 absque
2776 3550 2867 3604 Dei
2900 3548 3058 3603 factas
3085 3549 3379 3604 voluntate.
3433 3548 3588 3615 Quod
3644 3548 3801 3619 igitur

2203 3641 2519 3710 impositum
2548 3641 2765 3696 haberet
2797 3640 3138 3709 Evangelium
3168 3639 3427 3709 pontifex,
3454 3641 3664 3710 signum
3718 3647 3802 3693 est

2212 3746 2336 3786 eum
2363 3746 2484 3787 esse
2505 3732 2604 3787 sub
2634 3741 2897 3801 potestate
2921 3733 3290 3787 constitutum.
3321 3732 3618 3801 Pmpterea
3672 3732 3801 3786 dicit

2211 3821 2407 3876 Paulus
2429 3822 2495 3877 de
2524 3823 2748 3877 muliere
2776 3838 2895 3892 quae
2921 3822 3161 3877 velamen
3193 3823 3442 3886 habebat,
3471 3822 3663 3877 Mulier
3694 3822 3791 3877 de-

2213 3916 2302 3969 bet
2329 3915 2526 3970 habere
2549 3920 2789 3970 velamen
2836 3930 2997 3985 super
3042 3924 3219 3986 caput,
3270 3916 3415 3986 quod
3460 3926 3578 3971 erat
3627 3917 3801 3986 imago

2213 4010 2486 4077 potestatis
2514 4008 2600 4079 (t.
2624 4009 2740 4062 Cor.
2774 4010 2996 4080 “.10).
3022 4010 3151 4064 Erat
3171 4010 3333 4080 igitur
3354 4011 3486 4064 tiara
3511 4012 3678 4081 ﬁgura
3708 4024 3802 4079 po-

2212 4101 2416 4154 testatis
2444 4117 2456 4151 :
2487 4110 2603 4154 erat
2622 4116 2780 4156 aurea
2810 4101 3026 4167 lamina,
3048 4102 3099 4155 in
3125 4116 3228 4170 qua
3257 4111 3375 4155 erat
3396 4110 3617 4156 exarata
3662 4102 3797 4157 scri-

2212 4202 2387 4263 ptura,
2416 4209 2534 4262 qua:
2562 4193 2653 4248 Dei
2677 4208 2870 4248 nomen
2899 4194 3250 4261 eXprimebat,
3284 4208 3346 4247 ac
3399 4194 3634 4263 primum
3662 4194 3800 4247 indi-

2212 4293 2298 4338 cat
2318 4293 2630 4353 potestatem
2662 4299 2781 4339 esse
2813 4285 2901 4339 Dei
2956 4300 3146 4338 nomen
3178 4285 3290 4339 Dei.
3326 4285 3454 4339 Post
3506 4285 3694 4338 tiaram
3747 4294 3802 4338 et

2212 4380 2461 4435 laminam
2514 4382 2620 4436 duo
2649 4382 2852 4449 lapides
2904 4396 3063 4450 supra
3095 4381 3347 4435 humeros
3394 4388 3551 4434 erant
3592 4395 3802 4433 smara-

2213 4475 2381 4544 gdini,
2410 4491 2635 4544 quorum
2659 4475 2793 4528 alter
2818 4474 2943 4527 hinc
2967 4489 3060 4528 sex
3090 4472 3277 4533 tribus,
3312 4470 3539 4525 totidem
3569 4471 3706 4525 alter
3734 4486 3798 4525 ex

2212 4566 2377 4619 altera
2410 4574 2558 4635 parte
2586 4565 2912 4619 continebat.
2940 4565 3160 4633 Signum
3192 4579 3352 4630 porro
3382 4562 3484 4616 hoc
3511 4572 3596 4616 est
3623 4577 3803 4617 sacer-

2213 4657 2403 4712 dotalis
2436 4667 2682 4727 aspectus
2716 4676 2731 4710 :
2777 4657 3014 4710 attribuit
3049 4667 3226 4710 autem
3272 4654 3538 4710 sacerdoti
3593 4672 3802 4710 smara-

2212 4747 2395 4817 gdum,
2428 4748 2509 4801 cui
2557 4746 2752 4816 duplex
2778 4747 2914 4801 inest
2947 4746 3281 4815 pulchritudo
3312 4764 3324 4799 :
3360 4745 3521 4801 habet
3564 4746 3710 4800 enim
3753 4756 3806 4799 et

2214 4837 2463 4892 decoram
2495 4840 2796 4892 virilitatem
2817 4848 2870 4892 et
2916 4838 3197 4907 puritatem
3256 4838 3423 4891 instar
3464 4838 3669 4906 speculi
3722 4852 3806 4890 ra-

2215 4928 2469 4983 diantem.
2493 4930 2752 4995 Quoniam
2781 4930 2939 4998 igitur
2955 4927 3287 4983 sacerdotem
3310 4929 3391 4997 pia
3417 4928 3807 4983 exercitatione

2215 5024 2449 5077 sobrium
2478 5039 2599 5078 esse
2627 5032 2856 5093 oportet,
2885 5031 2938 5077 et
2965 5004 3125 5075 vitain
3171 5036 3321 5075 suam
3351 5018 3509 5089 vulgo
3529 5028 3804 5090 tamquam

2216 5117 2487 5184 speculum
2523 5115 2797 5178 exhibere,
2829 5112 3156 5168 sacerdotem
3202 5112 3311 5165 vult
3341 5111 3393 5164 iu
3421 5110 3664 5164 humeris
3692 5110 3804 5163 vir-

2216 5206 2344 5259 tutis
2368 5206 2650 5274 imaginem
2673 5214 2900 5273 gestare.
2930 5204 3104 5267 Quare
3132 5216 3258 5255 vero
3280 5201 3331 5253 in
3363 5200 3646 5254 humeris?
3671 5198 3804 5265 Quia

2218 5312 2410 5351 nomen
2435 5297 2528 5351 Dei
2545 5311 2701 5364 supra
2719 5303 2876 5364 caput
2902 5304 3035 5357 erat,
3056 5293 3309 5346 articulus
3325 5291 3804 5360 superarticulum.

2217 5390 2325 5444 Cur
2340 5400 2513 5443 autem
2536 5390 2585 5442 in
2613 5388 2881 5442 humeris?
2898 5386 3155 5453 Quoniam
3185 5384 3453 5439 actionum
3470 5392 3556 5439 est
3572 5384 3803 5455 signum.

2219 5480 2458 5536 Actionis
2499 5480 2640 5535 enim
2668 5480 2901 5549 potentia
2948 5478 3016 5532 ab
3046 5477 3285 5531 humeris
3333 5476 3629 5546 dependet.
3682 5475 3805 5529 Vult

2224 5573 2384 5643 igitur
2402 5572 2640 5626 veritatis
2664 5570 3109 5640 pulchritudinem
3151 5569 3202 5621 in
3246 5568 3547 5623 actionibus
3574 5568 3803 5623 enitere.

2221 5666 2505 5733 Propterea
2526 5665 2603 5718 sic
2630 5663 2915 5732 alloquitur
2935 5659 3218 5730 aliquando
3269 5657 3572 5713 Jerusalem
3630 5657 3806 5713 Domi-

2223 5771 2324 5813 nus
2349 5773 2364 5811 :
2389 5757 2532 5811 Pone
2555 5771 2640 5810 cor
2661 5764 2801 5809 tuum
2817 5770 2967 5825 super
2991 5754 3221 5806 humeros
3238 5759 3372 5821 tuos,
3396 5751 3509 5818 ﬁlia
3551 5752 3805 5819 despecta,
