4044 6306
249 382 350 439 305

248 514 382 563 νοις·
413 498 448 569 ἡ
484 497 614 553 ποτὲ
659 497 811 573 [409]
860 502 921 557 ὲν
956 502 1168 575 ἀτιμίᾳ,
1197 504 1291 559 καὶ⁸
1330 504 1425 558 νῦν
1463 505 1523 560 ὲν
1563 504 1718 575 τιμῇ.
1752 501 1807 555 Ὀ

246 588 455 655 Κύριος
477 586 899 643 ἐϐασίλευσεν.
918 589 1074 645 Οὕτω
1100 592 1194 645 καὶ
1216 590 1451 663 ἀλλαχοῦ
1476 591 1692 660 λέγεται
1714 590 1815 662 (δεῖ

247 686 349 756 7&9
374 685 442 740 τά
468 686 703 757 συγγενῆ
727 687 837 741 τῶν
860 687 1146 760 νοημάτων
1172 689 1484 761 παράγειν)’
1519 689 1573 742 '0
1596 690 1811 757 Κύριος

245 786 657 851 ἐδασίλευσεν,
671 787 1031 856 εὐπρέπειαν
1054 786 1403 844 ἐνεδύσατο.
1420 788 1609 861 Ἦμεῖς
1630 787 1811 843 ἐνδυό-

250 885 383 958 μεθα
428 885 627 951 ἔξωθεν
669 887 902 957 ἱμάτιον,
936 887 1023 941 ῖνα
1063 887 1127 942 τὸ
1167 888 1412 960 ἀπρεπὲς
1458 889 1560 960 τῆς
1594 887 1809 958 φύσεως

244 984 585 1057 καλύψωμεν.
621 985 681 1039 ⁸0
711 985 767 1039 δὲ
796 986 947 1053 Θεὸς,
971 986 1058 1043 ῐνα
1076 987 1131 1041 τί
1157 987 1371 1061 καλύψῃ
1398 988 1498 1061 τὴν
1519 986 1807 1060 ἀσώματον

245 1088 419 1156 φύσιν,
451 1087 551 1159 τὴν
588 1087 765 1156 φωτὸς
812 1087 1108 1159 γέμουσαν,
1162 1090 1362 1161 μᾶλλον
1398 1089 1454 1143 δὲ
1486 1089 1663 1159 φωτὸς
1698 1090 1805 1143 ἀπ-

242 1190 651 1260 αστράπτουσαν
671 1200 724 1256 ις
779 1191 938 1246 Ἀλλά
968 1191 1124 1247 καλεῖ
1159 1191 1359 1264 ἔνδυμα
1396 1192 1529 1246 αὑτὸ
1555 1191 1615 1246 τὸ
1645 1191 1803 1263 σῶμα

240 1290 323 1344 τοῦ
357 1290 594 1363 Χριστοῦ
613 1308 629 1321 ·
666 1291 720 1345 '0
748 1294 963 1361 Κύριος
991 1291 1410 1363 ἐϐασίλευσεν,
1445 1293 1803 1365 εὐπρέπειαν

236 1385 578 1443 ἐνεδύσατο.
621 1386 968 1461 Εὑπρέπειαν
1000 1393 1157 1446 καλεῖ
1201 1392 1300 1465 τὴν
1334 1394 1511 1465 σάρκα
1541 1393 1633 1447 τοῦ
1662 1395 1800 1466 Χρι-

240 1486 380 1542 στοῦ.
406 1488 701 1561 Εὑπρεπὴς
726 1490 833 1563 7&9
850 1486 940 1564 ἦν,
962 1492 1063 1546 οὐκ
1082 1492 1277 1565 ἔχουσα
1298 1490 1483 1565 αϊσχος
1504 1494 1796 1567 ἁμαρτίας.

245 1592 542 1664 ’Δμαριίαν
582 1593 692 1666 γάρ
738 1596 840 1649 οὐκ
876 1596 1098 1670 ἐποίησε
1137 1598 1379 1663 πώποτε,
1427 1600 1547 1654 οὐδὲ
1588 1598 1795 1672 ηὑρέθη

235 1694 373 1759 δόλος
406 1696 470 1751 ὲν
490 1696 570 1768 τῷ
593 1697 820 1769 στόματι
847 1698 1033 1754 αὑτοῦ.
1067 1700 1419 1755 Ἑνεδύσατο
1445 1702 1659 1769 Κύριος
1688 1701 1795 1756 δύ-

233 1811 402 1865 ναμιν
419 1812 434 1827 θ
471 1796 573 1850 καὶ
600 1796 1008 1866 περιεζώσατο.
1039 1799 1255 1872 Ἐπειδὴ
1278 1801 1370 1854 τὸν
1400 1801 1624 1872 βασιλέα
1648 1802 1793 1873 ζώνη

232 1893 435 1962 κοσμεῖ,
462 1891 578 1947 ἔστι
606 1893 664 1947 δὲ
694 1895 729 1966 ἡ
751 1892 895 1968 ζώνη
918 1896 1179 1968 βασιλέως
1204 1896 1510 1970 γνώρισμα,
1544 1898 1639 1951 καὶ
1670 1915 1793 1970 κρι-

229 1990 315 2043 τοῦ
338 2009 350 2022 ·
380 1992 590 2062 εἱσάγει
626 1995 789 2049 αὐτὸν
826 1997 921 2052 καὶ
958 1996 1327 2066 βασιλεύοντα,
1369 1999 1462 2052 καὶ
1503 1998 1788 2069 κρίνοντα·

229 2071 366 2155 λέγει
394 2090 509 2163 7&9
546 2090 806 2155 Ἠσαϊαςο
858 2094 1269 2159 Ἐξελεύσεται
1296 2095 1521 2164 ῥάϐδος
1565 2096 1635 2150 ἐκ
1677 2095 1791 2167 τῆς

217 2188 377 2257 ῥίζης
410 2190 657 2260 Ἰεσσαὶ,
707 2193 805 2248 καί
852 2193 1035 2263 ἄνθος
1068 2195 1139 2262 ἐξ
1182 2195 1373 2266 αὐτῆς
1402 2196 1785 2264 ἀναϐήσεται,

225 2292 317 2346 καί
350 2295 767 2353 ἀναπαύσεται
813 2299 908 2354 ἐπ’
953 2301 1139 2358 αὐτὸν
1179 2301 1425 2370 Πνεῦμα
1476 2301 1653 2356 Θεοῦ·
1689 2302 1789 2357 καὶ

221 2398 383 2453 ἔσται
423 2400 783 2474 δικαιοσύνῃ
828 2403 1154 2476 ἐζωσμένος
1194 2405 1309 2476 τὴν
1344 2406 1546 2476 ὀσφὺν
1575 2407 1783 2474 αὑτοῦ,

221 2506 313 2559 καί
337 2508 594 2578 ἀληθείᾳ
622 2513 938 2583 είλημένος
966 2514 1072 2582 τὰς
1103 2516 1369 2585 πλευρὰς
1399 2514 1604 2570 αὐτοῦ.

282 2629 345 2683 δ.
373 2630 551 2685 Τοῦτο
574 2633 636 2686 τὸ
666 2631 870 2706 ἔνδυμα
896 2633 993 2689 τοῦ
1022 2635 1297 2709 Σωτῆρος,
1333 2635 1400 2691 τὸ
1434 2636 1533 2707 τῆς
1580 2636 1781 2709 σαρκὸς

214 2733 370 2805 λέγω,
402 2737 691 2809 κρυφαίως
720 2740 817 2794 καὶ
857 2741 914 2794 ὲν
957 2740 1126 2795 εἰκόνι
1169 2738 1312 2814 εἶχεν
1340 2744 1370 2796 6
1394 2743 1682 2815 ἀρχιερεὺς
1722 2745 1781 2799 έν

208 2840 286 2909 τῷ
305 2841 480 2913 νόμῳ.
512 2843 623 2897 Καὶ
666 2844 898 2917 πρόσεχε
928 2845 1191 2917 ἀκριϐῶς,
1243 2846 1362 2911 πῶς
1391 2849 1447 2902 αἱ
1495 2848 1644 2902 σκιαὶ
1678 2848 1779 2921 τὴν

206 2939 463 3012 ἀλήθειαν
505 2944 884 3017 ἡρμήνευσαν,
921 2945 1038 3011 πῶς
1064 2947 1117 3000 οί
1142 2946 1303 3002 τύποι
1326 2947 1421 3003 τοῦ
1444 2949 1776 3019 Εὐαγγελίου

206 3043 578 3115 προέλαμπον.
610 3046 769 3115 Λέγω
797 3046 855 3101 δὲ
902 3048 1104 3119 ἡρέμα,
1154 3049 1250 3103 καὶ
1290 3049 1431 3104 κατά
1464 3050 1527 3105 τὸ
1554 3052 1777 3107 δυνατὸν

202 3143 659 3211 συγκαταϐαίνων
677 3149 746 3217 τῇ
771 3147 906 3219 ἀκοῇ
932 3148 1041 3201 τῶν
1071 3148 1346 3217 ἀκεραίων
1371 3150 1463 3202 καὶ
1482 3150 1591 3207 τῶν
1619 3151 1774 3205 ἀπεί-

200 3260 329 3315 ρων,
359 3245 449 3300 ῖνα
480 3245 562 3319 μὴ
597 3239 701 3301 ὧδε
748 3247 971 3301 κάκεῖσε
1024 3249 1413 3320 περιάγωνται.
1448 3251 1721 3306 Ἐνεδύετο
1745 3253 1775 3293 δ

194 3345 223 3399 6
249 3347 553 3421 ἀρχιερεὺς
591 3347 775 3403 εἰσιὼν
802 3352 881 3414 εἱς
912 3349 982 3403 τά
1013 3350 1177 3419 Ἅγια
1213 3351 1321 3407 τῶν
1348 3351 1518 3421 ἁγίων
1542 3353 1772 3426 ποδήρη,

193 3450 493 3518 τουτέστιν,
528 3450 743 3522 ἱμάτιον
779 3452 888 3506 ἀπὸ
930 3452 1171 3525 κεφαλῆς
1193 3455 1356 3528 μέχρι
1379 3455 1555 3511 ποδῶν
1583 3457 1774 3530 ἀπῃω-

191 3549 451 3618 ρημένον,
493 3551 770 3624 ἐπωμίδα,
820 3551 1018 3625 ζώνην,
1049 3555 1371 3627 περισκελῆ,
1396 3556 1623 3612 πέταλον
1646 3574 1770 3631 χρυ-

190 3649 333 3715 σοῦν,
373 3652 604 3725 τιάραν,
655 3651 902 3706 τουτέστι
939 3654 1310 3725 κορυ6άντιον,
1348 3655 1409 3710 τὸ
1463 3655 1641 3726 λόγιον
1677 3658 1773 3713 ἐπὶ

184 3749 273 3803 τοῦ
302 3751 572 3822 στήθους,
600 3753 696 3807 κα¹ι
724 3753 825 3809 ὅσα
854 3754 1157 3826 διαγορεύει
1180 3757 1214 3827 ἠ
1246 3756 1457 3830 Γραφὴ,
1495 3759 1590 3813 καὶ
1623 3759 1771 3815 ἔστιν

185 3849 330 3905 ἰδεῖν.
361 3853 548 3907 ⁸Ἀλλά
588 3853 690 3924 μὲν
731 3853 801 3907 τά
832 3856 1104 3927 σχήματα,
1133 3855 1270 3912 ἀλλα
1310 3857 1367 3911 δὲ
1393 3857 1465 3911 τά
1499 3859 1766 3932 νοήματα.

177 3950 250 4004 οὐ
278 3954 391 4027 γάρ
412 3955 651 4019 πάντως
695 3955 829 4021 Θεὸς
863 3956 1200 4013 ἀναπαύεται
1229 3956 1488 4030 ὑακίνθῳ,
1514 3961 1608 4015 καὶ
1632 3978 1767 4035 πορ-

177 4051 341 4124 φύρᾳ,
395 4056 503 4110 καὶ⁵
555 4055 745 4129 κόκκῳ
778 4066 831 4121 ο,
859 4058 954 4111 καὶ
994 4057 1207 4130 βύσσῳο
1253 4058 1384 4125 Θεὸς
1429 4059 1538 4133 γὰρ
1579 4061 1766 4133 ψυχῶν

172 4157 398 4215 ἀπαιτεῖ
430 4160 797 4233 καθαρότητα
813 4176 828 4191 '
863 4161 979 4216 ἀλλ’
1005 4164 1065 4217 ὲν
1085 4166 1198 4229 τοῖς
1224 4169 1555 4236 σωματικοῖς
1579 4167 1764 4224 ἀνθεσι

171 4260 470 4336 διαγράφει
514 4265 635 4320 τῶν
669 4264 881 4337 ἀρετῶν
906 4267 1006 4339 τὴν
1042 4266 1243 4328 εἱκόνα,
1287 4270 1351 4323 Et
1394 4269 1503 4343 7&9
1548 4270 1767 4344 ἀληθῶς

166 4370 283 4431 ταῖς
313 4370 547 4435 στολαῖς
576 4370 814 4435 ἐκείναις
844 4371 1216 4438 ταῖςὲνδόξοις
1242 4372 1564 4443 ἀνεπαύετο,
1597 4377 1686 4431 διὰ
1709 4377 1764 4432 τί

168 4471 271 4540 πρὸ
292 4472 393 4526 τοῦ
424 4472 657 4546 Ἀαρὼν
680 4472 773 4528 τὸν
805 4476 1043 4548 Μωῦσῆν
1080 4478 1180 4533 οὐκ
1211 4479 1494 4548 ὲνέδυσεν;
1529 4482 1667 4537 Ἀλλ’
1692 4478 1762 4554 ἦν

163 4569 402 4644 Μωῦσ-ῆς
436 4575 541 4629 καὶ⁵
574 4575 1000 4646 γεγυμνωμένος
1030 4577 1126 4649 τῆς
1158 4578 1381 4651 ἐσθῆτος
1405 4582 1638 4654 ἐκείνης,
1666 4585 1759 4639 καὶ

162 4671 360 4729 ὲνδύων
380 4676 573 4748 αὐτὴν
602 4677 730 4740 τοὺς
764 4677 945 4747 ἱερεῖς.
968 4678 1208 4752 Μωῦσῆς
1232 4680 1330 4736 οὐκ
1358 4681 1555 4755 ἑλούθη
1584 4682 1757 4751 ὕδατι,

160 4782 247 4834 καὶ
274 4783 504 4838 Ξλουεψ
546 4783 659 4838 οὐκ
682 4784 907 4857 έχρίσθη
939 4785 1123 4859 ἐλαίῳ,
1158 4788 1250 4843 καὶ
1272 4788 1452 4862 ἔχριεν
1469 4806 1484 4821 ο
1512 4791 1613 4845 οὐκ
1635 4793 1758 4862 έφὸ·

159 4896 325 4953 ρησεν
358 4885 595 4956 ἱμάτιον
648 4885 949 4957 ἱερατικὸν,
997 4888 1247 4954 καὶτοὺς
1280 4892 1444 4962 ἱερεῖς
1475 4892 1755 4949 ένέδυσενυ

156 4982 241 5035 ῖνα
271 4985 465 5058 μάθῃς
497 4986 595 5040 ὅτι
621 4985 702 5055 τῷ
726 4986 1149 5061 τελείῳ,ἀρκεῖὴ
1174 4990 1341 5071 ἀρετὴ
1367 4991 1506 5064 πρὸς
1529 4993 1754 5064 κόσμον.

153 5079 305 5160 [HO]
340 5088 502 5143 Λάϐε
540 5089 609 5144 δὲ
645 5088 850 5144 ἀνωθεν
878 5091 969 5144 τὸν
1001 5092 1173 5163 ἱερέα.
1197 5094 1354 5147 Ἐστι
1378 5094 1485 5166 γὰρ
1506 5097 1598 5149 καὶ
1627 5095 1759 5150 αὐτὸ

148 5186 207 5237 τὸ
234 5189 330 5242 τοῦ
372 5190 699 5261 ἐνδύματος
727 5191 898 5263 ὄνομα
939 5192 1237 5263 ἀμφίϐολον
1272 5194 1366 5248 καὶ
1406 5195 1754 5268 ζητούμενον,

146 5292 211 5362 τῇ
252 5292 312 5348 δὲ
365 5293 687 5366 Ἑλληνικῇ
718 5296 938 5370 γλώσσῃ
969 5298 1448 5371 μεταποιούμενον.
1487 5301 1636 5357 Λάΰε
1664 5298 1757 5358 οῦν

205 5497 231 5527 ⁸·
275 5498 364 5571 εἰς
388 5500 549 5557 editi,
570 5503 743 5559 recte,
763 5505 819 5550 ιιι
836 5501 1046 5551 videtur.
1068 5501 1195 5553 Tres
1228 5516 1343 5555 mss.
1377 5505 1553 5567 μᾶλλον
1574 5506 1627 5555 δὲ
1657 5508 1756 5571 φῶς

142 5557 606 5609 ἀπαστράπτουσαν
614 5595 628 5608 .

204 5620 235 5660 δ
286 5620 401 5671 Duo
431 5637 563 5671 mss.
597 5620 811 5683 ἐνδύετο,
843 5636 972 5672 unus
1002 5624 1133 5675 addit
1158 5624 1332 5677 τοίνυν.

206 5684 230 5713 ⁸
262 5683 372 5733 Duo
389 5686 480 5732 καὶ
511 5682 758 5743 κοκκίνῳ.

205 5743 230 5783 δ
256 5746 343 5795 Sic
368 5759 583 5804 omnes,
612 5754 723 5791 uno
742 5751 968 5807 excepto,
999 5745 1084 5808 qui
1130 5747 1282 5801 habet
1315 5748 1362 5799 τί
1396 5751 1515 5813 μετὰ
1548 5752 1605 5802 τὸ
1634 5753 1753 5817 πρό-

146 5820 327 5867 σχημα-

462 5901 763 5963 Ριτιιοι..
809 5904 935 5971 Gn.
977 5904 1129 5979 LVI.

1426 383 1707 443 HOMILIA
1743 381 1834 439 DE
1870 381 2364 445 LEGISLATORE.

3375 405 3482 465 ωδ

1919 502 2094 598 ἀρχὴν
2132 493 2241 598 ενδ
2273 509 2373 598 τῆς
2402 492 2658 583 κεφαλῆς.
2702 514 2925 583 Πρῶτον
2954 516 3007 570 τι
3031 512 3136 593 ﬁo;
3168 520 3202 592 ἢ
3231 522 3414 595 τιάρα,
3443 526 3479 598 η

1909 590 1963 667 τί
1991 590 2245 664 ὀνομάζει
2264 612 2280 662 ;
2311 597 2363 650 τί
2384 597 2525 667 μετά
2543 599 2608 652 τὸ
2624 601 2880 670 πρόξενον
2901 604 2953 671 ἀ,
2979 590 3142 678 τιάρα
3163 590 3339 675 ;ή’Λντί
3360 590 3478 680 τοῦ,

1908 696 2075 769 τιάρα
2092 698 2210 753 ἐστὶ
2230 700 2291 754 τὸ
2315 701 2499 773 σχῆμα
2527 704 2623 758 τοῦ
2647 706 2962 778 ἐνδύματος.
2996 712 3211 787 Ἐπειδὴ
3241 718 3272 770 6
3294 716 3480 789 ἀρχιε-

1909 801 2037 870 ρεὺς
2059 804 2267 877 κεφαλὴ
2288 800 2358 877 ἦν
2374 804 2469 860 τοῦ
2490 808 2639 879 λαοῦ,
2663 810 2770 867 ἔδει
2796 814 2855 868 δὲ
2881 815 2973 870 τὸν
3000 817 3217 874 πάντων
3237 824 3477 895 κεφαλὴν

1905 905 2188 978 γινόμενον
2215 909 2361 981 ἔχειν
2389 914 2530 969 κατά
2562 916 2806 989 κεφαλῆς
2827 917 2927 992 τὴν
2954 919 3234 987 ἐξουσίαν·
3273 927 3473 981 ἀπολε-

1904 1008 2109 1084 λυμένη
2135 1013 2243 1086 γάρ
2271 1015 2523 1072 αὑθεντία
2545 1019 2815 1094 ἀφόρητός
2838 1024 2984 1081 ἐστιν
3003 1042 3017 1057 ·
3049 1026 3244 1100 ἔχουσα
3273 1030 3329 1084 δὲ
3351 1033 3473 1086 ἐπι-

1906 1112 2155 1184 κείμενον
2183 1117 2244 1172 τὸ
2272 1118 2514 1193 σύνθεμα
2542 1124 2640 1196 τῆς
2667 1125 2998 1198 δεσποτείας,
3030 1130 3134 1185 ὑπὸ
3160 1133 3321 1205 νόμον
3345 1136 3472 1205 ἀγε-

1900 1233 1991 1272 ται
2014 1235 2029 1250 ·
2058 1222 2269 1278 κελεύει
2297 1221 2390 1281 οὖν
2415 1228 2515 1301 τὴν
2542 1232 2783 1306 κεφαλὴν
2813 1235 2892 1307 μὴ
2916 1230 3055 1291 εῖναι
3073 1243 3306 1312 γυμνὴν,
3333 1243 3471 1298 ἀλλά

1900 1312 2341 1390 κεκαλυμμένην,
2400 1321 2485 1375 ῖνα
2526 1324 2673 1397 μάθῃ
2720 1329 2753 1398 ἡ
2799 1329 3008 1402 κεφαλὴ
3056 1331 3151 1386 τοῦ
3194 1333 3345 1399 λαοῦ,
3385 1338 3469 1393 ὅτι

1899 1414 2141 1488 κεφαλὴν
2173 1417 2307 1489 ἔχει.
2333 1420 2434 1476 Διά
2456 1422 2612 1479 τοῦτο
2635 1426 2731 1480 καὶ
2751 1428 2810 1483 ὲν
2831 1432 2897 1500 τῇ
2933 1431 3226 1505 Ἐκκλησία
3251 1437 3310 1490 έν
3336 1441 3469 1505 σαῖς

1896 1521 2248 1588 χειροτονίαις
2258 1523 2364 1578 τῶν
2389 1526 2578 1597 ἱερέων
2595 1529 2656 1582 τὸ
2668 1529 2999 1601 Εὐαγγέλιον
3011 1534 3105 1590 τοῦ
3127 1535 3169 1591 Χ
3178 1537 3361 1609 ριστοῦ
3374 1541 3467 1596 ἐπὶ

1896 1619 2139 1690 κεφαλῆς
2169 1621 2399 1689 τίθεται,
2450 1627 2536 1682 ῖνα
2582 1628 2731 1703 μάθῃ
2769 1634 2799 1686 6
2843 1635 3336 1706 χειροτονούμενος,
3380 1641 3464 1697 δτι

1893 1718 1993 1789 τὴν
2020 1721 2276 1797 ἀληθινὴν
2302 1727 2397 1782 τοῦ
2432 1729 2765 1800 Εὑαγγελίου
2797 1735 2995 1809 τιάραν
3035 1738 3298 1811 λαμϐάνει
3317 1754 3335 1772 ⁸
3366 1746 3463 1799 καὶ

1893 1815 1982 1873 ῖνα
2019 1822 2188 1896 μάθῃ,
2228 1826 2310 1880 ὅτι
2344 1830 2393 1883 εί
2434 1830 2528 1883 καὶ
2555 1830 2773 1889 πάντων
2800 1836 2915 1890 ἐστὶ
2945 1841 3173 1913 κεφαλὴ,
3208 1843 3324 1897 ἀλλ’
3353 1844 3461 1899 ὑπὸ

1890 1921 2114 1989 τούτους
2146 1928 2375 1998 πράττει
2401 1932 2529 1997 τοὺς
2565 1935 2784 2007 νόμους,
2825 1941 3043 1997 πάντων
3079 1944 3318 2015 κρατῶν,
3363 1947 3459 2002 καὶ

1891 2024 1971 2095 τῷ
1996 2026 2145 2099 νόμῳ
2179 2032 2565 2104 κρατούμενος,
2601 2037 2776 2092 πάντα
2817 2039 3110 2111 λογοθετῶν
3144 2054 3189 2114 ο,
3226 2043 3322 2104 καὶ
3352 2050 3458 2106 ὑπὸ

1890 2129 1983 2184 τοῦ
2026 2130 2184 2203 λόγου
2230 2137 2704 2213 νομοθετούμενος.
2756 2147 2857 2202 Διά
2892 2148 3050 2205 τοῦτο
3093 2140 3336 2222 γενναῖός
3373 2173 3460 2222 τις

1886 2235 1997 2289 τῶν
2025 2236 2285 2310 ἀρχαίων,
2303 2242 2561 2311 Ἰγνάτιος
2581 2247 2639 2302 δὲ
2660 2243 2730 2322 ἦν
2746 2250 2920 2324 ὄνομα
2942 2254 3111 2327 dm},
3139 2251 3458 2334 οῦτοςίερω-

1887 2339 2021 2414 σύνῃ
2042 2344 2137 2398 καὶ
2174 2349 2458 2422 μαρτυρίῳ
2474 2350 2801 2425 διαπρέψας,
2833 2358 3163 2418 ἐπιστέλλων
3181 2365 3289 2419 τινὶ
3319 2366 3456 2439 ἱερεῖ

1884 2447 2057 2519 ελεγεο
2094 2451 2274 2524 Μηδὲν
2316 2454 2444 2512 ἄνευ
2480 2459 2707 2533 γνώμης
2760 2480 2854 2519 σου
2902 2468 3163 2535 γενέσθω,
3212 2472 3347 2545 μηδὲ
3384 2474 3451 2529 σὺ

1882 2549 2012 2605 ἄνευ
2043 2554 2270 2627 γνώμης
2298 2558 2432 2614 θεοῦ
2472 2579 2526 2616 τι
2580 2567 2809 2636 πρᾶττε.
2861 2566 2937 2622 Τὸ
2966 2570 3146 2627 τοίνυν
3175 2572 3317 2646 ἔχειν
3360 2576 3452 2629 τὸν

1880 2660 2140 2735 ἀρχιερέα
2165 2666 2227 2719 τὸ
2252 2666 2600 2739 Εὑαγγέλιον,
2633 2675 2859 2746 σημεῖόν
2885 2676 3001 2733 ἐστι
3029 2678 3091 2734 τὸ
3120 2679 3142 2722 ί
3178 2683 3265 2737 ἐπ’
3302 2686 3451 2753 ἐξου-

1881 2766 2002 2821 σίαν
2030 2764 2189 2824 εἶναι.
2228 2772 2327 2827 Διά
2374 2774 2532 2829 τοῦτο
2572 2776 2720 2847 λέγει
2758 2779 2971 2848 Παῦλος
3015 2786 3145 2858 περὶ
3193 2764 3449 2857 γυναικὸς

1878 2872 2107 2945 ἐχούσης
2128 2877 2407 2951 κάλυμμα·
2435 2881 2498 2935 Ἦ
2516 2883 2652 2955 γυνὴ
2665 2885 2869 2956 ὀφείλει
2891 2888 3037 2960 ἐχειν
3054 2891 3149 2946 ἐπὶ
3163 2895 3265 2965 τῆς
3278 2878 3447 2967 κεφά-

1877 2976 1975 3050 λῆς
2011 2979 2073 3033 τὸ
2108 2982 2390 3054 κάλυμμα,
2430 2986 2461 3040 δ
2502 2983 2573 3059 ἦν
2612 2989 2778 3046 εἰκὼν
2818 2991 3086 3062 ἔξουσίας.
3126 2993 3234 3055 Ἦν
3272 2999 3366 3058 οὖν
3407 3006 3445 3077 τι

1874 3084 2041 3157 τιάρα
2067 3086 2129 3181 τὸ
2160 3089 2343 3160 σχῆμα
2361 3091 2462 3162 τῆς
2489 3094 2757 3161 ἐξουσίας.
2774 3093 2883 3154 Ἦν
2902 3100 2964 3155 τὸ
2984 3103 3214 3161 πέταλον
3232 3108 3296 3162 τὸ
3317 3127 3445 3181 χρυ-

1877 3184 2025 3252 σοῦν.
2055 3180 2105 3257 ᾧ
2139 3189 2517 3263 ἐπεγέγραπτο
2545 3195 2607 3250 τὸ
2637 3202 3041 3274 γεγραμμένον,
3068 3206 3127 3261 έν
3154 3201 3199 3278 ᾧ
3226 3180 3446 3266 ἐκτετύ-

1875 3303 2024 3342 πωτο
2051 3289 2114 3343 τὸ
2136 3290 2231 3345 τοῦ
2257 3293 2391 3347 Θεοῦ
2433 3294 2624 3368 ὄνομα,
2656 3299 2751 3355 καὶ
2792 3303 3009 3373 πρῶτον
3038 3306 3326 3381 δείκνυσιν,
3360 3314 3446 3370 δτι

1874 3389 2092 3457 ἐξουσία
2119 3391 2250 3447 Θεοῦ
2290 3395 2461 3467 ὄνομα
2500 3390 2655 3455 Θεοῦ.
2697 3402 2854 3457 Μετὰ
2890 3405 2988 3478 τὴν
3014 3408 3207 3484 τιάραν
3248 3413 3343 3469 καὶ
3384 3414 3446 3470 τὸ

1874 3494 2106 3551 πέταλον
2128 3496 2220 3551 δύο
2246 3498 2381 3554 λίθοι
2402 3501 2496 3556 ἐπὶ
2519 3502 2627 3559 τῶν
2642 3503 2808 3577 ὤμων
2830 3511 3205 3582 σμαράγδινοι,
3231 3515 3445 3589 ἔχοντες

1871 3600 1971 3665 τὰς
2000 3600 2061 3667 ἒξ
2090 3603 2264 3672 φυλάς
2286 3605 2554 3675 ἐντεῦθεν,
2578 3610 2673 3664 καὶ
2704 3610 2802 3676 τάς
2828 3612 2890 3679 ἒξ
2910 3614 3176 3672 ἐντεῦθεν.
3210 3620 3443 3693 Σημεῖον

1869 3705 2029 3762 τοῦτο
2060 3708 2160 3778 τῆς
2205 3710 2485 3783 ἱερατικῆς
2524 3713 2719 3785 ὄψεως.
2767 3717 3055 3792 ’Δπονέμει
3098 3721 3155 3776 δὲ
3185 3725 3263 3796 τῷ
3300 3728 3438 3799 ἱερεῖ

1868 3812 1962 3866 τὸν
1993 3814 2307 3887 σμάραγδον
2331 3816 2425 3871 δύο
2451 3817 2640 3890 ἔχοντα
2666 3820 2835 3896 κάλλη
2851 3841 2865 3857 ·
2907 3826 3123 3900 καὶγὰρ
3147 3830 3432 3906 ὠχρότητα

1868 3918 1981 3991 ἔχει
2033 3920 2305 3995 εὐπρεπῆ,
2345 3924 2440 3978 καὶ
2472 3926 2712 3999 καθαρὸς
2741 3928 2818 3983 ὢν
2849 3932 3156 4007 κατόπτρου
3205 3936 3433 4012 δύναμιν

1869 4024 2075 4095 ἐπέχει.
2093 4025 2306 4099 Ἐπειδὴ
2331 4024 2425 4081 οὖν
2453 4026 2544 4083 τὸν
2567 4030 2713 4103 ἱερέα
2739 4032 2821 4088 δεῖ
2846 4036 2940 4090 καὶ
2964 4037 3196 4105 ἀσκήσει
3221 4043 3432 4117 νήφειν,

1867 4131 2077 4186 καὶτὸν
2108 4132 2222 4204 βίον
2256 4132 2559 4206 κάτοπτρον
2603 4136 2747 4209 ἔχειν
2774 4142 2886 4206 τοῖς
2916 4142 3151 4213 πολλοῖς,
3185 4147 3433 4219 βούλεται

1863 4236 1965 4307 τῆς
2009 4238 2212 4311 ἀρετῆς
2248 4242 2350 4315 τὴν
2391 4243 2576 4300 εἱκόνα
2617 4243 2805 4317 φέρειν
2848 4247 2941 4302 τὸν
2978 4251 3128 4323 ίερέα
3179 4254 3272 4307 ἐπὶ
3322 4257 3434 4313 τῶν

1862 4336 2051 4409 ώμων.
2080 4340 2180 4394 Διά
2219 4340 2273 4395 τί
2306 4343 2401 4397 ἐπὶ
2439 4344 2547 4398 τῶν
2592 4343 2792 4417 ώμων;
2844 4348 3062 4422 Ἐπειδὴ
3086 4352 3149 4407 τὸ
3170 4354 3266 4409 τοῦ
3295 4355 3431 4412 Θεοῦ

1862 4441 2033 4514 ὄνομα
2062 4444 2156 4497 ἐπὶ
2184 4447 2283 4517 τῆς
2310 4447 2572 4520 κεφαλῆς,
2601 4449 2664 4503 τὸ
2700 4451 2906 4525 ἄρθρον
2943 4455 3037 4509 ὲπὶ
3071 4456 3166 4511 τοῦ
3205 4459 3429 4533 ἄρθρου.

1863 4547 1971 4601 Καὶ
2012 4547 2100 4601 διὰ
2149 4548 2199 4601 τί
2244 4549 2339 4603 ἐπὶ
2369 4551 2480 4604 τῶν
2529 4552 2725 4625 ὢμων;
2772 4555 2987 4631 Ἐπειδὴ
3024 4561 3133 4633 γὰρ
3180 4565 3430 4637 πράξεώς

1861 4655 1977 4707 ἐστι
1997 4655 2221 4724 σημεῖον
2239 4671 2254 4686 ο
2300 4656 2334 4727 ἡ
2361 4656 2471 4729 7&9
2489 4660 2766 4731 πρακτικὴ
2788 4658 3016 4735 δῦναμις
3040 4667 3099 4721 ἐν
3120 4669 3231 4732 τοξ
3260 4669 3430 4744 ὤμοις

1859 4761 2122 4835 ἤρτηται·
2164 4764 2411 4836 βούλεται
2441 4762 2537 4822 οῦν
2579 4768 2640 4822 τὸ
2688 4770 2881 4837 κάλλος
2916 4772 3016 4844 τῆς
3051 4775 3307 4849 ἀληθείας
3334 4780 3429 4836 ἐπὶ

1858 4867 1967 4921 τῶν
2005 4870 2257 4940 πράξεων
2289 4867 2448 4928 εἶναι.
2478 4873 2576 4926 Διά
2601 4874 2761 4929 τοῦτο
2788 4876 2932 4948 λέγει
2957 4881 2987 4933 6
3014 4879 3146 4946 Θεὸς
3169 4884 3306 4955 πρὸς
3327 4885 3426 4956 τὴν

1870 4975 2224 5050 Ἰερουσαλήμ
2257 4995 2423 5034 ποτε·
2462 4981 2570 5048 Θὲς
2603 4981 2719 5052 τὴν
2747 4986 2999 5055 καρδίαν
3022 5002 3140 5043 σου
3169 4990 3269 5044 ἐπὶ
3306 4990 3425 5045 τῶν

1857 5080 2030 5150 ὤμων
2044 5097 2184 5149 σου,
2208 5083 2469 5155 θυγάτηρ
2495 5086 2852 5158 ἠτιμωμένη,
2869 5090 2958 5145 ὅτι
2982 5090 3201 5163 Κύριος
3219 5094 3425 5149 ἔκτισε

1858 5189 2177 5256 σωτηρίαν.
2222 5189 2335 5255 Τάς
2365 5194 2553 5266 χεῖρας
2609 5195 2703 5248 καὶ
2744 5197 2872 5261 τοὺς
2919 5195 3106 5269 ὤμους
3155 5201 3236 5263 είς
3282 5200 3424 5272 πρά-

1859 5289 1969 5357 ξεις
2007 5291 2272 5365 λαμϐάνει
2299 5296 2333 5367 ἠ
2366 5295 2576 5370 Γραφὴ,
2601 5298 2677 5363 ὡς
2696 5299 2825 5355 ὅταν
2848 5300 2978 5374 λέγῃ
3004 5301 3152 5373 [lli]
3172 5304 3296 5376 περὶ
3325 5303 3420 5361 τοῦ

1909 5506 2152 5581 ijronto
2174 5506 2919 5581 Ducens_e_t$avi1._)93encjpgn
2944 5520 3421 5581 ρυῐεηῑ-νομοθετῶν.

1856 5564 1977 5645 ξδὶᾱ.
1998 5580 2170 5645 οσιηεε
2181 5583 2297 5645 ιρι-ιε.
2318 5574 2399 5645 καὶ
2528 5573 2617 5645 τοῦ
2632 5564 2793 5635 λὸᾖυ.
2815 5574 2906 5625 Ed.
2927 5564 3089 5638 νόμον.
3105 5564 3421 5645 Μυῖνίξιῖξιίί

1854 5626 2088 5696 latius-est
2108 5641 2182 5696 ex_
2198 5630 2415 5696 Episl_o_Ia
2439 5636 2498 5683 ad
2527 5626 2867 5696 Pglgpdrpum.

1920 5687 1942 5756 τ
1961 5687 2269 5756 ,μεδεηάυῲ
2292 5693 2487 5756 videtur
2507 5687 2758 5744 τοῦῘΜοιὶ
2778 5709 2906 5751 unus
2940 5697 3020 5745 ὑπ’
3050 5698 3280 5755 ἐξουσίαν.
3320 5704 3421 5756 Alli

1853 5751 1927 5799 ἐπ’
1955 5751 2186 5805 ἐξουσίαν.
2223 5752 2345 5819 Ibid,
2388 5756 2612 5815 quedam
2646 5759 2857 5809 deerant
2890 5760 2940 5809 in
2965 5751 3136 5813 Morél.
3178 5771 3233 5815 et
3265 5751 3418 5819 εεῖἧξ

1855 5824 1966 5873 qua
1988 5824 2049 5861 ex
2074 5825 2189 5863 mss.
2215 5816 2475 5875 prodeunt.

3025 5926 3103 5989 ,ὃ
