4074 6308
243 394 335 452 ωδ
1360 384 1641 454 1101111111
1681 380 1771 439 DE

1886 380 2299 442 IGISLATORE.

239 513 456 584 quoniam
490 508 675 563 creavit
705 504 951 562 Dominus
978 504 1189 560 salutem
1217 503 1236 570 (
1254 503 1365 558 Jer.
1386 505 1476 559 3|.
1503 501 1568 556 21
1599 501 1636 572 ).
1686 498 1795 554 Ma-

246 611 398 659 noset
424 602 677 655 humeros
704 614 801 668 pro
828 597 1124 652 actionibus
1164 596 1355 664 accipit
1398 593 1691 662 Scriptura,
1738 598 1798 646 ut

241 710 346 751 cum
366 694 429 748 de
446 691 638 746 Davide
663 691 807 755 dicit,
831 688 897 743 Et
918 690 968 742 in
984 688 1307 742 intellectibus
1334 702 1572 740 manuum
1591 700 1795 738 suarum

244 785 431 841 deduxit
463 800 547 838 eos
572 782 591 855 (
615 781 706 837 Ps.
733 783 820 836 77.
849 781 971 851 72).
1002 780 1265 850 Numquid
1316 780 1367 834 in
1424 779 1670 833 manibus
1712 786 1795 832 est

242 879 515 934 intellectus
540 876 688 931 ?Sed
720 876 772 929 in
819 874 1170 929 intellectibus
1190 872 1318 927 dicit
1362 873 1593 940 ipsarum
1628 870 1794 925 actio-

241 985 368 1025 num.
393 968 457 1023 Et
486 969 536 1022 in
579 976 793 1037 pectore
817 965 1109 1033 accipiebat
1141 964 1388 1037 sacerdos
1409 964 1704 1029 oraculum,
1734 964 1788 1017 in

240 1076 332 1131 quo
348 1059 617 1115 duodecim
634 1068 786 1115 erant
807 1057 1006 1128 lapides
1031 1057 1297 1125 insculpti,
1320 1056 1420 1110 hoc
1435 1065 1535 1123 est,
1559 1055 1787 1123 sardius,

241 1152 474 1221 tepazios,
498 1150 823 1221 smaragdos,
857 1148 1232 1213 carbunculus,
1269 1146 1569 1216 sapphirns,
1593 1147 1782 1216 jaspis,

238 1240 551 1311 hyacinthus,
590 1240 826 1304 achates,
858 1237 1210 1309 amethystus,
1254 1236 1633 1306 chrysolithos,
1687 1236 1786 1292 be-

236 1332 399 1400 ryllus,
445 1330 760 1402 onychinus.
790 1329 847 1384 ln
876 1329 1155 1385 duodecim
1209 1328 1470 1398 lapidibus
1506 1328 1786 1383 duodecim

237 1422 383 1477 tribus
409 1420 778 1475 dividebantur
808 1438 820 1474 :
853 1434 1011 1490 grave
1036 1420 1254 1474 dictum.
1296 1419 1467 1490 Supra
1492 1420 1705 1489 quidem
1732 1421 1784 1474 in

234 1514 447 1569 humeris
475 1530 577 1568 una
601 1513 830 1583 lapidum
854 1524 970 1567 erat
994 1522 1179 1567 natura
1196 1527 1301 1566 uno
1314 1511 1586 1582 designata
1610 1514 1783 1567 nomi-

232 1621 309 1672 ne,
338 1604 672 1674 smaragdos;
703 1604 753 1657 in
772 1614 984 1673 pectore
1005 1611 1182 1658 autem
1214 1602 1348 1656 inl‘ra
1380 1602 1580 1672 lapides
1607 1603 1786 1658 diver-

231 1698 288 1751 si.
315 1697 439 1765 Quid
466 1696 572 1751 hoc
587 1696 685 1751 sibi
716 1696 863 1750 vult?
883 1693 1305 1765 quandoquidem
1334 1709 1438 1748 una
1474 1708 1570 1749 nos
1597 1705 1782 1749 natura

229 1788 532 1858 procreavit,
554 1788 760 1842 diversa
786 1801 913 1842 vero
937 1800 1032 1840 nos
1063 1785 1282 1840 consilia
1314 1794 1370 1841 et
1390 1785 1668 1854 Opiniones
1696 1784 1780 1839 di-

226 1880 462 1945 viserunt,
497 1878 599 1933 hoc
624 1877 835 1948 quidem
861 1877 1095 1946 opinioni
1129 1877 1330 1943 tribuit,
1356 1876 1482 1931 illud
1514 1891 1644 1931 vero
1681 1890 1781 1930 na-

228 1979 362 2025 tum.
385 1970 517 2024 Erat
555 1969 713 2039 igitur
735 1968 825 2023 Dei
849 1983 1043 2022 nomen
1069 1967 1235 2021 virtus
1262 1966 1312 2020 in
1342 1967 1550 2021 actione
1588 1965 1778 2034 posita,

225 2076 329 2129 quas
347 2076 436 2131 per
458 2062 722 2116 rationem
750 2073 813 2113 ac
841 2059 1119 2113 veritatem
1143 2057 1401 2111 subsistit.
1434 2057 1500 2111 Et
1557 2057 1610 2110 in
1660 2057 1778 2109 lim-

228 2151 328 2206 bria
367 2152 679 2215 sacerdotis,
710 2167 828 2222 qua:
856 2150 1203 2215 dicitur-ora,
1237 2147 1394 2203 ﬂores
1423 2149 1549 2203 mali
1581 2148 1777 2218 punici,

228 2243 349 2296 tnala
364 2245 554 2314 punica
574 2258 755 2310 aurea,
770 2252 821 2299 et
839 2242 1210 2297 tintinnabula.
1231 2241 1365 2308 Quid
1388 2242 1500 2296 hcce
1525 2241 1577 2295 in
1600 2257 1780 2295 sacer-

228 2336 337 2391 dote
372 2337 468 2391 sibi
497 2336 792 2391 volebant?
821 2335 1076 2405 numquid
1106 2334 1244 2389 Deus
1270 2334 1350 2389 his
1393 2334 1611 2388 ﬂoribus
1633 2334 1779 2390 dele-

225 2431 480 2486 ctabatur?
502 2445 633 2485 num
660 2430 882 2484 terrenis
904 2428 1121 2483 lloribus
1145 2429 1375 2482 cinctum
1397 2442 1518 2483 esse
1534 2428 1783 2483 sacerdo-

225 2532 318 2578 tem
346 2523 706 2580 volebat?Sed
734 2523 784 2576 in
814 2522 1005 2577 vestito
1038 2520 1329 2577 sacerdotis
1373 2521 1593 2575 virtutes
1621 2520 1777 2576 efﬁn-

221 2618 303 2687 git.
329 2618 492 2687 Supra
534 2616 750 2688 quidem
775 2616 825 2670 in
851 2616 1024 2684 capite
1062 2630 1253 2669 nomen
1292 2614 1424 2679 Dei;
1473 2615 1522 2668 in
1567 2627 1781 2685 pectore

221 2708 474 2763 oraculum
509 2726 524 2764 :
569 2707 703 2763 infra
733 2723 859 2761 vero
886 2705 1045 2761 ﬂores
1070 2715 1123 2762 et
1152 2707 1371 2770 fruetus,
1404 2707 1654 2761 virtutum
1696 2723 1780 2763 re-

219 2806 295 2852 cte
336 2797 484 2866 facta,
513 2813 637 2868 quae
658 2806 780 2853 sunt
806 2798 1163 2866 eleemosyna,
1195 2798 1416 2867 justitia,
1464 2800 1779 2869 benignitas.

283 2890 332 2953 5,
373 2888 551 2944 Flores
585 2889 869 2958 spirituales
898 2890 1186 2943 sacerdotis.
1220 2888 1447 2944 Christus
1474 2892 1706 2945 sacerdos
1733 2901 1780 2945 et

216 2982 445 3053 pontifex.
459 3011 534 3022 —
552 2980 666 3035 Nos
692 2980 849 3050 igitur
873 2979 1067 3035 habere
1087 2988 1296 3050 oportet
1318 2988 1371 3033 et
1387 2980 1635 3036 ﬂorentes
1662 2982 1777 3050 pul-

215 3070 522 3129 chritudines
554 3080 613 3127 et
640 3071 928 3140 completas
952 3079 1109 3141 atque
1135 3081 1384 3125 maturas.
1417 3071 1601 3126 Flores
1622 3087 1781 3142 porro

212 3172 323 3217 sunt
349 3163 669 3228 sacerdotis,
692 3177 1027 3232 congressus,
1056 3162 1397 3232 colloquium,
1425 3161 1550 3217 boni
1579 3179 1775 3232 mores,

210 3254 342 3309 mitis
377 3269 586 3320 sermo,
618 3253 768 3318 ﬁdes,
801 3256 958 3317 fama,
985 3253 1200 3319 veritas,
1236 3254 1469 3324 justitia;
1502 3262 1556 3309 et
1584 3254 1666 3310 his
1701 3256 1781 3311 in-

210 3347 410 3415 teriecta
458 3346 843 3415 tintinnabula,
893 3349 1174 3403 consensio
1221 3348 1468 3403 nimirum
1515 3349 1773 3405 bonorum

210 3452 434 3503 operum.
463 3438 661 3494 Omnis
698 3439 840 3493 enim
884 3439 1052 3493 virtus
1095 3453 1283 3493 sonum
1326 3440 1607 3509 quemdam
1647 3442 1775 3496 edit.

212 3527 349 3585 Unde
374 3532 570 3588 Paulus
596 3531 677 3586 ait
712 3548 725 3584 :
768 3533 813 3584 Λ
856 3531 987 3585 vobis
1016 3533 1150 3585 enim
1174 3547 1337 3585 sermo
1382 3531 1474 3586 Dei
1522 3535 1780 3601 personuit

211 3620 277 3684 (1.
302 3620 475 3677 Thess.
510 3624 563 3678 1.
596 3622 683 3691 8).
702 3622 770 3677 At
791 3622 1049 3677 undenam
1080 3622 1277 3693 incepit
1296 3623 1495 3677 sonus?
1523 3623 1776 3679 Circuibat

205 3710 363 3780 Iesus,
393 3716 489 3782 ait,
521 3716 711 3770 docens
735 3730 932 3768 omnem
952 3716 1198 3769 civitatem
1224 3724 1271 3768 et
1301 3732 1496 3769 omnem
1520 3716 1700 3782 vicum,
1727 3726 1776 3771 et

204 3820 375 3859 curans
404 3823 608 3861 onmem
636 3806 883 3870 morbum,
928 3815 972 3859 et
1016 3822 1211 3859 omnem
1239 3806 1577 3873 inﬁrmitatem
1601 3808 1653 3861 in
1682 3825 1776 3877 po-

203 3896 314 3962 pulo
342 3897 554 3967 (Matth.
586 3897 643 3953 9.
678 3896 766 3966 55)
802 3913 815 3949 :
845 3905 899 3951 et
923 3897 1084 3950 exivit
1113 3911 1275 3950 sonos
1301 3896 1366 3951 de
1390 3912 1455 3952 eo
1482 3898 1533 3951 in
1564 3913 1777 3953 omnem

203 3994 404 4042 terram.
456 3987 702 4045 Attende
750 3988 1044 4058 diligenter.
1086 3986 1355 4041 Virtutum
1401 3970 1646 4043 ornatum
1701 3991 1779 4043 vi-

198 4078 350 4135 disti?
378 4081 472 4137 llle
500 4083 622 4152 ipse
657 4081 905 4135 sacerdos
934 4079 1127 4134 Christi
1163 4080 1326 4149 ﬁgura
1356 4088 1488 4134 erat.
1526 4081 1622 4136 llic
1656 4082 1776 4149 qui-

196 4167 308 4223 dem
353 4172 487 4226 nihil
530 4171 687 4226 velut
734 4185 830 4239 per
870 4170 1173 4238 allegoriam
1223 4171 1626 4239 esplicaremns,
1676 4173 1776 4225 nisi

195 4258 377 4317 Paulus
416 4262 577 4318 nobis
607 4276 798 4316 ansam
830 4261 1092 4330 praeberet
1132 4279 1145 4313 :
1190 4270 1245 4316 et
1290 4262 1391 4317 nisi
1436 4262 1627 4318 Paulus
1668 4264 1772 4315 vim

193 4351 326 4407 illam
351 4354 585 4425 iustitiae
624 4353 783 4409 nobis
810 4353 1148 4423 explicasset,
1180 4368 1276 4409 nos
1316 4368 1445 4409 sane
1471 4354 1587 4410 haec
1615 4371 1773 4409 num-

192 4459 338 4512 quam
365 4448 588 4517 assequi
614 4445 998 4515 potuissemus.
1019 4444 1167 4501 Hanc
1186 4448 1254 4501 ob
1275 4462 1384 4501 rem
1410 4447 1605 4501 Paulus
1633 4447 1773 4502 hunc

191 4536 516 4591 sacerdotem
546 4535 757 4591 Christi
787 4535 1004 4604 ﬁguram
1045 4537 1312 4606 proponit,
1359 4547 1413 4590 et
1451 4537 1525 4591 ait
1556 4552 1573 4589 :
1609 4556 1627 4587 ί
1660 4536 1771 4591 Non

189 4627 320 4681 enim
363 4629 416 4683 in
458 4638 653 4683 sancta
699 4628 996 4682 manufacta
1034 4630 1267 4682 introivit
1295 4628 1560 4696 Christus,
1594 4645 1774 4685 exem-

188 4718 339 4786 plaria
384 4736 672 4787 verorum,
714 4718 808 4773 sed
854 4720 907 4773 iu
951 4720 1120 4787 ipsum
1165 4721 1373 4784 caelum,
1416 4728 1475 4773 ut
1522 4729 1775 4791 appareat

186 4824 319 4867 nunc
347 4814 521 4868 vultui
563 4811 670 4867 Dei
718 4825 815 4880 pro
857 4811 1009 4865 nobis
1040 4830 1058 4861 ι
1115 4811 1294 4881 (Hebr.
1335 4812 1388 4866 9.
1436 4811 1552 4879 21).
1601 4813 1774 4882 Atque

184 4898 292 4956 h¢£C
318 4904 539 4971 quidem
582 4916 680 4957 res
724 4899 971 4955 seditioni
1004 4901 1143 4954 inter
1184 4900 1398 4955 Indicos
1436 4902 1769 4957 occasionem

182 4996 466 5064 praebebat,
499 4998 577 5052 ita
608 5003 671 5050 ut
698 4993 765 5049 de
790 4994 1036 5048 inusitata
1067 4992 1207 5047 inter
1236 5009 1295 5047 se
1322 4993 1617 5062 quaestione
1645 5010 1771 5049 con-

181 5089 476 5145 tenderent.
509 5090 654 5145 Cum
689 5087 831 5143 enim
862 5086 1085 5157 apostoli
1116 5096 1462 5151 servatorem,
1488 5094 1543 5140 et
1572 5102 1769 5155 regem,

179 5188 227 5233 et
250 5182 617 5248 sacerdotem,
655 5188 713 5235 et
739 5179 1053 5249 prophetam
1080 5177 1453 5248 prmdicarent,
1486 5176 1656 5232 Judaei
1685 5178 1768 5231 in-

178 5278 254 5324 ter
282 5287 339 5327 se
369 5270 808 5334 contendebant,
849 5268 1025 5323 allatis
1063 5269 1115 5322 in
1155 5268 1387 5323 medium
1429 5268 1514 5333 iis,
1559 5284 1679 5337 qua:
1719 5269 1769 5321 in

175 5358 286 5431 lege
326 5363 579 5433 ipsorum
630 5362 832 5429 scripta
883 5369 1055 5415 erant.
1106 5360 1239 5425 Alia,
1283 5360 1548 5426 dicebant,
1600 5359 1771 5414 tribus

177 5457 341 5522 regni,
364 5464 422 5510 et
448 5455 553 5509 alia
580 5451 896 5507 sacerdotii.
922 5451 1153 5505 Levitica
1180 5451 1414 5519 quidem,
1448 5451 1726 5505 sacerdotii
1754 5468 1768 5503 :

174 5545 336 5600 tribus
362 5562 496 5601 vero
528 5544 702 5609 Juda,
737 5544 906 5613 regni.
937 5543 990 5598 Si
1032 5543 1191 5612 igitur
1219 5542 1464 5597 Christus
1493 5558 1607 5608 rex,
1641 5558 1770 5612 ergo

178 5651 275 5689 non
319 5637 586 5693 sacerdos
638 5652 654 5687 :
699 5633 782 5685 sin
825 5648 949 5687 vero
992 5632 1264 5696 sacerdos,
1315 5646 1441 5701 ergo
1489 5647 1593 5685 non
1646 5647 1766 5685 rex.

174 5726 443 5783 Adversus
471 5742 617 5797 quos
652 5723 857 5779 Paulus
882 5737 1065 5793 agens,
1094 5724 1236 5776 omni
1258 5723 1500 5776 oratione
1527 5721 1593 5775 ad
1621 5736 1771 5775 ever-

175 5821 382 5877 tendam
417 5821 561 5877 hanc
594 5815 911 5888 Opinionem
940 5825 1266 5886 comparata,
1297 5815 1370 5870 ait
1397 5832 1410 5871 :
1444 5814 1577 5870 Nom
1611 5814 1769 5885 igitur

3381 396 3483 451 406

1906 496 2149 554 Christus
2190 498 2481 555 secundum
2531 502 2817 557 sacerdotii
2861 507 3019 560 vestri
3074 507 3315 562 ordinem
3366 523 3483 563 sur-

1901 590 2079 644 rexit?
2127 590 2281 661 Apud
2333 605 2428 645 vos
2482 591 2695 661 quidem
2743 609 2964 665 regnum
3021 606 3075 652 et
3120 598 3480 654 sacerdotium

1900 679 2147 736 distincta
2173 689 2298 736 sunt
2326 698 2339 735 :
2370 683 2422 736 in
2451 682 2667 738 Christo
2692 694 2974 755 utrumque
3000 688 3343 758 conjunctum
3374 701 3475 745 est.

1902 771 1978 825 Tu
2006 774 2171 839 enim,
2201 775 2297 839 ait,
2326 774 2558 829 sacerdos
2586 792 2637 829 es
2663 777 2715 830 in
2739 788 3000 843 internum,
3029 782 3304 835 secundum
3332 784 3478 835 ordi-

1898 882 2012 919 nem
2038 865 2368 920 Jlelcltisedec
2408 866 2575 936 (Psal.
2626 867 2749 923 109.
2796 868 2871 938 4).
2905 870 3085 939 Itaque
3133 873 3476 929 ratiocinator

1897 958 2108 1023 Paulus,
2142 967 2196 1014 et
2222 961 2297 1013 ait
2339 977 2352 1013 :
2398 959 2455 1014 Si
2498 960 2640 1015 enim
2689 961 2915 1029 primum
2961 962 3087 1017 illud
3118 965 3471 1020 sacerdotium

1894 1060 2011 1106 erat
2040 1052 2532 1123 irreprehensibile,
2566 1054 2691 1123 quid
2733 1056 3013 1124 oportebat
3052 1056 3249 1123 dicere,
3280 1073 3472 1114 secon-

1894 1143 2021 1199 dum
2046 1146 2289 1201 ordinem
2315 1147 2669 1203 Melchisedee
2698 1148 3028 1205 sacerdotem
3059 1162 3417 1209 surrecturum
3448 1170 3468 1208 :

1893 1247 1948 1293 et
1972 1253 2077 1293 non
2121 1240 2412 1294 secundum
2452 1240 2696 1296 ordinem
2726 1242 2944 1296 Aaron?
2985 1242 3183 1297 Etenim
3225 1249 3467 1299 translato

1891 1329 2191 1393 sacerdotio,
2220 1347 2419 1385 necesse
2446 1341 2519 1385 est
2544 1340 2600 1385 ut
2626 1331 2749 1402 legis
2778 1333 3042 1387 translatio
3070 1334 3161 1402 ﬁat
3187 1333 3368 1401 (Hebr.
3411 1334 3463 1388 7.

1892 1421 2002 1490 12).
2033 1423 2173 1491 Ergo
2192 1423 2441 1479 Servator
2466 1433 2649 1479 noster
2675 1440 2914 1479 summus
2939 1434 3020 1478 est
3049 1424 3281 1493 pontifex
3316 1444 3329 1478 :
3360 1441 3467 1480 non

1888 1516 2099 1571 ratione
2133 1516 2427 1571 divinitatis
2472 1532 2603 1581 sua),
2646 1517 2737 1572 sed
2776 1517 2846 1571 ob
2892 1516 3111 1587 ﬁguram
3152 1518 3329 1572 carnis
3366 1535 3380 1570 :
3414 1518 3465 1573 in

1888 1608 2131 1675 supernis
2160 1608 2229 1663 ad
2257 1608 2531 1664 dexteram
2560 1610 2650 1663 Dei
2682 1607 2968 1664 considens
2996 1620 3213 1678 propter
3250 1624 3368 1674 nos,
3416 1620 3469 1662 et

1887 1712 2127 1753 summus
2175 1698 2445 1768 pontifex,
2498 1698 2785 1754 secundum
2832 1700 3069 1755 ordinem
3118 1700 3468 1756 Melchisedce

1892 1790 2051 1862 (Ibid.
2081 1791 2136 1846 5.
2174 1790 2285 1863 11).
2335 1792 2412 1847 De
2447 1806 2555 1862 quo
2595 1792 2757 1847 multa
2801 1792 2903 1846 dici
2943 1802 3180 1862 possent,
3211 1794 3305 1849 sed
3355 1809 3459 1849 non

1886 1890 2012 1935 sunt
2050 1879 2207 1950 hujus
2248 1881 2372 1936 loci.
2416 1883 2665 1936 Animum
2713 1882 2926 1947 adhibe,
2962 1899 3164 1954 quaeso.
3207 1886 3369 1940 Erant
3410 1886 3463 1939 in

1887 1971 2002 2041 lege
2038 1973 2204 2027 veteri
2243 1972 2684 2038 holocautomata,
2715 1987 2829 2029 erat
2867 1976 3177 2029 sacriﬁcium
3212 1992 3306 2046 pro
3336 1992 3462 2046 pec-

1886 2072 2026 2130 cato,
2056 2072 2170 2118 erat
2190 2064 2387 2121 oblatio
2419 2083 2432 2120 :
2459 2066 2711 2120 Servator
2738 2076 2914 2120 autem
2942 2067 3030 2121 ubi
3058 2068 3109 2120 in
3139 2067 3277 2121 hunc
3304 2084 3464 2123 mun-

1886 2156 2011 2210 dum
2064 2157 2296 2221 advenit,
2354 2159 2628 2213 sacriﬁciis
2679 2158 2784 2213 illis
2829 2158 3025 2228 ﬁguras
3072 2158 3460 2225 referentibus,

1888 2247 2044 2301 ﬁnem
2072 2248 2314 2317 imponit,
2349 2250 2562 2318 proprio
2592 2264 2690 2303 suo
2718 2264 2943 2319 corpore
2971 2265 3068 2319 pro
3093 2250 3235 2304 omni
3263 2250 3462 2306 sacriﬁ-

1885 2343 1970 2396 cio
1994 2342 2295 2397 substituto.
2326 2343 2400 2397 De
2424 2357 2528 2413 quo
2555 2342 2786 2396 Paulus:
2817 2361 2836 2395 ‹
2862 2342 2925 2396 Et
2947 2343 3215 2413 ingressus
3237 2344 3289 2398 in
3311 2359 3464 2398 mun-

1886 2436 2033 2502 dum,
2060 2436 2187 2491 dicit
2213 2454 2227 2493 :
2259 2436 2584 2491 Sacriﬁcium
2614 2444 2667 2490 et
2693 2434 3013 2489 oblationem
3044 2435 3257 2490 noluisti
3292 2453 3305 2490 :
3336 2451 3459 2491 cor-

1886 2543 1984 2598 pus
2012 2536 2187 2583 aotem
2222 2528 2412 2597 aptasti
2455 2526 2583 2581 mihi
2614 2544 2626 2578 :
2660 2526 3085 2581 holocautomata
3112 2534 3165 2580 et
3202 2541 3299 2595 pro
3337 2541 3464 2596 pec-

1886 2628 2006 2674 cato
2047 2635 2153 2674 non
2182 2618 2480 2688 postulasti.
2505 2618 2654 2673 Tunc
2677 2618 2807 2682 dixi,
2836 2616 2976 2671 Ecce
3004 2618 3181 2684 venio,
3215 2618 3268 2671 in
3289 2617 3464 2686 capite

1887 2711 2003 2765 libri
2032 2711 2283 2780 scriptum
2310 2719 2392 2766 est
2417 2710 2483 2764 de
2512 2725 2598 2763 me
2632 2728 2650 2762 ι
2684 2708 2864 2779 (Hebr.
2896 2708 2982 2763 10.
3012 2709 3161 2773 5.-7;
3192 2707 3338 2763 Psat.
3371 2708 3460 2765 '59.

1887 2804 1938 2858 7.
1964 2802 2041 2875 8).
2062 2803 2253 2857 Paulus
2278 2819 2403 2871 ergo
2423 2817 2541 2856 cum
2571 2802 2637 2856 de
2658 2800 2967 2870 prephetico
2986 2815 3202 2855 munere
3223 2800 3459 2863 dixisset,

1886 2912 1986 2950 nec
2013 2911 2117 2949 non
2147 2894 2270 2948 illud
2300 2909 2528 2962 quoque,
2558 2892 2689 2946 Cum
2717 2891 3032 2947 sacriﬁcium
3062 2900 3116 2945 et
3141 2891 3461 2946 oblationem

1884 2999 1936 3042 et
1968 3004 2062 3056 pro
2087 2994 2305 3056 peccato
2332 2984 2688 3054 repudiasses,
2732 2991 2857 3037 tunc
2899 2982 3029 3049 dixi,
3075 2982 3215 3037 Ecce
3251 2984 3407 3036 venio
3444 3000 3459 3036 :

1889 3080 2026 3134 tollit
2056 3080 2304 3147 primum,
2339 3086 2395 3130 ut
2429 3074 2723 3131 secundum
2763 3074 3012 3129 stabiliat.
3042 3074 3346 3129 Atubinam
3374 3091 3460 3129 sa-

1888 3172 2141 3228 criﬁcium
2191 3180 2245 3224 et
2300 3169 2496 3223 oblatio
2551 3168 2603 3221 in
2647 3180 2871 3236 corpore
2915 3166 3111 3221 Christi
3162 3166 3462 3220 invenitur?

1888 3259 2345 3330 Quemadmodum
2369 3257 2640 3327 apostolus
2663 3256 2856 3311 Paulus
2882 3265 3137 3311 testatur:
3177 3274 3195 3307 ‹
3229 3256 3463 3310 Obsecro

1887 3370 2003 3421 vos,
2037 3355 2250 3418 fratres,
2283 3368 2378 3419 per
2416 3348 2833 3405 misericordiam
2866 3349 2961 3404 Dei
2989 3359 3049 3403 ut
3078 3360 3342 3419 tamquam
3370 3349 3458 3403 ﬁlii

1886 3445 2061 3499 dilecti
2117 3442 2398 3496 amltuletis
2461 3441 2512 3497 in
2576 3440 2794 3494 caritate
2842 3456 2855 3492 :
2917 3439 3357 3509 quemadmodum
3410 3450 3463 3492 et

1885 3536 2125 3591 Christus
2160 3534 2343 3588 dilexit
2372 3546 2500 3598 nos,
2528 3540 2581 3585 et
2606 3531 2946 3600 semetipsum
2993 3545 3087 3600 pro
3116 3528 3268 3585 nobis
3312 3530 3459 3584 dedit

1885 3625 2198 3680 sacriﬁcium
2221 3631 2275 3677 et
2293 3623 2610 3677 oblationem
2636 3622 2765 3688 Deo,
2798 3622 2850 3675 in
2881 3620 3097 3675 odorem
3130 3621 3406 3675 suavitatis
3437 3641 3455 3672 ι

1889 3718 2103 3790 (Ep/ws.
2150 3717 2204 3772 5.
2246 3718 2297 3771 1.
2341 3715 2419 3785 2).
2469 3716 2691 3784 Pr0pter
2731 3724 2782 3769 te
2819 3711 3061 3768 Christus
3104 3727 3345 3767 summus
3380 3724 3462 3767 est

1886 3812 2127 3885 pontifex
2156 3826 2168 3862 :
2204 3817 2419 3877 propter
2446 3808 2676 3877 seipsum
2716 3806 2872 3860 Deos.
2914 3804 3027 3859 Noli
3061 3812 3265 3857 motare
3294 3803 3449 3857 verba

1884 3901 1977 3956 Dei
2021 3901 2149 3954 vivi.
2191 3900 2243 3953 In
2286 3899 2518 3961 Patrem,
2566 3898 2777 3962 Filium,
2823 3906 2877 3951 et
2919 3895 3172 3964 Spiritum
3220 3908 3458 3948 sanetum

1884 3992 2177 4062 baptizatus
2200 4006 2257 4045 es
2288 4008 2300 4044 :
2328 4006 2423 4043 cur
2451 3988 2673 4043 sublatis
2704 3986 3004 4041 nominibus
3033 3984 3349 4050 viventibus,
3382 3986 3461 4038 1η-

1884 4084 2034 4138 ducis
2064 4083 2279 4136 nomina
2307 4081 2601 4150 excogitata
2631 4079 2830 4141 dicens,
2862 4077 3123 4147 ingenitus
3151 4084 3205 4129 et
3230 4076 3459 4145 genitus,

1882 4183 2091 4228 creatus
2111 4183 2165 4228 et
2186 4173 2467 4236 increatus,
2491 4172 2577 4240 qui
2605 4184 2819 4238 semper
2838 4178 2919 4222 est
2942 4178 2995 4222 et
3015 4169 3101 4237 qui
3126 4182 3334 4235 semper
3356 4183 3460 4221 nou

1883 4266 1999 4319 est?
2025 4266 2269 4320 Hmccine
2299 4264 2438 4318 Deus
2465 4262 2637 4316 inania
2669 4262 2830 4316 verba
2861 4261 3085 4315 tolerat?
3115 4261 3332 4316 Unicum
3364 4276 3462 4314 vo-

1883 4356 2128 4410 cabulum
2159 4370 2277 4409 cum
2322 4353 2603 4423 aliquando
2641 4352 2895 4421 propheta
2941 4353 3262 4417 immutaret,
3301 4352 3457 4406 etiam

1881 4446 1949 4500 de
1979 4449 2081 4499 vita
2112 4444 2434 4515 periclitatus
2461 4454 2542 4499 est
2582 4462 2595 4498 :
2628 4444 2842 4498 attende
2880 4443 3032 4498 unius
3074 4443 3274 4498 voculae
3302 4460 3449 4499 accuo

1882 4538 2164 4592 rationem.
2196 4535 2417 4603 Quidam
2450 4535 2824 4606 prepltctarum
2856 4536 3015 4590 verba
3042 4535 3306 4605 imperitia
3334 4552 3460 4605 qua-

1881 4628 2003 4681 dam
2023 4626 2749 4695 appellabantsumptionem,
2773 4634 2960 4693 λῆμμα,
2987 4627 3213 4681 Domini.
3232 4628 3302 4682 At
3322 4627 3462 4683 Deus

1882 4735 1976 4788 per
2002 4719 2284 4774 Jeremiam
2317 4738 2328 4771 :
2366 4737 2384 4768 ι
2419 4718 2475 4773 Si
2507 4718 2855 4789 interrogabit
2883 4728 2935 4773 te
2972 4720 3219 4789 populus,
3250 4720 3331 4773 vel
3372 4735 3460 4774 sa-

1880 4810 2089 4875 cerdos,
2120 4820 2210 4863 aut
2241 4813 2516 4879 prepheta,
2558 4820 2607 4863 et
2645 4808 2841 4863 dixerit
2870 4808 2961 4863 tibi
2993 4828 3005 4863 :
3035 4810 3286 4876 Quaenam
3317 4824 3461 4863 sum-

1881 4901 2012 4969 ptio,
2048 4901 2249 4968 λῆμμαῗ
2277 4900 2363 4954 dic
2411 4900 2538 4968 ipsis
2582 4917 2594 4951 :
2630 4898 2736 4953 Vos
2784 4900 2912 4953 estis
2955 4902 3186 4970 sumptio
3230 4901 3457 4953 Domini.

1880 4991 2099 5059 Rapiam
2125 4992 2267 5046 enim
2297 5005 2393 5044 vos
2423 4991 2684 5059 rapinam,
2715 5001 2768 5045 et
2790 5006 3032 5061 rumpam
3063 5006 3176 5054 vos,
3212 5006 3277 5044 ne
3306 4990 3460 5042 dein-

1881 5097 2007 5150 ceps
2045 5083 2233 5137 dicatis
2262 5083 2618 5151 sumptionem
2654 5099 2671 5132 ›
2721 5080 2850 5152 (Jer.
2894 5081 2983 5137 Ξῖ).
3034 5082 3149 5150 55).
3191 5079 3247 5133 Si
3285 5079 3461 5146 itaque

1880 5190 2043 5228 unum
2075 5174 2294 5228 verbum
2319 5175 2646 5237 immutetur,
2670 5173 2810 5227 Deus
2833 5171 3185 5226 comminatur
3209 5188 3221 5220 :
3252 5177 3305 5221 tu
3334 5184 3459 5219 vero

1880 5264 2337 5333 integerrimorum
2374 5264 2676 5334 dogmatum
2722 5263 3113 5317 accurationem
3162 5258 3461 5327 pervertis?

1879 5356 2051 5411 Patris
2081 5372 2272 5411 nomen
2301 5356 2695 5411 circumscribis
2735 5375 2748 5410 :
2776 5355 2895 5410 Filii
2923 5353 3229 5422 dignitatem
3257 5348 3458 5404 inﬁcia-

1878 5448 1973 5514 ris,
2006 5449 2172 5501 sancti
2205 5448 2433 5517 Spiritus
2460 5448 2679 5518 gloriam
2709 5446 2969 5515 abrogas?
2996 5458 3119 5496 num
3150 5458 3335 5497 manus
3366 5442 3457 5497 Dei

1877 5542 2135 5612 eiTugies?
2163 5540 2335 5596 Grave
2377 5551 2458 5597 est
2504 5552 2558 5595 et
2605 5540 2876 5602 horribile,
2922 5537 3140 5591 verbum
3189 5537 3284 5591 Dei
3330 5537 3455 5602 vivi,

1880 5632 2089 5685 Domini
2119 5631 2215 5685 Dei
2244 5632 2433 5696 nostri,
2478 5640 2799 5700 pervertere.
2847 5627 2900 5683 Si
2942 5626 3100 5680 verba
3131 5628 3308 5697 aliqua
3338 5643 3459 5695 per-

1876 5732 2171 5787 vertantur,
2203 5722 2347 5778 Deus
2378 5723 2678 5791 indignatur
2712 5740 2724 5774 :
2755 5731 2809 5775 et
2834 5719 3165 5790 dogmatibus
3190 5720 3458 5773 subversis

1878 5829 1982 5871 non
2006 5814 2301 5870 irascetur?
2321 5815 2468 5870 Tune
2494 5818 2774 5869 Servatore
2801 5812 3129 5883 sapientior?
3147 5824 3275 5867 teun
3292 5812 3457 5865 Evan-
