4074 6308
565 370 666 427 ὁΟἹ

564 489 702 560 gelio
728 480 1422 543 accuratior?‘Pertimesce
1445 482 1701 554 judicium
1724 482 1819 538 Dei
1848 498 1862 535 :
1893 480 2020 536 illud
2044 489 2149 537 tre-

565 581 816 637 mendum
860 594 1053 635 nomen
1099 576 1403 641 reformida,
1450 575 1704 630 malitiam
1736 588 2005 640 aversare,
2039 586 2154 642 pm-

567 674 841 730 nitentiam
881 672 976 729 tibi
1003 685 1263 744 propone,
1291 679 1346 725 et
1371 668 1503 724 ﬁdes
1528 668 1753 723 salutem
1784 666 1875 721 tibi
1902 665 2150 736 spondet.

570 764 883 822 Pwnitentia
910 762 1053 819 enim
1083 760 1310 820 salutem
1351 760 1510 832 parit,
1540 767 1595 814 et
1622 758 1709 823 iis,
1739 758 1829 830 qui
1868 756 1921 813 in
1961 758 2151 813 hreresi

573 866 871 923 versantur,
902 855 1100 928 quique
1123 854 1261 911 adeo
1289 852 1343 908 in
1372 851 1493 908 aliis
1520 850 1753 921 peccatis
1787 847 2113 905 volutantur.

635 951 691 1007 6.
709 948 1026 1006 Pamitentia:
1044 949 1239 1003 laudes.
1264 944 1515 1017 Martyres
1527 954 1576 1001 et
1594 943 1762 1014 angeli
1781 953 1929 998 orant
1948 960 2040 1014 pro
2061 959 2154 998 no-

564 1045 658 1099 bis.
703 1070 772 1087 —
824 1039 1143 1099 Pmnitentia
1181 1038 1332 1096 radix
1374 1038 1585 1110 pietatis
1622 1045 1723 1093 est.
1756 1034 2152 1107 Resipiscamus

563 1152 715 1208 ergo,
743 1138 1015 1209 Deumque
1044 1151 1139 1207 per
1187 1133 1549 1205 pmnitentiam
1587 1145 1889 1193 exoremus,
1919 1138 1977 1184 ut
2015 1128 2151 1184 bella

564 1227 795 1292 auferat,
819 1226 1076 1282 barbaros
1108 1225 1433 1294 exstinguat,
1462 1220 1694 1277 hostium
1722 1220 2054 1275 incursiones
2083 1217 2151 1272 ad

565 1317 789 1372 nihilum
832 1316 1037 1387 redigat
1063 1333 1077 1371 :
1101 1322 1159 1372 et
1200 1314 1356 1370 nobis
1380 1313 1628 1369 omnibus
1662 1312 1815 1367 bonis
1844 1312 2009 1366 libere
2049 1309 2152 1365 frui

564 1407 842 1464 concedat.
883 1405 1015 1464 Cum
1033 1405 1155 1477 quis
1181 1420 1249 1461 ex
1271 1406 1451 1459 animo
1471 1404 1735 1476 paenitens
1747 1403 1812 1457 ad
1841 1402 2008 1457 Deum
2030 1417 2153 1458 sese

566 1500 872 1567 contulerit,
899 1498 1211 1571 pmnitentia
1243 1498 1407 1553 Deum
1436 1495 1723 1551 admodum
1740 1495 1934 1567 placat.
1957 1495 2153 1549 Exem-

568 1597 641 1665 pli
692 1594 861 1666 gratia
903 1610 919 1650 :
966 1594 1205 1664 peccavit
1250 1588 1539 1661 aliquando
1589 1590 1838 1662 populus,
1887 1588 2149 1658 pcenituit,

566 1687 732 1750 ﬂevit,
764 1685 934 1756 inquit
963 1685 1102 1740 Deus
1129 1700 1146 1740 :
1176 1700 1198 1737 ι
1224 1683 1458 1739 Audiens
1474 1681 1651 1737 audivi
1672 1681 1927 1751 gemitum
1954 1678 2152 1749 Ephra-

566 1781 639 1833 im
666 1776 1005 1831 lamentantis
1033 1787 1087 1831 et
1107 1773 1334 1830 dicentis
1355 1789 1385 1853 ε⁸
1400 1772 1683 1843 Castigasti
1707 1786 1813 1835 me,
1840 1770 2079 1834 Domine,
2099 1777 2155 1824 et

568 1882 675 1923 non
703 1865 1017 1923 emendatus
1040 1864 1295 1932 sum,sed
1320 1865 1488 1919 factus
1513 1879 1631 1918 sum
1656 1862 1798 1918 velut
1837 1862 2035 1916 vitulus
2058 1875 2152 1931 pe-

570 1961 746 2015 tulans
774 1977 789 2014 :
817 1968 1068 2014 converte
1098 1973 1205 2023 me,
1232 1967 1286 2013 et
1309 1968 1595 2014 convertar
1622 1973 1643 2009 s
1669 1955 1799 2028 (θεν.
1828 1956 1921 2012 3|.
1945 1955 2057 2026 18).
2088 1955 2154 2010 Et

568 2051 695 2122 quid
726 2051 868 2107 Deus
894 2050 962 2105 ad
986 2051 1201 2120 ipsum?
1231 2049 1308 2104 Eo
1342 2049 1479 2121 quod
1518 2064 1773 2103 sermones
1815 2046 1915 2101 mei
1956 2046 2010 2100 in
2043 2048 2153 2117 ipso

568 2153 708 2211 sunt,
736 2160 1051 2217 nequaquam
1094 2141 1395 2198 recordabar
1420 2142 1555 2209 ejus,
1600 2149 1648 2196 et
1681 2140 1842 2212 ipsius
1887 2138 2155 2193 miserebor

572 2237 734 2310 (Ibid.
773 2254 821 2293 υ.
856 2238 975 2309 20).
1017 2236 1097 2294 Ne
1125 2236 1245 2308 quis
1270 2244 1323 2291 te
1356 2240 1697 2299 conterreat,
1721 2249 1828 2288 non
1855 2231 2015 2295 fama,
2046 2244 2153 2284 non

569 2329 726 2385 cunei
776 2329 1145 2392 barbarorum,
1174 2336 1229 2381 et
1263 2325 1429 2381 densa
1459 2324 1649 2380 nebula
1680 2341 1696 2379 :
1726 2322 1937 2379 etiamsi
1974 2321 2156 2376 hostes

569 2422 739 2478 nostri
788 2420 1202 2477 innumerabiles
1244 2419 1353 2473 sint
1381 2416 1736 2482 multitudine,
1766 2414 2017 2471 defensor
2054 2428 2155 2468 nov

572 2524 684 2570 ster
713 2514 871 2584 longe
899 2511 1087 2569 fortior
1110 2518 1214 2567 est.
1262 2509 1321 2565 Si
1350 2509 1417 2564 de
1465 2507 1805 2563 multitudine
1855 2506 2154 2576 suspicans,

578 2608 788 2671 timeas,
822 2605 1047 2659 Elisaeus
1073 2602 1331 2673 propheta
1379 2601 1471 2655 tibi
1500 2600 1649 2665 dicit,
1678 2597 1762 2654 Ne
1796 2607 2009 2661 metuas,
2041 2598 2157 2669 plu-

570 2713 651 2751 res
677 2696 932 2749 nobiscum
958 2702 1092 2759 sunt,
1114 2709 1266 2764 quam
1289 2709 1402 2747 cum
1422 2692 1524 2746 illis
1550 2692 1629 2759 (4.
1655 2691 1784 2763 Reg.
1813 2691 1868 2747 6.
1898 2691 2011 2760 16).
2043 2690 2156 2745 Illic

572 2788 785 2856 quidem
824 2785 1170 2840 barbarorum
1214 2782 1517 2847 multitudo,
1549 2782 1633 2835 hic
1678 2780 1988 2849 angelorum
2024 2779 2155 2849 pha-

572 2877 694 2930 lanx
726 2884 826 2930 est.
851 2874 979 2930 Nam
1003 2890 1102 2945 pro
1127 2874 1227 2943 piis
1252 2872 1556 2927 hominibus
1580 2879 1635 2927 et
1653 2872 1921 2942 angelicas
1945 2872 2154 2925 exerci-

575 2977 660 3021 tus
710 2973 929 3035 pugnat,
955 2974 1009 3021 et
1047 2964 1423 3035 prophetarum
1449 2964 1668 3028 chorus,
1694 2971 1748 3016 et
1794 2962 2153 3031 apostolorum

573 3065 831 3128 potestas,
858 3067 912 3113 et
940 3067 1232 3131 martyrum
1256 3068 1465 3126 preces.
1508 3053 1627 3115 Noli
1656 3053 1798 3108 enim
1822 3053 2152 3120 existimare,

573 3162 839 3224 martyres
868 3159 1069 3204 tantum
1092 3163 1188 3219 pro
1211 3148 1365 3203 nobis
1382 3161 1540 3201 orare
1568 3159 1585 3198 :
1610 3146 1738 3217 quin
1773 3153 1827 3200 et
1844 3144 2039 3215 angeli,
2068 3158 2156 3199 re-

573 3245 673 3299 bus
705 3243 899 3298 nostris
927 3241 1184 3307 adversis,
1213 3254 1311 3309 pro
1361 3238 1517 3293 nobis
1560 3236 1952 3308 deprecantur;
1982 3250 2157 3303 neque

572 3336 744 3390 solum
773 3335 1145 3406 deprecantur,
1168 3330 1262 3386 sed
1294 3339 1348 3386 et
1380 3344 1695 3399 responsum
1722 3344 1753 3382 a
1784 3328 2023 3383 beneﬁca
2048 3328 2155 3382 Do-

572 3430 720 3482 mino
747 3429 1031 3498 accipiunt.
1054 3424 1343 3481 Zacharias
1370 3422 1626 3493 propheta
1652 3421 1727 3475 ait
1755 3438 1770 3475 :
1798 3439 1817 3472 ‹
1848 3421 2157 3490 Etrespon-

571 3519 649 3573 dit
676 3517 1018 3589 angelus,qui
1049 3514 1282 3586 loquitur
1311 3514 1363 3569 in
1392 3520 1559 3577 me,et
1584 3512 1718 3566 dixit
1743 3511 1809 3565 ad
1840 3511 2151 3565 Dominum»

575 3609 757 3679 (Zaclt.
782 3611 834 3665 1.
866 3609 922 3664 9.
948 3616 1002 3663 et
1028 3604 1117 3679 12)
1146 3622 1163 3661 :
1192 3605 1318 3660 litae
1367 3613 1545 3658 autem
1571 3601 1744 3673 angeli
1781 3602 1877 3655 fuit
1897 3603 2153 3672 precatio.

582 3722 599 3752 ε
640 3700 864 3756 Domine
889 3702 1241 3763 exercituum,
1268 3708 1543 3766 usquequo
1582 3702 1637 3748 tu
1668 3710 1774 3747 non
1814 3693 2156 3748 misereberis

574 3795 891 3856 Jerusalem,
924 3801 978 3847 et
1005 3792 1212 3846 urbium
1233 3789 1389 3851 Juda,
1416 3803 1551 3859 quas
1571 3786 1866 3859 despexisti
1885 3787 1909 3840 ?
1927 3787 2029 3841 iste
2046 3788 2155 3855 jam

573 3886 995 3957 septuagesimus
1022 3900 1191 3939 annus
1223 3892 1326 3939 est.
1357 3901 1377 3934 ι
1402 3880 1539 3950 Quid
1579 3881 1773 3950 igitur?
1794 3880 2159 3950 repudiavitne

574 3981 719 4035 Deus
745 3980 1037 4035 orationem
1063 3976 1268 4047 angeli?
1291 3975 1504 4030 Minime
1534 3974 1587 4029 id
1617 3973 1854 4043 quidem.
1887 3973 2024 4041 Quid
2055 3973 2157 4042 igi-

574 4085 664 4129 tur
718 4074 957 4142 responsi
1007 4070 1186 4126 dedit?
1216 4067 1513 4135 Respondit,
1546 4064 1740 4137 inquit,
1796 4064 2043 4120 Dominus
2091 4066 2160 4119 ad

575 4163 814 4235 angelum
833 4162 1113 4233 loquentem
1131 4161 1185 4213 in
1215 4175 1293 4213 me
1311 4158 1458 4214 verba
1484 4156 1824 4211 consolatorie
1841 4196 1859 4224 ,
1890 4165 1936 4210 et
1964 4173 2159 4211 sermo-

574 4275 663 4312 nes
707 4254 1067 4311 consolatorios
1097 4250 1259 4322 (Ibid.
1292 4267 1339 4306 υ.
1383 4251 1498 4322 15).
1549 4250 1906 4306 Obsecremus
1930 4266 2059 4320 ergo
2106 4258 2162 4305 et

576 4365 677 4405 nos
723 4348 1005 4403 Dominum
1040 4345 1372 4417 angelorum,
1403 4353 1457 4398 et
1494 4341 1690 4413 legabit
1718 4358 1880 4397 unum
1908 4358 1973 4397 ex
2002 4358 2161 4412 ange-

577 4443 643 4495 lis
674 4440 763 4510 qui
790 4448 950 4493 totam
975 4438 1286 4509 phalangem
1315 4435 1546 4489 hostium
1569 4433 1866 4503 dissipabit.
1895 4432 2008 4502 Ego
2030 4449 2160 4487 vero

578 4542 632 4586 et
658 4532 915 4601 picturam
941 4545 1003 4584 ex
1030 4544 1150 4584 cera
1179 4529 1369 4582 factam
1389 4525 1651 4590 adamavi,
1676 4525 1871 4594 pietate
1883 4524 2156 4579 refertam.

581 4624 635 4677 In
684 4621 913 4691 imagine
942 4620 1046 4673 vidi
1086 4620 1370 4689 angelum,
1404 4616 1749 4670 barbarorum
1783 4616 1926 4668 illam
1962 4616 2158 4670 nubent

578 4713 945 4785 proﬂigantem
973 4710 1072 4783 (a),
1102 4710 1206 4764 vidi
1229 4708 1482 4764 barbaras
1509 4714 1693 4777 gentes
1737 4706 2041 4760 conculcari
2064 4748 2078 4769 ,
2107 4717 2160 4761 et

580 4804 834 4861 Davidcm
867 4817 990 4857 vere
1011 4802 1310 4856 exclamare
1339 4816 1355 4854 :
1386 4797 1619 4864 Domine,
1631 4798 1684 4850 in
1700 4797 1899 4850 civitate
1924 4806 2010 4848 tua
2032 4797 2163 4849 ima-

643 4984 715 5048 (a)
751 4984 834 5048 Hic
855 4979 993 5031 locus
1011 4977 1221 5048 habetur
1243 4978 1291 5027 in
1309 4975 1492 5048 δεξιοᾶο
1514 4971 1734 5048 secunda
1746 4971 2132 5048 gestasset}.
2144 5008 2160 5033 ,

578 5034 659 5097 his
680 5034 882 5105 verbis;
905 5052 1003 5105 Ego
1028 5047 1082 5105 et
1114 5034 1507 5105 cerapeffusam
1539 5034 1693 5105 dilexi
1723 5034 1964 5105 picturam
1987 5034 2163 5105 pietate

798 5119 816 5156 :
836 5094 1088 5173 ιάαΐεηῖιη
1108 5094 1409 5173 angelici"
1429 5097 1636 5161 ίιηαςίηε
1651 5094 2162 5173 ﬁerisolvi???

575 5157 689 5237 'riiai
710 5157 901 5237 mem:
928 5167 1091 5237 Pergit
1113 5157 1284 5237 ιζτδηιφ
1320 5157 2163 5237 ρυςξειξεξε,ξειξεξξξὲξξξεξῐρνεεξξιὲρ

575 5218 775 5296 vulgata
796 5218 873 5281 sic
888 5218 1057 5279 habuit
1071 5262 1085 5286 ,
1102 5233 1207 5296 _Ego
1228 5233 1279 5296 et_
1294 5236 1359 5296 ea:
1379 5218 1707 5296 cerafusilent
1738 5218 1974 5296 pictutLam‘
1992 5254 2007 5279 ,
2033 5220 2163 5296 qugd

576 5281 774 5347 recini;
803 5305 966 5357 quam:
987 5281 1115 5354 quod
1147 5281 1449 5357 'apud_J_oan.
1490 5281 1833 5357 Damascenum
1860 5289 1994 5357 prat.
2097 5281 2163 5357 de

575 5343 888 5420 iri—taginibus,
908 5343 1508 5420 _sytt'carant_'$cr_ipltlrﬂtn.
1534 5352 1617 5420 alii
1638 5343 1769 5420 βρμιξ
1786 5343 2076 5420 ξίίὶίξῗξίξηξξῐιξ
2097 5343 2161 5420 71)

574 5402 759 5485 i551?
765 5402 888 5485 ibi;
899 5402 1111 5479 inTusam
1134 5402 1608 5485 άὶιεφὶέ
1624 5402 1838 5485 ξιξερψ
1985 5402 2164 5485 Βθιιιιρὲ

577 5473 698 5543 riis,
740 5473 1042 5543 scripturam
1059 5487 1204 5545 ρει-ιε
1239 5473 1551 5545 impresserit.
1572 5473 2165 5545 (artacisAertimﬂmmja

576 5530 764 5605 pictura
789 5530 866 5590 esi
883 5576 898 5600 ,
922 5552 1034 5602 qua:
1055 5538 1108 5587 ﬁt
1134 5550 1196 5586 ex
1222 5530 1367 5585 ceris.
1393 5530 1620 5581 solebant
1651 5530 1780 5600 enim
1814 5542 1877 5577 ex
1912 5530 2040 5578 ceris
2063 5531 2163 5637 pin-

578 5619 701 5637 anno
748 5617 805 5637 an
827 5604 1111 5637 ministram
1136 5601 1332 5637 inm-pre
1350 5631 1364 5637 -
1387 5603 1443 5637 Ill.
1461 5594 1607 5637 docet
1628 5590 1804 5637 Ριιιιιυδ
1828 5589 1860 5637 ι.
1886 5591 1967 5637 55.
1987 5603 2034 5637 C.
2096 5591 2116 5637 1
2144 5604 2158 5637 Ζ

577 5589 725 5665 igér'é,‘
740 5589 806 5653 ac
827 5589 1111 5663 scripturam
1124 5601 1333 5666 inurere
1350 5631 1367 5666 ,_
1387 5603 1443 5644 ut
1461 5594 1607 5642 docet
1628 5590 1804 5666 Plinius
1885 5591 2034 5666 ᾅδει).

576 5657 718 5717 Puris
736 5657 938 5728 pingeré
954 5676 1012 5713 ac
1034 5660 1327 5728 scripturam
1349 5658 1565 5728 inurere,
1706 5657 2163 5728 eacogitaf

581 5716 747 5786 rent;
765 5716 861 5775 non
896 5729 1077 5774 constat
1103 5716 1343 5786 {quidam
1365 5716 1590 5786 Aristidis
1612 5716 1854 5786 munitum
1876 5720 2044 5784 putant
2072 5726 2090 5762 :
2105 5721 2165 5786 et

580 5774 751 5837 nbit’i
772 5774 793 5845 ,ν
808 5774 912 5847 cap.
941 5786 1001 5833 H
1020 5824 1034 5841 ,
1059 5774 1225 5834 scribit
1243 5796 1408 5833 ceram
1430 5781 1586 5847 varios
1621 5778 1669 5826 in
1690 5774 1883 5824 colores
1901 5776 2164 5847 pigmentis

584 5851 705 5901 trahi
729 5841 789 5897 ad
811 5841 1085 5896 reddendas
1107 5847 1463 5904 similitudines,
1490 5841 1620 5892 unde
1652 5853 1855 5900 κηροχυτιῖν
1894 5844 1970 5886 est
2000 5850 2162 5887 ceram

1607 361 1881 421 INCERTI
1918 360 2195 419 liOMlLIA
2236 361 2324 417 DE
2362 361 2861 425 LEGISLATORE.

2263 483 2429 554 ginem
2452 486 2678 555 ipsorum
2713 487 2783 542 ad
2813 486 3026 543 nihilum
3052 489 3247 563 rediges
3269 488 3441 563 (Psal.
3472 492 3563 548 72.
3584 492 3700 565 20).
3738 494 3845 552 Sed

2261 585 2313 629 et
2339 590 2479 632 nunc
2506 576 2692 633 beatus
2716 578 2881 634 David
2906 578 2975 636 de
2991 580 3143 636 nobis
3158 582 3300 637 dicat
3331 600 3345 638 :
3377 582 3499 638 Fiat
3517 586 3599 639 oio
3618 587 3847 657 ipsorum

2262 667 2477 723 tenebris
2495 678 2543 722 et
2569 670 2780 741 lapsus,
2805 680 2853 726 et
2877 673 3085 745 angelus
3109 672 3319 729 Domini
3342 688 3672 749 persequatur
3708 680 3847 748 ipsos

2263 760 2434 832 (Psal.
2477 763 2566 820 54.
2591 765 2671 837 6).
2703 767 2842 822 Deus
2863 768 3037 822 varias
3062 770 3373 825 occasiones
3389 811 3405 835 ,
3430 782 3490 826 ut
3514 771 3699 827 hostes
3722 789 3844 842 pes-

2258 868 2379 909 sum
2426 864 2573 924 eant,
2604 870 2894 926 procurare
2922 858 3091 914 novit.
3141 860 3300 916 Acies
3341 860 3429 916 illa
3454 860 3843 928 Sennacherib,

2260 947 2401 1016 regis
2425 948 2791 1020 Assyriorum,
2819 949 3009 1020 ingens
3029 958 3166 1019 erat,
3192 960 3248 1005 et
3274 968 3409 1007 unus
3445 953 3670 1024 angelus
3699 954 3843 1024 lega-

2261 1045 2346 1091 tus
2376 1048 2589 1093 centum
2614 1040 2877 1110 octoginta
2905 1040 3139 1112 quinque
3158 1041 3322 1097 millia
3344 1042 3579 1098 hostium
3599 1053 3845 1116 prostra-

2260 1129 2335 1182 vit
2363 1128 2439 1199 (4.
2468 1128 2596 1201 Reg.
2646 1128 2761 1201 t9).
2804 1130 2915 1186 Nos
2967 1129 3212 1189 homines
3263 1131 3512 1189 humanis
3548 1135 3852 1191 rationibus

2260 1219 2437 1273 omnia
2463 1229 2651 1275 eventa
2678 1222 2950 1288 metimur,
2980 1222 3364 1294 nobiscumque
3390 1224 3653 1280 dicimus:
3686 1225 3844 1293 Quid,

2261 1309 2306 1363 si
2356 1310 2410 1363 in
2456 1313 2654 1366 nostris
2682 1312 2919 1381 partibus
2944 1313 3121 1369 nullus
3147 1314 3301 1370 miles
3328 1315 3670 1371 inveniatur?
3696 1319 3845 1387 quid,

2259 1400 2304 1453 si
2336 1400 2640 1472 priusquam
2665 1404 2932 1459 exercitus
2957 1403 3067 1459 dux
3096 1405 3294 1473 veniat,
3320 1422 3508 1463 omnes
3556 1423 3657 1464 nos
3696 1410 3852 1465 deva-

2259 1499 2402 1545 SIent
2422 1491 2447 1545 ?
2470 1492 2597 1563 quid
2620 1492 2917 1550 faciemus?
2939 1494 3076 1551 Num
3094 1496 3253 1567 igitur
3267 1497 3390 1567 quia
3419 1506 3475 1553 tu
3505 1501 3843 1569 praeveniris,

2261 1584 2616 1651 praevenietur
2646 1584 2822 1640 Deus?
2849 1602 2974 1641 num
2996 1588 3119 1658 quia
3148 1596 3202 1643 tu
3234 1603 3342 1643 non
3366 1589 3565 1660 ubique
3589 1606 3672 1657 es,
3708 1591 3851 1648 Deus

2261 1689 2366 1729 non
2396 1675 2590 1746 ubique
2624 1678 2742 1733 est?
2767 1694 2891 1733 num
2921 1679 3077 1750 igitur
3105 1681 3246 1737 Deus
3274 1681 3377 1737 hoc
3400 1683 3616 1753 quidem
3647 1693 3845 1755 potest,

2261 1766 2391 1822 illud
2417 1784 2543 1823 vero
2572 1785 2676 1825 non
2708 1772 2922 1841 potest?
2946 1773 3089 1829 Mare
3113 1774 3459 1830 inanimatum
3490 1776 3540 1832 ei
3562 1778 3846 1849 obtempe-

2261 1860 2418 1924 ravit,
2449 1868 2505 1915 et
2527 1860 2782 1917 demersit
2811 1881 2825 1917 :
2852 1864 2991 1918 bruti
3022 1866 3196 1934 pisces
3222 1881 3344 1921 sese
3368 1867 3660 1939 capiendos
3686 1870 3850 1925 Petro

2259 1949 2522 2019 obtulere,
2550 1962 2605 2007 et
2629 1954 2872 2024 angelus,
2904 1955 2947 2008 si
2975 1956 3109 2010 Deus
3145 1957 3389 2026 imperet,
3418 1972 3608 2015 omnes
3633 1961 3835 2016 verita~

2260 2044 2329 2098 tis
2352 2043 2534 2101 hostes
2576 2062 2683 2102 non
2729 2046 2963 2104 funditus
2990 2050 3226 2105 delebit?
3273 2051 3385 2107 Nos
3418 2061 3622 2109 tantum
3668 2056 3852 2111 sobrie

2261 2144 2315 2189 et
2363 2138 2609 2193 modeste
2662 2140 2900 2196 vivamus
2932 2159 2946 2196 :
2980 2151 3184 2197 tantum
3213 2143 3376 2199 Deum
3408 2160 3659 2216 rogemus
3688 2149 3855 2219 eique

2260 2228 2640 2297 supplicemus.
2673 2230 2953 2301 Imperavit
2980 2232 3119 2303 apud
3147 2242 3357 2291 veteres
3383 2234 3490 2290 dux
3518 2239 3852 2307 praestantis-

2259 2317 2449 2385 simus,
2479 2334 2639 2390 quem
2670 2336 2768 2391 ego
2798 2323 3063 2378 communi
3093 2324 3307 2380 nomine
3333 2325 3573 2396 designo,
3596 2335 3655 2382 ut
3676 2330 3853 2384 omni-

2260 2407 2358 2463 bus
2388 2409 2685 2467 innotescat
2713 2429 2726 2464 :
2754 2413 2887 2479 fuit,
2915 2413 3159 2485 inquam,
3182 2416 3290 2471 dux
3318 2417 3733 2489 alienigenarum
3762 2420 3851 2475 Si-

2258 2515 2376 2557 sara
2410 2501 2561 2573 (Iud.
2590 2503 2650 2574 4)
2681 2521 2696 2558 :
2728 2506 2880 2574 cujus
2917 2508 3074 2560 etiam
3108 2507 3273 2563 David
3301 2511 3625 2566 mentionem
3672 2512 3799 2567 facit
3830 2529 3849 2566 :

2263 2592 2376 2649 Fac
2404 2595 2528 2667 ipsis
2564 2596 2693 2650 sicut
2725 2596 2939 2652 Madian
2961 2609 3007 2653 et
3035 2600 3248 2665 Sisara,
3290 2602 3418 2656 sicut
3443 2601 3619 2658 Jabim
3660 2605 3715 2658 in
3743 2616 3850 2660 tor-

2260 2698 2401 2743 rente
2449 2687 2625 2743 Cisson
2651 2688 2825 2761 (Psal.
2852 2688 2942 2744 82.
2971 2689 3083 2762 10).
3112 2691 3286 2747 Jahim
3337 2693 3550 2764 quidem
3596 2711 3693 2751 rex
3732 2707 3852 2753 erat

2259 2782 2678 2853 alienigenarum
2706 2799 2722 2838 :
2750 2784 2929 2839 Sisara
2955 2800 3084 2840 vero
3109 2784 3215 2840 dux
3244 2789 3536 2842 exercitus.
3561 2788 3727 2843 Erant
3751 2805 3850 2845 au-

2263 2885 2369 2931 tem
2400 2876 2497 2946 ipsi
2528 2868 2718 2932 currus
2754 2876 2913 2933 ferrei
2959 2879 3270 2949 octingenti,
3294 2889 3347 2934 et
3386 2895 3573 2936 manus
3618 2881 3847 2938 inﬁnita.

2262 2969 2496 3038 Populus
2514 2969 2691 3040 itaque
2708 2968 3017 3025 Judazorum
3035 2971 3584 3043 extimuit,conspexit
3604 2974 3855 3044 ingentes

2263 3062 2379 3117 illas
2428 3063 2631 3131 copias,
2661 3071 2717 3118 et
2758 3062 3057 3119 exhorruit.
3100 3063 3235 3133 Quid
3262 3064 3421 3136 igitur
3445 3068 3851 3125 amantissimus

2262 3153 2538 3209 hominum
2579 3154 2717 3208 Deus
2756 3168 2853 3224 per
2900 3154 3287 3224 prophetissam
3341 3155 3605 3212 Deboram
3655 3158 3848 3215 defen-

2261 3247 2370 3303 sori
2388 3247 2600 3318 pietatis
2625 3248 2868 3305 indicat?
2897 3248 2981 3305 Ne
3018 3260 3231 3317 metuas,
3258 3251 3335 3305 ait
3364 3269 3381 3306 :
3420 3268 3533 3306 ecce
3577 3252 3733 3306 tradit
3758 3254 3850 3307 tibi

2260 3341 2428 3409 ipsum
2452 3338 2704 3395 Dominus
2728 3340 2782 3395 in
2819 3358 2999 3397 manus
3024 3351 3136 3396 tuas
3167 3341 3364 3415 (ludio.
3390 3344 3445 3399 4.
3479 3344 3593 3414 14),
3615 3359 3717 3400 nec
3743 3346 3852 3400 erit

2263 3430 2469 3486 facinus
2497 3431 2623 3485 illud
2657 3448 2844 3486 manus
2873 3442 2977 3487 tuac
2998 3474 3013 3498 ,
3055 3432 3149 3488 sed
3180 3448 3369 3490 manus
3404 3434 3702 3491 muliebris.
3732 3436 3847 3491 Ad-

2262 3533 2428 3589 verte,
2458 3525 2727 3595 quomodo
2757 3527 2896 3581 Deus
2915 3526 3272 3597 arrogantiam
3312 3528 3568 3582 coercuit.
3597 3527 3709 3583 Viri
3742 3544 3851 3585 non

2262 3618 2645 3683 sustinuerant,
2676 3626 2729 3671 et
2750 3618 2942 3673 mttlier
2964 3619 3259 3674 exercitum
3278 3618 3450 3673 duxit.
3475 3618 3750 3691 Ingressus
3766 3630 3853 3677 est

2258 3710 2435 3766 Sisara
2457 3708 2525 3763 ad
2552 3709 2851 3777 mulierem,
2882 3726 3002 3780 quae
3029 3710 3143 3766 Jael
3168 3711 3464 3779 dicebatur,
3486 3724 3540 3767 et
3564 3728 3687 3767 cum
3716 3723 3852 3769 testu

2264 3800 2552 3867 laboraret,
2576 3817 2766 3873 aquam
2798 3803 2865 3856 ab
2894 3804 3004 3873 ipsa
3034 3804 3165 3873 petit
3197 3821 3211 3858 :
3240 3803 3331 3858 illa
3360 3819 3489 3859 vero
3526 3805 3608 3860 lac
3648 3806 3697 3861 ei
3725 3821 3853 3876 por-

2262 3892 2420 3946 rexit.
2474 3892 2607 3949 Vide
2629 3895 2942 3963 sapientiam
2970 3895 3228 3950 mulieris.
3257 3894 3389 3951 Cum
3416 3896 3557 3952 enim
3587 3898 3669 3953 lac
3689 3898 3850 3953 refri-

2262 3983 2483 4052 gerandi
2520 3984 2625 4038 vim
2660 3984 2930 4053 obtineat,
2953 3996 3007 4040 et
3030 4001 3276 4041 somnum
3315 3989 3585 4057 conciliet,
3606 3989 3726 4045 ideo
3767 3992 3853 4046 lae

2264 4077 2363 4148 ipsi
2417 4076 2591 4144 affert,
2618 4087 2674 4131 ut
2716 4078 2988 4147 Scriptura
3031 4094 3155 4133 vere
3199 4082 3525 4149 pronuntiat,
3548 4097 3670 4150 qua:
3716 4082 3793 4135 ait
3830 4098 3847 4136 :

2268 4175 2460 4241 Aquam
2488 4171 2551 4224 ab
2597 4171 2709 4243 ipsa
2742 4172 2909 4242 petiit,
2942 4182 2989 4224 et
3022 4172 3113 4225 illa
3137 4172 3214 4226 lac
3255 4172 3433 4226 obtulit
3459 4171 3619 4244 (Ibid.
3647 4191 3697 4227 υ.
3726 4173 3845 4244 19),

2265 4275 2321 4320 ut
2343 4265 2498 4319 simul
2529 4273 2583 4319 et
2611 4264 2755 4319 sitim
2784 4265 3156 4334 restingueret,
3188 4274 3243 4320 et
3283 4266 3611 4334 consopiret.
3648 4266 3853 4322 Deinde

2265 4359 2564 4414 dormiente
2589 4358 2904 4429 alienigena,
2949 4359 3174 4429 arripuit
3221 4359 3307 4412 illa
3337 4359 3529 4413 mulier
3555 4360 3766 4415 clavum
3796 4370 3852 4413 et

2266 4450 2537 4514 malleum,
2560 4458 2615 4504 et
2634 4449 2700 4503 ad
2731 4450 2937 4505 hostem
2960 4450 3210 4504 accurrit.
3241 4448 3370 4503 Vide
3390 4449 3704 4518 sapientiam
3730 4466 3852 4503 mu-

2265 4540 2429 4595 lieris.
2461 4539 2568 4595 Cur
2592 4540 2677 4593 illa
2699 4556 2804 4594 non
2822 4540 2993 4609 potius
3013 4540 3246 4609 gladium
3268 4550 3360 4594 aut
3389 4540 3732 4605 machaeram,
3756 4541 3857 4595 sed

2267 4633 2515 4703 paxillum
2549 4632 2808 4701 arripuit?
2851 4631 3115 4686 Metuebat
3135 4672 3151 4697 ,
3179 4633 3385 4687 scilicet
3405 4674 3419 4695 ,
3448 4642 3507 4686 ut
3536 4632 3755 4699 mulier,
3784 4648 3852 4687 ne

2267 4727 2355 4780 ille
2383 4734 2725 4794 experrectus
2768 4721 3191 4792 deprehenderet
3235 4724 3401 4790 illam,
3425 4724 3659 4792 gladium
3684 4740 3855 4778 manu

2268 4825 2556 4871 tenentem.
2590 4816 2739 4870 Hane
2777 4815 2846 4869 ob
2886 4829 3100 4869 causam
3133 4814 3219 4867 illa
3259 4816 3459 4869 nullum
3487 4816 3643 4871 virile
3686 4817 3856 4872 telum

2268 4908 2512 4974 arripuit,
2542 4906 2636 4961 sed
2676 4906 2975 4960 institutum
3021 4905 3281 4960 muliebre
3304 4906 3610 4976 assumpsit.
3668 4906 3856 4962 Solent

2267 5003 2407 5058 enim
2435 5002 2687 5056 mulieres
2707 5000 2991 5055 succinctze
3021 4999 3273 5069 paxillum
3292 4998 3344 5053 in
3367 4999 3625 5068 parietem
3650 5014 3855 5070 pange-

2268 5111 2346 5158 re,
2372 5106 2425 5149 et
2449 5095 2527 5147 sic
2546 5109 2702 5148 suum
2727 5106 2861 5161 opus
2885 5093 3158 5161 suscipere
3182 5101 3237 5147 et
3254 5090 3494 5162 aggredi.
3525 5090 3663 5146 Rem
3694 5093 3861 5163 igitur

2267 5187 2369 5239 alia
2412 5185 2495 5239 via
2538 5185 2786 5248 instituit,
2810 5192 2867 5237 ut
2885 5193 3033 5238 extra
3063 5198 3276 5239 omnem
3303 5183 3663 5253 suspicionem
3689 5194 3857 5239 esset.

2268 5278 2401 5333 Cum
2426 5291 2553 5332 vero
2583 5277 2725 5331 Deus
2754 5275 3121 5340 auxiliaretur,
3151 5275 3241 5329 Dei
3266 5290 3481 5345 quoque
3507 5283 3644 5340 erat,
3676 5290 3859 5329 oracu-

2270 5371 2376 5425 lum
2408 5369 2535 5424 illud
2557 5367 2625 5421 ad
2649 5368 2846 5421 exitum
2879 5366 3148 5421 deducere
3189 5384 3203 5420 :
3233 5380 3407 5437 neque
3432 5367 3575 5420 enim
3607 5366 3859 5421 mulieris

2270 5463 2374 5517 hoc
2421 5470 2746 5530 stratagema
2793 5467 2948 5527 erat,
2994 5458 3087 5512 sed
3120 5458 3214 5513 Dei
3241 5458 3515 5512 oraculum
3550 5458 3663 5512 :In
3702 5474 3862 5512 manu

2270 5554 2493 5608 mulieris
2520 5552 2613 5606 erit
2655 5567 2789 5605 mors
2838 5562 2924 5605 tua
2968 5548 3329 5621 (Judic.4.9).
3362 5548 3503 5604 Deus
3556 5563 3687 5619 ergo
3734 5562 3865 5603 cum

2270 5712 2472 5778 fundere
2492 5713 2539 5759 et
2561 5707 2766 5771 liquare.
2790 5721 2814 5751 ν
2844 5712 2901 5778 ut
2922 5712 3084 5778 autem
3108 5702 3255 5778 hujus
3271 5705 3583 5778 Ducaeinotae
3623 5705 3749 5778 ratio
3767 5704 3865 5778 in:-

2271 5772 2517 5835 iclligatur
2536 5808 2551 5828 ,
2575 5783 2739 5831 opera:
2763 5772 2970 5830 pretium
2994 5774 3070 5816 est
3102 5773 3273 5815 notare
3317 5772 3389 5816 sic
3432 5772 3481 5815 in
3530 5772 3674 5816 textu
3696 5772 3872 5815 Gram

2271 5838 2399 5899 legi:
2430 5849 2494 5896 ἰτὼ
2517 5848 2575 5883 καὶ
2598 5859 2665 5891 την
2685 5847 2874 5897 κηρόχυτον
2898 5842 3027 5892 τραῖἧν
3049 5841 3228 5889 ἠγάπηκα..
