4044 6306
198 342 469 402 ιω..

1309 343 1591 401 HOMILIA
1624 344 1710 399 DE
1748 346 2247 408 LEGISLATORE.

199 456 343 525 Θεοῦ,
386 456 648 529 φοϐήθητι
684 458 862 515 έκεῖνο
885 460 946 515 τὸ
964 462 1191 533 φοϐερὸν
1226 463 1416 535 ὄνομα,
1442 465 1534 519 καὶ
1560 464 1757 518 ἀπόδυο

3326 355 3432 409 408

1863 466 2090 522 διώκων
2135 470 2373 535 αὐτούς.
2412 464 2565 523 Οἶδεν
2604 470 2633 521 6
2679 468 2809 532 Θεὸς
2854 468 3140 539 διαφόρους
3178 468 3430 539 ἀφορμὰς

200 577 283 614 σαι
335 558 437 629 τὴν
487 558 683 613 κακίαν
706 599 721 625 ,
761 561 855 614 καὶ
896 561 1131 617 ἀνάλαϐε
1176 564 1275 635 τὴν
1318 564 1625 635 μετάνοιαν,
1661 566 1757 619 καὶ
1861 563 2165 631 παρασχεῖν
2184 562 2317 631 πρὸς
2337 562 2435 632 τὴν
2458 560 2565 613 τῶν
2590 559 2862 631 πολεμίων
2885 559 3223 629 καθαίρεσιν.
3252 559 3429 631 Πολλὴ

198 659 454 730 ἐγγυᾶταί
486 676 580 714 σου
604 662 638 731 ἠ
668 660 850 725 πίστις
887 663 987 734 τὴν
1022 665 1315 735 σωτηρίαν.
1346 666 1619 721 Μετάνοια
1648 667 1755 738 γὰρ

198 761 461 833 σωτηρίαν
476 763 635 827 ποιεῖ,
660 762 752 815 καὶ
774 762 880 817 τῶν
901 763 958 818 ἐν
983 764 1212 836 αἱρέσει,
1237 766 1329 819 καὶ
1348 765 1458 820 τῶν
1478 769 1535 821 ἐν
1558 771 1754 832 κακαῖς

197 862 419 933 πράξεσι
440 861 835 931 τυγχανόντων.

260 970 333 1026 ς’.
370 962 642 1016 Μετάνοια
673 962 796 1032 ῥίζα
824 964 1152 1030 θεοσεϐείας.
1184 968 1625 1041 Μετανοήσωμεν
1659 968 1752 1026 οὖν

198 1059 282 1111 καὶ
327 1058 736 1130 δυσωπήσωμεν
775 1059 867 1114 τὸν
903 1061 1035 1116 Θεὸν
1076 1065 1144 1134 τῇ
1190 1066 1479 1137 μετανοίᾳ,
1525 1067 1612 1122 ἵνα
1657 1071 1753 1123 καὶ

198 1162 456 1233 πολέμους
485 1164 744 1237 ἀφανίσῃ,
789 1167 884 1220 καὶ
916 1166 1219 1240 βαρϐάρους
1265 1170 1459 1244 σϐέσῃ,
1507 1172 1603 1225 καὶ
1641 1173 1751 1226 τῶν

196 1262 396 1336 ἐχθρῶν
441 1265 543 1329 τάς
590 1266 983 1330 ἐπαναστάσεις
1025 1268 1270 1344 θραύσῃ,
1314 1272 1408 1326 καὶ
1456 1272 1567 1344 δῴη
1619 1275 1751 1345 ἡμῖν

198 1363 408 1417 πάντων
429 1362 539 1418 τῶν
571 1363 793 1433 ἀγαθῶν
823 1365 923 1436 τὴν
951 1367 1265 1424 ἀπόλαυσιν.
1308 1372 1449 1426 Πολὺ
1499 1372 1631 1425 Θεὸν
1660 1374 1748 1440 ἐξ·

195 1464 424 1518 ιλεοῦται
460 1465 748 1537 μετάνοια,
781 1466 910 1521 ὅταν
950 1484 1034 1532 τις
1058 1470 1294 1541 γνησίως
1331 1474 1655 1548 προσδράμῃ
1681 1478 1746 1547 τῇ

197 1561 461 1633 μετανοίᾳ.
489 1560 612 1616 υἵόν
638 1581 691 1616 τι
718 1561 891 1632 λέγω·
922 1564 1173 1636 Ἥμαρτέ
1198 1583 1326 1620 ποτε
1354 1569 1382 1621 6
1410 1568 1535 1633 λαὸς
1554 1572 1601 1636 ⁸,
1629 1588 1749 1642 μετ·

190 1660 371 1733 ενόησε
400 1662 494 1715 καὶ
516 1663 796 1743 ἐδάκρυσε,
819 1664 966 1734 λέγει
995 1668 1023 1719 6
1051 1666 1182 1730 Θεός
1202 1683 1216 1698 ·
1234 1667 1487 1723 Ἀκούων
1510 1670 1748 1740 ἤκουσα

191 1762 287 1817 τοῦ
324 1765 661 1834 στεναγμοῦ
691 1766 967 1836 Ἔφραῒμ,
998 1766 1359 1838 ὀδυρομένου
1396 1757 1496 1824 καὶ
1539 1772 1747 1843 λέγον-

189 1878 313 1928 τος·
352 1864 747 1931 Ἐπαίδευσὰς
772 1882 869 1935 με,
888 1866 1079 1934 Κύριε,
1108 1866 1207 1921 καὶ
1225 1869 1335 1922 οὐκ
1366 1868 1743 1940 ἐπαιδεύθην,

185 1962 313 2016 ἀλλ’
337 1963 635 2033 ἐγενόμην
650 1964 730 2030 ὡς
745 1966 979 2035 μόσχος
998 1966 1315 2036 ἀδίδακτος
1335 1985 1349 1999 ο
1372 1970 1746 2043 ἐπίστρεψόν

182 2079 270 2131 με,
292 2064 391 2117 καὶ
409 2064 945 2136 ἐπιστραφήσομαι.
963 2070 1071 2122 Καὶ
1102 2069 1153 2123 τί
1178 2070 1313 2141 πρὸς
1342 2070 1503 2127 αὐτὸν
1526 2074 1554 2127 6
1573 2073 1739 2142 Θεός;

199 2162 331 2217 Ἀνθ’
358 2157 450 2217 ὧν
468 2168 522 2220 οἱ
549 2165 715 2235 λόγοι
738 2183 856 2235 μου
875 2167 1032 2221 εἰσὶν
1062 2167 1133 2223 ἐν
1168 2169 1347 2237 αὐτῷ,
1391 2174 1462 2227 οὐ
1484 2174 1571 2243 μὴ
1597 2175 1742 2232 ἀνα-

180 2264 599 2335 μνησθήσομαι
630 2267 836 2333 αὑτοῦ,
871 2268 971 2323 καὶ
1008 2269 1243 2337 ἐλεήσω
1283 2274 1487 2328 αὐτόν.
1538 2275 1742 2347 Μηδείς

184 2382 240 2418 σε
265 2365 530 2432 πτοείτω,
572 2367 648 2439 μὴ
688 2370 876 2441 φήμη,
939 2371 1013 2441 μὴ
1067 2372 1356 2445 βαρϐάρων
1398 2376 1614 2446 γνόφοςι
1666 2379 1741 2450 μὴ

182 2468 369 2541 ὀμίχλη
406 2470 608 2541 πολλή·
638 2470 743 2525 κᾶν
773 2471 1132 2545 ἀναρίθμητοι
1156 2469 1290 2529 ὦσιν
1314 2478 1363 2530 οί
1396 2478 1644 2550 πολέμιοι
1665 2480 1742 2552 τῷ

179 2566 402 2638 πλήθει,
457 2569 487 2623 6
525 2570 790 2642 ἡμέτερος
838 2572 1154 2646 ὑπέρμαχος
1199 2576 1562 2650 ἰσχυρότερος.
1615 2580 1740 2634 Ἐάν

175 2666 446 2743 ὰιλιάσῃς
504 2671 565 2725 τὸ
615 2671 817 2744 πλῆθος
861 2673 1209 2747 ὑφορώμενος
1232 2716 1247 2742 ,
1294 2677 1439 2748 λέγει
1499 2680 1635 2753 πρὸς
1681 2682 1740 2734 σὲ

190 2767 487 2831 Ἐλισσαῖος
519 2774 548 2826 6
578 2774 878 2845 προφήτης·
914 2770 1010 2845 Μὴ
1054 2777 1241 2845 φοϐοῦ
1260 2794 1276 2810 ’
1310 2780 1557 2847 πλείους
1582 2782 1741 2837 είσὶν

173 2870 228 2924 οί
256 2872 387 2940 μεθ’
428 2871 616 2943 ἡμῶν,
666 2874 705 2943 ἢ
736 2877 790 2929 οἱ
831 2876 958 2945 μετ’
995 2876 1211 2933 αὐτῶν.
1258 2868 1404 2934 Ἐκεῖ⁹
1449 2881 1740 2955 βαρϐάρων

171 2964 376 3037 πλῆθος
398 3008 416 3033 ,
454 2962 554 3023 ὧδε
582 2970 827 3040 ἀγγέλων
873 2972 1103 3043 φάλαγξ.
1141 2975 1261 3029 Τῶν
1310 2977 1547 3033 εὐσεϐῶν
1575 2980 1741 3053 ὑπερ-

172 3070 339 3138 μαχεῖ
384 3070 713 3138 ἀγγελικὸςδ
741 3073 999 3142 στρατὸς,
1043 3076 1336 3147 προφητῶν
1372 3078 1566 3150 χορὸς,
1600 3082 1738 3135 ἀπο-

166 3166 374 3221 στόλων
402 3168 645 3241 δύναμις,
693 3173 987 3247 μαρτύρων
1013 3176 1316 3246 πρεσϐεῖαι.
1348 3180 1440 3250 Μὴ
1471 3181 1699 3254 νομίσῃς
1720 3220 1737 3247 ,

165 3261 248 3318 δτι
282 3264 565 3337 μάρτυρες
601 3269 761 3339 μόνον
787 3270 1175 3341 πρεσϐεύουσιν
1205 3273 1345 3346 ὑπὲρ
1368 3275 1556 3346 ἡμῶν·
1598 3278 1733 3332 ἀλλά

162 3360 256 3414 καὶ
278 3362 509 3432 ἄγγελοι
536 3366 595 3417 ἐν
620 3369 738 3430 ταῖς
764 3367 1003 3438 θλίψεσιν
1033 3371 1332 3427 ἱκετεύουσι
1355 3375 1446 3428 τὸν
1465 3375 1618 3430 Θεόνο
1642 3377 1739 3430 καὶ

160 3457 223 3509 οὐ
254 3458 420 3528 μόνον
453 3461 806 3527 ἱκετεύουσιν,
851 3464 985 3519 ἀλλά
1022 3469 1116 3521 καὶ
1162 3468 1453 3541 ἀπόκρισιν
1492 3471 1736 3541 δέχονται

158 3555 310 3625 παρά
338 3556 443 3610 τοῦ
469 3557 792 3631 Εὐεργέτου.
842 3561 1003 3631 Λέγει
1046 3564 1319 3636 Ζαχαρίας
1351 3566 1380 3618 6
1416 3568 1734 3640 προφήτης·

160 3655 269 3709 Καί
312 3657 610 3727 ἀπεκρίθη
641 3662 675 3714 ό
702 3660 983 3731 ἅγγελος,
1020 3666 1053 3718 ὀ
1103 3663 1311 3719 λαλῶν
1336 3667 1406 3720 ἐν
1444 3669 1595 3738 ἐμοὶ,
1639 3670 1739 3724 καὶ

153 3750 286 3812 εἶπε
307 3760 468 3827 πρὸς
493 3761 735 3829 Κύριον.
756 3762 903 3835 Αὕτη
931 3766 965 3837 ἡ
990 3765 1121 3837 εὐχὴ
1150 3766 1244 3820 τοῦ
1276 3768 1508 3836 ἀγγέλου
1527 3785 1539 3798 ’
1559 3770 1738 3839 Κύριε

152 3860 601 3930 παντοκράτορ,
644 3862 759 3930 ἕως
789 3865 931 3919 πότε
980 3868 1053 3921 οὐ
1075 3866 1160 3935 μὴ
1205 3867 1466 3939 ἐλεήσῃς
1492 3869 1608 3939 τὴν
1636 3872 1739 3925 Ἰε-

145 3960 510 4030 ρουσαλὴμ,
540 3961 640 4015 καί
675 3965 782 4031 τὰς
807 3965 1011 4033 πόλεις
1060 3967 1265 4033 Ἰούδα,
1294 3967 1367 4035 ἃς
1391 3970 1698 4039 ὑπερεῖδες
1714 3985 1735 4035 ;

155 4056 338 4111 Τοῦτο
372 4058 829 4130 ἑϐδομηκοστὸν
870 4062 1024 4129 ἔτος.
1061 4064 1125 4117 Τί
1156 4060 1279 4131 οὗν;
1312 4066 1675 4137 ἀπεπέμψατο
1704 4069 1734 4121 6

145 4154 275 4221 Θεὸς
305 4158 416 4230 τὴν
460 4160 755 4231 πρεσϐείαν
782 4161 877 4217 τοῦ
910 4164 1177 4234 ἀγγέλου;
1210 4167 1301 4239 Μὴ
1333 4168 1569 4235 γένοιτο·
1602 4170 1737 4225 ἀλλά

144 4251 231 4319 ei;
264 4255 611 4326 Ἀπεκρίθη,
640 4259 795 4329 φησὶ,
817 4260 1030 4329 Κύριος
1058 4262 1210 4329 πρὸς
1227 4264 1333 4317 τὸν
1356 4264 1611 4335 ἄγγελον
1631 4266 1737 4320 τὸν

141 4349 469 4405 λαλοῦντα
496 4352 569 4405 ἐν
605 4352 735 4422 ἐμοὶ
762 4354 995 4425 ῥήματα
1035 4358 1463 4427 παρακλητικὰ,
1504 4362 1601 4415 καὶ
1630 4364 1733 4415 λό-

146 4459 291 4509 γους
325 4450 848 4515 παρακλητικούς.
879 4452 1355 4525 Παρακαλέσωμεν
1380 4455 1471 4509 τὸν
1494 4456 1601 4511 τῶν
1633 4459 1734 4527 ἀγ-

142 4537 317 4604 γέλων
347 4544 422 4595 Δε
432 4544 668 4614 σπότην,
698 4546 793 4599 καὶ
813 4546 911 4600 ἕνα
934 4547 1165 4617 ἄγγελον
1189 4550 1495 4617 ἀποστελεῖ,
1523 4554 1617 4609 καὶ
1638 4558 1735 4610 πᾶ-

143 4650 239 4688 σαν
266 4637 387 4691 τῶν
417 4640 687 4693 ἐναντίων
716 4640 812 4711 τὴν
841 4642 1093 4712 φάλαγγα
1129 4647 1433 4717 σκορπίσει.
1472 4648 1613 4718 Ἐγὼ
1638 4652 1732 4706 κα)⁵

138 4729 235 4802 τὴν
263 4734 592 4806 κηρόχυτον
618 4737 836 4808 γραφὴν
862 4739 1125 4811 ἠγάπησα
1155 4740 1436 4808 εὐσεϐείας
1464 4742 1612 4818 [414]
1635 4764 1734 4800 πε-

139 4829 558 4903 πληρωμένην.
586 4830 737 4887 Εἶδον
760 4836 814 4889 ἐν
841 4837 1008 4891 εἰκόνι
1034 4839 1263 4908 ἄγγελον
1291 4840 1577 4897 ἐλαύνοντα
1597 4844 1732 4917 νέφη

135 4924 475 5001 βαρϐάρων,
510 4925 650 4985 εἶδον
674 4934 987 5003 πατούμενα
1028 4935 1320 5009 βαρϐάρων
1346 4938 1508 5008 φῦλα,
1536 4941 1734 4996 καὶτὸν

130 5023 301 5077 Δαυῖδ
324 5024 679 5095 ἀληθεύοντα
700 5043 713 5056 ·
746 5025 944 5097 Κύριε,
979 5030 1050 5085 ἐν
1071 5031 1147 5101 τῇ
1171 5036 1346 5089 πόλει
1368 5050 1483 5090 σου
1508 5036 1622 5106 τὴν
1652 5038 1735 5092 ει-

129 5121 285 5177 κόνα
333 5122 560 5178 αὐτῶν
589 5123 1032 5194 ἐξουδενώσεις.
1078 5128 1297 5199 Λεγέτω
1328 5132 1420 5185 καὶ
1466 5131 1559 5187 νῦν
1604 5136 1733 5206 περὶ

124 5226 157 5290 ἠ
168 5224 291 5292 μῶν
325 5222 359 5277 6
398 5225 688 5298 μακάριος
730 5228 893 5281 Δαυῖδ
912 5244 925 5259 ·
964 5231 1283 5301 Γενηθήτω
1302 5234 1341 5302 ἠ
1369 5232 1509 5301 ὁδὸς
1535 5235 1733 5291 αὐτῶν

121 5320 359 5389 σκότος
382 5321 499 5377 καὶ
546 5322 856 5394 ὀλίσθημα,
884 5325 982 5379 καί
1011 5325 1266 5398 ἄγγελος
1297 5328 1521 5400 Κυρίου
1553 5348 1732 5387 κατα-

186 5640 215 5668 ⁸
243 5640 332 5688 Sic
356 5637 694 5687 reslituimus
714 5654 775 5689 ex
811 5641 967 5691 tribus
991 5657 1103 5692 mss.

184 5698 335 5770 ῥεια
375 5712 527 5754 unus
584 5707 736 5762 recte,
776 5712 827 5754 et
865 5706 933 5753 sic
970 5707 1092 5770 legit
1134 5706 1397 5768 interpres.
1449 5708 1545 5757 Alii
1589 5708 1759 5769 εὐαγον

118 5763 333 5821 ῖῐλιιὸς.

1858 647 1925 723 ἦν
1956 654 1989 724 ἡ
2020 652 2325 723 παράταξις
2362 652 2456 706 τοῦ
2491 653 2833 722 Σενναχηρὶμ
2862 651 3125 721 βασιλέως
3159 650 3267 703 τῶν
3305 652 3431 703 Ἀσ-

1860 743 2080 813 συρίων,
2128 744 2221 798 καὶ
2271 742 2352 808 εἷς
2385 743 2611 811 ἄγγελος
2648 743 2969 805 ἀποσταλεὶς
3011 741 3203 795 ἑκατὸν
3247 743 3429 813 6760f;-

1776 906 1781 911 Ξ
1858 852 2022 891 κοντα
2066 836 2226 889 πέντε
2266 835 2505 905 χιλιάδας
2530 834 2821 906 ἔστρωσεν.
2862 835 3049 903 Ἡμεῖς
3073 836 3121 886 οἱ
3151 834 3426 903 ἂνθρωποι

1855 927 2214 997 ἀνθρωπίνοις
2261 926 2539 996 λογισμοῖς
2579 924 2883 995 μετροῦμεν
2923 925 2991 977 τά
3038 924 3424 994 συμϐαίνοντα,

1856 1022 1948 1075 καὶ
1971 1020 2203 1090 λέγομεν
2228 1020 2349 1073 καθ’
2373 1017 2599 1081 ἑαυτούς
2618 1032 2632 1048 ’
2663 1017 2727 1069 Τί
2753 1016 2980 1086 γίνεται,
3003 1016 3096 1069 ἐὰν
3127 1015 3199 1087 μὴ
3226 1016 3423 1087 εὑρεθῇ

1855 1107 2192 1180 στρατιώτης
2211 1110 2268 1162 ὲν
2289 1110 2403 1171 τοῖς
2427 1107 2617 1178 μέρεσι
2643 1105 2850 1170 τούτοις
2872 1123 2885 1171 ;
2914 1105 3009 1158 ἐὰν
3030 1105 3159 1175 πρὶν
3188 1105 3220 1175 ἢ
3243 1106 3423 1175 φθάσῃ

1851 1202 1880 1254 6
1926 1199 2252 1271 στρατηγὸς,
2302 1200 2510 1262 πάντας
2543 1198 2893 1268 πορθήσωσι,
2923 1196 2977 1249 τί
3004 1196 3295 1264 ποιοῦμεν;
3331 1196 3423 1267 Μὴ

1851 1289 1960 1361 γὰρ
1994 1291 2177 1361 ἐπειδὴ
2223 1290 2287 1343 σὺ
2319 1289 2680 1361 προλαμϐάνῃ
2701 1327 2714 1351 ,
2750 1288 2846 1341 καὶ
2870 1287 3003 1351 Θεὸς
3045 1287 3447 1359 προλαμϐάνεο,

1851 1401 1975 1450 ται;
2010 1383 2083 1454 μὴ
2126 1383 2234 1453 γὰρ
2266 1381 2450 1454 ἐπειδὴ
2481 1383 2546 1435 σὺ
2584 1382 2683 1436 οὐκ
2714 1377 2766 1434 εἴ
2807 1378 3103 1449 πανταχοῦ,
3146 1379 3278 1442 Θεὸς
3320 1379 3421 1430 οὐκ

1849 1474 1965 1529 ἐστι
2010 1473 2315 1544 πανταχοῦ;
2350 1472 2424 1544 μὴ
2452 1472 2562 1542 γὰρ
2586 1473 2646 1525 τὸ
2679 1472 2776 1542 μὲν
2818 1472 3037 1524 δύναται
3070 1470 3221 1533 Θεὸς,
3271 1468 3332 1521 τὸ
3363 1470 3421 1523 δὲ

1848 1566 1907 1618 οὐ
1940 1564 2190 1629 δύναται;
2226 1563 2290 1615 Ἦ
2322 1562 2525 1632 ἄψυχος
2559 1562 2798 1616 θάλασσα
2837 1563 3132 1632 ὑπήκουσε,
3167 1562 3261 1615 καὶ
3290 1560 3420 1614 ἐϐύ-

1849 1659 1997 1710 θισεν
2017 1673 2032 1687 ο
2064 1658 2112 1709 οί
2140 1656 2323 1724 ἄλογοι
2358 1654 2539 1725 ίχθύες
2576 1656 2896 1726 ὑπήκουσαν
2914 1657 2979 1726 τῇ
3006 1655 3151 1726 ἄγρᾳ
3171 1656 3380 1725 Πέτρου
3401 1673 3415 1688 ·

1847 1748 1941 1801 καὶ
1972 1746 2219 1815 ἄγγελος,
2247 1746 2341 1799 ἐὰν
2367 1745 2629 1817 κελευσθῇ
2657 1786 2670 1810 ,
2700 1746 2853 1810 ὅλους
2879 1748 2977 1800 οὐκ
3002 1747 3255 1815 ἀφανίσει
3294 1748 3418 1809 τοὺς

1806 1885 1827 1897 .
1847 1838 2073 1909 ἐχθροὺς
2099 1839 2194 1909 τῆς
2220 1837 2503 1909 ἀληθείας;
2524 1838 2700 1891 Μόνον
2734 1838 3012 1909 νήφωμεν,
3046 1839 3203 1908 μόνον
3236 1856 3417 1909 παρα-

1847 1929 2184 2000 καλέσωμεν,
2217 1929 2379 1998 μόνον
2410 1928 2795 1998 ίκετεύσωμεν.
2834 1929 3082 2000 Ἐνόμισέ
3108 1946 3193 2012 τις
3217 1931 3276 1983 ἐν
3304 1932 3418 1994 τοῖς

1846 2023 2094 2095 ἀρχαίοις
2128 2022 2500 2094 στρατηλάτης
2530 2022 2779 2093 ἄριστοςο
2818 2020 2960 2089 λέγω
2998 2020 3061 2092 δὴ
3104 2020 3267 2092 κοινῷ
3294 2021 3413 2075 6V6-

1846 2134 1998 2186 ματι,
2030 2117 2117 2171 ἵνα
2137 2118 2271 2170 πᾶσι
2297 2117 2596 2190 κατάδηλος
2617 2117 2870 2188 γένηται·
2902 2117 3119 2187 ἐνόμισέ
3144 2135 3226 2181 τις
3251 2135 3416 2189 στρα-

1843 2208 2014 2278 τηγὸς
2035 2208 2143 2261 τῶν
2176 2208 2483 2277 ἀλλοφύλων
2517 2210 2544 2261 6
2580 2207 2820 2277 Σισάραο
2854 2206 3123 2277 μέμνηται
3154 2206 3209 2259 δὲ
3250 2205 3413 2260 αὑτοῦ

1845 2300 1940 2352 καὶ
1968 2298 2129 2352 Δαυῖδ
2160 2299 2333 2367 λόγων
2354 2316 2368 2329 ·
2396 2298 2663 2366 Ποίησον
2700 2296 2902 2362 αὐτοῖς
2938 2297 3016 2361 ὡς
3045 2294 3121 2363 τῇ
3152 2294 3412 2362 Μαδιάμ,

1843 2389 1942 2444 καὶ
1978 2387 2057 2454 τῷ
2096 2388 2340 2457 Σισὰρᾳ,
2388 2388 2468 2455 ὡς
2514 2386 2595 2453 τῷ
2643 2387 2860 2456 Ἰαϐεὶμ
2896 2387 2964 2439 ἐν
2999 2384 3079 2450 τῷ
3123 2384 3414 2454 χειμάρρῳ

1840 2480 2107 2537 Κισσῶν.
2147 2482 2204 2535 Ὀ
2245 2480 2449 2551 Ἰαϐεὶμ
2482 2480 2735 2550 βασιλεὺς
2773 2473 2842 2548 ἦν
2887 2477 2994 2530 τῶν
3025 2476 3355 2546 ἀλλοφύλων,
3382 2478 3411 2527 6

1841 2569 2049 2641 Σισάρα
2091 2570 2545 2642 ἀρχιστράτηγος.
2591 2564 2700 2622 Ἦν
2743 2566 2891 2639 αὑτῷ
2942 2569 3164 2639 ἅρματα
3219 2568 3413 2638 σιδηρᾶ

1841 2662 2156 2727 ὀκτακόσια,
2175 2662 2270 2715 καὶ¹
2300 2661 2501 2732 πλῆθος
2524 2661 2769 2730 ἄπειρον.
2789 2657 3059 2728 Ἐφοϐήθη
3085 2660 3113 2710 6
3144 2656 3272 2722 λαὸς
3301 2657 3410 2709 τῶν

1853 2751 2138 2815 Ἰουδαίων,
2172 2748 2278 2804 εῐδε
2314 2749 2374 2804 τὸ
2408 2751 2584 2819 νέφος,
2615 2750 2710 2803 καὶ
2753 2747 2957 2819 ἔφριξε.
2990 2747 3056 2799 Τί
3090 2743 3181 2800 οὖν
3216 2748 3245 2799 6
3291 2746 3410 2814 φιλ-

1841 2845 2124 2918 άνθρωπος
2164 2842 2295 2906 Θεὸς
2331 2841 2478 2910 λέγει
2524 2841 2612 2895 διὰ
2642 2841 2743 2911 τῆς
2783 2839 3108 2910 προφήτιδκ
3154 2838 3409 2909 Δεϐώρας

1838 2935 1917 3007 τῷ
1960 2936 2260 3005 ὑπερμάχῳ
2305 2934 2404 3004 τῆς
2453 2932 2769 2997 εὐσεϐείας;
2810 2931 2905 2999 Μὴ
2950 2928 3249 2999 φοϐηθῇς*
3280 2930 3409 2984 ἰδοὺ

1839 3025 2208 3095 παραδίδωσί
2236 3038 2334 3078 σοι
2361 3026 2547 3079 αὑτὸν
2568 3025 2781 3093 Κύριος
2803 3027 2889 3089 είς
2915 3024 3020 3088 τὰς
3044 3022 3247 3093 χεῖράς
3267 3039 3408 3085 σου,

1838 3118 1931 3173 καὶ
1960 3118 2110 3170 ἔσται
2137 3117 2198 3170 τὸ
2231 3116 2560 3187 κατόρθωμα
2596 3116 2656 3168 οὐ
2684 3115 2785 3184 τῆς
2821 3115 3000 3186 χειρός
3028 3132 3144 3177 σου,
3185 3114 3301 3166 ἀλλ’
3330 3114 3407 3176 εἰς
3480 3103 3482 3107 ’

1838 3208 2024 3278 χεῖρας
2051 3206 2326 3274 γυναικός.
2370 3205 2549 3259 Βλέπε
2578 3206 2694 3268 πῶς
2734 3206 2763 3257 6
2793 3205 2925 3269 Θεὸς
2968 3204 3063 3276 τὴν
3096 3203 3407 3269 ἀλαζονείαν

1838 3295 2118 3349 ἐκόλασεν.
2154 3295 2379 3366 ’Ἄνδρες
2404 3294 2500 3364 οὐχ
2546 3293 2879 3365 ὑπέστησαν,
2915 3294 3008 3347 καὶ
3041 3293 3177 3363 γυνὴ
3213 3296 3401 3363 ἐστραο

1836 3386 2094 3457 τήγησεν.
2148 3383 2406 3457 Εἰσῆλθεν
2443 3388 2472 3439 6
2505 3385 2712 3455 Σισάρα
2745 3384 2961 3453 φεύγων
2993 3385 3127 3455 πρὸς
3168 3383 3267 3454 τὴν
3307 3401 3404 3451 γυ-

1837 3479 1997 3531 ναῖκα
2014 3476 2157 3549 Ἰαὴλ
2182 3476 2501 3548 λεγομένην,
2524 3477 2620 3529 καὶ
2645 3476 2885 3530 καύσωνι
2904 3476 3337 3546 κατειλημμένος
3359 3478 3406 3539 ε,

1840 3568 1984 3621 αἰτεῖ
2014 3568 2145 3638 παρ’
2176 3567 2346 3637 αὐτῆς
2386 3565 2563 3639 ὖδωρ’
2612 3569 2646 3637 ἡ
2685 3566 2745 3620 δὲ
2791 3566 2995 3630 ποτίζει
3032 3566 3194 3619 αὑτὸν
3240 3565 3400 3634 γάλα.

1838 3657 1982 3728 Ὅρα
2006 3659 2197 3725 σοφίαν
2222 3657 2494 3727 γυναικός.
2534 3657 2750 3729 Ἐπειδὴ
2777 3657 2886 3728 γὰρ
2911 3653 2979 3731 ἦχ
3004 3657 3407 3726 καταψυκτικὸν

1835 3748 1895 3800 τὸ
1922 3748 2084 3817 γάλα,
2117 3749 2211 3801 καὶ
2239 3750 2317 3813 είς
2338 3748 2502 3803 ὕπνον
2532 3749 2994 3818 προκαλούμενον,
3014 3748 3219 3813 ποτίζει
3247 3749 3407 3802 αὑτὸν

1836 3839 1998 3907 γάλα,
2030 3839 2117 3893 ῖνα
2145 3839 2418 3911 ἀληθεύσῃ
2450 3841 2484 3910 ὴ
2518 3840 2709 3911 Γραφὴ
2738 3842 2771 3911 ή
2802 3841 3054 3909 λέγουσα,
3090 3841 3269 3909 ’Ύδωρ
3298 3843 3407 3895 αὺ-

1837 3929 1951 3999 τὴν
1975 3931 2186 3999 ᾔτησε,
2226 3931 2326 3986 καί
2350 3931 2504 4002 γάλα
2534 3932 2776 3997 ἔδωκεν,
2819 3934 2905 3987 ἵνα
2939 3933 3033 3987 καὶ
3063 3932 3277 4004 ποτίσῃ,
3312 3932 3408 3986 καὶ

1836 4021 2082 4095 κοιμίσῃ.
2133 4018 2267 4077 Εἶτα
2313 4021 2666 4093 κοιμηθέντος
2710 4021 2806 4075 τοῦ
2858 4021 3180 4092 ἀλλοφύλου,
3224 4022 3402 4087 ἔλαϐε,

1837 4114 2022 4185 φησὶν,
2049 4116 2082 4185 ὴ
2111 4115 2248 4185 γυνὴ
2275 4114 2454 4184 ἐκείνη
2485 4113 2764 4167 πάσσαλον
2798 4114 2893 4168 καὶ
2924 4113 3156 4185 σφῦραν,
3186 4115 3280 4169 καὶ
3302 4116 3403 4167 ἐπ-

1836 4203 2039 4275 έδραμε
2058 4204 2136 4275 τῷ
2160 4204 2422 4276 πολεμίῳ.
2449 4205 2559 4257 Καὶ
2586 4205 2687 4276 ὅρα
2712 4206 2903 4273 σοφίαν
2930 4206 3205 4274 γυναικός.
3235 4205 3333 4260 Διά
3353 4208 3406 4259 τί

1834 4301 1935 4352 οὐκ
1962 4298 2119 4350 ἔλαϐε
2152 4297 2305 4365 ξίφος
2353 4297 2386 4367 ἢ
2420 4298 2711 4367 μάχαιραν,
2745 4296 2879 4350 ἀλλά
2903 4298 3209 4364 πάσσαλον;
3248 4299 3407 4367 Ἐφο-

1837 4392 1997 4463 ϐήθη,
2025 4391 2101 4455 ὡς
2125 4390 2282 4460 γυνὴ,
2302 4390 2377 4461 μὴ
2399 4389 2624 4454 ἔξυπνος
2644 4390 2931 4460 γενόμενος
2958 4390 3237 4461 καταλάϐῃ
3257 4387 3404 4463 [415]

1836 4484 2006 4555 αὐτὴν
2024 4482 2357 4553 κατέχουσαν
2378 4480 2549 4551 ξίφος.
2575 4481 2675 4534 Διά
2699 4482 2856 4534 τοῦτο
2873 4483 2935 4535 οὐ
2962 4481 3225 4553 λαμϐάνει
3245 4481 3407 4536 ὅπλον

1835 4574 2049 4646 ἀνδρὸς,
2078 4573 2194 4627 ἀλλ’
2222 4572 2558 4644 ἐπιτήδευμα
2590 4576 2915 4641 γυναικεῖον.
2952 4573 3114 4636 Ἔθος
3142 4571 3250 4644 γάρ
3284 4576 3406 4636 ταῖς

1832 4664 2259 4737 διεζωσμέναιςά
2304 4664 2521 4734 γυναιξὶ
2553 4665 2828 4719 πάσσαλον
2855 4666 3211 4737 κατακρούειν
3241 4669 3297 4720 ἐν
3326 4666 3406 4737 τῷ

1836 4757 2019 4826 τοίχῳ,
2054 4756 2148 4809 καὶ
2176 4753 2319 4807 οὓτω
2351 4754 2589 4825 μετιέναι
2613 4752 2710 4823 τὴν
2747 4752 2877 4806 ἰδίαν
2909 4753 3189 4824 ἐργασίαν.
3223 4755 3406 4806 Κατα-

1836 4847 2088 4913 σκευάζει
2108 4843 2200 4901 οὖν
2219 4845 2326 4900 ἀπὸ
2348 4846 2441 4898 τοῦ
2458 4845 2769 4898 ἀνυπόπτου
2794 4845 2910 4899 ὁδὸν
2935 4846 3211 4917 δευτέραν.
3230 4846 3408 4899 Ἐπει-

1832 4940 1897 5010 δὴ
1927 4939 1983 4992 δὲ
2014 4942 2042 4993 6
2070 4938 2202 5003 Θεὸς
2236 4937 2565 5009 συνήργησε,
2616 4937 2708 4989 καὶ
2735 4936 2867 4989 Θεοῦ
2893 4931 2961 5006 ἦν
2990 4936 3149 5008 ἔργον
3179 4936 3401 5007 πληρῶ-

1835 5050 1924 5086 σαι
1947 5031 2018 5085 τὰ
2039 5032 2140 5103 τῆς
2182 5030 2549 5102 προφητείας⁹
2577 5031 2638 5083 οὐ
2671 5028 2779 5100 γὰρ
2812 5025 2881 5101 ἦν
2912 5030 3127 5099 ἐκείνης
3155 5028 3215 5080 τὸ
3245 5044 3405 5098 στρα-

1832 5126 2055 5196 τήγημα
2078 5163 2093 5189 ,
2130 5124 2266 5178 ἀλλά
2304 5122 2438 5177 Θεοῦ
2467 5122 2527 5176 τὸ
2575 5120 2935 5193 ἀπόφθεγμα’
2980 5120 3083 5173 Ἐν
3110 5116 3258 5185 χειρὶ
3297 5115 3404 5187 γὰρ

1832 5217 2116 5287 γυναικὸς
2151 5216 2322 5271 ἔσται
2365 5218 2398 5270 ὁ
2435 5213 2689 5280 θάνατός
2726 5229 2862 5269 σου.
2900 5212 3213 5281 Συνήργησε
3248 5207 3398 5269 Θεὸς,

1836 5314 1989 5386 ὕπνῳ
2012 5315 2177 5386 δήσας
2215 5315 2304 5368 τὸν
2330 5313 2632 5385 ἀλάστορα,
2660 5312 2753 5365 καὶ
2806 5308 3043 5363 λαϐοῦσα
3078 5307 3111 5375 ἡ
3147 5303 3282 5374 γυνὴ
3315 5302 3403 5356 τὸν

1904 5650 1922 5676 ε
1953 5645 2085 5693 Unus
2106 5643 2488 5704 κατειλημμένος,
2513 5646 2665 5691 recte.
2689 5639 2828 5688 Aiius
2851 5634 3198 5698 ἐπειλημμένος.
3226 5633 3399 5684 Morel.
3426 5642 3431 5647 '

1835 5714 1885 5758 et
1912 5707 2060 5755 Savil.
2087 5706 2445 5765 ἀπειλημμένος.

1898 5769 1925 5807 ἀ
1965 5768 2070 5818 Duo
2094 5779 2208 5816 mss.
2231 5767 2534 5831 διᾳζομέναις.
