4044 6306
655 334 764 388 409

652 449 925 505 πάσσαλον
956 452 1046 505 καί
1075 452 1171 523 τὴν
1205 453 1433 525 σφῦραν,
1473 454 1689 527 διήλασε
1723 459 1861 511 κατά
1888 461 1980 513 τοῦ
2020 460 2215 531 κροτά-

650 553 753 608 φου
782 539 943 592 αὑτοῦ
969 539 1140 603 οὕτως
1181 541 1434 611 ἰσχυρῶς,
1462 542 1536 606 ὡς
1566 544 1659 596 καὶ
1688 545 1786 615 τῆς
1815 547 1916 616 γῆς
1941 547 2209 615 ἅψασθαι·

651 625 745 677 καὶ
790 624 930 677 οὕτω
972 626 1175 695 μεταξὺ
1208 628 1315 680 τῶν
1347 629 1520 683 ποδῶν
1544 631 1641 700 τῆς
1674 633 1927 699 γυναικὸς
1953 634 2209 687 ἀπέθανε.

721 711 787 773 ζ’.
828 711 918 782 Μὴ
947 712 1121 765 λείπει
1143 714 1221 784 τῷ
1248 714 1367 785 Θεῷ
1392 717 1682 786 πρόφασις,
1704 720 1796 771 καὶ
1825 721 1913 772 ὅτε
1944 720 2209 790 βούλεται,

648 797 748 850 οὐκ
765 799 1040 867 ἐμποδίζει
1062 801 1120 853 τὸ
1154 800 1227 871 μὴ
1253 806 1503 872 παρεῖναι
1528 806 1859 875 συμμαχίαν·
1876 806 2010 859 Θεοῦ
2030 808 2211 872 ὅπλον,

648 885 782 938 Θεοῦ
818 888 1173 958 στρατιώτης,
1204 890 1337 942 Θεοῦ
1366 892 1613 962 δύναμις,
1641 894 1817 963 νεῦμα
1858 895 2017 965 μόνον
2050 896 2208 950 Θεοῦ.

648 972 738 1044 Τῷ
763 975 981 1044 Χριστῷ
1007 974 1163 1029 τοῦτο
1192 977 1433 1048 εἴπωμεν
1453 996 1465 1009 °
1493 980 1627 1033 Εἰπέ
1668 981 1827 1052 λόγῳ,
1860 984 1951 1035 καὶ
1984 1000 2212 1054 σκορπι-

655 1059 938 1130 σθήσονται
960 1064 1007 1113 oi
1028 1063 1210 1133 ἐχθροί
1242 1081 1336 1117 σου
1356 1082 1371 1096 ’
1396 1067 1517 1119 εἰπὲ
1547 1068 1708 1138 λόγῳ,
1740 1070 1833 1122 καὶ
1859 1070 2101 1140 ἐλεήσεις
2116 1072 2215 1143 τὴν

652 1147 804 1200 πόλιν
840 1165 962 1201 σου·
1004 1150 1123 1202 εἰπὲ
1151 1151 1312 1221 λόγῳ,
1346 1154 1439 1205 καὶ
1483 1155 1843 1226 οίκτειρήσεις
1885 1156 1975 1209 τὸν
2012 1158 2215 1227 κόσμον

650 1255 764 1291 σου.
799 1238 1057 1309 Εῖπωμεν
1094 1242 1270 1311 αὐτῷ’
1309 1243 1463 1298 Ἰδοὺ
1485 1248 1539 1298 οἱ
1563 1246 1764 1315 ἐχθροί
1796 1263 1913 1301 σου
1947 1249 2211 1318 ἤχησαν,

649 1326 748 1379 καὶ
779 1329 833 1379 οἱ
862 1328 1189 1395 μισοῦντές
1215 1346 1287 1383 σε
1321 1327 1473 1399 ἦραν
1493 1323 1786 1401 κεφαλήν.
1812 1336 1996 1399 Θέλεις
2026 1338 2217 1407 μαθεῖν

649 1413 744 1466 καὶ
774 1414 939 1483 ἄλλης
971 1416 1228 1483 γυναικὸς
1274 1421 1653 1491 στρατήγημα,
1685 1422 1870 1493 ἐπειδὴ
1908 1423 2064 1477 τοῦτο
2091 1426 2217 1493 ἠθέ-

648 1500 809 1569 λησεν
848 1503 877 1553 ὁ
907 1500 1069 1568 Θεός;
1110 1503 1303 1567 Ἀλλος
1338 1523 1422 1569 τις
1454 1502 1543 1577 ἦν,
1585 1507 1869 1578 Ἀὂιμελὲχ
1896 1509 2086 1587 ὄνομα,
2130 1512 2217 1563 ἀν-

649 1586 783 1637 ελὼν
800 1588 990 1641 ἐαυτοῦ
1016 1590 1283 1668 ἀδελφοὺς.
1300 1591 1683 1663 ἐϐδομήκοντα,
1700 1597 1793 1649 καὶ
1812 1586 2089 1667 κρατήσας
2111 1598 2218 1651 ἀπὸ

651 1676 752 1743 τῆς
787 1675 1038 1747 τοιαύτης
1081 1677 1527 1747 ἀδελφοκτονίας,
1564 1682 1741 1735 πάντα
1774 1682 1865 1736 τὸν
1906 1683 2031 1737 λαὸν
2079 1684 2217 1755 ἔχων

651 1760 979 1832 ὑποχείριον,
1006 1766 1365 1820 συνεπάλαισέ
1406 1786 1508 1821 τινι
1552 1769 1700 1823 πόλει
1732 1772 2091 1842 τειχομαχῶν,
2120 1775 2214 1825 καὶ

650 1846 867 1901 πάντων
911 1851 1297 1921 ναρκησάντων
1348 1855 1483 1925 πρὸς
1520 1856 1618 1926 τὴν
1662 1855 1789 1909 θέαν
1826 1857 1919 1909 τοῦ
1956 1858 2211 1929 πολέμου,

651 1935 815 1988 πάλιν
858 1937 886 1987 ὁ
921 1937 1053 2001 Θεὸς
1085 1942 1338 2008 γυναικὸς
1381 1945 1537 2015 χεῖρα
1571 1944 1865 2014 νευρὼσας,
1917 1949 2060 2000 ποιεί
2094 1966 2213 2001 τινα

648 2026 881 2091 γυναῖκα
907 2027 1136 2097 φανῆναι
1166 2029 1229 2080 ἐκ
1255 2028 1349 2081 τοῦ
1376 2031 1587 2101 τείχους
1607 2071 1622 2095 ,
1649 2034 1769 2104 ἥτις
1800 2034 2018 2105 κλάσμα
2046 2036 2211 2106 μύλου

648 2109 907 2179 λαϐοῦσα,
934 2114 1193 2191 ἐπέρριψε
1219 2120 1282 2187 τῇ
1308 2120 1513 2190 κεφαλῇ
1537 2121 1630 2174 τοῦ
1658 2122 1940 2193 τυράννου,
1964 2126 2055 2177 καὶ
2088 2142 2215 2178 σνν-

651 2199 870 2269 έτριψεν
900 2201 1061 2254 αὐτοῦ
1096 2205 1155 2256 τὸ
1192 2205 1429 2275 κρανίον.
1485 2208 1592 2260 Καὶ
1619 2210 1718 2279 ὅρα
1744 2209 1836 2262 τοῦ
1866 2212 2213 2283 ὑπερηφάνου

647 2287 746 2357 τὴν
775 2289 1009 2360 ἄμετρον
1035 2294 1230 2346 κακίαν
1258 2294 1747 2352 συναποθανοῦσαν.
1778 2299 1940 2368 Λέγει
1968 2302 2043 2370 τῷ
2078 2319 2216 2372 παρ-

650 2375 841 2429 εστῶτι
870 2377 1150 2450 δορυφόρῳ
1168 2396 1182 2411 ’
1209 2381 1444 2435 Σπὰσίιι
1482 2382 1594 2451 τὴν
1621 2384 1930 2455 μάχαιράν.
1950 2402 2087 2451 σου,
2117 2389 2215 2442 καὶ

650 2462 893 2526 πλῆξόν
927 2482 1037 2533 με,
1088 2466 1187 2518 ἵνα
1223 2467 1308 2535 μὴ
1354 2470 1599 2522 εἴπωσιο
1655 2473 1824 2540 Γυνὴ
1875 2475 2062 2527 αὐτὸν
2101 2477 2214 2531 ἀπ-

650 2550 896 2606 έκτεινε.
947 2554 1018 2606 Τὸ
1050 2556 1205 2625 σῶμα
1246 2558 1407 2609 αὐτοῦ
1453 2558 1783 2630 ἀπέθνησκε,
1835 2564 1927 2615 καὶ
1974 2565 2006 2634 ἡ
2047 2564 2217 2635 ὕπερ-

652 2640 858 2708 ηφανία
888 2639 1076 2711 ἔμενεν
1096 2659 1110 2673 ’
1137 2643 1421 2697 ἀπετίθετο
1448 2646 1545 2717 τὴν
1582 2647 1749 2718 ζωὴν,
1776 2649 1868 2701 καὶ
1889 2650 1989 2703 οὐκ
2023 2652 2213 2705 ἀπετί-

654 2726 775 2779 θετο
800 2726 898 2798 τὴν
931 2729 1251 2795 κενοδοξίαν.
1284 2732 1393 2783 Καὶ
1420 2730 1512 2783 νῦν
1556 2733 1618 2785 οὐ
1662 2732 1835 2788 λείπει
1864 2736 1941 2806 τῷ
1971 2737 2088 2808 Θεῷ
2121 2741 2216 2792 Δε-

654 2813 834 2883 ϐώρα,
868 2816 928 2867 οὐ
955 2816 1126 2869 λείπει
1156 2817 1233 2887 τῷ
1267 2817 1385 2887 Θεῷ
1438 2818 1603 2890 Ἰαήλ.
1645 2822 1880 2892 Ἐχομεν
1919 2826 2012 2878 καὶ
2058 2829 2215 2897 ἡμεῖς

652 2900 749 2968 τὴν
774 2900 933 2969 ἁγίαν
957 2902 1227 2973 Παρθένον
1249 2906 1342 2957 καὶ
1363 2906 1619 2960 Θεοτόκον
1644 2910 1859 2981 Μαρίαν
1886 2914 2215 2984 πρεσϐεύου-

656 3005 755 3042 σαν
784 2989 921 3061 ὑπὲρ
948 2992 1163 3061 ήμῶνα.
1201 2994 1263 3045 Εἰ
1297 2994 1402 3064 γὰρ
1443 2997 1475 3066 ὴ
1528 2999 1763 3068 τυχοῦσα
1806 3004 1941 3073 γυνὴ
1974 3004 2213 3076 ἐνίκησε,

657 3075 806 3147 πόσῳ
836 3077 1035 3147 μᾶλλον
1062 3081 1094 3150 ἡ
1119 3080 1211 3132 τοῦ
1237 3081 1472 3152 Χριστοῦ
1505 3084 1686 3156 μήτηρ
1722 3090 2070 3160 καταισχύνει
2091 3075 2217 3158 τοὺς

655 3164 880 3235 ἐχθροὺς
925 3167 1023 3237 τῆς
1080 3168 1370 3239 ἀληθείας;
1422 3171 1726 3226 Πανοπλίαν
1781 3177 2136 3249 ἐνδυόμενοςδ
2190 3185 2219 3236 ό

655 3251 877 3323 Ἐχθρὸς
897 3254 1109 3324 ἐνόμισε
1130 3258 1361 3324 γυναῖκα
1381 3253 1519 3313 εἷναι
1540 3260 1957 3337 χλευαζομένην,
1978 3269 2070 3323 καὶ
2093 3260 2217 3341 εὗρε

718 3559 741 3619 9
774 3553 910 3619 pnus
926 3556 1042 3619 ὑπὲρ
1062 3559 1197 3618 ἡμῶν
1220 3559 1546 3616 ἀδιαλείπτως.

662 3675 681 3685 μ
720 3618 747 3655 b
774 3616 907 3725 [361218
926 3616 1240 3681 ἐνδεδυμένος,
1284 3621 1408 3671 forte
1442 3624 1635 3673 melius.
1674 3623 1801 3673 Infra
1826 3625 1953 3674 idem
1976 3628 2215 3688 μνήματος

662 3691 802 3725 mna
862 3695 895 3725 ι.

654 3691 895 3727 απτεσυαι.

1835 319 1905 384 ΙΝ
1943 328 2272 387 HOMILIAM
2313 327 2727 399 SEQUENTEM

2160 332 2272 387 IAM
2313 327 2727 399 SEQUENTEM
3682 336 3757 395 HO

2314 459 2612 527 στρατηγὸν
2634 457 3053 527 ἀγωνιζόμενον.
3080 455 3186 508 Οὐκ
3206 453 3401 525 ἐνόμισε
3425 455 3623 524 μνήματι
3647 454 3759 507 ἅπτε·

2315 545 2456 607 σθαι,
2487 546 2580 597 καὶ
2626 544 2821 615 εὑρέθη
2865 544 3012 612 αύτῷ
3044 545 3231 612 τάφος·
3262 542 3438 612 νεκρὰν
3464 543 3665 611 ἐνόμισε,
3692 545 3761 594 καὶ

2312 632 2584 703 ἐνεκρώθη
2606 632 2694 683 ὑπ’
2714 632 3151 701 αὐτῆς.Ἐχομεν
3170 631 3261 700 τὴν
3275 631 3525 683 δέσποιναν
3554 630 3675 699 ἡμῶν
3692 630 3762 696 τὴν

2313 719 2474 785 ἁγίαν
2494 718 2710 788 Μαρίαν
2739 719 2836 789 τὴν
2869 718 3126 771 Θεοτόκον
3144 737 3156 749 ·
3180 717 3305 771 ἀλλά
3331 716 3469 787 χρεία
3494 716 3570 771 καὶ
3596 715 3766 768 ἀποστό-

2310 810 2434 865 λων.
2465 809 2717 879 Εἴπωμεν
2758 808 2973 879 Παύλῳ,
3010 806 3185 870 καθὼς
3220 803 3359 859 εἷπον
3388 808 3429 858 οἱ
3455 806 3582 858 τότε·
3612 807 3767 868 Διαϐὰς

2311 898 2397 959 εἰς
2430 895 2805 948 Μακεδονίαν
2826 895 3144 963 ,ϐοήθησον
3173 892 3323 962 ἡμῖν.
3365 892 3564 962 Ἕχομεν
3595 891 3764 943 dmori-

2313 981 2457 1044 λους,
2501 982 2574 1052 μὴ
2610 983 2985 1052 ναρκήσωμεν.
3022 980 3163 1052 [416]
3215 980 3427 1049 Ἔχομεν
3463 980 3544 1048 τὴν
3559 979 3771 1030 δέσποιναν

2314 1067 2471 1137 ἡμῶν
2500 1067 2597 1137 τὴν
2624 1069 2904 1132 Θεοτόκον,
2940 1071 3037 1138 τὴν
3069 1070 3223 1136 ἁγίαν
3254 1066 3565 1137 ἀειπαρθένον
3595 1065 3767 1133 Μαρίαν,

2318 1156 2393 1226 μὴ
2433 1154 2772 1226 ὀκνήσωμεν.
2821 1157 3057 1226 Ἔχομεν
3089 1158 3178 1209 τὸν
3223 1157 3371 1226 χορὸν
3400 1154 3497 1207 τῶν
3522 1152 3771 1224 Μαρτύρων,

2320 1241 2395 1312 μὴ
2422 1241 2843 1313 ῥᾳθυμήσωμεν.
2885 1243 2978 1313 Μὴ
3032 1243 3188 1313 μόνον
3228 1241 3569 1310 ἱκετεύσωμεν,
3605 1239 3707 1299 ἀλλ’,
3740 1239 3772 1288 εί

2315 1328 2481 1390 δοκεῖ,
2511 1329 2605 1382 καλ⁵
2628 1329 3038 1399 νηστεύσωμεν.
3073 1329 3280 1382 Βέλτιον
3308 1328 3564 1398 νηστεῦσαι
3592 1324 3775 1395 νηστείαν

2319 1414 2506 1481 πόθου,
2560 1416 2654 1467 καὶ
2696 1415 2770 1485 μὴ
2808 1415 3062 1486 νηστείαν
3104 1415 3289 1485 λιμοῦ·
3327 1414 3509 1484 βέλτιον
3555 1411 3775 1483 νηστεῦσαι

2318 1500 2568 1572 νηστείαν
2594 1502 2832 1571 ἀγάπης,
2856 1503 2951 1555 καὶ
2984 1503 3059 1573 μὴ
3088 1502 3331 1572 νηστείαν
3364 1502 3593 1569 ἀνάγκης.
3619 1497 3776 1565 Λέγειό

2320 1588 2511 1660 Σωτὴρ
2539 1590 2665 1659 περὶ
2692 1589 2799 1642 τῶν
2823 1590 3091 1661 δαιμόνων
3109 1608 3124 1621 ·
3161 1590 3228 1645 Τὸ
3256 1589 3414 1658 γένος
3440 1588 3589 1642 τοῦτο
3619 1589 3703 1639 οὐχ
3721 1585 3785 1636 ἐκ·

2322 1678 2651 1745 πορεύεται,
2702 1680 2755 1731 εί
2776 1678 2862 1748 μὴ
2888 1679 2957 1731 ἐν
2981 1676 3288 1747 προσευχῇ
3317 1678 3406 1730 καὶ
3435 1674 3660 1742 νηστείᾳ.
3688 1670 3778 1724 Διί-

2319 1782 2484 1834 μονας
2517 1765 2807 1833 φυγαδεύει
2855 1765 2987 1836 εύχὴ
3026 1766 3120 1819 καὶ
3163 1764 3393 1835 νηστεία,
3435 1763 3518 1815 καὶ
3551 1760 3782 1831 βαρϐάρους

2315 1853 2414 1904 ούκ
2440 1851 2650 1905 ἐλαύνει
2672 1869 2686 1915 ;
2716 1852 2825 1905 Καὶ
2850 1853 2949 1924 ἤδη
2977 1848 3150 1918 εἷπον,
3175 1852 3267 1905 καὶ
3294 1850 3443 1903 πάλιν
3472 1849 3620 1915 λέγω·
3646 1846 3780 1914 Παρα·

2316 1939 2631 2009 καλέσωμεν
2672 1940 2766 2011 τὴν
2793 1941 2951 2007 ἁγίαν
2977 1940 3183 2005 ἔνδοξον
3216 1937 3471 2009 Παρθένον
3491 1937 3570 1989 καὶ
3595 1932 3786 1986 Θεοτόκον

2315 2026 2535 2095 Μαρίαν
2556 2043 2571 2058 ο
2609 2027 3077 2097 παρακαλέσωμεν
3108 2028 3233 2090 τοὺς
3281 2025 3455 2093 ἁγίους
3494 2023 3573 2077 καὶ
3606 2018 3783 2080 ἐνδόξους

2314 2113 2660 2177 ἀποστόλουςο
2704 2114 3171 2184 παρακαλέσωμεν
3204 2113 3325 2175 τοὺς
3346 2110 3514 2179 ἁγίους
3554 2108 3785 2197 μάρτνραξο

2328 2199 2452 2251 Ἐάν
2484 2216 2567 2263 τις
2608 2202 2664 2251 ἐν
2696 2200 2912 2272 ἀνάγκη
2961 2200 3238 2262 καταστὰς
3285 2196 3575 2267 προσδράμῃ
3600 2192 3685 2243 τινὶ
3711 2192 3785 2240 τῶν

2315 2286 2575 2351 δυνατῶν,
2622 2286 2681 2339 οὐ
2724 2287 2977 2357 προσέχει
3013 2285 3161 2357 αὐτῷ
3190 2284 3432 2355 γνησίως.
3464 2281 3563 2352 Πρὸ
3586 2278 3783 2344 ἀνάγκης,

2324 2373 2509 2442 φησὶν,
2541 2374 2639 2425 οὐκ
2669 2373 2813 2443 ᾕδεις
2861 2390 2925 2443 με
2968 2374 3197 2443 τιμῆσαι
3232 2374 3269 2443 ἧ
3302 2369 3614 2443 θεραπεῦσαι,
3642 2364 3727 2418 ἀλλ’
3748 2364 3787 2412 ἐν

2315 2462 2380 2530 τῇ
2411 2460 2642 2533 ἀνάγκῃ.
2688 2460 3019 2524 Ἀνύποπτος
3050 2461 3183 2531 τιμὴ
3223 2461 3254 2530 ή
3297 2459 3396 2523 ἔξω
3432 2457 3660 2525 ἀνάγκης.
3699 2447 3786 2501 Ἐὰν

2316 2548 2421 2616 πρὸ
2447 2548 2690 2618 ἀνάγκης
2712 2547 3053 2621 θεραπεύσῃς
3084 2548 3176 2601 τὸν
3202 2547 3465 2617 δικαστὴν,
3484 2547 3533 2597 ἐν
3550 2546 3604 2612 τῇ
3630 2538 3785 2604 ἀνάγκη

2316 2637 2565 2706 εὑρήσεις
2614 2636 2919 2707 σύμμαχον.
2967 2632 3091 2688 Οἵδε
3134 2636 3262 2707 γὰρ,
3310 2636 3387 2689 ὅτι
3426 2634 3576 2703 ούχή
3617 2627 3787 2692 ἀνάγκη,

2318 2724 2432 2775 ἀλλ’
2466 2726 2494 2777 ὁ
2523 2722 2683 2786 πόθος
2711 2741 2769 2776 σε
2803 2724 2998 2793 ἤγαγε.
3023 2724 3315 2795 Γενώμεθα
3349 2721 3437 2777 οὖν
3462 2721 3555 2775 τῶν
3574 2714 3790 2789 μαρτύρων

2319 2814 2393 2883 μὴ
2425 2814 2481 2865 ἐν
2505 2816 2569 2884 τῇ
2607 2814 2820 2886 ἀνάγκῃ
2846 2814 3007 2883 φίλοι,
3049 2814 3165 2868 ἀλλ’
3192 2818 3249 2868 ἐν
3284 2818 3349 2886 τῇ
3376 2814 3547 2882 ἀγάπῃ
3567 2850 3578 2863 .
3601 2806 3689 2877 Πρὸ
3711 2817 3788 2898 χες

2320 2900 2515 2971 μῶνος,
2560 2900 2635 2964 ὡς
2684 2902 2741 2953 ἐν
2785 2902 3033 2973 χειμῶνι,
3086 2902 3448 2973 λυπηθῶμεν,
3479 2901 3555 2953 ἴνα
3588 2899 3789 2988 ἐνααιρυ

2315 2986 2576 3058 χειμῶνος
2604 2988 2663 3041 τδ
2705 2988 2804 3059 ἔαρ
2841 2988 3113 3059 εὕρωμεν.
3164 2989 3349 3043 Ταῦτα
3389 2989 3595 3057 λέγομεν
3622 2981 3699 3073 ei):
3726 2981 3789 3073 αὑ·

2319 3075 2661 3142 θεντοῦντες,
2705 3077 2841 3130 ἀλλά
2892 3078 3334 3150 παρακαλοῦντες
3359 3096 3372 3109 ·
3420 3077 3475 3130 οὐ
3533 3068 3793 3143 νομοθετοῦν-

2318 3180 2436 3227 τες,
2471 3163 2605 3217 ἀλλά
2650 3164 3055 3229 δυσωποῦντες
3100 3167 3417 3237 ἱκετεύομεν
3462 3163 3640 3222 πάντας
3662 3153 3790 3222 νῆψιι.

2331 3250 2535 3313 Ἱκανὸς
2562 3250 2619 3303 δέ
2653 3254 2681 3304 ὁ
2713 3251 2845 3315 Θεὸς
2893 3252 3031 3323 ὑπὲρ
3060 3256 3248 3306 πᾶσαν
3282 3252 3477 3311 πίστιν.
3522 3246 3640 3315 ὑπὲρ
3672 3238 3793 3292 πάντα

2321 3337 2497 3405 λόγον,
2521 3339 2613 3390 καὶ
2642 3340 2767 3402 τοὺς
2794 3340 3018 3410 ἐχθροὺς
3046 3342 3434 3410 καταισχῦναι,
3460 3335 3545 3389 καὶ
3566 3334 3646 3399 τὴν
3666 3330 3793 3410 οἰκον·

2326 3424 2492 3494 μένην
2535 3425 2775 3494 ἐλεῆσαι,
2809 3408 2904 3479 καί
2953 3428 3077 3490 τοὺς
3129 3408 3367 3497 βασιλεῖς
3393 3424 3615 3495 τιμῆσαι,
3633 3414 3709 3508 καὶ

2324 3511 2595 3580 βασιλείαν
2621 3513 2836 3582 στῆσαι.
2866 3514 2959 3567 καὶ
2991 3516 3090 3585 τὴν
3131 3515 3294 3569 αὐτοῦ
3316 3513 3466 3578 δόξαν
3489 3505 3736 3596 φαιδρῦγαιι
3758 3510 3797 3596 ξν

2321 3600 2538 3670 Χριστῷ
2575 3599 2748 3668 Ἰησοῦ
2794 3600 2870 3671 τῷ
2924 3602 3113 3673 Κυρίῳ
3148 3602 3324 3674 ἡμῶν,
3425 3602 3458 3670 ἡ
3487 3597 3597 3662 δόξα
3625 3593 3687 3653 εἰς
3713 3593 3796 3642 τοὺς

2320 3685 2542 3749 αἰῶνας.
2587 3687 2773 3757 Ἀμήν.

3023 3929 3781 3959 Μ

2086 4181 2462 4242 MONITUM

719 4385 869 4441 lianc
926 4388 1199 4441 lmmiliam
1248 4403 1314 4442 ex
1363 4387 1496 4443 Cod.
1559 4390 1726 4459 Regio
1769 4389 1909 4443 2M7
1957 4388 2282 4457 exseriptam
2332 4390 2482 4459 prior
2514 4391 2684 4447 edidit
2733 4388 3037 4447 Cotelerius
3080 4390 3258 4449 Tomo
3301 4395 3336 4449 5
3383 4368 3808 4446 Monumentl’td

646 4498 701 4552 p.
760 4479 1017 4544 121-157,
1070 4479 1321 4550 illamque
1376 4481 1761 4551 Chrysostomo
1806 4497 2051 4535 asserere
2081 4491 2310 4536 conatur
2362 4484 2414 4537 in
2470 4484 2636 4549 notis,
2690 4500 2744 4553 p.
2781 4483 2904 4549 558,
2938 4484 3023 4539 bis
3055 4486 3236 4541 verbis
3278 4505 3291 4539 :
3342 4505 3360 4537 ι
3390 4470 3809 4577 Orationem

645 4572 962 4641 genuinum,
998 4585 1057 4626 ut
1085 4574 1313 4640 videtur,
1345 4574 1540 4631 summi
1572 4576 1806 4631 doctoris
1832 4592 1988 4645 opus,
2018 4575 2223 4645 prolem
2256 4594 2451 4649 magno
2491 4595 2602 4634 non
2628 4579 2787 4648 plane
2816 4578 3163 4633 inﬁciendam
3206 4579 3441 4650 parenti,
3471 4573 3678 4630 habitam
3694 4564 3809 4617 ῐυιδδε

643 4664 949 4719 Antiochiae
990 4665 1119 4720 illud
1157 4668 1414 4732 ostendit,
1444 4668 1587 4739 quod
1636 4670 1703 4723 ad
1743 4668 1928 4732 ﬁnem,
1958 4678 2120 4738 prout
2160 4671 2315 4737 solet,
2364 4672 2431 4726 de
2458 4672 2731 4726 communi
2762 4681 2915 4742 patre
2948 4687 3044 4727 seu
3088 4674 3356 4742 episeopo
3408 4670 3639 4739 loquitur,
3664 4662 3813 4760 item?

644 4756 923 4811 Flaviano.
950 4757 1239 4828 Exeeptam
1264 4760 1444 4829 potius
1473 4759 1795 4815 crediderim
1832 4778 1895 4815 ex
1927 4776 2021 4815 ore
2044 4762 2364 4829 perorantis,
2402 4778 2562 4830 quam
2602 4778 2632 4817 a
2673 4779 2835 4817 manu
2868 4765 3253 4833 componentis
3287 4762 3597 4833 profectam;
3634 4755 3711 4805 IIiSj
3732 4755 3813 4814 (Ιωδ

642 4849 1024 4918 interpolatam
1071 4850 1241 4905 malit.
1282 4870 1300 4902 ι
1358 4852 1493 4917 Quia
1539 4868 1669 4907 vero
1711 4868 1820 4906 non
1854 4867 2044 4922 parum
2072 4853 2333 4907 momenti
2360 4854 2609 4908 conferre
2651 4871 2811 4924 posse
2840 4855 3056 4909 videtur
3087 4855 3158 4909 ad
3215 4852 3595 4926 explorandum
3617 4856 3663 4900 et
3690 4841 3816 4931 ιοεξιφ

643 4952 701 4998 et
728 4950 942 5012 tempus
974 4958 1083 5012 quo
1105 4943 1289 4998 habita
1318 4945 1509 5001 concio
1530 4946 1650 5011 fuit,
1679 4947 1731 5000 id
1760 4946 1904 5015 quod
1934 4961 2164 5000 numero
2202 4946 2234 5001 6
2258 4946 2325 5001 de
2349 4947 2558 5001 duabus
2585 4949 2977 5016 posterioribus
3008 4947 3239 5002 Joannis
3277 4947 3525 5019 Epistolis
3552 4926 3817 5037 dicitur..th

643 5048 827 5094 notam
857 5038 1107 5093 Cotelerii
1153 5040 1209 5092 in
1262 5040 1440 5094 locum
1470 5041 1620 5095 illum
1663 5042 1899 5110 adjicere
1940 5041 2115 5096 visum
2154 5051 2239 5097 est

2220 5051 2257 5096 t.
2320 5061 2339 5093 ι
2370 5042 2493 5095 Τῶν
2513 5042 2570 5095 δὲ
2594 5042 3123 5114 ἐκκλησιαζομένων.
3179 5046 3320 5101 Nota
3365 5044 3629 5113 diligenter
3666 5034 3816 5096 insigne

644 5135 1045 5201 testimonium;
1074 5144 1133 5189 ut
1159 5144 1433 5205 quaeratur
1462 5152 1530 5190 an
1565 5146 1620 5191 et
1648 5153 1757 5206 quo
1799 5137 1961 5191 modo
1996 5137 2051 5191 in
2079 5139 2246 5193 variis
2266 5139 2421 5194 Joan.
2462 5139 2829 5210 Chrysos‘tomi
2873 5142 3129 5210 operibus
3164 5143 3410 5197 citentur
3436 5130 3819 5233 Epistola!

643 5230 817 5284 riores
840 5229 1085 5295 Joannis,
1115 5246 1251 5301 quas
1282 5230 1350 5285 ab
1375 5231 1611 5301 antiquis
1638 5232 1691 5286 in
1716 5248 1925 5287 canone
1949 5232 2351 5304 Scripturarum
2377 5236 2581 5304 positas
2612 5250 2718 5289 non
2751 5235 2935 5298 fuisse,
2993 5252 3093 5291 nec
3124 5236 3330 5292 Joanni
3372 5233 3604 5307 apostolo
3634 5222 3819 5281 tribulis.

643 5322 797 5376 testis
841 5330 927 5376 est
958 5322 1198 5392 locuples
1226 5322 1493 5379 Eusebius
1526 5324 1562 5377 Ι.
1594 5324 1647 5387 5,
1694 5339 1813 5394 cap.
1846 5324 1935 5392 25,
1967 5341 2029 5380 ac
2059 5336 2181 5396 post
2209 5342 2333 5383 eum
2373 5327 2731 5397 Hieronymus
2762 5326 2816 5379 in
2841 5325 3114 5395 Catalogo,
3146 5337 3205 5383 et
3234 5326 3599 5384 OEeumenius
3632 5320 3678 5371 in
3705 5309 3822 5404 (ἶοξπῗ

641 5415 948 5469 mentariis.
976 5415 1285 5481 Quinetiam
1312 5416 1548 5487 viguisse
1585 5432 1707 5471 eam
1748 5419 2172 5474 controversiam
2204 5420 2346 5473 circa
2387 5429 2629 5490 tempora
2676 5419 2900 5474 Joannis
2944 5421 3117 5475 nostri
3163 5421 3502 5492 signiﬁcatur
3540 5429 3627 5487 per
3652 5400 3822 5492 Amph"

643 5506 880 5563 lochium
916 5509 972 5563 in
1003 5511 1200 5567 lambis
1238 5512 1306 5566 ad
1349 5510 1659 5579 Seleucum,
1704 5528 1909 5583 perque
1941 5513 2376 5586 Topograpliiam
2423 5514 2808 5579 Christianam,
2840 5530 3001 5584 quam
3032 5515 3166 5569 citat
3216 5490 3448 5568 Allatius
3499 5510 3694 5564 Dissert.
3737 5490 3823 5549 ίάε

644 5596 796 5652 libris
824 5602 1210 5659 ecclesiasticis
1236 5604 1569 5660 Graecorum.
1603 5624 1623 5657 ι

715 5691 852 5748 Tres
886 5694 1139 5764 Epistolas
1188 5708 1396 5754 tantum
1440 5698 1721 5756 catholica
1765 5710 2260 5758 commemorantur
2289 5716 2449 5771 supra
2483 5699 2536 5755 in
2574 5699 2802 5771 Synopsi
2842 5700 3241 5777 Chrysostomi,
3286 5713 3484 5768 nempe
3511 5688 3696 5751 Jacobi.
3722 5680 3823 5735 Ρειη
