  <div class='ocr_page' id='page_1' title='image "/cluster/home/n/w/nwhite01/storage/ocr_20150623/56/mdp.39015028574351/402.png"; bbox 0 0 4074 6308; ppageno 0'>
   <div class='ocr_carea' id='block_1_1' title="bbox 279 342 377 399">
    <p class='ocr_par' dir='ltr' id='par_1_1' title="bbox 279 342 377 399">
     <span class='ocr_line' id='line_1_1' title="bbox 279 342 377 399; baseline -0.02 0"><span class='ocrx_word' id='word_1_1' title='bbox 279 342 377 399; x_wconf 73' lang='grc'><strong>409</strong></span> 
     </span>
    </p>
   </div>
   <div class='ocr_carea' id='block_1_2' title="bbox 275 446 1841 515">
    <p class='ocr_par' dir='ltr' id='par_1_2' title="bbox 275 446 1841 515">
     <span class='ocr_line' id='line_1_2' title="bbox 275 446 1841 515; baseline -0.008 -2"><span class='ocrx_word' id='word_1_2' title='bbox 275 456 585 515; x_wconf 74' lang='lat' dir='ltr'><strong>administer</strong></span> <span class='ocrx_word' id='word_1_3' title='bbox 610 453 749 509; x_wconf 89' lang='lat' dir='ltr'><strong>illius</strong></span> <span class='ocrx_word' id='word_1_4' title='bbox 770 452 1019 508; x_wconf 81' lang='lat' dir='ltr'><strong>facinoris</strong></span> <span class='ocrx_word' id='word_1_5' title='bbox 1044 458 1206 513; x_wconf 88' lang='lat' dir='ltr'><strong>esset,</strong></span> <span class='ocrx_word' id='word_1_6' title='bbox 1229 462 1417 504; x_wconf 81' lang='lat' dir='ltr'><strong>somno</strong></span> <span class='ocrx_word' id='word_1_7' title='bbox 1447 446 1656 503; x_wconf 78' lang='lat' dir='ltr'><strong>hostem</strong></span> <span class='ocrx_word' id='word_1_8' title='bbox 1694 447 1841 502; x_wconf 90' lang='lat' dir='ltr'><strong>illum</strong></span> 
     </span>
    </p>
   </div>
   <div class='ocr_carea' id='block_1_3' title="bbox 276 538 1849 614">
    <p class='ocr_par' dir='ltr' id='par_1_3' title="bbox 276 538 1849 614">
     <span class='ocr_line' id='line_1_3' title="bbox 276 538 1849 614; baseline -0.007 -10"><span class='ocrx_word' id='word_1_9' title='bbox 276 549 511 607; x_wconf 72' lang='lat' dir='ltr'><strong>devinxit</strong></span> <span class='ocrx_word' id='word_1_10' title='bbox 536 566 552 603; x_wconf 90' lang='lat'><strong>:</strong></span> <span class='ocrx_word' id='word_1_11' title='bbox 577 555 635 602; x_wconf 91' lang='lat' dir='ltr'><strong>et</strong></span> <span class='ocrx_word' id='word_1_12' title='bbox 655 546 870 609; x_wconf 78' lang='lat' dir='ltr'><strong>mulier,</strong></span> <span class='ocrx_word' id='word_1_13' title='bbox 894 544 1090 614; x_wconf 81' lang='lat' dir='ltr'><strong>paxillo</strong></span> <span class='ocrx_word' id='word_1_14' title='bbox 1114 551 1325 611; x_wconf 89' lang='lat' dir='ltr'><strong>arrepto</strong></span> <span class='ocrx_word' id='word_1_15' title='bbox 1362 549 1414 596; x_wconf 89' lang='lat' dir='ltr'><strong>et</strong></span> <span class='ocrx_word' id='word_1_16' title='bbox 1444 540 1657 605; x_wconf 91' lang='lat' dir='ltr'><strong>malleo,</strong></span> <span class='ocrx_word' id='word_1_17' title='bbox 1672 538 1849 610; x_wconf 85' lang='lat' dir='ltr'><strong>adegit</strong></span> 
     </span>
    </p>
   </div>
   <div class='ocr_carea' id='block_1_4' title="bbox 278 634 1845 713">
    <p class='ocr_par' dir='ltr' id='par_1_4' title="bbox 278 634 1845 713">
     <span class='ocr_line' id='line_1_4' title="bbox 278 634 1845 713; baseline -0.007 -16"><span class='ocrx_word' id='word_1_18' title='bbox 278 659 369 713; x_wconf 88' lang='lat' dir='ltr'><strong>per</strong></span> <span class='ocrx_word' id='word_1_19' title='bbox 411 649 653 709; x_wconf 84' lang='lat' dir='ltr'><strong>tempora</strong></span> <span class='ocrx_word' id='word_1_20' title='bbox 692 639 797 691; x_wconf 87' lang='lat' dir='ltr'><strong>ictu</strong></span> <span class='ocrx_word' id='word_1_21' title='bbox 844 648 950 690; x_wconf 90' lang='lat' dir='ltr'><strong>tam</strong></span> <span class='ocrx_word' id='word_1_22' title='bbox 993 635 1150 699; x_wconf 89' lang='lat' dir='ltr'><strong>forti,</strong></span> <span class='ocrx_word' id='word_1_23' title='bbox 1180 643 1237 688; x_wconf 91' lang='lat' dir='ltr'><strong>ut</strong></span> <span class='ocrx_word' id='word_1_24' title='bbox 1266 634 1423 689; x_wconf 89' lang='lat' dir='ltr'><strong>etiam</strong></span> <span class='ocrx_word' id='word_1_25' title='bbox 1457 641 1649 687; x_wconf 89' lang='lat' dir='ltr'><strong>terram</strong></span> <span class='ocrx_word' id='word_1_26' title='bbox 1680 646 1845 700; x_wconf 88' lang='lat' dir='ltr'><strong>pene-</strong></span> 
     </span>
    </p>
   </div>
   <div class='ocr_carea' id='block_1_5' title="bbox 276 723 1846 799">
    <p class='ocr_par' dir='ltr' id='par_1_5' title="bbox 276 723 1846 799">
     <span class='ocr_line' id='line_1_5' title="bbox 276 723 1846 799; baseline -0.006 -13"><span class='ocrx_word' id='word_1_27' title='bbox 276 741 438 786; x_wconf 89' lang='lat' dir='ltr'><strong>traret</strong></span> <span class='ocrx_word' id='word_1_28' title='bbox 467 748 479 783; x_wconf 89' lang='lat'><strong>:</strong></span> <span class='ocrx_word' id='word_1_29' title='bbox 510 740 566 786; x_wconf 91' lang='lat' dir='ltr'><strong>et</strong></span> <span class='ocrx_word' id='word_1_30' title='bbox 592 729 668 785; x_wconf 90' lang='lat' dir='ltr'><strong>sic</strong></span> <span class='ocrx_word' id='word_1_31' title='bbox 692 728 908 799; x_wconf 87' lang='lat' dir='ltr'><strong>quidem</strong></span> <span class='ocrx_word' id='word_1_32' title='bbox 948 727 1037 782; x_wconf 90' lang='lat' dir='ltr'><strong>ille</strong></span> <span class='ocrx_word' id='word_1_33' title='bbox 1083 727 1218 780; x_wconf 92' lang='lat' dir='ltr'><strong>intra</strong></span> <span class='ocrx_word' id='word_1_34' title='bbox 1249 724 1412 795; x_wconf 86' lang='lat' dir='ltr'><strong>pedes</strong></span> <span class='ocrx_word' id='word_1_35' title='bbox 1442 723 1679 779; x_wconf 87' lang='lat' dir='ltr'><strong>mulieris</strong></span> <span class='ocrx_word' id='word_1_36' title='bbox 1703 738 1846 777; x_wconf 88' lang='lat' dir='ltr'><strong>mor-</strong></span> 
     </span>
    </p>
   </div>
   <div class='ocr_carea' id='block_1_6' title="bbox 278 832 520 881">
    <p class='ocr_par' dir='ltr' id='par_1_6' title="bbox 278 832 520 881">
     <span class='ocr_line' id='line_1_6' title="bbox 278 832 520 881; baseline -0.025 0"><span class='ocrx_word' id='word_1_37' title='bbox 278 837 395 881; x_wconf 75' lang='lat' dir='ltr'><strong>lUllS</strong></span> <span class='ocrx_word' id='word_1_38' title='bbox 417 832 520 879; x_wconf 68' lang='grc' dir='ltr'><strong>εει.</strong></span> 
     </span>
    </p>
   </div>
   <div class='ocr_carea' id='block_1_7' title="bbox 344 905 1841 976">
    <p class='ocr_par' dir='ltr' id='par_1_7' title="bbox 344 905 1841 976">
     <span class='ocr_line' id='line_1_7' title="bbox 344 905 1841 976; baseline -0.011 -3"><span class='ocrx_word' id='word_1_39' title='bbox 344 918 395 973; x_wconf 85' lang='lat'><strong>7.</strong></span> <span class='ocrx_word' id='word_1_40' title='bbox 436 914 554 969; x_wconf 90' lang='lat' dir='ltr'><strong>Non</strong></span> <span class='ocrx_word' id='word_1_41' title='bbox 597 912 792 967; x_wconf 83' lang='lat' dir='ltr'><strong>desunt</strong></span> <span class='ocrx_word' id='word_1_42' title='bbox 835 911 942 964; x_wconf 92' lang='lat' dir='ltr'><strong>Deo</strong></span> <span class='ocrx_word' id='word_1_43' title='bbox 981 909 1309 971; x_wconf 90' lang='lat' dir='ltr'><strong>occasiones,</strong></span> <span class='ocrx_word' id='word_1_44' title='bbox 1340 916 1538 962; x_wconf 92' lang='lat' dir='ltr'><strong>etcum</strong></span> <span class='ocrx_word' id='word_1_45' title='bbox 1570 907 1683 976; x_wconf 90' lang='lat' dir='ltr'><strong>ipse</strong></span> <span class='ocrx_word' id='word_1_46' title='bbox 1709 905 1841 969; x_wconf 84' lang='lat' dir='ltr'><strong>vult,</strong></span> 
     </span>
    </p>
   </div>
   <div class='ocr_carea' id='block_1_8' title="bbox 279 999 1842 1065">
    <p class='ocr_par' dir='ltr' id='par_1_8' title="bbox 279 999 1842 1065">
     <span class='ocr_line' id='line_1_8' title="bbox 279 999 1842 1065; baseline -0.006 -1"><span class='ocrx_word' id='word_1_47' title='bbox 279 1007 403 1065; x_wconf 80' lang='lat' dir='ltr'><strong>nihil</strong></span> <span class='ocrx_word' id='word_1_48' title='bbox 448 1006 612 1061; x_wconf 79' lang='lat' dir='ltr'><strong>refert</strong></span> <span class='ocrx_word' id='word_1_49' title='bbox 658 1018 756 1059; x_wconf 91' lang='lat' dir='ltr'><strong>nos</strong></span> <span class='ocrx_word' id='word_1_50' title='bbox 804 1003 963 1057; x_wconf 88' lang='lat' dir='ltr'><strong>etiam</strong></span> <span class='ocrx_word' id='word_1_51' title='bbox 1009 1002 1277 1055; x_wconf 90' lang='lat' dir='ltr'><strong>sociorum</strong></span> <span class='ocrx_word' id='word_1_52' title='bbox 1324 1000 1536 1055; x_wconf 80' lang='lat' dir='ltr'><strong>auxiliis</strong></span> <span class='ocrx_word' id='word_1_53' title='bbox 1584 999 1842 1055; x_wconf 88' lang='lat' dir='ltr'><strong>destitui:</strong></span> 
     </span>
    </p>
   </div>
   <div class='ocr_carea' id='block_1_9' title="bbox 278 1090 1846 1157">
    <p class='ocr_par' dir='ltr' id='par_1_9' title="bbox 278 1090 1846 1157">
     <span class='ocr_line' id='line_1_9' title="bbox 278 1090 1846 1157; baseline -0.006 -5"><span class='ocrx_word' id='word_1_54' title='bbox 278 1097 368 1153; x_wconf 81' lang='lat' dir='ltr'><strong>Dei</strong></span> <span class='ocrx_word' id='word_1_55' title='bbox 415 1111 582 1157; x_wconf 89' lang='lat' dir='ltr'><strong>arma,</strong></span> <span class='ocrx_word' id='word_1_56' title='bbox 628 1094 725 1148; x_wconf 87' lang='lat' dir='ltr'><strong>Dei</strong></span> <span class='ocrx_word' id='word_1_57' title='bbox 759 1094 928 1151; x_wconf 85' lang='lat' dir='ltr'><strong>miles.</strong></span> <span class='ocrx_word' id='word_1_58' title='bbox 960 1092 1051 1146; x_wconf 90' lang='lat' dir='ltr'><strong>Dei</strong></span> <span class='ocrx_word' id='word_1_59' title='bbox 1104 1092 1291 1154; x_wconf 91' lang='lat' dir='ltr'><strong>virtus,</strong></span> <span class='ocrx_word' id='word_1_60' title='bbox 1347 1091 1493 1145; x_wconf 91' lang='lat' dir='ltr'><strong>solus</strong></span> <span class='ocrx_word' id='word_1_61' title='bbox 1542 1100 1699 1145; x_wconf 89' lang='lat' dir='ltr'><strong>nutus</strong></span> <span class='ocrx_word' id='word_1_62' title='bbox 1749 1090 1846 1144; x_wconf 91' lang='lat' dir='ltr'><strong>Dei</strong></span> 
     </span>
    </p>
   </div>
   <div class='ocr_carea' id='block_1_10' title="bbox 274 1181 1847 1254">
    <p class='ocr_par' dir='ltr' id='par_1_10' title="bbox 274 1181 1847 1254">
     <span class='ocr_line' id='line_1_10' title="bbox 274 1181 1847 1254; baseline -0.005 -13"><span class='ocrx_word' id='word_1_63' title='bbox 274 1188 448 1241; x_wconf 87' lang='lat' dir='ltr'><strong>omnia</strong></span> <span class='ocrx_word' id='word_1_64' title='bbox 479 1193 717 1254; x_wconf 86' lang='lat' dir='ltr'><strong>possunt.</strong></span> <span class='ocrx_word' id='word_1_65' title='bbox 744 1184 854 1237; x_wconf 89' lang='lat' dir='ltr'><strong>Hoc</strong></span> <span class='ocrx_word' id='word_1_66' title='bbox 873 1182 1081 1237; x_wconf 87' lang='lat' dir='ltr'><strong>Christo</strong></span> <span class='ocrx_word' id='word_1_67' title='bbox 1111 1182 1349 1235; x_wconf 84' lang='lat' dir='ltr'><strong>dicamus</strong></span> <span class='ocrx_word' id='word_1_68' title='bbox 1374 1197 1387 1232; x_wconf 91' lang='lat'>:</span> <span class='ocrx_word' id='word_1_69' title='bbox 1414 1181 1507 1234; x_wconf 90' lang='lat' dir='ltr'><strong>Dic</strong></span> <span class='ocrx_word' id='word_1_70' title='bbox 1528 1181 1767 1242; x_wconf 88' lang='lat' dir='ltr'><strong>verbum,</strong></span> <span class='ocrx_word' id='word_1_71' title='bbox 1792 1188 1847 1233; x_wconf 89' lang='lat' dir='ltr'><strong>et</strong></span> 
     </span>
    </p>
   </div>
   <div class='ocr_carea' id='block_1_11' title="bbox 281 1270 1844 1343">
    <p class='ocr_par' dir='ltr' id='par_1_11' title="bbox 281 1270 1844 1343">
     <span class='ocr_line' id='line_1_11' title="bbox 281 1270 1844 1343; baseline -0.003 -14"><span class='ocrx_word' id='word_1_72' title='bbox 281 1278 455 1331; x_wconf 79' lang='lat' dir='ltr'><strong>hostes</strong></span> <span class='ocrx_word' id='word_1_73' title='bbox 482 1276 554 1330; x_wconf 92' lang='lat' dir='ltr'><strong>tui</strong></span> <span class='ocrx_word' id='word_1_74' title='bbox 574 1274 976 1343; x_wconf 90' lang='lat' dir='ltr'><strong>dissipabuntur</strong></span> <span class='ocrx_word' id='word_1_75' title='bbox 1002 1290 1015 1324; x_wconf 89' lang='lat'><strong>:</strong></span> <span class='ocrx_word' id='word_1_76' title='bbox 1045 1272 1130 1326; x_wconf 91' lang='lat' dir='ltr'><strong>dic</strong></span> <span class='ocrx_word' id='word_1_77' title='bbox 1165 1273 1407 1334; x_wconf 84' lang='lat' dir='ltr'><strong>verbum,</strong></span> <span class='ocrx_word' id='word_1_78' title='bbox 1440 1279 1494 1325; x_wconf 91' lang='lat' dir='ltr'><strong>et</strong></span> <span class='ocrx_word' id='word_1_79' title='bbox 1538 1270 1844 1325; x_wconf 88' lang='lat' dir='ltr'><strong>misericor-</strong></span> 
     </span>
    </p>
   </div>
   <div class='ocr_carea' id='block_1_12' title="bbox 276 1361 1843 1428">
    <p class='ocr_par' dir='ltr' id='par_1_12' title="bbox 276 1361 1843 1428">
     <span class='ocr_line' id='line_1_12' title="bbox 276 1361 1843 1428; baseline -0.006 -4"><span class='ocrx_word' id='word_1_80' title='bbox 276 1370 358 1425; x_wconf 86' lang='lat' dir='ltr'><strong>dia</strong></span> <span class='ocrx_word' id='word_1_81' title='bbox 408 1369 675 1424; x_wconf 87' lang='lat' dir='ltr'><strong>civitatem</strong></span> <span class='ocrx_word' id='word_1_82' title='bbox 709 1375 854 1422; x_wconf 90' lang='lat' dir='ltr'><strong>tuam</strong></span> <span class='ocrx_word' id='word_1_83' title='bbox 905 1366 1101 1420; x_wconf 87' lang='lat' dir='ltr'><strong>aflicies</strong></span> <span class='ocrx_word' id='word_1_84' title='bbox 1135 1383 1147 1416; x_wconf 89' lang='lat'><strong>:</strong></span> <span class='ocrx_word' id='word_1_85' title='bbox 1181 1364 1265 1419; x_wconf 89' lang='lat' dir='ltr'><strong>die</strong></span> <span class='ocrx_word' id='word_1_86' title='bbox 1312 1364 1552 1428; x_wconf 87' lang='lat' dir='ltr'><strong>verbum,</strong></span> <span class='ocrx_word' id='word_1_87' title='bbox 1583 1373 1637 1417; x_wconf 90' lang='lat' dir='ltr'><strong>et</strong></span> <span class='ocrx_word' id='word_1_88' title='bbox 1665 1361 1843 1416; x_wconf 92' lang='lat' dir='ltr'><strong>mundi</strong></span> 
     </span>
    </p>
   </div>
   <div class='ocr_carea' id='block_1_13' title="bbox 280 1455 1845 1521">
    <p class='ocr_par' dir='ltr' id='par_1_13' title="bbox 280 1455 1845 1521">
     <span class='ocr_line' id='line_1_13' title="bbox 280 1455 1845 1521; baseline -0.006 -7"><span class='ocrx_word' id='word_1_89' title='bbox 280 1462 352 1515; x_wconf 91' lang='lat' dir='ltr'><strong>tui</strong></span> <span class='ocrx_word' id='word_1_90' title='bbox 393 1459 756 1516; x_wconf 86' lang='lat' dir='ltr'><strong>misereberis.</strong></span> <span class='ocrx_word' id='word_1_91' title='bbox 788 1459 1034 1511; x_wconf 76' lang='lat' dir='ltr'><strong>Dicamus</strong></span> <span class='ocrx_word' id='word_1_92' title='bbox 1081 1456 1189 1521; x_wconf 89' lang='lat' dir='ltr'><strong>illi,</strong></span> <span class='ocrx_word' id='word_1_93' title='bbox 1225 1455 1355 1509; x_wconf 83' lang='lat' dir='ltr'><strong>Ecce</strong></span> <span class='ocrx_word' id='word_1_94' title='bbox 1380 1456 1543 1508; x_wconf 78' lang='lat' dir='ltr'><strong>hostes</strong></span> <span class='ocrx_word' id='word_1_95' title='bbox 1568 1455 1639 1507; x_wconf 87' lang='lat' dir='ltr'><strong>tui</strong></span> <span class='ocrx_word' id='word_1_96' title='bbox 1665 1469 1845 1507; x_wconf 80' lang='lat' dir='ltr'><strong>sonue-</strong></span> 
     </span>
    </p>
   </div>
   <div class='ocr_carea' id='block_1_14' title="bbox 277 1544 1840 1621">
    <p class='ocr_par' dir='ltr' id='par_1_14' title="bbox 277 1544 1840 1621">
     <span class='ocr_line' id='line_1_14' title="bbox 277 1544 1840 1621; baseline -0.006 -15"><span class='ocrx_word' id='word_1_97' title='bbox 277 1562 411 1615; x_wconf 84' lang='lat' dir='ltr'><strong>runt,</strong></span> <span class='ocrx_word' id='word_1_98' title='bbox 436 1564 483 1606; x_wconf 85' lang='lat' dir='ltr'><strong>et</strong></span> <span class='ocrx_word' id='word_1_99' title='bbox 507 1552 592 1621; x_wconf 90' lang='lat' dir='ltr'><strong>qui</strong></span> <span class='ocrx_word' id='word_1_100' title='bbox 614 1560 660 1603; x_wconf 88' lang='lat' dir='ltr'><strong>te</strong></span> <span class='ocrx_word' id='word_1_101' title='bbox 680 1549 909 1613; x_wconf 85' lang='lat' dir='ltr'><strong>oderunt,</strong></span> <span class='ocrx_word' id='word_1_102' title='bbox 941 1548 1246 1601; x_wconf 72' lang='lat' dir='ltr'><strong>citstulerunt</strong></span> <span class='ocrx_word' id='word_1_103' title='bbox 1266 1556 1415 1616; x_wconf 84' lang='lat' dir='ltr'><strong>caput</strong></span> <span class='ocrx_word' id='word_1_104' title='bbox 1449 1546 1617 1618; x_wconf 86' lang='lat' dir='ltr'><strong>(Psal.</strong></span> <span class='ocrx_word' id='word_1_105' title='bbox 1651 1545 1738 1600; x_wconf 71' lang='lat'><strong>82.</strong></span> <span class='ocrx_word' id='word_1_106' title='bbox 1763 1544 1840 1614; x_wconf 80' lang='lat'><strong>&#39;5).</strong></span> 
     </span>
    </p>
   </div>
   <div class='ocr_carea' id='block_1_15' title="bbox 281 1637 1845 1707">
    <p class='ocr_par' dir='ltr' id='par_1_15' title="bbox 281 1637 1845 1707">
     <span class='ocr_line' id='line_1_15' title="bbox 281 1637 1845 1707; baseline -0.003 -12"><span class='ocrx_word' id='word_1_107' title='bbox 281 1644 435 1697; x_wconf 79' lang='lat' dir='ltr'><strong>V’isne</strong></span> <span class='ocrx_word' id='word_1_108' title='bbox 461 1642 678 1697; x_wconf 89' lang='lat' dir='ltr'><strong>alterius</strong></span> <span class='ocrx_word' id='word_1_109' title='bbox 719 1641 956 1695; x_wconf 89' lang='lat' dir='ltr'><strong>ediscere</strong></span> <span class='ocrx_word' id='word_1_110' title='bbox 983 1640 1221 1693; x_wconf 86' lang='lat' dir='ltr'><strong>mulieris</strong></span> <span class='ocrx_word' id='word_1_111' title='bbox 1248 1648 1587 1707; x_wconf 86' lang='lat' dir='ltr'><strong>stratagema,</strong></span> <span class='ocrx_word' id='word_1_112' title='bbox 1612 1637 1751 1706; x_wconf 89' lang='lat' dir='ltr'><strong>quod</strong></span> <span class='ocrx_word' id='word_1_113' title='bbox 1792 1645 1845 1691; x_wconf 89' lang='lat' dir='ltr'><strong>et</strong></span> 
     </span>
    </p>
   </div>
   <div class='ocr_carea' id='block_1_16' title="bbox 279 1730 1844 1804">
    <p class='ocr_par' dir='ltr' id='par_1_16' title="bbox 279 1730 1844 1804">
     <span class='ocr_line' id='line_1_16' title="bbox 279 1730 1844 1804; baseline -0.002 -16"><span class='ocrx_word' id='word_1_114' title='bbox 279 1737 445 1804; x_wconf 90' lang='lat' dir='ltr'><strong>ipsum</strong></span> <span class='ocrx_word' id='word_1_115' title='bbox 486 1734 665 1789; x_wconf 90' lang='lat' dir='ltr'><strong>divina</strong></span> <span class='ocrx_word' id='word_1_116' title='bbox 709 1736 981 1788; x_wconf 86' lang='lat' dir='ltr'><strong>voluntate</strong></span> <span class='ocrx_word' id='word_1_117' title='bbox 1028 1740 1387 1801; x_wconf 82' lang='lat' dir='ltr'><strong>perpetratum</strong></span> <span class='ocrx_word' id='word_1_118' title='bbox 1413 1732 1526 1785; x_wconf 86' lang='lat' dir='ltr'><strong>est?</strong></span> <span class='ocrx_word' id='word_1_119' title='bbox 1553 1730 1682 1785; x_wconf 90' lang='lat' dir='ltr'><strong>Erat</strong></span> <span class='ocrx_word' id='word_1_120' title='bbox 1707 1730 1844 1785; x_wconf 89' lang='lat' dir='ltr'><strong>alius</strong></span> 
     </span>
    </p>
   </div>
   <div class='ocr_carea' id='block_1_17' title="bbox 276 1821 1844 1895">
    <p class='ocr_par' dir='ltr' id='par_1_17' title="bbox 276 1821 1844 1895">
     <span class='ocr_line' id='line_1_17' title="bbox 276 1821 1844 1895; baseline -0.004 -17"><span class='ocrx_word' id='word_1_121' title='bbox 276 1828 555 1895; x_wconf 85' lang='lat' dir='ltr'><strong>quispiam,</strong></span> <span class='ocrx_word' id='word_1_122' title='bbox 585 1825 799 1880; x_wconf 89' lang='lat' dir='ltr'><strong>nomine</strong></span> <span class='ocrx_word' id='word_1_123' title='bbox 823 1823 1155 1887; x_wconf 81' lang='lat' dir='ltr'><strong>Abimelech,</strong></span> <span class='ocrx_word' id='word_1_124' title='bbox 1185 1823 1272 1891; x_wconf 85' lang='lat' dir='ltr'><strong>qui</strong></span> <span class='ocrx_word' id='word_1_125' title='bbox 1307 1821 1600 1877; x_wconf 77' lang='lat' dir='ltr'><strong>interfectis</strong></span> <span class='ocrx_word' id='word_1_126' title='bbox 1631 1831 1844 1886; x_wconf 83' lang='lat' dir='ltr'><strong>septua-</strong></span> 
     </span>
    </p>
   </div>
   <div class='ocr_carea' id='block_1_18' title="bbox 275 1913 1842 1987">
    <p class='ocr_par' dir='ltr' id='par_1_18' title="bbox 275 1913 1842 1987">
     <span class='ocr_line' id='line_1_18' title="bbox 275 1913 1842 1987; baseline -0.003 -15"><span class='ocrx_word' id='word_1_127' title='bbox 275 1921 412 1987; x_wconf 82' lang='lat' dir='ltr'><strong>ginta</strong></span> <span class='ocrx_word' id='word_1_128' title='bbox 441 1919 707 1983; x_wconf 80' lang='lat' dir='ltr'><strong>fratribus,</strong></span> <span class='ocrx_word' id='word_1_129' title='bbox 732 1926 948 1987; x_wconf 87' lang='lat' dir='ltr'><strong>totoque</strong></span> <span class='ocrx_word' id='word_1_130' title='bbox 1000 1916 1194 1986; x_wconf 82' lang='lat' dir='ltr'><strong>populo</strong></span> <span class='ocrx_word' id='word_1_131' title='bbox 1222 1930 1317 1984; x_wconf 90' lang='lat' dir='ltr'><strong>per</strong></span> <span class='ocrx_word' id='word_1_132' title='bbox 1349 1914 1451 1969; x_wconf 91' lang='lat' dir='ltr'><strong>hoc</strong></span> <span class='ocrx_word' id='word_1_133' title='bbox 1495 1913 1842 1968; x_wconf 87' lang='lat' dir='ltr'><strong>fratricidium</strong></span> 
     </span>
    </p>
   </div>
   <div class='ocr_carea' id='block_1_19' title="bbox 278 2005 1843 2079">
    <p class='ocr_par' dir='ltr' id='par_1_19' title="bbox 278 2005 1843 2079">
     <span class='ocr_line' id='line_1_19' title="bbox 278 2005 1843 2079; baseline -0.003 -16"><span class='ocrx_word' id='word_1_134' title='bbox 278 2012 324 2063; x_wconf 93' lang='lat' dir='ltr'><strong>in</strong></span> <span class='ocrx_word' id='word_1_135' title='bbox 361 2025 511 2064; x_wconf 89' lang='lat' dir='ltr'><strong>suam</strong></span> <span class='ocrx_word' id='word_1_136' title='bbox 555 2017 868 2079; x_wconf 90' lang='lat' dir='ltr'><strong>potestatem</strong></span> <span class='ocrx_word' id='word_1_137' title='bbox 906 2008 1152 2072; x_wconf 89' lang='lat' dir='ltr'><strong>redacto,</strong></span> <span class='ocrx_word' id='word_1_138' title='bbox 1193 2005 1468 2076; x_wconf 90' lang='lat' dir='ltr'><strong>oppidum,</strong></span> <span class='ocrx_word' id='word_1_139' title='bbox 1495 2005 1720 2059; x_wconf 84' lang='lat' dir='ltr'><strong>admotis</strong></span> <span class='ocrx_word' id='word_1_140' title='bbox 1750 2019 1843 2059; x_wconf 82' lang='lat' dir='ltr'><strong>co-</strong></span> 
     </span>
    </p>
   </div>
   <div class='ocr_carea' id='block_1_20' title="bbox 277 2094 1841 2172">
    <p class='ocr_par' dir='ltr' id='par_1_20' title="bbox 277 2094 1841 2172">
     <span class='ocr_line' id='line_1_20' title="bbox 277 2094 1841 2172; baseline -0.002 -17"><span class='ocrx_word' id='word_1_141' title='bbox 277 2104 388 2167; x_wconf 88' lang='lat' dir='ltr'><strong>piis,</strong></span> <span class='ocrx_word' id='word_1_142' title='bbox 412 2117 721 2172; x_wconf 83' lang='lat' dir='ltr'><strong>oppugnare</strong></span> <span class='ocrx_word' id='word_1_143' title='bbox 741 2102 899 2169; x_wconf 68' lang='lat' dir='ltr'><strong>coepit</strong></span> <span class='ocrx_word' id='word_1_144' title='bbox 921 2098 1124 2170; x_wconf 79' lang='lat' dir='ltr'><strong>(ludio.</strong></span> <span class='ocrx_word' id='word_1_145' title='bbox 1150 2094 1204 2167; x_wconf 90' lang='lat'><strong>9)</strong></span> <span class='ocrx_word' id='word_1_146' title='bbox 1236 2116 1249 2152; x_wconf 92' lang='lat'>:</span> <span class='ocrx_word' id='word_1_147' title='bbox 1278 2106 1333 2152; x_wconf 89' lang='lat' dir='ltr'><strong>et</strong></span> <span class='ocrx_word' id='word_1_148' title='bbox 1351 2097 1601 2153; x_wconf 89' lang='lat' dir='ltr'><strong>omnibus</strong></span> <span class='ocrx_word' id='word_1_149' title='bbox 1625 2097 1690 2151; x_wconf 91' lang='lat' dir='ltr'><strong>ad</strong></span> <span class='ocrx_word' id='word_1_150' title='bbox 1714 2098 1841 2152; x_wconf 89' lang='lat' dir='ltr'><strong>belli</strong></span> 
     </span>
    </p>
   </div>
   <div class='ocr_carea' id='block_1_21' title="bbox 275 2188 1841 2260">
    <p class='ocr_par' dir='ltr' id='par_1_21' title="bbox 275 2188 1841 2260">
     <span class='ocr_line' id='line_1_21' title="bbox 275 2188 1841 2260; baseline -0.002 -15"><span class='ocrx_word' id='word_1_151' title='bbox 275 2192 456 2246; x_wconf 81' lang='lat' dir='ltr'><strong>faciem</strong></span> <span class='ocrx_word' id='word_1_152' title='bbox 493 2193 730 2246; x_wconf 87' lang='lat' dir='ltr'><strong>attonitis</strong></span> <span class='ocrx_word' id='word_1_153' title='bbox 756 2201 809 2246; x_wconf 91' lang='lat' dir='ltr'><strong>et</strong></span> <span class='ocrx_word' id='word_1_154' title='bbox 830 2190 1158 2260; x_wconf 80' lang='lat' dir='ltr'><strong>stupefactis,</strong></span> <span class='ocrx_word' id='word_1_155' title='bbox 1190 2190 1330 2243; x_wconf 91' lang='lat' dir='ltr'><strong>Deus</strong></span> <span class='ocrx_word' id='word_1_156' title='bbox 1378 2188 1568 2242; x_wconf 91' lang='lat' dir='ltr'><strong>iterum</strong></span> <span class='ocrx_word' id='word_1_157' title='bbox 1600 2188 1841 2242; x_wconf 91' lang='lat' dir='ltr'><strong>mulieris</strong></span> 
     </span>
    </p>
   </div>
   <div class='ocr_carea' id='block_1_22' title="bbox 274 2280 1843 2353">
    <p class='ocr_par' dir='ltr' id='par_1_22' title="bbox 274 2280 1843 2353">
     <span class='ocr_line' id='line_1_22' title="bbox 274 2280 1843 2353; baseline -0.002 -17"><span class='ocrx_word' id='word_1_158' title='bbox 274 2300 482 2339; x_wconf 88' lang='lat' dir='ltr'><strong>manum</strong></span> <span class='ocrx_word' id='word_1_159' title='bbox 504 2285 790 2350; x_wconf 82' lang='lat' dir='ltr'><strong>roboravit,</strong></span> <span class='ocrx_word' id='word_1_160' title='bbox 822 2297 1047 2353; x_wconf 90' lang='lat' dir='ltr'><strong>eamque</strong></span> <span class='ocrx_word' id='word_1_161' title='bbox 1081 2297 1111 2336; x_wconf 91' lang='lat' dir='ltr'><strong>c</strong></span> <span class='ocrx_word' id='word_1_162' title='bbox 1140 2280 1403 2337; x_wconf 78' lang='lat' dir='ltr'><strong>moenibus</strong></span> <span class='ocrx_word' id='word_1_163' title='bbox 1432 2281 1663 2349; x_wconf 88' lang='lat' dir='ltr'><strong>conspici</strong></span> <span class='ocrx_word' id='word_1_164' title='bbox 1688 2295 1843 2335; x_wconf 88' lang='lat' dir='ltr'><strong>cura-</strong></span> 
     </span>
    </p>
   </div>
   <div class='ocr_carea' id='block_1_23' title="bbox 272 2372 1839 2446">
    <p class='ocr_par' dir='ltr' id='par_1_23' title="bbox 272 2372 1839 2446">
     <span class='ocr_line' id='line_1_23' title="bbox 272 2372 1839 2446; baseline -0.004 -16"><span class='ocrx_word' id='word_1_165' title='bbox 272 2376 359 2443; x_wconf 47' lang='lat' dir='ltr'><strong>\&#39;it,</strong></span> <span class='ocrx_word' id='word_1_166' title='bbox 383 2390 506 2446; x_wconf 71' lang='lat' dir='ltr'><strong>qua:</strong></span> <span class='ocrx_word' id='word_1_167' title='bbox 533 2374 622 2430; x_wconf 89' lang='lat' dir='ltr'><strong>ubi</strong></span> <span class='ocrx_word' id='word_1_168' title='bbox 653 2374 876 2430; x_wconf 90' lang='lat' dir='ltr'><strong>frustum</strong></span> <span class='ocrx_word' id='word_1_169' title='bbox 896 2374 963 2430; x_wconf 90' lang='lat' dir='ltr'><strong>de</strong></span> <span class='ocrx_word' id='word_1_170' title='bbox 989 2372 1162 2443; x_wconf 89' lang='lat' dir='ltr'><strong>lapide</strong></span> <span class='ocrx_word' id='word_1_171' title='bbox 1189 2372 1378 2427; x_wconf 90' lang='lat' dir='ltr'><strong>molari</strong></span> <span class='ocrx_word' id='word_1_172' title='bbox 1412 2372 1756 2440; x_wconf 88' lang='lat' dir='ltr'><strong>arripuisset,</strong></span> <span class='ocrx_word' id='word_1_173' title='bbox 1786 2373 1839 2425; x_wconf 90' lang='lat' dir='ltr'><strong>in</strong></span> 
     </span>
    </p>
   </div>
   <div class='ocr_carea' id='block_1_24' title="bbox 270 2461 1841 2538">
    <p class='ocr_par' dir='ltr' id='par_1_24' title="bbox 270 2461 1841 2538">
     <span class='ocr_line' id='line_1_24' title="bbox 270 2461 1841 2538; baseline -0.003 -17"><span class='ocrx_word' id='word_1_174' title='bbox 270 2476 417 2535; x_wconf 87' lang='lat' dir='ltr'><strong>caput</strong></span> <span class='ocrx_word' id='word_1_175' title='bbox 445 2466 657 2538; x_wconf 85' lang='lat' dir='ltr'><strong>tyranni</strong></span> <span class='ocrx_word' id='word_1_176' title='bbox 685 2465 925 2535; x_wconf 87' lang='lat' dir='ltr'><strong>projecit,</strong></span> <span class='ocrx_word' id='word_1_177' title='bbox 955 2472 1214 2533; x_wconf 89' lang='lat' dir='ltr'><strong>caputque</strong></span> <span class='ocrx_word' id='word_1_178' title='bbox 1238 2462 1502 2517; x_wconf 87' lang='lat' dir='ltr'><strong>contrivit.</strong></span> <span class='ocrx_word' id='word_1_179' title='bbox 1527 2461 1632 2517; x_wconf 90' lang='lat' dir='ltr'><strong>Sed</strong></span> <span class='ocrx_word' id='word_1_180' title='bbox 1656 2462 1841 2517; x_wconf 88' lang='lat' dir='ltr'><strong>obser-</strong></span> 
     </span>
    </p>
   </div>
   <div class='ocr_carea' id='block_1_25' title="bbox 270 2553 1838 2627">
    <p class='ocr_par' dir='ltr' id='par_1_25' title="bbox 270 2553 1838 2627">
     <span class='ocr_line' id='line_1_25' title="bbox 270 2553 1838 2627; baseline -0.001 -20"><span class='ocrx_word' id='word_1_181' title='bbox 270 2571 327 2609; x_wconf 84' lang='lat' dir='ltr'><strong>va</strong></span> <span class='ocrx_word' id='word_1_182' title='bbox 357 2556 623 2627; x_wconf 83' lang='lat' dir='ltr'><strong>ingentem</strong></span> <span class='ocrx_word' id='word_1_183' title='bbox 656 2555 870 2625; x_wconf 89' lang='lat' dir='ltr'><strong>superbi</strong></span> <span class='ocrx_word' id='word_1_184' title='bbox 901 2555 1040 2609; x_wconf 89' lang='lat' dir='ltr'><strong>illius</strong></span> <span class='ocrx_word' id='word_1_185' title='bbox 1076 2554 1363 2623; x_wconf 87' lang='lat' dir='ltr'><strong>nequitiam</strong></span> <span class='ocrx_word' id='word_1_186' title='bbox 1384 2568 1502 2607; x_wconf 92' lang='lat' dir='ltr'><strong>cum</strong></span> <span class='ocrx_word' id='word_1_187' title='bbox 1544 2553 1659 2623; x_wconf 90' lang='lat' dir='ltr'><strong>ipso</strong></span> <span class='ocrx_word' id='word_1_188' title='bbox 1688 2566 1838 2606; x_wconf 49' lang='lat' dir='ltr'><strong>com‘</strong></span> 
     </span>
    </p>
   </div>
   <div class='ocr_carea' id='block_1_26' title="bbox 270 2644 1837 2715">
    <p class='ocr_par' dir='ltr' id='par_1_26' title="bbox 270 2644 1837 2715">
     <span class='ocr_line' id='line_1_26' title="bbox 270 2644 1837 2715; baseline -0.003 -14"><span class='ocrx_word' id='word_1_189' title='bbox 270 2648 597 2703; x_wconf 87' lang='lat' dir='ltr'><strong>morientem.</strong></span> <span class='ocrx_word' id='word_1_190' title='bbox 645 2646 782 2701; x_wconf 90' lang='lat' dir='ltr'><strong>Dicit</strong></span> <span class='ocrx_word' id='word_1_191' title='bbox 807 2645 1019 2701; x_wconf 89' lang='lat' dir='ltr'><strong>satelliti</strong></span> <span class='ocrx_word' id='word_1_192' title='bbox 1052 2644 1277 2699; x_wconf 89' lang='lat' dir='ltr'><strong>adstanti</strong></span> <span class='ocrx_word' id='word_1_193' title='bbox 1305 2687 1318 2709; x_wconf 94' lang='lat'><strong>,</strong></span> <span class='ocrx_word' id='word_1_194' title='bbox 1369 2644 1570 2715; x_wconf 85' lang='lat' dir='ltr'><strong>Slringe</strong></span> <span class='ocrx_word' id='word_1_195' title='bbox 1608 2644 1837 2715; x_wconf 80' lang='lat' dir='ltr'><strong>gladium</strong></span> 
     </span>
    </p>
   </div>
   <div class='ocr_carea' id='block_1_27' title="bbox 268 2737 1839 2810">
    <p class='ocr_par' dir='ltr' id='par_1_27' title="bbox 268 2737 1839 2810">
     <span class='ocr_line' id='line_1_27' title="bbox 268 2737 1839 2810; baseline -0.001 -19"><span class='ocrx_word' id='word_1_196' title='bbox 268 2751 417 2805; x_wconf 80' lang='lat' dir='ltr'><strong>tuum,</strong></span> <span class='ocrx_word' id='word_1_197' title='bbox 449 2749 499 2795; x_wconf 84' lang='lat' dir='ltr'><strong>et</strong></span> <span class='ocrx_word' id='word_1_198' title='bbox 528 2757 605 2795; x_wconf 81' lang='lat' dir='ltr'><strong>me</strong></span> <span class='ocrx_word' id='word_1_199' title='bbox 640 2750 859 2810; x_wconf 86' lang='lat' dir='ltr'><strong>percute,</strong></span> <span class='ocrx_word' id='word_1_200' title='bbox 898 2756 960 2792; x_wconf 84' lang='lat' dir='ltr'><strong>ne</strong></span> <span class='ocrx_word' id='word_1_201' title='bbox 989 2738 1179 2801; x_wconf 84' lang='lat' dir='ltr'><strong>dicant,</strong></span> <span class='ocrx_word' id='word_1_202' title='bbox 1231 2738 1416 2791; x_wconf 83' lang='lat' dir='ltr'><strong>Mulier</strong></span> <span class='ocrx_word' id='word_1_203' title='bbox 1454 2738 1619 2807; x_wconf 83' lang='lat' dir='ltr'><strong>ipsum</strong></span> <span class='ocrx_word' id='word_1_204' title='bbox 1653 2737 1839 2791; x_wconf 84' lang='lat' dir='ltr'><strong>occidit</strong></span> 
     </span>
    </p>
   </div>
   <div class='ocr_carea' id='block_1_28' title="bbox 268 2829 1830 2903">
    <p class='ocr_par' dir='ltr' id='par_1_28' title="bbox 268 2829 1830 2903">
     <span class='ocr_line' id='line_1_28' title="bbox 268 2829 1830 2903; baseline -0.003 -17"><span class='ocrx_word' id='word_1_205' title='bbox 268 2833 419 2887; x_wconf 80' lang='lat' dir='ltr'><strong>(Ibid.</strong></span> <span class='ocrx_word' id='word_1_206' title='bbox 442 2850 493 2887; x_wconf 85' lang='grc' dir='ltr'><strong>υ.</strong></span> <span class='ocrx_word' id='word_1_207' title='bbox 523 2834 597 2903; x_wconf 74' lang='grc' dir='ltr'>ι).</span> <span class='ocrx_word' id='word_1_208' title='bbox 625 2833 830 2903; x_wconf 89' lang='lat' dir='ltr'><strong>Corpus</strong></span> <span class='ocrx_word' id='word_1_209' title='bbox 865 2832 1194 2886; x_wconf 90' lang='lat' dir='ltr'><strong>moriebatur</strong></span> <span class='ocrx_word' id='word_1_210' title='bbox 1219 2872 1233 2895; x_wconf 92' lang='lat'><strong>,</strong></span> <span class='ocrx_word' id='word_1_211' title='bbox 1266 2830 1512 2899; x_wconf 88' lang='lat' dir='ltr'><strong>superbia</strong></span> <span class='ocrx_word' id='word_1_212' title='bbox 1539 2829 1787 2884; x_wconf 87' lang='lat' dir='ltr'><strong>manebat</strong></span> <span class='ocrx_word' id='word_1_213' title='bbox 1817 2845 1830 2881; x_wconf 91' lang='lat'><strong>:</strong></span> 
     </span>
    </p>
   </div>
   <div class='ocr_carea' id='block_1_29' title="bbox 265 2924 1834 2994">
    <p class='ocr_par' dir='ltr' id='par_1_29' title="bbox 265 2924 1834 2994">
     <span class='ocr_line' id='line_1_29' title="bbox 265 2924 1834 2994; baseline 0.001 -18"><span class='ocrx_word' id='word_1_214' title='bbox 265 2926 416 2981; x_wconf 80' lang='lat' dir='ltr'><strong>vitam</strong></span> <span class='ocrx_word' id='word_1_215' title='bbox 458 2926 554 2980; x_wconf 90' lang='lat' dir='ltr'><strong>ille</strong></span> <span class='ocrx_word' id='word_1_216' title='bbox 608 2925 819 2994; x_wconf 86' lang='lat' dir='ltr'><strong>quidem</strong></span> <span class='ocrx_word' id='word_1_217' title='bbox 863 2941 984 2979; x_wconf 92' lang='lat' dir='ltr'><strong>cum</strong></span> <span class='ocrx_word' id='word_1_218' title='bbox 1029 2932 1202 2979; x_wconf 91' lang='lat' dir='ltr'><strong>morte</strong></span> <span class='ocrx_word' id='word_1_219' title='bbox 1241 2924 1645 2990; x_wconf 89' lang='lat' dir='ltr'><strong>commutabat,</strong></span> <span class='ocrx_word' id='word_1_220' title='bbox 1684 2938 1834 2993; x_wconf 71' lang='lat' dir='ltr'><strong>vana:</strong></span> 
     </span>
    </p>
   </div>
   <div class='ocr_carea' id='block_1_30' title="bbox 266 3012 1833 3086">
    <p class='ocr_par' dir='ltr' id='par_1_30' title="bbox 266 3012 1833 3086">
     <span class='ocr_line' id='line_1_30' title="bbox 266 3012 1833 3086; baseline -0.001 -18"><span class='ocrx_word' id='word_1_221' title='bbox 266 3017 436 3085; x_wconf 68' lang='lat' dir='ltr'><strong>gloriae</strong></span> <span class='ocrx_word' id='word_1_222' title='bbox 489 3015 723 3072; x_wconf 90' lang='lat' dir='ltr'><strong>studium</strong></span> <span class='ocrx_word' id='word_1_223' title='bbox 773 3031 875 3069; x_wconf 91' lang='lat' dir='ltr'><strong>non</strong></span> <span class='ocrx_word' id='word_1_224' title='bbox 932 3015 1310 3071; x_wconf 87' lang='lat' dir='ltr'><strong>commutabat.</strong></span> <span class='ocrx_word' id='word_1_225' title='bbox 1362 3015 1426 3069; x_wconf 89' lang='lat' dir='ltr'><strong>Et</strong></span> <span class='ocrx_word' id='word_1_226' title='bbox 1471 3014 1682 3086; x_wconf 91' lang='lat' dir='ltr'><strong>quidem</strong></span> <span class='ocrx_word' id='word_1_227' title='bbox 1734 3012 1833 3067; x_wconf 89' lang='lat' dir='ltr'><strong>hac</strong></span> 
     </span>
    </p>
   </div>
   <div class='ocr_carea' id='block_1_31' title="bbox 263 3103 1826 3171">
    <p class='ocr_par' dir='ltr' id='par_1_31' title="bbox 263 3103 1826 3171">
     <span class='ocr_line' id='line_1_31' title="bbox 263 3103 1826 3171; baseline 0.001 -15"><span class='ocrx_word' id='word_1_228' title='bbox 263 3114 409 3161; x_wconf 69' lang='lat' dir='ltr'><strong>male</strong></span> <span class='ocrx_word' id='word_1_229' title='bbox 454 3121 566 3161; x_wconf 89' lang='lat' dir='ltr'><strong>non</strong></span> <span class='ocrx_word' id='word_1_230' title='bbox 606 3106 758 3161; x_wconf 91' lang='lat' dir='ltr'><strong>deest</strong></span> <span class='ocrx_word' id='word_1_231' title='bbox 784 3106 890 3161; x_wconf 91' lang='lat' dir='ltr'><strong>Deo</strong></span> <span class='ocrx_word' id='word_1_232' title='bbox 914 3106 1143 3171; x_wconf 90' lang='lat' dir='ltr'><strong>Debora,</strong></span> <span class='ocrx_word' id='word_1_233' title='bbox 1194 3119 1299 3161; x_wconf 90' lang='lat' dir='ltr'><strong>non</strong></span> <span class='ocrx_word' id='word_1_234' title='bbox 1339 3105 1492 3160; x_wconf 87' lang='lat' dir='ltr'><strong>deest</strong></span> <span class='ocrx_word' id='word_1_235' title='bbox 1548 3105 1657 3159; x_wconf 89' lang='lat' dir='ltr'><strong>Deo</strong></span> <span class='ocrx_word' id='word_1_236' title='bbox 1691 3103 1826 3158; x_wconf 86' lang='lat' dir='ltr'><strong>Jael.</strong></span> 
     </span>
    </p>
   </div>
   <div class='ocr_carea' id='block_1_32' title="bbox 265 3196 1829 3268">
    <p class='ocr_par' dir='ltr' id='par_1_32' title="bbox 265 3196 1829 3268">
     <span class='ocr_line' id='line_1_32' title="bbox 265 3196 1829 3268; baseline 0.001 -19"><span class='ocrx_word' id='word_1_237' title='bbox 265 3198 522 3253; x_wconf 86' lang='lat' dir='ltr'><strong>Habemus</strong></span> <span class='ocrx_word' id='word_1_238' title='bbox 547 3206 601 3252; x_wconf 91' lang='lat' dir='ltr'><strong>et</strong></span> <span class='ocrx_word' id='word_1_239' title='bbox 629 3213 727 3252; x_wconf 93' lang='lat' dir='ltr'><strong>nos</strong></span> <span class='ocrx_word' id='word_1_240' title='bbox 755 3206 989 3252; x_wconf 88' lang='lat' dir='ltr'><strong>sanetam</strong></span> <span class='ocrx_word' id='word_1_241' title='bbox 1012 3196 1286 3267; x_wconf 76' lang='lat' dir='ltr'><strong>Virginem</strong></span> <span class='ocrx_word' id='word_1_242' title='bbox 1306 3212 1369 3252; x_wconf 88' lang='lat' dir='ltr'><strong>ac</strong></span> <span class='ocrx_word' id='word_1_243' title='bbox 1397 3198 1488 3252; x_wconf 89' lang='lat' dir='ltr'><strong>Dei</strong></span> <span class='ocrx_word' id='word_1_244' title='bbox 1520 3198 1829 3268; x_wconf 90' lang='lat' dir='ltr'><strong>genitricem</strong></span> 
     </span>
    </p>
   </div>
   <div class='ocr_carea' id='block_1_33' title="bbox 260 3287 1830 3359">
    <p class='ocr_par' dir='ltr' id='par_1_33' title="bbox 260 3287 1830 3359">
     <span class='ocr_line' id='line_1_33' title="bbox 260 3287 1830 3359; baseline 0.001 -17"><span class='ocrx_word' id='word_1_245' title='bbox 260 3288 463 3344; x_wconf 84' lang='lat' dir='ltr'><strong>Mariam</strong></span> <span class='ocrx_word' id='word_1_246' title='bbox 488 3332 505 3351; x_wconf 82' lang='lat'><strong>,</strong></span> <span class='ocrx_word' id='word_1_247' title='bbox 535 3304 651 3359; x_wconf 84' lang='lat' dir='ltr'><strong>quae</strong></span> <span class='ocrx_word' id='word_1_248' title='bbox 681 3305 776 3358; x_wconf 91' lang='lat' dir='ltr'><strong>pro</strong></span> <span class='ocrx_word' id='word_1_249' title='bbox 802 3289 956 3343; x_wconf 90' lang='lat' dir='ltr'><strong>nobis</strong></span> <span class='ocrx_word' id='word_1_250' title='bbox 989 3287 1287 3345; x_wconf 88' lang='lat' dir='ltr'><strong>intercedit.</strong></span> <span class='ocrx_word' id='word_1_251' title='bbox 1320 3288 1375 3344; x_wconf 91' lang='lat' dir='ltr'><strong>Si</strong></span> <span class='ocrx_word' id='word_1_252' title='bbox 1402 3289 1542 3344; x_wconf 88' lang='lat' dir='ltr'><strong>enim</strong></span> <span class='ocrx_word' id='word_1_253' title='bbox 1572 3290 1770 3358; x_wconf 85' lang='lat' dir='ltr'><strong>quaevis</strong></span> <span class='ocrx_word' id='word_1_254' title='bbox 1800 3304 1830 3343; x_wconf 93' lang='lat' dir='ltr'><strong>e</strong></span> 
     </span>
    </p>
   </div>
   <div class='ocr_carea' id='block_1_34' title="bbox 260 3380 1828 3453">
    <p class='ocr_par' dir='ltr' id='par_1_34' title="bbox 260 3380 1828 3453">
     <span class='ocr_line' id='line_1_34' title="bbox 260 3380 1828 3453; baseline 0.001 -20"><span class='ocrx_word' id='word_1_255' title='bbox 260 3384 403 3453; x_wconf 70' lang='lat' dir='ltr'><strong>vulgo</strong></span> <span class='ocrx_word' id='word_1_256' title='bbox 425 3383 622 3437; x_wconf 85' lang='lat' dir='ltr'><strong>mulier</strong></span> <span class='ocrx_word' id='word_1_257' title='bbox 646 3382 921 3436; x_wconf 88' lang='lat' dir='ltr'><strong>victoriam</strong></span> <span class='ocrx_word' id='word_1_258' title='bbox 948 3382 1177 3436; x_wconf 91' lang='lat' dir='ltr'><strong>obtinuit</strong></span> <span class='ocrx_word' id='word_1_259' title='bbox 1200 3422 1214 3448; x_wconf 89' lang='lat'><strong>,</strong></span> <span class='ocrx_word' id='word_1_260' title='bbox 1247 3391 1444 3451; x_wconf 88' lang='lat' dir='ltr'><strong>quanto</strong></span> <span class='ocrx_word' id='word_1_261' title='bbox 1479 3383 1645 3450; x_wconf 85' lang='lat' dir='ltr'><strong>magis</strong></span> <span class='ocrx_word' id='word_1_262' title='bbox 1670 3380 1828 3435; x_wconf 87' lang='lat' dir='ltr'><strong>Chri-</strong></span> 
     </span>
    </p>
   </div>
   <div class='ocr_carea' id='block_1_35' title="bbox 260 3471 1828 3528">
    <p class='ocr_par' dir='ltr' id='par_1_35' title="bbox 260 3471 1828 3528">
     <span class='ocr_line' id='line_1_35' title="bbox 260 3471 1828 3528; baseline 0 -3"><span class='ocrx_word' id='word_1_263' title='bbox 260 3474 319 3525; x_wconf 90' lang='lat' dir='ltr'><strong>sti</strong></span> <span class='ocrx_word' id='word_1_264' title='bbox 349 3484 516 3528; x_wconf 90' lang='lat' dir='ltr'><strong>mater</strong></span> <span class='ocrx_word' id='word_1_265' title='bbox 549 3472 732 3527; x_wconf 90' lang='lat' dir='ltr'><strong>hostes</strong></span> <span class='ocrx_word' id='word_1_266' title='bbox 756 3473 991 3528; x_wconf 88' lang='lat' dir='ltr'><strong>veritatis</strong></span> <span class='ocrx_word' id='word_1_267' title='bbox 1016 3471 1328 3527; x_wconf 85' lang='lat' dir='ltr'><strong>confundit?</strong></span> <span class='ocrx_word' id='word_1_268' title='bbox 1359 3472 1538 3526; x_wconf 83' lang='lat' dir='ltr'><strong>Hostis</strong></span> <span class='ocrx_word' id='word_1_269' title='bbox 1565 3471 1652 3525; x_wconf 93' lang='lat' dir='ltr'><strong>ille</strong></span> <span class='ocrx_word' id='word_1_270' title='bbox 1680 3471 1828 3526; x_wconf 92' lang='lat' dir='ltr'><strong>omni</strong></span> 
     </span>
    </p>
   </div>
   <div class='ocr_carea' id='block_1_36' title="bbox 261 3563 1828 3634">
    <p class='ocr_par' dir='ltr' id='par_1_36' title="bbox 261 3563 1828 3634">
     <span class='ocr_line' id='line_1_36' title="bbox 261 3563 1828 3634; baseline 0.002 -20"><span class='ocrx_word' id='word_1_271' title='bbox 261 3578 519 3619; x_wconf 84' lang='lat' dir='ltr'><strong>armorum</strong></span> <span class='ocrx_word' id='word_1_272' title='bbox 572 3579 768 3634; x_wconf 85' lang='lat' dir='ltr'><strong>genere</strong></span> <span class='ocrx_word' id='word_1_273' title='bbox 817 3564 1127 3627; x_wconf 90' lang='lat' dir='ltr'><strong>instructus,</strong></span> <span class='ocrx_word' id='word_1_274' title='bbox 1150 3563 1353 3633; x_wconf 89' lang='lat' dir='ltr'><strong>putavit</strong></span> <span class='ocrx_word' id='word_1_275' title='bbox 1399 3563 1678 3617; x_wconf 89' lang='lat' dir='ltr'><strong>mulierem</strong></span> <span class='ocrx_word' id='word_1_276' title='bbox 1708 3576 1828 3617; x_wconf 91' lang='lat' dir='ltr'><strong>esse</strong></span> 
     </span>
    </p>
   </div>
   <div class='ocr_carea' id='block_1_37' title="bbox 261 3653 1828 3726">
    <p class='ocr_par' dir='ltr' id='par_1_37' title="bbox 261 3653 1828 3726">
     <span class='ocr_line' id='line_1_37' title="bbox 261 3653 1828 3726; baseline 0.001 -20"><span class='ocrx_word' id='word_1_277' title='bbox 261 3654 360 3707; x_wconf 90' lang='lat' dir='ltr'><strong>risu</strong></span> <span class='ocrx_word' id='word_1_278' title='bbox 380 3654 618 3726; x_wconf 89' lang='lat' dir='ltr'><strong>dignam,</strong></span> <span class='ocrx_word' id='word_1_279' title='bbox 651 3662 706 3708; x_wconf 91' lang='lat' dir='ltr'><strong>et</strong></span> <span class='ocrx_word' id='word_1_280' title='bbox 730 3654 930 3709; x_wconf 86' lang='lat' dir='ltr'><strong>invenit</strong></span> <span class='ocrx_word' id='word_1_281' title='bbox 971 3654 1161 3709; x_wconf 89' lang='lat' dir='ltr'><strong>ducem</strong></span> <span class='ocrx_word' id='word_1_282' title='bbox 1190 3662 1503 3709; x_wconf 89' lang='lat' dir='ltr'><strong>certantem.</strong></span> <span class='ocrx_word' id='word_1_283' title='bbox 1535 3653 1650 3707; x_wconf 92' lang='lat' dir='ltr'><strong>Non</strong></span> <span class='ocrx_word' id='word_1_284' title='bbox 1673 3662 1828 3723; x_wconf 88' lang='lat' dir='ltr'><strong>puta-</strong></span> 
     </span>
    </p>
   </div>
   <div class='ocr_carea' id='block_1_38' title="bbox 258 3746 1823 3819">
    <p class='ocr_par' dir='ltr' id='par_1_38' title="bbox 258 3746 1823 3819">
     <span class='ocr_line' id='line_1_38' title="bbox 258 3746 1823 3819; baseline 0.001 -20"><span class='ocrx_word' id='word_1_285' title='bbox 258 3746 325 3800; x_wconf 86' lang='lat' dir='ltr'><strong>vit</strong></span> <span class='ocrx_word' id='word_1_286' title='bbox 353 3762 407 3803; x_wconf 91' lang='lat' dir='ltr'><strong>se</strong></span> <span class='ocrx_word' id='word_1_287' title='bbox 436 3762 607 3819; x_wconf 89' lang='lat' dir='ltr'><strong>prope</strong></span> <span class='ocrx_word' id='word_1_288' title='bbox 631 3748 936 3817; x_wconf 91' lang='lat' dir='ltr'><strong>sepulcrum</strong></span> <span class='ocrx_word' id='word_1_289' title='bbox 973 3762 1092 3803; x_wconf 88' lang='lat' dir='ltr'><strong>esse</strong></span> <span class='ocrx_word' id='word_1_290' title='bbox 1116 3788 1129 3813; x_wconf 93' lang='lat'><strong>,</strong></span> <span class='ocrx_word' id='word_1_291' title='bbox 1160 3757 1212 3803; x_wconf 91' lang='lat' dir='ltr'><strong>et</strong></span> <span class='ocrx_word' id='word_1_292' title='bbox 1243 3748 1513 3803; x_wconf 90' lang='lat' dir='ltr'><strong>inventum</strong></span> <span class='ocrx_word' id='word_1_293' title='bbox 1543 3756 1623 3802; x_wconf 91' lang='lat' dir='ltr'><strong>est</strong></span> <span class='ocrx_word' id='word_1_294' title='bbox 1646 3748 1717 3801; x_wconf 91' lang='lat' dir='ltr'><strong>illi</strong></span> <span class='ocrx_word' id='word_1_295' title='bbox 1747 3762 1823 3802; x_wconf 84' lang='lat' dir='ltr'><strong>se-</strong></span> 
     </span>
    </p>
   </div>
   <div class='ocr_carea' id='block_1_39' title="bbox 1725 322 2053 387">
    <p class='ocr_par' dir='ltr' id='par_1_39' title="bbox 1725 322 2053 387">
     <span class='ocr_line' id='line_1_39' title="bbox 1725 322 2053 387; baseline 0 -2"><span class='ocrx_word' id='word_1_296' title='bbox 1725 322 2053 387; x_wconf 76' lang='lat' dir='ltr'><strong>MONITUM.</strong></span> 
     </span>
    </p>
   </div>
   <div class='ocr_carea' id='block_1_40' title="bbox 3432 332 3539 397">
    <p class='ocr_par' dir='ltr' id='par_1_40' title="bbox 3432 332 3539 397">
     <span class='ocr_line' id='line_1_40' title="bbox 3432 332 3539 397; baseline 0.028 -4"><span class='ocrx_word' id='word_1_297' title='bbox 3432 332 3539 397; x_wconf 71' lang='lat' dir='ltr'><strong>MO</strong></span> 
     </span>
    </p>
   </div>
   <div class='ocr_carea' id='block_1_41' title="bbox 1953 448 3530 522">
    <p class='ocr_par' dir='ltr' id='par_1_41' title="bbox 1953 448 3530 522">
     <span class='ocr_line' id='line_1_41' title="bbox 1953 448 3530 522; baseline 0.004 -19"><span class='ocrx_word' id='word_1_298' title='bbox 1953 448 2196 518; x_wconf 92' lang='lat' dir='ltr'><strong>pulcrum</strong></span> <span class='ocrx_word' id='word_1_299' title='bbox 2229 465 2241 502; x_wconf 87' lang='lat'><strong>:</strong></span> <span class='ocrx_word' id='word_1_300' title='bbox 2270 460 2532 504; x_wconf 86' lang='lat' dir='ltr'><strong>mortuam</strong></span> <span class='ocrx_word' id='word_1_301' title='bbox 2562 451 2703 506; x_wconf 88' lang='lat' dir='ltr'><strong>illam</strong></span> <span class='ocrx_word' id='word_1_302' title='bbox 2735 452 3105 517; x_wconf 78' lang='lat' dir='ltr'><strong>existimabat,</strong></span> <span class='ocrx_word' id='word_1_303' title='bbox 3135 462 3189 507; x_wconf 90' lang='lat' dir='ltr'><strong>et</strong></span> <span class='ocrx_word' id='word_1_304' title='bbox 3216 453 3283 508; x_wconf 85' lang='lat' dir='ltr'><strong>ab</strong></span> <span class='ocrx_word' id='word_1_305' title='bbox 3306 453 3417 522; x_wconf 91' lang='lat' dir='ltr'><strong>ipsa</strong></span> <span class='ocrx_word' id='word_1_306' title='bbox 3451 455 3530 509; x_wconf 90' lang='lat' dir='ltr'><strong>in-</strong></span> 
     </span>
    </p>
   </div>
   <div class='ocr_carea' id='block_1_42' title="bbox 1955 540 3531 603">
    <p class='ocr_par' dir='ltr' id='par_1_42' title="bbox 1955 540 3531 603">
     <span class='ocr_line' id='line_1_42' title="bbox 1955 540 3531 603; baseline 0.006 -11"><span class='ocrx_word' id='word_1_307' title='bbox 1955 540 2202 603; x_wconf 82' lang='lat' dir='ltr'><strong>terfectus</strong></span> <span class='ocrx_word' id='word_1_308' title='bbox 2231 549 2331 594; x_wconf 90' lang='lat' dir='ltr'><strong>est.</strong></span> <span class='ocrx_word' id='word_1_309' title='bbox 2366 540 2631 597; x_wconf 88' lang='lat' dir='ltr'><strong>Habemus</strong></span> <span class='ocrx_word' id='word_1_310' title='bbox 2674 542 2954 598; x_wconf 91' lang='lat' dir='ltr'><strong>Dominam</strong></span> <span class='ocrx_word' id='word_1_311' title='bbox 3007 552 3246 599; x_wconf 89' lang='lat' dir='ltr'><strong>nostram</strong></span> <span class='ocrx_word' id='word_1_312' title='bbox 3295 556 3531 603; x_wconf 83' lang='lat' dir='ltr'><strong>sanctam</strong></span> 
     </span>
    </p>
   </div>
   <div class='ocr_carea' id='block_1_43' title="bbox 1952 629 3530 703">
    <p class='ocr_par' dir='ltr' id='par_1_43' title="bbox 1952 629 3530 703">
     <span class='ocr_line' id='line_1_43' title="bbox 1952 629 3530 703; baseline 0.005 -22"><span class='ocrx_word' id='word_1_313' title='bbox 1952 629 2169 683; x_wconf 84' lang='lat' dir='ltr'><strong>Mariam</strong></span> <span class='ocrx_word' id='word_1_314' title='bbox 2190 630 2469 699; x_wconf 89' lang='lat' dir='ltr'><strong>Deiparam</strong></span> <span class='ocrx_word' id='word_1_315' title='bbox 2503 649 2515 684; x_wconf 92' lang='lat'><strong>:</strong></span> <span class='ocrx_word' id='word_1_316' title='bbox 2544 631 2636 686; x_wconf 89' lang='lat' dir='ltr'><strong>sed</strong></span> <span class='ocrx_word' id='word_1_317' title='bbox 2660 642 2714 686; x_wconf 88' lang='lat' dir='ltr'><strong>et</strong></span> <span class='ocrx_word' id='word_1_318' title='bbox 2737 634 3092 701; x_wconf 88' lang='lat' dir='ltr'><strong>apostolorum</strong></span> <span class='ocrx_word' id='word_1_319' title='bbox 3127 636 3375 703; x_wconf 87' lang='lat' dir='ltr'><strong>precibus</strong></span> <span class='ocrx_word' id='word_1_320' title='bbox 3397 652 3530 703; x_wconf 78' lang='lat' dir='ltr'><strong>Opus</strong></span> 
     </span>
    </p>
   </div>
   <div class='ocr_carea' id='block_1_44' title="bbox 1951 720 3529 795">
    <p class='ocr_par' dir='ltr' id='par_1_44' title="bbox 1951 720 3529 795">
     <span class='ocr_line' id='line_1_44' title="bbox 1951 720 3529 795; baseline 0.004 -23"><span class='ocrx_word' id='word_1_321' title='bbox 1951 728 2052 773; x_wconf 89' lang='lat' dir='ltr'><strong>est.</strong></span> <span class='ocrx_word' id='word_1_322' title='bbox 2087 720 2330 775; x_wconf 85' lang='lat' dir='ltr'><strong>Dicamus</strong></span> <span class='ocrx_word' id='word_1_323' title='bbox 2358 732 2411 775; x_wconf 92' lang='lat' dir='ltr'><strong>et</strong></span> <span class='ocrx_word' id='word_1_324' title='bbox 2440 736 2538 776; x_wconf 89' lang='lat' dir='ltr'><strong>nos</strong></span> <span class='ocrx_word' id='word_1_325' title='bbox 2578 722 2762 785; x_wconf 89' lang='lat' dir='ltr'><strong>Paulo,</strong></span> <span class='ocrx_word' id='word_1_326' title='bbox 2789 724 3231 792; x_wconf 89' lang='lat' dir='ltr'><strong>quemadmodum</strong></span> <span class='ocrx_word' id='word_1_327' title='bbox 3277 735 3330 779; x_wconf 90' lang='lat' dir='ltr'><strong>et</strong></span> <span class='ocrx_word' id='word_1_328' title='bbox 3372 729 3529 795; x_wconf 87' lang='lat' dir='ltr'><strong>prisci</strong></span> 
     </span>
    </p>
   </div>
   <div class='ocr_carea' id='block_1_45' title="bbox 1952 812 3541 885">
    <p class='ocr_par' dir='ltr' id='par_1_45' title="bbox 1952 812 3541 885">
     <span class='ocr_line' id='line_1_45' title="bbox 1952 812 3541 885; baseline 0.003 -19"><span class='ocrx_word' id='word_1_329' title='bbox 1952 812 2029 866; x_wconf 90' lang='lat' dir='ltr'><strong>illi</strong></span> <span class='ocrx_word' id='word_1_330' title='bbox 2062 831 2073 866; x_wconf 96' lang='lat'><strong>:</strong></span> <span class='ocrx_word' id='word_1_331' title='bbox 2107 813 2231 867; x_wconf 88' lang='lat' dir='ltr'><strong>Cum</strong></span> <span class='ocrx_word' id='word_1_332' title='bbox 2252 815 2303 866; x_wconf 82' lang='lat' dir='ltr'><strong>in</strong></span> <span class='ocrx_word' id='word_1_333' title='bbox 2326 814 2675 867; x_wconf 78' lang='lat' dir='ltr'><strong>Macedoniam</strong></span> <span class='ocrx_word' id='word_1_334' title='bbox 2708 818 3052 885; x_wconf 76' lang='lat' dir='ltr'><strong>pertransieria</strong></span> <span class='ocrx_word' id='word_1_335' title='bbox 3079 859 3093 882; x_wconf 94' lang='lat'><strong>,</strong></span> <span class='ocrx_word' id='word_1_336' title='bbox 3118 819 3258 871; x_wconf 84' lang='lat' dir='ltr'><strong>nobis</strong></span> <span class='ocrx_word' id='word_1_337' title='bbox 3286 818 3541 871; x_wconf 71' lang='lat' dir='ltr'><strong>auxitiare</strong></span> 
     </span>
    </p>
   </div>
   <div class='ocr_carea' id='block_1_46' title="bbox 1952 906 3528 979">
    <p class='ocr_par' dir='ltr' id='par_1_46' title="bbox 1952 906 3528 979">
     <span class='ocr_line' id='line_1_46' title="bbox 1952 906 3528 979; baseline 0.004 -21"><span class='ocrx_word' id='word_1_338' title='bbox 1952 906 2205 971; x_wconf 76' lang='lat' dir='ltr'><strong>(Act.16.</strong></span> <span class='ocrx_word' id='word_1_339' title='bbox 2249 906 2324 978; x_wconf 89' lang='lat'><strong>9).</strong></span> <span class='ocrx_word' id='word_1_340' title='bbox 2378 907 2643 963; x_wconf 85' lang='lat' dir='ltr'><strong>Habemus</strong></span> <span class='ocrx_word' id='word_1_341' title='bbox 2695 910 2983 978; x_wconf 88' lang='lat' dir='ltr'><strong>apostolos,</strong></span> <span class='ocrx_word' id='word_1_342' title='bbox 3034 926 3101 965; x_wconf 89' lang='lat' dir='ltr'><strong>ne</strong></span> <span class='ocrx_word' id='word_1_343' title='bbox 3145 919 3528 979; x_wconf 87' lang='lat' dir='ltr'><strong>torpescamus.</strong></span> 
     </span>
    </p>
   </div>
   <div class='ocr_carea' id='block_1_47' title="bbox 1952 995 3526 1070">
    <p class='ocr_par' dir='ltr' id='par_1_47' title="bbox 1952 995 3526 1070">
     <span class='ocr_line' id='line_1_47' title="bbox 1952 995 3526 1070; baseline 0.002 -20"><span class='ocrx_word' id='word_1_344' title='bbox 1952 995 2238 1055; x_wconf 88' lang='lat' dir='ltr'><strong>Habemus.</strong></span> <span class='ocrx_word' id='word_1_345' title='bbox 2267 998 2500 1067; x_wconf 90' lang='lat' dir='ltr'><strong>inquam,</strong></span> <span class='ocrx_word' id='word_1_346' title='bbox 2528 998 2795 1053; x_wconf 90' lang='lat' dir='ltr'><strong>dominam</strong></span> <span class='ocrx_word' id='word_1_347' title='bbox 2815 1009 3047 1055; x_wconf 91' lang='lat' dir='ltr'><strong>nostram</strong></span> <span class='ocrx_word' id='word_1_348' title='bbox 3069 1010 3305 1056; x_wconf 87' lang='lat' dir='ltr'><strong>sanctam</strong></span> <span class='ocrx_word' id='word_1_349' title='bbox 3333 1002 3526 1070; x_wconf 88' lang='lat' dir='ltr'><strong>Deipa-</strong></span> 
     </span>
    </p>
   </div>
   <div class='ocr_carea' id='block_1_48' title="bbox 1951 1072 3525 1163">
    <p class='ocr_par' dir='ltr' id='par_1_48' title="bbox 1951 1072 3525 1163">
     <span class='ocr_line' id='line_1_48' title="bbox 1951 1072 3525 1163; baseline 0.003 -22"><span class='ocrx_word' id='word_1_350' title='bbox 1951 1103 2083 1151; x_wconf 85' lang='lat' dir='ltr'><strong>ram,</strong></span> <span class='ocrx_word' id='word_1_351' title='bbox 2113 1097 2167 1142; x_wconf 90' lang='lat' dir='ltr'><strong>et</strong></span> <span class='ocrx_word' id='word_1_352' title='bbox 2186 1104 2397 1160; x_wconf 82' lang='lat' dir='ltr'><strong>semper</strong></span> <span class='ocrx_word' id='word_1_353' title='bbox 2418 1072 2687 1159; x_wconf 77' lang='lat' dir='ltr'><strong>Virginem</strong></span> <span class='ocrx_word' id='word_1_354' title='bbox 2711 1090 2949 1156; x_wconf 80' lang='lat' dir='ltr'><strong>Mariam,</strong></span> <span class='ocrx_word' id='word_1_355' title='bbox 2979 1106 3045 1146; x_wconf 89' lang='lat' dir='ltr'><strong>ne</strong></span> <span class='ocrx_word' id='word_1_356' title='bbox 3069 1092 3395 1163; x_wconf 88' lang='lat' dir='ltr'><strong>pigrilemnr.</strong></span> <span class='ocrx_word' id='word_1_357' title='bbox 3429 1093 3525 1146; x_wconf 88' lang='lat' dir='ltr'><strong>lla-</strong></span> 
     </span>
    </p>
   </div>
   <div class='ocr_carea' id='block_1_49' title="bbox 1951 1179 3529 1254">
    <p class='ocr_par' dir='ltr' id='par_1_49' title="bbox 1951 1179 3529 1254">
     <span class='ocr_line' id='line_1_49' title="bbox 1951 1179 3529 1254; baseline 0.004 -22"><span class='ocrx_word' id='word_1_358' title='bbox 1951 1180 2137 1234; x_wconf 89' lang='lat' dir='ltr'><strong>bemus</strong></span> <span class='ocrx_word' id='word_1_359' title='bbox 2165 1179 2386 1235; x_wconf 91' lang='lat' dir='ltr'><strong>chorum</strong></span> <span class='ocrx_word' id='word_1_360' title='bbox 2409 1193 2723 1253; x_wconf 88' lang='lat' dir='ltr'><strong>martyrum,</strong></span> <span class='ocrx_word' id='word_1_361' title='bbox 2755 1198 2822 1238; x_wconf 91' lang='lat' dir='ltr'><strong>ne</strong></span> <span class='ocrx_word' id='word_1_362' title='bbox 2859 1182 3074 1237; x_wconf 89' lang='lat' dir='ltr'><strong>desides</strong></span> <span class='ocrx_word' id='word_1_363' title='bbox 3119 1184 3305 1239; x_wconf 89' lang='lat' dir='ltr'><strong>simus.</strong></span> <span class='ocrx_word' id='word_1_364' title='bbox 3348 1183 3529 1254; x_wconf 83' lang='lat' dir='ltr'><strong>Neque</strong></span> 
     </span>
    </p>
   </div>
   <div class='ocr_carea' id='block_1_50' title="bbox 1949 1272 3527 1343">
    <p class='ocr_par' dir='ltr' id='par_1_50' title="bbox 1949 1272 3527 1343">
     <span class='ocr_line' id='line_1_50' title="bbox 1949 1272 3527 1343; baseline 0.005 -22"><span class='ocrx_word' id='word_1_365' title='bbox 1949 1285 2077 1324; x_wconf 89' lang='lat' dir='ltr'><strong>vero</strong></span> <span class='ocrx_word' id='word_1_366' title='bbox 2104 1280 2305 1325; x_wconf 91' lang='lat' dir='ltr'><strong>tantum</strong></span> <span class='ocrx_word' id='word_1_367' title='bbox 2334 1287 2613 1341; x_wconf 89' lang='lat' dir='ltr'><strong>precemur</strong></span> <span class='ocrx_word' id='word_1_368' title='bbox 2631 1315 2643 1333; x_wconf 90' lang='lat'><strong>,</strong></span> <span class='ocrx_word' id='word_1_369' title='bbox 2677 1272 2792 1337; x_wconf 89' lang='lat' dir='ltr'><strong>sed,</strong></span> <span class='ocrx_word' id='word_1_370' title='bbox 2817 1273 2859 1326; x_wconf 92' lang='lat' dir='ltr'><strong>si</strong></span> <span class='ocrx_word' id='word_1_371' title='bbox 2885 1273 3112 1339; x_wconf 89' lang='lat' dir='ltr'><strong>videtur,</strong></span> <span class='ocrx_word' id='word_1_372' title='bbox 3143 1274 3301 1328; x_wconf 84' lang='lat' dir='ltr'><strong>etiam</strong></span> <span class='ocrx_word' id='word_1_373' title='bbox 3325 1274 3527 1343; x_wconf 73' lang='lat' dir='ltr'><strong>jejuna-</strong></span> 
     </span>
    </p>
   </div>
   <div class='ocr_carea' id='block_1_51' title="bbox 1951 1362 3525 1436">
    <p class='ocr_par' dir='ltr' id='par_1_51' title="bbox 1951 1362 3525 1436">
     <span class='ocr_line' id='line_1_51' title="bbox 1951 1362 3525 1436; baseline 0.006 -23"><span class='ocrx_word' id='word_1_374' title='bbox 1951 1377 2086 1414; x_wconf 90' lang='lat' dir='ltr'><strong>mus.</strong></span> <span class='ocrx_word' id='word_1_375' title='bbox 2130 1362 2305 1418; x_wconf 90' lang='lat' dir='ltr'><strong>Satius</strong></span> <span class='ocrx_word' id='word_1_376' title='bbox 2357 1373 2442 1418; x_wconf 91' lang='lat' dir='ltr'><strong>est</strong></span> <span class='ocrx_word' id='word_1_377' title='bbox 2477 1364 2718 1433; x_wconf 86' lang='lat' dir='ltr'><strong>jejunare</strong></span> <span class='ocrx_word' id='word_1_378' title='bbox 2760 1366 3018 1435; x_wconf 89' lang='lat' dir='ltr'><strong>jejunium</strong></span> <span class='ocrx_word' id='word_1_379' title='bbox 3068 1366 3337 1431; x_wconf 86' lang='lat' dir='ltr'><strong>desiderii,</strong></span> <span class='ocrx_word' id='word_1_380' title='bbox 3368 1382 3525 1436; x_wconf 89' lang='lat' dir='ltr'><strong>quam</strong></span> 
     </span>
    </p>
   </div>
   <div class='ocr_carea' id='block_1_52' title="bbox 1949 1454 3529 1524">
    <p class='ocr_par' dir='ltr' id='par_1_52' title="bbox 1949 1454 3529 1524">
     <span class='ocr_line' id='line_1_52' title="bbox 1949 1454 3529 1524; baseline 0.004 -19"><span class='ocrx_word' id='word_1_381' title='bbox 1949 1454 2102 1509; x_wconf 87' lang='lat' dir='ltr'><strong>famis</strong></span> <span class='ocrx_word' id='word_1_382' title='bbox 2135 1472 2148 1507; x_wconf 90' lang='lat'><strong>:</strong></span> <span class='ocrx_word' id='word_1_383' title='bbox 2179 1455 2365 1520; x_wconf 89' lang='lat' dir='ltr'><strong>satius,</strong></span> <span class='ocrx_word' id='word_1_384' title='bbox 2397 1454 2655 1524; x_wconf 83' lang='lat' dir='ltr'><strong>jejunium</strong></span> <span class='ocrx_word' id='word_1_385' title='bbox 2684 1455 2982 1510; x_wconf 85' lang='lat' dir='ltr'><strong>dilectionis</strong></span> <span class='ocrx_word' id='word_1_386' title='bbox 3003 1498 3019 1522; x_wconf 90' lang='lat'><strong>,</strong></span> <span class='ocrx_word' id='word_1_387' title='bbox 3052 1472 3208 1523; x_wconf 89' lang='lat' dir='ltr'><strong>quam</strong></span> <span class='ocrx_word' id='word_1_388' title='bbox 3242 1458 3529 1511; x_wconf 87' lang='lat' dir='ltr'><strong>necessita-</strong></span> 
     </span>
    </p>
   </div>
   <div class='ocr_carea' id='block_1_53' title="bbox 1950 1544 3522 1619">
    <p class='ocr_par' dir='ltr' id='par_1_53' title="bbox 1950 1544 3522 1619">
     <span class='ocr_line' id='line_1_53' title="bbox 1950 1544 3522 1619; baseline 0.001 -22"><span class='ocrx_word' id='word_1_389' title='bbox 1950 1544 2036 1597; x_wconf 88' lang='lat' dir='ltr'><strong>tis.</strong></span> <span class='ocrx_word' id='word_1_390' title='bbox 2069 1546 2319 1601; x_wconf 89' lang='lat' dir='ltr'><strong>Servator</strong></span> <span class='ocrx_word' id='word_1_391' title='bbox 2337 1545 2403 1600; x_wconf 91' lang='lat' dir='ltr'><strong>de</strong></span> <span class='ocrx_word' id='word_1_392' title='bbox 2426 1547 2756 1602; x_wconf 60' lang='lat' dir='ltr'><strong>daemonibus</strong></span> <span class='ocrx_word' id='word_1_393' title='bbox 2780 1548 2853 1600; x_wconf 90' lang='lat' dir='ltr'><strong>ait</strong></span> <span class='ocrx_word' id='word_1_394' title='bbox 2880 1566 2891 1599; x_wconf 89' lang='lat'><strong>:</strong></span> <span class='ocrx_word' id='word_1_395' title='bbox 2925 1546 3091 1601; x_wconf 81' lang='lat' dir='ltr'><strong>Genus</strong></span> <span class='ocrx_word' id='word_1_396' title='bbox 3128 1548 3220 1600; x_wconf 84' lang='lat' dir='ltr'><strong>hoc</strong></span> <span class='ocrx_word' id='word_1_397' title='bbox 3249 1564 3349 1600; x_wconf 85' lang='lat' dir='ltr'><strong>non</strong></span> <span class='ocrx_word' id='word_1_398' title='bbox 3378 1549 3522 1619; x_wconf 81' lang='lat' dir='ltr'><strong>ejici-</strong></span> 
     </span>
    </p>
   </div>
   <div class='ocr_carea' id='block_1_54' title="bbox 1950 1638 3525 1711">
    <p class='ocr_par' dir='ltr' id='par_1_54' title="bbox 1950 1638 3525 1711">
     <span class='ocr_line' id='line_1_54' title="bbox 1950 1638 3525 1711; baseline 0.001 -20"><span class='ocrx_word' id='word_1_399' title='bbox 1950 1648 2030 1691; x_wconf 87' lang='lat' dir='ltr'><strong>tur</strong></span> <span class='ocrx_word' id='word_1_400' title='bbox 2054 1639 2151 1693; x_wconf 75' lang='lat' dir='ltr'><strong>nisi</strong></span> <span class='ocrx_word' id='word_1_401' title='bbox 2169 1639 2221 1692; x_wconf 83' lang='lat' dir='ltr'><strong>in</strong></span> <span class='ocrx_word' id='word_1_402' title='bbox 2249 1640 2531 1692; x_wconf 88' lang='lat' dir='ltr'><strong>orationeet</strong></span> <span class='ocrx_word' id='word_1_403' title='bbox 2549 1640 2748 1708; x_wconf 82' lang='lat' dir='ltr'><strong>jejunio</strong></span> <span class='ocrx_word' id='word_1_404' title='bbox 2776 1639 2986 1709; x_wconf 83' lang='lat' dir='ltr'><strong>(Matth.</strong></span> <span class='ocrx_word' id='word_1_405' title='bbox 3017 1642 3105 1693; x_wconf 81' lang='lat' dir='ltr'><strong>l7.</strong></span> <span class='ocrx_word' id='word_1_406' title='bbox 3134 1638 3249 1711; x_wconf 69' lang='grc'><strong>20).</strong></span> <span class='ocrx_word' id='word_1_407' title='bbox 3273 1640 3456 1693; x_wconf 86' lang='lat' dir='ltr'><strong>Oratio</strong></span> <span class='ocrx_word' id='word_1_408' title='bbox 3474 1649 3525 1693; x_wconf 89' lang='lat' dir='ltr'><strong>et</strong></span> 
     </span>
    </p>
   </div>
   <div class='ocr_carea' id='block_1_55' title="bbox 1942 1729 3524 1799">
    <p class='ocr_par' dir='ltr' id='par_1_55' title="bbox 1942 1729 3524 1799">
     <span class='ocr_line' id='line_1_55' title="bbox 1942 1729 3524 1799; baseline -0.001 -15"><span class='ocrx_word' id='word_1_409' title='bbox 1942 1729 2199 1799; x_wconf 88' lang='lat' dir='ltr'><strong>jejunium</strong></span> <span class='ocrx_word' id='word_1_410' title='bbox 2224 1729 2495 1785; x_wconf 72' lang='lat' dir='ltr'><strong>daemones</strong></span> <span class='ocrx_word' id='word_1_411' title='bbox 2520 1730 2763 1799; x_wconf 87' lang='lat' dir='ltr'><strong>profligat</strong></span> <span class='ocrx_word' id='word_1_412' title='bbox 2790 1748 2802 1782; x_wconf 86' lang='lat'>:</span> <span class='ocrx_word' id='word_1_413' title='bbox 2836 1740 2890 1784; x_wconf 91' lang='lat' dir='ltr'><strong>et</strong></span> <span class='ocrx_word' id='word_1_414' title='bbox 2918 1730 3177 1785; x_wconf 84' lang='lat' dir='ltr'><strong>barbaros</strong></span> <span class='ocrx_word' id='word_1_415' title='bbox 3207 1746 3311 1784; x_wconf 90' lang='lat' dir='ltr'><strong>non</strong></span> <span class='ocrx_word' id='word_1_416' title='bbox 3345 1729 3524 1798; x_wconf 82' lang='lat' dir='ltr'><strong>profli-</strong></span> 
     </span>
    </p>
   </div>
   <div class='ocr_carea' id='block_1_56' title="bbox 1948 1819 3525 1889">
    <p class='ocr_par' dir='ltr' id='par_1_56' title="bbox 1948 1819 3525 1889">
     <span class='ocr_line' id='line_1_56' title="bbox 1948 1819 3525 1889; baseline 0 -15"><span class='ocrx_word' id='word_1_417' title='bbox 1948 1819 2129 1888; x_wconf 79' lang='lat' dir='ltr'><strong>gabit?</strong></span> <span class='ocrx_word' id='word_1_418' title='bbox 2153 1819 2304 1887; x_wconf 86' lang='lat' dir='ltr'><strong>Quod</strong></span> <span class='ocrx_word' id='word_1_419' title='bbox 2323 1828 2447 1875; x_wconf 89' lang='lat' dir='ltr'><strong>ante</strong></span> <span class='ocrx_word' id='word_1_420' title='bbox 2471 1819 2577 1874; x_wconf 83' lang='lat' dir='ltr'><strong>dixi</strong></span> <span class='ocrx_word' id='word_1_421' title='bbox 2603 1835 2789 1875; x_wconf 90' lang='lat' dir='ltr'><strong>rursus</strong></span> <span class='ocrx_word' id='word_1_422' title='bbox 2828 1820 2947 1875; x_wconf 90' lang='lat' dir='ltr'><strong>dico</strong></span> <span class='ocrx_word' id='word_1_423' title='bbox 2971 1837 2983 1872; x_wconf 94' lang='lat'><strong>:</strong></span> <span class='ocrx_word' id='word_1_424' title='bbox 3016 1835 3264 1889; x_wconf 85' lang='lat' dir='ltr'><strong>rogemus</strong></span> <span class='ocrx_word' id='word_1_425' title='bbox 3291 1829 3525 1875; x_wconf 88' lang='lat' dir='ltr'><strong>sanctam</strong></span> 
     </span>
    </p>
   </div>
   <div class='ocr_carea' id='block_1_57' title="bbox 1947 1910 3527 1981">
    <p class='ocr_par' dir='ltr' id='par_1_57' title="bbox 1947 1910 3527 1981">
     <span class='ocr_line' id='line_1_57' title="bbox 1947 1910 3527 1981; baseline 0.001 -18"><span class='ocrx_word' id='word_1_426' title='bbox 1947 1910 2232 1980; x_wconf 87' lang='lat' dir='ltr'><strong>gloriosam</strong></span> <span class='ocrx_word' id='word_1_427' title='bbox 2253 1911 2521 1981; x_wconf 80' lang='lat' dir='ltr'><strong>Virginem</strong></span> <span class='ocrx_word' id='word_1_428' title='bbox 2568 1919 2623 1966; x_wconf 90' lang='lat' dir='ltr'><strong>et</strong></span> <span class='ocrx_word' id='word_1_429' title='bbox 2668 1910 2946 1981; x_wconf 88' lang='lat' dir='ltr'><strong>Deiparam</strong></span> <span class='ocrx_word' id='word_1_430' title='bbox 2995 1911 3251 1965; x_wconf 88' lang='lat' dir='ltr'><strong>Mariam:</strong></span> <span class='ocrx_word' id='word_1_431' title='bbox 3280 1926 3527 1981; x_wconf 78' lang='lat' dir='ltr'><strong>rogemus</strong></span> 
     </span>
    </p>
   </div>
   <div class='ocr_carea' id='block_1_58' title="bbox 1948 2004 3526 2074">
    <p class='ocr_par' dir='ltr' id='par_1_58' title="bbox 1948 2004 3526 2074">
     <span class='ocr_line' id='line_1_58' title="bbox 1948 2004 3526 2074; baseline 0 -17"><span class='ocrx_word' id='word_1_432' title='bbox 1948 2010 2159 2058; x_wconf 86' lang='lat' dir='ltr'><strong>sanctos</strong></span> <span class='ocrx_word' id='word_1_433' title='bbox 2209 2012 2264 2060; x_wconf 91' lang='lat' dir='ltr'><strong>et</strong></span> <span class='ocrx_word' id='word_1_434' title='bbox 2304 2004 2589 2073; x_wconf 69' lang='lat' dir='ltr'><strong>praeclaros</strong></span> <span class='ocrx_word' id='word_1_435' title='bbox 2647 2004 2916 2073; x_wconf 87' lang='lat' dir='ltr'><strong>apostolos</strong></span> <span class='ocrx_word' id='word_1_436' title='bbox 2962 2020 2974 2056; x_wconf 93' lang='lat'>:</span> <span class='ocrx_word' id='word_1_437' title='bbox 3022 2018 3270 2074; x_wconf 86' lang='lat' dir='ltr'><strong>rogemus</strong></span> <span class='ocrx_word' id='word_1_438' title='bbox 3313 2013 3526 2058; x_wconf 90' lang='lat' dir='ltr'><strong>sanctos</strong></span> 
     </span>
    </p>
   </div>
   <div class='ocr_carea' id='block_1_59' title="bbox 1946 2094 3526 2166">
    <p class='ocr_par' dir='ltr' id='par_1_59' title="bbox 1946 2094 3526 2166">
     <span class='ocr_line' id='line_1_59' title="bbox 1946 2094 3526 2166; baseline -0.001 -17"><span class='ocrx_word' id='word_1_439' title='bbox 1946 2104 2228 2166; x_wconf 85' lang='lat' dir='ltr'><strong>martyres.</strong></span> <span class='ocrx_word' id='word_1_440' title='bbox 2258 2095 2313 2150; x_wconf 92' lang='lat' dir='ltr'><strong>Si</strong></span> <span class='ocrx_word' id='word_1_441' title='bbox 2341 2095 2459 2166; x_wconf 89' lang='lat' dir='ltr'><strong>quis</strong></span> <span class='ocrx_word' id='word_1_442' title='bbox 2487 2096 2802 2150; x_wconf 88' lang='lat' dir='ltr'><strong>necessitate</strong></span> <span class='ocrx_word' id='word_1_443' title='bbox 2829 2094 3053 2162; x_wconf 86' lang='lat' dir='ltr'><strong>quadam</strong></span> <span class='ocrx_word' id='word_1_444' title='bbox 3080 2094 3317 2158; x_wconf 88' lang='lat' dir='ltr'><strong>adactus,</strong></span> <span class='ocrx_word' id='word_1_445' title='bbox 3349 2095 3526 2149; x_wconf 87' lang='lat' dir='ltr'><strong>subito</strong></span> 
     </span>
    </p>
   </div>
   <div class='ocr_carea' id='block_1_60' title="bbox 1948 2184 3525 2257">
    <p class='ocr_par' dir='ltr' id='par_1_60' title="bbox 1948 2184 3525 2257">
     <span class='ocr_line' id='line_1_60' title="bbox 1948 2184 3525 2257; baseline -0.001 -16"><span class='ocrx_word' id='word_1_446' title='bbox 1948 2187 2014 2241; x_wconf 89' lang='lat' dir='ltr'><strong>ad</strong></span> <span class='ocrx_word' id='word_1_447' title='bbox 2064 2187 2293 2257; x_wconf 90' lang='lat' dir='ltr'><strong>aliquem</strong></span> <span class='ocrx_word' id='word_1_448' title='bbox 2344 2187 2696 2257; x_wconf 87' lang='lat' dir='ltr'><strong>potentiorem</strong></span> <span class='ocrx_word' id='word_1_449' title='bbox 2726 2184 3016 2255; x_wconf 83' lang='lat' dir='ltr'><strong>confugiat,</strong></span> <span class='ocrx_word' id='word_1_450' title='bbox 3068 2186 3112 2240; x_wconf 93' lang='lat' dir='ltr'><strong>is</strong></span> <span class='ocrx_word' id='word_1_451' title='bbox 3161 2202 3264 2241; x_wconf 91' lang='lat' dir='ltr'><strong>non</strong></span> <span class='ocrx_word' id='word_1_452' title='bbox 3297 2186 3525 2240; x_wconf 88' lang='lat' dir='ltr'><strong>libenter</strong></span> 
     </span>
    </p>
   </div>
   <div class='ocr_carea' id='block_1_61' title="bbox 1945 2278 3525 2349">
    <p class='ocr_par' dir='ltr' id='par_1_61' title="bbox 1945 2278 3525 2349">
     <span class='ocr_line' id='line_1_61' title="bbox 1945 2278 3525 2349; baseline -0.001 -15"><span class='ocrx_word' id='word_1_453' title='bbox 1945 2279 2122 2349; x_wconf 86' lang='lat' dir='ltr'><strong>ipsum</strong></span> <span class='ocrx_word' id='word_1_454' title='bbox 2169 2278 2382 2349; x_wconf 83' lang='lat' dir='ltr'><strong>excipit.</strong></span> <span class='ocrx_word' id='word_1_455' title='bbox 2424 2280 2563 2334; x_wconf 84' lang='lat' dir='ltr'><strong>Ante</strong></span> <span class='ocrx_word' id='word_1_456' title='bbox 2593 2279 2993 2345; x_wconf 87' lang='lat' dir='ltr'><strong>necessitatem,</strong></span> <span class='ocrx_word' id='word_1_457' title='bbox 3021 2279 3222 2349; x_wconf 79' lang='lat' dir='ltr'><strong>inquit,</strong></span> <span class='ocrx_word' id='word_1_458' title='bbox 3252 2279 3525 2333; x_wconf 85' lang='lat' dir='ltr'><strong>nesciebas</strong></span> 
     </span>
    </p>
   </div>
   <div class='ocr_carea' id='block_1_62' title="bbox 1946 2370 3525 2441">
    <p class='ocr_par' dir='ltr' id='par_1_62' title="bbox 1946 2370 3525 2441">
     <span class='ocr_line' id='line_1_62' title="bbox 1946 2370 3525 2441; baseline -0.001 -13"><span class='ocrx_word' id='word_1_459' title='bbox 1946 2373 2075 2428; x_wconf 91' lang='lat' dir='ltr'><strong>mihi</strong></span> <span class='ocrx_word' id='word_1_460' title='bbox 2130 2373 2387 2429; x_wconf 91' lang='lat' dir='ltr'><strong>honorem</strong></span> <span class='ocrx_word' id='word_1_461' title='bbox 2435 2381 2487 2427; x_wconf 92' lang='lat' dir='ltr'><strong>et</strong></span> <span class='ocrx_word' id='word_1_462' title='bbox 2511 2372 2712 2427; x_wconf 89' lang='lat' dir='ltr'><strong>cultum</strong></span> <span class='ocrx_word' id='word_1_463' title='bbox 2760 2380 3036 2441; x_wconf 86' lang='lat' dir='ltr'><strong>praestare,</strong></span> <span class='ocrx_word' id='word_1_464' title='bbox 3069 2370 3160 2426; x_wconf 90' lang='lat' dir='ltr'><strong>sed</strong></span> <span class='ocrx_word' id='word_1_465' title='bbox 3211 2372 3525 2426; x_wconf 83' lang='lat' dir='ltr'><strong>necessitate</strong></span> 
     </span>
    </p>
   </div>
   <div class='ocr_carea' id='block_1_63' title="bbox 1944 2465 3524 2537">
    <p class='ocr_par' dir='ltr' id='par_1_63' title="bbox 1944 2465 3524 2537">
     <span class='ocr_line' id='line_1_63' title="bbox 1944 2465 3524 2537; baseline -0.003 -14"><span class='ocrx_word' id='word_1_466' title='bbox 1944 2466 2250 2537; x_wconf 88' lang='lat' dir='ltr'><strong>compulsus</strong></span> <span class='ocrx_word' id='word_1_467' title='bbox 2276 2467 2327 2522; x_wconf 90' lang='lat' dir='ltr'><strong>id</strong></span> <span class='ocrx_word' id='word_1_468' title='bbox 2357 2467 2489 2535; x_wconf 85' lang='lat' dir='ltr'><strong>agis.</strong></span> <span class='ocrx_word' id='word_1_469' title='bbox 2524 2466 2684 2520; x_wconf 71' lang='lat' dir='ltr'><strong>Extra</strong></span> <span class='ocrx_word' id='word_1_470' title='bbox 2728 2466 3096 2520; x_wconf 90' lang='lat' dir='ltr'><strong>necessitatem</strong></span> <span class='ocrx_word' id='word_1_471' title='bbox 3119 2465 3291 2521; x_wconf 91' lang='lat' dir='ltr'><strong>honor</strong></span> <span class='ocrx_word' id='word_1_472' title='bbox 3320 2465 3409 2521; x_wconf 91' lang='lat' dir='ltr'><strong>ille</strong></span> <span class='ocrx_word' id='word_1_473' title='bbox 3434 2481 3524 2520; x_wconf 86' lang='lat' dir='ltr'><strong>su-</strong></span> 
     </span>
    </p>
   </div>
   <div class='ocr_carea' id='block_1_64' title="bbox 1943 2556 3521 2628">
    <p class='ocr_par' dir='ltr' id='par_1_64' title="bbox 1943 2556 3521 2628">
     <span class='ocr_line' id='line_1_64' title="bbox 1943 2556 3521 2628; baseline 0.001 -17"><span class='ocrx_word' id='word_1_474' title='bbox 1943 2569 2157 2628; x_wconf 88' lang='lat' dir='ltr'><strong>spectus</strong></span> <span class='ocrx_word' id='word_1_475' title='bbox 2187 2573 2288 2612; x_wconf 92' lang='lat' dir='ltr'><strong>non</strong></span> <span class='ocrx_word' id='word_1_476' title='bbox 2315 2566 2415 2612; x_wconf 91' lang='lat' dir='ltr'><strong>est.</strong></span> <span class='ocrx_word' id='word_1_477' title='bbox 2447 2556 2501 2611; x_wconf 91' lang='lat' dir='ltr'><strong>Si</strong></span> <span class='ocrx_word' id='word_1_478' title='bbox 2541 2566 2664 2612; x_wconf 89' lang='lat' dir='ltr'><strong>ante</strong></span> <span class='ocrx_word' id='word_1_479' title='bbox 2694 2557 3067 2612; x_wconf 89' lang='lat' dir='ltr'><strong>necessitatem</strong></span> <span class='ocrx_word' id='word_1_480' title='bbox 3094 2556 3326 2625; x_wconf 90' lang='lat' dir='ltr'><strong>judicem</strong></span> <span class='ocrx_word' id='word_1_481' title='bbox 3353 2558 3521 2624; x_wconf 88' lang='lat' dir='ltr'><strong>colas,</strong></span> 
     </span>
    </p>
   </div>
   <div class='ocr_carea' id='block_1_65' title="bbox 1945 2648 3523 2719">
    <p class='ocr_par' dir='ltr' id='par_1_65' title="bbox 1945 2648 3523 2719">
     <span class='ocr_line' id='line_1_65' title="bbox 1945 2648 3523 2719; baseline 0.001 -16"><span class='ocrx_word' id='word_1_482' title='bbox 1945 2652 1994 2704; x_wconf 91' lang='lat' dir='ltr'><strong>in</strong></span> <span class='ocrx_word' id='word_1_483' title='bbox 2028 2650 2343 2706; x_wconf 88' lang='lat' dir='ltr'><strong>necessitate</strong></span> <span class='ocrx_word' id='word_1_484' title='bbox 2377 2649 2671 2719; x_wconf 88' lang='lat' dir='ltr'><strong>adjutorem</strong></span> <span class='ocrx_word' id='word_1_485' title='bbox 2701 2650 2955 2718; x_wconf 89' lang='lat' dir='ltr'><strong>reperies.</strong></span> <span class='ocrx_word' id='word_1_486' title='bbox 2986 2648 3303 2704; x_wconf 80' lang='lat' dir='ltr'><strong>Novitenim</strong></span> <span class='ocrx_word' id='word_1_487' title='bbox 3336 2659 3387 2703; x_wconf 89' lang='lat' dir='ltr'><strong>te</strong></span> <span class='ocrx_word' id='word_1_488' title='bbox 3417 2668 3523 2705; x_wconf 88' lang='lat' dir='ltr'><strong>non</strong></span> 
     </span>
    </p>
   </div>
   <div class='ocr_carea' id='block_1_66' title="bbox 1942 2740 3522 2812">
    <p class='ocr_par' dir='ltr' id='par_1_66' title="bbox 1942 2740 3522 2812">
     <span class='ocr_line' id='line_1_66' title="bbox 1942 2740 3522 2812; baseline -0.001 -16"><span class='ocrx_word' id='word_1_489' title='bbox 1942 2743 2276 2807; x_wconf 84' lang='lat' dir='ltr'><strong>necessitate,</strong></span> <span class='ocrx_word' id='word_1_490' title='bbox 2308 2741 2402 2795; x_wconf 92' lang='lat' dir='ltr'><strong>sed</strong></span> <span class='ocrx_word' id='word_1_491' title='bbox 2449 2757 2629 2795; x_wconf 89' lang='lat' dir='ltr'><strong>amore</strong></span> <span class='ocrx_word' id='word_1_492' title='bbox 2674 2741 2775 2811; x_wconf 88' lang='lat' dir='ltr'><strong>agi.</strong></span> <span class='ocrx_word' id='word_1_493' title='bbox 2823 2740 3001 2796; x_wconf 89' lang='lat' dir='ltr'><strong>Simus</strong></span> <span class='ocrx_word' id='word_1_494' title='bbox 3032 2741 3207 2809; x_wconf 90' lang='lat' dir='ltr'><strong>itaque</strong></span> <span class='ocrx_word' id='word_1_495' title='bbox 3230 2750 3522 2812; x_wconf 88' lang='lat' dir='ltr'><strong>martyrum</strong></span> 
     </span>
    </p>
   </div>
   <div class='ocr_carea' id='block_1_67' title="bbox 1940 2833 3525 2900">
    <p class='ocr_par' dir='ltr' id='par_1_67' title="bbox 1940 2833 3525 2900">
     <span class='ocr_line' id='line_1_67' title="bbox 1940 2833 3525 2900; baseline 0.001 -12"><span class='ocrx_word' id='word_1_496' title='bbox 1940 2834 2117 2900; x_wconf 90' lang='lat' dir='ltr'><strong>amici,</strong></span> <span class='ocrx_word' id='word_1_497' title='bbox 2149 2850 2251 2887; x_wconf 90' lang='lat' dir='ltr'><strong>non</strong></span> <span class='ocrx_word' id='word_1_498' title='bbox 2309 2850 2374 2889; x_wconf 88' lang='lat' dir='ltr'><strong>ex</strong></span> <span class='ocrx_word' id='word_1_499' title='bbox 2419 2834 2755 2899; x_wconf 88' lang='lat' dir='ltr'><strong>necessitate,</strong></span> <span class='ocrx_word' id='word_1_500' title='bbox 2803 2833 2895 2888; x_wconf 93' lang='lat' dir='ltr'><strong>sed</strong></span> <span class='ocrx_word' id='word_1_501' title='bbox 2946 2849 3013 2888; x_wconf 84' lang='lat' dir='ltr'><strong>ex</strong></span> <span class='ocrx_word' id='word_1_502' title='bbox 3051 2834 3525 2889; x_wconf 78' lang='lat' dir='ltr'><strong>dilectionezante</strong></span> 
     </span>
    </p>
   </div>
   <div class='ocr_carea' id='block_1_68' title="bbox 1942 2926 3524 2997">
    <p class='ocr_par' dir='ltr' id='par_1_68' title="bbox 1942 2926 3524 2997">
     <span class='ocr_line' id='line_1_68' title="bbox 1942 2926 3524 2997; baseline 0.001 -17"><span class='ocrx_word' id='word_1_503' title='bbox 1942 2934 2327 2995; x_wconf 89' lang='lat' dir='ltr'><strong>tempestatem,</strong></span> <span class='ocrx_word' id='word_1_504' title='bbox 2360 2937 2415 2981; x_wconf 90' lang='lat' dir='ltr'><strong>ut</strong></span> <span class='ocrx_word' id='word_1_505' title='bbox 2468 2927 2869 2997; x_wconf 86' lang='lat' dir='ltr'><strong>tempestatibus</strong></span> <span class='ocrx_word' id='word_1_506' title='bbox 2911 2926 3093 2981; x_wconf 87' lang='lat' dir='ltr'><strong>afflicti</strong></span> <span class='ocrx_word' id='word_1_507' title='bbox 3138 2927 3429 2989; x_wconf 86' lang='lat' dir='ltr'><strong>doleamus,</strong></span> <span class='ocrx_word' id='word_1_508' title='bbox 3464 2935 3524 2983; x_wconf 88' lang='lat' dir='ltr'><strong>ut</strong></span> 
     </span>
    </p>
   </div>
   <div class='ocr_carea' id='block_1_69' title="bbox 1941 3019 3518 3088">
    <p class='ocr_par' dir='ltr' id='par_1_69' title="bbox 1941 3019 3518 3088">
     <span class='ocr_line' id='line_1_69' title="bbox 1941 3019 3518 3088; baseline 0 -15"><span class='ocrx_word' id='word_1_509' title='bbox 1941 3020 1992 3073; x_wconf 93' lang='lat' dir='ltr'><strong>in</strong></span> <span class='ocrx_word' id='word_1_510' title='bbox 2021 3028 2332 3088; x_wconf 87' lang='lat' dir='ltr'><strong>tempestate</strong></span> <span class='ocrx_word' id='word_1_511' title='bbox 2358 3036 2448 3073; x_wconf 89' lang='lat' dir='ltr'><strong>ver</strong></span> <span class='ocrx_word' id='word_1_512' title='bbox 2471 3020 2820 3074; x_wconf 88' lang='lat' dir='ltr'><strong>inveniamus.</strong></span> <span class='ocrx_word' id='word_1_513' title='bbox 2853 3019 2980 3074; x_wconf 59' lang='lat' dir='ltr'><strong>Haec</strong></span> <span class='ocrx_word' id='word_1_514' title='bbox 3009 3020 3255 3079; x_wconf 87' lang='lat' dir='ltr'><strong>dicimus,</strong></span> <span class='ocrx_word' id='word_1_515' title='bbox 3280 3035 3383 3075; x_wconf 90' lang='lat' dir='ltr'><strong>non</strong></span> <span class='ocrx_word' id='word_1_516' title='bbox 3416 3020 3518 3073; x_wconf 89' lang='lat' dir='ltr'><strong>im-</strong></span> 
     </span>
    </p>
   </div>
   <div class='ocr_carea' id='block_1_70' title="bbox 1940 3107 3517 3180">
    <p class='ocr_par' dir='ltr' id='par_1_70' title="bbox 1940 3107 3517 3180">
     <span class='ocr_line' id='line_1_70' title="bbox 1940 3107 3517 3180; baseline -0.001 -15"><span class='ocrx_word' id='word_1_517' title='bbox 1940 3119 2221 3180; x_wconf 75' lang='lat' dir='ltr'><strong>perantes,</strong></span> <span class='ocrx_word' id='word_1_518' title='bbox 2268 3109 2360 3164; x_wconf 89' lang='lat' dir='ltr'><strong>sed</strong></span> <span class='ocrx_word' id='word_1_519' title='bbox 2405 3109 2711 3175; x_wconf 84' lang='lat' dir='ltr'><strong>hortantes;</strong></span> <span class='ocrx_word' id='word_1_520' title='bbox 2769 3124 2874 3163; x_wconf 92' lang='lat' dir='ltr'><strong>non</strong></span> <span class='ocrx_word' id='word_1_521' title='bbox 2912 3109 3082 3179; x_wconf 90' lang='lat' dir='ltr'><strong>legem</strong></span> <span class='ocrx_word' id='word_1_522' title='bbox 3131 3107 3389 3173; x_wconf 81' lang='lat' dir='ltr'><strong>ferentes,</strong></span> <span class='ocrx_word' id='word_1_523' title='bbox 3423 3110 3517 3164; x_wconf 90' lang='lat' dir='ltr'><strong>sed</strong></span> 
     </span>
    </p>
   </div>
   <div class='ocr_carea' id='block_1_71' title="bbox 1938 3200 3518 3269">
    <p class='ocr_par' dir='ltr' id='par_1_71' title="bbox 1938 3200 3518 3269">
     <span class='ocr_line' id='line_1_71' title="bbox 1938 3200 3518 3269; baseline -0.001 -14"><span class='ocrx_word' id='word_1_524' title='bbox 1938 3203 2277 3256; x_wconf 86' lang='lat' dir='ltr'><strong>obsecrantes</strong></span> <span class='ocrx_word' id='word_1_525' title='bbox 2321 3218 2334 3254; x_wconf 94' lang='lat'>:</span> <span class='ocrx_word' id='word_1_526' title='bbox 2386 3216 2662 3269; x_wconf 86' lang='lat' dir='ltr'><strong>precamur</strong></span> <span class='ocrx_word' id='word_1_527' title='bbox 2692 3209 2746 3252; x_wconf 92' lang='lat' dir='ltr'><strong>ut</strong></span> <span class='ocrx_word' id='word_1_528' title='bbox 2775 3214 2961 3255; x_wconf 84' lang='lat' dir='ltr'><strong>omnes</strong></span> <span class='ocrx_word' id='word_1_529' title='bbox 2991 3200 3167 3255; x_wconf 91' lang='lat' dir='ltr'><strong>sobrie</strong></span> <span class='ocrx_word' id='word_1_530' title='bbox 3188 3201 3383 3253; x_wconf 89' lang='lat' dir='ltr'><strong>vivant.</strong></span> <span class='ocrx_word' id='word_1_531' title='bbox 3414 3200 3518 3253; x_wconf 81' lang='lat' dir='ltr'><strong>Po-</strong></span> 
     </span>
    </p>
   </div>
   <div class='ocr_carea' id='block_1_72' title="bbox 1938 3291 3517 3361">
    <p class='ocr_par' dir='ltr' id='par_1_72' title="bbox 1938 3291 3517 3361">
     <span class='ocr_line' id='line_1_72' title="bbox 1938 3291 3517 3361; baseline -0.003 -12"><span class='ocrx_word' id='word_1_532' title='bbox 1938 3305 2239 3350; x_wconf 86' lang='lat' dir='ltr'><strong>testantem</strong></span> <span class='ocrx_word' id='word_1_533' title='bbox 2273 3294 2432 3358; x_wconf 90' lang='lat' dir='ltr'><strong>Deus,</strong></span> <span class='ocrx_word' id='word_1_534' title='bbox 2466 3301 2659 3361; x_wconf 74' lang='lat' dir='ltr'><strong>praeter</strong></span> <span class='ocrx_word' id='word_1_535' title='bbox 2700 3292 2874 3356; x_wconf 86' lang='lat' dir='ltr'><strong>fidem,</strong></span> <span class='ocrx_word' id='word_1_536' title='bbox 2909 3301 3100 3360; x_wconf 72' lang='lat' dir='ltr'><strong>prteter</strong></span> <span class='ocrx_word' id='word_1_537' title='bbox 3140 3293 3400 3346; x_wconf 88' lang='lat' dir='ltr'><strong>rationem</strong></span> <span class='ocrx_word' id='word_1_538' title='bbox 3429 3291 3517 3345; x_wconf 84' lang='lat' dir='ltr'><strong>ho-</strong></span> 
     </span>
    </p>
   </div>
   <div class='ocr_carea' id='block_1_73' title="bbox 1937 3382 3515 3455">
    <p class='ocr_par' dir='ltr' id='par_1_73' title="bbox 1937 3382 3515 3455">
     <span class='ocr_line' id='line_1_73' title="bbox 1937 3382 3515 3455; baseline -0.003 -14"><span class='ocrx_word' id='word_1_539' title='bbox 1937 3397 2045 3441; x_wconf 73' lang='lat' dir='ltr'><strong>stes</strong></span> <span class='ocrx_word' id='word_1_540' title='bbox 2076 3385 2359 3455; x_wconf 86' lang='lat' dir='ltr'><strong>ignominia</strong></span> <span class='ocrx_word' id='word_1_541' title='bbox 2398 3384 2631 3448; x_wconf 84' lang='lat' dir='ltr'><strong>afficere,</strong></span> <span class='ocrx_word' id='word_1_542' title='bbox 2659 3384 2803 3437; x_wconf 89' lang='lat' dir='ltr'><strong>orbis</strong></span> <span class='ocrx_word' id='word_1_543' title='bbox 2842 3383 3080 3437; x_wconf 88' lang='lat' dir='ltr'><strong>misereri</strong></span> <span class='ocrx_word' id='word_1_544' title='bbox 3112 3424 3127 3447; x_wconf 96' lang='lat'><strong>,</strong></span> <span class='ocrx_word' id='word_1_545' title='bbox 3161 3382 3515 3451; x_wconf 86' lang='lat' dir='ltr'><strong>Imperatores</strong></span> 
     </span>
    </p>
   </div>
   <div class='ocr_carea' id='block_1_74' title="bbox 1938 3474 3516 3545">
    <p class='ocr_par' dir='ltr' id='par_1_74' title="bbox 1938 3474 3516 3545">
     <span class='ocr_line' id='line_1_74' title="bbox 1938 3474 3516 3545; baseline -0.002 -13"><span class='ocrx_word' id='word_1_546' title='bbox 1938 3481 2139 3533; x_wconf 91' lang='lat' dir='ltr'><strong>honore</strong></span> <span class='ocrx_word' id='word_1_547' title='bbox 2168 3478 2404 3541; x_wconf 85' lang='lat' dir='ltr'><strong>afficere,</strong></span> <span class='ocrx_word' id='word_1_548' title='bbox 2439 3478 2714 3545; x_wconf 87' lang='lat' dir='ltr'><strong>imperium</strong></span> <span class='ocrx_word' id='word_1_549' title='bbox 2744 3475 2976 3539; x_wconf 85' lang='lat' dir='ltr'><strong>firmare,</strong></span> <span class='ocrx_word' id='word_1_550' title='bbox 3000 3490 3257 3542; x_wconf 88' lang='lat' dir='ltr'><strong>suamque</strong></span> <span class='ocrx_word' id='word_1_551' title='bbox 3293 3474 3516 3543; x_wconf 88' lang='lat' dir='ltr'><strong>gloriam</strong></span> 
     </span>
    </p>
   </div>
   <div class='ocr_carea' id='block_1_75' title="bbox 1937 3566 3508 3636">
    <p class='ocr_par' dir='ltr' id='par_1_75' title="bbox 1937 3566 3508 3636">
     <span class='ocr_line' id='line_1_75' title="bbox 1937 3566 3508 3636; baseline -0.005 -9"><span class='ocrx_word' id='word_1_552' title='bbox 1937 3574 2200 3627; x_wconf 83' lang='lat' dir='ltr'><strong>illustrare</strong></span> <span class='ocrx_word' id='word_1_553' title='bbox 2224 3572 2274 3624; x_wconf 93' lang='lat' dir='ltr'><strong>in</strong></span> <span class='ocrx_word' id='word_1_554' title='bbox 2297 3570 2509 3625; x_wconf 89' lang='lat' dir='ltr'><strong>Christo</strong></span> <span class='ocrx_word' id='word_1_555' title='bbox 2530 3569 2653 3623; x_wconf 85' lang='lat' dir='ltr'><strong>Jcsu</strong></span> <span class='ocrx_word' id='word_1_556' title='bbox 2682 3567 2906 3622; x_wconf 88' lang='lat' dir='ltr'><strong>Domino</strong></span> <span class='ocrx_word' id='word_1_557' title='bbox 2927 3575 3129 3634; x_wconf 90' lang='lat' dir='ltr'><strong>nostro,</strong></span> <span class='ocrx_word' id='word_1_558' title='bbox 3154 3566 3237 3621; x_wconf 90' lang='lat' dir='ltr'><strong>cui</strong></span> <span class='ocrx_word' id='word_1_559' title='bbox 3263 3566 3430 3636; x_wconf 89' lang='lat' dir='ltr'><strong>gloria</strong></span> <span class='ocrx_word' id='word_1_560' title='bbox 3455 3566 3508 3619; x_wconf 91' lang='lat' dir='ltr'><strong>in</strong></span> 
     </span>
    </p>
   </div>
   <div class='ocr_carea' id='block_1_76' title="bbox 1936 3662 2366 3718">
    <p class='ocr_par' dir='ltr' id='par_1_76' title="bbox 1936 3662 2366 3718">
     <span class='ocr_line' id='line_1_76' title="bbox 1936 3662 2366 3718; baseline -0.007 -1"><span class='ocrx_word' id='word_1_561' title='bbox 1936 3662 2149 3718; x_wconf 65' lang='lat' dir='ltr'><strong>saecula.</strong></span> <span class='ocrx_word' id='word_1_562' title='bbox 2176 3663 2366 3716; x_wconf 84' lang='lat' dir='ltr'><strong>Amen.</strong></span> 
     </span>
    </p>
   </div>
   <div class='ocr_carea' id='block_1_77' title="bbox 293 3951 3493 3999">
    <p class='ocr_par' dir='ltr' id='par_1_77' title="bbox 293 3951 3493 3999">
     <span class='ocr_line' id='line_1_77' title="bbox 293 3951 3493 3999; baseline 0.005 -17"><span class='ocrx_word' id='word_1_563' title='bbox 293 3951 3493 3999; x_wconf 25' lang='grc' dir='ltr'>ὣ</span> 
     </span>
    </p>
   </div>
   <div class='ocr_carea' id='block_1_78' title="bbox 292 3970 631 3983">
    <p class='ocr_par' dir='ltr' id='par_1_78' title="bbox 292 3970 631 3983">
     <span class='ocr_line' id='line_1_78' title="bbox 292 3970 631 3983; baseline 0.003 -1"><span class='ocrx_word' id='word_1_564' title='bbox 292 3970 631 3983; x_wconf 49' lang='lat'><strong>‘—</strong></span> 
     </span>
    </p>
   </div>
   <div class='ocr_carea' id='block_1_79' title="bbox 1324 4194 2437 4269">
    <p class='ocr_par' dir='ltr' id='par_1_79' title="bbox 1324 4194 2437 4269">
     <span class='ocr_line' id='line_1_79' title="bbox 1324 4194 2437 4269; baseline 0.008 -17"><span class='ocrx_word' id='word_1_565' title='bbox 1324 4194 1404 4254; x_wconf 84' lang='lat' dir='ltr'><strong>IN</strong></span> <span class='ocrx_word' id='word_1_566' title='bbox 1468 4194 1877 4256; x_wconf 82' lang='lat' dir='ltr'><strong>HOMILIAM</strong></span> <span class='ocrx_word' id='word_1_567' title='bbox 1938 4195 2437 4269; x_wconf 80' lang='lat' dir='ltr'><strong>SEQUENTEM.</strong></span> 
     </span>
    </p>
   </div>
   <div class='ocr_carea' id='block_1_80' title="bbox 262 4403 3503 4493">
    <p class='ocr_par' dir='ltr' id='par_1_80' title="bbox 262 4403 3503 4493">
     <span class='ocr_line' id='line_1_80' title="bbox 262 4403 3503 4493; baseline 0.006 -34"><span class='ocrx_word' id='word_1_568' title='bbox 262 4404 448 4475; x_wconf 89' lang='lat' dir='ltr'><strong>prima,</strong></span> <span class='ocrx_word' id='word_1_569' title='bbox 482 4415 539 4461; x_wconf 89' lang='lat' dir='ltr'><strong>et</strong></span> <span class='ocrx_word' id='word_1_570' title='bbox 568 4403 795 4460; x_wconf 86' lang='lat' dir='ltr'><strong>Joannis</strong></span> <span class='ocrx_word' id='word_1_571' title='bbox 826 4405 955 4460; x_wconf 80' lang='lat' dir='ltr'><strong>item</strong></span> <span class='ocrx_word' id='word_1_572' title='bbox 991 4404 1185 4475; x_wconf 90' lang='lat' dir='ltr'><strong>prima,</strong></span> <span class='ocrx_word' id='word_1_573' title='bbox 1217 4420 1337 4474; x_wconf 83' lang='lat' dir='ltr'><strong>quae</strong></span> <span class='ocrx_word' id='word_1_574' title='bbox 1369 4413 1486 4459; x_wconf 87' lang='lat' dir='ltr'><strong>erat</strong></span> <span class='ocrx_word' id='word_1_575' title='bbox 1511 4406 1695 4475; x_wconf 84' lang='lat' dir='ltr'><strong>Opinio</strong></span> <span class='ocrx_word' id='word_1_576' title='bbox 1743 4406 1999 4477; x_wconf 73' lang='lat' dir='ltr'><strong>Syrorum</strong></span> <span class='ocrx_word' id='word_1_577' title='bbox 2027 4419 2081 4463; x_wconf 91' lang='lat' dir='ltr'><strong>et</strong></span> <span class='ocrx_word' id='word_1_578' title='bbox 2109 4410 2364 4466; x_wconf 69' lang='lat' dir='ltr'><strong>Ecclesiae</strong></span> <span class='ocrx_word' id='word_1_579' title='bbox 2390 4410 2762 4482; x_wconf 69' lang='lat' dir='ltr'><strong>Antiochense,</strong></span> <span class='ocrx_word' id='word_1_580' title='bbox 2810 4417 2861 4472; x_wconf 89' lang='lat' dir='ltr'><strong>id</strong></span> <span class='ocrx_word' id='word_1_581' title='bbox 2914 4419 3055 4490; x_wconf 91' lang='lat' dir='ltr'><strong>quod</strong></span> <span class='ocrx_word' id='word_1_582' title='bbox 3102 4420 3303 4478; x_wconf 90' lang='lat' dir='ltr'><strong>ibidem</strong></span> <span class='ocrx_word' id='word_1_583' title='bbox 3334 4424 3503 4493; x_wconf 90' lang='lat' dir='ltr'><strong>pluri-</strong></span> 
     </span>
    </p>
   </div>
   <div class='ocr_carea' id='block_1_81' title="bbox 262 4493 3500 4583">
    <p class='ocr_par' dir='ltr' id='par_1_81' title="bbox 262 4493 3500 4583">
     <span class='ocr_line' id='line_1_81' title="bbox 262 4493 3500 4583; baseline 0.007 -34"><span class='ocrx_word' id='word_1_584' title='bbox 262 4497 357 4549; x_wconf 90' lang='lat' dir='ltr'><strong>bus</strong></span> <span class='ocrx_word' id='word_1_585' title='bbox 382 4494 954 4550; x_wconf 89' lang='lat' dir='ltr'><strong>commonstravimus.</strong></span> <span class='ocrx_word' id='word_1_586' title='bbox 1009 4493 1138 4549; x_wconf 87' lang='lat' dir='ltr'><strong>Inde</strong></span> <span class='ocrx_word' id='word_1_587' title='bbox 1164 4510 1293 4549; x_wconf 88' lang='lat' dir='ltr'><strong>vero</strong></span> <span class='ocrx_word' id='word_1_588' title='bbox 1326 4496 1585 4549; x_wconf 87' lang='lat' dir='ltr'><strong>asseritur</strong></span> <span class='ocrx_word' id='word_1_589' title='bbox 1626 4496 1765 4551; x_wconf 87' lang='lat' dir='ltr'><strong>banc</strong></span> <span class='ocrx_word' id='word_1_590' title='bbox 1797 4498 2091 4561; x_wconf 88' lang='lat' dir='ltr'><strong>homiliam,</strong></span> <span class='ocrx_word' id='word_1_591' title='bbox 2125 4500 2167 4553; x_wconf 90' lang='lat' dir='ltr'><strong>si</strong></span> <span class='ocrx_word' id='word_1_592' title='bbox 2216 4516 2326 4553; x_wconf 89' lang='lat' dir='ltr'><strong>non</strong></span> <span class='ocrx_word' id='word_1_593' title='bbox 2370 4500 2761 4573; x_wconf 77' lang='lat' dir='ltr'><strong>Chrysostomi,</strong></span> <span class='ocrx_word' id='word_1_594' title='bbox 2819 4509 2971 4577; x_wconf 84' lang='lat' dir='ltr'><strong>cujus</strong></span> <span class='ocrx_word' id='word_1_595' title='bbox 3025 4526 3222 4566; x_wconf 85' lang='lat' dir='ltr'><strong>nomen</strong></span> <span class='ocrx_word' id='word_1_596' title='bbox 3262 4516 3500 4583; x_wconf 61' lang='lat' dir='ltr'><strong>praefert,</strong></span> 
     </span>
    </p>
   </div>
   <div class='ocr_carea' id='block_1_82' title="bbox 260 4586 3495 4678">
    <p class='ocr_par' dir='ltr' id='par_1_82' title="bbox 260 4586 3495 4678">
     <span class='ocr_line' id='line_1_82' title="bbox 260 4586 3495 4678; baseline 0.006 -36"><span class='ocrx_word' id='word_1_597' title='bbox 260 4589 479 4660; x_wconf 87' lang='lat' dir='ltr'><strong>alicujus</strong></span> <span class='ocrx_word' id='word_1_598' title='bbox 513 4597 667 4643; x_wconf 88' lang='lat' dir='ltr'><strong>certe</strong></span> <span class='ocrx_word' id='word_1_599' title='bbox 699 4604 762 4642; x_wconf 82' lang='lat' dir='ltr'><strong>ex</strong></span> <span class='ocrx_word' id='word_1_600' title='bbox 800 4587 1144 4658; x_wconf 76' lang='lat' dir='ltr'><strong>presbyteris,</strong></span> <span class='ocrx_word' id='word_1_601' title='bbox 1199 4586 1370 4656; x_wconf 91' lang='lat' dir='ltr'><strong>ipsius</strong></span> <span class='ocrx_word' id='word_1_602' title='bbox 1414 4588 1706 4652; x_wconf 88' lang='lat' dir='ltr'><strong>sodalibus,</strong></span> <span class='ocrx_word' id='word_1_603' title='bbox 1739 4604 1892 4653; x_wconf 88' lang='lat' dir='ltr'><strong>esse;</strong></span> <span class='ocrx_word' id='word_1_604' title='bbox 1941 4590 1991 4644; x_wconf 89' lang='lat' dir='ltr'><strong>id</strong></span> <span class='ocrx_word' id='word_1_605' title='bbox 2021 4591 2182 4645; x_wconf 90' lang='lat' dir='ltr'><strong>etiam</strong></span> <span class='ocrx_word' id='word_1_606' title='bbox 2210 4592 2351 4657; x_wconf 79' lang='lat' dir='ltr'><strong>inde</strong></span> <span class='ocrx_word' id='word_1_607' title='bbox 2379 4596 2656 4663; x_wconf 91' lang='lat' dir='ltr'><strong>probatur,</strong></span> <span class='ocrx_word' id='word_1_608' title='bbox 2689 4600 2831 4667; x_wconf 89' lang='lat' dir='ltr'><strong>quod</strong></span> <span class='ocrx_word' id='word_1_609' title='bbox 2859 4602 3235 4660; x_wconf 89' lang='lat' dir='ltr'><strong>admirandum</strong></span> <span class='ocrx_word' id='word_1_610' title='bbox 3264 4618 3495 4678; x_wconf 90' lang='lat' dir='ltr'><strong>patrem,</strong></span> 
     </span>
    </p>
   </div>
   <div class='ocr_carea' id='block_1_83' title="bbox 260 4681 3497 4777">
    <p class='ocr_par' dir='ltr' id='par_1_83' title="bbox 260 4681 3497 4777">
     <span class='ocr_line' id='line_1_83' title="bbox 260 4681 3497 4777; baseline 0.008 -42"><span class='ocrx_word' id='word_1_611' title='bbox 260 4683 308 4735; x_wconf 91' lang='lat' dir='ltr'><strong>id</strong></span> <span class='ocrx_word' id='word_1_612' title='bbox 340 4692 421 4737; x_wconf 89' lang='lat' dir='ltr'><strong>est</strong></span> <span class='ocrx_word' id='word_1_613' title='bbox 454 4683 775 4753; x_wconf 82' lang='lat' dir='ltr'><strong>episcopum</strong></span> <span class='ocrx_word' id='word_1_614' title='bbox 810 4681 1147 4745; x_wconf 85' lang='lat' dir='ltr'><strong>Flavianum,</strong></span> <span class='ocrx_word' id='word_1_615' title='bbox 1188 4681 1339 4750; x_wconf 88' lang='lat' dir='ltr'><strong>quasi</strong></span> <span class='ocrx_word' id='word_1_616' title='bbox 1366 4693 1686 4751; x_wconf 82' lang='lat' dir='ltr'><strong>praesentem</strong></span> <span class='ocrx_word' id='word_1_617' title='bbox 1735 4686 2088 4741; x_wconf 90' lang='lat' dir='ltr'><strong>concionator</strong></span> <span class='ocrx_word' id='word_1_618' title='bbox 2110 4701 2501 4746; x_wconf 88' lang='lat' dir='ltr'><strong>commemoret</strong></span> <span class='ocrx_word' id='word_1_619' title='bbox 2530 4701 2583 4746; x_wconf 89' lang='lat' dir='ltr'><strong>et</strong></span> <span class='ocrx_word' id='word_1_620' title='bbox 2614 4704 2800 4750; x_wconf 88' lang='lat' dir='ltr'><strong>contra</strong></span> <span class='ocrx_word' id='word_1_621' title='bbox 2829 4698 3122 4755; x_wconf 73' lang='lat' dir='ltr'><strong>Anommos</strong></span> <span class='ocrx_word' id='word_1_622' title='bbox 3152 4714 3372 4775; x_wconf 86' lang='lat' dir='ltr'><strong>pugnet,</strong></span> <span class='ocrx_word' id='word_1_623' title='bbox 3405 4709 3497 4777; x_wconf 90' lang='lat' dir='ltr'><strong>qui</strong></span> 
     </span>
    </p>
   </div>
   <div class='ocr_carea' id='block_1_84' title="bbox 259 4772 3498 4860">
    <p class='ocr_par' dir='ltr' id='par_1_84' title="bbox 259 4772 3498 4860">
     <span class='ocr_line' id='line_1_84' title="bbox 259 4772 3498 4860; baseline 0.009 -35"><span class='ocrx_word' id='word_1_624' title='bbox 259 4782 368 4827; x_wconf 88' lang='lat' dir='ltr'><strong>tum</strong></span> <span class='ocrx_word' id='word_1_625' title='bbox 398 4774 718 4844; x_wconf 88' lang='lat' dir='ltr'><strong>frequentes</strong></span> <span class='ocrx_word' id='word_1_626' title='bbox 768 4782 924 4828; x_wconf 88' lang='lat' dir='ltr'><strong>erant</strong></span> <span class='ocrx_word' id='word_1_627' title='bbox 950 4772 1273 4826; x_wconf 75' lang='lat' dir='ltr'><strong>Antiochiae.</strong></span> <span class='ocrx_word' id='word_1_628' title='bbox 1322 4772 1692 4842; x_wconf 75' lang='lat' dir='ltr'><strong>Cbrysostomi</strong></span> <span class='ocrx_word' id='word_1_629' title='bbox 1747 4785 1895 4830; x_wconf 91' lang='lat' dir='ltr'><strong>certe</strong></span> <span class='ocrx_word' id='word_1_630' title='bbox 1946 4793 2053 4830; x_wconf 88' lang='lat' dir='ltr'><strong>non</strong></span> <span class='ocrx_word' id='word_1_631' title='bbox 2082 4780 2215 4833; x_wconf 80' lang='lat' dir='ltr'><strong>esse&#39;</strong></span> <span class='ocrx_word' id='word_1_632' title='bbox 2247 4780 2422 4851; x_wconf 87' lang='lat' dir='ltr'><strong>arguit</strong></span> <span class='ocrx_word' id='word_1_633' title='bbox 2469 4783 2776 4839; x_wconf 88' lang='lat' dir='ltr'><strong>omnimoda</strong></span> <span class='ocrx_word' id='word_1_634' title='bbox 2823 4788 2943 4858; x_wconf 87' lang='lat' dir='ltr'><strong>styli</strong></span> <span class='ocrx_word' id='word_1_635' title='bbox 2993 4772 3297 4860; x_wconf 77' lang='lat' dir='ltr'><strong>diversitas,</strong></span> <span class='ocrx_word' id='word_1_636' title='bbox 3349 4772 3498 4854; x_wconf 80' lang='lat' dir='ltr'><strong>tanta</strong></span> 
     </span>
    </p>
   </div>
   <div class='ocr_carea' id='block_1_85' title="bbox 258 4868 3501 4958">
    <p class='ocr_par' dir='ltr' id='par_1_85' title="bbox 258 4868 3501 4958">
     <span class='ocr_line' id='line_1_85' title="bbox 258 4868 3501 4958; baseline 0.009 -40"><span class='ocrx_word' id='word_1_637' title='bbox 258 4870 457 4924; x_wconf 78' lang='lat' dir='ltr'><strong>scilicet</strong></span> <span class='ocrx_word' id='word_1_638' title='bbox 481 4877 745 4940; x_wconf 88' lang='lat' dir='ltr'><strong>quantam</strong></span> <span class='ocrx_word' id='word_1_639' title='bbox 773 4869 860 4923; x_wconf 82' lang='lat' dir='ltr'><strong>vix</strong></span> <span class='ocrx_word' id='word_1_640' title='bbox 895 4868 1022 4923; x_wconf 88' lang='lat' dir='ltr'><strong>alibi</strong></span> <span class='ocrx_word' id='word_1_641' title='bbox 1073 4883 1329 4937; x_wconf 88' lang='lat' dir='ltr'><strong>umquam</strong></span> <span class='ocrx_word' id='word_1_642' title='bbox 1362 4869 1758 4938; x_wconf 89' lang='lat' dir='ltr'><strong>deprehendas.</strong></span> <span class='ocrx_word' id='word_1_643' title='bbox 1805 4871 1985 4928; x_wconf 90' lang='lat' dir='ltr'><strong>lnnuit</strong></span> <span class='ocrx_word' id='word_1_644' title='bbox 2028 4873 2425 4941; x_wconf 88' lang='lat' dir='ltr'><strong>Tillemontius,</strong></span> <span class='ocrx_word' id='word_1_645' title='bbox 2476 4894 2637 4947; x_wconf 90' lang='lat' dir='ltr'><strong>posse</strong></span> <span class='ocrx_word' id='word_1_646' title='bbox 2683 4879 2962 4939; x_wconf 89' lang='lat' dir='ltr'><strong>Severiani</strong></span> <span class='ocrx_word' id='word_1_647' title='bbox 2993 4901 3134 4954; x_wconf 85' lang='lat' dir='ltr'><strong>esse,</strong></span> <span class='ocrx_word' id='word_1_648' title='bbox 3180 4891 3273 4958; x_wconf 92' lang='lat' dir='ltr'><strong>qui</strong></span> <span class='ocrx_word' id='word_1_649' title='bbox 3317 4907 3501 4951; x_wconf 89' lang='lat' dir='ltr'><strong>coram</strong></span> 
     </span>
    </p>
   </div>
   <div class='ocr_carea' id='block_1_86' title="bbox 256 4961 3499 5042">
    <p class='ocr_par' dir='ltr' id='par_1_86' title="bbox 256 4961 3499 5042">
     <span class='ocr_line' id='line_1_86' title="bbox 256 4961 3499 5042; baseline 0.009 -29"><span class='ocrx_word' id='word_1_650' title='bbox 256 4962 644 5033; x_wconf 87' lang='lat' dir='ltr'><strong>Chrysostomo</strong></span> <span class='ocrx_word' id='word_1_651' title='bbox 689 4964 1100 5032; x_wconf 86' lang='lat' dir='ltr'><strong>archiepiscopo</strong></span> <span class='ocrx_word' id='word_1_652' title='bbox 1142 4961 1761 5034; x_wconf 87' lang='lat' dir='ltr'><strong>Constantinopolitano,</strong></span> <span class='ocrx_word' id='word_1_653' title='bbox 1798 4976 1925 5023; x_wconf 89' lang='lat' dir='ltr'><strong>tunc</strong></span> <span class='ocrx_word' id='word_1_654' title='bbox 1968 4970 2275 5041; x_wconf 90' lang='lat' dir='ltr'><strong>episcopus,</strong></span> <span class='ocrx_word' id='word_1_655' title='bbox 2320 4973 2767 5042; x_wconf 85' lang='lat' dir='ltr'><strong>concionarctur;</strong></span> <span class='ocrx_word' id='word_1_656' title='bbox 2819 4980 2913 5034; x_wconf 92' lang='lat' dir='ltr'><strong>sed</strong></span> <span class='ocrx_word' id='word_1_657' title='bbox 2956 4997 3065 5036; x_wconf 89' lang='lat' dir='ltr'><strong>non</strong></span> <span class='ocrx_word' id='word_1_658' title='bbox 3117 4984 3499 5041; x_wconf 86' lang='lat' dir='ltr'><strong>animadvertit</strong></span> 
     </span>
    </p>
   </div>
   <div class='ocr_carea' id='block_1_87' title="bbox 256 5054 3497 5145">
    <p class='ocr_par' dir='ltr' id='par_1_87' title="bbox 256 5054 3497 5145">
     <span class='ocr_line' id='line_1_87' title="bbox 256 5054 3497 5145; baseline 0.007 -40"><span class='ocrx_word' id='word_1_659' title='bbox 256 5054 636 5111; x_wconf 87' lang='lat' dir='ltr'><strong>Tillemontitts</strong></span> <span class='ocrx_word' id='word_1_660' title='bbox 671 5058 786 5112; x_wconf 67' lang='lat' dir='ltr'><strong>haec</strong></span> <span class='ocrx_word' id='word_1_661' title='bbox 820 5057 874 5110; x_wconf 92' lang='lat' dir='ltr'><strong>in</strong></span> <span class='ocrx_word' id='word_1_662' title='bbox 904 5058 1145 5111; x_wconf 88' lang='lat' dir='ltr'><strong>Ecclesia</strong></span> <span class='ocrx_word' id='word_1_663' title='bbox 1178 5059 1411 5125; x_wconf 77' lang='lat' dir='ltr'><strong>quadam</strong></span> <span class='ocrx_word' id='word_1_664' title='bbox 1438 5060 1579 5114; x_wconf 90' lang='lat' dir='ltr'><strong>dicta</strong></span> <span class='ocrx_word' id='word_1_665' title='bbox 1616 5061 1825 5126; x_wconf 79' lang='lat' dir='ltr'><strong>fuissc,~</strong></span> <span class='ocrx_word' id='word_1_666' title='bbox 1846 5065 1933 5119; x_wconf 89' lang='lat' dir='ltr'><strong>ubi</strong></span> <span class='ocrx_word' id='word_1_667' title='bbox 1957 5063 2184 5120; x_wconf 84' lang='lat' dir='ltr'><strong>Joannis</strong></span> <span class='ocrx_word' id='word_1_668' title='bbox 2215 5069 2453 5125; x_wconf 89' lang='lat' dir='ltr'><strong>secunda</strong></span> <span class='ocrx_word' id='word_1_669' title='bbox 2493 5080 2547 5124; x_wconf 89' lang='lat' dir='ltr'><strong>et</strong></span> <span class='ocrx_word' id='word_1_670' title='bbox 2580 5073 2736 5126; x_wconf 90' lang='lat' dir='ltr'><strong>tertia</strong></span> <span class='ocrx_word' id='word_1_671' title='bbox 2765 5074 3003 5145; x_wconf 87' lang='lat' dir='ltr'><strong>Epistola</strong></span> <span class='ocrx_word' id='word_1_672' title='bbox 3028 5079 3168 5133; x_wconf 81' lang='lat' dir='ltr'><strong>inter</strong></span> <span class='ocrx_word' id='word_1_673' title='bbox 3202 5080 3497 5137; x_wconf 73' lang='lat' dir='ltr'><strong>canonicos</strong></span> 
     </span>
    </p>
   </div>
   <div class='ocr_carea' id='block_1_88' title="bbox 254 5142 3497 5239">
    <p class='ocr_par' dir='ltr' id='par_1_88' title="bbox 254 5142 3497 5239">
     <span class='ocr_line' id='line_1_88' title="bbox 254 5142 3497 5239; baseline 0.01 -45"><span class='ocrx_word' id='word_1_674' title='bbox 254 5142 417 5199; x_wconf 90' lang='lat' dir='ltr'><strong>libros</strong></span> <span class='ocrx_word' id='word_1_675' title='bbox 443 5162 558 5200; x_wconf 88' lang='lat' dir='ltr'><strong>non</strong></span> <span class='ocrx_word' id='word_1_676' title='bbox 596 5147 1042 5209; x_wconf 87' lang='lat' dir='ltr'><strong>admittebantur,</strong></span> <span class='ocrx_word' id='word_1_677' title='bbox 1066 5145 1118 5199; x_wconf 91' lang='lat' dir='ltr'><strong>id</strong></span> <span class='ocrx_word' id='word_1_678' title='bbox 1141 5147 1283 5214; x_wconf 91' lang='lat' dir='ltr'><strong>quod</strong></span> <span class='ocrx_word' id='word_1_679' title='bbox 1307 5148 1372 5201; x_wconf 91' lang='lat' dir='ltr'><strong>de</strong></span> <span class='ocrx_word' id='word_1_680' title='bbox 1401 5148 1740 5203; x_wconf 83' lang='lat' dir='ltr'><strong>Antiochena</strong></span> <span class='ocrx_word' id='word_1_681' title='bbox 1765 5153 2001 5209; x_wconf 83' lang='lat' dir='ltr'><strong>Ecclesia</strong></span> <span class='ocrx_word' id='word_1_682' title='bbox 2032 5172 2240 5222; x_wconf 89' lang='lat' dir='ltr'><strong>verum,</strong></span> <span class='ocrx_word' id='word_1_683' title='bbox 2266 5166 2474 5213; x_wconf 89' lang='lat' dir='ltr'><strong>certum</strong></span> <span class='ocrx_word' id='word_1_684' title='bbox 2496 5142 2944 5234; x_wconf 77' lang='lat' dir='ltr'><strong>exploratumque</strong></span> <span class='ocrx_word' id='word_1_685' title='bbox 2978 5178 3082 5234; x_wconf 88' lang='lat' dir='ltr'><strong>est,</strong></span> <span class='ocrx_word' id='word_1_686' title='bbox 3120 5180 3179 5223; x_wconf 92' lang='lat' dir='ltr'><strong>ut</strong></span> <span class='ocrx_word' id='word_1_687' title='bbox 3212 5171 3325 5239; x_wconf 85' lang='lat' dir='ltr'><strong>jam</strong></span> <span class='ocrx_word' id='word_1_688' title='bbox 3358 5173 3497 5227; x_wconf 89' lang='lat' dir='ltr'><strong>vidi-</strong></span> 
     </span>
    </p>
   </div>
   <div class='ocr_carea' id='block_1_89' title="bbox 253 5239 3494 5328">
    <p class='ocr_par' dir='ltr' id='par_1_89' title="bbox 253 5239 3494 5328">
     <span class='ocr_line' id='line_1_89' title="bbox 253 5239 3494 5328; baseline 0.009 -39"><span class='ocrx_word' id='word_1_689' title='bbox 253 5251 369 5291; x_wconf 89' lang='lat' dir='ltr'><strong>mus</strong></span> <span class='ocrx_word' id='word_1_690' title='bbox 403 5240 462 5293; x_wconf 89' lang='lat' dir='ltr'><strong>in</strong></span> <span class='ocrx_word' id='word_1_691' title='bbox 492 5240 739 5294; x_wconf 85' lang='lat' dir='ltr'><strong>Diatriba</strong></span> <span class='ocrx_word' id='word_1_692' title='bbox 771 5240 824 5293; x_wconf 89' lang='lat' dir='ltr'><strong>in</strong></span> <span class='ocrx_word' id='word_1_693' title='bbox 849 5239 1119 5310; x_wconf 79' lang='lat' dir='ltr'><strong>Synopsin</strong></span> <span class='ocrx_word' id='word_1_694' title='bbox 1147 5256 1344 5310; x_wconf 85' lang='lat' dir='ltr'><strong>supra;</strong></span> <span class='ocrx_word' id='word_1_695' title='bbox 1375 5240 1442 5296; x_wconf 91' lang='lat' dir='ltr'><strong>de</strong></span> <span class='ocrx_word' id='word_1_696' title='bbox 1471 5241 2070 5315; x_wconf 86' lang='lat' dir='ltr'><strong>Constantinopolitana</strong></span> <span class='ocrx_word' id='word_1_697' title='bbox 2106 5266 2237 5305; x_wconf 89' lang='lat' dir='ltr'><strong>vero</strong></span> <span class='ocrx_word' id='word_1_698' title='bbox 2275 5250 2516 5308; x_wconf 89' lang='lat' dir='ltr'><strong>Ecclesia</strong></span> <span class='ocrx_word' id='word_1_699' title='bbox 2546 5271 2728 5323; x_wconf 87' lang='lat' dir='ltr'><strong>nemo,</strong></span> <span class='ocrx_word' id='word_1_700' title='bbox 2766 5261 2909 5328; x_wconf 89' lang='lat' dir='ltr'><strong>quod</strong></span> <span class='ocrx_word' id='word_1_701' title='bbox 2953 5261 3140 5327; x_wconf 88' lang='lat' dir='ltr'><strong>sciam,</strong></span> <span class='ocrx_word' id='word_1_702' title='bbox 3173 5262 3324 5315; x_wconf 84' lang='lat' dir='ltr'><strong>dixit.</strong></span> <span class='ocrx_word' id='word_1_703' title='bbox 3356 5263 3494 5323; x_wconf 87' lang='lat' dir='ltr'><strong>Hinc</strong></span> 
     </span>
    </p>
   </div>
   <div class='ocr_carea' id='block_1_90' title="bbox 255 5334 3494 5421">
    <p class='ocr_par' dir='ltr' id='par_1_90' title="bbox 255 5334 3494 5421">
     <span class='ocr_line' id='line_1_90' title="bbox 255 5334 3494 5421; baseline 0.006 -38"><span class='ocrx_word' id='word_1_704' title='bbox 255 5345 407 5421; x_wconf 90' lang='lat' dir='ltr'><strong>porro</strong></span> <span class='ocrx_word' id='word_1_705' title='bbox 434 5340 651 5388; x_wconf 90' lang='lat' dir='ltr'><strong>certum</strong></span> <span class='ocrx_word' id='word_1_706' title='bbox 684 5334 896 5388; x_wconf 89' lang='lat' dir='ltr'><strong>videtur</strong></span> <span class='ocrx_word' id='word_1_707' title='bbox 936 5334 1079 5387; x_wconf 88' lang='lat' dir='ltr'><strong>hanc</strong></span> <span class='ocrx_word' id='word_1_708' title='bbox 1108 5334 1383 5388; x_wconf 88' lang='lat' dir='ltr'><strong>homiliam</strong></span> <span class='ocrx_word' id='word_1_709' title='bbox 1429 5336 1729 5391; x_wconf 67' lang='lat' dir='ltr'><strong>Antiochia:</strong></span> <span class='ocrx_word' id='word_1_710' title='bbox 1770 5337 2028 5394; x_wconf 87' lang='lat' dir='ltr'><strong>Flaviano</strong></span> <span class='ocrx_word' id='word_1_711' title='bbox 2071 5343 2327 5413; x_wconf 91' lang='lat' dir='ltr'><strong>episcopo</strong></span> <span class='ocrx_word' id='word_1_712' title='bbox 2373 5360 2639 5415; x_wconf 77' lang='lat' dir='ltr'><strong>praesente</strong></span> <span class='ocrx_word' id='word_1_713' title='bbox 2694 5353 3099 5421; x_wconf 90' lang='lat' dir='ltr'><strong>pronuntiatam</strong></span> <span class='ocrx_word' id='word_1_714' title='bbox 3136 5354 3320 5410; x_wconf 81' lang='lat' dir='ltr'><strong>fuisse.</strong></span> <span class='ocrx_word' id='word_1_715' title='bbox 3380 5357 3494 5413; x_wconf 81' lang='lat' dir='ltr'><strong>sub</strong></span> 
     </span>
    </p>
   </div>
   <div class='ocr_carea' id='block_1_91' title="bbox 254 5420 3494 5523">
    <p class='ocr_par' dir='ltr' id='par_1_91' title="bbox 254 5420 3494 5523">
     <span class='ocr_line' id='line_1_91' title="bbox 254 5420 3494 5523; baseline 0.01 -51"><span class='ocrx_word' id='word_1_716' title='bbox 254 5420 406 5522; x_wconf 74' lang='lat' dir='ltr'><strong>linem</strong></span> <span class='ocrx_word' id='word_1_717' title='bbox 430 5422 672 5478; x_wconf 76' lang='lat' dir='ltr'><strong>homilize</strong></span> <span class='ocrx_word' id='word_1_718' title='bbox 701 5423 786 5478; x_wconf 91' lang='lat' dir='ltr'><strong>hic</strong></span> <span class='ocrx_word' id='word_1_719' title='bbox 814 5424 1058 5493; x_wconf 90' lang='lat' dir='ltr'><strong>quisquis</strong></span> <span class='ocrx_word' id='word_1_720' title='bbox 1097 5424 1167 5477; x_wconf 91' lang='lat' dir='ltr'><strong>sit</strong></span> <span class='ocrx_word' id='word_1_721' title='bbox 1204 5424 1555 5481; x_wconf 87' lang='lat' dir='ltr'><strong>concionator</strong></span> <span class='ocrx_word' id='word_1_722' title='bbox 1594 5443 1713 5482; x_wconf 89' lang='lat' dir='ltr'><strong>sese</strong></span> <span class='ocrx_word' id='word_1_723' title='bbox 1742 5442 1988 5500; x_wconf 89' lang='lat' dir='ltr'><strong>purgata</strong></span> <span class='ocrx_word' id='word_1_724' title='bbox 2030 5434 2354 5501; x_wconf 89' lang='lat' dir='ltr'><strong>quibusdam</strong></span> <span class='ocrx_word' id='word_1_725' title='bbox 2385 5439 2485 5493; x_wconf 86' lang='lat' dir='ltr'><strong>sibi</strong></span> <span class='ocrx_word' id='word_1_726' title='bbox 2525 5420 2770 5511; x_wconf 79' lang='lat' dir='ltr'><strong>objectis.</strong></span> <span class='ocrx_word' id='word_1_727' title='bbox 2798 5444 2931 5497; x_wconf 90' lang='lat' dir='ltr'><strong>Cum</strong></span> <span class='ocrx_word' id='word_1_728' title='bbox 2963 5445 3105 5500; x_wconf 90' lang='lat' dir='ltr'><strong>enim</strong></span> <span class='ocrx_word' id='word_1_729' title='bbox 3146 5448 3324 5523; x_wconf 88' lang='lat' dir='ltr'><strong>aliqua</strong></span> <span class='ocrx_word' id='word_1_730' title='bbox 3362 5465 3494 5504; x_wconf 90' lang='lat' dir='ltr'><strong>con-</strong></span> 
     </span>
    </p>
   </div>
   <div class='ocr_carea' id='block_1_92' title="bbox 253 5513 3487 5609">
    <p class='ocr_par' dir='ltr' id='par_1_92' title="bbox 253 5513 3487 5609">
     <span class='ocr_line' id='line_1_92' title="bbox 253 5513 3487 5609; baseline 0.009 -44"><span class='ocrx_word' id='word_1_731' title='bbox 253 5513 516 5571; x_wconf 88' lang='lat' dir='ltr'><strong>cionando</strong></span> <span class='ocrx_word' id='word_1_732' title='bbox 548 5516 778 5571; x_wconf 72' lang='lat' dir='ltr'><strong>dixisset</strong></span> <span class='ocrx_word' id='word_1_733' title='bbox 831 5518 898 5572; x_wconf 84' lang='lat' dir='ltr'><strong>ab</strong></span> <span class='ocrx_word' id='word_1_734' title='bbox 929 5518 1268 5573; x_wconf 87' lang='lat' dir='ltr'><strong>auditoribus</strong></span> <span class='ocrx_word' id='word_1_735' title='bbox 1298 5519 1436 5573; x_wconf 90' lang='lat' dir='ltr'><strong>male</strong></span> <span class='ocrx_word' id='word_1_736' title='bbox 1482 5531 1727 5591; x_wconf 80' lang='lat' dir='ltr'><strong>excepta,</strong></span> <span class='ocrx_word' id='word_1_737' title='bbox 1758 5523 1885 5579; x_wconf 89' lang='lat' dir='ltr'><strong>hinc</strong></span> <span class='ocrx_word' id='word_1_738' title='bbox 1929 5536 2115 5580; x_wconf 81' lang='lat' dir='ltr'><strong>exorto</strong></span> <span class='ocrx_word' id='word_1_739' title='bbox 2163 5545 2398 5595; x_wconf 90' lang='lat' dir='ltr'><strong>rumore,</strong></span> <span class='ocrx_word' id='word_1_740' title='bbox 2438 5532 2493 5586; x_wconf 90' lang='lat' dir='ltr'><strong>in</strong></span> <span class='ocrx_word' id='word_1_741' title='bbox 2528 5536 2775 5604; x_wconf 85' lang='lat' dir='ltr'><strong>sequenti</strong></span> <span class='ocrx_word' id='word_1_742' title='bbox 2820 5535 3079 5592; x_wconf 88' lang='lat' dir='ltr'><strong>concione</strong></span> <span class='ocrx_word' id='word_1_743' title='bbox 3119 5513 3329 5609; x_wconf 70' lang='lat' dir='ltr'><strong>objecta</strong></span> <span class='ocrx_word' id='word_1_744' title='bbox 3383 5539 3487 5595; x_wconf 89' lang='lat' dir='ltr'><strong>sibi</strong></span> 
     </span>
    </p>
   </div>
   <div class='ocr_carea' id='block_1_93' title="bbox 253 5605 2661 5694">
    <p class='ocr_par' dir='ltr' id='par_1_93' title="bbox 253 5605 2661 5694">
     <span class='ocr_line' id='line_1_93' title="bbox 253 5605 2661 5694; baseline 0.011 -35"><span class='ocrx_word' id='word_1_745' title='bbox 253 5605 479 5679; x_wconf 86' lang='lat' dir='ltr'><strong>depulit,</strong></span> <span class='ocrx_word' id='word_1_746' title='bbox 513 5616 573 5664; x_wconf 91' lang='lat' dir='ltr'><strong>et</strong></span> <span class='ocrx_word' id='word_1_747' title='bbox 596 5623 660 5664; x_wconf 90' lang='lat' dir='ltr'><strong>se</strong></span> <span class='ocrx_word' id='word_1_748' title='bbox 683 5608 865 5664; x_wconf 86' lang='lat' dir='ltr'><strong>omnia</strong></span> <span class='ocrx_word' id='word_1_749' title='bbox 887 5619 1137 5665; x_wconf 85' lang='lat' dir='ltr'><strong>accurate</strong></span> <span class='ocrx_word' id='word_1_750' title='bbox 1171 5611 1468 5666; x_wconf 90' lang='lat' dir='ltr'><strong>secundum</strong></span> <span class='ocrx_word' id='word_1_751' title='bbox 1493 5612 1826 5668; x_wconf 83' lang='lat' dir='ltr'><strong>Catholicam</strong></span> <span class='ocrx_word' id='word_1_752' title='bbox 1856 5616 2013 5670; x_wconf 84' lang='lat' dir='ltr'><strong>(idem</strong></span> <span class='ocrx_word' id='word_1_753' title='bbox 2042 5616 2240 5677; x_wconf 77' lang='lat' dir='ltr'><strong>dixisse</strong></span> <span class='ocrx_word' id='word_1_754' title='bbox 2272 5626 2661 5694; x_wconf 86' lang='lat' dir='ltr'><strong>comprobavit.</strong></span> 
     </span>
    </p>
   </div>
  </div>
