4074 6308
537 312 634 373 HI

2014 303 2288 363 [NCERTI
3677 293 3766 350 il?

537 567 3769 616 Μ*-

1436 962 1849 1092 SANCTI
1925 964 2348 1053 PATRIS
2422 962 2856 1056 NOSTRI

775 1269 1676 1455 JOANNIS
1808 1272 3350 1455 CHRYSOSTOMI
3443 1269 3531 1348 ‘“’

1469 1674 1618 1791 IN
1711 1675 2264 1790 DICTUM
2356 1676 2820 1819 ILLUD,

1311 1967 1394 2029 1η
1443 1984 1570 2047 qua
1617 1973 1927 2046 potestate
1963 1967 2088 2028 hac
2130 1964 2294 2045 facis
2345 1963 2604 2043 (Matth.
2654 1965 2756 2026 21.
2811 1961 2925 2040 23)
2968 1965 2997 2025 ⁸1

601 2619 650 2672 1.
677 2615 933 2670 Humana:
956 2611 1142 2668 salutis
1169 2608 1482 2680 principium
1505 2615 1605 2671 est,
1625 2606 1782 2659 timor
1811 2601 1904 2658 Dei
1932 2601 1972 2668 ί,
1996 2614 2110 2654 om-

527 2711 781 2779 niumque
813 2708 1077 2763 bonorum
1107 2710 1412 2758 nostrorum
1440 2699 1590 2754 radix
1617 2707 1699 2753 est
1726 2697 1809 2752 lex
1844 2693 1936 2748 Dei
1967 2711 1980 2748 :
2010 2707 2107 2746 ne-

525 2816 628 2872 que
653 2815 780 2856 vero
806 2798 891 2854 lex
925 2796 1021 2853 Dei
1050 2795 1166 2850 sine
1197 2793 1406 2857 timore,
1442 2804 1613 2861 neque
1639 2790 1798 2843 timor
1833 2785 1949 2841 sine
1989 2784 2108 2853 lege

523 2908 644 2948 esse
673 2891 860 2962 possit.
897 2889 1031 2945 Nam
1069 2888 1155 2944 lex
1194 2885 1563 2941 mandatorum
1605 2880 1908 2937 ministrum
1947 2876 2109 2931 habet

523 2984 812 3040 timorem:
853 2981 1015 3036 timor
1048 2989 1226 3036 autem
1266 2984 1648 3047 praceptorum
1688 2972 1918 3043 iudicem
1947 2968 2107 3023 habet

522 3078 716 3150 legem.
746 3077 846 3144 Qui
877 3090 1005 3146 ergo
1028 3088 1149 3130 eum
1177 3074 1366 3129 timore
1401 3070 1604 3126 accedit
1639 3068 1706 3124 ad
1737 3068 1930 3138 legem,
1957 3074 2011 3122 et
2037 3064 2103 3120 ad

524 3167 694 3225 Deum
735 3168 867 3238 legis
913 3168 1175 3232 datorem,
1221 3165 1267 3221 is
1305 3165 1442 3220 inter
1480 3171 1692 3218 sanctos
1734 3169 2007 3225 versatur,
2050 3168 2105 3214 et

518 3261 676 3332 iustis
699 3259 1052 3324 adscribitur;
1093 3265 1279 3313 contra
1316 3255 1404 3326 qui
1440 3255 1683 3310 timorem
1729 3254 1820 3309 Dei
1852 3253 2104 3308 audacter

518 3349 844 3423 aggreditur,
873 3358 928 3404 et
965 3364 1087 3405 cum
1125 3346 1429 3418 arrogantia
1465 3345 1531 3401 ad
1557 3345 1787 3401 divinam
1816 3345 1983 3414 legem
2009 3359 2101 3398 ac-

517 3442 683 3509 cedit,
714 3442 760 3497 is
783 3441 950 3512 gratia
980 3455 1088 3496 non
1115 3440 1380 3512 dignatur,
1413 3439 1521 3494 imo
1557 3449 1611 3494 et
1631 3453 1659 3491 a
1689 3439 1886 3506 pietate
1915 3436 2099 3506 expel-

517 3531 664 3590 litur.
714 3532 839 3588 ldeo
879 3532 969 3603 qui
1003 3546 1125 3587 cum
1162 3533 1356 3588 timore
1384 3539 1440 3587 et
1465 3530 1730 3586 desiderio
1757 3529 1823 3584 ad
1867 3529 2100 3584 divinam

517 3624 686 3697 legem
716 3625 992 3692 accedunt,
1026 3623 1077 3680 hi
1106 3634 1252 3680 recte
1289 3623 1510 3678 omnino
1538 3624 1797 3678 docentur
1823 3633 1876 3677 et
1896 3621 2098 3676 illumi-

517 3727 730 3781 nantur,
761 3728 817 3772 et
853 3717 921 3772 ab
951 3717 1064 3787 ipsa
1102 3715 1326 3771 veritate
1355 3715 1421 3770 ad
1450 3729 1630 3770 veram
1669 3714 1977 3784 religionem
2018 3714 2098 3768 in-

516 3810 807 3864 stituuntur
838 3828 851 3864 :
883 3809 1122 3863 incidunt
1148 3807 1292 3863 enim
1335 3807 1388 3861 in
1429 3807 1601 3877 ipsum
1629 3806 1869 3862 veritatis
1895 3806 2094 3860 fontem

515 3901 776 3966 (licentes,
804 3899 1106 3956 Benedictus
1127 3917 1199 3964 es,
1233 3899 1489 3965 Domine;
1513 3900 1637 3953 doce
1671 3916 1750 3952 me
1764 3898 2094 3969 justi/iratio-

513 4010 602 4049 nes
647 4004 762 4047 tuas
784 3992 953 4065 (Psat.
986 3993 1110 4049 118.
1142 3992 1256 4064 12).
1287 3990 1484 4048 Verum
1524 3992 1714 4058 sancti,
1754 3991 1845 4061 qui
1888 3991 1960 4046 ita
1998 3990 2092 4060 pii,

512 4085 587 4143 ita
627 4087 859 4158 religiosi
898 4095 1041 4153 sunt,
1077 4087 1156 4141 sic
1183 4086 1463 4141 veritatem
1487 4085 1556 4139 ab
1582 4085 1692 4154 ipsa
1723 4085 1947 4140 veritate
1980 4084 2094 4140 edi-

511 4187 698 4244 scunt;
726 4188 777 4231 at
798 4177 1039 4232 veritatis
1057 4177 1278 4244 inimici,
1297 4177 1406 4232 imo
1421 4176 1596 4247 potius
1617 4176 1736 4230 vitae
1757 4191 1866 4231 suae
1888 4176 2087 4243 hostes,

509 4270 865 4342 arrogantiam
885 4277 941 4326 et
963 4268 1155 4324 fastum
1181 4268 1505 4339 simplicitati
1529 4267 1889 4337 prteferentes,
1914 4276 2093 4339 tyran-

512 4363 634 4418 nico
661 4363 842 4419 habitu
881 4362 1122 4417 veritatis
1167 4362 1440 4417 doctorem
1491 4361 1708 4416 adeunt.
1761 4360 1912 4429 Quod
1960 4375 2090 4418 sane

507 4453 751 4510 fecerunt
770 4453 961 4519 Judaei,
989 4464 1048 4510 ut
1073 4470 1138 4510 ex
1157 4445 1476 4526 evangelicis
1492 4452 1648 4509 dictis
1672 4454 1831 4510 modo
1847 4455 2086 4510 audistis.

501 4543 722 4602 Etenim
750 4545 1030 4601 Dominum
1056 4554 1298 4603 nostrum
1313 4546 1514 4611 Jesum,
1538 4547 1735 4618 Regem
1759 4556 2082 4611 sanctorum,

504 4638 561 4694 in
592 4639 792 4708 templo
814 4647 1135 4707 versantem,
1157 4640 1211 4695 in
1237 4639 1355 4711 ipso
1373 4639 1571 4708 templo
1591 4641 1807 4703 adeunt,
1833 4655 1939 4694 non
1966 4654 2087 4694 cum

504 4748 593 4802 eo,
621 4747 780 4803 quem
805 4732 1045 4797 decebat,
1074 4734 1284 4798 timore,
1317 4749 1422 4788 non
1453 4743 1508 4788 ut
1531 4733 1710 4788 famuli
1738 4734 1948 4798 herum,
1977 4751 2084 4790 non

564 4841 581 4873 ¹
625 4838 773 4902 Juxta
802 4839 988 4902 _Cyrill.
1035 4837 1181 4902 Alex.
1230 4838 1351 4889 edit.
1397 4841 1507 4890 adv.
1551 4837 2082 4902 Anthropomorpbitas

501 4914 608 4967 cap.
634 4901 687 4967 1_|_
721 4900 902 4967 :_v6_p.o;
941 4900 1120 4967 Ιςνέρίρυ
1158 4902 1322 4967 apag,
1351 4904 1628 4967 γτοντέσῖιγ,
1657 4900 2083 4967 ᾀγκῦοτιςριός.ᾘξὶε-

501 4960 634 5012 ctlus
654 4960 770 5026 Cod.
798 4960 1081 5026 μεθ-1026
1105 4975 1116 5008 :
1142 4962 1290 5026 φόβος
1319 4965 1511 5026 Κυρίου.
1537 4960 1644 5022 Οἱιο
1670 4960 1735 5026 in
1758 4961 1927 5010 codice
1955 4962 2081 5026 liber

504 5027 604 5074 iste
628 5025 769 5072 titulo
798 5023 892 5087 h_oc_
920 5023 1132 5087 donatur
1164 5037 1186 5087 :_
1206 5023 1441 5079 ἐπιλύσείς
1475 5023 2082 5087 δογματικῶνγζηῖημάςτων

505 5087 744 5148 Κυρίλλου
764 5083 850 5132 τοῦ
873 5083 1947 5148 ἁγιωτάτουίάρῃεπισκὸποσ”Αλιξαγδρείᾳς.
1978 5085 2081 5131 ἐπι-

508 5145 798 5210 ζητήθέντῳν
827 5145 964 5210 nupti
1000 5145 1218 5210 Τιϐερίου
1259 5147 1480 5210 διαφιρνου
1508 5148 1588 5194 καὶ
1620 5153 1703 5205 τῆς
1730 5145 2044 5210 ἀδέλφότητος
2067 5159 2079 5171 ·

507 5215 595 5283 aut
630 5225 641 5257 :
679 5207 767 5256 τοῦ
812 5207 947 5283 ἁγίῇ
964 5207 1221 5283 οΚκέρίὶιξου
1263 5208 1498 5283 ξπιλύσειὶς
1534 5211 1630 5280 τέόν
1669 5209 2081 5283 ’τερρσξνεχθεισξῦν

506 5270 722 5344 τίεύςςφν
749 5268 878 5344 παρρ
900 5268 1116 5344 Ἰζξϐξρίὸυ
1143 5268 1363 5344 δξηόχου
1401 5270 1482 5316 καὶ
1524 5271 1619 5316 τῶν
1659 5268 1899 5331 ἀδέλφῶν·
1949 5273 2035 5317 aut
2066 5282 2077 5316 :

508 5331 745 5395 Κυρίλλου
769 5331 885 5393 πρὸς
914 5331 1145 5394 Τιϐέριον.
1171 5331 1389 5395 Coteler.

571 5389 644 5462 (ἀ)
679 5389 956 5462 Orationem
979 5389 1120 5454 hanc,
1146 5393 1448 5462 genuinum,
1483 5399 1538 5440 ut
1560 5390 1779 5462 videtur,
1805 5389 1976 5437 summi
1994 5389 2081 5462 do-

505 5451 652 5528 ςιότίὲι
674 5475 818 5528 opus,
833 5460 1037 5528 prolem-
1056 5451 1361 5528 maritimo?
1398 5451 2078 5528 νμεπιεξ,ἱηθείψίέθφρξτεξηιίτ

507 5513 722 5574 habitata
756 5513 905 5573 fuisse
929 5513 1197 5570 Antiochia:
1215 5516 1349 5584 illud
1372 5513 1616 5572 ostendit,
1638 5514 1776 5584 quod
1809 5513 1868 5584 ad
1898 5513 2043 5584 linem
2061 5553 2076 5575 ,

508 5594 652 5647 prout
693 5585 848 5647 solet,
887 5584 951 5632 de
989 5580 1229 5633 communi
1267 5587 1400 5647 patre
1439 5591 1546 5647 seu__
1570 5575 1796 5647 epi‘s‘tmpo
1834 5575 2076 5638 loquitur,

507 5639 687 5707 nempe
709 5639 941 5695 Flaviano.
963 5651 1220 5706 Exceptam
1244 5639 1399 5704 potius
1418 5639 1707 5708 crediderim
1744 5651 1807 5686 ex
1837 5651 1943 5708 ore
1962 5651 2078 5708 per-

508 5703 719 5766 orantis,
766 5719 909 5769 quam
939 5719 966 5769 a
999 5703 1141 5754 manu
1169 5703 1504 5769 cornponentis
1536 5703 1824 5765 profectam;
1857 5703 1946 5750 nisi
1970 5705 2077 5764 quis

511 5767 849 5830 interpolan
871 5767 1020 5817 malit.
1045 5768 1246 5819 coteter.

2217 2604 2274 2648 ut
2301 2593 2543 2650 homines
2567 2596 2767 2660 Deum;
2797 2596 2892 2651 sed
2917 2611 3092 2668 neque
3111 2607 3172 2654 ut
3195 2601 3437 2672 discipuli
3468 2607 3790 2678 magistrum.

2215 2686 2415 2742 Inimici
2443 2689 2703 2754 veritatis,
2727 2697 2781 2743 et
2801 2690 3050 2759 nequitiae
3074 2691 3429 2763 indagatores,
3454 2713 3604 2753 suam
3624 2713 3793 2758 osten~

2214 2777 2402 2832 dentes
2440 2777 2858 2848 malignitatem,
2907 2780 3151 2837 humanis
3192 2785 3482 2841 ratiociniis
3513 2806 3794 2860 supernam

2212 2870 2528 2941 sapientiam
2565 2872 2950 2928 circumvenire
2993 2876 3348 2932 conabantur.
3389 2879 3520 2935 Nam
3549 2884 3621 2938 ait
3654 2904 3666 2938 :
3698 2888 3794 2941 Ac-

2211 2973 2462 3017 cesserant
2489 2964 2540 3016 in
2572 2965 2758 3032 templo
2787 2965 2854 3017 ad
2878 2964 3053 3020 Iesum
3082 2970 3362 3027 sacerdotes
3385 2982 3432 3026 et
3457 2977 3677 3032 seniores
3703 2996 3793 3048 po-

2212 3055 2320 3124 puli
2358 3055 2621 3135 dicentes:
2647 3055 2714 3109 In
2750 3073 2850 3126 qua
2889 3067 3127 3126 potestate
3165 3061 3273 3116 [uec
3300 3064 3469 3134 facis?
3502 3075 3550 3120 et
3579 3071 3689 3138 quis
3713 3070 3794 3124 tibi

2210 3143 2346 3198 dedit
2384 3144 2516 3198 hanc
2557 3154 2843 3216 potestatem
2869 3146 3076 3220 (Matth.
3106 3150 3195 3204 21.
3231 3152 3365 3223 ‘25)?
3401 3154 3445 3210 Ο
3481 3172 3576 3212 cor
3607 3159 3792 3216 timore

2211 3235 2553 3291 destitutum!
2585 3238 2761 3308 qualia
2800 3238 2980 3303 audet,
3021 3241 3194 3310 qualia
3239 3242 3504 3313 loquitur!
3539 3262 3792 3315 quantum

2207 3327 2507 3396 arrogantia
2534 3329 2837 3383 extollitur!
2867 3328 2911 3384 Ο
2949 3331 3312 3401 improborum
3342 3336 3732 3408 insipientiam!
3760 3361 3791 3394 ο

2207 3418 2506 3474 Servatoris
2551 3420 2921 3477 clementiam!
2968 3423 3092 3478 llatae
3132 3425 3364 3496 loquitur
3411 3431 3611 3498 lutum,
3653 3444 3707 3490 et
3739 3437 3788 3490 id

2206 3512 2396 3583 ﬁgulus
2422 3515 2620 3583 patitur
2657 3532 2670 3568 :
2715 3515 2934 3585 erigitur
2981 3527 3166 3573 contra
3211 3519 3465 3590 Opificetn
3495 3527 3786 3596 opificium,

2203 3611 2259 3658 et
2287 3603 2339 3658 id
2362 3604 2554 3660 tolerat
2583 3604 2860 3662 Beneficus
2901 3610 3098 3662 nemini
3127 3609 3386 3666 obnoxius
3413 3631 3424 3666 :
3454 3617 3711 3672 rationem
3736 3628 3786 3673 et

2203 3697 2423 3752 verbum
2466 3707 2714 3767 repetunt
2752 3715 2782 3754 a
2828 3700 2919 3755 Dei
2964 3701 3177 3770 Verbo,
3217 3714 3270 3760 et
3316 3714 3635 3776 potestatem
3673 3715 3786 3780 ejus

2202 3789 2412 3844 curiose
2437 3789 2767 3860 perquirunt,
2797 3807 2915 3860 quae
2945 3803 3024 3846 est
3051 3795 3382 3849 auctoritatis
3413 3799 3644 3854 culmen.
3681 3803 3785 3871 0p-

2201 3892 2429 3952 portune
2453 3882 2692 3938 dicamus
2722 3883 2836 3938 hzee
2865 3886 3118 3954 sapientis
3144 3888 3337 3943 verba:
3368 3889 3414 3944 0
3442 3891 3623 3956 homo,
3652 3894 3783 3962 Quid

2199 3975 2420 4043 superbit
2449 3986 2582 4029 terra
2611 3986 2657 4030 et
2681 3977 2805 4031 cinis
2829 3976 3022 4048 (Eccle.
3049 3980 3133 4034 10.
3160 3980 3253 4050 9)?
3275 3982 3438 4036 Deum
3466 3988 3779 4058 interrogas,

2199 4076 2253 4121 et
2279 4068 2507 4138 requiris
2530 4068 2598 4123 ab
2625 4068 2716 4124 illo
2746 4070 3004 4125 rationem
3036 4088 3221 4127 eorum
3248 4091 3366 4145 qua:
3396 4089 3669 4148 operatur,
3691 4097 3782 4135 an—

2198 4157 2397 4228 desque
2423 4173 2708 4228 supernam
2740 4161 2881 4215 illam
2909 4173 3224 4231 potestatem
3259 4167 3338 4222 sic
3366 4168 3514 4223 affari
3549 4189 3563 4225 :
3599 4171 3662 4226 In
3686 4191 3781 4240 qua

2198 4258 2436 4318 potestate
2459 4251 2563 4305 lucc
2585 4252 2708 4323 facis
2724 4254 2750 4307 ?
2774 4253 2879 4308 Cur
2901 4255 3043 4309 illum
3073 4257 3386 4329 interrogas,
3412 4258 3588 4331 neque
3613 4266 3778 4335 ipsam

2197 4355 2374 4395 rerum
2405 4343 2654 4398 virtutem
2684 4345 2972 4413 exploras?
2998 4347 3246 4403 Scrutare
3276 4351 3392 4420 ipse
3419 4352 3700 4424 diligenter
3727 4359 3778 4412 in

2194 4433 2403 4486 occulto
2434 4433 2626 4489 anima:
2656 4447 2865 4500 senatu,
2895 4439 3166 4508 explorata
3203 4457 3379 4496 rerum
3412 4455 3620 4513 natura,
3652 4465 3774 4505 num

2194 4541 2311 4593 qua:
2341 4525 2472 4580 fiunt
2492 4527 2707 4582 humani
2729 4530 2933 4583 consilii
2961 4531 3086 4597 sint,
3110 4547 3175 4586 an
3203 4533 3396 4589 divina:
3422 4541 3773 4609 auctoritatis,

2194 4617 2447 4683 praeclara
2492 4634 2684 4687 nempe
2726 4619 2811 4672 illa
2848 4621 3052 4674 Domini
3083 4634 3249 4692 gesta.
3280 4625 3544 4698 Interroga
3573 4641 3774 4688 natura:

2192 4706 2357 4776 leges.
2387 4712 2661 4778 potestatis
2686 4713 2963 4779 terminos,
2999 4716 3297 4786 seriemque
3328 4720 3725 4777 ratiociniorum
3757 4743 3771 4779 :

2188 4815 2302 4879 qua
2336 4811 2594 4869 potestate
2636 4804 2892 4859 suscitare
2930 4817 3168 4861 mortuos
3205 4818 3380 4880 potest
3410 4829 3423 4866 :
3473 4813 3768 4883 hominum,

2188 4906 2254 4945 an
2285 4892 2416 4946 Dei?
2452 4894 2581 4960 Quis
2618 4905 2791 4964 potest
2828 4897 3068 4966 leprosos
3106 4900 3385 4969 mundare,
3418 4906 3636 4960 morbos
3661 4908 3770 4976 pel-

2186 4980 2327 5048 lere,
2385 5000 2701 5053 omnemque
2746 4988 2937 5042 anima:
2975 4992 3320 5062 corporisque
3369 4995 3613 5050 morbum
3655 4998 3769 5052 solo

2187 5078 2352 5132 verbo
2381 5078 2605 5132 tollere?
2629 5080 2847 5144 Deinde,
2880 5083 2997 5150 quis
3025 5093 3197 5152 potest
3223 5101 3287 5140 ex
3317 5086 3428 5140 luto
3453 5089 3638 5143 oculos
3664 5090 3767 5144 for-

2183 5183 2350 5232 mare,
2382 5169 2517 5221 Deus
2544 5185 2608 5223 an
2640 5171 2800 5225 homo
2819 5173 2842 5224 ἲ
2861 5173 2969 5226 Cur
2985 5189 3086 5227 non
3119 5175 3283 5244 ipsam
3312 5194 3489 5232 rerum
3521 5192 3761 5236 naturam

2182 5257 2496 5328 interrogas,
2537 5261 2631 5315 sed
2673 5262 2926 5317 audacter
2971 5263 3224 5334 Opificem
3265 5269 3514 5338 exploras
3557 5273 3759 5338 dicens,

2180 5347 2246 5402 In
2274 5366 2372 5415 qua
2401 5361 2639 5420 potestate
2671 5354 2778 5406 [uec
2798 5355 2966 5422 facis?
2995 5357 3187 5410 lterum
3224 5361 3365 5413 enim
3390 5363 3548 5418 verba
3579 5374 3762 5434 repeto

2178 5457 2384 5506 eorum,
2419 5446 2505 5512 qui
2528 5446 2703 5499 omnia
2732 5446 2886 5502 facile
2913 5449 3129 5517 audent,
3168 5455 3256 5521 qui
3288 5470 3316 5506 a
3346 5453 3524 5511 Verbo
3552 5458 3645 5512 Dei
3678 5475 3760 5512 ra-

2177 5534 2376 5588 tionem
2397 5545 2659 5606 repetunt,
2689 5547 2740 5592 et
2764 5541 3054 5594 ratiociniis
3082 5544 3522 5602 circumscribere
3553 5559 3759 5605 tentant

2175 5641 2316 5691 eum,
2346 5628 2432 5696 qui
2473 5630 2876 5699 comprehendit
2920 5635 3187 5703 sapientes
3229 5638 3281 5690 in
3333 5642 3524 5695 astutia
3571 5658 3755 5697 eorum

2177 5718 2249 5786 (Ι.
2284 5717 2400 5773 Cor.
2433 5719 2486 5773 '5.
2522 5719 2632 5788 19).
2663 5721 2708 5776 0
2728 5721 3077 5780 dementiam!
3125 5727 3234 5783 Deo
3267 5728 3437 5786 Verbo
3470 5735 3752 5803 experien-
