4044 6306
236 327 326 383 ιιι
664 282 669 287 ’
1203 330 1267 388 IN
1308 330 1537 402 ILLUD,
1578 333 1646 389 1N
1686 332 1826 400 om
1865 334 2299 407 POTESTATE,
2339 338 2492 396 mc.

3369 343 3475 401 £12

247 621 3467 680 Μ

959 1017 1187 1105 ΤΟΥ
1258 1020 1398 1106 ΕΝ
1469 1022 1832 1110 ΑΓΙΟΙΣ
1906 1025 2339 1112 ΠΑΤΡΟΣ
2412 1026 2737 1113 ΗΜΩΝ

230 1333 1238 1515 ΙΩΑΝ’ΝΟΥ
1294 1342 1735 1516 ΤΟΥ
1772 1344 3469 1527 ΧΡΥΣΟΣΤΟΜΟΥ

806 1752 1046 1867 ΕΙΣ
1119 1752 1326 1871 ΤΟ
1412 1753 1799 1872 PHTG

1902 1758 1934 1869 ι
2032 1756 2239 1872 ΤΟ
2318 1751 2883 1901 ΑΕΓΟΝ,

1318 2055 1420 2109 Ἐν
1456 2058 1599 2122 ποίᾳ
1637 2056 1887 2126 ἐξουσίᾳ
1928 2057 2111 2112 ταῦτα
2150 2056 2375 2123 ποιεῖς;

288 3035 362 3084 αν,
394 3028 563 3102 Ἀρχὴ
612 3030 886 3103 σωτηρίας
923 3029 1223 3102 ἀνθρώπων
1260 3031 1288 3083 6
1321 3028 1413 3084 τοῦ
1446 3029 1580 3085 Θεοῦ
1612 3032 1795 3102 φόϐος,

218 3118 314 3170 καὶ
349 3116 479 3189 ῥίζα
507 3118 722 3171 πάντων
748 3119 855 3173 τῶν
885 3118 945 3172 ὲν
976 3120 1106 3188 ἡμῖν
1126 3117 1348 3186 ἀγαθῶν
1380 3122 1409 3172 6
1432 3117 1526 3171 τοῦ
1557 3118 1689 3172 Θεοῦ
1713 3121 1799 3173 νό-

220 3222 339 3273 μος,
368 3204 495 3258 οὔτε
527 3206 582 3259 δὲ
609 3205 745 3259 Θεοῦ
774 3207 935 3277 νόμος
963 3207 1089 3260 ἄνευ
1117 3206 1303 3275 φόϐου,
1332 3205 1455 3259 οὐτε
1488 3207 1649 3276 φόϐος
1670 3207 1797 3261 ἄνευ

220 3294 404 3361 νόμον.
455 3294 515 3347 Ὀ
562 3292 671 3365 γάρ
723 3293 887 3363 νόμος
942 3292 1051 3345 τῶν
1101 3293 1487 3364 ἐπιταγμάτων
1519 3295 1799 3365 ὑπηρέτην

213 3386 324 3447 ἔχει
359 3382 455 3433 τὸν
484 3380 647 3449 φόϐον
672 3397 686 3411 ⁸
708 3382 737 3434 6
772 3380 828 3433 δὲ
875 3380 1036 3451 φόϐος
1069 3382 1178 3434 τῶν
1208 3383 1693 3453 προστεταγμένων
1722 3381 1800 3435 δι-

214 3470 426 3541 καστὴν
456 3469 572 3540 ἔχει
617 3469 708 3523 τὸν
743 3469 926 3541 νόμον.
990 3469 1048 3522 Ὀ
1096 3470 1195 3541 μὲν
1221 3466 1313 3524 οὖν
1364 3471 1512 3542 φόϐῳ
1543 3471 1620 3541 τῷ
1650 3472 1799 3542 νόμῳ

212 3558 678 3630 προσερχόμενος,
708 3559 802 3611 καὶ
844 3557 920 3628 τῷ
955 3557 1047 3611 τὸν
1091 3559 1254 3628 νόμον
1280 3558 1419 3612 δόντι
1451 3559 1588 3630 Θεῷ,
1624 3559 1799 3628 ἁγίοις

211 3643 653 3713 ἑμπολιτεύεται,
689 3645 783 3699 καὶ
825 3646 991 3709 ὁσίοις
1043 3646 1417 3718 ἀναγράφεται
1439 3663 1453 3677 ·
1484 3648 1513 3699 6
1539 3647 1595 3699 δὲ
1628 3665 1799 3702 κατα-

208 3732 429 3802 τολμῶν
458 3731 560 3785 τοῦ
593 3732 738 3785 θείου
770 3732 956 3799 φόϐου,
991 3733 1086 3786 καὶ⁹
1118 3733 1256 3804 μετὰ
1290 3734 1604 3798 ἀλαζονείας
1631 3753 1799 3807 προσ-

208 3815 436 3887 έρχεται
465 3817 547 3889 τῷ
591 3816 719 3889 θείῳ
767 3818 936 3889 νόμῳ,
966 3818 1089 3872 οὔτε
1133 3821 1232 3890 τῆς
1281 3822 1499 3892 χάριτος
1530 3822 1794 3886 ἀξιοῦται,

206 3903 344 3956 ἀλλά
370 3904 475 3958 καὶ
507 3905 607 3974 τῆς
637 3905 914 3969 εὐσεϐείας
945 3906 1283 3960 ἐκϐάλλεται.
1318 3910 1417 3962 Διά
1441 3909 1597 3962 τοῦτο
1624 3912 1673 3962 οί
1699 3911 1797 3981 μὲν

204 3992 358 4065 φόϐῳ
381 3996 486 4049 καὶ
518 3993 669 4065 πόθῳ
702 3995 1015 4065 προσιόντες
1047 3997 1124 4067 τῷ
1149 3996 1277 4067 θείῳ
1316 3998 1487 4069 νόμῳ,
1521 3998 1658 4069 μετά
1690 4002 1798 4054 πά-

204 4099 306 4153 σης
330 4082 644 4153 εὐθύτητος
674 4082 1011 4138 διδάσκονται
1043 4085 1136 4139 καὶ
1170 4086 1514 4155 φωτίζονται,
1541 4088 1635 4142 καὶ
1667 4090 1796 4161 παρ’

199 4172 377 4243 αὐτῆς
399 4172 512 4241 τῆς
537 4170 794 4242 ἀληθείας
818 4172 987 4243 αὐτὴν
1011 4173 1349 4228 παιδεύονται
1372 4175 1471 4246 τὴν
1492 4176 1794 4231 εὐσέϐειανο

201 4260 591 4313 ὑποπίπτουσι
625 4259 733 4329 γὰρ
755 4259 891 4330 αὐτῇ
919 4262 985 4331 τῇ
1019 4264 1167 4332 πηγῇ
1200 4260 1300 4331 τῆς
1325 4261 1598 4333 ἀληθείας,
1624 4261 1797 4331 λέγον-

194 4366 287 4412 τες
306 4368 320 4380 ·
364 4349 734 4420 Εὐλογητὸς
757 4345 829 4413 εἴ,
855 4351 1032 4418 Κύριε
1050 4368 1064 4381 ο
1086 4351 1337 4417 δίδαξόν
1353 4370 1432 4422 με
1462 4353 1535 4407 τὰ
1563 4353 1798 4408 δικαιώ-

195 4441 357 4505 ματὰ
385 4455 540 4494 σου.
595 4437 732 4490 Ἀλλ’
765 4438 813 4492 οί
845 4438 942 4510 μὲν
967 4439 1110 4508 ἆγιοι
1141 4438 1313 4504 οὕτως
1357 4440 1622 4506 εὐλαϐεῖς,
1658 4441 1800 4496 οὕτω

196 4526 472 4595 φιλόθεοι,
539 4524 684 4579 οὔτω
722 4527 851 4597 παρ’
883 4526 1054 4594 αὐτῆς
1101 4526 1271 4597 αὐτὴν
1325 4526 1653 4597 μανθάνουσι
1700 4527 1799 4599 τὴν

196 4617 471 4686 ἀλήθειαν
491 4632 509 4648 ’
535 4617 586 4669 οί
618 4615 675 4670 δὲ
702 4614 803 4685 τῆς
852 4614 1109 4686 ἀληθείας
1151 4614 1354 4686 ἐχθροὶ.
1388 4616 1587 4687 μᾶλλον
1612 4617 1669 4670 δὲ
1700 4617 1800 4687 τῆς

197 4703 419 4762 ἑαυτῶν
448 4705 612 4775 ζωῆς
659 4705 921 4773 πολέμιοι,
982 4703 1299 4769 ἀλαζονείαν
1333 4705 1427 4757 καὶ
1477 4704 1645 4775 τῦφον
1698 4706 1801 4776 τῆς

196 4795 522 4866 ἁπλότητος
560 4795 1013 4864 προτιμήσαντες,
1041 4793 1344 4863 τυραννικῷ
1374 4795 1609 4864 σχήματι
1633 4811 1800 4865 προσ-

198 4881 465 4955 έρχονται
495 4881 583 4951 τῷ
604 4880 704 4950 τῆς
732 4879 1012 4943 εὐσεϐείας
1040 4879 1362 4950 διδασκάλῳ.
1395 4884 1458 4933 Ὅ
1479 4881 1542 4952 δὴ
1571 4882 1802 4953 πεποιή⁴

195 4986 328 5024 κασι
360 4970 467 5023 καὶ
513 4968 787 5021 Ἰουδαίων
836 4967 1041 5031 παῖδες,
1072 4967 1145 5031 ὡς
1177 4969 1378 5039 ἀρτίως
1411 4970 1475 5021 ἐκ
1507 4968 1614 5023 τῶν
1638 4970 1802 5039 εὐαγ-

194 5057 444 5125 γελικῶν
466 5057 652 5123 λόγων
680 5054 971 5126 ἀκηκόατε.
1019 5052 1109 5124 Τῷ
1141 5054 1251 5125 γάρ
1284 5054 1475 5124 Κυρίῳ
1501 5055 1660 5125 ἡμῶν
1695 5056 1801 5126 Ίη-

197 5145 316 5207 σοῦ,
340 5144 429 5215 τῷ
464 5141 687 5213 βασιλεῖ
711 5143 818 5194 τῶν
845 5141 1035 5210 ἀγίων,
1061 5139 1446 5211 ὲνδιατρίϐοντι
1468 5141 1525 5192 ἐν
1556 5141 1635 5213 τῷ
1667 5142 1800 5213 ναῷ,

197 5235 624 5304 προσέρχονται
644 5231 700 5283 ὲν
726 5228 873 5298 αὐτῷ
898 5228 976 5299 τῷ
1008 5227 1141 5297 ναῷ.
1172 5230 1232 5281 οὐ
1269 5229 1406 5299 μετά
1429 5228 1522 5281 τοῦ
1564 5230 1803 5300 πρέπον-

191 5338 287 5386 τος
335 5322 521 5391 φόϐου
554 5358 571 5380 ,
606 5319 702 5388 οὐχ
733 5316 883 5390 [418]
916 5317 991 5379 ὡς
1042 5316 1246 5370 οἰκέται
1283 5317 1515 5389 δεσπότῃ
1541 5359 1553 5380 ,
1590 5319 1689 5389 οὐχ
1727 5320 1804 5384 ὡς

192 5409 496 5480 ἄνθρωποι
553 5405 693 5475 Θεῷ,
753 5404 863 5459 ἀλλ’
898 5404 1016 5457 οὐδὲ
1054 5404 1129 5467 ὡς
1179 5403 1415 5476 μαθηταὶ
1476 5405 1799 5477 διδασκάλῳ.

206 5495 439 5568 Ἐχθροὶ
480 5492 596 5562 τῆς
629 5491 901 5562 ἀληθείας,
931 5491 1022 5544 καὶ
1050 5491 1282 5562 θηραταί
1307 5491 1523 5559 κακίας,
1559 5494 1655 5565 τὴν
1685 5496 1804 5547 ἑαυ.

193 5582 305 5635 τῶν
339 5576 767 5645 ἐνδεικνύμενοι
798 5578 1082 5647 πονηρίαν,
1122 5579 1399 5649 λογισμοῖς
1442 5581 1802 5651 ἀνθρωπίνοις

196 5669 522 5743 ἐπειρῶντο
558 5665 921 5736 περιγράφειν
952 5663 1049 5733 τὴν
1069 5664 1258 5733 σοφίαν
1282 5665 1381 5736 τὴν
1408 5666 1799 5738 ὐπερκόσμιον.

197 5755 599 5831 Προσῆλθον
627 5752 755 5823 γάρ,
783 5750 948 5822 φησὶν
972 5790 987 5817 ,
1016 5750 1085 5806 ἐν
1121 5750 1200 5818 τῷ
1222 5751 1355 5821 ιερῷ
1384 5753 1464 5820 τῷ
1512 5756 1706 5825 Ἰησοῦ
1749 5760 1803 5812 οἱ

1902 3029 2078 3098 ἱερεῖς
2101 3032 2196 3085 καί
2226 3035 2280 3085 οἱ
2306 3034 2689 3103 πρεσϐύτεροι
2717 3036 2820 3090 τοῦ
2839 3035 2992 3091 λαοῦ
3020 3037 3297 3107 λέγοντες
3316 3055 3330 3069 ο
3376 3039 3480 3094 Ἐν

1899 3118 2044 3186 ποίᾳ
2089 3119 2340 3187 ἐξουσίᾳ
2377 3122 2561 3175 ταῦτα
2586 3123 2818 3190 ποιεῖς;
2860 3125 2960 3177 καὶ
3005 3127 3096 3191 τίς
3143 3142 3242 3179 σοι
3292 3124 3478 3180 ἔδωκε

1900 3204 2015 3272 τὴν
2039 3206 2332 3269 ἐξουσίαν
2360 3209 2620 3276 ταύτην;
2654 3211 2717 3262 Ὢ
2741 3213 2840 3280 τῆς
2868 3212 3071 3282 ἀφόϐου
3101 3214 3354 3284 καρδίαςί
3379 3215 3480 3268 ὅσα

1898 3291 2099 3364 τολμᾷί
2128 3294 2227 3347 ὅσα
2254 3294 2577 3364 φθέγγεταιί
2602 3297 2704 3350 ὅσα
2728 3297 2861 3368 πρὸς
2888 3298 3203 3363 ἀλαζονείαν
3235 3301 3475 3373 αίρεταιῐ

1905 3380 1968 3432 Ὠ
2002 3381 2101 3450 τῆς
2128 3382 2235 3433 τῶν
2278 3381 2529 3452 πονηρῶν
2581 3383 2801 3447 άνοίαςῑ
2857 3384 2902 3437 ὣ
2952 3387 3051 3456 τῆς
3089 3387 3183 3440 τοῦ
3230 3388 3481 3459 Σωτῆρος

1900 3467 2274 3532 ἀνεξικακίαςί
2310 3468 2602 3538 ιδθέγγεται
2626 3470 2849 3524 τοιαῦτα
2882 3472 3070 3543 πηλὸς,
3103 3474 3197 3527 καὶ⁸
3229 3474 3479 3543 ἀνέχεται

1899 3558 1928 3609 6
1956 3555 2232 3627 πλάστης·
2264 3556 2549 3628 ἐπαίρεται
2574 3559 2715 3612 κατὰ
2750 3558 2845 3612 τοῦ
2879 3559 3212 3631 δημιουργοῦ
3250 3561 3308 3614 τὸ
3339 3561 3478 3614 πλά-

1902 3662 2036 3716 σμα,
2066 3646 2159 3699 καὶ
2179 3644 2492 3710 ἀνεξικακεῖ
2519 3649 2546 3700 ό
2580 3647 2875 3719 εὐεργέτης
2908 3650 2935 3701 ό
2957 3648 3247 3713 ἀνεύθυνος
3271 3668 3283 3681 ’
3316 3652 3481 3704 ἀπαι-

1898 3733 2051 3785 τοῦσι
2077 3732 2232 3800 λόγον
2260 3732 2411 3802 παρὰ
2430 3733 2524 3787 τοῦ
2558 3734 2692 3788 Θεοῦ
2724 3734 2919 3804 Λόγου,
2966 3736 3059 3789 καὶ
3096 3737 3196 3807 τὴν
3232 3738 3479 3803 ἐξουσίαν

1901 3823 2441 3894 πολυπραγμονοῦσι,
2476 3824 2577 3895 τὴν
2611 3825 2855 3896 κορυφὴν
2887 3826 2985 3895 τῆς
3034 3826 3333 3891 ανῦθεντίας.
3388 3830 3480 3882 Εἴ-

1902 3928 2091 3979 πωμεν
2119 3911 2386 3982 εὐκαίρως
2408 3913 2499 3965 καὶ
2526 3914 2687 3983 ἡμεῖς
2709 3912 2779 3965 τὰ
2809 3912 2903 3966 τοῦ
2939 3913 3105 3983 σοφοῦ
3130 3931 3143 3944 ο
3176 3910 3246 3967 Ὦ
3274 3916 3480 3987 ἀνθρω-

1900 4019 1989 4063 πε.
2017 4001 2084 4056 Τί
2104 3999 2445 4062 ἀλαζονεύει
2474 4002 2551 4072 γῆ
2574 4003 2671 4059 καί
2697 4004 2957 4070 σποδός;
2986 4004 3118 4059 Θεὸν
3136 4006 3365 4078 ἐρωτᾷς,
3382 4008 3477 4061 καὶ

1899 4090 2057 4159 λόγον
2089 4092 2335 4155 ἀπαιτεῖς
2366 4093 2496 4162 παρ’
2524 4092 2689 4145 αὐτοῦ
2712 4093 2819 4147 τῶν
2845 4093 2988 4147 ἰδίων
3010 4094 3206 4165 ἔργων,
3241 4096 3334 4149 καὶ
3356 4096 3477 4148 τολ-

1904 4179 2011 4250 μᾷς
2047 4177 2228 4244 λέγειν
2276 4178 2412 4250 πρὸς
2461 4180 2562 4250 τὴν
2605 4179 2975 4251 ὐπερκόσμιον
3033 4182 3319 4247 ἐξουσίαν’
3373 4184 3479 4237 Ἐν

1903 4266 2044 4332 ποίᾳ
2093 4265 2343 4334 ἐξουσίᾳ
2372 4265 2559 4319 ταῦτα
2585 4266 2810 4331 ποιεῖς-ς
2843 4264 2995 4320 Διατί
3043 4268 3100 4321 δὲ
3136 4269 3272 4333 ὅλως
3317 4271 3478 4327 αὐτὸν

1901 4354 2130 4425 ἐρωτᾷς,
2190 4353 2284 4405 καὶ
2315 4352 2413 4405 οὐκ
2473 4352 2646 4422 αὐτὴν
2704 4351 2803 4424 τὴν
2860 4353 3199 4423 πραγμάτων
3250 4355 3478 4425 δύναμιν

1900 4441 2157 4511 ὲρευνᾷς;
2193 4439 2475 4494 Ἐεέτασον
2504 4439 2665 4504 αὐτὸς
2685 4440 2926 4511 ἀκριϐῶς
2955 4443 3013 4494 ὲν
3034 4441 3111 4512 τῷ
3135 4444 3359 4514 κρυπτῷ
3379 4446 3476 4515 τῆς

1898 4532 2075 4602 ψυχῆς
2102 4531 2489 4603 βουλευτηρίῳ,
2518 4532 2617 4603 τὴν
2643 4531 2751 4585 τῶν
2783 4532 3127 4603 πραγμάτων
3161 4532 3321 4602 φύσιν
3352 4535 3475 4587 ἐπι-

1902 4620 2261 4692 σκεψάμενος,
2300 4623 2349 4674 εί
2405 4621 2752 4692 ἀνθρωπίνης
2801 4622 2946 4674 ἐστὶν
2974 4622 3182 4685 ἐννοίας
3230 4624 3299 4677 τά
3328 4623 3475 4691 γινόο
3592 4664 3597 4671 .

1904 4726 2061 4779 μενα,
2084 4708 2117 4779 ἦ
2141 4707 2291 4769 θείας
2319 4708 2603 4773 αὐθεντίας
2629 4708 2696 4762 τὰ
2720 4708 2797 4780 τῷ
2825 4708 3013 4781 Κυρίῳ
3044 4710 3473 4782 κατορθούμενα.
3516 4714 3522 4719 ’

1914 4796 2217 4868 Ἐρώτησον
2248 4798 2340 4849 καὶ
2388 4796 2603 4861 φύσεως
2636 4796 2852 4866 νόμους,
2894 4798 2989 4850 καὶ
3020 4796 3265 4861 ἐξουσίας
3293 4800 3471 4869 ὄρους,

1902 4886 1995 4937 καὶ
2025 4884 2299 4955 λογισμῶν
2332 4885 2671 4949 ἀκολουθίαν,
2710 4886 2839 4938 ποία
2868 4884 3087 4950 ἐξουσία
3127 4887 3349 4940 δύναται
3392 4904 3475 4939 νε-

1903 4972 2067 5043 κροὺς
2093 4973 2319 5042 ἐγεῖραι,
2338 4970 2684 5042 ἀνθρώπωνῆ
2700 4971 2834 5025 Θεοῦ
2854 4988 2870 5038 ;
2893 4972 2985 5035 Τίς
3006 4972 3226 5026 δύναται
3240 4972 3474 5043 λεπροὺς

1903 5059 2204 5130 καθαίρειν,
2235 5059 2328 5113 καὶ
2356 5058 2543 5123 νόσους
2567 5057 2910 5125 ἀπελαύνειν,
2950 5060 3045 5113 καὶ
3081 5060 3257 5113 πᾶσαν
3285 5060 3471 5129 ψυχῶν

1902 5148 1998 5200 καὶ
2028 5148 2633 5220 σωμτωννάῤῥωστίαν
2661 5148 2803 5218 λόγῳ
2834 5148 2980 5219 μόνῳ
3009 5146 3257 5212 διώκειν;
3298 5143 3429 5199 Εἶτα
3456 5189 3469 5208 ,

1902 5235 1984 5298 τίς
2008 5234 2229 5288 δύναται
2257 5236 2363 5289 ἀπὸ
2394 5235 2566 5308 πηλοῦ
2598 5236 2908 5306 ὀφθαλμοὺς
2940 5233 3253 5300 διαπλάσαι,
3276 5233 3407 5297 Θεὸς
3437 5234 3470 5306 ἢ

1903 5322 2218 5393 ἀνθρωπος;
2247 5324 2398 5376 Διατί
2447 5325 2521 5395 μὴ
2547 5324 2647 5395 τὴν
2678 5322 2841 5392 φύσιν
2880 5323 3049 5392 αὐτὴν
3075 5321 3183 5374 τῶν
3216 5325 3473 5394 πραγμά-

1901 5429 2009 5465 των
2037 5412 2264 5483 ἐρωτᾷς,
2298 5411 2433 5466 ἀλλά
2467 5413 2605 5483 μετά
2634 5411 2970 5483 θρασύτητος
2997 5410 3088 5462 τὸν
3116 5410 3353 5483 ἐργάτην
3374 5429 3471 5466 πο-

1902 5500 2303 5570 λυπραγμονεῖς
2354 5499 2527 5568 λέγων
2550 5541 2568 5566 ,
2613 5500 2715 5554 Ἐν
2764 5498 2905 5565 ποίᾳ
2974 5496 3228 5566 ἐξουσίᾳ
3286 5499 3474 5554 ταῦτα

1907 5587 2130 5652 «utsic;
2174 5588 2638 5658 Ἐπαναλαμϐἀνω
2663 5575 2773 5658 γὰρ
2798 5585 2866 5639 τὰ
2913 5584 3135 5656 ῥήματα
3172 5586 3334 5641 πάλιν
3364 5588 3475 5643 τῶν

1908 5676 1975 5729 τά
1996 5674 2172 5728 πάντα
2195 5675 2392 5745 ῥᾳδίως
2418 5673 2761 5745 τολμώντων,
2788 5670 2896 5723 τῶν
2922 5670 3294 5729 ἀπαιτούντων
3314 5675 3473 5745 λόγον

1908 5763 1999 5818 τὸν
2024 5763 2115 5817 τοῦ
2143 5763 2277 5818 Θεοῦ
2308 5764 2497 5834 Λόγον,
2532 5763 2624 5817 καί
2654 5760 3010 5833 περιγράφειν
3046 5760 3323 5835 λογισμοῖς
3354 5766 3471 5820 ἐπι-
