4044 6306
641 316 749 374 ιιισ

641 431 964 506 χειρούντων
989 431 1081 485 τὸν
1105 432 1468 502 δρασσόμενον
1501 430 1622 492 τοὺς
1655 431 1850 497 σοφοὺς
1893 429 1951 482 ἐν
1983 431 2047 498 τῇ
2076 443 2212 480 παν-

641 521 836 592 ουργίᾳ
858 519 1055 574 αὐτῶν.
1083 519 1146 571 Ὢ
1167 519 1267 587 τῆς
1296 517 1476 581 ἀνοίας
1501 520 1514 570 !
1547 517 1665 586 Θεῴ
1689 519 1846 587 Λόγῳ
1878 516 2211 587 προσάγουσι

644 610 839 676 πεῖραν
866 606 1056 674 λόγων,
1105 598 1150 672 ᾧ
1183 607 1332 657 πᾶσα
1367 605 1529 674 τέχνη
1564 603 1736 671 λόγων
1779 602 2066 665 εὐάλωτος,
2119 604 2212 655 καὶ¹

643 697 792 747 πᾶσα
819 691 1093 762 λογισμῶν
1122 691 1534 762 μεμελετημένη
1554 690 1748 760 πλοκή.
1773 689 1837 742 Τί
1865 690 1973 760 γὰρ
2003 688 2213 760 ἀνθρώ-

645 798 796 843 πινος
833 780 1003 849 ἰσχύει
1037 779 1192 847 λόγος
1233 778 1368 849 πρὸς
1410 778 1542 830 Θεὸν
1579 777 1750 844 Λόγον
1775 797 1788 842 ;
1818 777 1872 829 τί
1911 778 1968 830 δὲ
1999 795 2214 846 σεσοφι-

645 869 817 938 σμένη
844 867 1010 920 κακία
1034 866 1169 936 πρὸς
1203 865 1569 935 ὑπερκόσμιον
1599 862 1788 932 σοφίαν
1812 881 1828 929 ;

727 957 822 1007 Ἐν
847 956 984 1021 ποίᾳ
1017 954 1270 1022 ἐξουσίᾳ
1299 953 1480 1006 ταῦτα
1509 953 1731 1018 ποιεῖς;
1771 951 2075 1022 Ἐρώτησον
2120 951 2211 1004 τὸν

643 1042 1033 1112 παραλυτικὸν,
1062 1041 1148 1093 διά
1183 1040 1339 1103 ποίας
1379 1039 1627 1104 ἐξουσίας
1672 1041 1750 1101 εἰς
1783 1040 1946 1109 ρῶσιν
1989 1039 2202 1092 ἀνακλί-

642 1144 826 1181 νεται·
883 1126 1156 1198 ἐρώτησον
1194 1126 1468 1195 θαύματα,
1527 1127 1620 1179 καὶ
1656 1126 1730 1195 μὴ
1771 1126 2210 1196 πολυπραγμόνει

640 1216 733 1268 τοῦ
788 1214 1188 1286 θαυματοποιοῦ
1233 1215 1330 1286 τὴν
1385 1215 1648 1281 ἐξουσίαν.
1705 1216 1818 1268 Οὐκ
1860 1216 2210 1285 ἀποκρίνεται

640 1306 768 1375 ὑμῖν
797 1307 831 1376 ή
881 1305 1002 1360 θεία
1051 1305 1230 1374 χάρις,
1280 1305 1530 1370 ἀναξίους
1580 1305 1923 1375 ἀποκρίσεως
1952 1305 2209 1371 κρίνουσα

636 1395 763 1457 τοὺς
787 1393 972 1455 κακῶς
996 1392 1330 1463 ἐρωτῶντας.
1364 1393 1616 1456 Τοιοῦτος
1634 1394 1740 1464 γὰρ
1769 1395 1796 1446 6
1821 1394 1912 1446 τοῦ
1946 1392 2080 1445 Θεοῦ
2109 1393 2209 1446 Λό-

637 1498 764 1549 70,“
796 1482 924 1534 ὅταν
976 1481 1059 1552 ἴδῃ
1114 1480 1290 1551 ψυχὴν
1341 1481 1558 1534 σκολιὰν
1605 1483 1698 1534 καὶ
1746 1481 2204 1551 διεστραμμένην,

636 1569 947 1622 ἀποσείεται
977 1567 1143 1638 αὐτὴν
1171 1569 1246 1630 ὠς
1277 1567 1500 1634 ἀναξίαν
1529 1567 1630 1638 τῆς
1659 1569 1898 1639 χάριτος,
1923 1569 2017 1622 καὶ
2037 1567 2208 1621 πολλά

638 1657 895 1720 πολλάκις
923 1654 1238 1720 σπουδάζων
1280 1655 1590 1725 μανθάνειν,
1622 1656 1880 1726 ἀλήθειαν
1919 1656 1978 1709 οὐ
2011 1656 2207 1726 τυγχά-

633 1762 715 1798 νει
751 1743 903 1815 παρά
927 1743 1024 1812 τῆς
1069 1741 1345 1812 ἀληθείας.
1393 1742 1700 1813 Ἐρωτῶσιν
1745 1742 1982 1796 Ἰουδαῖοι
2011 1742 2207 1796 πολλά-

636 1851 742 1897 κις,
767 1834 860 1886 καὶ
879 1833 997 1885 οὐδέ
1028 1832 1172 1898 ἅπαξ
1206 1833 1588 1903 μανθάνουσιν,
1623 1833 1807 1904 ἐπειδὴ
1851 1835 2034 1897 κακῶς
2068 1835 2206 1904 ἐρω-

632 1921 813 1974 τῶσιν.
844 1921 932 1984 Εἰς
959 1919 1210 1974 τοσοῦτον
1236 1919 1414 1973 αὐτῶν
1448 1919 1546 1983 τὰς
1577 1919 1752 1991 ψυχὰς
1780 1921 2096 1986 ἐϐασάνιζεν
2123 1922 2203 1986 εἰς

630 2008 821 2079 όδύνην
845 2009 878 2078 ή
907 2007 1000 2060 τοῦ
1023 2009 1269 2079 Σωτῆρος
1297 2009 1498 2080 σιωπὴ,
1523 2008 1598 2072 ὡς
1619 2010 1792 2062 εἰπεῖν
1811 2009 1932 2063 τότε
1957 2010 2016 2062 τὸ
2037 2027 2203 2080 πονη-

635 2095 725 2166 ρὸν
754 2098 927 2148 ἐκεῖνο
961 2095 1232 2166 συνέδριον
1253 2113 1265 2125 ·
1302 2096 1456 2162 ’Έως
1475 2097 1620 2150 πότε
1649 2096 1765 2165 τὴν
1791 2096 2004 2167 ψυχὴν
2031 2095 2204 2167 ἡμῶν

633 2184 784 2256 [419]
812 2185 1030 2254 αἴρεις;
1058 2188 1126 2239 Εἰ
1150 2185 1232 2238 σὺ
1263 2181 1319 2238 εἷ
1345 2188 1378 2239 ὀ
1405 2185 1674 2254 Χριστὸς,
1707 2185 1839 2239 εἰπὲ
1875 2185 2019 2255 ἡμῖν
2053 2188 2203 2254 παῤ-

624 2275 834 2342 ρησίᾳ.
881 2273 1016 2327 Ἀλλ’
1055 2273 1175 2326 οὐδέ
1216 2272 1351 2343 μετὰ
1387 2272 1592 2342 ταύτην
1641 2274 1826 2336 αὐτοῖς
1871 2273 1968 2345 τὴν
2019 2274 2202 2345 φωνὴν

629 2360 984 2429 ἀποκρίνεται
1006 2380 1018 2392 ο
1053 2361 1260 2426 ἀνάξιοι
1283 2362 1391 2432 γὰρ
1413 2357 1552 2433 ἦσαν
1581 2361 1923 2434 ἀποκρίσεως
1945 2365 1993 2416 ot
2015 2363 2202 2427 κακῶς

632 2448 962 2519 ἐρωτῶντες.
1001 2449 1066 2502 Τί
1104 2443 1197 2502 οὖν
1245 2447 1382 2519 πρὸς
1426 2450 1624 2510 αὐτοὺς
1654 2452 1683 2503 6
1731 2450 1960 2521 Σωτήρ;
2010 2446 2202 2505 Εἶπον

630 2537 791 2605 ὑμῖν,
815 2536 915 2590 καὶ
931 2538 1041 2591 οὐκ
1062 2537 1364 2605 ἠκούσατε
1381 2551 1395 2565 ⁸
1418 2537 1476 2590 τί
1495 2536 1682 2591 πάλιν
1705 2537 1910 2591 θέλετε
1924 2539 2200 2602 ἀκούειν;

638 2627 714 2680 Τὰ
735 2626 895 2694 ἔργα,
929 2626 966 2679 ἁ
994 2625 1107 2695 ἐγὼ
1145 2625 1322 2690 ποιῶ,
1351 2626 1538 2680 ταῦτα
1570 2625 1854 2695 μαρτυρεῖ
1873 2629 2004 2694 περὶ
2028 2626 2194 2696 ἐμοῦ.

637 2715 804 2788 Ὀρᾷς
828 2717 910 2769 ὃτι
950 2715 1194 2785 βούλεται
1221 2715 1290 2768 τὰ
1329 2715 1463 2786 ἔργα
1494 2715 1819 2786 ἐρωτᾶσθαι,
1860 2716 1954 2770 καὶ
2002 2718 2076 2788 μὴ
2101 2716 2199 2789 τὴν

630 2802 876 2868 ἐξουσίαν
933 2802 1542 2873 πολυπραγμονεῖσθαις
1612 2803 1917 2874 Ἐρωτῶσιν
1954 2807 2001 2859 οί
2070 2807 2200 2858 Ἰου-

627 2889 787 2953 δαῖοι,
828 2892 896 2943 El
926 2889 1006 2943 σὺ
1039 2887 1098 2945 εἴ
1133 2894 1166 2944 ό
1193 2891 1463 2959 Χριστὸς,
1497 2890 1627 2945 εἰπὲ
1665 2890 1811 2960 ἡμῖν
1849 2893 2154 2961 παρῤησίᾳ
2179 2911 2193 2925 ο

627 2976 739 3042 ἕως
777 2977 921 3030 πότε
941 2977 1054 3045 τὴν
1091 2977 1301 3047 ψυχὴν
1328 2980 1497 3047 ἡμῶν
1517 2979 1734 3046 αῖρεις;
1767 2980 1860 3034 καὶ
1905 2981 1966 3033 οὐ
2017 2980 2197 3035 δίδωσι

629 3067 693 3135 τῇ
722 3064 1022 3136 ἀμφιϐολίᾳ
1052 3064 1235 3118 λύσιν·
1273 3064 1496 3136 ἠρώτων
1546 3068 1654 3138 γὰρ
1684 3068 1780 3137 οὐχ
1809 3069 1894 3121 ἵνα
1931 3068 2194 3138 μάθωσιν,

628 3153 741 3205 ἀλλ’
765 3154 850 3206 ἵνα
876 3155 1340 3224 κατηγορήσωσιν.
1381 3154 1438 3207 '0
1469 3155 1524 3208 δὲ
1553 3156 1840 3228 ἀρχιερεὺς
1869 3157 2141 3226 Καῖάφας,
2168 3160 2196 3211 6

627 3243 726 3312 τῆς
765 3243 1086 3312 συναγωγῆς
1115 3243 1328 3313 ἐκείνης
1355 3241 1522 3309 ἄξιος,
1555 3246 1633 3307 εἰς
1660 3244 1908 3298 τοσοῦτον
1931 3241 2060 3316 ἦλθε
2089 3263 2196 3316 μα-

626 3331 766 3396 νίας,
808 3330 883 3395 ὡς
927 3333 1130 3385 εἰπεῖν·
1181 3331 1414 3401 Ὁρκίζω
1462 3349 1535 3386 σε
1574 3333 1723 3386 κατά
1758 3334 1863 3387 τοῦ
1903 3335 2049 3388 Θεοῦ
2088 3335 2196 3390 τοῦ

627 3418 858 3486 ζῶντος,
885 3420 1015 3473 εἰπὲ
1042 3419 1203 3488 ἡμῖν,
1219 3423 1271 3474 εί
1301 3421 1382 3474 σὺ
1409 3416 1467 3474 εἷ
1487 3425 1520 3476 ὀ
1550 3423 1678 3487 Υἱὸς
1700 3421 1805 3475 τοῦ
1825 3423 2194 3492 Εὑλοτητοῦ.

639 3507 696 3561 '0
711 3508 767 3562 δὲ
784 3508 933 3578 Σωτὴ
941 3528 972 3580 ρ
993 3507 1254 3562 διδάσκων
1273 3511 1420 3580 ἡμᾶς
1435 3509 1560 3573 τούς
1575 3510 1764 3577 λόγους
1783 3509 1898 3580 μετ’
1915 3510 2196 3574 εὐλαϐείας

623 3595 892 3666 δέχεσθαι,
931 3595 1067 3666 πρὸς
1095 3595 1196 3666 μὲν
1228 3596 1319 3650 τὸν
1366 3598 1525 3668 ὅρκον
1566 3598 1934 3668 ἀποκρίνεται,
1967 3598 2102 3668 πρὸς
2138 3599 2196 3652 δὲ

626 3684 686 3738 τὸ
717 3683 1186 3754 ἀμφιϐαλλόμενον
1206 3683 1357 3738 λύσιν
1395 3686 1503 3763 06x.
1543 3685 1761 3739 ἔδωκεν.
1798 3688 1964 3750 Εἰπὲ,
2008 3687 2194 3756 φησὶν,

629 3772 790 3841 ἡμῖν,
821 3773 873 3826 εί
899 3771 979 3826 σὺ
997 3766 1056 3826 εἷ
1085 3775 1118 3826 ὁ
1150 3772 1281 3838 Υἱὸς
1311 3771 1416 3826 τοῦ
1455 3772 1823 3842 Είὺλογιητοῦ.
1859 3772 2020 3842 Λέγει
2059 3774 2195 3845 πρὸς

627 3859 788 3912 αὐτὸν
810 3861 839 3912 6
859 3858 1060 3931 Κύριος
1084 3874 1098 3890 ⁸
1130 3859 1212 3912 Σὺ
1260 3854 1464 3925 εἶπας·
1499 3861 1593 3914 καὶ
1623 3859 1712 3913 τὸν
1734 3861 1893 3931 ὅρκον
1937 3861 2194 3932 ἐτίμησεν

625 3944 980 4017 ὁμολογήσας,
1022 3944 1118 3998 καὶ
1138 3945 1232 4018 τὴν
1255 3944 1452 4000 κακίαν
1489 3948 1588 4000 οὐκ
1620 3947 2051 4018 ἐπληροφόρησε,
2078 3948 2196 4018 βδε-

625 4031 922 4103 λυξάμενος
949 4033 1048 4104 τὴν
1080 4035 1431 4105 πανουργίαν.
1493 4034 1794 4106 Ἐζήτησαν
1843 4037 1891 4088 οἱ
1954 4037 2196 4091 Ἰουδαῖοι

627 4118 812 4184 κακῶς
834 4159 849 4184 ,
900 4121 996 4174 καὶ
1044 4121 1390 4192 ἀποκρίσεως
1432 4121 1532 4175 οὐκ
1559 4121 1745 4192 ἔτυχον
1769 4142 1783 4156 ο
1819 4123 1913 4176 καὶ
1947 4124 2093 4193 μάλα
2130 4143 2192 4194 γε

627 4207 879 4272 είκότως’
905 4209 1108 4263 σκολιοὶ
1127 4209 1234 4283 γὰρ
1261 4211 1508 4282 λογισμοὶ¹
1533 4213 1856 4284 χωρίζουσιν
1902 4212 2010 4266 ἀπὸ
2033 4212 2191 4268 Θεοῦ.

626 4297 738 4350 Οὐκ
764 4297 1060 4368 ἐπέτρεπεν
1091 4297 1253 4352 αὐτοῦ
1283 4300 1380 4370 τήν
1413 4300 1604 4369 σοφίαν
1633 4302 1743 4364 τοῖς
1771 4301 1953 4364 κακῶς
1979 4301 2077 4372 τὴν
2107 4319 2196 4356 σο-

626 4385 753 4453 φίαν
777 4383 938 4438 αὐτοῦ
967 4385 1526 4457 πολυπραγμονοῦσιν.
1560 4389 1662 4455 Εἰς
1701 4389 2066 4458 κακότεχνον
2085 4389 2195 4460 γὰρ

624 4473 835 4543 ψυχὴν
855 4476 966 4529 οὐκ
994 4477 1403 4532 εἰσελεύσεται
1430 4477 1636 4546 σοφία.

697 4598 762 4670 β’.
791 4599 900 4654 Καὶ
927 4601 977 4653 οἱ
1005 4601 1104 4671 μὲν
1138 4603 1394 4668 πολλάκις
1419 4605 1774 4676 ζητήσαντες,
1815 4608 1913 4678 οὐχ
1959 4601 2114 4679 εὖρον
2133 4609 2194 4662 τὸ

625 4687 954 4758 ζητούμενον
977 4704 994 4720 ο
1027 4688 1160 4760 γυνὴ
1192 4689 1248 4742 δέ
1280 4709 1362 4754 τις
1403 4691 1603 4756 ἀδόλως
1651 4695 1741 4746 καὶ
1765 4695 1964 4765 γνησία
2013 4693 2192 4747 πίστει

625 4775 1014 4847 προσελθοῦσα,
1043 4777 1104 4829 οὐ
1145 4778 1451 4848 πειράσασα
1496 4779 1596 4850 τὴν
1629 4780 2007 4850 ἀκατάληπτον
2033 4779 2191 4832 δύνα-

627 4883 740 4938 μιν,
766 4863 902 4921 ἀλλά
931 4864 1024 4918 καὶ
1060 4865 1118 4918 ἐν
1143 4865 1404 4936 ἁπλότητι
1439 4866 1519 4937 τῷ
1562 4869 1751 4939 Κυρίῳ
1777 4867 2147 4939 προσελθοῦσα
2171 4906 2190 4934 ,

623 4955 718 5008 καὶ
747 4952 877 5024 ψιλῇ
912 4954 1009 5024 μὲν
1035 4955 1101 5024 τῇ
1128 4953 1290 5020 λέξει,
1329 4956 1527 5028 γνησίᾳ
1557 4957 1617 5010 δὲ
1664 4961 1730 5029 τῇ
1761 4957 1939 5010 πίστει
1969 4958 2191 5029 φήσασα

624 5043 760 5116 πρὸς
782 5042 944 5097 αὐτόν
958 5059 972 5074 ·
1002 5042 1256 5113 Οἴδαμεν
1278 5044 1367 5098 ὅτι
1390 5045 1536 5099 ὅταν
1554 5049 1700 5115 ἔλθῃ
1730 5048 2002 5112 Μεσσίας
2035 5049 2068 5100 ό
2091 5050 2192 5101 λε-

621 5133 872 5202 τόμσνος
890 5131 1162 5203 Χριστὸς,
1201 5134 1386 5199 αὐτὸς
1405 5134 1547 5204 ἡμῖν
1567 5135 1801 5190 ἅπαντα
1833 5136 2152 5205 ἀναγγελεῖ
2168 5157 2186 5172 ο

622 5220 822 5284 εὐθέως
846 5222 1043 5292 ἤκουσε
1072 5220 1222 5292 παρὰ
1248 5219 1340 5274 τοῦ
1365 5222 1684 5289 ἀγαπῶντος
1705 5224 1982 5295 ἁπλότητα
1998 5243 2012 5256 ·
2041 5225 2190 5294 Ἐγώ

619 5311 738 5379 ειμι
788 5312 822 5375 ό
866 5312 1072 5366 λαλῶν
1117 5327 1236 5366 σοι.
1289 5311 1513 5366 Οὐδέπω
1539 5311 1808 5382 ἠρώτησε,
1847 5314 1942 5367 καὶ
1989 5315 2188 5380 εὐθέως

622 5397 852 5467 ἔμαθεν·
882 5401 1092 5454 οὐδέπω
1113 5400 1205 5454 τὸν
1240 5399 1340 5469 τῆς
1375 5399 1610 5462 πίστεως
1630 5399 1850 5472 ἔσπειρε
1882 5403 2057 5471 λόγον,
2090 5406 2186 5458 καὶ

623 5486 821 5551 εὐθέως
862 5487 954 5542 τὸν
986 5489 1194 5560 καρπὸν
1234 5489 1334 5559 τῆς
1365 5488 1644 5550 εὐσεϐείας
1697 5489 1959 5560 ἐθέρισεν.
1998 5493 2186 5562 Ἀγιος

622 5573 730 5643 γὰρ
758 5575 787 5627 6
819 5575 971 5639 Θεὸς,
1001 5577 1188 5640 ἁπλοῖς
1225 5577 1316 5630 καὶ
1340 5577 1515 5647 ἁγίοις
1537 5577 2037 5648 ἐπαναπαυόμενος,
2056 5581 2184 5634 ὅταν

622 5659 898 5730 ἁπλότητα
937 5663 1018 5734 ἴδῃ
1041 5665 1132 5718 τοῦ
1159 5665 1593 5738 προσερχομένου
1620 5705 1634 5730 ,
1684 5668 1845 5720 ἁπλοῖ
1889 5669 1983 5723 καὶ
2020 5670 2183 5733 αὐτὸς

625 5745 726 5818 τῆς
743 5747 932 5803 ἐαυτοῦ
951 5753 1136 5821 σοφίας
1149 5753 1246 5824 τὴν
1263 5754 1578 5828 εὐεργεσίαν
1600 5772 1613 5788 ⁸
1635 5756 1762 5812 ὅταν
1787 5757 1870 5828 ἴδῃ
1891 5756 2177 5826 διεστραμ-

2102 311 2378 369 INCERTI
3675 321 3753 379 ΑΗ

2320 426 2487 496 μένην
2523 431 2690 503 κακία
2719 433 2916 504 ψυχὴν,
2947 434 3146 488 κωλύει
3180 430 3268 500 τὴν
3299 434 3591 505 εὐεργεσίαν,
3622 435 3695 486 καὶ
3712 436 3755 487 οὑ

2313 514 2592 582 προσίεται
2645 519 2739 590 τὴν
2777 520 3145 577 διδασκαλίαν.
3185 521 3364 574 ’Ἄκουε
3395 519 3535 574 αὐτοῦ
3571 520 3759 587 λέγοντος

2309 597 2398 651 διὰ
2424 601 2696 667 Μωϋσέως
2715 621 2730 636 ·
2767 605 2906 658 Ἐὰν
2927 607 3094 674 ὑμεῖς
3122 608 3431 675 πορεύησθε
3469 605 3593 675 πρός
3611 623 3670 673 με
3693 606 3763 671 ὀρ·

2312 689 2425 752 θοὶ,
2466 689 2626 758 κάγὼ
2651 692 2800 759 πρὸς
2818 691 2975 761 ὑμᾶς
2999 693 3172 759 ὀρθός
3195 711 3208 724 ο
3232 693 3319 746 ἐὰν
3342 692 3391 745 δὲ
3420 693 3552 762 ὑμεῖς
3579 689 3762 754 πλάγιοι,

2313 774 2466 842 κάγὼ
2498 779 2767 848 χρήσομαι
2801 781 2926 849 ὑμῖν
2956 780 3112 851 θυμῷ
3141 780 3339 849 πλαγίῳ
3358 781 3478 848 ὀὐχ
3494 780 3560 830 ὅτι
3581 777 3658 847 τὴν
3672 778 3764 828 ἐαυ-

2310 862 2411 931 τῆς
2439 865 2709 937 εὐθύτητα
2738 868 3023 935 πλαγιάζει
3058 871 3090 939 ἡ
3130 868 3246 922 θεία
3269 869 3443 938 φύσις,
3467 867 3561 920 ἀλλ’
3595 867 3657 918 ὅτι
3683 869 3764 926 τοῖς

2313 955 2566 1022 πονηροῖς
2593 957 2712 1007 κατ’
2741 955 2954 1009 εὐθεῖαν
2977 954 3046 1008 τά
3070 956 3219 1026 παρὰ
3248 955 3337 1025 τῆς
3363 953 3582 1023 ἀληθείας
3605 953 3683 1003 οὒκ
3700 951 3766 1020 ἐρ·

2311 1058 2484 1110 χεται.
2527 1043 2629 1096 Ἐν
2660 1046 2802 1112 ποίᾳ
2830 1045 3082 1111 ἐξουσίᾳ
3127 1046 3304 1099 ταῦτα
3331 1043 3531 1108 ποιεῖς;
3552 1043 3583 1108 ἢ
3607 1040 3678 1105 τίς
3697 1055 3767 1092 σοι

2309 1127 2492 1180 ἔδωκε
2528 1128 2642 1197 τὴν
2667 1130 2955 1194 ἐξουσίαν
2990 1133 3246 1199 ταύτην;
3293 1131 3345 1183 Ὁ
3364 1130 3414 1182 δὲ
3443 1128 3603 1198 Σωτὴρ
3619 1126 3767 1186 αὐτοῖς.

2321 1213 2585 1270 Ἐνταῦθα
2609 1218 2862 1288 πρόσεχε,
2895 1219 3011 1282 πῶς
3039 1220 3163 1291 ὅρον
3203 1221 3325 1288 ἡμῖν
3365 1218 3446 1270 καὶ
3471 1216 3637 1268 κανόνα
3669 1212 3771 1264 διδα-

2311 1303 2535 1366 σκαλίας
2575 1304 2885 1358 ὑποτίθεται
2931 1307 2960 1358 ὁ
2991 1306 3206 1359 πάντων
3240 1304 3437 1374 Κύριος.
3471 1303 3554 1365 Τίς
3593 1300 3640 1352 δὲ
3662 1294 3771 1359 οὗτός

2309 1392 2424 1443 ἐστι
2450 1408 2464 1456 ;
2495 1392 2751 1445 Βούλεται
2783 1394 2928 1462 ἡμᾶς
2957 1391 3097 1445 ὥστε
3131 1397 3244 1456 τοῖς
3269 1392 3500 1460 πονηροῖς
3527 1388 3771 1456 αἱρετικοῖς,

2319 1477 2642 1550 Ἰουδαίοιςῆ
2665 1479 2940 1550 Ἕλλησιν,
2967 1481 2999 1550 ἢ
3037 1480 3244 1550 ἐτέροις
3279 1478 3408 1530 τισὶν
3441 1471 3774 1544 ἀπεσχισμένοις

2306 1564 2404 1634 τῆς
2424 1566 2722 1632 εὐσεϐείας,
2749 1567 2823 1638 μὴ
2853 1567 3242 1638 ἀποκρίνεσθαι
3265 1566 3429 1619 πάντα
3451 1563 3568 1632 πρὸς
3587 1560 3666 1622 τὰς
3684 1560 3778 1627 ἐρω-

2304 1653 2511 1722 τήσεις.
2546 1654 2703 1707 Ἐστι
2733 1655 2860 1725 γὰρ,
2890 1654 3002 1707 ἐστι
3032 1654 3286 1716 πολλάκις
3332 1650 3575 1722 ἐρωτῆσαι
3601 1644 3776 1718 ἀποκρί-

2307 1757 2442 1805 σεως
2464 1742 2564 1794 οὐκ
2590 1742 2716 1809 ἄξια
2743 1761 2757 1774 ·
2790 1745 2886 1797 καὶ
2915 1743 2996 1797 δεῖ
3023 1742 3174 1815 1420]
3204 1742 3407 1804 πάντως
3439 1737 3559 1808 πρὸς
3577 1735 3658 1797 τὰς
3679 1732 3781 1800 φαύ-

2303 1825 2428 1891 λους
2453 1828 2654 1892 ταύτας
2701 1828 2809 1882 τῶν
2849 1831 3242 1901 ἐπερωτήσεων
3291 1826 3617 1898 ἀντερωτήσει
3645 1821 3781 1881 δικαίᾳ

2302 1913 2499 1983 λέγειν.
2531 1916 2629 1969 Διά
2650 1915 2808 1969 τοῦτό
2843 1934 2975 1987 φησι
2999 1918 3134 1989 πρὸς
3153 1917 3344 1979 αὐτοὺς
3373 1917 3400 1968 6
3426 1912 3604 1982 Κύριος
3621 1925 3632 1938 ·
3654 1908 3781 1973 Ἐρω-

2301 2002 2467 2069 τήσω
2493 2003 2648 2073 ὑμᾶς
2673 2003 2834 2074 κάγὼ
2858 2005 3064 2074 λόγον,
3105 2004 3179 2057 ὃν
3216 2005 3292 2058 ἂν
3321 2000 3514 2068 εἴπητέ
3531 2015 3635 2068 μοι,
3665 1992 3785 2060 κάγὼ

2299 2091 2443 2161 ὑμῖν
2466 2092 2915 2161 ἀποκρινοῦμαι.
2951 2092 3022 2146 Τὸ
3059 2091 3326 2148 Ἰωάννου
3346 2089 3644 2156 βάπτισμα,
3667 2079 3783 2150 φησὶν

2300 2182 2485 2235 πόθεν
2500 2178 2615 2251 ἦν;
2639 2181 2709 2246 ἐξ
2739 2182 3018 2250 οὐρανοῦ,
3057 2181 3095 2251 ἢ
3129 2181 3201 2247 ἐξ
3229 2174 3696 2248 ἁνθρώπων;“υρα
3721 2183 3786 2236 μοι

2299 2270 2399 2341 τὴν
2421 2270 2600 2342 πηγήν
2620 2271 2718 2340 τῆς
2738 2271 2951 2340 σοφίας,
2975 2273 3042 2342 τῇ
3066 2272 3396 2342 ἐπερωτήσει
3419 2267 3477 2320 τὸ
3496 2262 3659 2335 ψεῦδος
3674 2257 3786 2322 ἐλέγ-

2299 2373 2498 2425 χουσαν
2520 2371 2534 2387 ⁶
2566 2358 2666 2430 ὅρα
2700 2375 2791 2429 μοι
2845 2359 2937 2413 τὸν
2975 2358 3070 2412 τοῦ
3103 2359 3240 2412 Θεοῦ
3286 2357 3449 2424 Λόγον
3490 2347 3788 2417 συλλογισμοῖς

2298 2446 2396 2517 τὴν
2420 2446 2616 2500 κακίαν
2645 2447 3051 2517 ἁνατρέποντα·
3089 2447 3360 2518 σκόπησον
3404 2443 3458 2496 δὲ
3504 2441 3586 2494 καὶ
3629 2435 3706 2506 τὴν
3723 2449 3788 2485 κα·

2298 2534 2444 2596 κίαν,
2485 2534 2602 2597 πῶς
2626 2537 2736 2593 τοῖς
2771 2534 2921 2597 ἰδίοις
2957 2535 3307 2588 ἀναλίσκεται
3347 2531 3537 2602 βέλεσι,
3583 2525 3660 2578 καὶ
3701 2521 3789 2580 ταῖς

2297 2621 2524 2684 οίκείαις
2555 2623 3003 2690 συγκατασπᾶται
3027 2621 3423 2692 κακοτεχνίαις.
3457 2617 3520 2670 Τὸ
3540 2611 3788 2678 βάπτισμα

2311 2707 2590 2764 Ἰωάννου
2617 2712 2802 2764 πόθεν
2822 2706 2901 2779 ἦν
2915 2725 2935 2774 ;
2963 2709 3032 2774 ἐξ
3061 2707 3346 2776 οὐρανοῦ,
3363 2707 3399 2774 ἢ
3419 2704 3481 2769 ἐξ
3506 2697 3790 2767 ἀνθρώπως

2310 2803 2534 2856 Ἐκεῖνοι
2565 2799 2693 2872 παρ’
2727 2800 2940 2862 ἐαυτοῖς
2985 2796 3304 2863 ἐϐασάνιζον
3331 2793 3423 2847 τοῦ
3475 2793 3681 2862 ῥήματος
3721 2780 3790 2872 τὴν

2295 2888 2546 2959 δύναμιν,
2576 2888 2668 2941 καί
2700 2903 2897 2956 φασιν·
2951 2885 3094 2939 Ἐὰν
3141 2885 3419 2952 εἴπωμεν,
3455 2875 3547 2939 Ἐξ
3569 2874 3789 2959 οὑρωηου,

2296 2977 2420 3046 ἐρεῖ
2433 2958 2595 3046 ἡμῖν,
2639 2975 2796 3032 Διατί
2823 2969 2935 3028 οὖν
2952 2973 3038 3042 μὴ
3072 2971 3498 3028 ἐπιστεύσατε;
3524 2958 3698 3053 Οἶδενή

2298 3066 2393 3118 κία
2420 3065 2509 3117 τὸν
2536 3064 2733 3134 ἑαυτῆς
2757 3060 2967 3114 ὄλισθον
2987 3077 3000 3090 ·
3032 3056 3173 3112 οἶδεν
3205 3061 3286 3112 ὅτι
3323 3053 3401 3120 οἷς
3430 3049 3684 3134 προτείνει,
3706 3049 3791 3093 τού-

2295 3169 2408 3214 τοις
2439 3132 2775 3220 ἀφανίζεται.
2838 3148 3052 3219 Ἐπειδὴ
3105 3148 3180 3219 μὴ
3237 3147 3542 3215 ὑπήκουσαν
3587 3132 3790 3220 Ἰωάνγῡυι

2295 3217 2585 3309 ἐφοϐοῦντο
2609 3241 2801 3302 εἰπεῖν,
2827 3238 2909 3290 ὅτι
2935 3238 2998 3289 ἐκ
3015 3217 3149 3289 Θεοῦ
3160 3217 3178 3296 ,ἡ
3201 3236 3288 3290 ἵνα
3320 3233 3392 3304 μὴ
3413 3222 3691 3300 παραπὸδας
3706 3217 3792 3269 ἀκ⁰⁹

2293 3308 2531 3397 λουθήσῃ
2560 3328 2588 3379 6
2617 3325 2851 3397 ἔλεγχος.
2889 3323 3024 3377 Ἐὰν
3050 3323 3116 3376 δὲ
3137 3324 3419 3392 εἴπωμεν,
3440 3317 3504 3381 ἐξ
3520 3308 3793 3397 ἀνθρὼξωνι

2293 3390 2988 3483 φοϐούιῖεθα-τόννὸχλον,
3015 3409 3100 3479 μὴ
3134 3390 3526 3476 λιθασθῶμεν.
3555 3399 3646 3453 Καὶ
3669 3390 3791 3486 γάἢή

2295 3502 2422 3576 περὶ
2449 3501 2536 3556 τὸν
2563 3501 2769 3554 δίκαιον
2820 3500 3090 3571 πρόληψις
3134 3497 3506 3568 ἀπαραίτητον
3536 3486 3640 3543 καθ’
3683 3484 3795 3576 imm"

2294 3571 2429 3644 οἴσει
2458 3590 2555 3661 τὴν
2581 3589 2755 3660 δίκην.
2815 3589 2930 3652 Πᾶς
2979 3587 3088 3659 γὰρ
3122 3590 3152 3641 6
3181 3587 3310 3650 λαὸς
3340 3581 3452 3654 εἶχε
3487 3581 3579 3666 τὸν
3607 3571 3795 3666 ’ῐωίινςην

2293 3677 2368 3742 ὡς
2397 3659 2701 3748 προφήτην.
2749 3677 2862 3730 Οὐκ
2893 3674 3183 3745 ἠϐούλοντο
3209 3670 3306 3728 οῦν
3334 3671 3394 3724 τὸ
3444 3665 3620 3737 ἀληθὲς
3652 3659 3795 3748 είπεῐνι

2293 3766 2375 3818 ὅτι
2403 3767 2468 3818 ἐκ
2487 3747 2653 3818 Θεοῦ·
2683 3763 3040 3817 ἀπεσείσαντο
3060 3762 3172 3834 γὰρ
3197 3762 3295 3815 τοῦ
3313 3759 3446 3813 Θεοῦ
3471 3755 3560 3826 τὴν
3585 3747 3796 3818 ἀλήθειαν.

2294 3851 2388 3908 κςῒι
2420 3852 2480 3905 τὸ
2497 3851 2690 3922 ψεῦδος
2711 3853 2884 3904 εἰπεῖν
2904 3851 3002 3903 οὐκ
3021 3849 3268 3921 ἐτόλμων
3288 3867 3303 3880 ο
3331 3846 3431 3918 τῆς
3458 3843 3559 3913 γὰρ
3579 3840 3798 3902 ἀναισχυν·

2293 3943 2412 4003 τίας
2441 3939 2697 4010 δικαστὴν
2729 3935 2873 4009 εἶχον
2907 3937 2998 3991 τὸν
3042 3937 3236 4006 φόϐον,
3271 3936 3367 3990 καὶ
3396 3932 3573 3986 τοῦτον
3607 3922 3796 4018 οὐθείον.

2293 4015 2429 4082 ἀλλά
2463 4025 2822 4098 ἀνθρώπινον.
2857 4025 2968 4080 Καὶ
2999 4025 3107 4095 γὰρ
3145 4025 3327 4088 οὕτως
3348 4023 3491 4093 ἔχει·
3525 4011 3683 4070 πολλοὶ

2293 4117 2451 4181 λάκις
2478 4096 2611 4170 Θεοῦ
2647 4115 2812 4184 φόϐον
2838 4116 2938 4168 οὐκ
2966 4113 3203 4185 ἔχοντες,
3237 4110 3558 4183 ἀνθρωπίνῳ

2293 4203 2556 4259 λεύουσιν.
2597 4202 2916 4272 Ἐφοϐοῦντο
2939 4201 3029 4254 τὸν
3050 4200 3200 4257 λαόν.
3230 4200 3360 4255 Εἴθε
3384 4198 3473 4252 τὸν
3496 4193 3632 4280 Θεὸν,
3655 4187 3802 4280 καὶ

2292 4291 2384 4345 τὸν
2407 4290 2533 4344 λαόν
2552 4305 2566 4320 ·
2599 4270 2681 4344 τὸ-
2712 4288 2812 4360 μὲν
2841 4288 2949 4358 γὰρ
3004 4289 3276 4353 εὐσεϐεῖν,
3325 4286 3386 4340 τό
3422 4285 3477 4338 δέ
3507 4277 3710 4366 ἀσεϐεῖν.
3731 4270 3805 4366 Λί-

2293 4395 2478 4447 γουσιν
2509 4376 2677 4448 αὐτῷ,
2715 4379 2836 4430 Οὐκ
2865 4375 3129 4445 οἴδαμεν.
3159 4377 3309 4446 Ὅρα
3355 4373 3472 4434 πῶς
3499 4372 3530 4440 ή
3566 4362 3704 4419 κακία
3726 4368 3804 4454 τοις

2295 4468 2548 4538 πονηροῖς
2581 4465 2883 4536 ἐμφωλεύει
2908 4481 2921 4496 ν
2952 4465 3053 4535 ὅρα
3105 4464 3226 4528 πῶς
3268 4461 3472 4532 ἐαυτῆς
3506 4457 3595 4528 τὴν
3634 4451 3806 4504 ἀτοπίαν

2289 4558 2325 4628 ἡ
2357 4556 2581 4610 ἀσέϐεια
2610 4554 2888 4625 κηρύττει.
2912 4553 3123 4625 ’Ὥσπερ
3151 4554 3262 4624 γὰρ
3298 4553 3435 4622 ἔχις,
3482 4550 3514 4620 ἢ
3550 4563 3595 4599 τι
3624 4540 3806 4632 τῷν-τν-

2291 4645 2602 4716 νηροτάτων
2657 4643 2892 4716 θηρίων,
2947 4644 3059 4706 τοῖς
3114 4641 3411 4712 ὑπονόμων
3468 4647 3488 4669 ι
3536 4627 3808 4705 ἐμφωλεῦον.

2289 4734 2473 4803 ἡρέμα
2504 4731 2804 4803 προκύπτει
2833 4730 2932 4799 τῆς
2955 4729 3331 4795 καταδύσεως,
3371 4726 3463 4781 καί
3495 4724 3655 4777 τέλεον
3682 4725 3806 4810 προξ-

2291 4822 2461 4874 ελθεῖν
2489 4822 2587 4873 οὐκ
2611 4819 2782 4872 ἐθέλει
2802 4835 2815 4848 ·
2851 4817 2993 4871 οὕτω
3039 4819 3134 4871 καὶ
3163 4818 3214 4870 οί
3260 4817 3524 4877 Ἰουδαῖοι,
3573 4807 3641 4880 τῷ
3663 4807 3809 4873 ’χειιὶῖλσεέΙ

2289 4909 2386 4979 τῆς
2413 4907 2611 4970 κακίας
2636 4906 2921 4971 συζῶντες,
2946 4908 3025 4969 είς
3050 4889 3167 4974 φῶς
3183 4907 3288 4976 τὴν
3319 4904 3528 4958 ἑαυτῶν
3554 4899 3608 4951 οὐ
3632 4885 3812 4979 mw}:

2290 4970 2443 5072 ρουσι
2477 4996 2722 5069 γνώμην.
2755 4997 2845 5050 Διὸ
2874 4998 2965 5050 καὶ
2993 4997 3022 5048 6
3047 4970 3257 5066 Κύριος
3292 4995 3431 5064 πρὸς
3461 4986 3666 5081 αὐτούς·

2286 5087 2400 5156 ἐγὼ
2429 5085 2584 5155 λέγω
2616 5086 2776 5154 ὑμῖν.
2806 5086 2948 5156 Ὅρα
2970 5083 3084 5147 πῶς
3104 5085 3139 5154 ἡ
3168 5083 3358 5153 σιωπὴ
3381 5083 3478 5153 τὴν
3509 5078 3688 5132 ἄτοπον
3711 5078 3815 5156 ἐριν-

2285 5148 2440 5245 τησιν
2470 5148 2725 5226 ἐκόλασεν
2745 5189 2758 5202 ’
2791 5148 2894 5244 ὅρα
2920 5172 3038 5235 πῶς
3065 5148 3162 5242 τὴν
3202 5148 3410 5224 κακίαν
3434 5148 3533 5221 οὐκ
3568 5148 3814 5228 ἐπληροφά·

2287 5279 2475 5333 ρησεν,
2507 5261 2618 5314 ἀλλ’
2642 5261 2946 5330 ἀπέστησεν
2982 5259 3175 5322 αὐτοὺς
3205 5259 3267 5311 ἐν
3294 5258 3450 5328 μέσῳ
3475 5254 3581 5309 τῶν
3621 5245 3816 5333 συλλογις

2287 5323 2470 5419 σμῶν.
2490 5349 2600 5402 Καὶ
2633 5349 2769 5418 ὅπερ
2797 5323 2966 5401 ἔπαθέ
3007 5363 3136 5400 ποτε
3162 5349 3196 5416 ή
3226 5323 3355 5410 ὄνος
3384 5323 3476 5397 τοῦ
3511 5323 3814 5419 Βαλαάμιμμδί

2285 5415 2573 5508 δυνηθεῖσα
2599 5415 2841 5490 ἐκκλῖναι
2857 5434 3007 5500 δεξιά
3030 5435 3063 5506 ἢ
3087 5415 3384 5506 ἀριστερὰ,
3407 5431 3497 5487 διὰ
3521 5429 3608 5483 τὸν
3631 5415 3815 5508 ἀγγελογ

2283 5526 2372 5580 τὸν
2392 5527 2786 5596 ἀντιστήσαντα
2815 5523 3016 5597 ταύτῃ·
3049 5520 3222 5586 οὕτως
3276 5521 3484 5574 ἔπαθεν
3524 5519 3556 5586 ὴ
3599 5500 3815 5568 ἰουδαῖιὴ

2345 5696 2361 5718 ⁸
2413 5695 2717 5764 Ὑπονόμῳν,
2751 5707 2864 5764 vox,
2911 5691 3220 5764 nlpvidelur,
3275 5695 3529 5754 corrupta.
3585 5675 3814 5738 Colclen'us

2287 5759 2552 5824 legendum
2570 5757 2822 5808 existimat
2842 5757 3109 5819 ὑπονόμοις.
