4074 6308
276 348 385 409 H3

274 468 399 522 tiam
449 461 736 518 verborum
775 456 1022 522 offerunt,
1063 470 1095 511 a
1123 467 1229 526 quo
1267 465 1323 510 et
1362 468 1520 510 omne
1562 449 1846 505 verborum

273 555 579 619 artiﬁcium,
607 562 664 608 et
698 551 871 608 omnis
900 557 1225 620 praeparatus
1262 545 1661 601 ratiociniorum
1695 556 1847 597 com-

273 650 456 719 plexus
485 646 641 702 facile
670 643 974 715 percipitur.
1008 640 1144 707 Quid
1182 640 1324 695 enim
1353 646 1530 702 potest
1557 636 1846 691 humanum

272 742 491 795 verbum
528 747 712 794 contra
757 735 988 791 Verbum
1023 733 1231 789 Deum?
1271 730 1395 802 quid
1436 726 1850 799 sophismatibus

273 831 529 885 instructa
555 826 833 900 sapientia,
854 834 1040 881 contra
1065 825 1332 880 cazlestem
1362 820 1715 889 sapientiam?

346 923 518 993 Opera
545 923 657 992 ipsa
678 928 966 989 potestatem
1000 916 1148 972 Verbi
1180 915 1271 968 Dei
1301 914 1528 985 probant.
1558 942 1629 952 —
1655 910 1724 965 In
1750 926 1852 982 qua

275 1025 516 1088 potestate
544 1016 650 1069 huic
685 1012 847 1084 facis?
871 1010 1140 1081 Interroga
1170 1006 1538 1078 paralyticum,
1569 1020 1665 1074 per
1692 1018 1850 1073 quam

276 1116 589 1178 potestatem
623 1118 783 1157 sanus
830 1101 1101 1157 recumbat
1131 1118 1143 1151 :
1182 1099 1451 1167 interroga
1489 1095 1766 1160 miracula,
1798 1101 1854 1148 et

273 1198 595 1255 mirabilium
640 1193 930 1250 Patratoris
960 1199 1271 1261 potestatem
1299 1188 1508 1242 curiose
1544 1201 1613 1240 ne
1638 1183 1850 1255 perqui-

274 1307 383 1347 ras.
413 1290 531 1345 Non
563 1286 849 1355 respondet
883 1284 1032 1338 vobis
1056 1283 1231 1337 divina
1266 1281 1468 1351 gratia,
1504 1277 1853 1346 responsione

275 1382 521 1454 indignos
555 1379 798 1450 judicans
833 1391 926 1432 eos
961 1374 1051 1446 qui
1080 1387 1357 1443 perperam
1389 1372 1734 1438 interrogant.
1778 1367 1852 1421 Ita

275 1475 411 1530 solet
447 1472 542 1529 Dei
572 1470 845 1526 Verbum:
882 1482 1004 1523 cum
1043 1465 1186 1521 videt
1226 1467 1457 1518 animam
1499 1461 1763 1530 obliquam
1800 1468 1856 1514 et

274 1578 602 1638 perversam,
633 1560 851 1630 espellit
877 1574 1016 1625 eam,
1054 1567 1113 1613 ut
1140 1557 1305 1628 gratia
1331 1555 1620 1625 indignam,
1651 1562 1703 1607 et
1731 1566 1853 1607 cum

275 1658 438 1712 multa
463 1670 607 1725 saepe
642 1653 848 1708 discere
883 1657 1125 1715 conetur,
1165 1647 1440 1703 veritatem
1470 1661 1575 1701 non
1612 1645 1858 1714 impetrat

274 1766 305 1805 a
331 1749 579 1804 veritate.
611 1746 944 1815 lnterrogant
971 1742 1139 1798 Judaei
1164 1756 1326 1810 sape,
1356 1755 1418 1795 ac
1448 1754 1517 1795 ne
1541 1739 1706 1794 semel
1733 1737 1853 1807 qni-

277 1840 399 1896 dem
427 1840 657 1904 discunt,
687 1838 809 1908 quia
834 1836 970 1890 male
997 1835 1342 1904 interrogant.
1374 1832 1549 1901 Usque
1578 1830 1713 1885 adeo
1734 1830 1853 1883 illo-

275 1951 392 1989 rum
424 1933 632 1988 animos
668 1931 942 1986 cruciabat
978 1928 1275 1984 Servatoris
1314 1925 1605 1991 silentium,
1639 1934 1695 1978 ut
1734 1932 1857 1977 tunc

275 2026 481 2081 diceret
510 2024 678 2078 malus
707 2022 798 2076 ille
834 2034 1160 2076 consessus:
1197 2018 1467 2088 Quousque
1503 2016 1726 2069 animam
1764 2030 1857 2067 no-

278 2128 432 2174 stram
459 2117 594 2172 tollis
612 2118 638 2171 ?
664 2115 726 2171 Si
754 2125 805 2168 tu
832 2131 886 2170 es
912 2113 1165 2179 Christus,
1192 2112 1275 2165 dic
1304 2111 1446 2164 nobis
1475 2109 1646 2179 palam
1673 2105 1852 2177 (Joan.

278 2213 365 2268 10.
396 2210 510 2282 24).
537 2210 641 2266 Sed
669 2224 843 2277 neque
871 2216 992 2277 post
1031 2206 1169 2260 hanc
1194 2218 1378 2259 vocem
1413 2202 1517 2256 illis
1544 2199 1855 2269 respondet,

276 2303 397 2374 quia
419 2300 765 2373 responsione
788 2299 930 2370 digni
957 2312 1063 2353 non
1090 2304 1264 2357 erant,
1287 2294 1375 2365 qui
1404 2293 1541 2347 male
1560 2294 1857 2362 interroga-

276 2403 487 2450 verunt.
514 2393 650 2461 Quid
678 2394 854 2462 itaque
896 2391 975 2446 eis
1010 2387 1293 2444 Servator?
1336 2386 1458 2440 Dixi
1487 2385 1643 2449 vobis,
1672 2392 1718 2438 et
1756 2399 1857 2436 non

275 2486 530 2549 audistis;
555 2484 675 2556 quid
701 2485 881 2537 iterum
904 2482 1053 2536 vultis
1077 2480 1256 2534 audire
1287 2478 1451 2549 (Ibid.
1474 2478 1529 2533 9.
1566 2476 1696 2547 27)?
1720 2475 1856 2545 Ope-

276 2595 355 2643 ra,
386 2592 501 2648 qua;
536 2592 626 2649 ego
662 2576 814 2645 facio,
859 2575 971 2645 ipsa
1009 2572 1344 2627 testimonium
1383 2570 1641 2640 perhibent
1683 2570 1747 2622 de
1782 2585 1861 2622 me

278 2670 440 2743 (Ibid.
475 2670 562 2726 10.
603 2669 719 2736 25).
754 2668 913 2723 Vides
938 2668 1075 2723 velle
1103 2682 1224 2722 eum
1254 2674 1311 2720 ut
1337 2681 1497 2734 opera
1525 2665 1859 2732 interrogen-

278 2773 384 2831 tur,
413 2778 518 2818 uon
558 2771 616 2817 ut
642 2761 708 2817 de
746 2769 1006 2830 potestate
1035 2758 1368 2829 inquiratur?
1409 2756 1738 2825 lnterrogant
1761 2754 1858 2810 Ju-

277 2854 418 2909 daei:
466 2852 527 2909 Si
570 2863 623 2906 tu
663 2869 715 2907 es
754 2851 1001 2917 Christus,
1041 2851 1121 2904 dic
1162 2851 1304 2904 nobis
1345 2847 1557 2919 palam;
1604 2863 1861 2917 quousque

277 2946 502 3001 animam
526 2952 748 2998 nostram
788 2943 921 2996 tollis
950 2940 1127 3012 (Joan.
1159 2941 1245 2995 10.
1280 2939 1416 3009 24)?
1452 2954 1550 2993 nec
1579 2937 1860 3008 qua’stioni

276 3042 370 3099 dat
389 3041 707 3097 solutionem
732 3056 745 3092 :
776 3036 1172 3107 interrogabant
1190 3036 1333 3090 enim
1358 3049 1461 3088 non
1484 3031 1742 3099 discendi,
1766 3030 1859 3085 sed

277 3132 563 3190 accusandi
604 3144 785 3187 causa.
832 3129 1057 3199 Caiphas
1100 3136 1274 3182 autem
1326 3127 1568 3197 princeps
1610 3122 1862 3178 sacerdo-

279 3238 700 3298 tum,synagoga
729 3224 817 3278 illa
856 3222 1066 3292 dignus,
1110 3220 1161 3274 in
1203 3228 1399 3274 tantam
1439 3220 1723 3272 amentiam
1761 3214 1859 3269 de-

278 3327 520 3385 venerat,
550 3326 609 3372 ut
635 3317 876 3372 diceret:
918 3315 1112 3384 Adiuro
1151 3322 1198 3366 te
1240 3328 1328 3379 per
1366 3310 1529 3365 Deum
1566 3310 1750 3374 vivum;
1781 3309 1862 3362 dic

278 3412 444 3477 nobis,
495 3412 539 3464 si
583 3419 638 3462 tu
685 3425 736 3463 es
778 3406 947 3461 Filius
980 3405 1237 3459 Benedicti
1276 3403 1486 3475 (Matth.
1527 3402 1615 3457 26.
1649 3402 1760 3471 6'5).
1792 3402 1863 3455 At

279 3505 533 3559 Servator
559 3500 757 3556 docens
786 3514 885 3555 nos
913 3512 1189 3553 sermones
1224 3511 1344 3551 cum
1378 3496 1573 3565 pietate
1594 3495 1858 3563 accipere,

280 3594 543 3664 adjuranti
591 3592 803 3663 quidem
848 3591 1166 3661 respondet,
1208 3603 1380 3658 neque
1428 3596 1600 3643 tamen
1643 3587 1861 3642 dubium

280 3687 458 3741 solvit.
515 3685 612 3739 Dic
661 3684 824 3751 nobis,
874 3683 1075 3752 inquit,
1117 3683 1161 3736 si
1197 3690 1248 3734 tu
1295 3697 1345 3735 es
1395 3679 1561 3733 Filius
1604 3678 1863 3733 Benedicti

284 3776 732 3851 (Matth.26.64).
759 3776 847 3831 Ait
874 3775 945 3829 illi
974 3774 1226 3829 Dominus
1254 3789 1267 3825 :
1298 3771 1373 3825 Tu
1402 3772 1574 3825 dixisti
1600 3788 1619 3826 :
1639 3786 1700 3825 ac
1715 3771 1863 3841 jura-

284 3882 520 3927 mentum
543 3886 638 3940 per
664 3868 1051 3924 confessionem
1083 3866 1378 3930 honoravit,
1408 3880 1582 3934 neque
1607 3865 1861 3919 malitiam

283 3965 566 4021 certiorem
607 3962 752 4027 fecit,
783 3962 1031 4017 astutiam
1071 3959 1426 4012 abominatus.
1468 3956 1607 4010 Male
1634 3955 1861 4025 quaesie-

284 4068 402 4113 rant
428 4058 615 4121 Judmi,
646 4072 743 4111 nec
768 4069 1080 4124 responsum
1112 4053 1212 4106 illis
1249 4060 1331 4106 est
1367 4067 1379 4102 :
1419 4049 1577 4119 idque
1603 4050 1721 4118 jure
1746 4064 1862 4103 me-

285 4152 415 4215 rito;
445 4165 568 4205 nam
595 4150 822 4219 obliquae
855 4147 1202 4218 cogitationes
1237 4160 1266 4197 a
1310 4145 1418 4199 Deo
1448 4140 1715 4212 separant.
1745 4142 1860 4197 Non

287 4243 463 4298 emisit
486 4239 799 4310 sapientiam
827 4254 976 4294 suam
1008 4238 1072 4291 iis
1101 4236 1189 4305 qui
1218 4235 1358 4289 male
1387 4235 1529 4288 illam
1556 4234 1866 4289 scrutaban-

288 4347 389 4392 tur.
421 4334 491 4390 In
516 4332 814 4388 malevola»:
833 4331 963 4384 enim
988 4329 1206 4382 animam
1234 4344 1336 4381 non
1365 4327 1586 4380 introibit
1616 4326 1865 4397 sapientia

291 4433 440 4506 (Sap.
471 4431 521 4484 t.
554 4426 631 4500 ι).

354 4522 408 4575 2.
440 4523 615 4590 Atque
656 4517 731 4573 illi
775 4525 897 4588 post
932 4514 1236 4585 frequentes
1274 4510 1594 4580 quaestiones
1633 4508 1684 4563 id
1723 4508 1863 4579 quod

288 4616 594 4687 quaerebant
618 4627 720 4667 non
751 4613 1064 4666 invenerunt
1084 4628 1095 4664 :
1120 4606 1309 4660 mulier
1324 4621 1447 4659 vero
1463 4603 1725 4673 qumdam,
1746 4618 1864 4672 qua:

289 4712 401 4765 sine
423 4709 552 4764 dolo
572 4716 627 4762 et
654 4722 773 4761 cum
810 4705 1014 4760 sincera
1062 4701 1163 4755 ﬁde
1199 4707 1513 4761 accesserat,
1545 4711 1647 4751 non
1671 4706 1729 4750 ut
1751 4709 1865 4750 ten-

289 4808 423 4856 taret
460 4800 606 4854 illam
652 4791 1234 4864 incomprehensibilem
1274 4790 1520 4843 virtutem
1550 4826 1565 4853 ,
1611 4786 1704 4840 sed
1743 4801 1865 4840 cum

290 4892 626 4963 simplicitate
646 4890 925 4944 Dominum
952 4886 1155 4949 adiens,
1181 4882 1413 4938 dictione
1435 4879 1599 4944 tenui,
1625 4879 1717 4934 sed
1740 4894 1869 4948 pura

290 4986 396 5040 ﬁde
413 4984 600 5041 dicens
624 5000 638 5035 :
667 4980 869 5036 Scimus
897 4978 1030 5048 quod
1056 4993 1169 5031 cum
1192 4975 1378 5030 venerit
1414 4972 1648 5038 Messias,
1684 4972 1771 5040 qui
1792 4971 1872 5023 di-

290 5077 419 5129 citur
448 5074 694 5137 Christus,
738 5072 846 5139 ipse
889 5067 1030 5123 nobis
1065 5064 1377 5120 annuntiabit
1405 5063 1575 5117 omnia
1607 5060 1786 5131 (Joan.
1814 5060 1868 5114 4.

289 5169 381 5241 25)
413 5184 428 5222 :
468 5167 647 5221 statim
687 5163 886 5218 audivit
929 5162 997 5215 ab
1036 5168 1275 5213 amatore
1324 5154 1675 5225 simplicitatis
1715 5171 1726 5206 :
1760 5151 1871 5222 Ego

288 5281 401 5318 sum
429 5262 515 5330 qui
550 5262 727 5329 loquor
764 5266 925 5311 tecum
945 5253 1104 5325 (Ibid.
1135 5270 1180 5306 υ.
1211 5250 1326 5321 26).
1354 5249 1598 5304 Nondum
1646 5248 1872 5301 interro—

289 5362 527 5425 gaverat,
550 5359 602 5407 et
628 5351 803 5408 statim
827 5348 1009 5402 didicit
1034 5362 1048 5412 ;
1078 5344 1310 5400 nondum
1335 5341 1455 5397 ﬁdei
1476 5339 1692 5395 verbum
1714 5337 1872 5392 semi-

292 5454 535 5508 naverat,
566 5451 621 5498 et
644 5442 823 5498 statim
852 5440 1074 5494 fructum
1105 5436 1313 5507 pietatis
1334 5432 1618 5503 decerpsit.
1649 5432 1873 5487 Sanctus

292 5540 490 5610 quippe
520 5537 664 5593 Deus
684 5535 736 5589 in
765 5532 1094 5602 simplicibus
1118 5539 1171 5586 et
1191 5529 1387 5584 sanctis
1412 5524 1721 5596 requiescit,
1749 5536 1871 5577 cum

292 5628 595 5685 accedentis
624 5625 1013 5696 simplicitatem
1042 5622 1269 5688 viderit;
1300 5620 1528 5690 explicat
1566 5617 1723 5672 etiam
1762 5616 1873 5684 ipse

292 5722 566 5795 sapientia:
586 5736 701 5777 sua:
724 5716 1125 5781 beneﬁcentiam
1154 5732 1169 5769 :
1201 5728 1320 5769 eum
1341 5711 1530 5766 viderit
1556 5716 1732 5763 autem
1761 5707 1873 5761 ani-

298 5835 438 5875 mam
483 5812 717 5885 nequitia
758 5822 1094 5883 perversam,
1141 5804 1454 5863 beneﬁcium
1495 5798 1729 5868 cohibet,
1775 5813 1873 5855 nec

1269 338 1336 396 IN
1371 336 1598 406 ILLUD,
1638 333 1705 392 IN
1742 332 1883 402 QUA
1922 331 2341 403 POTESTATE,
2380 336 2537 394 ETC.

3431 346 3536 400 ἆυ

1956 446 2251 503 doctrinam
2277 451 2490 505 emittit.
2524 451 2659 508 Audi
2682 454 2809 525 quid
2836 455 2949 527 ipse
2968 456 3106 513 dicat
3132 472 3226 527 per
3250 457 3484 531 Moysem
3519 479 3535 517 :

1954 538 2016 594 Si
2039 555 2127 595 vos
2154 540 2525 598 ambulaveritis
2544 560 2664 616 erga
2690 563 2768 601 me
2802 550 2945 615 recti,
2988 561 3036 603 et
3068 567 3160 621 ego
3202 568 3321 622 erga
3347 566 3431 606 vos
3456 568 3539 606 re-

1952 640 2063 685 ctus
2080 632 2154 703 (a)
2175 631 2356 703 (Leuit.
2377 633 2467 689 26.
2496 634 2585 691 25.
2611 636 2724 706 2i);
2747 638 2983 695 siautem
3008 657 3100 695 vos
3120 642 3339 713 obliqui,
3365 652 3419 697 et
3438 659 3538 713 ego

1955 732 2074 777 utar
2100 723 2251 780 vobis
2280 723 2463 781 furore
2491 727 2737 798 obliquo;
2774 745 2879 784 non
2906 732 3046 801 quod
3075 733 3251 788 divina
3292 745 3477 790 natura
3503 751 3535 789 a

1954 824 2100 869 recto
2122 814 2380 884 declinet;
2409 819 2503 873 sed
2527 819 2665 889 quod
2693 820 2968 890 improbis,
2996 840 3056 879 ea
3079 841 3196 895 qua:
3221 844 3282 880 ex
3314 829 3537 883 veritate

1957 906 2383 975 proﬁciscuntur,
2421 926 2524 964 non
2556 920 2699 966 recta
2730 915 3037 983 procedant.
3071 916 3137 971 In
3165 937 3264 990 qua
3293 930 3537 989 potestate

1955 998 2063 1052 haec
2090 999 2264 1070 facis?
2302 1011 2391 1054 aut
2433 1003 2544 1072 quis
2581 1002 2669 1056 tibi
2704 1004 2842 1058 dedit
2870 1008 3001 1060 hanc
3040 1013 3368 1076 potestatem?
3400 1013 3536 1069 Tum

1957 1092 2208 1148 Servator
2245 1094 2340 1148 eis.
2374 1095 2469 1151 Hie
2493 1099 2727 1162 attende,
2757 1115 2912 1169 quam
2946 1102 3097 1155 nobis
3125 1104 3379 1159 doctrina:
3414 1124 3538 1161 nor-

1957 1199 2097 1238 mam
2151 1194 2206 1240 et
2258 1188 2494 1257 regulam
2548 1203 2808 1260 proponat
2852 1194 3216 1249 universorum
3262 1198 3535 1253 Dominus.

1956 1276 2210 1344 Quaenam
2244 1279 2356 1334 hzec
2385 1282 2499 1334 est?
2536 1280 2656 1335 Vult
2685 1298 2780 1335 nos
2828 1284 3084 1354 improbis
3124 1287 3406 1354 ltzereticis,
3445 1291 3541 1345 Ju-

1959 1369 2109 1433 daais,
2142 1370 2446 1440 gentilibus,
2479 1375 2561 1428 vel
2591 1374 2712 1429 aliis
2743 1376 2834 1446 qui
2872 1391 2899 1428 a
2945 1378 3027 1445 pia
3072 1380 3328 1449 religione
3371 1382 3542 1437 desci—

1956 1464 2150 1530 verint,
2177 1480 2283 1519 non
2308 1466 2633 1534 respondere
2648 1482 2860 1537 semper
2880 1469 3251 1541 interrogatos.
3275 1471 3543 1545 Contiugit

1956 1558 2120 1617 enim,
2169 1558 2425 1627 contingit
2458 1573 2620 1629 saepe,
2664 1562 3130 1633 interrogationem
3169 1580 3271 1620 non
3300 1582 3421 1623 esse
3458 1585 3543 1624 re-

1956 1648 2244 1715 sponsione
2277 1649 2489 1720 dignam
2521 1668 2533 1704 :
2566 1662 2722 1723 atque
2753 1669 2847 1722 par
2881 1665 2963 1709 est
2997 1658 3213 1712 omnino
3242 1659 3543 1729 hujusmodi

1959 1738 2459 1810 interrogationibus
2522 1744 2693 1813 justas
2757 1746 3201 1819 interrogationes
3253 1768 3543 1822 opponere.

1959 1830 2083 1884 Ideo
2101 1831 2175 1885 ait
2196 1832 2300 1886 illis
2326 1832 2583 1888 Dominus
2613 1852 2627 1888 :
2666 1834 2997 1908 Interrogubo
3026 1857 3111 1895 vos
3150 1853 3197 1895 et
3235 1860 3325 1914 ego
3354 1861 3546 1900 sermo-

1958 1937 2093 1988 nem,
2130 1938 2277 1990 quem
2314 1925 2359 1977 si
2401 1926 2630 1979 dixeritis
2656 1929 2800 1994 mihi,
2838 1940 2885 1983 et
2930 1947 3020 2001 ego
3047 1931 3181 1987 vobis
3217 1936 3544 2004 respondebo.

1957 2011 2175 2068 Joannis
2203 2014 2502 2085 baptismus,
2548 2019 2735 2089 inquit,
2762 2022 2895 2075 unde
2919 2024 3069 2077 erat?
3109 2042 3173 2079 ea:
3209 2029 3353 2093 cwlo,
3391 2046 3457 2083 an
3487 2047 3549 2085 ea:

1960 2105 2243 2162 hominibus
2266 2108 2478 2179 (Matth.
2509 2110 2598 2165 21.
2625 2111 2714 2166 24.
2752 2113 2873 2184 25)?
2905 2114 3036 2170 Vide
3063 2117 3192 2171 mihi
3232 2120 3427 2174 fontem
3455 2136 3546 2174 sa-

1960 2199 2193 2268 pientiae,
2240 2210 2300 2256 ut
2338 2202 2753 2275 interrogatione
2792 2207 3127 2264 mendacium
3169 2221 3354 2282 arguat
3384 2231 3398 2279 ;
3428 2215 3549 2270 vide

1959 2289 2089 2344 mihi
2118 2290 2348 2347 Verbum
2394 2293 2509 2360 Dei,
2549 2296 2691 2366 quod
2721 2298 3043 2369 syllogismis
3070 2304 3357 2371 nequitiam
3391 2322 3549 2362 ever-

1962 2382 2048 2436 tit:
2079 2382 2197 2438 vide
2223 2398 2434 2454 quoque
2460 2386 2737 2455 malitiam,
2782 2392 3049 2459 quomodo
3077 2394 3187 2448 suis
3218 2397 3336 2450 telis
3360 2398 3548 2453 confo-

1959 2476 2173 2541 diatur,
2216 2492 2281 2532 ac
2323 2480 2433 2534 suis
2473 2481 2649 2549 pravis
2698 2484 2901 2539 artibus
2954 2486 3231 2542 avellatur.
3284 2489 3550 2559 Baptisma

1959 2568 2176 2624 Joannis
2203 2572 2338 2625 unde
2353 2582 2457 2626 erat
2478 2574 2504 2626 ?
2530 2590 2594 2628 ex
2612 2574 2755 2641 cado,
2781 2593 2847 2630 an
2873 2593 2935 2631 ea:
2959 2578 3242 2635 hominibus
3262 2585 3288 2638 .9
3316 2583 3394 2637 llli
3417 2603 3550 2655 quo-

1960 2678 2064 2732 que
2100 2664 2239 2733 apud
2268 2680 2326 2719 se
2354 2668 2616 2721 sermonis
2645 2669 2751 2722 vim
2787 2670 3155 2739 explorabant,
3186 2685 3240 2730 et
3272 2681 3419 2731 aiunt
3445 2697 3458 2733 :
3488 2680 3549 2734 Si

1962 2754 2258 2822 dixerimus,
2279 2754 2361 2809 Ex
2383 2758 2523 2822 caelo,
2549 2759 2679 2812 dicet
2715 2761 2878 2827 nobis,
2908 2761 3010 2816 Cur
3032 2781 3152 2833 ergo
3190 2783 3291 2820 non
3326 2771 3549 2824 credidi-

1961 2852 2050 2900 stis
2080 2845 2241 2917 (Ibid.
2274 2864 2322 2901 υ.
2366 2848 2504 2920 26)?
2548 2850 2704 2905 Novit
2751 2853 3062 2923 improbitas
3099 2858 3321 2913 exitium
3359 2877 3547 2927 suum;

1962 2939 2109 2992 novit
2131 2952 2190 2993 se
2222 2955 2315 3008 per
2352 2955 2471 3011 quae
2505 2943 2791 3011 protendit,
2830 2959 2926 3013 per
2953 2962 3013 3001 ea
3040 2947 3262 3003 destrui.
3300 2951 3429 3019 Quia
3453 2954 3549 3009 Jo-

1962 3032 2083 3085 anni
2116 3048 2218 3086 non
2255 3032 2773 3105 obtemperaverant,
2814 3040 3135 3097 verebantur
3170 3044 3346 3100 dicere
3374 3046 3547 3116 ipsum

1965 3138 2031 3177 ex
2060 3124 2166 3178 Deo
2188 3140 2329 3191 esse,
2359 3142 2426 3181 ne
2449 3143 2479 3183 e
2507 3130 2730 3199 vestigio
2765 3142 3078 3201 sequeretur
3104 3137 3464 3206 reprehensio.
3487 3141 3550 3196 Si

1963 3226 2128 3270 autem
2155 3220 2449 3285 dixerimus,
2486 3221 2570 3276 Ea:
2597 3224 2913 3289 hominibus,
2951 3228 3180 3283 timemus
3219 3232 3447 3295 turbam,
3488 3252 3551 3289 ne

1965 3311 2250 3380 lapidemur
2276 3311 2429 3382 (Luc.
2471 3314 2560 3367 20.
2606 3313 2681 3385 6).
2728 3315 2861 3370 Nam
2904 3332 3269 3390 prmoccnpata
3304 3322 3371 3377 de
3404 3324 3551 3394 justo

1964 3402 2144 3469 Opinio
2187 3403 2565 3459 inexorabilem
2607 3405 2889 3461 adversum
2944 3424 3041 3464 nos
3092 3410 3229 3466 feret
3269 3414 3548 3471 ultionem.

1969 3490 2144 3545 Omnis
2164 3495 2295 3545 enim
2324 3495 2542 3563 populus
2571 3495 2779 3548 habebat
2810 3496 3061 3552 Joannem
3098 3500 3229 3554 sicut
3255 3506 3552 3574 praphetam

1970 3583 2179 3655 (Matth.
2209 3585 2298 3638 21.
2326 3583 2439 3657 26).
2489 3586 2782 3641 Noluerunt
2823 3604 2952 3659 ergo
2978 3606 3101 3644 vera
3130 3592 3329 3660 dicere,
3358 3612 3551 3667 nempe

1964 3677 2103 3746 quod
2144 3694 2207 3732 ex
2254 3678 2365 3732 Deo
2410 3690 2593 3734 esset:
2627 3680 2723 3735 Dei
2766 3696 2993 3752 namque
3027 3685 3303 3740 veritatem
3343 3688 3553 3758 abjece-

1964 3779 2104 3835 runt,
2136 3785 2197 3823 ac
2220 3769 2555 3824 mendacium
2586 3771 2762 3827 dicere
2784 3788 2888 3827 non
2910 3774 3022 3827 ausi
3059 3785 3218 3840 sunt;
3247 3777 3553 3846 impruden-

1969 3862 2053 3915 tia:
2093 3863 2234 3915 enim
2283 3862 2510 3931 judicem
2553 3862 2823 3918 habebant
2854 3866 3118 3931 timorem,
3166 3866 3414 3938 huncque
3445 3887 3550 3926 non

1966 3954 2222 4015 divinum,
2251 3953 2345 4008 sed
2375 3953 2685 4008 hurn‘auum.
2717 3955 2845 4009 Nam
2878 3958 2946 4011 ita
2971 3972 3029 4013 se
3051 3974 3135 4013 res
3174 3960 3332 4015 habet
3358 3978 3373 4027 ;
3400 3964 3553 4020 multi

1966 4060 2107 4113 saepe
2138 4044 2229 4099 Dei
2250 4046 2439 4100 timore
2461 4062 2563 4099 non
2589 4047 2816 4115 prwditi,
2842 4048 3072 4105 humano
3092 4052 3328 4106 serviunt
3351 4054 3549 4109 timori.

1968 4137 2249 4192 Timebant
2277 4137 2507 4206 plebem.
2550 4137 2758 4193 Utinam
2800 4140 2982 4205 Deum,
3019 4157 3123 4195 non
3155 4143 3393 4211 plebem!
3427 4146 3553 4201 illud

1969 4246 2197 4300 namque
2226 4230 2434 4298 pietatis
2457 4239 2558 4295 est,
2592 4230 2692 4285 hoc
2716 4232 3020 4299 impietatis.
3056 4233 3246 4287 Dicunt
3274 4236 3339 4300 ei,
3369 4236 3553 4291 Nesci-

1969 4340 2079 4376 mus
2106 4322 2297 4393 (Marc.
2326 4323 2412 4376 11.
2437 4321 2549 4391 55).
2586 4322 2715 4377 Vide
2735 4322 3000 4393 quomodo
3020 4325 3250 4394 nequitia
3275 4326 3325 4380 in
3356 4327 3555 4397 impro-

1968 4417 2053 4471 bis
2082 4416 2251 4470 latitet
2275 4432 2288 4469 ε
2317 4416 2436 4470 vide
2476 4416 2744 4485 quomodo
2770 4415 3148 4473 absurditatem
3179 4434 3329 4474 suam
3361 4422 3555 4492 impie-

1974 4519 2053 4564 tas
2093 4510 2371 4579 przedicat.
2418 4510 2549 4563 Nam
2595 4511 2731 4565 sicut
2775 4512 2989 4581 vipera,
3038 4522 3131 4567 aut
3172 4515 3552 4572 immanissima

1972 4621 2195 4674 qumque
2222 4605 2351 4669 fera,
2384 4605 2435 4657 in
2465 4602 2699 4658 latibulis
2724 4604 2941 4673 degens,
2965 4606 3161 4660 sensim
3184 4622 3215 4662 e
3241 4624 3403 4678 specu
3431 4625 3552 4679 pro-

1974 4696 2073 4762 dit,
2106 4711 2205 4751 nec
2239 4696 2456 4750 omnino
2482 4695 2595 4749 vult
2632 4696 2884 4765 prodire:
2917 4696 2995 4751 sic
3028 4707 3082 4751 et
3112 4697 3281 4753 Judaei
3322 4701 3372 4754 in
3402 4710 3553 4755 antro

1974 4790 2246 4857 pravitatis
2273 4796 2567 4854 versantes,
2616 4789 2931 4842 sententiam
2960 4804 3109 4843 suam
3156 4792 3208 4844 in
3249 4792 3421 4847 lucem
3449 4811 3555 4849 non

1973 4881 2266 4952 proferunt.
2292 4880 2644 4948 Quamobrem
2670 4879 2924 4934 Dominus
2943 4881 3017 4935 ait
3040 4881 3177 4938 illis:
3205 4883 3313 4937 Nec
3334 4901 3423 4955 ego
3444 4885 3557 4939 dico

1972 4973 2108 5027 vobis
2132 4972 2342 5043 (Matth.
2372 4971 2462 5026 21.
2491 4970 2603 5043 27).
2633 4970 2762 5026 Vide
2790 4972 3061 5041 quomodo
3082 4974 3347 5028 silentium
3373 4976 3559 5030 absur-

1974 5066 2095 5120 dam
2118 5065 2581 5134 interrogationem
2613 5065 2948 5136 castigaverit
2978 5083 2993 5121 :
3021 5066 3144 5122 vide
3169 5067 3435 5136 quomodo
3464 5085 3559 5123 ne-

1976 5160 2154 5228 quitia:
2191 5172 2296 5212 non
2337 5156 2524 5211 fecerit
2562 5158 2712 5221 satis,
2757 5156 2851 5211 sed
2889 5157 3142 5211 averterit
3169 5172 3262 5211 eos
3296 5157 3349 5211 in
3382 5159 3561 5214 medio

1976 5253 2394 5307 ratiociniorum.
2426 5251 2493 5305 Et
2516 5249 2656 5320 quod
2685 5250 2809 5304 olim
2850 5249 3069 5318 contigit
3110 5249 3274 5302 asinae
3300 5249 3557 5314 Balaami,

1978 5354 2034 5399 ut
2060 5360 2157 5401 nec
2175 5343 2241 5399 ad
2266 5345 2562 5409 dexteram,
2592 5357 2690 5398 nec
2727 5342 2792 5395 ad
2817 5343 3085 5395 sinistram
3124 5349 3302 5409 posset
3325 5341 3559 5395 declina;

1978 5453 2056 5499 re,
2104 5444 2320 5505 propter
2360 5434 2627 5504 angelum,
2674 5433 2762 5502 qui
2805 5432 2993 5486 obvius
3022 5430 3195 5484 stabat
3240 5429 3429 5500 (Num.
3468 5431 3557 5485 22.

1976 5527 2068 5597 26)
2115 5545 2128 5578 :
2171 5526 2223 5581 id
2258 5526 2455 5581 accidit
2489 5525 2724 5581 Iudaica:
2767 5520 3125 5591 improbitati,
3172 5537 3290 5591 quae
3342 5537 3441 5577 nec
3492 5522 3559 5581 ad

1977 5620 2250 5675 dexteram
2295 5619 2531 5675 veritatis
2571 5630 2699 5671 ausa
2739 5622 2821 5669 est
2862 5611 3162 5681 respicere,
3199 5613 3270 5668 ob
3307 5612 3557 5670 Servato-

2041 5802 2119 5867 (a)
2149 5810 2259 5853 Haec
2282 5815 2377 5852 non
2402 5801 2459 5850 ad
2485 5800 2690 5851 verbum
2716 5810 2775 5848 ex
2802 5794 3041 5857 Scriptura
3063 5790 3317 5857 desumpta
3338 5798 3468 5842 sunt.
