4044 6306
307 370 420 427 “5

296 480 489 544 κακία,
520 478 643 533 οὗτε
696 480 833 553 πρὸς
868 480 937 535 τά
973 482 1123 548 δεξιά
1148 484 1247 555 τῆς
1274 486 1530 558 ἀληθείας
1554 487 1873 557 τολμήσασα

302 571 453 635 ἰδεῖν,
512 570 602 625 διά
645 570 743 643 τὴν
794 573 890 626 τοῦ
934 575 1181 646 Σωτῆρος
1210 576 1458 649 ἀρνησιν,
1489 577 1613 651 οὐτε
1641 578 1776 647 πρὸς
1805 576 1875 630 τά

298 664 566 735 ἀριστερά
585 664 680 718 τοῦ
696 664 945 735 ψεύδους,
979 667 1067 721 διὰ
1096 668 1187 722 τὸν
1218 668 1312 723 τοῦ
1340 670 1470 724 λαοῦ
1495 670 1676 740 φόϐον.

374 819 467 870 Δεῖ
496 816 674 871 τοίνυν
702 820 798 873 καὶ
848 822 1015 891 ἡμᾶς,
1057 823 1295 893 ἀδελφοὶ,
1321 824 1511 878 τοῦτον
1531 825 1623 877 τὸν
1676 825 1873 879 κανόνα

302 911 458 982 παρά
475 910 569 963 τοῦ
594 911 799 983 Κυρίου
830 911 1222 983 λαμϐάνοντας,
1257 914 1330 985 μὴ
1376 915 1553 969 πάντα
1593 918 1715 979 ταῖς
1743 917 1879 986 ἐρω-

302 1004 495 1073 τήσεσι
514 1002 626 1057 τῶν
652 1004 942 1073 αίρετικῶν
964 1004 1181 1060 διδόναι.
1214 1003 1384 1060 Ὅταν
1413 1007 1595 1071 κακῶς
1627 1008 1876 1078 ἐρωτήσῃ

303 1095 578 1166 αἱρετικὸς
597 1134 612 1157 ,
639 1095 1004 1166 ἀντερωτήσει
1041 1096 1226 1168 δικαίᾳ
1267 1096 1427 1150 λῦσον
1462 1097 1611 1168 αὐτῷ
1632 1098 1730 1169 τὴν
1761 1098 1878 1151 ἀτο-

303 1204 411 1240 πον
435 1186 646 1240 πεῦσιν.
693 1186 1026 1241 Πυνθάνεται
1079 1187 1337 1251 πολλάκις
1376 1188 1677 1255 αἱρετικός·
1719 1184 1880 1251 Οἶδας

303 1280 398 1333 τὸν
427 1279 580 1345 Θεὸν,
620 1279 653 1349 ἢ
686 1280 786 1333 οὐκ
813 1277 986 1345 οἷδας;
1035 1280 1162 1333 Ἐἀν
1180 1282 1361 1351 εἴπῃς,
1397 1275 1641 1346 δτιοῖδα,
1675 1280 1879 1343 εὐθέως

305 1372 505 1441 ἐπάγει
530 1390 541 1401 ’
573 1368 733 1436 Οἶδας
756 1368 848 1426 οῦν
869 1373 899 1426 δ
930 1373 1169 1436 εὐσεϐεῖς
1189 1390 1204 1437 ;
1227 1374 1356 1435 Ναὶ,
1389 1375 1551 1445 φησὶν
1579 1375 1608 1426 ὁ
1631 1373 1877 1442 εὐσεϐής.

307 1466 410 1526 Τίς
436 1465 544 1535 γὰρ
570 1465 717 1528 ὅπως
746 1465 1004 1534 ὑπομένει
1029 1465 1225 1534 λέγων,
1253 1466 1335 1519 ὅτι
1366 1467 1431 1518 Ὃ
1459 1464 1535 1535 μή
1563 1461 1679 1517 οἶδα
1702 1463 1879 1528 σέϐω;

308 1552 482 1605 Πάλιν
509 1552 702 1620 ἐπάγει
723 1570 737 1584 ο
769 1550 929 1617 Οἶδας
956 1549 1049 1607 οῦν
1082 1554 1175 1608 τοῦ
1208 1553 1342 1607 Θεοῦ
1368 1554 1465 1623 τὴν
1490 1554 1709 1617 οὐσίαν;
1753 1553 1879 1606 Ἐάν

306 1640 493 1714 είπῃς,
519 1643 599 1696 ὅτι
628 1644 739 1696 Οὐκ
769 1638 905 1710 οῖδα,
933 1644 1132 1707 εὐθέως
1160 1645 1514 1715 ἀντιτίθησιν·
1550 1643 1757 1698 Οὐκοῦν
1784 1645 1884 1697 οὐκ

318 1731 467 1797 οἶδας
488 1735 540 1787 τί
572 1735 769 1800 σέϐεις.
798 1736 938 1807 Ὅρα
983 1754 1072 1808 μοι
1114 1736 1260 1809 [421]
1297 1736 1367 1790 τά
1391 1736 1579 1789 σκολιά
1619 1736 1838 1807 ῥήματα
1868 1748 1882 1763 ⁸

316 1823 424 1894 ὅρα
480 1843 568 1895 μοι
600 1825 707 1878 τῶν
736 1826 987 1898 πονηρῶν
1018 1828 1193 1898 δφεων
1219 1828 1318 1891 τάς
1345 1827 1636 1890 ποικιλίας.
1687 1827 1886 1897 Ὀρᾷςς

315 1916 434 1969 ἀλλ’
459 1917 517 1969 οὐ
549 1917 629 1970 δεῖ
656 1918 1033 1990 ταράττεσθαι.
1081 1921 1287 1973 Ἐκεῖνο
1319 1918 1447 1989 γὰρ,
1489 1918 1727 1986 ἀδελφοὶ,
1754 1916 1888 1970 είδέ-

312 2023 408 2059 ναι
438 2007 563 2077 χρὴ,
592 2008 673 2060 ὅτι
702 2008 796 2061 τοῦ
832 2008 1029 2062 εἰδέναι
1067 2009 1248 2062 πολλοὶ
1301 2010 1512 2079 τρόποι.
1546 2008 1774 2061 Δύναταί
1805 2023 1888 2070 τις

314 2096 520 2151 εἰδέναι
557 2100 637 2152 ὅτι
659 2099 770 2152 ἔστι
809 2099 960 2165 Θεὸς,
995 2100 1055 2153 οὐ
1086 2100 1147 2153 τὸ
1176 2101 1292 2163 πῶς
1323 2103 1458 2153 ἐστι.
1504 2100 1659 2154 Ἐπεὶ
1688 2100 1781 2153 καὶ
1804 2098 1888 2166 ἐφ’

316 2189 477 2259 ἡμῶν
498 2190 604 2242 τῶν
634 2191 933 2257 ἀνθρώπων
964 2192 1153 2245 πολλαὶ
1180 2192 1280 2261 τῆς
1323 2191 1576 2261 γνώσεως
1605 2192 1734 2244 ὁδοί.
1760 2190 1891 2243 Οἶδα

314 2281 472 2333 τόνδε
512 2282 602 2335 τὸν
652 2280 934 2353 ἀνθρωπον
961 2286 1020 2337 ἐν
1049 2284 1175 2353 τῇδε
1220 2286 1285 2355 τῇ
1324 2283 1475 2336 πόλει
1518 2282 1796 2350 διάγοντα,
1826 2281 1887 2334 οὐ

320 2374 432 2446 μὴν
461 2369 578 2428 οἶδα
605 2375 699 2428 καὶ
720 2376 877 2428 ποίαν
905 2376 1223 2447 μετέρχεται
1250 2375 1513 2443 ἐργασίαν
1532 2390 1546 2404 ·
1570 2370 1685 2429 οίδα
1705 2374 1891 2443 ἕτερον

315 2465 481 2535 τήνδε
515 2468 764 2536 μετιόντα
791 2467 891 2537 τὴν
916 2466 1180 2537 ἐργασίαν
1199 2506 1215 2529 ,
1248 2467 1309 2520 οὐ
1340 2466 1446 2537 μὴν
1466 2460 1583 2518 οἶδα
1610 2464 1702 2518 καὶ
1728 2462 1892 2516 πόθεν

319 2557 481 2628 φέρει
516 2558 576 2610 τὸ
605 2558 780 2627 γένος,
810 2559 920 2612 Καὶ
966 2558 1123 2630 μέρει
1152 2557 1260 2629 γὰρ
1308 2555 1579 2626 γινώσκω,
1634 2554 1791 2625 μέρει
1836 2554 1894 2608 ἃ

320 2650 525 2716 ἀγνοῶ.
555 2651 663 2703 Καὶ
680 2650 917 2715 πάντως,
940 2649 1062 2703 οὐτε
1094 2652 1129 2721 ή
1157 2649 1354 2721 μερική
1377 2648 1576 2717 γνῶσις
1604 2645 1895 2717 ὁλόκληρον

322 2741 536 2808 εἰσάγει
562 2741 784 2809 γνῶσιν,
813 2740 937 2795 οὐτε
963 2741 1025 2794 τὸ
1064 2740 1139 2811 μὴ
1174 2740 1313 2794 κατά
1359 2740 1537 2794 πάντα
1582 2736 1893 2807 γινώσκειν,

320 2834 426 2902 τὴν
456 2834 684 2904 μερικὴν
714 2833 929 2904 ἀναιρεῖ
962 2832 1184 2902 γνῶσιν.
1220 2831 1283 2885 Τί
1306 2828 1436 2896 06v;
1485 2825 1615 2884 Οἶδα
1643 2828 1736 2882 τὸν
1764 2828 1896 2882 Θεὸν

322 2926 412 2978 ὅτι
442 2924 605 2988 ἔστιν,
641 2926 722 2978 ὅτι
763 2924 966 2993 ἀγαθός
1004 2926 1175 2989 ἐστιν,
1209 2924 1290 2977 ὅτι
1323 2923 1586 2984 ἀθάνατός
1618 2923 1781 2981 ἐστιν.
1815 2921 1897 2973 ὅτι

332 3018 608 3088 ἄφθαρτός
639 3023 811 3085 ἐστιν,
844 3021 924 3074 ὅτι
956 3017 1311 3091 ἀπερινόητός
1353 3018 1518 3081 ἐστιν,
1551 3017 1633 3069 ὅτι
1690 3014 1897 3069 ἀκατά-

325 3110 536 3182 ληπτός
579 3113 744 3179 ἐστιν,
777 3111 1064 3183 ἀσώματός
1116 3113 1265 3165 ἐστιν
1292 3154 1306 3177 ,
1353 3108 1712 3171 ἀναλλοίωτός
1757 3109 1898 3161 ἐστι.

328 3200 521 3254 Ταῦτα
549 3202 725 3256 πάντα
751 3199 885 3267 οῖδα,
920 3203 1014 3255 καὶ
1050 3201 1206 3264 εἰδὼς
1234 3199 1544 3272 προσκυνῶ.
1571 3198 1643 3250 Τὸ
1674 3196 1731 3250 δὲ
1783 3195 1902 3258 πῶς

328 3293 484 3344 ἐστιν
511 3292 608 3345 οὐκ
638 3288 775 3355 οἶδα,
830 3292 951 3345 οὐδὲ
995 3290 1277 3361 ἐδιδάχθην
1330 3289 1803 3359 πολυπραγμονεῖν
1840 3286 1904 3338 τὸ

330 3386 455 3447 πῶς
478 3386 642 3450 ἐστιν,
661 3386 774 3438 ἀλλ’
803 3386 883 3438 ὅτι
911 3384 1076 3439 ἔστιν.
1100 3383 1207 3437 Τοῦ
1234 3383 1344 3455 γὰρ
1368 3382 1687 3436 Ἀποστόλου
1717 3379 1905 3433 οὐδένα

331 3477 577 3548 εὑρίσκω
604 3477 824 3545 μείζονα
840 3474 1485 3545 διδάσκα).ον,,δυνάμενόν
1510 3491 1598 3544 μοι
1623 3471 1906 3543 κρείττονα

332 3568 440 3637 τὴν
472 3567 747 3621 εὐσέϐειαν
781 3566 1161 3621 ὑποτίθεσθαι·
1205 3566 1263 3631 ὃς
1291 3565 1519 3636 λαμπρᾷ
1566 3563 1907 3635 χρησάμενος

334 3663 408 3730 τῇ
450 3662 596 3731 φωνῇ
645 3653 746 3712 ὧδέ
789 3677 865 3730 πη
896 3658 1135 3713 διδάσκει
1173 3657 1377 3726 λέγων·
1422 3656 1751 3710 Πιστεῦσαι
1798 3653 1908 3723 γὰρ

254 3756 259 3757 “
337 3751 442 3806 δεῖ
462 3752 567 3806 τὸν
591 3753 1073 3821 προσερχόμενον
1092 3749 1233 3816 Θεῷ,
1262 3750 1350 3803 ὅτι
1382 3748 1555 3803 ἔστιν
1576 3765 1589 3777 ·
1626 3747 1687 3800 οὐ
1712 3746 1773 3799 τὸ
1795 3745 1911 3808 πῶς

340 3846 515 3909 ἐστιν,
546 3842 659 3896 ἀλλ’
691 3842 818 3895 Ὅτι
848 3840 997 3907 ἔστι,
1032 3839 1131 3895 καὶ
1175 3839 1301 3906 τοῖς
1338 3836 1691 3905 ἐκζητοῦσιν
1727 3836 1914 3890 αὐτόν

336 3933 788 4006 μισθαποδότης
847 3936 1088 4003 γίνεται.
1155 3934 1315 3985 Ὥστε
1352 3931 1381 3984 ὃ
1417 3927 1533 3984 οἴδα
1582 3929 1742 3983 σέϐω.
1801 3929 1915 3982 Οὐκ

342 4027 550 4098 ἔμαθον
576 4026 761 4080 οὐσίαν
789 4025 922 4079 Θεοῦ
951 4025 1423 4097 πολυπραγμονεῖν
1442 4040 1455 4052 ⁸
1480 4021 1754 4076 πιστεύειν
1781 4019 1915 4091 {p.0-

344 4119 465 4181 θον,
510 4119 757 4185 ἀδελφοίο
792 4117 1085 4183 πιστεύειν,
1115 4118 1175 4170 οὐ
1205 4115 1698 4187 πολυπραγμονεῖν.
1764 4113 1919 4166 Ἀνά-

345 4209 520 4280 γνωθί
550 4227 642 4263 σου
672 4210 768 4280 τὴν
785 4208 1089 4279 ὁμολογίαν,
1109 4207 1369 4279 αίρετικὲ,
1397 4206 1495 4279 τὴν
1519 4207 1576 4259 ἐν
1593 4204 1671 4276 τῷ
1694 4204 1918 4279 κρυπτῷ

348 4304 451 4359 καὶ
502 4302 715 4374 φοϐερῷ
767 4301 1048 4373 μυστηρίῳ
1082 4300 1553 4372 συμφωνηθεῖσαν.
1587 4299 1715 4351 Ὅτε
1747 4314 1929 4369 προσ-ν

346 4392 519 4465 ἦλθες
544 4393 921 4464 βαπτισθῆναι,
979 4392 1033 4445 τί
1079 4388 1266 4458 εἶπες;
1300 4390 1501 4464 ζητῶν,
1534 4390 1922 4463 πολυπραγμο-

347 4482 505 4535 νείαν
537 4481 771 4553 ἐρευνῶν
829 4493 877 4545 ι,
915 4480 949 4551 ἢ
996 4481 1297 4547 πιστεύων;
1360 4480 1568 4543 ’Δλλως
1600 4475 1784 4552 ἦλθες,
1829 4479 1923 4532 καὶ

351 4572 499 4646 μετά
527 4573 697 4627 ἄλλων
731 4573 1011 4644 συνθηκῶν
1035 4572 1374 4645 κατηξιώθης
1398 4573 1497 4644 τῆς
1528 4572 1748 4643 χάριτος
1779 4569 1923 4624 ἐκεί-

350 4680 475 4734 νης.
517 4662 585 4715 Εί
610 4680 672 4732 γε
704 4663 1035 4733 κατηξίωσαι
1080 4663 1299 4718 τοιαῦτα
1337 4664 1569 4735 φρονῶν,
1623 4661 1719 4716 καὶ
1780 4677 1923 4732 παρ-

350 4755 693 4829 εσπόνδησας
721 4756 818 4817 τὰς
844 4755 1134 4827 συνθήκας,
1167 4756 1260 4810 καὶ
1285 4756 1377 4809 ἐπὶ
1416 4755 1514 4827 μὲν
1545 4753 1652 4807 τῶν
1681 4752 1925 4824 φοϐερῶν

349 4849 453 4902 καὶ¹
490 4849 727 4919 φρικτῶν
752 4848 1061 4920 μυστηρίων
1086 4848 1183 4920 τὴν
1216 4849 1395 4901 πίστιν
1424 4848 1790 4919 προσήγαγες.
1822 4844 1926 4909 ἔξω
1956 4898 1957 4901 η

351 4942 410 4995 εέ
429 4939 541 4993 τῶν
566 4940 872 5012 μυστηρίων
891 4940 1201 5012 γενόμενος,
1220 4940 1577 5013 περιγράφεις
1597 4939 1697 5011 τήν
1723 4939 1922 5003 πίστιν,

338 5032 457 5111 καὶ
478 5030 806 5103 προσφέρεις
837 5030 1081 5103 ζήτησιν.

429 5194 503 5256 γ’.
545 5186 684 5240 Ἀλλ’
710 5188 813 5257 ὅρα
840 5187 889 5240 τί
915 5204 1079 5258 φησιν
1105 5186 1135 5239 ὁ
1167 5184 1357 5257 ἐχθρὸς
1383 5184 1487 5255 τῆς
1533 5184 1808 5254 ἀληθείας.
1836 5183 1929 5255 Μὴ

354 5282 473 5351 γάρ
497 5279 681 5351 ἀργῶς
718 5281 848 5350 ἡμῖν
880 5280 911 5332 ό
931 5278 1063 5342 Θεὸς
1106 5277 1305 5332 δέδωκε
1344 5277 1670 5349 λογισμούς;
1719 5276 1792 5347 μὴ
1820 5277 1930 5346 γάρ

355 5371 553 5435 ἀπλῶς
582 5372 885 5441 εἰλήφαμεν
916 5370 1009 5425 τοῦ
1044 5368 1135 5424 νοῦ
1162 5370 1223 5424 τὸ
1251 5371 1534 5441 κριτήριον
1556 5386 1571 5433 ;
1597 5371 1689 5423 Δεῖ
1720 5371 1814 5423 καὶ
1845 5370 1932 5422 λο-

357 5465 583 5534 γισμοῖς
614 5464 839 5533 ἐρευνᾷν
863 5462 962 5533 τὴν
982 5461 1183 5527 πίστιν,
1203 5462 1297 5515 καὶ
1319 5461 1393 5532 μή
1418 5460 1770 5526 ἀνεξέταστον
1793 5455 1931 5513 εἶναι

354 5556 465 5627 τὴν
498 5554 800 5609 εὐσέϐειαν.
848 5554 1061 5618 Καλῶς.
1124 5553 1284 5608 Ἀλλά
1330 5553 1430 5623 τῆς
1466 5552 1766 5618 ἐξετάσεως
1808 5553 1933 5624 ὅρον

428 5790 456 5819 ⁸
487 5776 638 5836 Forte
657 5785 1078 5848 πολυπραγμονῶν,
1101 5785 1313 5849 ἐρευνῶν.
1334 5786 1567 5839 Coram.

1272 372 1340 429 ΙΝ
1380 373 1607 439 ILLUD,
1651 373 1715 428 IN
1753 371 1894 439 QUA
1936 367 2363 435 POTESTATE,
2406 366 2557 422 ETC.

3447 367 3554 422 “6

1980 478 2121 535 εἶναι
2157 478 2278 551 [δεῖ]
2305 478 2373 532 τὰ
2402 478 2521 533 θεῖα
2554 477 2729 547 λόγια,
2760 478 2854 530 καὶ
2890 476 3017 539 τούς
3058 476 3190 546 παρ’
3220 473 3382 529 αὐτοῦ
3422 476 3555 546 ἡμῖν

1977 581 2228 644 δοθέντας
2252 579 2351 649 τῆς
2378 578 2660 642 εὐσεϐείας
2686 578 2934 642 κανόνας.
2977 573 3049 631 Σὺ
3087 576 3143 630 δὲ
3167 577 3293 641 τοὺς
3322 578 3553 644 κανόνας

1981 675 2343 747 ὑπερϐαίνων,
2376 675 2437 729 06
2461 676 2692 745 στοιχεῖς
2720 676 2840 737 ταῖς
2884 673 3259 738 θεοπνεύστοις
3287 676 3555 746 Γραφαϊς,

1982 770 2117 825 ἀλλὰ
2148 771 2625 843 πολυπραγμονεῖς
2665 771 2733 825 τά
2771 771 2908 833 θεῖα,
2940 771 3033 825 καὶ
3062 769 3266 840 βιάζεις
3294 771 3395 844 τὴν
3428 772 3559 843 ἀλή-

1983 866 2155 931 θειαν,
2192 867 2286 920 καὶ
2314 865 2588 937 πανταχοῦ
2620 864 2871 929 σπεύδεις
2905 866 2998 919 καὶ
3028 866 3303 937 λογισμῶν
3330 868 3557 937 ἀνωμα-

1981 963 2074 1035 λίᾳ
2105 962 2304 1035 μᾶλλον
2335 962 2721 1033 ἀκολουθῆσαι,
2752 961 2786 1033 ἦ
2813 961 2990 1015 πίστει
3023 962 3325 1027 δουλεῦσαι,
3371 962 3558 1032 ὥσπερ

1981 1061 2089 1115 τῶν
2109 1061 2281 1116 ἄλλων
2309 1057 2651 1131 κατειληφὼς
2697 1059 2795 1129 τὴν
2830 1061 3045 1130 πεῖραν,
3078 1059 3111 1130 ἢ
3144 1060 3251 1114 τῶν
3294 1060 3468 1115 ἄλλων
3501 1062 3559 1113 ἐν

1984 1156 2150 1227 πείρᾳ
2198 1156 2486 1226 γενόμενος
2538 1155 2646 1209 τῶν
2677 1155 2992 1226 ὁρωμένων.
3049 1156 3402 1225 Ἀπάγγειλόν
3448 1173 3558 1227 μοι,

1982 1252 2261 1324 λογισμῶν
2290 1252 2580 1325 ἀκολουθία
2612 1252 2977 1324 χρησάμενος,
3012 1253 3128 1317 πῶς
3154 1234 3383 1325 ἕστηκεν
3412 1255 3441 1306 ό
3467 1255 3559 1308 οὐ-

1989 1347 2165 1419 ρανὸς,
2198 1349 2279 1411 είς
2309 1348 2561 1403 τοσοῦτον
2588 1348 2720 1419 ὕψος
2755 1348 3159 1419 κοιλαινόμενος
3184 1349 3427 1421 ἄπειρον,
3467 1349 3561 1403 καὶ

1990 1441 2156 1511 μηδὲν
2194 1443 2251 1494 ἐν
2276 1441 2514 1513 τοσαύτῃ
2542 1445 2857 1514 περιγραφῇ
2879 1442 2938 1497 τὸ
2959 1443 3238 1514 ὑπερεῖδον
3267 1444 3423 1519 ἔχων,
3448 1444 3563 1508 πῶς

1991 1538 2243 1608 ἐστηκεν,
2274 1536 2381 1592 τίνι
2410 1536 2756 1607 βαστάζεται,
2794 1537 2937 1601 τίνες
2962 1540 3017 1592 αί
3062 1541 3321 1612 κρηπῖδες
3370 1540 3453 1609 ἐφ’
3486 1532 3565 1595 ὧν

1991 1639 2354 1710 ἐστήρικταις
2390 1638 2507 1702 πῶς
2547 1638 2606 1693 ἐν
2659 1638 2897 1710 τοσούτῳ
2946 1641 3123 1713 χρόνῳ
3169 1641 3230 1694 οὐ
3280 1641 3464 1695 λύεται
3503 1641 3566 1695 τὸ

1989 1734 2203 1799 κάλλος,
2237 1736 2337 1789 οὐκ
2365 1733 2687 1805 ἀφανίζεται
2708 1740 2741 1807 ὴ
2774 1736 3049 1806 ἁρμονίας
3089 1738 3271 1803 Δεῖξον
3306 1740 3433 1803 τοὺς
3465 1739 3567 1810 βα-

1992 1834 2283 1898 στάζοντας
2314 1835 2516 1902 κίονας,
2551 1833 2700 1908 [ιεε]
2751 1835 2923 1901 δεῖξον
2967 1837 3066 1907 τὴν
3120 1838 3435 1909 ὑποϐάθραν
3466 1840 3567 1911 τὴν

1989 1936 2262 2000 τοσούτοις
2288 1936 2470 2005 δγκοις
2495 1936 2879 2008 ὑποκειμένην.
2915 1939 2981 1991 Τί
3007 1938 3062 1991 δὲ
3105 1938 3213 2011 ἐρῶ
3246 1940 3376 2013 περὶ
3403 1942 3569 2011 οὐρα·

1991 2028 2104 2093 νοῦ,
2133 2029 2225 2082 καὶ
2245 2028 2306 2082 οὐ
2339 2030 2467 2100 περὶ
2499 2029 2604 2099 γῆς
2634 2029 2701 2099 ἢν
2744 2030 2935 2096 πατῶ;
2963 2032 3190 2102 Πρῶτον
3232 2033 3571 2105 ὲρμήνευσόν

1994 2137 2086 2191 μοι
2113 2120 2213 2191 τῆς
2242 2123 2343 2192 γῆς
2384 2120 2482 2192 τὴν
2503 2121 2857 2175 κατάστασιν.
2897 2124 3019 2176 Ὅτι
3048 2124 3147 2194 μὲν
3187 2124 3296 2197 γὰρ
3329 2126 3421 2178 ἐπὶ
3446 2125 3571 2179 ὑδά-

1994 2226 2102 2263 των
2129 2210 2539 2282 τεθεμελίωται,
2561 2212 2719 2265 τοῦτο
2742 2212 2897 2281 κάγὼ
2927 2215 3255 2288 παρέλαϐον,
3288 2218 3382 2270 καὶ
3409 2218 3570 2282 αὐτὸς

1993 2304 2298 2372 ὁμολογεῖς.
2334 2303 2459 2368 Πῶς
2486 2304 2544 2357 δὲ
2572 2305 2789 2359 ἐπὶτῶν
2809 2306 3014 2359 ὑδάτων
3039 2307 3376 2378 ἐστήρικται,
3404 2310 3573 2380 ἐρμή·

1994 2410 2203 2447 νευσον.
2228 2394 2318 2464 Μὴ
2356 2393 2542 2457 ἁπλῶς
2578 2394 2947 2469 ἀκολουθήσῃς
2976 2396 3053 2466 τῷ
3080 2397 3241 2467 λόγῳ,
3280 2399 3412 2453 ἀλλά
3434 2399 3576 2468 λογι-

1997 2484 2132 2554 σμὸν
2163 2482 2361 2547 ἀπόδος
2382 2482 2487 2536 τῶν
2526 2484 2872 2554 ζητουμένων
2896 2500 2909 2513 ·
2944 2484 3061 2549 πῶς
3086 2486 3185 2557 δρη
3223 2488 3460 2542 τοσαῦτα
3479 2489 3574 2543 καὶ

1995 2574 2318 2647 τηλικαῦτα,
2352 2574 2447 2627 καὶ
2494 2573 2672 2644 βουνοί
2698 2575 2794 2629 καὶ
2823 2576 3075 2640 πεδιάδες
3101 2579 3195 2629 ἐπὶ
3246 2578 3451 2633 ὑδάτων
3480 2581 3575 2649 φέ-

2000 2685 2181 2739 ρονται
2203 2683 2219 2731 ;
2254 2666 2389 2719 Εἰπὲ
2414 2666 2531 2728 πῶς
2561 2666 2594 2736 ἡ
2626 2665 2869 2721 θάλασσα
2895 2666 3222 2739 ἀφώρισται·
3257 2672 3375 2724 είπὲ
3401 2670 3517 2734 πῶς
3537 2672 3573 2741 ή

1996 2757 2270 2821 τοσούτοις
2332 2758 2627 2829 μαινομένη
2675 2758 2881 2829 κύμασι
2932 2761 3026 2813 καὶ
3065 2761 3145 2823 είς
3188 2759 3321 2831 ὕψος
3353 2763 3577 2832 ἄπειρον

1998 2850 2400 2922 κορυφουμένη,
2434 2850 2653 2904 ἐπειδάν
2680 2852 2956 2922 πλησιάσῃ
3010 2854 3077 2922 τῇ
3106 2853 3338 2924 ψάμμῳ,
3368 2852 3577 2915 λύεται,

2001 2943 2228 2997 αἰδεῖται
2254 2942 2346 2995 τὸν
2376 2944 2500 3013 ὅρον
2537 2942 2631 2996 τοῦ
2659 2944 2970 3013 νομοθέτου.
3008 2945 3394 3017 Ἑρμήνευσον,
3422 2947 3577 3001 ἀδελ-

2003 3033 2092 3103 φέ,
2127 3034 2244 3097 πῶς
2277 3035 2403 3105 μιᾶς
2444 3034 2550 3104 γῆς
2580 3033 2767 3106 οὔσης,
2817 3038 2945 3106 μιᾶς
2986 3037 3225 3109 μητρὸς,
3257 3038 3486 3110 διάφορα
3511 3040 3582 3093 τά

2006 3124 2357 3195 βλαστήματα
2377 3165 2392 3189 ,
2428 3124 2590 3178 πόθεν
2620 3126 2676 3179 αί
2733 3128 2928 3197 πικραὶ
2955 3128 3121 3198 ῥίζαι,
3153 3128 3316 3183 πόθεν
3358 3131 3413 3183 αἱ
3450 3129 3583 3197 γλυ-

2004 3220 2169 3276 κεῖαι,
2205 3216 2365 3270 πόθεν
2388 3216 2498 3270 τῶν
2544 3217 2771 3289 καρπῶν
2809 3220 2865 3272 αί
2897 3219 3170 3291 διαφοραί.
3206 3222 3320 3274 Μία
3345 3221 3414 3291 γῆ
3450 3221 3580 3291 βλα-

2007 3308 2290 3372 στάνουσα,
2318 3302 2397 3372 εἷς
2446 3308 2648 3379 ὄμϐρος
2678 3311 2706 3362 ό
2748 3309 2979 3380 τρέφων,
3043 3310 3206 3364 πόθεν
3236 3311 3268 3381 ή
3311 3311 3583 3380 διαφορά;

2018 3400 2381 3470 Ἐρμήνευσον
2411 3400 2572 3453 πόθεν
2598 3384 2857 3471 προΐεσαν
2891 3402 2947 3453 αἱ
2982 3402 3178 3471 πηγαὶ,
3203 3402 3300 3454 καὶ
3328 3404 3392 3455 ἐκ
3413 3401 3587 3457 ποίων

2009 3491 2260 3545 ἀϐύσσων
2280 3530 2295 3554 ,
2319 3488 2437 3553 πῶς
2462 3489 2634 3543 ταῦτα
2654 3490 2875 3543 δυνατὸν
2907 3492 3254 3548 καταλαϐεῖν.
3297 3493 3435 3547 Ἀλλ’
3456 3495 3588 3550 ὅταν

2012 3582 2139 3652 περὶ
2168 3580 2337 3634 ταῦτα
2369 3581 2755 3651 ἀπορήσωμεν,
2784 3581 2979 3653 ἔχομεν
3012 3582 3138 3652 μίαν
3162 3584 3340 3655 ἀληθῆ
3376 3586 3469 3639 καὶ
3492 3588 3586 3641 εὐ-

2014 3672 2144 3741 σεϐῆ
2201 3672 2308 3725 τῶν
2343 3673 2734 3743 ἀπορουμένων
2764 3671 2862 3743 τὴν
2911 3673 3084 3729 λύσιν.
3114 3676 3219 3729 Καὶ
3250 3678 3278 3730 ό
3317 3679 3586 3749 μακάριος

2013 3764 2173 3817 Δαυῒδ
2202 3763 2537 3835 ἐμελῴδησεν
2569 3758 2672 3818 ὧδέ
2702 3782 2777 3836 πη
2799 3765 2973 3834 λέγων
2995 3782 3007 3795 ·
3044 3768 3173 3821 Ὅτι
3218 3769 3399 3835 εὐθὺς
3424 3773 3457 3824 ό
3483 3773 3591 3825 λό-

2015 3874 2118 3927 γος
2141 3857 2247 3909 τοῦ
2270 3857 2513 3924 Κυρίου,
2538 3857 2638 3925 καί,
2682 3858 2877 3911 πάντα
2901 3859 2973 3912 τὰ
3011 3859 3155 3929 ἔργα
3186 3860 3369 3915 αὑτοῦ
3391 3861 3461 3915 ἐν
3491 3864 3589 3916 :1!-

2016 3965 2166 4003 στει.
2199 3948 2280 4001 Τὰ
2322 3947 2459 4021 ἔργα
2507 3949 2634 4003 ἀνευ
2668 3950 2901 4014 πίστεως
2940 3951 3040 4004 οὐκ
3097 3950 3210 4005 ἐστι
3242 3953 3590 4021 καταλαϐεῖν,

2017 4041 2115 4093 καλ⁵
2142 4040 2273 4093 Θεὸν
2302 4039 2429 4094 ἀνευ
2454 4043 2687 4104 πίστεως
2710 4042 2888 4112 εὑρεῖν
2913 4043 3134 4117 δυνατόν
3156 4060 3171 4106 ;
3200 4043 3280 4096 Τά
3306 4044 3439 4117 ἔργα
3458 4046 3591 4101 ἀνευ

2019 4131 2273 4196 πίστεως,
2307 4132 2403 4186 καὶ
2424 4132 2452 4183 ό
2476 4132 2601 4195 Υίὸς
2631 4133 2688 4184 ὲν
2718 4133 3019 4201 ἀποδείξει;
3060 4136 3187 4189 Ὀτι
3214 4136 3394 4203 εὐθὺς
3419 4141 3452 4192 ό
3484 4139 3589 4193 λό-

2019 4241 2127 4294 γος
2145 4223 2251 4277 τοῦ
2279 4224 2520 4291 Κυρίου,
2546 4224 2642 4277 καί
2676 4224 2871 4278 πάντα
2910 4226 2982 4280 τὰ
3010 4225 3154 4296 ἔργα
3186 4230 3370 4284 αὐτοῦ
3391 4229 3461 4283 ἐν
3490 4231 3590 4284 πί·-

2022 4336 2171 4374 στει.
2210 4318 2369 4372 Ἀλλά
2396 4319 2501 4389 γὰρ
2538 4320 2663 4382 τούς
2692 4319 2919 4391 ἐχθροὺς
2962 4322 3059 4392 τῆς
3082 4322 3338 4392 ἀληθείας
3361 4324 3596 4395 ἀφέντες

2024 4414 2205 4483 ἡμεῖς,
2235 4411 2328 4464 ἐπὶ
2352 4411 2450 4482 τήν
2504 4411 2631 4483 ὑγιῆ
2672 4413 2765 4465 καὶ
2800 4413 3014 4484 ἀσφαλῆ
3062 4415 3160 4486 τῆς
3204 4416 3437 4481 πίστεως
3467 4418 3592 4490 (sic)

2025 4504 2428 4575 ἐπανέλθωμεν,
2453 4504 2546 4558 καὶ
2565 4503 2827 4574 δείξωμεν
2845 4504 2933 4559 τὸν
2952 4506 3153 4561 κανόνα
3166 4510 3266 4580 τῆς
3293 4510 3596 4577 εὐσεϐείας,

2024 4598 2093 4653 δι’
2121 4596 2289 4667 αὐτῆς
2311 4596 2410 4666 τῆς
2431 4594 2690 4667 ἀληθείας
2717 4596 3084 4669 ἐκλάμποντα.
3105 4599 3294 4663 Οὐδεὶς
3318 4602 3599 4667 Μωῦσέως

2026 4691 2083 4742 ἐν
2112 4689 2221 4750 τοῖς
2241 4686 2486 4758 ἀρχαίοις
2506 4684 2964 4758 ἀξιοπιστότερος,
2984 4686 3156 4751 οὐδεὶς
3176 4687 3388 4743 Παύλου
3409 4691 3467 4743 ἐν
3484 4692 3599 4753 τοῖς

2026 4780 2167 4842 νέοις
2202 4778 2523 4850 σοφώτερος.
2579 4776 2898 4848 Ἐρεύνησον
2926 4778 3023 4851 τὴν
3052 4779 3284 4835 παλαιὰν
3325 4782 3595 4837 κατάστα-

2030 4888 2134 4935 σιν,
2163 4871 2256 4925 καὶ
2282 4868 2558 4933 Μωῦσέως
2579 4869 2769 4924 οὐδένα
2798 4870 3016 4941 μείζονα
3047 4872 3299 4943 εὑρήσεις
3321 4889 3335 4903 ο
3364 4875 3601 4942 Ἕγνων

2028 4963 2136 5033 γάρ
2164 4978 2258 5025 σε,
2284 4960 2382 5015 καί
2401 4956 2574 5030 εὗρες
2594 4961 2770 5030 χάριν
2789 4963 2948 5031 παρὰ
2970 4961 3217 5030 πάντας.
3246 4963 3430 5027 Οὐδεὶς
3455 4965 3599 5018 Παύ-

2030 5055 2123 5107 λου
2150 5056 2206 5106 ἐν
2232 5056 2298 5124 τῇ
2329 5053 2445 5125 Νέᾳ
2476 5054 2804 5125 τελειότερος
2825 5069 2839 5085 ’
2872 5054 3093 5120 Σκεῦος
3110 5054 3217 5124 γάρ
3242 5054 3413 5107 ἐστιν
3427 5052 3599 5108 ἐκλο-

2032 5145 2163 5216 γῆς,
2199 5147 2292 5198 καὶ
2320 5144 2581 5199 λαλοῦντα
2610 5144 2746 5216 ἔχων
2774 5148 2832 5199 ἐν
2880 5146 3057 5215 ἐαυτῷ
3080 5144 3172 5198 τὸν
3220 5144 3471 5214 Χριστόν.
3507 5146 3603 5217 Μὴ

2033 5235 2277 5306 ὑπερϐᾔς
2307 5237 2432 5299 τοὺς
2460 5235 2552 5290 106
2590 5236 2869 5300 Μωῦσέως
2915 5238 3073 5307 ὅρους
3116 5236 3212 5288 καὶ
3236 5235 3329 5288 τοῦ
3359 5235 3598 5291 Παύλου.

2034 5328 2099 5379 Τί
2130 5322 2255 5395 εὗρε
2292 5327 2533 5398 Μωῦσῆς
2560 5368 2574 5390 ,
2614 5328 2914 5399 κατάληψιν
2947 5328 3153 5389 οὐσίας,
3182 5327 3214 5396 ἦ
3241 5327 3399 5393 δόξαν
3431 5327 3602 5392 Θεοῦ;

2034 5418 2291 5489 Μωῦσῆς,
2327 5418 2566 5486 ἀδελφοὶ,
2599 5413 2763 5489 ἦλθεν
2789 5420 2868 5481 είς
2901 5415 3197 5487 ἐπιθυμίαν
3222 5416 3378 5483 Θεοῦ,
3403 5416 3478 5481 ὡς
3509 5416 3604 5471 ἀν-

2040 5511 2256 5581 θρωπος
2287 5508 2551 5578 φιλόθεος,
2583 5509 2675 5562 καὶ
2696 5509 2927 5579 ¹ἠγνόησε.
2959 5508 3075 5579 μὲν,
3095 5508 3177 5561 ὅτι
3197 5507 3453 5563 ἀδύνατον
3505 5509 3605 5563 ἐπ’·

2038 5601 2255 5672 εθύμει·
2290 5603 2440 5671 ὅμως
2460 5601 2517 5654 δὲ
2544 5601 2611 5654 δι’
2648 5594 2723 5655 ὧν
2756 5600 2955 5672 ᾔτησεν
2981 5599 3071 5654 τὸν
3103 5600 3255 5664 Θεὸν,
3290 5600 3507 5667 ἔδειξεν.
3537 5602 3605 5657 Τί

2040 5694 2147 5766 γάρ
2171 5710 2334 5765 φησι;
2358 5694 2589 5764 Δέομαι,
2614 5694 2805 5762 Κύριε,
2834 5694 2885 5746 εί
2901 5691 3124 5760 εὕρηκα
3152 5691 3327 5761 χάριν
3349 5691 3608 5747 ἐνώπιόν

2048 5799 2184 5853 σου,
2233 5784 2520 5855 τνωστῶς
2572 5784 2676 5838 τδω
2722 5799 2818 5848 σε,
2860 5782 3193 5853 ἐμφάνισόν
3215 5802 3315 5854 μοι
3353 5784 3602 5838 σαυτόν.
