4044 6306
485 366 588 424 417

500 478 747 547 Ἀδελφὸς
768 473 837 551 ἦν
857 470 1006 545 οὗτος
1030 479 1124 533 τοῦ
1144 481 1408 534 Φιλίππου
1429 480 1521 533 τοῦ
1540 480 1785 550 λέγοντος
1811 495 1825 509 ⁸
1851 480 2058 544 Δεῖξον

485 583 632 654 ἡμῖν
649 585 753 637 τὸν
777 584 1025 651 Πατέρα,
1051 585 1147 638 καὶ
1174 585 1346 652 ἀρκεῖ
1364 585 1527 655 ἡμῖν.
1562 586 1754 657 Κύριε,
1783 586 1845 639 σὺ
1877 582 2056 649 εἶπας,

487 691 569 743 ὅτι
619 686 805 757 Εὗρες
853 690 1027 759 χάριν
1074 690 1329 743 ἐνώπιόν
1386 709 1528 759 μου,
1589 690 1925 760 ἐμφάνισόν
1958 710 2060 761 μοι

489 796 769 857 σεαυτὸν,
792 794 950 860 ὅπως
977 792 1255 863 γνωστῶς
1281 794 1383 847 ἴδω
1412 809 1504 848 σε.
1540 790 1656 847 Εἷδε
1690 796 1787 865 μὲν
1824 796 1930 866 γάρ
1964 797 2061 849 αὑ-

489 898 581 951 τὸν
612 899 701 950 καὶ
729 900 821 950 ἐπὶ
848 900 945 968 τῆς
984 898 1166 968 βάτου,
1201 894 1337 951 εἶδεν
1366 900 1525 952 αὑτὸν
1560 900 1651 952 καὶ
1684 900 1748 952 ἐκ
1776 899 1868 953 τοῦ
1902 901 2061 970 ὅρους

493 1003 642 1067 Σινᾶ,
663 998 798 1055 εἶδεν
822 1004 982 1055 αὑτὸν
1010 1004 1101 1055 καὶ
1124 1004 1186 1054 ἐκ
1207 1003 1476 1073 διαφόρων
1504 1004 1835 1072 ἐπιφανέντα
1859 1004 2056 1071 τόπων,

494 1108 587 1161 καὶ
618 1108 886 1179 διαφόρως
922 1110 1021 1180 τὴν
1071 1111 1389 1177 ἐπιφάνειαν
1448 1110 1611 1162 αὑτοῦ
1646 1110 2014 1181 ἐνδειξάμενον
2038 1128 2053 1143 ο

495 1215 608 1269 ἀλλ’
637 1218 665 1269 ὁ
693 1218 959 1287 μακάριος
988 1219 1193 1281 ἐκεῖνος
1224 1217 1464 1286 Μωῦσῆς
1519 1218 1679 1272 αὑτὸν
1717 1218 1840 1271 ίδεῖν
1878 1219 2062 1271 ἐπόθει

494 1323 593 1391 τῆς
632 1320 846 1389 φύσεως
871 1321 960 1373 τὸν
990 1326 1339 1394 χαρακτῆρα⁶
1384 1322 1667 1391 ἄνθρωπος
1713 1321 1807 1388 ὢν,
1852 1321 2060 1393 ἀνθρώ-

496 1442 625 1476 πινα
652 1425 779 1494 περὶ
808 1426 903 1494 τῆς
931 1424 1294 1496 ὑπερκοσμίου
1319 1426 1597 1497 δυνάμεως
1625 1426 1968 1494 ἐφαντάξετο.
2006 1427 2062 1479 '0

496 1530 553 1582 δέ
590 1528 719 1591 Θεὸς
743 1526 833 1579 τὸν
863 1530 962 1600 μὲν
998 1528 1144 1601 [425]
1183 1529 1349 1583 πόθον
1384 1530 1476 1583 τοῦ
1508 1530 1697 1583 πιστοῦ
1738 1527 2063 1601 θεράποντος

498 1631 739 1696 ἐδέξατο’
792 1634 968 1685 πείθει
1019 1633 1114 1704 τὴν
1144 1634 1486 1705 ἀνθρωπίνην
1521 1634 1696 1703 ὄρεξιν
1729 1636 1836 1688 τῶν
1862 1636 2062 1689 ἀδυνά-

495 1753 604 1788 των
626 1735 1012 1805 ἐπιθυμοῦσαν.
1046 1736 1110 1788 Τί
1139 1736 1246 1807 γάρ
1291 1754 1422 1807 φησι
1454 1737 1588 1808 πρὸς
1634 1738 1825 1801 αὑτόν;
1859 1736 2065 1803 Οὐδείς

499 1836 707 1906 ὄψεται
743 1837 809 1892 τὸ
838 1839 1159 1907 πρόσωπόν
1183 1856 1337 1908 μου,
1372 1839 1469 1892 καί
1504 1838 1759 1905 ζήσεται.
1792 1840 1867 1892 Οὑ
1901 1841 2067 1909 χωρεῖ

500 1939 829 2011 ποθούμενον
875 1942 908 2011 ἠ
964 1940 1071 1993 τῶν
1122 1941 1425 1995 ποθούντων
1488 1940 1744 2011 δύναμις,
1800 1942 1861 1993 οὑ
1913 1941 2066 2012 φέρει

501 2043 666 2114 θνητὴ
694 2044 812 2113 ὄψις
837 2043 933 2114 τὴν
958 2043 1221 2098 ἀθάνατον
1256 2043 1435 2113 φύσιν.
1462 2043 1526 2095 Τί
1560 2040 1653 2096 οὖν
1671 2084 1685 2107 ,
1723 2037 1767 2097 ὦ
1802 2042 2065 2107 Δέσποτα,

500 2145 929 2216 καταλιμπάνεις
963 2144 1051 2197 τὸν
1102 2143 1263 2196 πόθον
1311 2143 1763 2214 ἀπαραμύθητον,
1819 2144 1913 2197 καὶ
1948 2143 2068 2196 οὑδὲ

503 2245 659 2298 σκιὰν
691 2245 947 2317 παρέχεις
982 2245 1079 2314 τῆς
1101 2243 1393 2314 ἐπιθυμίας
1423 2242 1500 2313 τῷ
1535 2244 1921 2314 φανταζομένῳ
1948 2260 2070 2296 τοσ-

500 2347 655 2401 οῦτον
689 2346 850 2400 πόθον
877 2364 892 2413 ;
922 2345 1083 2399 Ὅθεν
1111 2346 1281 2417 φησί’
1333 2344 1535 2414 Τίθημί
1575 2359 1649 2398 σε
1686 2348 1773 2411 είς
1812 2345 1925 2414 τὴν
1964 2345 2071 2398 πέ-

502 2466 668 2517 τραν,
694 2448 790 2501 καί
817 2444 1090 2506 σκεπάζω
1115 2444 1190 2513 τῇ
1208 2446 1361 2514 χειρί
1374 2463 1495 2515 μου
1515 2462 1529 2476 ·
1551 2444 1648 2499 καί
1674 2445 1743 2498 ἐν
1761 2444 1839 2509 τῷ
1865 2445 2070 2514 παρέρ-

502 2554 711 2619 χεσθαι
738 2548 850 2618 τὴν
883 2548 1071 2613 δόξαν
1096 2566 1214 2619 μου
1238 2548 1358 2617 ὄψῃ
1390 2548 1461 2601 τὰ
1491 2548 1752 2613 ὀπίσθια,
1784 2546 1856 2601 τὰ
1883 2547 1948 2600 δὲ
1971 2548 2071 2617 ἐμ-

502 2652 761 2721 πρόσθια
779 2653 888 2705 οὐκ
923 2650 1065 2719 ὄψῃ.
1106 2651 1207 2703 Ἐν
1226 2648 1305 2715 τῷ
1325 2649 1744 2719 παρέρχεσθαι,
1773 2652 1873 2704 οὑκ
1894 2647 2067 2715 εἶπεν,

502 2754 656 2825 Ἐμὲ,
684 2752 837 2817 ἀλλά,
863 2751 979 2820 Τὴν
999 2751 1186 2815 δόξαν
1200 2767 1338 2819 μου
1359 2752 1417 2804 οὑ
1442 2752 1548 2823 γὰρ
1567 2752 1731 2817 ἐστιν,
1762 2752 2072 2822 ὑπερϐάντα

503 2850 601 2921 τὴν
635 2850 810 2915 δόξαν,
842 2848 1026 2900 οὑσίαν
1058 2847 1254 2918 εὑρεῖν.
1296 2848 1536 2918 Μωῦσῆς
1567 2847 1718 2900 οὐδὲν
1755 2842 1880 2920 εὗρε
1912 2849 2072 2901 πλέον

504 2948 683 3016 δόξης,
715 2947 808 2999 καὶ
839 2946 1037 3014 ταύτην
1068 2944 1165 2999 οὑκ
1200 2940 1336 2997 εἶδεν
1367 2947 1445 3008 εἰς
1482 2945 1793 3017 ὁλόκληρον,
1838 2945 1972 2999 ἀλλά
2004 2947 2073 3001 τά

505 3046 651 3097 νῶτα
668 3061 681 3073 ο
709 3044 808 3096 οὑκ
839 3042 1023 3112 ἐπειδὴ
1044 3041 1231 3106 νώτοις
1257 3043 1347 3096 καὶ
1371 3042 1591 3113 στήθεσι
1620 3042 2013 3116 διαγέγραπται
2038 3048 2071 3117 ἠ

508 3141 626 3194 θεία
653 3139 810 3210 φύσις
827 3158 839 3170 ·
865 3139 1007 3209 ἁπλῆ
1033 3140 1140 3210 γάρ
1163 3140 1277 3192 ἐστι
1305 3141 1399 3193 καὶ
1420 3139 1731 3204 ἀσύνθετος·
1759 3142 1870 3195 ἀλλ’
1889 3142 2073 3214 ἐπειδὴ

504 3240 536 3292 ὁ
559 3238 689 3301 Θεὸς
718 3237 906 3291 ἑαυτὸν
926 3236 1066 3289 οὕτω
1092 3236 1367 3307 γνωρίζει,
1393 3238 1452 3291 οὑ
1481 3240 1621 3293 κατά
1649 3238 1748 3309 τὴν
1777 3239 1923 3309 αὑτῷ
1950 3240 2077 3310 πρέ-

507 3352 715 3390 πουσαν
740 3333 917 3398 ἀξίαν,
938 3333 1071 3387 ἀλλά
1099 3334 1239 3387 κατά
1262 3334 1360 3405 τὴν
1386 3334 1611 3405 δύναμιν
1635 3335 1740 3389 τῶν
1778 3337 2076 3406 μελλόντων

505 3431 797 3488 ἀπολαύειν
819 3432 918 3503 τῆς
942 3432 1135 3501 ὅψεως.
1166 3432 1401 3502 Μωὺσῆς
1429 3430 1584 3495 δόξαν
1611 3432 1835 3501 ἔφθασε,
1865 3435 1956 3486 καὶ
1978 3434 2077 3505 τὴν

505 3529 663 3595 δόξαν
686 3530 784 3599 οὑχ
812 3527 1073 3599 ὑπερέϐη.
1094 3527 1200 3579 Καὶ
1225 3526 1309 3591 σὺ,
1335 3527 1596 3596 αἱρετικὲ,
1622 3528 1719 3596 τὴν
1744 3528 1899 3591 δόξαν
1921 3529 2080 3598 ὑπερ-

508 3629 630 3694 ϐἀς,
651 3628 837 3681 οὑσίαν
861 3627 995 3680 Θεοῦ
1022 3625 1494 3698 πολυπραγμονεῖς
1518 3646 1532 3691 ;
1572 3625 1852 3695 Ἐλθωμεν
1873 3628 1967 3681 καὶ
1987 3628 2079 3680 ἐπὶ

508 3725 602 3779 τὸν
632 3726 896 3797 μακάριον
914 3723 1143 3777 Παῦλον.
1174 3723 1385 3786 Παῦλος
1412 3725 1467 3776 ἐν
1494 3725 1560 3794 τῇ
1581 3724 1694 3795 Νέᾳ
1711 3725 2075 3787 Καταστάσει,

511 3823 752 3892 ἐγκύψας
805 3823 1053 3894 μερικαῖς
1094 3837 1233 3872 τισιν
1276 3820 1604 3888 οἰκονομίαις
1639 3820 1731 3873 τοῦ
1786 3820 1941 3881 Θεοῦ.
1985 3822 2080 3874 καὶ

512 3922 699 3991 ὥσπερ
729 3919 1034 3988 ἰλιγγιάσας
1063 3918 1130 3970 τὰ
1157 3915 1293 3987 βάθη
1325 3916 1424 3987 τῆς
1452 3917 1679 3981 ἐννοίας,
1703 3917 1801 3988 τὴν
1837 3918 2079 3989 μεγάλην

514 4019 729 4089 ἐκείνην
770 4018 863 4069 καὶ
907 4015 1222 4084 ἐκπλήξεως
1256 4015 1530 4084 γέμουσαν
1572 4014 1832 4087 ἀνεϐόησε
1864 4018 2077 4086 φωνὴν,

515 4110 617 4171 ὧδέ
675 4133 750 4187 πη
796 4114 1003 4182 λέγων’
1046 4109 1114 4166 Ὦ
1154 4112 1347 4178 βάθος
1397 4113 1663 4167 πλούτου
1711 4117 1933 4182 σοφίας
1980 4115 2079 4170 καί

516 4218 789 4291 γνώσεως
819 4211 965 4271 Θεοῦ
981 4216 1000 4268 .'
1027 4216 1106 4280 ὡς
1136 4214 1572 4283 ἁνεξερεύνητα
1603 4214 1675 4269 τὰ
1706 4218 1957 4286 κρίματα
1977 4220 2082 4272 αὐ-

515 4320 642 4385 τοῦ,
666 4317 765 4372 καί
789 4316 1228 4385 ἀνεξιχνίαστοι
1249 4318 1307 4368 al
1325 4314 1449 4368 όδοί
1464 4316 1675 4370 αὑτοῦ]
1694 4318 1786 4383 Τίς
1806 4319 1914 4388 γὰρ
1930 4320 2083 4390 ἔγνω

515 4422 666 4477 νοῦν
692 4421 948 4489 Κυρίου;
979 4419 1014 4487 ἣ
1042 4421 1133 4483 τίς
1157 4419 1501 4487 σύμϐουλος
1527 4418 1712 4473 αὐτοῦ
1742 4420 2014 4489 ἐγένετο;
2041 4421 2079 4491 ἢ

516 4528 608 4593 τίς
636 4524 969 4593 προέδωκεν
986 4515 1165 4588 αὐτῷ,
1190 4522 1290 4576 καὶ
1318 4523 1865 4591 ἀνταποδοθήσεται
1893 4525 2080 4592 abab;

516 4628 627 4684 Καὶ
655 4626 716 4678 τὸ
743 4625 892 4688 τέλος
918 4622 1011 4677 τοῦ
1045 4624 1204 4692 λόγου
1223 4642 1237 4654 ·
1266 4624 1393 4678 Ὅτι
1429 4624 1497 4688 ἐξ
1525 4626 1711 4679 αὐτοῦ
1739 4628 1835 4681 καί
1878 4628 1952 4681 δι’
1980 4632 2084 4682 αὺ-

518 4730 623 4785 τοῦ
647 4728 745 4784 καὶ
763 4730 849 4793 είς
873 4729 1056 4781 αὑτὸν
1076 4726 1147 4780 τὰ
1176 4728 1397 4781 πάντα·
1426 4728 1586 4793 αὐτῷ
1604 4730 1641 4796 ἡ
1666 4730 1814 4795 δόξα
1833 4733 1920 4796 είς
1946 4730 2086 4795 τοὺς

518 4830 756 4895 αἰῶνας.
795 4828 956 4900 Ὁρᾷς
983 4828 1063 4879 ὅτι
1094 4829 1172 4890 είς
1199 4828 1294 4897 τὴν
1319 4828 1473 4895 δόξαν
1501 4829 1667 4883 ἐλθὼν
1691 4830 1784 4883 τοῦ
1811 4830 1965 4895 Θεοῦ,
1996 4830 2084 4883 τὸν

518 4929 638 4999 ὅρον
655 4927 753 4997 οὑχ
776 4924 1046 4996 ὑπερέϐη;
1070 4924 1177 4977 Καὶ
1199 4928 1251 4978 τί
1274 4927 1398 4996 περὶ
1418 4926 1715 4997 ἀνθρώπων
1740 4927 1882 4994 λέγω
1900 4944 1914 4993 ;
1933 4926 2087 4980 Ἀνά-

520 5035 646 5106 ϐηθι
684 5032 821 5104 πρὸς
848 5033 916 5085 τά
946 5030 1292 5103 ὑπερκόσμια
1325 5035 1388 5103 τῇ
1423 5034 1627 5104 ἐννοίᾳ·
1660 5033 1933 5104 ἐρώτησον
1961 5035 2087 5099 τοὺς

519 5142 777 5214 οὑρανοὺς
794 5140 887 5193 καὶ
903 5138 1043 5192 εἰπέ·
1068 5136 1131 5189 Τί
1160 5154 1247 5207 μοι
1271 5138 1396 5206 περὶ
1414 5138 1547 5190 Θεοῦ
1566 5138 1859 5207 ἀναγγέλλε
1868 5157 1914 5191 ιν
1930 5139 2079 5193 δύνα-

521 5250 648 5315 σθε;
677 5248 915 5320 οὐρανοὶ,
943 5244 1268 5316 διηγήσασθέ
1292 5260 1381 5315 μοι
1404 5244 1646 5309 ποταπὸς
1669 5247 1697 5298 ὁ
1720 5245 1879 5309 Θεός·
1911 5247 2087 5314 ἀπαγ-

518 5344 735 5415 γείλατέ
765 5360 854 5413 μοι
882 5342 935 5396 τί
964 5345 1111 5396 ἐστιν
1130 5341 1286 5413 οὐσίᾳ
1309 5343 1337 5395 ό
1363 5347 1514 5403 Θεὸς.
1554 5341 1691 5394 Ἀλλ’
1719 5343 1818 5395 οὑκ
1856 5343 2085 5414 ἀποκρί-

521 5458 701 5497 νονται
731 5441 781 5494 οί
826 5440 1064 5511 οὑρανοὶ,
1096 5440 1224 5511 περὶ
1269 5439 1378 5492 τῶν
1417 5438 1691 5493 ἀδυνάτων
1722 5440 2084 5511 ἐρωτώμενοι.

534 5540 691 5595 ’Λλλά
715 5541 819 5596 κᾶν
851 5540 1024 5595 ταῦτα
1049 5540 1337 5611 τολμηρῶς
1370 5541 1751 5613 ἐπερωτήσῃς,
1783 5541 2087 5612 ἀποκριθή-

521 5657 675 5695 σεται
699 5642 787 5696 διά
816 5643 909 5697 τοῦ
938 5643 1237 5716 θαυμασίου
1268 5644 1529 5715 Ἰερεμίου
1556 5645 1615 5699 τὸ
1644 5645 1782 5699 θεῖον
1806 5650 1980 5701 ἐκεῖνο
2002 5648 2090 5701 λό-

525 5753 679 5805 γιονο
718 5739 1000 5808 Ἔφριξεν
1050 5742 1305 5812 οὐρανὸς
1354 5742 1448 5798 ἐπί
1495 5742 1686 5801 τοῦτο.
1723 5744 1934 5817 Φρίττει
1981 5747 2088 5819 γὰρ

2000 359 2277 417 INCERTI

3630 366 3729 423 M8

2164 483 2221 533 οὑ
2233 483 2389 551 ρανὸς
2422 484 2657 556 ἀληθῶς,
2677 485 2805 539 ὅταν
2832 485 2914 557 ἴδῃ
2946 484 3044 555 τὴν
3068 484 3218 540 θείαν
3247 482 3727 554 πολυπραγμονου-

2164 580 2331 649 μένην
2362 581 2543 648 φύσιν.
2585 583 2952 653 Ἀντικρούσει
2981 583 3036 636 δέ
3066 584 3161 637 καὶ
3187 585 3215 637 ό
3250 583 3518 653 μακάριος
3552 580 3727 644 Δαυῖδ,

2160 677 2257 747 τὴν
2279 677 2512 750 ἄμετρον
2530 678 3060 749 πολυπραγμοσύνην
3080 677 3344 744 κολάζων,
3357 680 3451 732 καὶ
3467 681 3601 749 ἐρεῖ,
3620 679 3728 732 Οὑκ

2161 774 2417 844 ἡκούσας,
2459 777 2540 828 ὅτι
2582 779 2646 830 Οἱ
2688 777 2931 845 οὐρανοί
2957 776 3300 846 διηγοῦνται
3373 777 3534 846 φύσιν
3574 774 3725 841 Θεοῦ,

2162 869 2316 934 ἀλλὰ,
2369 872 2560 936 Δόξαν
2617 873 2781 927 Θεοῦ.
2836 874 2948 927 Οὐκ
3000 875 3157 937 αὑτός
3184 891 3266 926 σοι
3295 874 3379 927 διὰ
3433 875 3531 943 τῆς
3575 872 3728 940 ἁγίας

2163 966 2391 1036 κιθάρας
2409 968 2719 1038 ἀνεϐόησεν,
2736 970 2816 1021 ὅτι
2840 973 2903 1021 Ol
2926 968 3167 1038 οὐρανοί
3186 969 3527 1037 διηγοῦνται
3550 968 3729 1031 δόξαν

2166 1062 2332 1127 Θεοῦ,
2349 1064 2409 1116 οὑ
2442 1063 2601 1133 φύσιν
2628 1064 2791 1129 Θεοῦ;
2816 1067 2932 1118 Οὑκ
2951 1066 3138 1119 οὑσίαν
3165 1065 3576 1136 ἑρμηνεύουσιν,
3600 1063 3727 1117 ἀλλά

2162 1158 2318 1224 δόξαν
2364 1160 2499 1239 Θεοῦ
2552 1160 2988 1229 ἀναγγέλλουσιν.
3030 1162 3188 1215 Ἀλλά
3234 1162 3308 1232 μὴ
3363 1163 3591 1233 νομίζῃς
3636 1161 3727 1225 τὰς

2164 1256 2561 1327 ὑπερκοσμίους
2610 1258 2866 1329 δυνάμεις
2901 1259 3093 1313 εἰδέναι
3126 1277 3176 1311 τι
3208 1258 3389 1311 πλέον.
3432 1258 3729 1328 Ἐρὼτησον

2163 1357 2447 1424 ἀγγέλους,
2486 1356 2759 1429 ἐρώτησον
2784 1359 2946 1427 λέγω,
2974 1359 3073 1412 οὐκ
3114 1359 3298 1431 ἐπειδὴ
3344 1358 3731 1430 ἐπιτέτραπται

2168 1457 2317 1529 [424]
2340 1476 2421 1511 σοι
2443 1459 2792 1529 προσομιλεῖν
2808 1462 2928 1524 ταῖς
2951 1461 3066 1515 ἄνω
3081 1461 3393 1531 δυνάμεσιν,
3414 1461 3529 1513 ἀλλ’
3552 1460 3731 1531 ἐπειδὴ

2164 1559 2229 1611 ἐκ
2257 1559 2353 1627 τῆς
2386 1559 2605 1630 Γραφῆς
2633 1560 2775 1630 ἔχεις
2805 1560 2872 1613 τὰ
2906 1562 3197 1633 φάρμακα,
3233 1562 3327 1615 καὶ
3361 1560 3431 1614 τά
3463 1560 3735 1633 ἐπιστομί-

2166 1658 2325 1721 ζοντά
2355 1677 2445 1713 σου
2473 1662 2569 1733 τὴν
2593 1661 2921 1734 θρασύτητα.
2950 1664 3252 1735 Ἑρώτησον
3280 1666 3407 1728 τοὺς
3438 1664 3699 1734 ἀγγέλους
3717 1682 3732 1698 ο

2166 1758 2440 1830 ἐρώτησον
2484 1762 2610 1814 ὅταν
2652 1762 2768 1835 ἴδῃς
2818 1765 3015 1828 αὑτοὺς
3058 1762 3150 1819 ἐπὶ
3189 1765 3291 1836 γῆς
3343 1764 3666 1836 χορεύοντας
3703 1764 3735 1836 ἦ

2168 1861 2554 1932 ἁνυμνοῦντας.
2592 1864 2727 1918 Είπέ
2771 1866 2971 1929 αὑτοῖς·
3010 1866 3074 1918 Τί
3119 1866 3301 1920 καινὸν
3339 1867 3656 1930 διδάσκετε;
3687 1864 3737 1919 τί

2169 1961 2315 2027 ξένον
2337 1962 2736 2031 ἀπαγγέλλετε;
2766 1967 2857 2019 καὶ
2889 1966 3085 2030 εὐθέως
3111 1968 3138 2019 ὁ
3163 1967 3303 2030 θεῖος
3326 1967 3485 2038 χορὸς
3513 1968 3739 2035 ἀποκρι-

2169 2057 2391 2127 θήσεταί
2412 2075 2493 2110 σοι
2524 2059 2609 2112 διὰ
2638 2060 2743 2113 τῶν
2764 2060 2920 2115 θείων
2943 2063 3283 2131 Εὑαγγελίων
3303 2081 3316 2094 ο
3339 2065 3497 2127 Δόξα
3518 2064 3580 2117 ἐν
3610 2063 3740 2137 ὑψίτ

2169 2170 2336 2220 στοις
2384 2155 2523 2221 Θεῷ,
2574 2156 2673 2210 καὶ
2727 2157 2825 2210 ἐπὶ
2874 2156 2983 2227 γῆς
3014 2159 3255 2227 είρήνη,
3303 2160 3371 2212 ἐν
3413 2159 3739 2227 ἀνθρώποις

2169 2250 2431 2305 εὐδοκία.
2453 2247 2656 2304 Ἦλθον
2684 2253 2777 2306 ἐπὶ
2808 2254 2910 2324 γῆς
2942 2253 3181 2323 ἄγγελοι,
3209 2254 3302 2308 καὶ
3324 2254 3423 2324 τῆς
3443 2254 3601 2323 δόξης
3620 2255 3738 2317 τοὺς

2169 2347 2326 2419 ὅρους
2355 2348 2452 2418 οὑχ
2484 2348 2826 2419 ὑπερέϐησαν
2845 2367 2858 2380 ·
2893 2350 2986 2403 καὶ
3022 2351 3284 2420 αἱρετικοὶ
3325 2350 3549 2413 τούτους
3580 2351 3739 2417 ὑπερο

2173 2444 2375 2497 ϐαίνειν
2401 2446 2499 2498 οὑκ
2531 2443 2802 2517 ὤκνησαν.
2835 2446 2993 2501 Ἀλλά
3026 2448 3099 2517 μή
3124 2464 3177 2499 τι
3214 2448 3267 2499 αί
3302 2446 3564 2499 ἀνωτάτω
3589 2445 3740 2498 δυνά-

2175 2558 2316 2611 μεις,
2343 2542 2398 2593 αἱ
2428 2541 2568 2613 ὑπὲρ
2591 2543 2717 2606 τοὺς
2745 2542 3008 2610 ἀγγέλους
3028 2560 3043 2608 ;
3067 2543 3213 2611 λέγω
3240 2543 3303 2613 δὴ
3327 2544 3384 2595 αί
3408 2543 3518 2595 τῶν
3540 2543 3742 2612 ἀρχαγ-

2172 2636 2365 2703 γέλων.
2395 2638 2517 2691 Είσὶ
2548 2638 2604 2691 δὲ
2645 2640 2849 2692 ἐκεῖναι
2885 2639 3074 2709 φύσεις
3105 2638 3534 2709 διακεκριμέναι.
3580 2634 3741 2707 Ἐρώ-

2172 2751 2333 2805 τησον
2368 2736 2435 2788 τά
2478 2736 2777 2808 Χερουϐὶμ,
2813 2737 2903 2791 τόν
2930 2737 3203 2808 βασιλικὸν
3240 2737 3461 2807 θρόνον·
3502 2738 3565 2788 '0
3602 2735 3741 2789 καθ-

2171 2829 2390 2899 ήμενος
2413 2831 2510 2885 ἐπὶ
2540 2832 2657 2885 τῶν
2684 2834 2986 2903 Χερουϐὶμ,
3012 2832 3325 2903 ἐμφάνηθι.
3352 2831 3654 2904 Ἑρώτησον
3674 2828 3740 2882 τὰ

2173 2927 2452 2997 Χερουϐὶμ
2484 2928 2559 2991 ὡς
2598 2929 2784 3000 θρόνον
2817 2930 3191 3001 σαπφείρινον,
3226 2930 3319 2982 καὶ
3358 2930 3415 2981 ἐν
3455 2928 3535 2997 τῷ
3576 2927 3743 2997 θρόνῳ

2174 3023 2481 3093 καθήμενον
2524 3024 2599 3087 ὼς
2628 3025 2877 3095 ὁμοίωμα
2912 3025 3043 3079 Υίοῦ
3088 3024 3393 3096 ἀνθρώπου.
3439 3024 3555 3077 Καὶ
3596 3021 3741 3092 φωνὴ

2175 3120 2389 3187 ἐγένετο
2432 3121 2540 3174 τῶν
2572 3121 2881 3193 Χερουϐὶμ,
2924 3123 2999 3187 ὼς
3041 3122 3247 3177 ὑδάτων
3285 3121 3495 3176 πολλῶν
3531 3119 3737 3191 βοῶσα·

2175 3218 2564 3286 Εὐλογημένη
2583 3219 2621 3285 ἡ
2644 3218 2794 3283 δόξα
2820 3220 3039 3287 Κυρίου
3063 3220 3132 3273 ἐκ
3156 3219 3259 3273 τοῦ
3284 3220 3473 3273 τόπου
3502 3215 3705 3284 αὐτῆς.

2242 3314 2304 3369 δ’.
2347 3316 2509 3385 Ὁρᾷς
2531 3316 2625 3368 καὶ
2652 3316 2760 3368 τῶν
2780 3316 3057 3387 Χερουϐὶμ
3079 3317 3177 3387 τὴν
3204 3314 3489 3369 εὐλάϐειαν
3513 3332 3528 3379 ;
3556 3312 3746 3381 Ἐφθα-

2178 3428 2268 3464 σεν
2297 3413 2377 3475 είς
2403 3412 2581 3475 δόξαν,
2616 3413 2709 3465 καὶ
2737 3414 2834 3482 οὑχ
2880 3412 3122 3484 ὑπερέϐη
3168 3413 3258 3465 τὸν
3287 3414 3433 3483 ὅρον.
3476 3412 3745 3479 Εὐλογη-

2171 3509 2324 3579 μένη
2366 3509 2404 3576 η
2450 3509 2599 3574 δόξα
2637 3512 2873 3578 Κυρίου.
2904 3510 3016 3564 Καὶ
3069 3511 3215 3574 πῶς;
3258 3511 3358 3563 Ἐκ
3407 3508 3518 3563 τοῦ
3565 3507 3747 3561 τόκου

2176 3604 2365 3673 αὐτῆς
2383 3623 2397 3635 ·
2421 3606 2507 3659 ἵνα
2535 3605 2679 3678 δείξῃ
2708 3623 2814 3668 σοι,
2836 3607 2917 3659 ὅτι
2937 3606 3029 3660 καὶ
3052 3606 3110 3658 ἐν
3132 3607 3241 3667 τοῖς
3266 3605 3327 3657 οὑ
3338 3604 3542 3675 ρανίοις
3568 3603 3756 3663 τόποις

2178 3702 2475 3765 αὐλίζεται,
2506 3701 2597 3755 καὶ
2628 3702 2760 3755 πολὺ
2791 3702 3125 3774 ὑψηλοτέραν
3157 3701 3265 3755 τῶν
3300 3701 3359 3753 οὑ
3371 3700 3571 3771 ρανίων
3600 3695 3754 3752 δυνά-

2183 3816 2327 3869 μεων
2357 3798 2450 3852 καὶ
2492 3798 2737 3869 ἀοράτων
2776 3798 3096 3871 ὑπέρκειται
3134 3797 3229 3867 τὴν
3264 3795 3440 3859 ἀξίαν.
3476 3795 3555 3848 Οὑ
3593 3792 3746 3862 φθᾶγσ

2178 3913 2364 3965 γονται
2392 3895 2466 3958 ὼς
2496 3894 2903 3964 πλησιάζοντες,
2936 3895 3049 3948 ἀλλ’
3078 3894 3151 3958 ὡς
3173 3894 3359 3965 πόρρω
3382 3891 3758 3963 ἀφεστηκότες

2178 3992 2275 4061 τῆς
2297 3991 2444 4055 θείας
2466 3990 2620 4056 ἀξίας
2635 4011 2647 4023 ·
2673 3992 3060 4062 Εὐλογημένη
3088 3992 3123 4059 ἡ
3144 3991 3293 4054 δόξα
3312 3991 3534 4057 Κυρίου
3563 3990 3630 4042 ἐκ
3651 3983 3764 4041 τσῦ

2179 4092 2365 4143 τόπου
2399 4088 2606 4157 αὐτῆς.
2633 4090 2742 4159 Οὑχ
2766 4090 2844 4143 ὅτι
2869 4090 3030 4143 τόπον
3065 4088 3176 4159 ἔχει
3198 4106 3210 4119 ·
3248 4088 3425 4140 πάντα
3465 4087 3576 4156 γὰρ
3607 4101 3768 4156 περι-

2180 4188 2378 4257 γράφει
2410 4188 2572 4241 τόπον
2592 4205 2603 4216 ·
2628 4186 2762 4240 ἀλλά
2793 4187 2954 4241 τόπον
2982 4188 3114 4240 Θεοῦ
3142 4186 3296 4240 καλεῖ
3318 4187 3414 4257 τὴν
3446 4188 3579 4256 περὶ
3600 4185 3767 4239 αὑτὸν

2182 4281 2357 4345 ἀξίαν.
2374 4278 2526 4347 Εἶδες
2551 4284 2945 4355 τῶνΧερουϐὶμ
2961 4284 3053 4336 καὶ
3075 4284 3256 4354 φωνήν
3277 4282 3711 4352 ;Εὐλογημένη
3732 4279 3769 4348 ἠ

2182 4376 2333 4441 δόξα
2354 4381 2591 4448 Κυρίου.
2624 4380 2732 4435 Καὶ
2760 4380 2907 4434 οὑδὲν
2936 4380 3093 4433 πλέον
3116 4378 3425 4450 ἀνήγγειλε.
3446 4380 3539 4430 Δεῖ
3560 4379 3677 4447 γάρ
3713 4392 3773 4427 σε

2186 4474 2368 4548 κύκλῳ
2407 4477 2749 4547 παρεστῶτα,
2783 4477 2980 4530 εἰδέναι
3015 4476 3082 4528 τά
3108 4477 3200 4528 τοῦ
3227 4474 3362 4528 Θεοῦ
3402 4473 3773 4543 καταγγέλια.

2187 4575 2267 4629 Τὰ
2304 4574 2411 4645 γὰρ
2445 4573 2704 4643 Σεραφὶμ
2728 4572 2989 4641 εἱστήκει
3010 4573 3217 4637 κύκλῳ
3248 4570 3454 4624 αὐτοῦ.
3489 4571 3555 4622 Τί
3585 4570 3780 4622 τοίνυν

2188 4673 2375 4742 μαθεῖν
2403 4671 2514 4724 ἔστι
2536 4672 2664 4741 παρ’
2693 4670 2844 4741 ὑμῶν
2864 4687 2878 4734 ;
2902 4670 2992 4741 Μὴ
3020 4668 3320 4737 κωλύσητε.
3354 4666 3495 4719 Ἀλλ’
3526 4668 3656 4737 ἐρεῖ
3677 4666 3783 4718 κά-

2185 4771 2358 4833 κεῖνα,
2387 4770 2467 4821 ὅτι
2494 4767 2598 4821 κᾶν
2634 4767 2986 4839 ὑπερέχωμεν
3019 4766 3117 4834 τὴν
3147 4764 3321 4829 ἀξίαν,
3356 4762 3472 4815 ἀλλ’
3505 4761 3786 4832 ἐπιγινώ-

2188 4890 2388 4944 σκομεν
2412 4871 2568 4942 ἡμῶν
2600 4872 2698 4942 τῆς
2724 4870 2937 4939 φύσεως
2973 4870 3098 4933 τοὺς
3124 4870 3304 4941 ὄρους,
3341 4869 3435 4921 καὶ
3465 4868 3569 4938 οὑχ
3608 4871 3788 4940 {nsp—

2186 4978 2444 5050 πηδῶμεν
2480 4977 2550 5030 τά
2592 4977 2764 5049 μέτρα
2792 4976 2889 5046 τῆς
2928 4958 3179 5044 γνώσεως
3202 4991 3215 5003 ·
3256 4974 3318 5026 οὑ
3349 4973 3791 5045 πολυπραγμο-

2186 5076 2383 5146 νοῦμεν
2426 5074 2581 5145 ήμῶν
2610 5073 2701 5127 τὸν
2739 5073 3018 5135 κτίσαντα,
3058 5071 3120 5124 οὑ
3160 5070 3657 5141 περιεργαζόμεθα
3694 5071 3791 5124 τὸν

2186 5174 2509 5243 τιμήσαντα.
2538 5169 2772 5240 Οἴδαμεν
2792 5169 2891 5240 τὴν
2921 5166 3303 5237 ἀκατάληπτον
3329 5164 3515 5234 φύσιν,
3555 5168 3652 5220 ὅτι
3690 5169 3793 5236 οὑχ

2187 5267 2545 5322 ὑποϐάλλεται
2578 5264 2864 5338 ζητήσειι,
2893 5265 2954 5319 οὑ
2977 5263 3215 5317 δουλεύει
3242 5263 3521 5333 λογισμῶν
3549 5265 3798 5320 ἀκολου-

2188 5365 2328 5427 θίαις
2346 5381 2360 5395 ·
2387 5362 2639 5434 ὑπερέχει
2673 5364 2852 5415 πᾶσαν
2877 5360 3013 5433 ὁμοῦ
3041 5359 3135 5414 καὶ
3168 5358 3465 5430 ἀγγελικὴν
3487 5377 3606 5414 κατ
3617 5363 3797 5417 ἀστα-

2190 5478 2274 5515 σιν
2303 5460 2397 5513 καὶ
2429 5458 2796 5530 ὑπερκόσμιον
2819 5457 3023 5510 ἔννοιαν
3050 5457 3143 5509 καὶ
3164 5458 3340 5509 πᾶσαν
3366 5456 3801 5535 ὑπερουράνιον

2188 5556 2412 5626 δύναμιν
2442 5556 2477 5627 ἡ
2509 5553 2635 5620 δόξα
2663 5551 2755 5606 τοῦ
2799 5551 3291 5625 προσκυνουμένου.
3339 5551 3437 5606 Διά
3467 5552 3657 5609 τοῦτο
3700 5555 3802 5611 καὶ

2249 5755 2276 5785 ⁸
2297 5753 2414 5807 Cod.
2448 5753 2656 5813 ζήτησιν.
2678 5751 2835 5804 Colel.
2865 5750 2994 5813 conj.
3022 5750 3295 5808 ζητήσεσιν.
