4074 6308
277 362 379 418 ιιι

277 482 329 533 in
353 479 508 543 rubo,
538 476 668 532 vidit
701 490 822 532 eum
849 488 915 530 ex
942 484 1124 531 monte
1153 473 1303 541 Sina,
1336 476 1465 530 vidit
1492 490 1613 530 enm
1636 472 1861 528 diversis

270 572 328 625 in
358 571 490 625 Iocis
514 577 884 640 apparentem,
906 578 960 624 et
976 570 1135 624 variis
1159 568 1330 623 modis
1348 568 1682 638 praesentiam
1711 582 1859 621 suam

273 662 622 730 indicantem,
654 672 709 717 at
737 662 923 717 beatus
972 662 1063 716 ille
1102 662 1314 734 Moyses
1358 661 1529 734 ipsam
1558 660 1739 715 videre
1768 674 1862 713 cu-

273 754 453 824 piebat
478 763 683 808 natura:
713 753 958 808 formam.
983 752 1113 807 Nam
1137 753 1300 808 homo
1314 768 1432 807 cum
1450 760 1613 818 esset,
1634 750 1861 805 humana

274 848 340 903 de
368 862 599 917 superna
622 848 709 902 illa
751 847 948 902 virtute
968 847 1372 917 imaginabatur.
1406 846 1545 900 Deus
1570 854 1745 899 autem
1768 845 1862 899 de-

270 940 529 995 siderium
561 939 733 994 ﬁdelis
764 939 943 993 famuli
986 938 1335 1009 approbavit,
1374 935 1624 1007 ﬂexitque
1673 935 1862 989 huma-

270 1046 399 1085 num
426 1030 673 1085 allectum
715 1030 1062 1099 impossibilia
1091 1029 1415 1100 cupientem.
1460 1029 1597 1098 Quid
1630 1029 1771 1083 enim
1788 1030 1862 1082 ait

271 1124 391 1177 illi?
424 1122 589 1178 Nemo
636 1122 818 1177 videbit
848 1122 1029 1195 faciem
1062 1138 1224 1177 meam
1266 1130 1314 1176 et
1356 1126 1483 1175 vivet
1534 1118 1738 1191 (Exod.
1768 1120 1856 1175 5'5.

271 1214 385 1285 20).
418 1216 782 1271 Desideratum
838 1231 943 1270 non
993 1217 1136 1286 capit
1184 1216 1350 1270 virtus
1395 1214 1856 1270 desiderantium:

272 1320 379 1358 non
418 1304 520 1359 fert
549 1306 788 1361 mortalis
818 1306 1005 1360 oculus
1034 1305 1387 1360 immortalem
1418 1315 1684 1359 naturam.
1718 1304 1856 1371 Quid

271 1409 419 1467 ergo,
452 1397 979 1467 Domine?relinquis
1009 1398 1125 1451 sine
1155 1396 1346 1451 solatio
1392 1411 1653 1463 amorem,
1686 1410 1747 1449 ac
1792 1410 1860 1449 ne

272 1492 513 1543 umbram
567 1490 780 1559 quidem
836 1490 1042 1558 prtebes
1084 1489 1371 1555 desiderii,
1417 1492 1466 1544 ei
1516 1491 1604 1560 qui
1656 1498 1856 1543 tantum

272 1595 507 1635 amorem
548 1583 726 1635 animo
766 1580 1052 1651 concepit?
1098 1581 1453 1648 Quamobrem
1481 1582 1554 1635 ait
1588 1597 1601 1634 :
1630 1580 1778 1635 Pono
1806 1583 1859 1634 in

272 1682 435 1742 petra,
467 1680 514 1725 et
559 1687 765 1743 protego
791 1688 944 1725 manu
982 1688 1091 1726 mea
1120 1687 1138 1724 :
1167 1681 1213 1725 et
1254 1688 1368 1725 cum
1414 1672 1644 1725 transibit
1694 1672 1859 1744 gloria

270 1779 401 1830 mea,
431 1763 617 1817 videbis
660 1764 938 1832 posteriora
977 1779 1002 1814 ,ο
1054 1765 1311 1817 anteriora
1352 1777 1468 1819 vero
1523 1780 1624 1818 non
1673 1766 1859 1820 videbis

273 1855 467 1917 (Exod.
493 1856 579 1911 55.
605 1855 694 1908 22.
720 1855 837 1927 2.3).
866 1855 982 1910 Non
1005 1854 1156 1920 dixit,
1195 1855 1325 1910 Cum
1357 1856 1708 1925 pertransibo,
1741 1857 1855 1923 sed,

275 1949 396 2003 Cum
422 1949 652 2002 transibit
679 1950 842 2020 gloria
868 1965 998 2002 mea.
1028 1948 1143 2002 Non
1175 1950 1318 2003 enim
1344 1949 1490 2015 licet,
1542 1960 1859 2020 praetergre-

274 2041 469 2095 diendo
512 2042 735 2112 gloriam
763 2081 777 2105 ,
823 2041 1110 2096 essentiam
1163 2041 1422 2111 reperire.
1473 2042 1682 2113 Moyses
1727 2042 1858 2097 nihil

272 2134 389 2203 plus
418 2149 576 2203 quam
603 2133 824 2203 gloriam
856 2134 1078 2198 invenit,
1129 2148 1301 2203 neque
1327 2132 1471 2187 illam
1504 2140 1670 2187 totam
1700 2134 1854 2197 vidit,

273 2226 363 2279 sed
390 2226 607 2280 dorsum
631 2243 644 2279 :
679 2241 784 2279 non
813 2226 953 2296 quod
984 2226 1146 2280 dorso
1173 2234 1226 2279 et
1253 2234 1469 2295 pectore
1494 2225 1758 2280 delineata
1786 2227 1856 2279 sit

268 2318 449 2373 divina
472 2329 658 2373 natura
693 2335 707 2372 :
740 2320 961 2389 simplex
986 2320 1129 2375 enim
1158 2327 1240 2374 est
1264 2329 1316 2375 et
1346 2320 1730 2390 incomposita;
1762 2320 1855 2374 sed

270 2412 393 2481 quia
414 2412 554 2465 Deus
573 2412 647 2464 sic
664 2426 722 2465 se
740 2412 1165 2481 cognoscendum
1184 2411 1409 2480 praebet,
1439 2428 1542 2465 non
1562 2411 1854 2466 secundum

273 2503 369 2556 sibi
396 2511 777 2571 congruentem
806 2502 1137 2571 dignitatem,
1169 2502 1264 2556 sed
1304 2502 1597 2556 secundum
1639 2502 1857 2557 faculta-

273 2601 377 2647 tem
407 2608 615 2660 eorum,
643 2594 731 2662 qui
758 2593 930 2662 ipsum
956 2592 1121 2647 visuri
1142 2601 1283 2647 sunt.
1310 2592 1518 2665 Moyses
1546 2592 1610 2647 ad
1633 2594 1853 2663 gloriam

275 2685 510 2756 pertigit,
538 2695 591 2739 et
610 2685 834 2755 gloriam
863 2700 967 2738 non
999 2698 1376 2754 supergressus
1407 2694 1487 2739 est
1518 2702 1531 2737 :
1556 2695 1611 2739 at
1641 2694 1716 2751 tu,
1749 2687 1857 2739 hae-

276 2778 463 2841 retice,
489 2776 713 2847 gloriam
740 2785 1123 2847 transgressus,
1152 2776 1503 2831 substantiam
1532 2777 1624 2831 Dei
1644 2778 1855 2833 curiose

273 2870 563 2925 scrutaris?
605 2870 890 2925 Veniamus
930 2880 984 2925 et
1020 2870 1086 2923 ad
1114 2870 1322 2925 beatum
1363 2871 1603 2925 Paulum.
1658 2871 1854 2927 Paulus

273 2963 328 3016 in
350 2963 501 3019 Novo
521 2961 896 3027 Testamento,
944 2977 1064 3017 cum
1094 2962 1459 3019 consideraret
1505 2965 1855 3035 particulares

270 3056 527 3125 quasdam
566 3055 658 3110 Dei
702 3055 1143 3125 dispensationes,
1174 3055 1325 3126 quasi
1365 3056 1626 3125 vertigine
1665 3066 1854 3125 captus

272 3150 323 3201 in
354 3147 617 3217 profundo
645 3147 1000 3217 cogitationis,
1029 3158 1247 3215 stupore
1268 3149 1476 3217 plenam
1507 3163 1689 3202 vocem
1716 3150 1853 3203 emi-

269 3242 337 3292 sit
363 3240 453 3294 his
478 3240 655 3293 verbis
685 3256 699 3292 :
737 3257 757 3291 ι
792 3237 837 3294 Ο
863 3238 1088 3293 altitudo
1126 3238 1428 3292 divitiarum
1477 3240 1752 3308 sapientiae
1799 3247 1853 3294 et

268 3332 508 3387 scientia:
541 3332 652 3397 Dei,
684 3346 841 3402 quam
890 3330 1448 3399 incomprehensibilia
1478 3341 1602 3384 sunt
1650 3330 1850 3400 judicia

268 3427 399 3498 ejus,
436 3433 493 3480 et
515 3423 912 3493 investigabiles
935 3424 1033 3477 vite
1068 3423 1217 3492 ejus!
1246 3422 1376 3489 Quis
1413 3422 1555 3476 enim
1603 3424 1853 3491 cognovit

267 3535 485 3574 sensum
514 3519 762 3574 Domini?
791 3527 884 3573 aut
920 3517 1040 3587 quis
1067 3516 1405 3571 consiliarius
1449 3518 1563 3583 ejus
1591 3514 1721 3569 fuit?
1763 3524 1855 3569 aut

265 3617 380 3685 quis
402 3616 552 3686 prior
570 3614 721 3670 dedit
746 3612 856 3680 illi,
879 3619 934 3668 et
963 3610 1287 3666 retribuetur
1305 3609 1354 3664 ei
1386 3628 1406 3661 ι
1439 3608 1613 3680 (Rom.
1644 3610 1731 3663 11.
1753 3609 1851 3663 35—

264 3710 407 3780 36)?
472 3707 723 3778 Finisque
768 3704 1074 3760 sermonis:
1110 3721 1131 3755 ι
1164 3702 1424 3772 Quoniam
1482 3717 1549 3756 ex
1596 3702 1712 3771 ipso
1760 3716 1854 3770 per

268 3802 439 3869 ipsum
465 3810 522 3855 et
547 3801 599 3853 in
628 3799 743 3869 ipso
763 3806 887 3851 sunt
914 3795 1092 3850 omnia
1121 3812 1136 3861 ;
1182 3794 1282 3865 Ipsi
1310 3793 1477 3864 gloria
1503 3794 1556 3846 in
1584 3793 1799 3848 szecula.
1826 3811 1847 3845 s

273 3892 455 3947 Viden‘
486 3907 609 3945 eum
636 3906 759 3944 cum
785 3888 853 3944 ad
895 3888 1119 3959 gloriam
1161 3887 1255 3941 Dei
1282 3887 1533 3954 venisset,
1568 3887 1851 3941 terminum

266 3999 371 4037 non
400 3981 738 4038 excessisse?
790 3980 993 4051 Ecquid
1022 3979 1088 4034 de
1122 3980 1425 4034 hominibus
1451 3980 1613 4034 dico?
1638 3978 1852 4051 Cogita-

266 4077 411 4132 tione
450 4074 683 4130 ascende
716 4074 782 4128 ad
829 4072 1093 4138 ctelestia;
1124 4073 1392 4143 interroga
1423 4074 1583 4127 cados
1623 4081 1677 4128 et
1723 4073 1849 4127 die:

264 4169 398 4234 Quid
418 4167 553 4221 mihi
581 4166 651 4222 de
676 4166 781 4220 Deo
803 4180 1020 4219 narrare
1044 4164 1298 4233 potestis?
1322 4165 1460 4232 cmli,
1485 4172 1695 4219 narrate
1722 4163 1851 4217 mihi

264 4262 435 4328 qualis
465 4260 540 4313 sit
568 4258 709 4313 Deus
728 4298 743 4325 ,
772 4256 1071 4312 renuntiate
1094 4256 1220 4310 mihi
1250 4272 1367 4326 quae
1389 4257 1458 4310 sit
1482 4256 1709 4311 essentia
1740 4256 1850 4310 Dei.

265 4350 461 4405 Verum
488 4366 598 4404 non
628 4350 953 4419 respondent
972 4348 1110 4411 caeli,
1125 4348 1191 4403 de
1207 4348 1271 4401 iis
1287 4363 1407 4418 qua:
1429 4362 1613 4401 eorum
1636 4346 1856 4400 faculta-

263 4454 369 4499 tem
414 4452 680 4515 superant
708 4443 1037 4514 interrogati.
1070 4442 1173 4497 Sed
1204 4442 1250 4496 si
1278 4440 1392 4495 haec
1419 4441 1673 4494 audacter
1711 4455 1857 4509 qua:-

261 4539 437 4604 sieris,
469 4535 818 4607 respondebit
847 4550 943 4605 per
968 4534 1332 4589 admirabilem
1359 4533 1644 4588 Jeremiam
1664 4574 1677 4598 ,
1711 4533 1852 4587 divi-

264 4647 390 4686 num
460 4630 598 4686 illud
649 4629 930 4700 proferens
984 4628 1301 4698 eloquium:
1357 4626 1619 4681 Inhorruit
1675 4625 1856 4679 caelum

259 4742 412 4795 super
443 4725 548 4779 hoc
579 4721 710 4796 (Jer.
738 4722 794 4777 2.
824 4723 933 4791 12).
968 4722 1289 4776 lnhorrescit
1314 4723 1455 4775 enim
1481 4736 1606 4819 γεγε
1643 4721 1853 4786 ριυιιιιιι,

262 4818 349 4872 ubi
378 4816 578 4872 viderit
602 4826 843 4871 naturam
862 4816 1094 4870 divinam
1125 4814 1382 4884 indagari.
1402 4813 1483 4869 Ex
1498 4813 1743 4885 opposito
1770 4829 1856 4867 ca-

264 4921 353 4964 net
384 4911 582 4965 beatus
613 4908 797 4972 David,
833 4908 1168 4961 temerariam
1206 4906 1567 4961 curiositatem
1599 4906 1854 4975 plectens,

264 5010 317 5055 et
342 5002 528 5056 dicet:
560 4998 677 5055 Non
704 5000 896 5053 audisti
922 4998 1065 5062 illud,
1096 4995 1219 5052 Caeli
1256 5008 1531 5064 enarrant,
1565 5013 1669 5050 non
1700 5005 1857 5049 natu-

265 5109 376 5147 ram
404 5093 523 5158 Dei,
553 5091 648 5147 sed
668 5092 880 5164 gloriam
909 5091 1022 5144 Dei.
1046 5091 1232 5145 Nonne
1265 5090 1376 5158 ipse
1394 5090 1485 5143 tibi
1505 5105 1597 5159 per
1622 5099 1856 5143 sanctam

265 5184 536 5240 citharam
564 5184 851 5249 clamavit,
878 5183 1001 5238 ϐωιὶ
1027 5192 1267 5236 enarrant
1292 5182 1508 5253 gloriam
1541 5180 1632 5235 Dei
1665 5181 1683 5254 (
1707 5180 1855 5234 Psal.

266 5278 353 5334 I8.
388 5279 466 5352 1).
500 5278 617 5332 Non
646 5287 888 5332 naturam
918 5277 1032 5341 Dei,
1061 5293 1165 5329 non
1193 5276 1541 5330 substantiam
1564 5275 1855 5341 declarant,

262 5369 358 5424 sed
387 5371 617 5440 gloriam
658 5370 748 5424 Dei
776 5369 1114 5422 annuntiant.
1144 5369 1405 5422 Czeterum
1437 5383 1505 5422 ne
1525 5378 1679 5437 putes
1706 5368 1862 5423 caele«

263 5472 377 5518 stes
400 5464 635 5518 virtutes
652 5460 775 5532 quid
797 5463 935 5517 ultra
965 5475 1311 5531 cognoscere.
1339 5461 1603 5531 Interroga
1620 5460 1857 5530 angelos,

267 5556 571 5626 interroga,
600 5556 836 5625 inquam,
865 5569 972 5608 non
998 5552 1139 5622 quod
1171 5552 1264 5605 tibi
1285 5567 1599 5606 concessum
1627 5553 1695 5606 sit
1729 5566 1851 5605 cum

265 5648 521 5719 supernis
554 5646 838 5700 virtutibus
866 5644 1153 5714 congredi,
1194 5644 1287 5698 sed
1316 5643 1436 5713 quia
1476 5660 1541 5697 ex
1587 5642 1859 5714 Scriptura

268 5739 515 5795 remedia
539 5738 728 5804 habes,
772 5752 998 5807 quaeque
1040 5735 1315 5791 audaciam
1358 5745 1500 5791 tuam
1547 5738 1855 5806 reprimant.

270 5818 551 5902 Interroga
604 5829 866 5900 angelos:
924 5829 1187 5895 interroga
1242 5840 1337 5882 eos
1399 5843 1522 5882 cum
1569 5826 1766 5884 videris
1798 5828 1852 5880 in

1273 355 1336 411 IN
1376 356 1599 423 ILLUD,
1642 355 1706 410 IN
1744 352 1881 421 QUA
1924 351 2348 417 POTESTATE,
2390 350 2544 409 ETC.

3445 359 3550 420 H3

1972 481 2111 525 terra
2139 472 2364 526 choreas
2390 479 2629 540 agentes,
2651 480 2742 527 aut
2771 472 2999 545 hymnos
3034 485 3308 533 canentes.
3339 477 3433 533 Dic
3482 482 3548 536 il-

1967 562 2051 629 lis,
2091 562 2228 629 Quid
2258 563 2381 617 novi
2410 562 2653 617 docetis?
2680 563 2804 633 quid
2846 564 3043 619 insoliti
3062 568 3552 627 annuntiatishta-

1966 657 2169 725 timque
2194 654 2405 709 divinus
2430 656 2627 710 chorus
2650 669 2741 723 per
2769 665 2955 710 sancta
3006 659 3274 729 evangelia
3321 675 3549 722 respon-

1965 744 2113 800 debit
2140 746 2233 801 tibi
2266 762 2281 801 :
2306 744 2481 802 Gloria
2510 749 2562 801 in
2591 751 2848 803 altissimis
2883 749 3008 816 Deo,
3037 763 3084 805 et
3109 754 3159 805 in
3181 764 3317 807 terra
3345 770 3466 823 pax,
3498 759 3549 807 tn

1967 839 2254 895 hominibus
2278 840 2645 911 beneplacitum
2669 842 2820 911 (Luc.
2846 844 2903 897 2.
2932 844 3041 913 I4).
3072 844 3345 901 Venerunt
3370 847 3421 901 in
3451 859 3552 902 ter-

1964 947 2079 985 ram
2108 933 2301 1003 angeli,
2329 934 2583 1004 etglorite
2609 935 2865 988 terminos
2891 950 2996 989 non
3015 938 3377 1008 praetergressi
3403 951 3548 1001 sunt;

1966 1023 2209 1080 haeretici
2237 1041 2365 1081 vero
2392 1025 2492 1081 hos
2523 1027 2819 1097 transgredi
2865 1042 2969 1082 non
3000 1028 3395 1085 dubitaverunt.
3444 1030 3549 1087 Sed

1966 1131 2092 1169 num
2120 1114 2256 1171 forte
2285 1132 2531 1187 supernae
2552 1118 2798 1185 virtutes,
2826 1134 2944 1188 quae
2971 1134 3136 1188 super
3162 1123 3378 1192 angelos
3404 1122 3551 1177 sunt?

1964 1209 2331 1278 Archangelos
2351 1210 2471 1265 dico
2498 1227 2512 1265 :
2541 1222 2666 1265 sunt
2696 1221 2872 1266 autem
2904 1212 3007 1266 illa:
3032 1222 3232 1268 natura:
3256 1215 3543 1270 distincta).

1968 1300 2239 1372 Interroga
2270 1301 2576 1368 Cherubim,
2613 1306 2815 1373 regium
2839 1304 3030 1358 solium
3061 1322 3075 1358 :
3110 1305 3206 1372 Qui
3233 1309 3372 1361 sedes
3398 1324 3551 1378 super

1965 1392 2580 1467 Clterubim,manifestare
2610 1395 2781 1467 (Psal.
2811 1395 2899 1451 79.
2926 1396 3000 1465 2).
3036 1396 3305 1469 Interroga
3346 1399 3550 1454 Cheru-

1965 1485 2093 1549 bim,
2126 1488 2370 1542 thronmn
2403 1488 2792 1559 sapphirinum,
2817 1498 2872 1545 et
2916 1490 2969 1543 in
3012 1490 3205 1545 throno
3247 1491 3547 1560 sedentem,

1964 1580 2108 1633 velut
2147 1580 2547 1637 similitudinem
2563 1582 2683 1639 Filii
2711 1584 2945 1639 hominis
2972 1584 3182 1657 (Ezeclt.
3219 1587 3305 1641 10.
3341 1587 3386 1641 1.
3418 1599 3463 1641 et
3493 1590 3548 1643 1.

1963 1672 2053 1727 26.
2086 1672 2202 1743 2i).
2238 1675 2298 1727 Et
2330 1691 2430 1729 vox
2454 1675 2587 1730 facta
2616 1685 2701 1731 est
2724 1677 3176 1744 Cherubinorum,
3205 1679 3355 1748 quasi
3383 1695 3547 1750 aqua-

1965 1778 2081 1816 rmn
2105 1764 2410 1830 multarum,
2441 1766 2679 1821 clamans
2711 1784 2726 1821 :
2755 1765 3029 1821 Benedicta
3056 1769 3219 1839 gloria
3245 1768 3452 1824 Domini
3487 1771 3549 1825 de

1964 1856 2073 1909 loco
2103 1872 2195 1909 suo
2221 1855 2380 1927 (Ibid.
2405 1858 2457 1912 3.
2483 1857 2597 1929 i2).

2036 1949 2090 2002 4.
2123 1948 2280 2003 Vides
2310 1950 2733 2005 Cherubinorum
2763 1952 3116 2008 reverentiam
3140 1952 3165 2007 ?
3186 1954 3551 2010 Pervenerunt

1962 2039 2026 2093 ad
2072 2040 2332 2110 gloriam,
2373 2053 2426 2096 et
2466 2043 2602 2096 intra
2646 2043 2930 2099 terminum
2978 2055 3293 2100 manserunt
3330 2062 3343 2098 :
3385 2044 3548 2101 Bene-

1962 2131 2099 2185 dicta
2126 2132 2287 2201 gloria
2308 2131 2532 2187 Domini.
2556 2134 2876 2203 Quomodo?
2902 2134 2980 2190 De
3006 2136 3118 2190 loco
3145 2154 3236 2192 suo
3253 2154 3273 2190 :
3298 2148 3353 2191 nt
3369 2150 3550 2193 osten—

1960 2222 2184 2280 deretur
2234 2226 2353 2293 tibi,
2380 2241 2498 2281 eam
2526 2228 2578 2281 in
2608 2227 2913 2283 caelestibus
2961 2227 3093 2284 locis
3122 2230 3465 2295 commorari,
3494 2241 3550 2286 et

1961 2314 2115 2386 longe
2142 2316 2385 2371 altiorem
2416 2333 2537 2374 esse
2565 2318 2819 2390 dignitate
2855 2319 2983 2390 ipsis
3010 2320 3312 2377 caelesdbus
3336 2336 3387 2378 et
3415 2323 3549 2378 invi-

1961 2407 2203 2463 sibilibus
2236 2407 2535 2464 virtutibus.
2563 2410 2679 2464 Non
2720 2411 3008 2481 loquuntur
3032 2414 3180 2483 quasi
3208 2428 3373 2484 prope
3401 2424 3549 2469 stan-

1960 2506 2063 2564 tes,
2093 2498 2188 2553 sed
2218 2510 2273 2554 ut
2300 2499 2456 2571 longe
2480 2517 2510 2554 a
2553 2500 2733 2555 divina
2766 2502 3020 2573 dignitate
3044 2502 3300 2561 distantes
3325 2521 3341 2560 :
3381 2503 3547 2561 Bene-

1959 2590 2095 2644 dicta
2134 2592 2301 2663 gloria
2328 2591 2534 2647 Domini
2556 2592 2620 2647 de
2642 2594 2754 2648 loco
2783 2611 2897 2649 suo.
2929 2594 3044 2650 Non
3073 2596 3216 2667 quod
3244 2596 3419 2652 locum
3445 2598 3545 2652 ha-

1958 2680 2118 2749 beat;
2159 2698 2375 2739 omnem
2404 2685 2545 2739 enim
2578 2685 2966 2742 circumscribit
3008 2686 3219 2753 locum;
3250 2688 3344 2743 sed
3373 2690 3544 2745 locmn

1960 2774 2055 2830 Dei
2082 2786 2237 2829 vocat
2264 2791 2381 2830 eam
2408 2791 2527 2847 qua:
2559 2777 2696 2831 circa
2727 2794 2849 2832 eum
2880 2787 2960 2834 est
2985 2779 3317 2850 dignitatem.
3359 2780 3546 2836 Vidisti

1957 2867 2379 2924 (lheruhinorum
2391 2868 2609 2925 vocem?
2624 2868 2891 2924 Benedicta
2906 2871 3070 2942 gloria
3089 2870 3313 2925 Domini.
3330 2871 3398 2927 Et
3415 2872 3545 2927 nihil

1958 2962 2187 3031 amplius
2221 2962 2686 3018 annuntiaverunt.
2720 2965 2938 3033 Oportet
2968 2964 3111 3019 enim
3143 2975 3194 3021 te
3212 2965 3409 3020 circum
3438 2966 3537 3021 ad-

1959 3063 2208 3120 stantem,
2240 3071 2398 3111 nosse
2422 3071 2485 3111 ea
2513 3073 2631 3127 quae
2652 3072 2681 3110 a
2716 3058 2822 3113 Deo
2855 3060 3188 3114 nuntiantur.
3219 3057 3352 3114 Nam
3385 3060 3544 3115 Sera-

1960 3146 2100 3217 pltim
2142 3148 2344 3201 stabant
2369 3148 2423 3203 in
2462 3150 2675 3203 circuitu
2719 3154 2828 3221 ejus
2858 3149 3011 3222 (Isai.
3040 3151 3093 3207 6.
3119 3152 3200 3225 2).
3228 3153 3364 3220 Quid
3414 3171 3546 3225 ergo

1957 3251 1988 3290 a
2017 3237 2164 3291 vobis
2189 3237 2494 3295 discemus?
2519 3238 2693 3295 Nolite
2724 3241 3023 3310 prohibere.
3070 3243 3264 3300 Verum
3297 3246 3381 3300 illa
3410 3262 3547 3317 quo-

1955 3344 2061 3399 que
2097 3329 2275 3385 dicent
2304 3347 2320 3387 :
2346 3330 2601 3398 Quamvis
2645 3330 2902 3403 dignitate
2943 3335 3345 3404 praeeellamns.
3397 3338 3549 3393 novi-

1956 3436 2076 3475 mus
2106 3432 2282 3477 tamen
2308 3434 2514 3477 natura:
2544 3431 2742 3478 nostra:
2768 3423 2920 3491 lines,
2944 3440 3041 3480 nec
3061 3428 3381 3497 cognitionis
3398 3406 3549 3484 men-

1956 3527 2135 3568 suram
2164 3513 2630 3585 praetergredimur
2652 3532 2667 3569 :
2691 3530 2796 3570 non
2825 3516 3035 3570 curiose
3062 3527 3360 3573 scrutamur
3378 3519 3546 3576 Crea-

1958 3614 2130 3661 torem
2148 3617 2388 3662 nostrum
2409 3647 2427 3675 ,
2448 3623 2555 3662 non
2582 3607 2922 3678 exploramus
2948 3624 3068 3664 eum
3099 3612 3189 3683 qui
3222 3628 3319 3667 nos
3343 3613 3545 3669 honore

1958 3695 2157 3751 affecit.
2200 3696 2460 3756 Novimus
2507 3698 3103 3769 incomprehensibilem
3147 3712 3389 3758 naturam
3437 3721 3544 3760 non

1957 3790 2149 3860 subjici
2195 3792 2600 3862 quaestionibus,
2628 3806 2729 3848 nec
2766 3792 3049 3847 obnoxiam
3079 3810 3199 3851 esse
3238 3798 3547 3853 ratiocinio-

1957 3897 2078 3938 rum
2105 3883 2300 3949 seriei;
2342 3892 2557 3953 superat
2602 3898 2817 3940 omnem
2858 3885 3154 3955 angelicum
3200 3897 3395 3942 statum
3423 3906 3544 3944 om-

1957 3991 2187 4047 nemque
2230 3976 2336 4031 vim
2365 3976 2632 4033 caelestem
2659 3976 2826 4047 gloria
2853 3977 2971 4047 ejus
2997 3980 3084 4050 qui
3115 3979 3386 4035 aduratur.
3422 3982 3546 4039 Ideo

1957 4076 2012 4122 et
2036 4082 2134 4122 nos
2155 4083 2261 4122 non
2290 4067 2709 4124 transcendimus
2737 4070 3011 4124 terminos.
3036 4070 3151 4126 Non
3180 4074 3547 4141 pt‘wterierunt

1957 4158 2246 4215 Cherubim
2278 4157 2391 4233 (a),
2435 4161 2529 4215 sed
2576 4176 2698 4216 cum
2742 4162 2887 4216 oumi
2938 4166 3232 4220 reverentia
3273 4169 3544 4225 cmlestem

2022 4293 2100 4365 (α)
2128 4300 2277 4365 Totus
2292 4295 2416 4365 προ
2436 4299 2670 4365 orationis
2706 4296 2936 4365 postula_t_
2955 4299 3224 4365 set-aptum,
3248 4305 3471 4365 quamvis
3492 4306 3542 4356 in

1959 4354 2064 4406 loco
2078 4354 2237 4424 Isaia},
2256 4362 2309 4407 et
2323 4355 2630 4424 Cherubinos
2644 4354 2729 4420 pro
2745 4359 3020 4424 seraphinis
3032 4354 3248 4424 posuerit
3269 4354 3546 4416 i’hilastrius

1958 4419 2141 4488 Haeresi
2166 4417 2286 4488 ult-.3.
2301 4431 2358 4488 ac
2379 4418 2606 4488 Paulinus
2642 4417 2876 4488 διδωμι-,θῇ
2897 4436 2944 4483 p.
2968 4417 3077 4483 603,
3111 4424 3318 4488 ipseque
3341 4426 3545 4488 Chryso-

1958 4481 2214 4545 stomusiu
2239 4480 2373 4545 illud.
2404 4479 2606 4545 Patenss'
2627 4479 2971 4545 possibile'e'st,
3015 4479 3141 4545 etc.,'
3168 4494 3220 4537 et
3236 4479 3548 4541 'Cherubinos

1958 4542 2234 4610 seraphinis
2250 4544 2422 4610 jungat
2444 4542 2731 4610 Epiphanius
2752 4542 2979 4610 Ancorati
3000 4542 3204 4610 θερέω,
3229 4548 3305 4608 26,
3333 4564 3441 4600 cum
3463 4562 3546 4601 se-

1959 4579 3546 4668 νὲἰοῖἑιιόὀῖ-ΞῖἓἨθέῇἶὲἅῖἵέθὲιῖῖόιῖὲῗεΐ’ἰξώὶέδᾶ-ῗὸἽὶέιέτέΞῖ

1961 4674 2183 4738 extrema
2206 4674 2257 4738 et
2280 4666 2560 4738 penult’una,
2589 4669 2867 4738 pariterque
2890 4666 3094 4738 hymnus
3113 4670 3420 4738 Cherubieus
3446 4689 3537 4738 ap-

1996 4726 2132 4791 ellari
2157 4726 2330 4785 soleat,
2349 4731 2432 4791 qui
2458 4726 2744 4791 seraphicus
2768 4726 2860 4781 est.
2880 4726 3007 4781 sicut
3029 4732 3133 4783 vice
3152 4747 3293 4784 versa
3311 4737 3361 4787 in
3390 4726 3545 4786 locum

2034 4791 2348 4857 erubinorum
2368 4788 2517 4857 Egerii
2541 4788 2594 4839 et
2615 4788 2890 4857 Paralipom.
2914 4795 3160 4857 serapltini
3185 4798 3547 4847 substituuntur

1960 4851 2218 4914 Actiones
2235 4852 2402 4914 synodi
2422 4852 2529 4909 VII,
2552 4865 2645 4901 seu
2678 4853 2729 4901 in
2750 4851 3074 4914 disputatione
3116 4855 3212 4906 illic
3256 4860 3439 4914 prolata
3462 4868 3546 4909 Ju-

1962 4867 2165 4901 ACUODB
2188 4867 2218 4899 ἱ)
2235 4867 2402 4914 syuout
2429 4867 2529 4909 vu,
2552 4867 2645 4901 seu
2678 4867 2729 4901 tn
2750 4867 2823 4901 uis
2858 4867 3074 4904 utattoue
3116 4867 3212 4906 Illic
3289 4867 3439 4909 rotata
3462 4868 3546 4909 Ju-

1962 4912 2127 4983 daaiet
2146 4912 2407 4983 libristiani
2429 4915 2539 4983 (ubi
2558 4920 2721 4983 tamen
2905 4922 3021 4983 Reg.
3066 4918 3201 4983 1026,
3236 4871 3403 4980 266,
3428 4921 3547 4983 (jlte-

1962 4973 2122 5024 rubim
2146 4976 2309 5032 habet,
2338 4980 2393 5024 ut
2424 4973 2474 5025 et
2495 4973 2621 5024 alter
2654 4973 3001 5037 interpretum)
3039 4987 3091 5029 et
3125 4973 3199 5029 ab
3224 4973 3409 5030 Andrea
3432 4981 3548 5033 Cre-

1963 5036 2091 5086 tensi
2111 5037 2338 5101 pratione
2364 5038 2396 5085 5
2419 5036 2828 5101 in_dormitionein
2852 5036 3070 5101 Deiparze
3092 5054 3107 5091 :
3128 5054 3317 5092 necnon
3343 5044 3549 5093 thronus

1962 5097 2248 5163 Seraphicus
2280 5098 2427 5163 instar
2450 5097 2710 5151 Cherubici
2733 5099 2782 5163 in
2807 5097 2980 5163 eodem
3005 5103 3187 5163 Andrea
3210 5102 3394 5163 legitur
3414 5112 3546 5155 Orat.

1962 5160 2023 5226 ιιι
2033 5158 2198 5226 ramos
2229 5158 2514 5224 palmet-nti),
2550 5169 2699 5224 atque
2730 5161 2782 5211 in
2816 5162 3109 5226 Theophane
3140 5158 3378 5216 Cerameo
3410 5175 3545 5216 nom.

1961 5220 2040 5293 55,
2066 5231 2125 5293 ac
2139 5220 2342 5293 sane“
2363 5232 2385 5273 ι
2404 5236 2494 5280 ως
2525 5239 2578 5293 3s
2595 5220 2927 5293 gutum.
2953 5220 3138 5288 Ξιιρωςιιι
3158 5240 3223 5293 καὶ.
3240 5240 3424 5293 ξιειηιμ,
3455 5228 3547 5293 hoc

1963 5290 2060 5353 est,
2086 5282 2367 5353 υἱέα-μέμ
2382 5282 2534 5346 Moysi
2550 5282 2568 5335 ἑ
2585 5289 2684 5353 _Fac
2699 5282 2954 5336 cherubim
2973 5282 3031 5353 ei
3057 5282 3498 5353 seraphirit.:épist.
3521 5290 3545 5340 1

1961 5346 2181 5411 Gregorii
2194 5344 2250 5411 11
2271 5346 2331 5395 ad
2352 5344 2563 5411 Leonem
2583 5349 2818 5411 lanarum.
2844 5348 3045 5411 Accedit
3082 5349 3198 5407 huc,
3219 5349 3346 5411 quod
3384 5344 3549 5402 notavi

1961 5404 2022 5475 a‘d
2042 5404 2461 5475 QnstiL‘Apost”
2493 5406 2759 5475 Cherubin}
2800 5414 2857 5475 et
2872 5408 3133 5475 _Ser_aphim
3161 5404 3387 5475 coniundi
3420 5413 3549 5475 apud

1964 5466 2693 5534 Cyrillumliierosolymitanum
2724 5466 3342 5534 thechesi'mystagogim
3373 5475 3424 5534 5,
3451 5466 3549 5523 ’συί

1962 5527 2092 5601 nime
2112 5529 2261 5601 addas
2281 5527 2545 5601 velim't'um
2568 5527 3315 5601 cognominenralexandr'inum
3333 5527 3422 5583 libi
3442 5535 3550 5601 9pc;

1964 5589 2026 5641 10
2040 5590 2416 5653 de_Aduratione
2458 5591 2503 5640 in
2540 5589 2708 5653 spiritu
2742 5598 2797 5639 et
2818 5592 3162 5653 veritatetubi
3197 5597 3343 5644 etiam
3366 5597 3550 5646 nomini

1963 5651 2210 5715 Seraphim
2233 5654 2314 5703 dat
2335 5650 2787 5715 interpretationem
2808 5654 3016 5715 nominis
3034 5650 3311 5713 Cherublm,
3333 5670 3443 5706 cum
3465 5672 3549 5708 re-

1964 5713 2092 5763 ctius
2111 5713 2557 5778 interpretetur—ad
2594 5713 2734 5778 Isaia
2752 5721 2897 5776 caput
2917 5714 2966 5773 6,
2991 5718 3043 5764 et
3066 5717 3124 5766 ad
3156 5721 3349 5768 Joannis
3372 5719 3452 5777 I2,
3470 5721 3550 5778 At,

1966 5781 2066 5841 tum
2093 5776 2783 5841 narrationesAde_invientione
2821 5781 2866 5824 S.
2907 5778 3080 5841 crucis,
3113 5780 3240 5841 apud
3274 5776 3553 5828 Gretseruni

1970 5850 2016 5884 c.
2046 5837 2183 5895 1697,
2210 5839 2348 5902 I706,
2374 5838 2513 5900 I707,
2544 5838 2677 5900 17H,
2702 5844 2803 5886 tum
2836 5837 3384 5892 Anastasiuut'Sinaitam
3412 5842 3469 5889 I2
3507 5844 3553 5889 in
