4074 6308
516 293 622 348 H9

510 417 658 472 illum
679 413 929 483 hymnum
950 407 1323 463 modulantur:
1356 405 1596 466 Sanctus,
1618 412 1839 468 sanctus,
1872 413 2096 470 sanctus,

510 483 1035 568 Dominus-Sabaoth,
1055 502 1204 570 plena
1221 509 1290 553 est
1311 499 1472 552 omnis
1488 506 1620 550 terra
1637 496 1796 565 gloria
1812 495 1924 566 ejus
1944 494 2099 566 (Isai.

511 602 564 655 6.
599 601 678 667 '5).
705 597 822 652 Non
870 594 1070 665 pudore
1121 601 1175 646 te
1204 590 1367 644 allicit
1404 588 1600 643 Paulus
1642 595 1696 642 et
1735 585 1966 658 Moyses,
2010 587 2099 656 qui

509 692 730 764 gloriam
759 704 864 743 non
895 683 1253 756 praetergressi
1279 680 1442 736 sunt?
1472 679 1678 734 Pudore
1696 686 1748 733 te
1775 677 1975 732 afﬁciet
1994 693 2100 732 cae-

510 787 644 845 lum,
664 781 887 852 gloriam
908 790 1186 832 enarrans.
1213 774 1321 828 Sed
1341 788 1437 827 nec
1463 771 1746 842 persuadet
1766 771 1856 825 libi
1875 771 2102 826 caelum?

511 875 776 930 Pudorem
809 871 1040 926 infcrent
1069 868 1262 937 angeli.
1286 868 1356 920 At
1379 865 1599 936 angelos
1627 864 1895 935 despicis?
1923 865 2099 919 Reve-

510 981 629 1020 rere
666 963 1018 1019 Cherubiuos.
1069 959 1264 1013 Verum
1315 957 1436 1012 illos
1476 957 1637 1011 etiam
1670 955 1923 1010 audacter
1965 972 2101 1026 prae-

511 1053 865 1125 tergrederis?
893 1052 968 1106 Te
1010 1048 1287 1117 Seraphim
1319 1063 1384 1102 eo
1415 1047 1671 1101 reducant
1699 1055 1756 1100 ut
1793 1047 1988 1116 sapias.
2033 1047 2106 1100 At

514 1163 614 1201 nec
638 1146 944 1201 caelestibus
966 1158 1064 1196 uec
1094 1141 1322 1195 terrenis
1347 1139 1685 1194 documentis
1713 1153 1914 1193 morem
1936 1138 2102 1208 geris?

514 1241 680 1294 Extra
722 1253 930 1290 sacrum
958 1235 1177 1288 chorum
1214 1247 1390 1296 mane,
1425 1239 1616 1300 sponte
1642 1230 1826 1284 exsula
1855 1245 1886 1284 a
1911 1230 2105 1285 divinis

515 1331 686 1384 atriis.
739 1329 852 1381 Non
885 1336 1036 1396 potes
1065 1326 1208 1380 enim
1241 1325 1404 1378 Deum
1434 1323 1646 1376 curiose
1671 1322 1916 1381 scrutari,
1944 1332 1998 1376 et
2027 1322 2106 1375 in-

517 1433 597 1474 ter
624 1421 806 1474 lideles
837 1418 1125 1472 numerari.
1152 1414 1353 1484 Ecquid
1380 1414 1447 1468 de
1479 1414 1587 1468 Deo
1612 1413 1765 1467 dico?
1791 1413 1972 1467 Nescis
1995 1413 2104 1466 for-

517 1510 826 1566 midandum
861 1524 982 1563 esse
1021 1507 1110 1562 Dei
1154 1517 1398 1560 naturam
1427 1505 1678 1559 audacter
1702 1504 1962 1559 scrutari?
1993 1505 2107 1559 lmo

518 1622 586 1658 ne
617 1605 728 1673 ipsa
750 1601 961 1672 quidem
980 1615 1140 1669 opera
1166 1600 1254 1652 Dei
1273 1598 1317 1652 si
1336 1597 1565 1651 volueris
1581 1597 1879 1651 accuratius
1900 1597 2103 1661 rimari,

519 1695 734 1764 dignum
766 1703 814 1746 te
841 1691 1045 1761 putabit
1089 1690 1228 1743 Deus
1271 1687 1628 1742 familiaritate
1665 1703 1781 1752 sua,
1809 1687 1905 1740 sed
1949 1687 2107 1756 longe

523 1786 765 1854 repellet,
801 1795 854 1836 ut
880 1783 968 1852 qui
998 1781 1344 1851 impossibilia
1372 1779 1716 1849 aggredieris.
1749 1778 1957 1848 Moyses
1987 1779 2108 1832 talis

522 1890 804 1947 tantusque
833 1877 932 1940 vir,
965 1884 1041 1928 tot
1082 1874 1456 1928 miraculorum
1502 1883 1753 1942 patrator,
1782 1875 1873 1942 qui
1901 1873 2106 1928 media-

524 1987 607 2028 tor
635 1974 730 2028 Dei
758 1983 811 2027 et
851 1972 1124 2026 hominum
1171 1970 1287 2034 fuit,
1316 1971 1399 2024 cui
1439 1983 1584 2022 mare
1626 1968 1859 2022 divisum
1887 1978 1989 2034 est,
2019 1968 2108 2038 qui

521 2082 711 2120 manna
740 2064 806 2119 de
834 2064 978 2118 Caelis
1022 2062 1278 2116 deduxit:
1309 2061 1393 2115 hic
1422 2060 1505 2114 ubi
1537 2075 1697 2114 unum
1727 2075 1792 2113 ex
1824 2059 1913 2113 Dei
1946 2059 2111 2129 jussis

521 2173 682 2212 ausus
701 2167 784 2211 est
811 2157 1036 2209 lnnnana
1063 2157 1267 2208 ratione
1305 2152 1502 2218 metiri,
1533 2167 1631 2210 nec
1661 2151 1853 2205 divinae
1883 2164 2108 2205 conces-

525 2253 594 2304 sit
625 2249 890 2318 potentia},
925 2245 1306 2301 inexorabilem
1346 2259 1554 2313 poenam
1597 2243 1837 2296 incurrit.
1873 2242 1940 2297 Ut
1966 2242 2109 2297 enim

526 2341 764 2411 pervenit
791 2338 856 2393 ad
899 2348 1124 2408 petram,
1167 2335 1301 2389 dixit
1330 2334 1395 2387 ad
1423 2335 1673 2403 populum
1705 2352 1718 2386 :
1745 2333 1946 2402 Popule
1986 2333 2114 2386 dure

522 2442 567 2484 et
595 2430 863 2491 incredule,
891 2445 1013 2482 num
1039 2428 1100 2480 de
1129 2437 1270 2496 petra
1297 2425 1390 2477 hac
1420 2436 1591 2495 potero
1621 2424 1756 2478 vobis
1779 2425 1902 2478 dare
1929 2441 2112 2493 aquam

526 2524 712 2590 (Nam.
743 2523 834 2577 20.
865 2523 981 2592 10)?
1002 2521 1068 2575 Et
1110 2519 1233 2589 quid
1280 2520 1351 2572 illi
1395 2519 1538 2572 Deus
1572 2536 1584 2571 :
1619 2516 1726 2571 Pro
1755 2534 1812 2571 eo
1835 2517 1970 2588 quod
2012 2535 2112 2572 non

523 2616 819 2687 glori/icasti
850 2630 927 2666 me
959 2629 1128 2666 coram
1153 2627 1431 2682 synagoga,
1469 2627 1567 2662 non
1606 2610 1902 2679 ingredieris
1927 2612 1979 2662 in
2006 2618 2110 2662 ter-

524 2725 653 2772 ram,
679 2723 831 2778 quam
859 2706 1030 2776 juravi
1053 2703 1212 2772 (Ibid.
1240 2719 1288 2755 v.
1322 2701 1433 2772 12).
1463 2700 1558 2754 llic
1583 2700 1708 2754 mihi
1735 2710 1965 2755 mentem
1993 2700 2113 2754 dili-

529 2808 714 2870 genter
754 2797 967 2851 adhibe.
1015 2793 1120 2848 Pro
1144 2811 1199 2846 eo
1225 2795 1361 2860 quod
1391 2809 1489 2845 non
1528 2791 1825 2862 gloriﬁcasti
1851 2808 1947 2846 me.
1976 2790 2112 2859 Quid

527 2904 644 2948 erat
672 2889 1006 2962 gloriﬁcare?
1050 2889 1256 2951 Dicere,
1288 2886 1478 2940 Omnia
1508 2893 1683 2953 penest
1711 2885 1869 2939 Deus.
1911 2884 2112 2940 Pecca-

528 2971 638 3038 tum
661 2984 802 3036 enim
833 2990 916 3034 est
942 2988 1125 3034 contra
1152 2979 1322 3033 Deum
1355 2977 1646 3030 rationibus
1668 2987 1814 3046 gesta
1842 2977 1958 3046 ejus
1989 2992 2115 3031 exa-

529 3079 754 3141 minare,
780 3092 877 3129 nec
901 3074 1094 3128 divinae
1126 3071 1303 3127 virtuti
1336 3073 1662 3140 permittere,
1680 3087 1799 3140 qua:
1819 3086 1980 3141 super
1999 3086 2115 3124 om-

530 3171 616 3223 nia
665 3177 915 3238 operatur
951 3181 1069 3235 quae
1115 3179 1208 3218 sua
1255 3172 1398 3218 sunt.
1458 3162 1830 3216 Defensionem
1887 3163 2115 3217 instituit

529 3261 694 3316 David
727 3275 821 3330 pro
843 3260 1022 3329 Moyse
1049 3257 1220 3327 lapso,
1249 3272 1354 3310 non
1391 3263 1589 3318 mente,
1621 3254 1716 3308 sed
1744 3255 1917 3325 lingua
1941 3253 2112 3326 (Psal.

532 3353 658 3407 105.
687 3351 800 3422 55).
823 3350 953 3404 Nam
973 3349 1239 3418 justorum
1257 3347 1446 3401 delicta
1479 3348 1531 3400 iu
1563 3347 1736 3418 lingua
1756 3355 1900 3413 sunt,
1921 3346 2115 3417 impio—

530 3463 646 3502 rum
664 3446 885 3500 crimina
908 3445 958 3496 iu
979 3452 1176 3496 mente.
1195 3443 1271 3495 Ac
1284 3441 1419 3495 sicut
1437 3440 1631 3510 impius
1651 3449 1830 3495 mente
1851 3441 2062 3510 quidem
2084 3455 2114 3493 a

532 3540 640 3593 Deo
683 3536 997 3606 sejungitur,
1027 3534 1340 3602 videturque
1384 3541 1563 3586 tamen
1605 3531 1814 3586 ratione
1854 3532 2114 3586 labiorum

531 3632 856 3700 aliquantum
881 3627 946 3680 ad
976 3641 1098 3680 eum
1121 3624 1409 3688 accedere;
1449 3638 1569 3676 nam
1600 3621 1835 3693 Papulas
1863 3623 1944 3675 hic
1971 3623 2117 3677 labiis

531 3741 609 3777 me
634 3727 867 3782 honorat,
888 3737 974 3773 cor
999 3730 1163 3772 autent
1181 3719 1288 3787 ejus
1311 3718 1458 3787 longe
1477 3725 1548 3769 est
1569 3732 1598 3768 a
1617 3733 1693 3769 me
1717 3714 1867 3787 (Isai.
1885 3716 1954 3771 29
1968 3757 1981 3769 .
2001 3716 2113 3788 l5):

531 3816 608 3867 sic
633 3823 685 3867 et
715 3814 830 3882 pius
863 3812 1016 3864 ﬁrmo
1045 3808 1207 3864 corde
1230 3807 1501 3876 praeditus,
1523 3822 1665 3876 saepe
1693 3807 1870 3876 lingua
1901 3807 2114 3861 labitur.

535 3905 657 3959 Ideo
709 3903 871 3958 David
913 3903 1106 3972 Moysis
1145 3901 1510 3955 defensionem
1557 3900 1811 3968 suscipit,
1858 3898 2116 3969 propheta

535 3997 848 4068 prephctatn
897 4003 1083 4064 purgat
1125 4013 1138 4048 :
1187 3993 1250 4046 Et
1297 3994 1620 4046 im'taverunt
1665 4010 1778 4045 eum
1816 3994 1884 4045 ad
1932 4010 2116 4065 aquam

535 4090 961 4152 contradictionis,
987 4099 1030 4141 et
1057 4098 1258 4141 vexatus
1285 4096 1353 4140 est
1377 4086 1578 4155 Moyses
1609 4095 1813 4156 propter
1840 4103 1922 4140 eos
1945 4086 2115 4158 (Psal.

535 4184 658 4240 103.
690 4181 802 4251 52);
828 4195 930 4233 nou
961 4189 1172 4249 propter
1198 4193 1274 4232 se.
1309 4177 1443 4243 Quid
1470 4187 1647 4230 autem
1674 4178 1772 4231 sibi
1811 4178 1923 4231 vult
1961 4179 2114 4244 illud,

538 4277 756 4344 Propter
788 4273 912 4328 eos?
940 4271 1052 4325 Non
1095 4287 1162 4325 ex
1208 4270 1421 4339 pr0prio
1458 4269 1638 4321 animo
1689 4269 2116 4324 incredulitatem

535 4368 793 4431 exhibuit,
826 4365 918 4420 sed
957 4363 1300 4419 conturbatus
1342 4379 1408 4417 ex
1447 4362 1868 4418 contradictione
1915 4364 2116 4433 populi,

539 4477 644 4515 non
667 4459 891 4528 amplius
914 4466 1145 4512 mentem
1171 4455 1353 4508 habuit
1379 4469 1565 4526 puram
1592 4495 1604 4519 ,
1631 4463 1812 4525 utpote
1834 4456 2120 4510 conturba-

538 4645 910 4695 Itexaemeron;
967 4642 1068 4683 tum
1107 4635 1321 4697 denique
1353 4635 1653 4683 Theodorum
1687 4637 2028 4697 Prodromum,
2070 4639 2120 4685 in

539 4702 716 4750 eodem
737 4704 963 4763 Gretsero
983 4712 1027 4746 c.
1052 4697 1192 4745 2569.
1217 4698 1525 4763 Quodautem
1546 4697 1634 4746 hoc
1655 4701 1700 4746 iu
1721 4699 1823 4763 loco
1837 4700 2120 4763 Chrysosto-

539 4777 648 4811 mus
669 4759 959 4820 Serapliiuos
982 4768 1126 4820 ponat
1146 4772 1289 4820 supra
1307 4760 1625 4817 Cherubinos,
1645 4762 1871 4809 oratione
1889 4759 2007 4809 vero
2025 4769 2120 4808 ter-

540 4830 605 4876 tia
627 4825 691 4872 de
719 4821 1194 4883 lucomprchensibili
1221 4831 1386 4869 contra
1420 4820 1576 4876 faciat,
1606 4836 1750 4883 quam
1773 4823 2012 4870 rationem
2035 4822 2120 4871 da-

541 4885 733 4936 bimus?
764 4882 954 4932 Scilicet
981 4885 1028 4930 in
1052 4895 1108 4930 re
1131 4883 1383 4930 arbitraria
1407 4891 1458 4931 et
1499 4882 1698 4939 incerta,
1745 4885 1994 4932 variationi
2018 4886 2123 4944 opi-

539 4947 888 5016 nio_uis_locutn
927 4958 1056 5016 esse.
1096 4951 1238 5016 Porro
1271 4947 1789 5016 exyratioueﬁicetae
1815 4945 2126 5016 Paphlagonis

541 5014 592 5060 in
617 5010 808 5060 laudem
832 5006 1164 5054 Bartholomaei
1182 5005 1398 5065 apostoli,
1427 5007 1675 5054 novissimi
1700 5005 1899 5054 auctarii
1919 5005 2126 5056 Combe-

541 5075 691 5123 lisiani
719 5087 766 5134 p.
811 5070 924 5134 597,
947 5069 1056 5134 598,
1079 5069 1173 5134 _ubi
1212 5069 1407 5134 ordines
1427 5070 1644 5134 angelici
1668 5069 1902 5134 gradatim
1926 5082 2126 5118 enume-

545 5129 731 5191 rantur,
749 5132 990 5181 excidisse
1015 5129 1371 5191 videnturvitio
1394 5129 1913 5191 antiquarii,'virtutes;
1939 5139 1991 5181 et
2011 5141 2126 5180 ora-

542 5200 678 5246 tione
698 5188 746 5245 iu
769 5195 993 5242 'I‘homam
1017 5207 1066 5254 p.
1087 5191 1196 5249 570,
1217 5188 1406 5254 throni;
1427 5188 1832 5251 queniadmodum
1869 5191 2023 5253 liquet
2041 5207 2129 5254 per

541 5256 845 5308 consimilem
868 5253 1289 5302 enumerationem
1306 5253 1478 5300 Nicetae
1500 5261 1627 5301 Orat.
1654 5255 1702 5300 in
1727 5261 1920 5301 Petrum
1939 5262 1990 5304 et
2015 5253 2131 5303 Pa“-

544 5321 642 5368 Eum
671 5334 718 5381 p.
741 5317 852 5375 534,
878 5326 930 5365 ct
948 5323 1078 5364 orat.
1098 5317 1149 5381 in
1169 5313 1338 5381 sudant
1352 5313 1637 5361 'rbaddaeum
1659 5328 1705 5376 p.
1731 5314 2130 5381 4gt._Consulere

545 5376 701 5444 adhuc
726 5387 866 5444 potes
888 5376 1166 5444 Notagada

546 5455 645 5498 que
665 5437 1060 5498 Sflrenteurnlib
1077 5472 1090 5484 .
1119 5437 1166 5495 Ι,
1193 5452 1294 5496 cap.
1322 5437 1364 5495 1,
1391 5452 1436 5497 p.
1461 5437 1537 5494 :ll,
1567 5445 1619 5487 et
1643 5453 1688 5485 tu
1710 5439 1970 5498 Epiphanio
1992 5437 2123 5490 liter.

548 5497 597 5548 ςι
612 5540 624 5560 ,
651 5517 699 5549 ιι.
719 5503 795 5560 17,
825 5516 868 5560 p.
892 5500 1000 5558 184,
1021 5497 1076 5555 C,
1093 5498 1152 5547 D.
1172 5499 1241 5547 Ac
1257 5499 1452 5560 demum
1469 5506 1524 5544 ad
1545 5500 1635 5560 ista
1659 5499 1898 5560 l’hilustrii
1915 5511 2018 5559 cap.
2035 5512 2123 5560 ρο-

546 5556 749 5623 stremo,
776 5556 904 5613 Nam
929 5556 1184 5610 Clierubim
1216 5559 1462 5623 plenitudo
1483 5559 1694 5609 scientiae
1715 5559 1913 5619 dicitur,
1950 5556 1994 5610 et
2020 5556 2125 5610 vir-

549 5630 625 5671 tus
645 5620 784 5686 ignea
818 5636 1083 5686 peragrans
1119 5620 1410 5686 appellatur,
1454 5634 1533 5686 tn_e
1557 5623 1689 5680 vide;
1725 5625 1956 5686 audacter
1993 5624 2126 5686 enim

550 5682 746 5794 itp‘pgso,
769 5682 1091 5747 et'Seraphim
1127 5682 1277 5736 virtus
1313 5684 1454 5748 ignea
1475 5683 1685 5746 ﬂagrans
1706 5685 1991 5747 appellatur.
2031 5683 2125 5734 Co-

2014 288 2283 346 INCERTI

1170 5374 1508 5437 postolicorutn
1534 5374 1689 5436 Opera
1706 5389 1749 5424 c.
1769 5377 1877 5436 512,
1904 5380 2132 5437 insuper-

3699 294 3804 350 420

2207 415 2337 460 tam.
2369 403 2494 458 llaec
2538 402 2787 472 loquutus
2827 417 2946 457 sum
2974 401 3042 456 ab
3074 400 3287 457 ofﬁcina
3331 402 3630 472 iniquitatis
3677 419 3801 475 pro-

2207 496 2336 550 lata.
2361 495 2459 552 Ubi
2509 495 2705 549 audisti
2748 495 2987 566 genitum
3016 504 3070 549 et
3095 495 3422 563 ingenitum?
3467 495 3557 550 ubi
3605 497 3798 553 audisti

2207 603 2374 642 novas
2406 587 2546 652 illas,
2585 589 2800 642 insanas
2839 588 3110 657 fastusque
3143 588 3324 658 plenas
3347 589 3651 644 dictiones?
3679 588 3796 644 Cir-

2206 680 2526 749 cumscripta
2562 687 2686 732 sunt
2735 678 2846 742 illa,
2877 694 2996 748 quae
3040 679 3272 749 Spiritus
3313 689 3458 745 sunt,
3486 689 3544 734 et
3585 680 3800 735 inducta

2205 771 2438 827 vicissim
2469 789 2529 825 ea
2561 787 2681 842 qua:
2710 780 2836 826 sunt
2863 772 3078 826 diaboli.
3112 771 3166 826 Si
3191 773 3305 826 haec
3329 775 3546 842 quaeris,
3575 771 3798 828 Paulum

2207 881 2373 936 quare
2410 865 2501 919 tibi
2533 865 2774 920 vindicas
2817 865 3131 920 doctorem?
3158 865 3204 918 si
3235 864 3350 920 haec
3374 866 3586 920 curiose
3617 867 3802 936 explo-

2209 971 2317 1020 ras,
2343 957 2558 1012 Petrum
2583 966 2634 1010 te
2659 956 2856 1012 habere
2883 957 3008 1025 quid
3034 956 3317 1026 gloriaris?
3347 957 3531 1011 Fidem
3554 973 3713 1026 nega,
3746 967 3800 1012 et

2209 1046 2392 1117 profer
2435 1047 2805 1116 quaestionem.
2839 1046 2946 1102 Sed
2970 1062 2999 1100 a
3020 1046 3317 1116 Scriptura,
3359 1049 3548 1117 inquit,
3579 1063 3688 1102 nou
3719 1064 3802 1103 re-

2208 1139 2342 1194 cedo
2365 1180 2382 1206 ,
2409 1139 2568 1194 absit.
2616 1138 2863 1194 Inimicus
2890 1148 2944 1193 et
3059 1137 3135 1210 (a)
3162 1140 3453 1210 discipulus
3496 1151 3554 1196 et
3583 1141 3802 1196 ratioci-

2211 1232 2421 1284 niorum
2461 1231 2747 1300 magister?
2787 1230 3006 1300 Explica
3040 1232 3168 1285 mihi
3197 1232 3287 1300 qui
3314 1231 3590 1286 ratiocinia
3631 1241 3804 1287 secta-

2210 1324 2318 1386 ris,
2363 1323 2634 1392 quomodo
2670 1323 2916 1378 Christus
2950 1323 3129 1392 januis
3157 1323 3354 1378 clausis
3395 1327 3673 1394 ingressus
3713 1325 3799 1380 sit.

2209 1415 2347 1483 Quid
2367 1431 2504 1484 opus
2527 1425 2611 1470 est
2637 1415 2742 1470 alia
2773 1417 3037 1471 tractare?
3076 1416 3208 1470 Nam
3236 1431 3382 1486 saepe
3407 1425 3463 1472 et
3489 1416 3801 1472 dicentibus

2210 1519 2265 1565 et
2287 1509 2622 1566 audientibus
2651 1508 2978 1565 detrimento
3003 1518 3146 1564 sunt.
3174 1509 3291 1565 Non
3313 1510 3433 1565 dico
3471 1509 3589 1576 tibi,
3619 1510 3798 1564 invisi-

2213 1603 2373 1658 bilem
2403 1612 2647 1658 naturam
2688 1618 2898 1674 expone
2931 1622 2943 1658 :
2973 1603 3241 1674 quomodo
3261 1604 3450 1673 genuit
3475 1603 3658 1667 Pater,
3685 1605 3802 1673 quis

2211 1695 2402 1749 divina:
2419 1696 2780 1766 generationis
2802 1695 3026 1761 modus;
3049 1696 3462 1765 dispensationis
3484 1695 3560 1766 (ὸ)
3584 1697 3800 1750 modum

2212 1790 2448 1858 requiro.

2284 1881 2338 1935 5.
2377 1880 2471 1935 Dic
2492 1880 2758 1950 quomodo
2775 1879 2954 1950 januis
2980 1880 3176 1935 clausis
3205 1881 3475 1950 ingressus
3507 1880 3577 1935 sit
3605 1881 3800 1936 Serva-

2213 1982 2318 2037 tor,
2342 1972 2612 2043 quomodo
2641 1973 2943 2044 ingressum
2964 1973 3122 2029 fuerit
3147 1988 3342 2043 corpus
3371 1971 3663 2044 (Joanﬁt).
3683 1974 3792 2044 26).

2213 2064 2380 2134 Negat
2410 2075 2596 2119 natura
2621 2066 2864 2136 corporis
2883 2074 2898 2088 '
2915 2069 2963 2089 “
2989 2067 3286 2136 evangelia.
3310 2065 3364 2122 Si
3397 2067 3555 2122 ﬁdem
3586 2081 3800 2136 sequar,

2213 2157 2415 2210 veritas
2459 2164 2541 2211 est
2581 2157 2901 2210 certissima.
2929 2156 3210 2223 Quomodo
3255 2158 3433 2227 januis
3478 2159 3677 2213 clausis
3720 2161 3791 2214 iii-

2214 2262 2430 2317 gressus
2457 2247 2580 2302 est?
2620 2248 2735 2302 Non
2777 2257 2894 2303 erat
2921 2250 3061 2303 enim
3089 2250 3400 2320 incorporea
3440 2261 3654 2316 natura,
3687 2268 3802 2321 qua:

2215 2353 2442 2407 corpora
2473 2341 2650 2394 omnia
2695 2351 2974 2409 penetrat;
3026 2341 3122 2396 sed
3173 2349 3436 2397 eratcum
3485 2345 3802 2414 incorporea

2216 2445 2450 2501 corpus;
2511 2432 2670 2501 idque
2719 2443 2838 2487 erat
2884 2433 3212 2502 incorporeae
3265 2443 3471 2489 naturae
3521 2449 3800 2505 organum.

2216 2522 2330 2577 l‘loc
2357 2523 2554 2594 quippe
2585 2539 2779 2593 corpus
2805 2524 3098 2579 humanum
3137 2525 3390 2581 Servatur
3418 2526 3624 2582 habuit.
3649 2527 3805 2584 Certe

2216 2615 2460 2685 discipuli
2483 2616 2546 2669 ad
2577 2632 2775 2670 novum
2806 2617 3119 2673 miraculum
3141 2619 3508 2691 respicientes,
3531 2621 3807 2676 existima-

2217 2720 2340 2762 runt
2368 2710 2614 2778 spiritum
2644 2725 2784 2775 esse,
2826 2712 2949 2780 quia
3000 2711 3132 2767 illud
3159 2723 3400 2768 naturam
3430 2715 3676 2784 corporis
3720 2732 3808 2771 su-

2219 2800 2459 2870 perabat.
2482 2803 2567 2824 “'
2595 2800 2963 2859 dubitantibus
2988 2805 3062 2859 ait
3089 2823 3101 2858 :
3137 2805 3356 2875 Palpate
3388 2824 3486 2874 nte,
3531 2818 3580 2862 et
3620 2809 3803 2875 videte,

2216 2893 2338 2964 quia
2363 2893 2573 2962 spiritus
2599 2910 2824 2960 carnem,
2844 2905 2889 2949 et
2918 2912 3034 2950 ossa
3060 2913 3158 2950 non
3182 2897 3351 2966 habet,
3379 2899 3506 2952 sicut
3531 2916 3613 2953 me
3631 2902 3807 2954 videtis

2218 2986 2400 3041 habere
2434 2985 2584 3059 (Luc.
2613 2987 2703 3043 24.
2746 2987 2859 3060 39).
2895 2987 3180 3056 Quomodo
3209 2990 3479 3060 ingressus
3516 2992 3641 3046 est?
3682 3009 3806 3047 num

2218 3095 2428 3135 asseres
2457 3081 2622 3135 instar
2645 3082 2787 3136 aeris
2815 3082 2973 3136 soluti
3005 3083 3171 3138 sunt?
3215 3099 3281 3137 an
3310 3081 3449 3138 forte
3487 3099 3688 3154 corpus
3713 3101 3806 3141 ex-

2221 3184 2496 3229 tenuatum
2525 3183 2627 3238 est,
2659 3176 2844 3246 sicque
2875 3177 3168 3246 permeavit
3198 3177 3325 3246 ligni
3354 3177 3808 3233 crassitudinem?

2222 3268 2291 3322 At
2311 3283 2482 3338 neque
2509 3277 2568 3322 tu
2587 3268 2768 3324 dicere
2795 3279 2970 3339 potes,
2990 3284 3162 3339 neque
3182 3285 3282 3340 ego
3303 3271 3591 3340 explanare
3617 3271 3804 3326 valeo:

2221 3362 2354 3416 nihil
2375 3362 2565 3416 horum
2589 3362 2718 3418 mihi
2752 3362 3027 3431 Scriptura
3055 3362 3291 3429 tradidit,
3318 3378 3432 3418 rem
3461 3378 3565 3418 non
3593 3365 3808 3418 curiose

2222 3455 2500 3525 perquiro:
2533 3469 2596 3510 ea
2620 3471 2740 3526 quae
2765 3455 3080 3524 praedicavit
3101 3469 3321 3524 sequor,
3347 3455 3560 3510 etiamsi
3586 3456 3806 3510 nollem.

2222 3549 2526 3620 lugressum
2553 3564 2677 3605 esse
2702 3549 2866 3605 credo
2891 3569 2904 3605 :
2928 3548 3196 3618 quomodo
3217 3557 3394 3604 autem
3425 3563 3534 3603 non
3561 3550 3804 3618 exploro.

2221 3642 2298 3696 Ne
2343 3645 2532 3711 putes'
2551 3645 2603 3665 ”
2647 3641 2842 3695 clausis
2869 3641 3046 3710 januis
3073 3641 3342 3710 ingressus
3369 3648 3472 3694 est.
3503 3639 3621 3696 Non
3653 3640 3804 3705 dixit,

2221 3732 2503 3788 Rarefacta
2535 3741 2628 3786 aut
2672 3732 2843 3786 soluta
2879 3732 3042 3802 janua
3069 3732 3341 3801 ingressus
3368 3741 3469 3796 est,
3497 3731 3593 3786 sed
3623 3730 3806 3786 Januis

2221 3826 2427 3880 clausis.
2471 3824 2623 3892 Quod
2662 3823 2859 3880 factum
2904 3835 2986 3878 est
3011 3825 3282 3888 narravit;
3328 3824 3447 3894 quis
3495 3824 3574 3878 rei
3616 3824 3806 3878 modus

2223 3920 2384 3974 fuerit
2427 3933 2532 3973 nou
2578 3917 2890 3974 declaravit.
2920 3916 3062 3971 Exiit
3107 3917 3297 3971 Petrus
3342 3931 3373 3970 e
3413 3930 3666 3980 carcere;
3715 3913 3806 3969 sed

2223 4021 2419 4080 apertae
2463 4018 2587 4064 sunt
2625 4010 2675 4063 ei
2721 4009 2931 4079 jannae,
2977 4008 3137 4077 idque
3175 4007 3445 4077 Scriptura
3490 4005 3805 4076 signiﬁcavit

2223 4105 2306 4159 his
2334 4104 2547 4158 verbis:
2582 4102 2742 4155 Porta
2769 4104 2934 4171 ferrea
2959 4098 3095 4154 ultro
3129 4108 3304 4169 aperta
3326 4107 3401 4153 est
3437 4098 3508 4152 eis
3549 4097 3686 4166 (Act.
3721 4096 3802 4151 12.

2225 4197 2336 4268 10).
2367 4196 2482 4251 Non
2509 4193 2666 4259 dixit,
2696 4192 2849 4249 Ultro
2879 4191 3113 4261 suscepit
3143 4191 3360 4246 Petrum
3403 4199 3805 4244 transeuntem:

2226 4287 2513 4342 humanum
2545 4286 2742 4356 quippe
2785 4299 2981 4354 corpus
3006 4290 3143 4346 erat,
3173 4289 3228 4336 et
3253 4297 3319 4337 ex
3350 4281 3582 4335 humana
3613 4295 3804 4335 massa.

2224 4381 2430 4449 Corpus
2459 4390 2589 4432 vero
2625 4377 2823 4431 Christi
2857 4376 3146 4429 humanum
3191 4372 3410 4443 quidem
3439 4382 3578 4440 erat,
3605 4373 3678 4427 ob
3715 4387 3808 4428 co-

2224 4473 2528 4542 gnationem
2579 4485 2740 4540 quam
2785 4468 3060 4523 nobiscum
3103 4466 3304 4532 habet;
3350 4466 3592 4522 divinum
3635 4474 3810 4523 autem

2225 4564 2297 4619 ob
2325 4563 2579 4618 unionem
2603 4560 2797 4624 Verbo,
2831 4568 2885 4614 et
2912 4559 2982 4612 ob
3026 4557 3392 4612 admirabilem
3426 4556 3656 4628 Virginis
3687 4573 3810 4627 par-

2229 4666 2338 4709 tum
2360 4657 2454 4724 (ε).
2485 4652 2765 4722 Quomodo
2799 4651 2976 4721 januis
3000 4649 3195 4704 clausis
3227 4650 3498 4718 ingressus
3527 4650 3648 4704 est?
3679 4665 3811 4721 quo-

2228 4749 2388 4804 modo
2415 4748 2560 4802 caelis
2587 4747 2781 4801 clausis
2802 4743 3080 4799 ascendit?
3107 4743 3150 4797 Ο
3180 4742 3537 4798 temeritatem
3569 4742 3694 4796 talia
3721 4758 3810 4796 au-

2292 4883 2365 4944 (a)
2400 4883 2482 4931 Hic
2521 4889 2573 4944 et
2596 4882 2751 4932 tribus
2775 4881 2821 4929 in
2849 4879 2964 4944 locis
3000 4879 3339 4944 sequentibus,
3359 4879 3442 4944 qui
3466 4879 3714 4944 asteriscis
3732 4893 3814 4944 nog

2229 4940 2410 5054 tantml',
2431 4943 2714 4994 testiﬁcatur
2738 4941 3010 4995 (btelerius
3025 4940 3294 4990 desiderari
3326 4941 3544 5004 quinque
3575 4940 3736 4992 lineas
3755 4942 3814 4992 ad

2230 5022 2368 5054 sanan
2392 5020 2462 5054 os.

2273 5020 2462 5055 ιιιιυιοε.

2230 5022 2491 5139 “nationi:
2505 5066 2927 5139 dispensationem
2953 5066 3121 5139 (Graec.
3146 5063 3369 5137 cantilena)
3401 5061 3650 5139 intelligas
3670 5066 3815 5114 inme-

2233 5125 2480 5181 nationem
2502 5125 2693 5186 Christi,
2718 5143 2811 5177 seu
2826 5125 2986 5190 potius
3021 5125 3376 5190 totamrseriem
3415 5125 3666 5190 natalium,
3704 5142 3817 5189 ope~

2235 5206 2361 5264 rum,
2389 5191 2629 5300 etgiqus
2651 5187 2846 5250 Christi,
2871 5204 2982 5253 qua:
3007 5191 3057 5238 in
3100 5189 3490 5249 redemptionem
3513 5187 3711 5237 humani
3733 5187 3818 5252 ge-

2235 5267 2370 5300 neris
2390 5267 2448 5300 ce
2485 5267 2546 5300 nn
2575 5287 2587 5298 .

2234 5257 2370 5302 ueris
2390 5257 2587 5301 cedunt.

2299 5319 2368 5376 (ε)
2401 5323 2543 5364 Juxta
2581 5315 2708 5363 hunc
2749 5313 2906 5376 locum
2941 5313 3118 5374 corrigi
3151 5311 3297 5361 velim
3334 5312 3596 5376 ltusticum,
3631 5311 3821 5376 quando

2237 5371 2372 5425 notat
2394 5378 2452 5440 ad
2476 5377 2712 5440 Synodum
2735 5371 3182 5440 ChalcedoneuSem
3207 5386 3220 5422 :
3253 5371 3418 5440 Melior
3434 5371 3820 5440 interpretation

2237 5452 2292 5487 eo
2315 5432 2592 5504 quod/itus
2621 5439 2826 5504 {’erbum
2865 5436 3191 5504 incarnatione
3219 5441 3279 5504 ret
3315 5432 3822 5504 inltionanatusositet

2240 5496 2542 5567 conceptione
2565 5499 2766 5567 univerit
2808 5498 3068 5567 templum;
3094 5500 3158 5567 ita
3181 5503 3249 5567 ut.
3277 5497 3536 5567 scribatur,
3561 5496 3731 5567 melior
3750 5496 3822 5544 in-

2241 5557 2520 5624 terpretatio
2537 5561 2614 5621 sit,
2633 5575 2688 5610 eo
2702 5563 2828 5619 quod
2855 5557 2982 5624 Deus
3007 5557 3217 5624 Verbum
3231 5558 3510 5624 incarnatus
3532 5564 3579 5607 et
3602 5557 3822 5624 inhuma-

2242 5618 2380 5672 nalus
2415 5623 2498 5682 sit,
2522 5630 2566 5672 et
2600 5618 2664 5672 ea:
2701 5618 3003 5683 conceptione
3033 5619 3234 5670 univeril
3265 5618 3510 5683 templum.
3536 5626 3680 5683 Tum:
3701 5620 3722 5667 1
3744 5632 3823 5668 re-

2245 5689 2402 5797 (italis
2432 5679 2774 5748 praiclamaqne
2807 5679 3116 5736 collectioni:
3146 5679 3404 5734 Baltuiaaa:
3435 5680 3530 5732 col.
3564 5679 3706 5731 loco.
3743 5690 3824 5730 co-

2251 5757 2292 5796 ,ι’
2341 5760 2376 5797 r.

2247 5751 2376 5799 lt‘lcr.
