4044 6306
237 399 338 454 ιω

217 513 374 584 ἡμεῖς
396 511 495 582 οὐχ
522 511 921 583 ὑπερϐαίνομεν
956 515 1078 577 τούς
1109 516 1284 586 ὅρους.
1308 516 1419 587 Οὐχ
1450 514 1690 587 ὑπερέϐη
1720 513 1789 567 τὰ

217 610 516 681 Χερουϐὶμ,
545 609 680 663 ἀλλὰ
712 610 850 680 μετὰ
885 611 1066 682 πάσης
1097 612 1379 675 εὐλαϐείας
1413 611 1505 665 τὸν
1542 611 1793 681 οὐράνιον

217 708 419 760 ἐκεῖνον
450 708 616 777 ὕμνον
643 707 947 778 ἀναμέλπει
972 729 985 742 ο
1011 710 1224 779 Ἄγιος,
1247 709 1431 778 ἅγιος,
1457 709 1644 777 ἅγιος,
1675 706 1720 759 Κ
1726 710 1792 761 ύ-

208 822 341 873 ριος
364 803 518 876 [425]
552 803 816 868 Σαϐαὼθ,
844 805 1081 874 πλήρης
1112 804 1280 861 πᾶσα
1304 808 1342 874 ή
1368 805 1442 876 γῆ
1472 804 1582 875 τῆς
1609 806 1795 872 δόξης

218 901 424 955 αὐτοῦ.
471 903 546 954 Οὐ
578 901 818 955 δυσωπεῖ
856 919 916 954 σε
956 901 1168 967 Παῦλος
1205 904 1301 956 καὶ
1343 904 1604 972 Μωῦσῆς,
1636 901 1794 968 δόξαν

220 1001 294 1071 μὴ
331 1001 788 1072 ὐπερϐαίνοντες;
822 1001 1142 1069 Δυσωπήσει
1185 1018 1244 1054 σε
1287 1003 1316 1054 6
1357 1001 1603 1072 οὐρανὸς,
1636 999 1794 1066 δόξαν

218 1097 596 1166 ἀπαγγέλλων.
633 1095 774 1150 Ἀλλ’
801 1097 861 1148 οὐ
889 1096 1063 1150 πείθει
1095 1114 1154 1149 σε
1183 1097 1211 1149 6
1237 1098 1463 1168 οὐρανός
1487 1113 1501 1160 ;
1534 1097 1794 1166 Δυσωηιήο

220 1211 401 1248 σουσιν
434 1195 673 1263 ἄγγελοι.
721 1193 860 1247 Ἀλλ’
901 1194 1146 1262 ἀγγέλων
1193 1197 1587 1264 καταφρονεῑςς
1619 1193 1793 1264 Φοϐή-

220 1300 340 1372 θητι
377 1303 446 1355 τὰ
485 1302 783 1371 Χερουϐίμ.
822 1301 981 1355 Ἀλλά
1027 1302 1319 1356 καὶταῦτα
1353 1303 1699 1373 ὐπερϐαίνεις
1725 1304 1792 1373 τῇ

218 1402 422 1474 τόλμης
449 1404 836 1473 Σωφρονιζέτω
857 1420 916 1456 σε
937 1403 1004 1456 τά
1030 1403 1297 1474 Σεραφίμ.
1329 1404 1466 1457 Ἀλλ’
1486 1401 1608 1457 οὔτε
1637 1405 1796 1476 ὑπερ-

220 1503 480 1572 κοσμίοις,
511 1501 635 1556 οὔτε
665 1501 1056 1573 ὑποδείγμασιν
1084 1505 1346 1572 ἐπιγείοις
1375 1504 1568 1578 πείθῃς
1611 1504 1798 1568 Ἐκτὸς

217 1602 374 1670 γενοῦ
414 1602 522 1655 τῶν
555 1601 713 1673 ίερῶν
746 1603 942 1674 χορῶν,
981 1601 1220 1674 ἐξόρισον
1254 1604 1476 1658 σεαυτὸν
1501 1605 1608 1658 τῶν
1639 1605 1796 1658 θείων

219 1703 416 1757 αὐλῶν.
439 1703 514 1755 υύ
533 1703 662 1775 δύνῃ
685 1705 794 1775 γάρ
817 1703 947 1757 Θεὸν
974 1705 1466 1776 πολυπραγμονεῖν,
1490 1707 1584 1760 καὶ
1608 1708 1665 1760 ἐν
1683 1710 1796 1770 τοῖς

219 1805 429 1867 πιστοῖς
464 1803 831 1874 ἀριθμεῖσθαι.
881 1805 991 1858 Καὶ⁸
1035 1803 1089 1857 τί
1128 1804 1270 1874 λέγω
1306 1807 1434 1876 περί
1470 1806 1640 1873 Θεοῦ;
1683 1807 1797 1860 Οὐκ

219 1899 381 1969 οἶδας,
417 1906 498 1958 ὃτι
528 1905 754 1976 φοϐερὸν
793 1905 853 1958 τὸ
899 1905 1242 1977 κατατολμᾷν
1278 1908 1372 1962 καὶ
1402 1909 1626 1979 ἐρευνᾷν
1662 1906 1795 1961 Θεοῦ

217 2004 417 2074 φύσινς
450 2005 582 2058 Οὐδὲ
623 2006 762 2060 αὐτὰ
795 2006 863 2061 τά
892 2007 1029 2078 ἔργα
1055 2007 1150 2062 τοῦ
1179 2007 1314 2061 Θεοῦ
1347 2006 1412 2062 ἂν
1445 2007 1603 2079 θέλῃς
1630 2009 1796 2063 πολυ-

216 2111 625 2180 πραγμονῆσαι,
667 2109 816 2177 ἄξιόν
854 2127 915 2162 σε
963 2113 992 2164 6
1027 2110 1160 2174 Θεὸς
1198 2113 1414 2182 ἡγεῖται
1455 2111 1554 2182 τῆς
1599 2112 1794 2165 ἑαυτοῦ

213 2208 567 2278 οίκειότητος,
589 2208 704 2263 ἀλλ’
731 2210 985 2264 ἐκϐάλλει
1017 2213 1256 2282 μακράν.
1284 2211 1360 2274 ὡς
1381 2211 1490 2264 τῶν
1522 2212 1798 2266 ἀδυνάτων

214 2309 666 2380 κατατολμῶντα.
712 2312 956 2382 Μωῦσῆς
996 2313 1026 2366 6
1070 2312 1314 2376 τοιοῦτος
1360 2314 1455 2366 καὶ
1485 2314 1799 2384 τηλικοῦτος

219 2405 380 2479 ἀνὴρ,
400 2407 434 2460 6
457 2405 564 2460 τῶν
588 2407 855 2462 τοσούτων
876 2408 1164 2479 θαυμάτων
1190 2410 1448 2481 ἐργάτης,
1463 2412 1492 2463 6
1513 2412 1799 2481 γενόμενος

225 2508 459 2578 μεσίτης
489 2508 625 2561 Θεοῦ
655 2509 750 2562 καὶ
769 2508 1090 2580 ἀνθρώπων,
1123 2504 1168 2578 ᾧ
1199 2509 1420 2582 διῃρέθη
1451 2510 1711 2573 θάλασσα,
1741 2511 1799 2574 ὃς

208 2612 271 2666 τὸ
305 2614 491 2684 μάννα
522 2613 581 2680 ἐξ
615 2615 860 2685 οὐρανῶν
885 2617 1194 2686 ἐπήγαγεν·
1227 2610 1401 2681 οὗτος,
1437 2619 1502 2670 ἵν’
1528 2618 1586 2671 ἐν
1609 2636 1663 2671 τι
1691 2619 1798 2672 τῶν

210 2709 317 2764 ὑπὸ
363 2710 506 2764 Θεοῦ
549 2712 945 2766 κελευσθέντων
976 2713 1251 2784 τολμήσας
1287 2713 1608 2788 ἀνθρωπίνῳ
1651 2717 1799 2786 λογιο

208 2811 332 2883 σμῷ
359 2812 658 2884 μετρῆσαι,
678 2815 771 2866 καὶ
805 2814 878 2886 μὴ
901 2817 965 2885 τῇ
992 2815 1110 2887 θείᾳ
1133 2815 1357 2886 δυνάμει
1380 2821 1796 2890 παραχωρῆσαι,

205 2913 594 2984 ἀπαραίτητον
636 2913 791 2984 ἔσχεν
828 2916 924 2987 τὴν
964 2916 1140 2988 δίκην.
1173 2916 1259 2982 Ὠς
1300 2919 1408 2990 γάρ
1441 2919 1669 2990 ἔφθασεν
1707 2923 1800 2974 ἐπὶ

199 3015 304 3085 τὴν
333 3016 572 3086 πέτραν,
596 3017 739 3086 λέγει
765 3019 896 3090 πρὸς
931 3018 1021 3072 τὸν
1053 3019 1209 3073 λαόν·
1245 3015 1313 3072 Ὦ
1353 3020 1502 3086 λαὸς
1533 3019 1800 3088 σκληρὸς

203 3115 305 3169 καί
333 3117 618 3186 ἀπειθὴς.
641 3118 724 3188 μὴ
751 3120 819 3172 ἐκ
846 3119 956 3188 τῆς
981 3120 1200 3190 πέτρας
1221 3122 1443 3188 ταύτης
1462 3119 1800 3192 δυνήσομαι

198 3218 353 3288 ὑμῖν
415 3218 638 3274 δοῦναι
689 3221 881 3289 ὕδωρ;
930 3223 1038 3275 Καὶ
1089 3222 1142 3275 τί
1189 3222 1326 3292 πρὸς
1367 3222 1525 3275 αὐτὸν
1568 3225 1597 3276 ὁ
1636 3223 1796 3289 Θεός;

211 3321 366 3377 Ἀνθ⁹
401 3318 498 3377 ὧν
535 3325 648 3378 οὐκ
674 3323 973 3392 ἐδόξασάς
998 3341 1076 3394 με
1105 3325 1358 3378 ἐνώπιον
1386 3324 1495 3393 τῆς
1526 3341 1799 3397 συναγω-

193 3424 347 3495 γῆς,
398 3429 524 3482 οὐκ
585 3428 908 3496 είσελεύσῃ
962 3430 1052 3494 είς
1080 3427 1194 3496 τὴν
1244 3427 1400 3498 γῆν,
1457 3427 1532 3497 ἣν
1574 3430 1800 3499 ὤμοσα.

207 3536 492 3592 Ἐνταῦθά
536 3553 632 3608 μοι
664 3537 897 3607 πρόσεχε
939 3536 1030 3591 τὸν
1059 3535 1183 3590 νοῦν
1225 3537 1496 3610 ἀκριϐῶς·
1545 3539 1688 3594 Ἆνθ’
1715 3533 1802 3593 ὧν

192 3644 310 3698 οὐκ
337 3641 667 3708 ἐδόξασάς
699 3660 796 3712 με.
827 3642 892 3696 Τί
912 3644 1020 3714 γὰρ
1043 3638 1111 3712 ἦν
1131 3642 1192 3696 τὸ
1216 3643 1466 3710 δοξάσαις
1492 3643 1564 3696 Τὸ
1594 3645 1766 3698 εἰπεῖν
1783 3661 1798 3676 ο

189 3744 394 3800 Πάντα
422 3743 668 3799 δύναται
705 3745 733 3796 6
760 3742 912 3808 Θεός.
941 3744 1212 3816 Ἀμαρτία
1249 3744 1354 3814 γάρ
1388 3745 1534 3798 ἐστιν
1557 3746 1636 3809 είς
1669 3746 1801 3799 Θεὸν

187 3845 251 3899 τὸ
278 3845 595 3916 λογισμοῖς
623 3843 893 3910 ἐξετάζειν
926 3845 992 3897 τά
1039 3845 1168 3912 παρ’
1203 3843 1367 3896 αὐτοῦ
1393 3845 1670 3915 γινόμενα,
1709 3849 1803 3900 καὶ

187 3947 385 4023 μὴ’τῇ
447 3949 588 4020 θείᾳ.
634 3946 860 4018 δυνάμει
913 3949 1292 4018 παραχωρεῖν,
1327 3947 1467 4019 ὑπὲρ
1519 3951 1695 4004 πάντα
1733 3952 1802 4006 τά

185 4052 395 4124 ἑαυτῆς
437 4046 828 4122 ἐργαζομένη.
869 4047 1239 4114 Ἀπολογεῖται
1271 4046 1434 4101 Δαυῒδ
1466 4049 1606 4118 ὑπὲρ
1641 4052 1804 4106 Mur?)-

182 4150 328 4216 σέως
354 4149 706 4222 σφαλέντος,
747 4147 809 4199 οὐ
837 4147 1065 4218 διανοίᾳ,
1104 4147 1240 4201 ἀλλὰ
1265 4146 1500 4221 γλώττῃ.
1538 4150 1660 4202 Τῶν
1691 4150 1800 4220 γὰρ

180 4250 419 4305 δικαίων
452 4247 856 4320 ἁμαρτήματα
891 4247 1021 4318 περ).
1052 4248 1119 4300 τά
1159 4245 1312 4318 χείλη
1330 4265 1343 4277 ’
1373 4247 1479 4302 τῶν
1505 4248 1562 4302 δὲ
1590 4250 1802 4304 ἀσεϐῶν

177 4353 248 4408 τά
275 4354 628 4425 ἀδικήματα
655 4350 786 4420 περὶ
813 4349 912 4420 τὴν
935 4349 1187 4406 διάνοιαν.
1206 4351 1316 4404 Καὶ
1333 4349 1521 4422 ῶσπερ
1549 4353 1576 4404 6
1599 4353 1804 4422 ἀσεϐὴς

176 4453 632 4525 ἀπεσχοίνισται
665 4450 765 4521 μὲν
800 4452 868 4521 τῇ
902 4449 1129 4520 διανοίᾳ,
1151 4442 1296 4503 δοκεῖ
1329 4449 1388 4503 δέ
1429 4467 1547 4512 πως
1571 4450 1802 4520 πλησιά-

175 4560 294 4630 ζειν
310 4563 399 4635 τῷ
427 4561 570 4632 Θεῷ
592 4576 668 4612 πε
679 4558 732 4629 pl
756 4558 826 4611 τά
849 4557 996 4627 χείλη
1016 4572 1030 4587 ·
1071 4557 1125 4609 Ὁ
1161 4560 1309 4624 λαὸς
1342 4556 1452 4627 γὰρ
1481 4552 1657 4623 οὗτος
1679 4557 1803 4624 τοῖς

175 4669 426 4738 χείλεσι
449 4683 539 4738 με
567 4661 740 4734 τιμᾷ,
767 4663 804 4731 ἠ
833 4661 901 4715 δὲ
931 4661 1142 4729 καρδία
1166 4661 1350 4716 αὐτοῦ
1379 4662 1574 4729 τιιῷρω
1595 4661 1804 4732 ἀπέχει

173 4776 278 4831 ἀπ’
317 4773 522 4846 ἐμοῦο
584 4769 772 4832 οὕτως
821 4769 851 4820 6
892 4766 1122 4836 εὐσεϐὴς
1165 4767 1481 4839 ἐρρωμένην
1520 4767 1658 4837 ἔχων
1704 4768 1802 4839 τὴν

173 4881 440 4954 καρδίαν,
471 4873 794 4932 όλισθαίνει
829 4872 1088 4936 πολλάκις
1118 4875 1244 4943 περὶ
1274 4873 1373 4942 τὴν
1403 4873 1672 4941 γλῶσσαν.
1705 4873 1802 4926 Διά

171 4983 338 5038 τοῦτο
365 4985 397 5038 6
422 4979 615 5038 Δαυτό
645 4975 997 5044 ἀπολογεῖται
1028 4975 1165 5044 ὑπὲρ
1187 4972 1484 5037 Μωῦσέως,
1521 4976 1802 5046 προφήτης

173 5089 320 5162 ὑπὲρ
345 5089 666 5161 προφήτου
688 5099 702 5112 °
732 5082 840 5136 Καί
864 5079 1244 5150 παρὼργισαν
1273 5078 1458 5132 αὐτὸν
1477 5080 1568 5148 ἐφ’
1585 5079 1803 5148 ὕδατος

170 5197 573 5266 ἀντιλογίας.
614 5186 729 5243 καί
757 5185 1022 5253 ἐκακώθη
1057 5183 1318 5251 Μωῠσῆς
1347 5182 1421 5238 δι’
1451 5187 1672 5252 αὐτούς
1695 5201 1708 5214 ·
1739 5190 1801 5240 οὐ

169 5301 240 5356 δι’
263 5300 502 5358 ἑαυτόν.
533 5296 614 5350 Τί
645 5290 712 5345 δέ
737 5291 852 5344 ἐστι
892 5289 971 5352 τὸ,
1005 5290 1086 5343 Δι’
1123 5289 1381 5355 αὐτούς;
1414 5291 1487 5343 Οὐ
1528 5293 1677 5362 παρὰ
1703 5293 1802 5362 τὴν

175 5407 318 5462 ἰδίαν
359 5404 618 5474 γνώμην
655 5395 766 5466 τὴν
809 5393 1066 5449 ἀπιστίαν
1107 5393 1304 5460 ἔδειξεν
1328 5436 1342 5458 ,
1381 5392 1518 5448 ἀλλά
1551 5395 1803 5461 θολωθε“ις

172 5515 282 5572 ὑπὸ
315 5515 424 5586 τῆς
465 5500 816 5570 ἀντιλογίας
842 5500 936 5554 τοῦ
975 5499 1104 5554 λαοῦ
1125 5541 1140 5565 ,
1171 5484 1353 5554 οὐκέτι
1385 5493 1509 5572 εὗρε
1543 5500 1632 5553 τὸν
1659 5500 1802 5569 λογι-

173 5622 313 5691 σμὸν
345 5613 641 5688 καθαρὸν,
703 5605 786 5668 ὡς
815 5607 872 5658 ὲν
922 5602 1198 5676 συγχύσει.
1233 5603 1418 5660 Ταῦτα
1460 5604 1696 5676 ἐλάλησα
1734 5607 1799 5660 τὰ

171 5727 281 5784 {mh
299 5724 400 5783 τοῦ
435 5709 841 5795 ἐργαστηρίου
870 5709 965 5781 τῆς
989 5711 1197 5776 ἀδικίας
1227 5713 1661 5783 προσφερόμενα.
1690 5711 1799 5764 Ποῦ

173 5835 422 5906 ἤκουσας
457 5825 793 5896 ἀγέννητον
822 5816 912 5868 καὶ
939 5815 1188 5885 γεννητόν
1214 5830 1230 5881 ;
1265 5813 1364 5868 ποῦ
1389 5816 1623 5886 ἡκούσας
1656 5815 1799 5868 ἐκεί-

517 5933 824 5992 ΡΑτιιοι..
866 5916 984 5977 Gn.
1036 5912 1184 5973 LVI.

1197 399 1262 454 IN
1301 400 1526 465 ILLUD,
1563 395 1805 465 INQL'A
1845 394 2276 461 POTESTATE‘,
2306 392 2457 450 ETC.

3358 391 3463 446 ιεο

1892 530 1988 576 νας
2002 513 2100 583 τῆς
2121 511 2462 583 πολυμανοῦς
2487 511 2578 565 καὶ
2601 505 3070 577 πολυφαντάστους
3091 503 3461 575 διαλέκτουςη

1895 618 2244 688 Περιεγράφη
2270 618 2339 671 τά
2359 615 2453 670 τοῦ
2476 615 2616 670 Πνεύ
2625 631 2813 684 ματος,
2833 614 2928 667 καὶ
2955 612 3280 684 ἀντεισήχθη
3307 611 3460 684 [426]

1893 723 1960 776 τὰ
1985 721 2078 776 τοῦ
2102 721 2370 778 διαϐόλου.
2402 722 2465 774 Εἰ
2495 718 2669 774 ταῦτα
2695 718 2897 789 ζητεῖς,
2924 718 3131 773 Παῦλον
3156 718 3244 772 διὰ
3267 719 3318 772 τί
3345 721 3468 772 ἐπι-

1892 826 2126 897 γράφεις
2159 827 2506 894 διδάσκαλον;
2538 827 2600 879 Εί
2628 823 2804 880 ταῦτα
2835 825 3328 895 πολυπραγμονεῖς,
3357 824 3464 877 Πέ-

1892 949 2020 1003 τρον
2047 931 2101 985 τί
2154 931 2406 1002 σεμνύνει
2451 930 2627 1000 ἐχειν;
2668 932 2935 1001 ’Δρνησαι
2975 929 3072 1001 τὴν
3111 929 3328 996 πίστιν,
3371 931 3466 984 καὶ

1893 1040 2225 1111 προσένεγκε
2258 1039 2505 1109 ζήτησιν.
2553 1037 2690 1090 Ἀλλ’
2720 1037 2819 1091 οὐκ
2861 1038 3148 1110 ἀναχωρῶ,
3179 1040 3332 1108 φησὶ,
3365 1039 3466 1108 τῆς

1895 1143 2148 1214 Γραφῆς,
2206 1143 2280 1216 μὴ
2309 1143 2537 1212 γένοιτο,
2589 1142 2809 1214 Ἐχθρὸς
2850 1144 2943 1197 καὶ
3086 1144 3332 1216 μαθητὴς
3375 1145 3468 1197 καὶ

1893 1247 2167 1319 λογισμῶν
2195 1249 2488 1319 εἰσηγητής
2510 1266 2524 1314 ;
2548 1247 2916 1318 Ἑρμήνευσόν
2948 1265 3040 1318 μοι
3076 1247 3319 1319 λογισμῴ
3347 1249 3467 1302 δου-

1893 1353 2107 1416 λεύσας,
2145 1353 2261 1416 πῶς
2291 1355 2321 1406 ὁ
2362 1354 2552 1424 Σωτὴρ
2578 1351 2974 1422 κεκλεισμένων
2997 1352 3104 1405 τῶν
3138 1353 3314 1423 θυρῶν
3351 1355 3467 1407 εἰσ-

1895 1463 2057 1533 ῆλθες
2089 1463 2184 1526 Τίς
2208 1463 2367 1534 χρεία
2395 1463 2523 1534 περὶ
2551 1462 2618 1516 τὰ
2646 1461 2780 1516 ἄλλα
2799 1462 3173 1533 ἀσχολεῖσθαι;
3207 1462 3467 1525 πολλάκις

1895 1569 2003 1640 γάρ
2023 1568 2224 1640 ζημίαν
2258 1569 2350 1622 καὶ
2373 1569 2484 1631 τοῖς
2511 1568 2725 1636 λέγουσι
2744 1569 2838 1622 καὶ
2867 1571 2975 1632 τοῖς
3001 1567 3255 1624 ἀκούουσι
3288 1569 3464 1640 φέρει.

1897 1675 1970 1729 Οὐ
1993 1675 2154 1744 λέγω·
2179 1674 2312 1744 Περὶ
2335 1675 2432 1744 τῆς
2461 1674 2692 1744 ἀοράτου
2720 1674 2932 1743 φύσεως
2954 1674 3315 1745 ἐρμήνευσον·
3348 1674 3468 1739 πῶς

1897 1783 2186 1852 ἐγέννησεν
2210 1783 2238 1835 6
2264 1781 2483 1852 Πατὴρ,
2521 1782 2605 1844 τίς
2632 1783 2660 1834 6
2695 1782 2796 1851 τῆς
2823 1782 2971 1845 θείας
3012 1783 3317 1854 γεννήσεως
3343 1783 3466 1854 τρόι

1897 1904 1998 1951 πος
2017 1904 2031 1919 ·
2058 1886 2121 1940 τὸ
2147 1887 2248 1957 τῆς
2276 1887 2589 1958 οἰκονομίας
2617 1887 2854 1942 ἀπαιτῶ.

1967 2045 2027 2093 ε’.
2062 2036 2219 2100 Είπέ,
2242 2037 2357 2102 πῶς
2386 2036 2566 2106 θυρῶν
2595 2035 2994 2107 κεκλεισμένων
3028 2033 3271 2107 εἰσῆλθεν
3297 2038 3326 2090 6
3353 2034 3466 2088 Σω-

1895 2145 2017 2216 τὴρ,
2049 2145 2164 2210 πῶς
2193 2143 2408 2215 εἰσῆλθε
2435 2143 2496 2196 τὸ
2539 2141 2720 2214 σῶμα.
2769 2142 2834 2195 Ἦ
2883 2141 2976 2196 τοῦ
3012 2141 3260 2212 σώματος
3304 2140 3464 2212 φύσις

1897 2253 2140 2323 ἀρνεῖται
2271 2248 2340 2302 τά
2371 2248 2693 2316 Εὐαγγέλια.
2750 2246 2873 2301 Ἐὰν
2907 2249 2976 2318 τῇ
3018 2247 3194 2301 πίστει
3242 2248 3466 2302 ἀκολουο

1899 2358 2068 2430 θήσω,
2098 2357 2334 2434 ἀψευδὴς
2377 2356 2410 2427 ἡ
2451 2357 2698 2426 ἀλήθεια.
2731 2357 2854 2421 Πῶς
2897 2354 3110 2427 εἰσῆλθε
3148 2355 3466 2426 κεκλεισμέ-

1897 2479 2003 2516 νων
2034 2463 2141 2517 τῶν
2179 2464 2392 2535 θυρῶν;
2437 2463 2511 2517 Οὐ
2551 2464 2659 2534 γὰρ
2693 2457 2762 2532 ἦν
2809 2463 2842 2531 ἡ
2882 2459 3170 2530 ἀσώματος
3209 2458 3389 2529 φύσις,
3428 2458 3464 2529 ἢ

1898 2570 2115 2624 πάντων
2158 2571 2228 2624 τά
2273 2569 2501 2641 σώματα
2555 2569 2857 2639 τέμνουσα·
2910 2567 3024 2622 ἀλλ’
3059 2560 3127 2637 ἦν
3186 2566 3322 2637 μετά
3367 2566 3466 2637 τῆς

1898 2675 2188 2744 ἀσωμάτου
2236 2675 2297 2728 τὸ
2345 2675 2540 2748 σῶμαο
2576 2675 2668 2729 καί
2714 2672 2871 2727 τοῦτο
2920 2668 2988 2743 ἦν
3024 2672 3123 2741 τῆς
3175 2670 3466 2740 ἀσωμάτου

1899 2780 2111 2850 φύσεως
2141 2783 2388 2854 ὄργανον.
2416 2781 2585 2835 Τοῦτο
2610 2781 2717 2851 γάρ
2741 2777 2854 2851 εἶχε
2886 2779 2947 2832 τὸ
2973 2780 3130 2849 σῶμα
3166 2777 3224 2832 τὸ
3260 2776 3469 2848 ἀνθρώ-

1901 2909 2050 2944 πινον
2079 2893 2106 2944 6
2135 2891 2343 2962 Σωτήρ.
2377 2889 2591 2960 ’Δμέλει
2621 2888 2751 2958 γοῦν
2777 2888 2826 2940 οί
2857 2888 2952 2957 μὲν
2983 2885 3220 2958 μαθηταὶ
3252 2884 3386 2955 πρὸς
3407 2883 3470 2936 τὸ

1901 2995 2050 3059 ξένον
2100 2995 2192 3048 τοῦ
2237 2994 2514 3064 θαύματος
2566 2993 2996 3057 ἀποϐλέποντες,
3041 2992 3294 3061 ἐνόμισαν
3340 2987 3467 3060 [ὅτι]

1900 3101 2118 3172 πνεῦμά
2150 3102 2296 3154 ἐστιν
2314 3117 2325 3129 ·
2353 3101 2540 3170 ἐπειδὴ
2567 3101 2664 3170 τὴν
2684 3099 2777 3152 τοῦ
2799 3097 3045 3169 σώματος
3057 3095 3216 3166 φύσιν
3241 3094 3390 3150 ἐνίκα
3405 3094 3471 3148 τὸ

1901 3206 2276 3278 προκείμενον.
2318 3205 2375 3258 Ὀ
2400 3206 2457 3226 ³⁸⁸
2494 3221 2604 3275 μει,
2640 3203 2786 3272 λέγει
2817 3203 2953 3272 πρὸς
2991 3201 3467 3273 ἀμφιϐάλλονταςο

1909 3309 2311 3379 Ψηλαφήσατέ
2337 3326 2432 3378 με,
2463 3309 2562 3362 καί
2579 3307 2861 3374 βλέπετε,
2897 3307 2987 3361 ὅτι
3013 3305 3246 3374 πνεῦμα
3276 3305 3471 3374 σάρκα

1901 3417 1997 3469 καί
2025 3416 2207 3470 ὀστέα
2245 3417 2357 3470 οὐκ
2385 3417 2529 3486 ἔχει,
2571 3414 2765 3480 καθὼς
2795 3413 2900 3483 ἐμὲ
2945 3411 3206 3480 θεωρεῖτε
3231 3410 3466 3479 ἔχοντα.

1903 3519 2029 3583 Πῶς
2056 3520 2332 3590 είσῆλθεν;
2377 3516 2484 3592 ἆρα
2510 3519 2567 3572 αἱ
2613 3517 2820 3581 σανίδες
2849 3516 3004 3588 δίκην
3038 3515 3196 3586 ἀέρος
3223 3513 3468 3578 διελύθη-

1904 3643 2038 3688 σαν;
2068 3626 2183 3678 ἀλλ’
2213 3621 2322 3696 ἀρα
2345 3625 2406 3677 τὸ
2431 3623 2588 3694 σῶμα
2621 3621 2938 3692 ἐλεπτύνθη,
2969 3621 3062 3674 καὶ
3095 3619 3264 3682 οὕτως
3289 3618 3469 3690 διῆλθε

1902 3737 2002 3808 τὴν
2031 3734 2124 3788 τοῦ
2153 3733 2310 3801 ξύλου
2352 3735 2666 3804 παχύτητας
2703 3731 2842 3783 Ἀλλ’
2863 3730 2985 3784 οὔτε
3023 3733 3086 3784 σύ
3117 3730 3249 3800 δύνῃ
3275 3730 3468 3790 εἰπεῖν,

1902 3841 2024 3894 οὗτε
2057 3840 2167 3910 ἐγὼ
2195 3841 2526 3912 ἑρμηνεῦσαι
2552 3837 2748 3909 ἰσχύωο
2783 3838 2936 3891 οὐδέν
2973 3855 3064 3908 μοι
3097 3837 3302 3889 τούτων
3332 3853 3471 3906 παρ·

1903 3953 2101 4006 έδωκεν
2139 3953 2173 4023 ἡ
2213 3953 2402 4022 Γραφῆ
2426 3967 2440 3981 ⁸
2482 3952 2543 4004 οὗ
2582 3948 3051 4020 πολυπραγμονῶο
3091 3943 3173 4012 οἷς
3205 3946 3470 4017 ἐκήρυξεν

1902 4059 2199 4122 ἀκολουθῶ,
2234 4059 2338 4113 κᾶν
2380 4058 2454 4129 μὴ
2475 4058 2632 4112 θέλω.
2659 4059 2781 4110 ’Ὅτι
2809 4055 3023 4126 εἰσῆλθε
3051 4053 3306 4113 πιστεύω,
3330 4053 3390 4105 τὸ
3412 4053 3470 4105 δὲ

1903 4165 2021 4230 πῶς
2067 4166 2128 4218 οὐ
2179 4164 2639 4236 πολυπραγμονῶ.
2674 4164 2765 4237 Μὴ
2800 4163 3028 4233 νομίσῃς
3148 4161 3254 4214 τῶν
3291 4159 3469 4231 θυρῶν

1904 4269 2170 4341 εἰσῆλθεν.
2195 4270 2308 4323 Οὐκ
2341 4266 2513 4335 εἶπεν,
2540 4269 2927 4340 Ἀραιωθείσης
2950 4265 2981 4323 ἢ
3005 4265 3344 4336 διαλυθείσης
3371 4264 3470 4334 τῆς

1904 4378 2074 4449 θύρας
2113 4359 2388 4449 εἰσῆλθέν,
2427 4375 2597 4441 ἀλλὰ,
2641 4376 3108 4444 Κεκλεισμέηυν.
3145 4372 3217 4426 Τὸ
3249 4373 3469 4441 γεγονὸς

1903 4481 2164 4553 ἐκήρυξε·
2207 4481 2290 4545 τίς
2340 4483 2368 4535 6
2413 4481 2610 4552 τρόπος
2647 4479 2740 4532 τοῦ
2785 4479 3063 4548 γεγονότος
3113 4479 3212 4530 οὐκ
3252 4477 3466 4544 ἔδειξεν.

1916 4586 2137 4656 Ἐξῆλθε
2165 4587 2366 4657 Πέτρος
2394 4584 2502 4638 ἀπὸ
2527 4584 2772 4655 φυλακῆς
2791 4599 2805 4613 ·
2830 4581 2940 4636 ἀλλ’
2968 4581 3292 4652 ἠνοίχθησαν
3322 4583 3470 4650 αὐτῷ

1903 4695 1959 4747 αἱ
1981 4693 2166 4755 πύλαι,
2199 4693 2292 4746 καὶ
2322 4693 2355 4763 η
2380 4690 2570 4762 Γραφὴ
2612 4689 2993 4757 ἐπεσημήνατο
3024 4685 3276 4754 λέγουσα,
3297 4685 3381 4737 ὅτι
3409 4684 3472 4739 Ἠ

1903 4796 2122 4867 σιδηρᾶ
2148 4797 2311 4862 πύλη
2339 4793 2638 4864 αὐτομάτη
2663 4793 2872 4861 ἠνοίγη
2909 4791 3110 4856 αὐτοῖς
3127 4807 3140 4820 ο
3166 4791 3266 4843 οὐκ
3295 4787 3466 4854 εἶπεν,

1902 4905 2191 4976 Αὐτομάτη
2227 4903 2441 4968 ἐδέξατο
2477 4902 2681 4971 Πέτρον
2721 4899 3062 4970 διερχόμενον
3083 4915 3096 4930 ·
3135 4896 3468 4969 ἀνθρώπινον

1902 5009 2009 5078 γὰρ
2040 5005 2106 5080 ἦν
2131 5007 2190 5060 τὸ
2220 5008 2397 5077 σῶμα,
2437 5007 2531 5060 καὶ
2559 5005 2616 5071 ἐξ
2656 5003 2990 5078 ἀνθρωπίνου
3025 5001 3360 5072 φυράματος.
3395 4996 3468 5049 T6

1861 5160 1864 5162 _
1901 5113 1958 5166 δὲ
1992 5111 2086 5165 τοῦ
2115 5111 2350 5183 Χριστοῦ
2373 5108 2712 5178 ἀνθρώπινον
2752 5108 2870 5178 μὲν,
2900 5107 2987 5160 διὰ
3025 5107 3122 5171 τὴν
3154 5103 3287 5174 πρὸς
3322 5102 3468 5172 ἡμᾶς

1904 5218 2220 5290 συγγένειαν
2239 5234 2254 5248 ο
2287 5217 2430 5270 θεῖον
2453 5215 2510 5268 δέ
2531 5215 2620 5268 διά
2648 5231 2706 5268 τε
2739 5213 2838 5284 τὴν
2862 5213 2998 5284 πρὸς
3027 5212 3117 5264 τὸν
3144 5209 3274 5262 Θεὸν
3297 5209 3468 5275 Λόγον

1901 5325 2112 5388 ἕνωσιν,
2149 5323 2242 5378 καὶ
2267 5323 2356 5376 διά
2381 5322 2480 5393 τὴν
2515 5322 2672 5392 ξένην
2706 5321 2870 5374 ὠδῖνα
2892 5319 2990 5386 τῆς
3028 5314 3315 5386 παρθένου.
3343 5312 3464 5376 Πῶς

1901 5430 2116 5500 εἰσῆλθε
2161 5429 2559 5500 κεκλεισμένων
2587 5427 2696 5479 τῶν
2738 5425 2952 5494 θυρῶν;
2993 5421 3108 5483 πῶς
3135 5418 3331 5488 ἀνῆλθε
3369 5435 3465 5472 κε-

1901 5536 2232 5606 κλεισμένων
2261 5536 2367 5589 τῶν
2396 5533 2672 5605 οὐρανῶν;
2699 5532 2761 5582 Ὢ
2789 5529 2886 5598 τῆς
2915 5523 3142 5586 ἀτοπίας
3161 5523 3266 5576 τῶν
3289 5523 3462 5576 ταῦτα

1965 5766 1990 5793 ⁸
2036 5762 2117 5810 Sic
2145 5761 2232 5810 Ms.
2269 5754 2866 5822 perporam,Lc-gengum
2908 5751 3049 5811 ἴοι-ιε,
3072 5749 3155 5805 τὰς
3183 5748 3468 5814 πολυμανιῖς

1900 5828 1980 5878 καὶ
2001 5817 2408 5887 πολυφαντάστους
2433 5821 2718 5870 διαλέκτους.
2745 5817 2976 5867 Cornua.

3051 5900 3132 5961 26
