4044 6306
675 360 790 420 -ινιι

687 473 1028 544 τολμούντων
1049 475 1104 527 αῖ
1135 473 1181 527 ὣ
1207 474 1304 546 τῆς
1331 476 1610 542 εὐσεϐείας
1633 477 1741 532 τῶν
1772 476 1946 530 πάντα
1975 469 2258 526 πιστευόν-

686 575 831 628 τωνι
886 571 1046 625 Ἀλλά
1081 573 1133 625 τί
1171 591 1335 644 φησιν
1361 579 1390 630 6
1427 578 1750 647 ἀντιλέγων;
1794 577 1906 646 Οὐχ
1936 573 2260 644 εὑρίσκομεν

686 671 785 743 τὴν
811 671 990 725 πίστιν
1018 674 1235 744 ἀσφαλῆ
1259 677 1533 749 πανταχοῦ
1553 697 1566 708 ·
1592 678 1827 750 εὕραμεν
1856 676 1951 730 καὶ
1971 671 2260 728 διολισθαί-

688 787 918 826 νουσαν’
967 773 1027 825 οὐ
1061 775 1143 826 δεῖ
1186 775 1461 830 πιστεύειν
1500 778 1906 844 ἀνεξετάστως,
1953 773 2088 844 ἀλλά
2123 771 2259 843 μετὰ

689 872 950 944 ἀκριϐοῦς
993 873 1308 938 ἐξετάσεως.
1354 877 1528 932 Πολλὰ
1563 878 1619 930 δὲ
1654 879 2030 948 συντρέχουσιν
2079 874 2260 934 αὐτοῖς

687 975 796 1028 τῶν
815 973 937 1040 ἔξω.
972 976 1197 1045 Ἀδελφά
1229 977 1333 1048 γάρ
1357 979 1424 1032 τά
1460 980 1779 1050 φρονήματα
1801 979 1892 1032 καὶ
1920 976 2028 1030 τῶν
2054 977 2258 1046 αἱρετι-

690 1073 802 1127 κῶν
835 1075 930 1128 καὶ
958 1076 1064 1128 τῶν
1098 1077 1362 1148 Ἐλλήνων
1382 1095 1396 1109 ο
1422 1081 1647 1132 κάκεῖνα
1673 1079 1779 1132 τῶν
1805 1078 2071 1148 δαιμόνων
2101 1073 2257 1144 εὐρέ-

691 1194 827 1240 σεις,
855 1179 1135 1233 καὶταῦτα
1161 1181 1267 1234 τῶν
1291 1182 1558 1253 δαιμόνων
1589 1182 1942 1236 διδασκαλίαι.
1982 1178 2130 1251 [427]
2156 1177 2259 1230 Λέο

690 1283 876 1336 γουσιν
911 1265 1004 1320 οὖν
1041 1286 1183 1332 τινες
1227 1271 1334 1324 τῶν
1376 1273 1800 1324 ἀντιπιπτόντων
1829 1273 1895 1340 τῇ
1931 1269 2132 1333 πίστει,
2173 1267 2256 1320 ὅτι

688 1367 749 1420 τὸ
776 1366 1057 1434 ἀλόγιστον
1096 1369 1265 1435 αὐτῆς
1307 1369 1600 1442 βλαϐερόν·
1633 1370 1736 1424 κᾶν
1779 1369 1852 1440 μὴ
1890 1367 2260 1438 ἐξητασμένος

689 1465 948 1536 λογισμὸς
993 1471 1334 1540 συνημμένος
1452 1473 1516 1543 τῇ
1553 1469 1749 1534 πίστει,
1795 1468 2028 1540 οὐδαμοῦ
2070 1467 2260 1539 κέρδος

691 1568 848 1640 φέρει
871 1567 948 1638 τῷ
972 1569 1297 1623 πιστεύοντι.
1319 1570 1487 1624 Πόθεν
1508 1570 1638 1644 γὰρ,
1665 1571 1847 1641 φησὶν,
1866 1570 2111 1635 ἐξετάσαι
2139 1567 2262 1638 βού-

691 1667 758 1739 λῃ
790 1668 888 1737 τῆς
917 1669 1150 1733 πίστεως
1182 1671 1280 1742 τὴν
1315 1670 1513 1740 φύσιν;
1545 1671 1717 1735 θέλεις
1745 1671 1946 1724 ἀνωθεν
1981 1669 2040 1734 ἐξ
2069 1669 2256 1740 αὐτῆς,

694 1771 848 1839 φησι,
878 1770 975 1840 τῆς
1009 1771 1400 1843 δημιουργίας;
1438 1773 1679 1843 Ζήτησον
1720 1772 1779 1825 ὃν
1830 1773 2016 1840 λέγετε
2052 1771 2262 1841 πρωτό⁶

693 1867 946 1922 πλαστον.
983 1867 1230 1940 Εὑρίσκω
1258 1871 1364 1924 ἀπὸ
1402 1871 1634 1934 πίστεως
1669 1872 1924 1924 πεσόντα.
1967 1871 2137 1924 Βλέπε
2165 1869 2257 1923 τοῦ

695 1968 927 2038 πονηροῦ
957 1969 1204 2040 δαίμονος
1235 1971 1302 2023 τά
1342 1974 1581 2042 ῥήματα,
1615 1970 1710 2024 τοῦ
1747 1970 1922 2024 πάντα
1956 1970 2261 2042 τολμῶντος

696 2069 893 2140 ῥᾳδίως
933 2073 1259 2142 ἐπιχειρεῖν,
1304 2068 1390 2125 οἶα
1435 2074 1637 2144 τολμᾷ,
1680 2068 1769 2127 οἷα
1811 2073 2132 2143 φθέγγεται,
2174 2066 2261 2124 οἷα

694 2172 982 2242 προτείνει.
1011 2175 1196 2244 Ὑμεῖς
1229 2173 1430 2242 λέγετε,
1457 2175 1640 2244 φησιν,
1669 2174 1750 2227 ὃτι
1783 2176 1810 2228 6
1839 2174 1961 2243 ὖφις
1991 2167 2138 2226 εἶπεν
2164 2173 2261 2225 αὐ-

693 2270 770 2339 τῷ
795 2289 806 2300 ·
831 2266 902 2344 ᾞ
931 2273 1007 2326 ῑιν
1033 2273 1217 2343 ἡμέρᾳ
1247 2274 1540 2343 φάγησθε,
1581 2274 1799 2328 ἔσεσθε
1828 2275 1908 2338 ὠς
1939 2275 2059 2327 θεοί
2089 2273 2258 2342 γινώ-

693 2387 946 2436 σκοντες
977 2373 1169 2427 καλὸν
1201 2374 1297 2427 καὶ
1335 2376 1620 2442 πονηρόν.
1662 2375 1974 2427 Ἐπίστευσε
2013 2375 2088 2445 τῷ
2117 2374 2259 2445 ὄφει,

695 2475 986 2540 πιστεύσας
1041 2475 1306 2533 ἀπώλετο.
1346 2477 1512 2547 Ἀρχὴ
1545 2473 1636 2531 οῦν
1676 2477 1784 2528 τῶν
1831 2477 2018 2529 κακῶν
2055 2477 2258 2541 πίστις.

691 2573 878 2628 Ταῦτα
909 2577 1042 2647 πρὸς
1073 2577 1220 2647 ἡμᾶς
1264 2580 1459 2631 ἐκεῖνοι
1483 2579 1533 2630 οἱ
1565 2578 1662 2648 τῆς
1697 2577 1950 2648 ἀληθείας
1985 2577 2186 2649 ἐχθροὶ,
2211 2579 2262 2631 οἱ

689 2676 795 2745 τῆς
831 2677 1106 2740 εὐσεϐείας
1150 2678 1417 2750 πολέμιοι.
1473 2679 1610 2731 Ἀλλ’
1641 2681 1913 2748 ἠγνόησαν
1951 2681 1998 2732 οί
2051 2680 2264 2743 ἀσεϐεῖς

693 2777 784 2829 τὸν
815 2777 990 2847 ἀληθῆ
1037 2779 1133 2847 τῆς
1173 2779 1407 2842 πίστεως
1437 2780 1581 2849 ὅρον,
1615 2779 1714 2831 οὐκ
1755 2779 1958 2834 οἴδασιν
1986 2781 2014 2833 ὂ
2049 2783 2266 2851 προτείο

697 2899 865 2936 νουσι.
908 2885 998 2954 Μὴ
1025 2884 1131 2954 γὰρ
1164 2887 1323 2954 ἡμεῖς
1357 2884 1608 2956 λέγομεν,
1661 2887 1742 2940 ὅτι
1774 2888 1882 2949 πᾶς
1913 2889 1942 2940 ὁ
1984 2889 2144 2940 παντὶ
2170 2903 2262 2937 πι-

699 2982 922 3046 στεύων,
938 2984 1138 3046 ἐκεῖνος
1160 2985 1337 3039 πίστιν
1367 2986 1502 3056 ἔχει,
1518 2988 1610 3040 καὶ
1631 2987 1817 3050 πιστὸς
1839 2987 2226 3057 ἀναγορεύεται
2247 3003 2262 3051 ;

694 3084 793 3153 οὐχ
821 3084 907 3136 ὅτι
950 3084 978 3136 6
1009 3086 1280 3139 πιστεύων
1320 3087 1398 3157 τῷ
1432 3089 1664 3159 τυχόντι,
1699 3089 1906 3152 πιστὸς.
1939 3087 2053 3141 ἀλλ’
2089 3089 2118 3140 6
2148 3086 2266 3158 Θεῷ

697 3184 968 3238 πιστεύων
1000 3185 1287 3257 ἀληθινῶς.
1315 3190 1405 3258 Μὴ
1425 3188 1530 3260 γάρ
1553 3189 1781 3256 ἔδειξας,
1802 3191 1884 3243 ὅτι
1905 3190 2024 3260 Θεῷ
2053 3189 2266 3242 πιστεύ-

699 3302 798 3350 σας
849 3286 1127 3349 ἀπώλετο;
1163 3289 1402 3360 Διαϐόλῳ
1441 3289 1733 3353 πιστεύσας
1772 3290 1954 3353 ἔπεσε,
1984 3290 2102 3360 Θεῷ
2136 3291 2266 3344 ἀπι⁸

699 3387 901 3456 στήσας
925 3387 1212 3460 ὡλίσθησε.
1231 3390 1295 3442 Τί
1324 3390 1664 3462 διαστρέφεις
1690 3390 1758 3444 τά
1787 3393 2004 3461 ῥήματα
2026 3408 2040 3456 ;
2067 3393 2265 3444 Ἀκουε

710 3485 974 3559 Ἰερεμίου
1007 3489 1284 3558 λέγοντοςο
1316 3493 1630 3546 Ἀκούσατέ
1669 3509 1808 3561 μου.
1853 3495 1907 3545 οἱ
1943 3492 2267 3562 μισοῦντες

701 3589 920 3655 κρίσιν,
951 3594 1004 3645 οἱ
1037 3593 1231 3646 πάντα
1260 3593 1333 3646 τὰ
1355 3592 1496 3661 ὀρθὰ
1521 3592 1994 3662 διαστρέφοντες.
2030 3593 2136 3646 Καὶ
2161 3593 2267 3663 μὴν

702 3695 868 3766 ἐχρῆν
914 3694 1104 3744 εἰπεῖν·
1133 3690 1301 3762 Ἀρχὴ
1323 3690 1429 3745 τῶν
1453 3690 1637 3744 κακῶν
1662 3691 1908 3745 ἀπιστία.
1933 3693 1996 3744 El
2019 3692 2127 3763 γὰρ
2151 3695 2269 3746 ἐπί-

706 3812 894 3849 στευσε
921 3794 1038 3865 Θεῷ
1058 3794 1286 3861 λέγοντι,
1303 3788 1377 3864 ’ᾟ
1397 3791 1475 3846 ἂν
1505 3792 1694 3862 ἡμέρᾳ
1719 3792 2011 3862 φάγησθε,
2040 3793 2268 3858 θανάτῳ

704 3897 1117 3961 ἀποθανεῖσθε,
1157 3897 1258 3949 οὐκ
1296 3895 1361 3950 ἂν
1397 3895 1719 3966 ὡλίσθησεν,
1760 3894 1874 3948 ἀλλ’
1902 3892 2045 3966 εἶχεν
2078 3897 2144 3949 ἂν
2171 3896 2269 3968 τὴν

654 4051 662 4060 ,
706 4001 907 4060 πίστιν,
933 3999 1112 4050 πίστιν
1147 3996 1362 4067 ἀσφαλῆ
1387 3996 1521 4067 πρὸς
1555 3995 1846 4066 σωτηρίαν.
1877 3997 2012 4050 Ποτὲ
2041 3997 2118 4068 μὴ
2153 3998 2270 4051 διά-

708 4099 836 4152 ϐαλε
876 4099 936 4151 τὸ
983 4097 1154 4168 ὄνομα
1204 4097 1302 4167 τῆς
1350 4096 1603 4159 πίστεως.
1645 4097 1720 4149 Οὐ
1757 4096 1865 4167 γὰρ
1895 4099 1923 4150 ὁ
1973 4099 2135 4150 παντὶ
2181 4116 2270 4150 πι-

710 4196 910 4250 στεύων
932 4198 1139 4269 πιστὸς,
1157 4197 1270 4250 ἀλλ’
1288 4199 1316 4250 6
1335 4196 1451 4267 Θεῷ
1482 4195 1771 4260 πιστεύων,
1805 4193 1956 4260 οὗτος
1995 4199 2151 4267 μόνος
2177 4198 2270 4252 καὶ

707 4299 820 4353 ἔστι
857 4300 953 4355 καὶ
977 4298 1210 4367 λέγεται.
1253 4298 1561 4352 Κατάλειπε
1596 4299 1870 4368 ζητήσεις,
1901 4301 1994 4352 καὶ
2027 4300 2268 4353 ἀσπασαι

707 4398 906 4451 πίστιν.
937 4399 1124 4463 Πίστις
1159 4399 1336 4453 πάντα
1357 4398 1598 4468 φωτίζει,
1621 4397 1802 4462 πίστις
1831 4399 2002 4453 πάντα
2033 4398 2265 4470 ἁγιάζει,

710 4500 891 4561 πίστις
938 4499 1248 4569 Πνεύματος
1302 4501 1453 4568 ἁγίου
1508 4499 1768 4566 καταξιοῖ.
1811 4499 2113 4570 Στέφανος
2163 4502 2269 4572 γὰρ

708 4599 944 4668 πλήρης
971 4601 1225 4666 πίστεως
1259 4602 1356 4654 καὶ
1382 4599 1705 4669 δυνάμεως.
1737 4601 1798 4652 Εἰ
1822 4603 1895 4672 μὴ
1925 4603 2270 4674 προέλαμπεν

709 4701 742 4768 ὴ
768 4699 965 4760 πίστις,
990 4698 1214 4768 δύναμις
1251 4699 1349 4752 οὐκ
1380 4699 1661 4769 ἠκολούθει
1695 4701 1772 4771 τῷ
1800 4701 1953 4772 ἁγίῳ.
1977 4703 2146 4754 Ὅπου
2183 4703 2270 4755 πί-

712 4817 846 4865 στις,
876 4801 990 4852 ἐκεῖ
1025 4800 1115 4852 καὶ
1141 4799 1395 4871 δύναμις·
1416 4803 1546 4854 ὅπου
1573 4802 1816 4864 ἀπιστία,
1848 4803 1964 4855 ἐκεῖ
1987 4803 2079 4855 καλ⁵
2111 4805 2271 4856 ἀσθέ-

709 4917 846 4956 νεια.
885 4901 1051 4972 Ἀρχὴ
1087 4901 1194 4954 τῶν
1227 4902 1444 4970 ἀγαθῶν
1473 4904 1686 4967 πίστις·
1717 4903 1864 4974 πηγὴ
1907 4902 2015 4955 τῶν
2052 4904 2269 4970 ἀγαθῶν

709 5004 908 5066 πίστις.
939 5000 1202 5072 Λάὸωμεν
1242 5001 1302 5054 τὸ
1345 5003 1502 5057 ὅπλον
1541 5004 1639 5074 τῆς
1673 5004 1962 5074 σωτηρίας.
2003 5004 2068 5056 Τί
2094 5004 2268 5069 λέξεσι

707 5099 998 5162 δουλεύεις,
1031 5100 1125 5152 καὶ
1154 5098 1251 5169 τὴν
1289 5098 1543 5170 ἀλήθειαν
1573 5101 1823 5170 φεύγεις;
1859 5100 2000 5153 διατί
2033 5102 2272 5172 προσφέ-

713 5218 824 5272 ρεις
849 5201 884 5255 ἀ
911 5200 984 5272 μὴ
1010 5199 1180 5270 τολμᾷ
1211 5201 1345 5270 μήτε
1365 5199 1471 5253 τῶν
1491 5201 1735 5269 ἀγγέλων
1762 5200 1921 5269 φύσις
1942 5202 2266 5272 .ἐρευνῆσαι;

708 5302 774 5354 Τί
829 5302 1035 5374 λέγωή
1091 5303 1196 5357 τῶν
1234 5300 1479 5370 ἀγγέλων
1524 5300 1711 5369 φύσις;
1758 5301 1794 5354 ἀ
1845 5304 1978 5374 μήτε
2021 5303 2271 5373 δαίμονες

706 5401 996 5473 τολμῶσιν.
1033 5405 1108 5457 Οὐ
1141 5404 1312 5466 θέλεις
1361 5403 1720 5473 ἀκολουθῆσαι
1749 5403 1970 5474 Πέτρῳς
2001 5404 2060 5456 οὐ
2097 5404 2269 5468 θέλεις

708 5502 1063 5574 ἀκολουθῆσαι
1108 5505 1328 5576 Παύλῳς
1369 5505 1430 5558 οὐ
1469 5507 1581 5567 τοῖς
1617 5505 1897 5573 ἀγγέλοις,
1933 5505 1992 5559 οὐ
2023 5507 2132 5570 τοῖς
2160 5507 2265 5560 Χε-

779 5783 801 5810 “
827 5785 909 5831 Sic
933 5785 1034 5833 fere
1063 5786 1242 5848 ubique
1278 5802 1364 5851 pro
1384 5789 1685 5851 τολμώντων.

2175 353 2461 410 θΙΝΟΕΒΤΙ
3705 359 3780 414 ιὲξ

2364 471 2590 544 ρου6ίμς
2631 471 2690 526 οὐ
2729 473 2840 536 τοῖς
2875 471 3146 543 Σεραφίμ;
3185 469 3328 522 Γενοῦ
3354 470 3442 523 κᾶν
3482 470 3676 542 μαθητὴς
3704 474 3780 526 τῶν

2357 573 2647 644 δαιμόνων.
2672 568 2826 627 Εἶδον
2859 574 2908 624 οἱ
2943 571 3186 642 δαίμονες
3208 571 3289 623 τὸν
3317 571 3529 640 Σωτῆρα,
3557 571 3634 622 καὶ
3651 571 3785 639 λέγου-

2360 689 2445 726 σιν
2474 673 2620 745 αὐτῷ
2638 691 2651 706 ·
2685 676 2817 739 Ἔα,
2842 673 2898 726 τί
2931 673 3074 742 ἡμῖν
3103 672 3197 726 καί
3225 671 3332 737 σοί,
3364 671 3445 724 Υίὲ
3474 671 3560 724 τοῦ
3586 670 3784 732 Θεοῦ;θί

2356 772 2606 843 δαίμονες
2638 774 2763 826 Υἱὸν
2785 772 3125 843 ὁμολογοῦσι,
3151 773 3240 826 καὶ
3263 772 3342 834 σὺ,
3370 770 3591 840 αἱρετικὲ,
3618 770 3790 840 βλασφη-

2361 877 2510 942 μεῖς;
2558 874 2808 944 δαίμονες
2845 875 2956 927 ἴσον
2995 871 3224 935 ποιοῦσι,
3259 873 3342 925 καὶ
3369 872 3424 924 σὺ
3456 871 3540 940 τὴν
3577 869 3789 940 ἀνισότητα

2357 975 2818 1040 κατασκευάζειςς
2845 975 2953 1027 Καὶ
2970 975 3023 1026 τί
3058 975 3276 1043 ποιήσω,
3297 971 3480 1042 φησὶνὸ
3499 968 3724 1038 αἱρετικὺς,
3740 967 3793 1036 τῷ

2357 1079 2546 1149 Κυρίῳ
2598 1077 2838 1144 λέγοντιο
2901 1077 3031 1130 Ἵνα
3074 1073 3389 1144 γινώσκωσί
3432 1087 3496 1124 σε
3537 1070 3621 1122 τὸν
3660 1072 3792 1138 μόνον

2355 1177 2649 1246 ἀληθινὸν
2701 1178 2882 1240 Θεόν;
2927 1178 3102 1230 Μόνον
3144 1173 3290 1237 εἷπε,
3342 1174 3480 1244 μόνον
3518 1171 3699 1242 ἐκήρυξε
3733 1170 3794 1221 τὸν

2357 1280 2608 1346 ἀληθινὸν
2652 1279 2782 1332 Θεὸν
2820 1279 2912 1332 τὸν
2954 1279 3191 1347 Πατέρα.
3233 1273 3420 1345 Στοιχῶ
3444 1276 3500 1342 τῇ
3537 1270 3796 1342 ἀληθείᾳ,τῇ

2359 1381 2509 1452 παρά
2527 1380 2660 1433 Θεοῦ
2699 1379 3129 1451 κατηγγελμένῃ.
3162 1379 3204 1431 Τ
3206 1381 3237 1448 ῇ
3273 1379 3410 1447 φωνῇ
3430 1375 3512 1428 τοῦ
3541 1374 3670 1444 μόνου
3693 1367 3795 1440 [428]

2356 1482 2689 1547 ἀκολουθεῖς,
2727 1482 2822 1535 καὶ
2849 1485 2916 1554 τῇ
2951 1482 3096 1547 λέξει
3129 1479 3411 1544 δουλεύειςς
3447 1478 3592 1548 Τήρει
3623 1491 3691 1545 μοι
3713 1473 3799 1533 τοὺς

2356 1590 2516 1660 ὅρους
2551 1589 2642 1642 ἐπὶ
2675 1588 2785 1641 τῶν
2822 1587 3238 1656 ἐξεταζομένων.
3274 1585 3423 1652 Λέγει
3453 1583 3479 1634 6
3512 1580 3620 1642 Θεὸς
3643 1578 3709 1631 διὰ
3739 1574 3800 1627 τοῦ

2357 1691 2632 1761 προφήτου
2649 1707 2664 1722 ·
2695 1688 2841 1758 Ἐγώ
2865 1691 2982 1758 εἰμι
3004 1687 3249 1756 πρῶτος,
3275 1683 3366 1738 καί
3390 1682 3492 1751 ἐγὼ
3513 1681 3636 1749 μετά
3658 1675 3801 1732 ταῦτα.

2356 1791 2455 1844 καί
2477 1791 2675 1858 ἕτερος
2698 1789 2864 1857 πλὴν
2883 1788 3027 1857 ἐμοῦ
3050 1790 3160 1842 οὐκ
3185 1787 3326 1840 ἔστι.
3344 1784 3552 1846 Δίκαιος
3571 1779 3646 1832 καί
3667 1773 3804 1839 cutim

2356 1892 2546 1959 παρὲξ
2575 1892 2720 1962 ἐμοῦ
2747 1893 2858 1945 οὐκ
2895 1892 3044 1945 ἐστι.
3080 1888 3186 1944 Καὶ
3220 1883 3583 1954 ἐπιστράφητε
3608 1877 3721 1946 πρός
3741 1891 3804 1943 μευ

2357 1993 2457 2048 καὶ
2486 1994 2837 2060 σωθήσεσθε
2863 1992 2982 2048 ἀπὸ
3013 1991 3285 2060 ἐσχάτων
3313 1986 3414 2055 τῆς
3447 1984 3561 2054 γῆς.
3591 1977 3706 2048 Ἐγώ
3731 1979 3806 2042 εἰμι

2357 2098 2391 2148 ὁ
2415 2096 2577 2161 Θεὸς,
2597 2096 2692 2149 καί
2715 2097 2822 2150 οὐκ
2845 2095 3018 2148 ἔστιν
3044 2094 3248 2156 ἄλλος.
3271 2091 3398 2144 Κατ’
3416 2081 3635 2156 ἐμαυτοῦ
3654 2077 3807 2148 ὀμνύω.

2370 2195 2518 2264 Ἐγὼ
2549 2195 2796 2263 πρῶτος,
2828 2194 2928 2248 καὶ
2962 2195 3075 2264 ἐγὼ
3113 2189 3472 2264 μετὰταῦτα.
3503 2185 3595 2239 Καὶ
3616 2180 3807 2247 ἐπήγαῖε⁶

2361 2297 2467 2350 Καὶ
2502 2298 2611 2349 οὐκ
2663 2295 2835 2350 ἐστιν
2870 2296 3070 2364 ἕτερος
3105 2293 3270 2362 πλὴν
3309 2289 3466 2360 ἐμοῦ.
3508 2285 3700 2339 Βλέπετε
3732 2274 3811 2336 si»;

2357 2400 2588 2454 δεικνύει
2633 2402 3021 2472 μεμονωμένην
3054 2399 3246 2470 φύσιν,
3281 2395 3435 2468 μηδὲν
3475 2391 3664 2460 ἔχουσαν
3689 2379 3811 2435 κοινὸν

2359 2514 2495 2583 πρὸς
2521 2514 2712 2583 ἑτέραν
2735 2511 3227 2581 ἀπεσχοινισμένην
3250 2507 3402 2577 φύσιν
3417 2521 3429 2570 ;
3444 2503 3584 2571 Λέγει
3599 2499 3645 2552 δὲ
3660 2488 3815 2548 ταῦταὸ

2359 2617 2510 2678 θεός·
2537 2614 2682 2684 Ἐγώ
2696 2617 2831 2684 εἰμι,
2846 2613 2943 2668 καὶ
2966 2616 3076 2668 οὐκ
3100 2615 3274 2668 ἔστιν
3288 2611 3464 2673 ἄλλος
3477 2623 3488 2634 ⁸
3508 2607 3532 2659 6
3546 2603 3618 2656 διὰ
3633 2597 3704 2651 τοῦ
3723 2609 3814 2663 προ·

2360 2719 2530 2788 φήτου
2561 2717 2732 2784 λέγων
2751 2733 2764 2745 ο
2798 2717 2851 2767 Ἐ
2857 2715 3087 2779 ξέτεινα
3110 2716 3220 2768 τὸν
3247 2708 3492 2779 οὐρανὸν
3513 2693 3817 2777 μόνοςοΠΡδπ·

2361 2837 2449 2888 εχε
2483 2821 2545 2872 σὺ
2579 2819 2658 2880 εἰς
2689 2816 2770 2874 τὸ.
2805 2816 3020 2879 Μόνος,
3066 2814 3255 2884 ἐπειδὴ
3284 2811 3554 2882 προφέρεις
3581 2801 3668 2857 Τὸν
3687 2796 3818 2888 μόνα

2360 2886 2648 2981 ἀάηθινὸν
2676 2912 2841 2966 Θεόν.
2869 2910 3162 2974 Ἐξέτεινα
3188 2909 3292 2963 τὸν
3313 2903 3551 2976 οὐρανὸν
3568 2899 3738 2970 μόνος’
3758 2886 3819 2941 καὶ

2362 3013 2596 3068 ἐνταῦθα
2643 3012 2842 3082 ὁμοίως
2887 3011 2974 3076 τὸ,
3049 3009 3200 3081 Ἐγώ
3248 3011 3399 3078 ειμι,
3444 3003 3533 3058 καί
3577 3000 3667 3052 οὐκ
3705 2991 3819 3044 ἐστιν

2361 3117 2551 3181 ἄλλος
2571 3131 2586 3148 ⁸
2620 3115 2744 3167 κατ’
2768 3112 3026 3182 ἐμαυτοῦ
3059 3114 3283 3182 ὀμνύω.
3325 3109 3549 3181 Πρόσεχε
3580 3101 3656 3156 καὶ
3686 3098 3734 3165 τῇ
3760 3088 3821 3144 αὕη

2362 3217 2565 3286 θεντίᾳ,
2597 3215 2691 3268 καὶ
2709 3217 2774 3285 τῇ
2806 3214 3029 3282 δυνάμει
3049 3214 3146 3267 τοῦ
3187 3214 3458 3281 λέγοντοςο
3487 3208 3561 3260 ὅτι
3589 3198 3723 3258 εἶπεν,
3741 3191 3820 3244 οὐκ

2361 3323 2532 3374 ἐστιν
2561 3319 2749 3383 ἄλλος
2771 3333 2784 3346 ·
2817 3319 2910 3370 καὶ
2935 3317 3019 3378 τὸ,
3050 3318 3254 3383 Μόνος
3287 3315 3423 3384 ειμι,
3454 3311 3540 3364 καὶ
3569 3305 3710 3366 τοῦτο,
3732 3291 3824 3350 Καθ’

2363 3421 2579 3477 ἑαυτοῦ
2627 3420 2860 3489 ὤμοσα·
2886 3419 2978 3472 καὶ
3026 3419 3222 3488 μηνύει
3262 3417 3335 3488 μὴ
3375 3410 3504 3468 εἷναί
3541 3424 3642 3463 τινα
3677 3397 3824 3473 μείζονι

2365 3521 2526 3575 αὐτοῦ
2556 3520 3029 3582 λαλοῦντος.Ὤστε
3053 3521 3151 3572 καὶ
3173 3522 3201 3572 6
3238 3514 3542 3574 Ἀπόστολός
3556 3520 3702 3578 φησιν’
3722 3492 3827 3554 Ἐπεὶ

2365 3625 2490 3680 κατ’
2536 3623 2782 3689 οὐδενὸς
2824 3618 2948 3690 εἶχε
2982 3622 3259 3690 μείζονος
3286 3619 3511 3689 ὀμόσαι,
3543 3609 3650 3665 καθ’
3681 3604 3828 3656 ἑαυτου

2367 3727 2619 3796 ὤμοσεν.
2646 3726 2758 3777 Οὐκ
2794 3723 2904 3794 ἔχει
2932 3719 3024 3776 οὖν
3061 3722 3287 3793 μείζονα
3316 3724 3344 3774 6
3374 3719 3562 3786 λέγων·
3581 3709 3692 3765 Κατ’
3710 3704 3831 3796 ἑμσιξ·

2367 3794 2472 3880 τοῦ
2495 3827 2712 3894 ὀμνύω,
2746 3827 2798 3877 εί
2835 3823 2961 3893 μὴν
2985 3823 3373 3887 ἐξελεύσεται
3407 3819 3471 3871 ἐκ
3499 3811 3593 3868 τοῦ
3622 3794 3834 3898 στέμξπδ(

2362 3945 2480 3999 μου
2505 3927 2878 3991 δικαιοσύνη,
2899 3927 2951 3977 οἱ
2977 3926 3147 3994 λόγοι
3166 3942 3287 3994 μου
3310 3924 3419 3976 οὐκ
3439 3904 3837 3999 ἀπωτραέτὲσ

2368 3992 2481 4078 ται.
2511 4025 2622 4076 Καὶ
2649 4022 2701 4075 τί
2732 4021 2976 4091 ὀμνύεις;
3002 3992 3134 4072 ’Ὅτι
3163 3992 3294 4088 ἐμοὶ
3321 4016 3534 4086 κάμψει
3564 4007 3666 4062 πᾶν
3684 4001 3787 4072 τόνυ
3801 3992 3836 4053 δν

2369 4128 2466 4182 καὶ
2490 4125 2657 4180 πᾶσα
2688 4121 2936 4192 γλῶσσα
2975 4118 3487 4190 ἐξομολογήσεται
3513 4113 3605 4167 τὸν
3637 4104 3750 4158 Θεὸν
3771 4094 3841 4192 ιὸι·

2367 4187 2799 4293 ἀληθινόνίΤίς
2833 4225 2863 4275 ὁ
2893 4221 3064 4276 ταῦτα
3077 4187 3296 4288 ⁷λέγων,
3331 4211 3590 4288 αίρετικέ;
3620 4187 3841 4300 bum}??-

2367 4330 2396 4381 6
2417 4327 2575 4390 Υίός;
2603 4325 2739 4395 Παρ’
2768 4323 2891 4394 ἐμοὶ
2917 4321 2996 4392 τῷ
3027 4321 3230 4392 πιστῷ,
3260 4319 3355 4373 καὶ
3388 4315 3543 4370 παντὶ
3577 4304 3762 4362 εὐσεὸεῖ,
3781 4308 3842 4346 τω

2370 4431 2582 4504 Πατρὸς
2603 4432 2636 4500 ἡ
2665 4429 2811 4494 ἀξία.
2843 4414 2937 4481 κάλ
2959 4425 3092 4479 Υἱοῦ
3117 4430 3152 4497 ἡ
3181 4423 3460 4481 αὐθεντία.
3487 4417 3670 4472 Ἐκεῖνο
3690 4399 3846 4511 mnf

2370 4529 2918 4604 παρατετηρημένον,
2967 4528 3049 4580 ὅτι
3100 4527 3276 4580 πολλά
3319 4525 3426 4576 τῶν
3466 4515 3731 4587 λεγομένων

2369 4597 2498 4703 ἡμῖν
2530 4597 2900 4698 ἀγωνιστικῶς
2932 4627 3293 4697 κηρύττεται,
3320 4625 3382 4678 οὐ
3406 4613 3726 4691 δογματικῶς·
3744 4597 3849 4703 EF”?

2369 4695 2597 4800 $611119;
2626 4727 2934 4798 ὲρῤωμένον
2954 4695 3021 4779 τί)⁷
3035 4725 3213 4795 δόγμα
3229 4724 3330 4794 τῆς
3351 4717 3631 4776 εὐσεϐείας,
3648 4708 3722 4763 καὶ

2371 4829 2564 4900 πιστῷ,
2593 4830 2674 4881 ὅτι
2711 4829 2842 4880 ὅπου
2881 4827 3038 4898 μόνος
3065 4827 3381 4895 διαλέγεται
3409 4818 3609 4889 Πατὴρ,
3634 4814 3851 4880 συμπαρεε·

2369 4933 2569 5002 ληπται
2611 4931 2705 4983 καὶ
2741 4931 2769 4983 6
2799 4929 2928 4992 Υἱὸς
2962 4929 3056 4981 καὶ
3097 4929 3161 4982 τὸ
3205 4926 3434 4996 Πνεῦμα
3465 4925 3523 4976 τὺ
3558 4919 3706 4984 ἅγιον.
3735 4907 3852 5002 Ὅπου

2373 5001 2498 5096 Υίὺς
2531 5032 2856 5100 διαλέγεται,
2885 5030 3099 5102 Πατρὸς
3137 5029 3432 5083 αὐθεντία·
3473 5027 3595 5080 ὅπου
3623 5012 3772 5081 Πατὴρ
3792 5001 3853 5056 τίδ’

2371 5136 2574 5199 θεντεῖ,
2625 5131 2757 5186 Υίοῦ
2799 5130 3045 5198 ἐξουσία·
3099 5131 3238 5184 ὅπου
3297 5129 3359 5182 τὸ
3402 5125 3614 5194 Πνεῦμα
3660 5115 3711 5167 τὸ
3750 5109 3855 5210 ᾰγιςιν

2370 5237 2612 5306 ἐνεργεῖ,
2649 5232 2743 5286 τοῦ
2789 5231 3004 5301 Πατρδς
3051 5233 3084 5302 ἡ
3133 5231 3412 5302 ἐνέργεια.
3443 5227 3516 5281 Οὐ
3551 5222 3765 5292 τέμνεται
3794 5213 3857 5268 τις

2369 5337 2531 5404 ἁγίας
2565 5334 2794 5406 Τριάδος
2831 5335 2865 5401 ή
2897 5333 3042 5400 δόξα,
3074 5331 3266 5403 ἐπειδὴ
3304 5331 3368 5384 οὐ
3393 5328 3632 5398 τέμνεται
3663 5317 3714 5368 τὸ
3738 5309 3858 5371 561!“

2368 5436 2468 5506 τῆς
2495 5433 2775 5506 ἀληθείας.
2809 5434 2898 5505 Μὴ
2927 5433 3177 5504 ὁμολόγει
3211 5431 3344 5504 μίαν
3373 5426 3654 5500 βασιλείαν.

2428 5603 2456 5643 h
2505 5603 2566 5671 1η-
2599 5602 2843 5671 ρρρτίωῖδ
2869 5602 3132 5671 τΑιξπιηεείὲ
3171 5604 3248 5671 ⁸ἱὲ
3274 5603 3481 5671 legitur
3509 5597 3584 5671 Ῐξὶε

2368 5663 2571 5725 ἐμαυτοῦ
2592 5663 2772 5725 ὀμνύω,
2796 5667 2825 5722 ἢ
2864 5667 2970 5722 (vel
2993 5666 3052 5727 ἠ)
3081 5667 3169 5725 μὴν
3196 5665 3494 5719 ἐξελεύσεται
3517 5663 3568 5706 ἐκ
3584 5670 3661 5702 του

2370 5743 2460 5754 ηις..
2484 5727 2757 5754 :......-..'....
2776 5743 2786 5752 .
2832 5731 2872 5754 ..ς
2898 5728 3024 5754 3.1--..
3055 5743 3143 5754 η-..
3167 5727 3256 5754 ω’...
3282 5721 3698 5754 ιυωηηηὲηαντιι-
3721 5720 3778 5754 οτι

2370 5743 2460 5789 μου
2483 5727 2759 5784 δικαιοσύνη
2776 5743 2786 5752 ·
2832 5731 2874 5775 οἱ
2898 5728 3029 5786 λόγοι
3055 5743 3143 5789 μου
3167 5727 3260 5774 οὐκ
3281 5727 3699 5785 ἀπογραφήσσνταιν

2374 5787 2553 5849 κάμψει
2575 5794 2668 5836 πᾶν
2688 5790 2817 5850 γόνυ.
2841 5787 3074 5840 Corum.
