4074 6308
267 386 352 442 rei
1241 376 1307 434 IN
1345 376 1569 440 lLLUD,
1610 374 1676 430 IN
1712 373 1850 442 oua
1891 371 2316 441 rornsrara,
2357 373 2507 430 ETC.

264 500 593 556 dentiumlo
631 497 882 568 pietatem
906 502 1095 550 cuncta
1138 491 1508 576 credentium!
1558 487 1662 544 Sed
1705 485 1832 556 quid

262 594 332 650 ait
351 589 731 646 adversarius?
760 588 874 643 Non
903 585 1200 641 invenimus
1227 582 1384 638 ﬁdem
1412 581 1607 649 ubique
1634 586 1833 640 tutam;

269 683 562 754 reperimus
585 697 702 736 eam
733 680 1022 749 collapsam
1048 697 1061 733 :
1092 692 1197 732 non
1222 683 1430 744 oportet
1454 673 1568 726 sine
1593 671 1836 724 examine

264 775 500 840 credere,
518 773 613 830 sed
634 788 753 828 cum
775 771 1015 842 diligenti
1043 768 1444 840 perquisitione.
1472 762 1631 820 Multa
1666 776 1830 832 porro

265 877 478 922 externa
519 867 585 922 iis
608 871 952 920 concurrunt.
983 862 1122 917 Sunt
1165 861 1307 916 enim
1345 858 1524 912 afﬁnia
1554 855 1836 910 hzrretico-

267 976 377 1016 rum
408 968 464 1014 et
484 958 758 1029 gentilium
790 970 944 1011 sensa
973 972 984 1009 :
1017 955 1104 1008 illa
1136 952 1437 1008 daemonum
1462 950 1696 1011 inventa,
1719 945 1836 1000 hzcc

266 1055 560 1107 daemonum
591 1050 828 1105 doctrina
857 1057 998 1102 sunt.
1037 1048 1227 1101 Dicunt
1247 1059 1374 1115 ergo
1407 1042 1621 1114 quidam
1642 1041 1833 1096 adver-

267 1148 521 1201 sariorum
549 1143 691 1209 ﬁdei,
728 1141 943 1196 noxium
980 1142 1034 1195 in
1065 1140 1153 1194 illa
1180 1153 1301 1194 esse
1342 1136 1393 1190 id
1433 1134 1573 1206 quod
1616 1133 1834 1188 ratioci-

267 1239 362 1292 niis
400 1253 507 1291 non
535 1235 848 1304 subjiciatur
877 1251 890 1287 :
922 1241 977 1288 et
999 1231 1102 1286 nisi
1127 1230 1248 1285 ﬁdei
1278 1229 1595 1298 adjungatur
1615 1225 1834 1280 rationis

266 1343 505 1388 examen.
539 1327 738 1380 nullum
766 1322 1005 1379 credenti
1039 1323 1238 1376 lucrum
1279 1319 1490 1373 aﬁ‘erre.
1518 1316 1666 1373 Unde
1693 1316 1832 1370 enim

265 1420 358 1484 vis,
387 1419 576 1486 inquit,
622 1428 864 1470 naturam
909 1413 1032 1468 ﬁdei
1069 1410 1415 1466 examinare?
1444 1409 1614 1474 visne,
1643 1407 1832 1476 inquit,

267 1525 294 1565 a
322 1510 599 1579 principio,
629 1507 697 1561 ab
726 1509 837 1577 ipsa
861 1504 1044 1559 mundi
1072 1502 1381 1559 creatione?
1424 1500 1634 1570 lnquiro
1654 1498 1719 1553 de
1745 1513 1832 1564 eo,

267 1616 417 1672 quem
450 1600 653 1654 vocatis
681 1597 1086 1669 protoplastum.
1128 1593 1346 1650 Invenio
1374 1593 1520 1647 illum
1545 1607 1576 1646 a
1606 1591 1709 1645 ﬁde
1745 1605 1833 1645 ce-

266 1691 774 1747 cidisse.Considera
803 1689 1014 1758 maligni
1045 1687 1304 1742 damonis
1335 1685 1514 1747 verba,
1540 1684 1627 1753 qui
1653 1681 1832 1736 omnia

267 1783 410 1849 facile
437 1783 597 1837 audet
623 1780 860 1852 aggredi,
902 1779 1076 1850 qualia
1123 1779 1338 1843 audeat,
1371 1791 1612 1846 quicnam
1644 1775 1833 1844 loqua-

266 1885 363 1941 tur,
390 1889 634 1944 quaenam
664 1872 934 1928 obtendat.
955 1871 1063 1926 Vos
1083 1871 1278 1934 dicitis,
1312 1868 1500 1938 inquit,
1530 1877 1833 1936 serpentem

267 1967 333 2021 illi
357 1967 586 2021 dixisse‘
615 1985 628 2020 :
660 1965 983 2034 Quocumque
1008 1965 1088 2017 die
1119 1962 1449 2024 comederitis,
1488 1961 1677 2029 inquit,
1698 1959 1834 2011 eritis

267 2057 380 2109 sicut
405 2057 479 2108 dii
503 2056 710 2109 scientes
738 2055 918 2108 bonum
948 2062 994 2107 et
1018 2051 1209 2106 malum
1252 2051 1402 2123 (Gen.
1427 2048 1478 2105 5.
1499 2050 1576 2119 5).
1599 2045 1836 2103 Credidit

268 2149 515 2217 serpenti,-
563 2147 703 2216 quod
745 2144 1058 2201 credidisset
1102 2144 1277 2214 periit.
1329 2140 1653 2208 Principium
1705 2153 1832 2208 ergo

268 2239 520 2292 malorum
548 2249 631 2292 est
653 2235 805 2292 ﬁdes.
845 2237 970 2291 llaec
995 2235 1060 2288 ad
1093 2252 1189 2289 nos
1221 2235 1294 2288 illi
1325 2233 1567 2289 veritatis
1609 2231 1826 2294 inimici,

270 2330 361 2398 pia:
386 2329 657 2400 religionis
702 2329 902 2384 hostes.
927 2327 1030 2384 Sed
1062 2329 1305 2397 ignorant
1334 2325 1478 2394 impii
1499 2337 1680 2377 veram
1708 2320 1831 2376 ﬁdei

269 2423 644 2488 deﬁnitionem,
686 2422 930 2478 nesciunt
965 2421 1088 2490 quid
1131 2420 1402 2489 objiciant.
1437 2418 1548 2471 Non
1580 2417 1721 2470 enim
1747 2415 1831 2469 di-

269 2516 445 2580 cimus,
483 2517 773 2586 quemlibet
801 2515 889 2585 qui
921 2513 1167 2568 omnibus
1189 2511 1389 2575 credat,
1421 2509 1580 2564 ﬁdem
1610 2507 1828 2573 habere,

268 2623 325 2662 ac
349 2609 561 2664 ﬁdelem
596 2608 902 2677 praedicari;
955 2621 1128 2676 neque
1169 2619 1293 2659 eum
1319 2603 1408 2673 qui
1453 2601 1610 2657 obvio
1658 2599 1832 2654 cuivis

268 2701 443 2764 credit,
474 2716 596 2756 esse
642 2701 886 2765 ﬁdelem;
918 2698 1012 2754 sed
1059 2713 1181 2752 eum
1206 2698 1294 2767 qui
1325 2711 1451 2750 vere
1487 2695 1596 2749 Deo
1637 2692 1827 2748 credit.

266 2791 391 2846 Num
416 2793 697 2847 ostendisti
741 2792 1000 2846 Adamum
1044 2789 1185 2860 quod
1217 2789 1326 2844 Deo
1365 2787 1678 2843 credidisset
1705 2800 1830 2855 per-

268 2882 425 2937 iisse?
466 2884 618 2953 Quod
664 2883 876 2939 diabolo
931 2882 1250 2945 crediderit,
1304 2881 1483 2950 lapsus
1522 2888 1633 2944 est;
1689 2877 1829 2950 quod

265 2972 370 3027 Deo
412 2989 520 3028 non
566 2975 880 3035 crediderit,
932 2971 1143 3029 cecidit.
1189 2970 1296 3025 Cur
1340 2969 1479 3024 dicta
1529 2967 1830 3039 pervertis?

263 3064 394 3118 Audi
425 3064 706 3120 Jeremiam
731 3066 997 3120 dicentem
1029 3086 1041 3120 :
1074 3064 1258 3117 Audite
1276 3079 1373 3127 me,
1393 3063 1476 3132 qui
1497 3062 1614 3116 odio
1643 3059 1829 3114 habetis

255 3155 522 3222 judicium,
547 3159 629 3227 qui
665 3159 835 3211 omnia
865 3168 1000 3211 recta
1037 3156 1311 3226 pervertitis
1333 3153 1383 3226 (1
1392 3171 1471 3207 mo
1492 3153 1649 3207 Mich.
1678 3153 1728 3206 5.
1748 3151 1824 3222 9).

263 3248 414 3316 Atqui
441 3247 623 3304 dicere
652 3249 908 3319 oportuit,
938 3248 1260 3318 Principium
1299 3246 1559 3313 malorum
1585 3243 1830 3298 incredu-

261 3337 393 3393 litas.
421 3339 556 3394 Nam
591 3341 634 3394 si
675 3341 990 3396 credidisset
1012 3340 1123 3394 Deo
1149 3339 1368 3402 dicenti,
1404 3336 1726 3408 Quocumque
1750 3335 1831 3389 die

260 3432 588 3495 comederitis,
612 3442 771 3485 morte
797 3432 1074 3486 moriemini
1103 3430 1254 3504 (Gen.
1286 3429 1340 3482 2.
1370 3429 1484 3498 l7),
1518 3443 1623 3482 non
1651 3429 1829 3496 lapsus

259 3519 456 3590 fuisset,
498 3523 597 3578 sed
647 3523 918 3578 habuisset
965 3523 1147 3588 ﬁdem,
1180 3522 1361 3588 ﬁdem,
1392 3521 1628 3591 inquam,
1663 3527 1827 3573 tutam

258 3615 320 3670 ad
361 3619 610 3673 salutem.
643 3617 762 3672 Noli
805 3632 1054 3686 umquam
1086 3616 1209 3671 ﬁdei
1253 3630 1448 3669 nomen
1493 3613 1824 3669 calumniari.

257 3705 367 3763 Non
395 3711 534 3764 enim
569 3710 657 3763 ille
678 3710 768 3778 qui
803 3709 1023 3764 cuilibet
1047 3708 1235 3772 credit,
1262 3707 1430 3760 ﬁdelis
1459 3716 1569 3770 est;
1600 3704 1694 3760 sed
1739 3704 1828 3773 qui

258 3798 360 3853 Deo
387 3799 574 3862 credit,
597 3800 641 3854 is
666 3799 837 3854 ﬁdelis
858 3807 940 3854 est
961 3809 1014 3854 et
1043 3798 1253 3853 dicitur.
1275 3797 1491 3852 Abstine
1520 3811 1550 3850 a
1576 3802 1827 3866 quaestio-

256 3890 430 3956 nibus,
458 3901 513 3946 et
539 3891 866 3959 amplectere
895 3890 1073 3944 ﬁdem.
1124 3889 1283 3943 Fides
1323 3888 1498 3942 omnia
1543 3887 1825 3950 illuminat,

255 3983 379 4038 ﬁdes
405 3984 587 4039 omnia
617 3983 932 4048 sanctiﬁcat,
957 3982 1089 4036 ﬁdes
1118 3981 1318 4050 Spiritu
1348 3989 1534 4034 sancto
1560 3979 1824 4049 dignatur.

251 4073 376 4130 Nam
408 4076 707 4144 Stephanus
731 4075 907 4143 plenus
927 4075 1089 4144 gratia
1119 4083 1166 4125 et
1189 4071 1485 4142 fortitudine
1509 4071 1639 4142 (Act.
1668 4069 1720 4122 6.
1746 4071 1824 4138 8).

251 4163 354 4220 Nisi
401 4167 736 4236 przeluxisset
769 4165 920 4228 ﬁdes,
958 4163 1212 4218 fortitudo
1255 4163 1306 4216 in
1355 4171 1539 4216 sancto
1578 4163 1690 4214 viro
1722 4176 1824 4212 non

249 4268 465 4328 sequuta
495 4261 706 4314 fuisset.
727 4257 826 4313 Ubi
854 4256 1006 4323 ﬁdes,
1032 4257 1140 4310 illic
1160 4264 1213 4311 et
1235 4256 1403 4309 virtus
1425 4270 1517 4308 seu
1543 4253 1822 4316 fortitudo;

248 4349 330 4403 ubi
369 4350 736 4415 incredulitas,
769 4349 876 4404 illic
921 4348 1223 4402 inﬁrmitas.
1276 4347 1600 4414 Principium
1654 4347 1826 4399 bono-

246 4456 382 4506 rum,
432 4443 607 4506 ﬁdes;
653 4441 773 4496 fons
818 4441 1101 4502 bonorum,
1149 4439 1302 4493 ﬁdes.
1349 4438 1630 4494 Sumamns
1679 4453 1822 4492 arma

245 4534 444 4587 salutis.
489 4535 604 4589 Cur
650 4531 972 4587 dictionibus
1002 4529 1190 4592 servis,
1241 4539 1294 4584 et
1333 4529 1611 4583 veritatem
1653 4528 1825 4598 fugis?

246 4639 336 4677 cur
365 4625 577 4695 profers
606 4639 688 4688 ea,
715 4639 830 4694 quae
854 4638 921 4678 ne
950 4623 1258 4692 angelorum
1285 4621 1500 4691 quidem
1531 4633 1716 4675 natura
1747 4622 1826 4675 in-

244 4718 503 4787 vestigare
534 4715 738 4771 audet?
777 4714 912 4783 Quid
941 4714 1066 4770 dico
1095 4714 1402 4783 angelorum
1427 4713 1653 4766 natura?
1695 4713 1825 4780 Qua:

243 4822 308 4861 ne
331 4808 610 4864 daemones
644 4806 857 4876 quidem
887 4806 1102 4860 audent.
1135 4804 1248 4858 Non
1275 4805 1354 4856 vis
1384 4804 1531 4872 sequi
1573 4803 1824 4857 Petrum?

242 4913 344 4952 non
367 4901 446 4954 vis
469 4899 625 4970 sequi
657 4899 916 4953 Paulum?
954 4913 1060 4951 non
1096 4895 1350 4966 angelos?
1378 4910 1481 4949 non
1502 4893 1824 4950 Cherubim?

244 5003 345 5043 non
385 4990 718 5058 Seraphim?
772 4991 897 5044 Esto
930 4990 1118 5043 saltem
1168 4989 1468 5042 darmonum
1513 4988 1819 5057 discipulus.

242 5081 496 5138 Viderunt
518 5083 796 5136 dazmones
821 5081 1177 5144 Servatorem,
1203 5090 1256 5134 et
1285 5081 1499 5134 aiebant
1529 5081 1601 5134 illi
1630 5098 1644 5133 :
1679 5081 1820 5146 Sine,

240 5174 357 5240 quid
380 5175 525 5228 nobis
557 5183 604 5226 et
633 5175 740 5239 tibi,
770 5173 873 5227 Fili
902 5172 997 5227 Dei
1036 5172 1244 5240 (Matth.
1273 5173 1326 5226 8.
1370 5172 1500 5241 29)?
1546 5173 1823 5228 Dmmones

243 5261 428 5319 Filium
451 5267 795 5328 conﬁtentur,
823 5271 881 5318 et
904 5271 976 5329 tu,
1008 5263 1274 5329 haaretice,
1307 5263 1677 5332 blasphemas?
1714 5265 1822 5318 da:-

298 5445 313 5474 ι
350 5449 461 5492 Post
493 5443 797 5506 hiecfverba,
828 5440 902 5491 illi
920 5441 1133 5506 dimisse,
1159 5444 1414 5506 sequentia
1441 5441 1671 5505 leguntur
1692 5446 1816 5506 apud

233 5510 430 5565 Lupum,
467 5512 537 5554 De
565 5504 726 5566 tribus
756 5504 1123 5566 questionibus,
1152 5506 1240 5550 sub
1283 5505 1468 5566 initium
1490 5504 1734 5563 {Adjccto'
1747 5519 1819 5563 eo,

233 5564 354 5614 scire
383 5575 539 5615 Deum
558 5564 706 5628 (nihil
727 5564 897 5626 muto),
915 5565 1039 5628 quod
1061 5565 1104 5614 si
1125 5577 1152 5614 c
1170 5564 1435 5628 euertissent
1455 5570 1577 5614 unde
1597 5567 1822 5628 prohibiti

231 5635 400 5687 essent,
426 5640 546 5690 mox.
564 5625 872 5688 aperirentur
889 5625 1017 5690 oculi
1037 5640 1152 5690 eoru
1171 5642 1216 5677 η.
1234 5626 1503 5690 similesque
1520 5625 1615 5676 dtis
1629 5631 1821 5690 exsiste-

232 5697 355 5738 rent.
381 5688 577 5739 scilicet
601 5687 655 5751 ut
673 5687 1010 5751 numerositate
1043 5688 1246 5751 deorum
1284 5687 1450 5751 saltem
1488 5703 1653 5738 eorum
1674 5687 1821 5751 ﬁdem

234 5756 584 5819 corrumperet,
610 5748 656 5797 si
678 5749 742 5798 ad
765 5748 1130 5799 inobcdientiam
1150 5748 1313 5799 tentati
1335 5750 1459 5812 quia?
1482 5751 1592 5801 ritio
1615 5748 1703 5800 non
1721 5765 1818 5802 ςινδ-

234 5820 413 5863 ιαδβρηι.
439 5819 660 5861 (ζοωιρν.

3419 379 3518 434 4⁵ὶῖ

1950 502 2136 543 mones
2150 490 2404 558 aequalem
2431 488 2716 552 faciunt,et
2737 499 2790 545 tu
2815 491 3226 562 inmqualitatem
3252 493 3348 548 ads
3374 501 3508 554 ruis.

1945 577 2146 650 Ecquid
2198 580 2404 644 faciam,
2438 581 2511 634 ait
2549 581 2850 646 luereticus,
2879 597 3000 638 cum
3039 585 3293 640 Dominus
3340 586 3518 642 dicat:

1948 668 2015 723 Ut
2049 681 2354 741 cognoscant
2397 681 2442 725 te
2486 671 2651 725 solum
2692 688 2860 726 verum
2887 672 3050 728 Deum
3095 674 3274 745 (Joan.
3308 678 3396 732 l7.
3428 678 3518 748 3)?

1944 761 2126 816 Solum
2154 762 2314 828 dixit,
2345 763 2516 818 solum
2546 760 2852 832 praedicavit
2881 781 3063 820 verum
3096 766 3262 822 Deum
3289 769 3522 824 Patrem.

1944 852 2235 909 Veritatem
2261 864 2438 910 sector
2464 871 2560 926 per
2590 857 2753 911 Deum
2785 860 3167 915 annuntiatam.
3197 860 3397 917 Vocem
3430 879 3522 918 so-

1942 944 2046 1000 lius
2073 948 2316 1011 sectaris,
2347 957 2402 1002 et
2428 947 2598 1003 literae
2623 949 2829 1003 servis?
2860 950 3024 1005 Serva
3055 954 3308 1010 terminos
3354 957 3405 1010 in
3436 974 3524 1010 ru-

1941 1051 2062 1091 rum
2089 1037 2479 1109 disquisitione.
2516 1040 2648 1094 Dicit
2686 1041 2825 1096 Deus
2864 1057 2959 1111 per
2989 1045 3298 1114 prophetam
3340 1064 3355 1106 :
3410 1047 3525 1119 Ego

1942 1143 2054 1180 sum
2095 1129 2308 1197 primus,
2337 1141 2383 1184 et
2411 1148 2501 1203 ego
2530 1142 2720 1200 postea,
2756 1143 2798 1186 et
2820 1133 2949 1187 alius
2973 1145 3154 1205 praeter
3181 1155 3260 1192 me
3295 1157 3395 1194 non
3426 1153 3519 1194 est.

1940 1215 2121 1272 Justus
2167 1231 2212 1274 et
2240 1221 2461 1275 salvator
2500 1232 2682 1291 prater
2718 1240 2796 1276 me
2837 1240 2936 1278 non
2963 1235 3054 1280 est.
3085 1223 3150 1279 Et
3179 1233 3524 1285 convertimini

1941 1308 2008 1361 ad
2033 1325 2132 1374 me,
2161 1321 2206 1364 et
2230 1312 2357 1365 salvi
2383 1314 2521 1366 eritis
2550 1312 2612 1366 ab
2641 1315 2876 1369 extremis
2906 1325 3070 1370 terrae.
3105 1316 3214 1389 Ego
3235 1337 3348 1373 sum
3383 1319 3520 1376 Deus

1940 1410 1986 1454 et
2015 1417 2116 1455 non
2136 1412 2210 1456 est
2233 1404 2386 1457 alius.
2416 1403 2516 1457 Per
2549 1406 2894 1474 memetipsum
2910 1408 3053 1478 jura.
3094 1406 3208 1479 Ego
3234 1409 3446 1479 primus,
3471 1423 3520 1466 et

1939 1508 2030 1562 ego
2050 1503 2160 1563 post
2187 1495 2293 1549 haec
2313 1512 2334 1551 :
2360 1506 2518 1566 atque
2547 1495 2745 1563 intulit,
2775 1493 2841 1551 Et
2870 1514 2972 1552 non
2997 1509 3068 1552 est
3093 1500 3225 1555 alius
3245 1509 3425 1571 praeter
3441 1521 3520 1559 me

1942 1583 2093 1653 (Isai.
2139 1586 2228 1640 tt.
2261 1587 2313 1642 6.
2360 1597 2405 1641 et
2443 1589 2534 1643 45.
2580 1589 2670 1642 et.
2721 1588 2811 1644 22.
2855 1590 2970 1660 25).
3021 1590 3207 1647 Videte
3252 1596 3518 1663 quomodo

1939 1678 2188 1733 ostendat
2236 1679 2528 1736 solitariam
2585 1692 2848 1748 naturam,
2885 1699 3004 1753 quae
3055 1681 3186 1739 nihil
3234 1701 3518 1742 commune

1939 1765 2132 1824 habeat
2163 1785 2284 1826 cum
2333 1771 2434 1826 alia
2467 1781 2654 1826 natura
2685 1783 2950 1843 separata.
3001 1775 3125 1830 llaec
3174 1792 3334 1847 porro
3376 1777 3515 1834 Dens

1940 1861 2056 1918 ait:
2089 1861 2201 1933 Ego
2229 1880 2362 1928 sum,
2404 1875 2451 1916 et
2478 1881 2577 1917 non
2607 1874 2680 1918 est
2722 1865 2889 1929 alius;
2931 1866 3019 1936 qui
3067 1881 3161 1935 per
3205 1867 3516 1937 praphetain

1939 1952 2049 2007 ait:
2080 1953 2300 2008 Extendi
2328 1957 2506 2009 cretum
2553 1959 2692 2010 solus
2740 1954 2894 2027 (Isai.
2927 1959 3013 2012 44.
3045 1955 3161 2028 24).
3203 1961 3433 2018 Attende
3463 1973 3515 2016 tu

1939 2045 2054 2097 voci
2074 2043 2248 2110 Solus,
2267 2047 2692 2116 quandoquidem
2716 2047 2921 2118 profers
2939 2049 3120 2104 Solum
3139 2065 3308 2105 verum
3330 2051 3511 2109 Deum.

1941 2133 2162 2190 Extendi
2194 2138 2375 2191 cwlum
2399 2138 2556 2192 solus.
2589 2139 2844 2194 Similiter
2872 2157 3083 2210 quoque
3115 2142 3219 2210 hic,
3252 2141 3366 2216 Ego
3403 2164 3512 2200 sum

1938 2237 1983 2278 et
2014 2242 2113 2279 non
2142 2238 2214 2281 est
2233 2228 2364 2282 alius
2383 2243 2402 2280 :
2423 2245 2510 2296 per
2527 2230 2868 2299 memetipsum
2883 2231 3027 2298 juro.
3048 2231 3299 2288 Animum
3321 2235 3517 2292 adhibe

1939 2319 2142 2388 pariter
2183 2322 2482 2375 auctoritati
2511 2332 2563 2376 et
2591 2323 2841 2391 potentiae
2883 2325 3166 2392 loquentis,
3195 2327 3332 2394 quod
3365 2329 3515 2384 dixe-

1938 2411 2028 2476 rit,
2062 2410 2183 2465 Non
2209 2421 2282 2465 est
2307 2409 2477 2478 alius;
2506 2423 2579 2476 et,
2613 2409 2770 2468 Solus
2793 2431 2925 2479 sum,
2949 2427 2999 2468 et
3032 2411 3153 2482 hoc,
3186 2416 3288 2471 Per
3315 2430 3516 2473 memet-

1936 2501 2102 2569 ipsum
2154 2505 2370 2573 juravi;
2422 2506 2794 2576 signiﬁcatque
2841 2508 3106 2562 neminem
3161 2525 3219 2564 se
3269 2512 3518 2581 loquente

1939 2594 2192 2662 majorem
2235 2611 2376 2651 esse.
2406 2596 2560 2652 Unde
2603 2599 2676 2652 ait
2719 2599 2878 2653 etiam
2916 2602 3234 2670 Apostolus:
3265 2604 3516 2668 Quoniam

1938 2685 2185 2739 neminem
2214 2684 2420 2752 habuit,
2453 2705 2543 2757 per
2590 2705 2737 2759 quem
2768 2691 2992 2759 juraret,
3022 2694 3285 2764 majorem,
3321 2695 3516 2764 juracit

1937 2793 2025 2844 per
2052 2777 2373 2845 semetipsum
2403 2778 2586 2848 (Hebr.
2618 2781 2670 2834 6.
2705 2781 2817 2850 15).
2844 2780 2958 2836 Non
2999 2782 3157 2838 habet
3181 2800 3308 2854 ergo
3343 2788 3515 2856 majo-

1937 2883 2050 2922 rem
2078 2870 2167 2939 qui
2203 2869 2333 2924 dicit
2359 2887 2372 2923 :
2409 2869 2512 2924 Per
2534 2874 2876 2941 memelipsum
2897 2875 3040 2942 juro,
3073 2875 3117 2926 si
3141 2877 3341 2944 quidem
3369 2893 3514 2948 egre-

1935 2959 2100 3014 dietur
2134 2959 2197 3014 de
2221 2977 2306 3014 ore
2328 2978 2436 3016 meo
2459 2963 2682 3032 justitia,
2709 2979 2959 3018 sermones
2983 2965 3079 3019 mei
3108 2983 3208 3020 non
3233 2977 3515 3023 avertentur

1935 3050 2090 3120 (Isai.
2122 3053 2210 3108 45.
2239 3053 2357 3124 23).
2406 3055 2472 3110 Et
2513 3056 2638 3125 quid
2669 3056 2855 3125 juras?
2887 3057 3017 3123 Quia
3062 3060 3186 3112 mihi
3232 3063 3515 3116 curvabitur

1935 3161 2081 3198 omne
2108 3161 2239 3214 genu
2261 3146 2359 3216 (α),
2392 3155 2438 3199 et
2478 3148 2637 3200 omnis
2678 3148 2851 3218 lingua
2898 3150 3214 3218 conﬁtebitur
3241 3150 3404 3206 Deum
3431 3169 3514 3207 ve-

1934 3251 2048 3288 rum
2087 3233 2239 3305 (Isai.
2273 3237 2360 3291 45.
2393 3237 2506 3308 24).
2533 3238 2660 3304 Quis
2692 3238 2808 3294 haec
2832 3238 2980 3306 dicit,
3027 3239 3314 3298 htcretice?
3357 3241 3514 3301 Pater

1934 3344 2000 3382 au
2029 3329 2228 3383 Filius?
2265 3330 2417 3400 Apud
2446 3345 2529 3385 me
2557 3330 2786 3398 lidelem,
2816 3343 3142 3403 cunctosque
3177 3337 3310 3404 pios,
3341 3337 3513 3394 Patris

1934 3428 2018 3475 est
2045 3419 2292 3490 dignitas,
2321 3431 2375 3475 et
2422 3419 2543 3476 Filii
2588 3424 2894 3477 auctoritas.
2930 3422 3040 3478 lIoc
3069 3425 3208 3479 enim
3259 3427 3513 3484 observes

1936 3514 2115 3576 velim,
2146 3515 2311 3568 multa
2352 3530 2534 3569 eorum
2570 3531 2687 3584 qua:
2726 3515 2975 3579 dicimus,
3006 3521 3370 3588 pugnantium,
3405 3538 3510 3577 non

1933 3604 2236 3662 docentium
2284 3624 2434 3663 more
2475 3607 2768 3678 praedicari.
2803 3609 2927 3664 Mihi
2956 3610 3166 3664 ﬁrmum
3195 3620 3296 3666 stat
3318 3613 3510 3686 dogma

1934 3701 2163 3769 pietatis,
2202 3710 2258 3756 et
2295 3701 2513 3756 cuilibet
2539 3701 2702 3767 ﬁdeli,
2732 3718 2922 3772 nempe
2971 3704 3058 3758 ubi
3084 3704 3230 3760 solus
3277 3707 3512 3777 loquitur

1933 3789 2111 3857 Pater,
2160 3792 2228 3846 ibi
2277 3792 2658 3860 comprehendi
2708 3793 2867 3846 etiam
2914 3792 3102 3847 Filium
3152 3805 3207 3849 et
3256 3795 3507 3866 Spiritum

1933 3895 2194 3938 sanctum.
2221 3883 2315 3938 Ubi
2347 3883 2512 3938 Filius
2546 3884 2799 3954 loquitur,
2827 3883 2899 3938 ibi
2938 3884 3111 3940 Patris
3139 3885 3288 3942 adest
3324 3899 3509 3943 aucto-

1932 3978 2096 4040 ritas;
2146 3977 2232 4030 ubi
2285 3976 2441 4030 Pater
2489 3975 2858 4031 auctoritatem
2907 3986 3140 4043 exercet,
3172 3979 3240 4033 ibi
3284 3977 3402 4034 Filii
3429 3993 3511 4036 est

1933 4075 2203 4136 potestas;
2259 4067 2346 4120 ubi
2377 4063 2607 4136 Spiritus
2637 4077 2853 4122 sanctus
2878 4077 3150 4136 operatur,
3180 4069 3354 4126 Patris
3382 4089 3511 4142 ope-

1932 4159 2068 4213 ratio
2094 4169 2190 4214 est.
2226 4159 2339 4212 Non
2385 4159 2642 4214 scinditur
2669 4168 2868 4214 sancta:
2912 4159 3187 4216 Trinitatis
3220 4163 3388 4232 gloria
3409 4167 3505 4238 (b),

1995 4337 2064 4399 (a)
2100 4334 2239 4401 Illum
2275 4344 2462 4401 textum
2508 4336 2609 4401 hoc:
2640 4343 2777 4401 pacto
2798 4337 2993 4401 citatum
3017 4337 3242 4401 invenies
3266 4339 3507 4401 inOperi-

1931 4399 2021 4445 bus
2048 4397 2322 4455 'Athanasii,
2359 4398 2550 4460 Dialogo
2585 4397 2616 4446 5
2646 4397 2712 4445 de
2747 4398 2996 4460 't‘rinitate,
3031 4404 3081 4445 T.
3116 4397 3162 4454 2,
3196 4412 3245 4460 p.
3271 4397 3392 4459 215;
3418 4416 3509 4450 seu

1929 4460 2112 4508 Maximi
2135 4467 2184 4505 Τ.
2207 4460 2256 4516 2,
2277 4473 2324 4520 p.
2348 4460 2474 4521 +39;
2496 4458 2594 4508 't’er
2620 4458 3090 4521 memetipsumjuro,
3109 4458 3249 4508 amen
3275 4458 3500 4521 egredie-

1930 4526 2008 4569 tur
2037 4521 2099 4570 de
2119 4532 2202 4569 ore
2223 4519 2327 4581 meo
2340 4519 2530 4580 justitm
2551 4533 2567 4577 ς
2590 4532 2682 4569 ηοη
2718 4521 2852 4568 exitu
2886 4519 3242 4581 fraudabttntur
3265 4519 3508 4574 sermones

1931 4582 2040 4635 mei.
2068 4581 2180 4643 quia
2204 4579 2321 4630 milti
2343 4579 2618 4631 curvabitur
2641 4593 2774 4644 omne
2796 4579 2936 4644 genu.
2964 4580 3174 4631 Coteler.

1995 4642 2196 4714 _(b).’_t\'on
2221 4644 2286 4713 ita
2306 4645 2486 4714 pridem
2508 4644 2642 4714 “edita
2665 4642 2865 4714 fuerunt
2886 4656 2998 4691 cura
3026 4650 3076 4714 et
3097 4644 3257 4714 studio
3280 4648 3505 4714 Stephani

1930 4702 2117 4758 Bal‘u'zii,
2145 4702 2350 4752 hominis
2381 4705 2439 4752 ad
2460 4705 2724 4764 editionum
2747 4702 2940 4753 labores
2962 4706 3078 4764 nati,
3104 4704 3188 4754 lib.
3209 4706 3240 4754 4
3279 4702 3506 4757 miscella-

1929 4780 2148 4824 neorum,
2185 4765 2282 4814 duo
2311 4767 2599 4830 Theodoreti
2643 4763 2910 4830 fragmenta
2943 4767 3017 4830 ad;
3041 4768 3323 4830 Trinitatem
3347 4773 3504 4830 perti—

1930 4829 2112 4877 nentia.
2139 4835 2198 4874 Ea
2222 4829 2371 4888 gestit
2393 4828 2581 4876 animus
2601 4831 2776 4876 cursim
2807 4827 2886 4876 hic
2907 4827 3110 4877 meliora
3148 4827 3504 4879 facete—Unde

1929 4887 2242 4950 conjecturas
2266 4887 2563 4951 solummodo
2604 4901 2888 4951 proponam,
2937 4890 3257 4940 conferendas
3293 4905 3412 4940 vero
3453 4901 3504 4941 et

1931 4951 2273 5021 examinandas
2309 4949 2625 5021 diligentibus
2671 4949 2956 5021 relinquam:
3008 4958 3133 5021 t_._ego
3178 4954 3341 5021 igitur.
3369 4954 3504 5002 initio

1929 5015 2098 5073 prioris
2120 5012 2375 5073 fragmenli
2400 5010 2416 5061 Ξ
2442 5010 2576 5061 Salus
2613 5019 2770 5061 autem
2791 5010 2860 5061 est
2879 5010 3393 5073 scientia'exsistentis;
3417 5027 3503 5063 eat-

1928 5072 2132 5123 isistentis
2150 5086 2259 5122 vero
2271 5072 2484 5131 scientia,
2504 5081 2570 5122 est
2601 5074 2720 5133 Dei;
2750 5082 2872 5123 Deus
2894 5082 3048 5123 autem
3067 5082 3136 5124 est
3158 5075 3376 5124 Trinitas.
3405 5079 3501 5122 Sui)

1928 5136 2117 5197 initium
2153 5141 2316 5183 autem
2357 5136 2686 5197 posterioris;
2722 5142 2779 5184 ιι
2821 5144 2980 5185 autem
3012 5134 3144 5184 clare
3185 5134 3496 5197 intelligatur,

1927 5195 2146 5260 exemplo
2184 5195 2393 5260 quodam
2410 5196 2551 5260 tenui
2591 5196 2691 5258 (vel
2728 5199 2851 5259 tene)
2875 5197 3009 5246 istius
3031 5195 3373 5260 patefaciamus
3396 5212 3500 5248 sen-

1928 5271 2051 5307 sum.
2069 5256 2151 5307 'Ait
2183 5256 2312 5307 enim
2340 5256 2612 5321 Ίζνίηριαιεηὶ
2651 5256 2964 5321 personarum
3003 5256 3355 5321 subsistentium
3379 5273 3480 5321 esse

1929 5327 2104 5382 Nomen
2131 5326 2314 5377 Petrus,
2356 5318 2405 5382 in
2441 5318 2720 5382 baptismate
2755 5333 2864 5370 uero
2905 5321 3135 5376 .~:ntlreas,
3173 5327 3217 5382 et
3247 5318 3298 5368 in
3329 5320 3499 5372 militia

1932 5380 2144 5444 Thomas.
2170 5387 2289 5444 Etp.
2323 5382 2371 5439 5,
2396 5381 2481 5430 lin.
2503 5380 2567 5438 ’1,
2604 5385 2654 5444 in
2689 5396 2840 5444 marg.
2885 5390 3070 5430 neuter.
3101 5383 3152 5444 6,
3181 5380 3230 5429 4.
3269 5387 3383 5444 Post
3408 5396 3498 5444 per

1927 5441 2136 5505 titulum,
2162 5441 2396 5505 Aduersus
2419 5444 2610 5492 nrrinm
2637 5441 3027 5505 impium,atque
3051 5457 3077 5490 a
3101 5441 3226 5505 linea
3250 5455 3262 5489 :
3291 5442 3383 5505 Sed
3408 5441 3498 5492 ne-

1927 5502 2184 5553 cessarium
2206 5502 2398 5561 quidem
2427 5511 2511 5562 est,
2538 5512 2588 5553 ut
2609 5500 2716 5554 tres
2740 5500 3063 5564 subsistentias
3086 5500 3369 5564 conﬁtendo,
3396 5517 3494 5552 ma.

1929 5565 2024 5628 lam
2047 5574 2223 5628 sectam
2251 5565 2375 5614 μιν·τῆ
2413 5565 2677 5628 fugimn-us.
2697 5563 3021 5628 contrariam
3045 5562 3397 5628 _enim‘_Sabel_lio
3409 5566 3472 5626 jn

1927 5624 2139 5696 daizanti
2160 5637 2359 5696 pergens
2379 5623 2519 5696 tiam,
2537 5634 2581 5677 et
2603 5625 3150 5696 {ugiensmonarchianu
3173 5623 3499 5696 inmuuor'inn

1925 5690 2126 5736 deorum
2161 5685 2453 5748 paganicam
2490 5685 2636 5737 inruit
2657 5685 2944 5748 "opinionem
2978 5685 3298 5748 sabaia-tentias
3318 5695 3498 5737 sanctm

1931 5749 2168 5799 Trinitatis
2194 5747 2249 5796 in
2265 5763 2408 5797 unam
2449 5749 2638 5799 deitatis
2671 5748 2978 5797 substantiam
3005 5761 3096 5797 non
3123 5747 3388 5806 intendens,
3411 5757 3496 5799 aut

1929 5818 2121 5861 tumtras
2145 5818 2187 5860 ct
2212 5810 2494 5862 substantias
2515 5821 2769 5862 extraneas
2801 5810 3036 5872 suljertas
3059 5809 3317 5869 alterutris,
3347 5817 3496 5860 Deum
