4074 6308
524 411 644 469 ’425

543 526 820 597 quia-non
865 519 1123 576 scinditur
1168 517 1426 573 doctrinm
1470 514 1682 570 veritas.
1716 512 1792 568 Ne
1819 511 2123 566 conﬁtearis

551 633 730 672 unum
758 630 1000 685 regnum.
1585 627 1588 631 η

609 709 662 764 6.
696 707 818 762 Haec
845 721 875 760 a
903 720 989 760 me
1017 704 1157 758 dicta
1187 709 1332 766 sunt,
1363 702 1483 771 quia
1523 697 1730 753 hostem
1770 710 2015 759 exerceo,
2043 709 2113 749 ne

546 803 686 858 forte
733 801 947 871 quidam
997 797 1339 869 sycophantae
1391 792 1576 848 dicant
1621 807 1636 844 :
1681 789 1814 844 Vide
1860 786 2126 858 quomodo

543 893 759 954 dixerit,
792 891 970 947 omnia
999 904 1118 943 esse
1147 886 1289 953 Filii,
1321 894 1374 939 et
1399 883 1590 938 Filium
1616 881 1779 951 loqui,
1809 889 1864 934 et
1891 877 2125 933 ostendit

546 984 761 1056 quidem
809 983 1035 1036 alienam
1084 994 1205 1034 esse
1249 976 1579 1048 prophetiam
1626 973 1826 1035 Patris,
1860 971 2126 1041 propriam

547 1086 683 1134 vero‘
701 1075 840 1130 Filii.
869 1073 984 1129 Stat
1007 1071 1133 1125 mihi
1162 1071 1475 1123 inconcussa
1503 1064 1620 1118 Filii
1660 1073 1818 1118 meta.
1846 1062 2126 1117 Certamen

542 1177 624 1223 est
646 1168 761 1221 haec
780 1162 1108 1219 exercitatio.
1139 1159 1236 1213 llic
1261 1155 1484 1212 ostendo
1507 1153 1695 1210 Filium
1726 1154 2048 1222 loquentem,
2077 1160 2130 1204 et

547 1275 670 1315 cum
699 1257 788 1311 tibi
819 1267 1150 1324 persuasero,
1181 1249 1310 1304 mihi
1335 1249 1496 1303 etiam
1540 1259 1874 1315 persuasero,
1917 1241 2126 1296 Patrem

548 1348 716 1420 loqui,
734 1343 1248 1416 Filiumprredicare,
1267 1341 1515 1409 Spiritum
1535 1344 1772 1392 sanctum
1792 1333 2001 1389 oracula
2018 1333 2130 1388 fun-

539 1441 701 1505 dere,
751 1457 769 1490 ι
793 1437 902 1506 Ego
937 1435 1184 1504 primum,
1225 1445 1322 1500 ego
1347 1439 1400 1484 et
1432 1438 1552 1498 post
1582 1427 1715 1492 haec,
1735 1435 1788 1480 et
1833 1432 2024 1494 prtetcr
2043 1437 2129 1479 me

543 1533 686 1587 Deus
704 1536 926 1584 nonest.
945 1526 1046 1580 Per
1058 1521 1573 1592 memetipsumjuro.
1598 1539 1616 1572 ι
1634 1519 1761 1588 Quis
1776 1527 1858 1573 est
1873 1519 1960 1588 qui
1978 1517 2126 1582 dicit,

550 1623 694 1695 «Ego
710 1637 825 1677 sum
841 1629 895 1674 et
914 1634 1019 1672 non
1043 1626 1124 1672 est
1143 1616 1340 1670 alius‘h
1365 1622 1437 1677 et,
1462 1631 1480 1664 ι
1494 1613 1567 1667 De
1587 1627 1679 1666 ore
1699 1625 1818 1665 meo
1833 1609 2130 1678 egredietur

541 1713 742 1785 justitia
759 1730 773 1775 ;
789 1732 807 1764 ι
832 1721 904 1775 et,
927 1709 1244 1764 «Sermones
1261 1706 1363 1761 mei
1385 1721 1489 1758 non
1511 1711 1814 1758 avertentur
1832 1718 1847 1754 :
1865 1700 1984 1768 quia
2001 1699 2129 1754 mihi

459 1852 464 1859 .
546 1805 789 1862 curvabit
808 1820 868 1860 se
913 1816 1070 1856 omne
1107 1813 1274 1869 genu,
1305 1805 1357 1852 et
1391 1796 1564 1852 omnis
1591 1795 1762 1864 lingua
1797 1791 2131 1848 conﬁtebitur

537 1899 717 1955 Deum
733 1895 955 1951 verum?
977 1912 996 1946 ι
1018 1891 1292 1961 Quomodo
1315 1894 1462 1959 ponis
1481 1888 1678 1942 dictum
1699 1887 1722 1940 ?
1740 1886 1790 1940 in
1809 1901 1964 1955 quem
1979 1899 2130 1939 assu—

549 1993 652 2046 mis
668 1988 892 2044 nomen?
911 1985 1015 2041 Sed
1037 1993 1092 2039 tu
1113 1999 1179 2038 ne
1196 1983 1342 2037 dicas
1359 1995 1421 2035 ea
1441 1995 1558 2050 quae
1579 1979 1817 2048 ignoras;
1841 1990 2011 2046 neque
2031 1989 2130 2044 ego

547 2081 688 2152 quod
726 2094 832 2134 non
861 2076 984 2132 novi
1029 2073 1217 2131 effero.
1264 2072 1560 2142 Sequamur
1611 2069 1921 2138 magistrum
1968 2065 2130 2135 spiri-

548 2173 779 2236 tualem,
809 2169 900 2240 qui
943 2182 1040 2224 nos
1093 2165 1359 2221 deducere
1404 2163 1578 2216 valeat
1620 2160 1687 2214 ad
1735 2160 2004 2229 pietatem.
2054 2155 2132 2211 Ne

549 2267 708 2336 igitur
733 2279 797 2320 ex
828 2276 914 2316 me
938 2259 1122 2314 audias
1142 2299 1156 2322 ,
1191 2257 1286 2311 sed
1310 2253 1432 2308 audi
1475 2266 1704 2308 mecum.
1732 2247 1843 2320 Ego
1881 2247 2132 2304 ecclesia—

554 2359 809 2411 sticorum
858 2353 1163 2422 dogmatum
1214 2346 1433 2400 Paulum
1483 2344 1604 2398 novi
1651 2341 1945 2395 doctorem.
1999 2338 2130 2394 Cum

551 2446 772 2503 Paulum
801 2443 941 2508 dico,
969 2439 1238 2496 Christum
1268 2435 1532 2507 przedico;
1567 2434 1680 2503 ipse
1705 2431 1846 2486 enim
1887 2437 2001 2484 erat
2042 2428 2130 2498 qui

540 2541 604 2595 in
627 2537 802 2594 Paulo
825 2533 1159 2606 loquebatur,
1179 2528 1466 2586 secundum
1495 2526 1624 2581 illud
1645 2526 1844 2580 dictum
1871 2541 1884 2577 :
1911 2544 1929 2575 ι
1943 2524 2020 2576 An
2043 2537 2136 2576 ex-

552 2633 902 2704 perimentum
927 2625 1164 2697 quaeritis
1186 2624 1317 2692 ejus,
1339 2620 1428 2692 qui
1446 2620 1499 2674 in
1519 2635 1604 2673 me
1621 2618 1852 2688 loquitur
1871 2612 2063 2670 Christi
2077 2613 2128 2666 ἲ»

553 2721 839 2794 (2.601315
853 2719 930 2788 .5)
945 2717 1089 2770 lianc
1104 2713 1261 2785 igitur
1279 2711 1601 2782 praemissam
1617 2708 1766 2764 Isaia:
1783 2704 2130 2777 prophetiam:

559 2835 577 2866 ι
612 2816 719 2885 Ego
741 2826 860 2868 sum
879 2819 934 2865 et
959 2824 1062 2864 non
1087 2817 1170 2863 est
1203 2806 1372 2868 alius;
1404 2823 1423 2854 ι
1474 2811 1548 2867 et,
1599 2821 1618 2853 ι
1648 2801 1748 2855 Per
1767 2797 2136 2864 memetipsum

551 2910 694 2980 juro,
716 2905 836 2977 quia
859 2902 986 2957 mihi
1005 2899 1244 2956 curvabit
1263 2913 1320 2954 se
1337 2911 1494 2952 omne
1517 2910 1674 2966 genu,
1693 2904 1746 2948 et
1765 2889 1937 2946 omnis
1961 2889 2136 2958 lingua

559 2997 897 3055 conﬁtebitur
919 2995 1082 3050 Deum
1106 3007 1314 3058 verum,
1345 3009 1364 3042 ι
1389 2988 1586 3044 Paulus
1606 2986 1673 3040 de
1690 2985 1904 3041 Christo
1922 2983 2133 3052 accipit.

566 3091 636 3145 Et
689 3089 778 3144 ubi
827 3088 964 3141 hanc
1003 3083 1209 3139 invenis
1260 3076 1807 3138 demonstrationem?
1836 3075 1914 3130 Ad
1941 3074 2140 3128 Roma-

560 3197 660 3236 nos
686 3179 924 3235 scribens
966 3176 1078 3230 ait:
1107 3193 1127 3226 ‹
1155 3173 1234 3228 Tu
1280 3179 1456 3226 autem
1502 3167 1628 3239 quid
1675 3165 1878 3237 judicas
1922 3162 2138 3217 fratrem

559 3272 747 3328 tuum?
799 3278 890 3324 aut
959 3277 1013 3321 tu
1068 3280 1232 3335 quare
1284 3261 1492 3335 spernis
1541 3259 1758 3312 fratrem
1810 3255 1995 3310 tuum?
2045 3267 2140 3306 cur

557 3364 784 3419 invicem
828 3358 1112 3431 iudicatis?
1149 3356 1346 3411 Omnes
1407 3353 1546 3408 enim
1598 3350 1854 3405 stabimus
1901 3352 2022 3400 ante
2047 3345 2142 3400 tri-

562 3455 728 3511 bunal
769 3451 985 3508 Christi.
1042 3450 1307 3518 Scriptum
1353 3453 1436 3498 est
1480 3443 1621 3498 enim
1654 3458 1666 3494 :
1695 3439 1830 3493 Vivo
1858 3453 1977 3508 ego,
2017 3435 2144 3491 dicit

562 3548 842 3610 Dominus,
892 3543 1139 3614 quoniam
1193 3538 1321 3593 mihi
1377 3536 1620 3591 ﬂectetur
1675 3546 1834 3586 omne
1876 3544 2036 3600 genu,
2087 3535 2143 3581 et

562 3641 736 3696 omnis
757 3640 931 3709 lingua
957 3633 1290 3690 conﬁtebitur
1314 3630 1477 3684 Deum
1505 3641 1719 3681 verum»
1745 3623 1918 3695 (Rom.
1949 3623 2034 3677 Η.
2054 3622 2141 3678 10.

564 3733 656 3788 ίὸ.
681 3731 736 3786 Η
763 3730 804 3801 ).
843 3729 934 3782 Ille
966 3734 1049 3781 est
1087 3723 1175 3792 qui
1225 3722 1318 3786 ait,
1347 3737 1365 3771 ι
1389 3719 1503 3788 Ego
1524 3732 1660 3783 sum,
1685 3724 1739 3771 et
1763 3731 1866 3769 non
1889 3725 1971 3771 est
1988 3716 2140 3781 alius;

568 3843 667 3896 per
725 3821 1098 3888 memetipsum
1135 3816 1292 3885 juro,
1319 3812 1442 3882 quia
1491 3810 1618 3864 mihi
1657 3807 1962 3864 curvabitur
1989 3821 2146 3862 omne

568 3933 726 3990 genu.
756 3934 775 3968 ι
803 3915 858 3971 Si
885 3926 1012 3981 ergo
1055 3908 1248 3964 Paulus
1299 3901 1630 3974 prophetiam
1676 3900 1891 3954 Christo
1940 3899 2142 3954 refert:

569 4013 660 4083 qui
698 4020 872 4064 autem
913 4005 1048 4076 apud
1096 4000 1409 4073 prophetam
1455 3995 1687 4065 loquitur
1735 4002 1816 4048 est
1864 3991 2143 4058 Christus;

572 4261 798 4315 ntagmtm
822 4243 1118 4315 deﬁnienset
1136 4251 1336 4313 parvum
1357 4245 1406 4315 et.
1428 4233 1674 4315 mittimitti:
1688 4246 1706 4293 ;
1719 4241 1779 4315 ﬁt)
1802 4230 2148 4315 igfraz’gllegq-

575 4294 938 4374 ὗίῖῗῖῗῧεέέᾶδ
955 4294 986 4374 ἔ
1004 4306 1076 4374 At?
1098 4294 1224 4354 εήίηι
1261 4294 1911 4374 σωηίέοηὲἓίέᾆῗὲ·μῖ)ἕτ-⁷ὶ;
1930 4294 2077 4374 Ξιέἓω
2102 4296 2150 4374 “3

577 4355 790 4436 {Egilia
809 4355 1023 4420 ainnulat
1045 4367 1214 4436 homo,
1235 4375 1334 4436 non
1357 4369 1406 4410 ut
1431 4355 1650 4436 {ansistgt
1678 4368 1826 4436 itaque
1927 4355 2151 4436 έιοελρεᾴ

572 4416 990 4501 mitram
1013 4416 1055 4478 θα
1489 4416 1829 4501 setam-
1846 4416 2154 4501 31.9.1023:-

577 4477 865 4549 33665.1;
874 4477 1031 4543 autem
1051 4477 1160 4540 vere
1182 4493 1251 4537 est
1271 4482 1468 4549 scientia
1489 4477 1822 4549 inenarrabilis
1842 4485 2022 4549 statstat:
2050 4479 2152 4549 Tri-

582 4538 1036 4620 iiei'héiia:
1057 4538 1269 4620 mm
1291 4542 1535 4620 εςίεηιὲαηῖ
1558 4541 1616 4620 at
1630 4541 1912 4620 utereris.
1924 4538 2154 4620 litteratis

582 4557 744 4609 uitatis
771 4569 892 4620 :per
915 4555 1036 4603 hanc
1057 4557 1269 4602 sanctam
1291 4555 1535 4597 scientiam
1558 4555 1616 4592 ao
1638 4555 1912 4651 ignorantia.
1927 4555 2151 4590 tweramr

580 4620 735 4684 home.
757 4619 914 4684 gratia
943 4613 1071 4684 βιίιςε
1107 4612 1192 4662 Dei
1214 4615 1406 4684 υρεαιιιτ
1443 4612 1541 4684 is}
1569 4601 2151 4684 PB-E§§.1‘I“EE!"°.EE§*.‘EE

584 4661 1162 4731 imﬁgﬁian’éuém
1181 4679 1339 4722 autem
1377 4683 1408 4718 a
1435 4666 1523 4716 Dei
1560 4664 1819 4731 cognitione
1849 4661 1936 4720 est,
1961 4661 2070 4710 licet
2090 4675 2155 4731 ea“.

582 4724 1048 4793 ἦῦἱιῖεὶὲίὶιὲήέὶιηιδ,
1093 4736 1294 4786 donante
1324 4739 1564 4793 creatore.
1603 4724 1872 4793 ῇηείίεεηίδ
1909 4731 2086 4793 ⁰’¹¹⁸’⁷³’
2110 4728 2156 4771 ⁸⁸

703 4790 978 4853 secundum
1017 4790 1294 4848 interiorem
1311 4790 1585 4856 “hominem
1608 4802 1701 4856 non
1743 4792 1886 4856 extra
1925 4792 2156 4856 7011012th

585 4848 835 4932 egigni-ibus
847 4848 1099 4928 tuamque
1123 4865 1189 4926 est
1205 4853 1468 4932 intellectus
1490 4849 1705 4932 rationis.
1729 4848 1819 4932 sed
1842 4858 1992 4932 neque
2016 4851 2158 4932 eatea

881 4929 950 4992 est
972 4912 1100 4992 enim
1138 4916 1402 4992 intellectus
1446 4912 1727 4992 intelligens,
1753 4915 1796 4992 e't
1819 4912 2157 4992 rationm-trimi

585 4969 1061 5049 tatvspiritns
1084 4979 1243 5049 palum
1267 4977 1531 5049 [amongst
1553 4969 2160 5049 essemateriam)?

588 5027 1410 5107 2525;255th5533impietatem.
1437 5027 1566 5107 alens
1609 5027 1745 5107 en‘ittt;
1771 5045 1855 5107 seu
1875 5027 2157 5107 intellectus,

591 5090 1234 5167 ἳξῆἓῗῖἆῦἱξ-Ῑᾶιιῖείέπὶηι
1265 5099 1482 5167 Verbum,
1517 5103 1612 5164 etc.
1658 5094 1780 5142 Vide
1797 5090 2160 5167 g‘heodoretum

591 5158 769 5234 bitas-st.
803 5158 870 5223 ἑο
959 5167 1204 5234 ϐοιιεεὶηιτ
1241 5169 1364 5234 Αῐ-ρ.
1390 5161 1458 5234 7_:
1481 5158 1761 5234 'Qu‘iqttere.
1793 5158 2021 5234 timorist
2044 5160 2160 5234 fer:

594 5219 967 5287 Biﬁi’iu’énim
1007 5240 1116 5279 vere
1138 5232 1206 5277 est
1230 5219 1385 5287 unitos
1413 5219 1670 5287 n'ittitatis,
1715 5223 1780 5287 et
1809 5219 2010 5287 Trinitas
2028 5225 2160 5287 'uere

595 5275 1232 5352 ωηῖὶῖῶῧξηρῗῦῥιένὲιι
1271 5282 1416 5352 enim.
1453 5286 1592 5350 lfater
1637 5276 1866 5352 eagsistetts
1909 5275 2161 5352 subsisten-

706 5335 1031 5417 éiET,"é'i'pdsi
1043 5335 1219 5419 multa,
1255 5337 1840 5419 selectissimamj'cieutiw“
1861 5335 2163 5419 agitagit?

595 5401 688 5472 ἱῖύι
704 5401 1034 5482 Ξῐ-’ἱιὲίηίῐιίιέ
1051 5401 1232 5466 ultima:
1254 5401 2066 5482 semermis.sumtis}.fi

813 5458 1080 5544 uq‘uiil‘lr'ia'
1087 5458 1263 5541 iam;
1286 5467 1545 5519 secundum
1556 5458 1690 5544 Lquod
1713 5458 2066 5544 immutabiliter
2084 5458 2165 5544 I‘ta-

600 5526 1101 5602 ὗξῖἶιῖῖδὲἇιὲὶὶρδαηι
1133 5526 1335 5584 Trinitas
1360 5529 1669 5602 umt'nuturq
1683 5526 2166 5602 Jersistenstpropﬁr

599 5584 685 5655 hoc
704 5584 1118 5664 hiuiii'fﬂiitiids
1140 5607 1282 5664 porro
1298 5589 1566 5664 secundimt
1581 5584 1923 5664 quotlnon‘uua
1941 5593 2164 5664 persona,

598 5646 686 5716 Et}
709 5646 1179 5715 Ir'é'il"1’~riaiid§t¥ér'e
1213 5661 1283 5707 est
1321 5646 1616 5716 unitas,_etc.
1645 5646 1909 5716 Invenitur,
1938 5651 2163 5716 etc.__sap.

603 5704 739 5784 iui...
1154 5704 1276 5768 hanc
1292 5704 1657 5787 ‘digrcssmnem
1691 5708 1838 5755 amori
1855 5718 1990 5787 lerga
2011 5704 2165 5787 γιιρυ-

602 5766 1466 5846 t-iltFett-ini'meo-pomuloicondodari5
1491 5774 1627 5831 cujus
1653 5767 1976 5846 ergonc‘ulpam
1996 5766 2167 5827 depre-

606 5826 1209 5911 Eii-lviiiﬁo',"§i“cliiﬁ£(é;t;
1219 5826 1368 5903 quam
1391 5826 1528 5898 culpa
1548 5826 1740 5884 vacare—-
1767 5826 1965 5878 C0161”-

2033 395 2300 454 ιΝΟΕΒἸΊ

3708 385 3800 444 4Ξῆ

2231 509 2361 565 dicit
2399 522 2527 563 vero
2570 504 2833 570 Christus,
2860 501 2969 574 Ego
2992 519 3104 557 sunt
3148 503 3305 565 solus,
3336 511 3382 556 et
3411 517 3511 554 non
3533 511 3602 554 ost
3633 502 3763 555 alius
3792 520 3804 557 :

2231 615 2361 670 ergo
2383 599 2590 654 Patrem
2614 597 2757 665 ejicit
2781 595 3093 650 divinitate?
3115 593 3273 662 Atqui
3301 606 3406 647 non
3427 592 3601 660 ejieit;
3625 608 3807 646 revera

2233 707 2462 761 namque
2507 705 2612 743 non
2643 689 2821 756 ejicit;
2856 683 3123 740 individua
3151 685 3291 737 enim
3319 691 3402 737 est
3429 683 3619 752 gloria.
3669 679 3808 752 Ergo

2231 785 2377 840 clare
2405 783 2829 836 demonstratum
2859 787 2941 832 est
2961 817 2976 843 ,
3003 774 3446 846 quemadmodum
3479 775 3646 828 Filius
3690 787 3808 828 cum

2231 876 2382 937 dicit,
2411 872 2522 943 Ego
2560 888 2673 925 sum
2712 872 2872 933 solus,
2925 883 3031 922 non
3061 867 3204 935 ejicit
3230 867 3474 930 Patrem;
3525 865 3595 918 ita
3643 881 3811 932 neque

2231 983 2353 1021 cum
2384 965 2451 1020 de
2491 963 2647 1018 Patre
2701 961 2852 1026 dicit,
2899 959 2967 1014 Ut
3014 965 3313 1029 cognoscant
3352 967 3399 1010 te
3435 957 3597 1010 solum
3639 973 3811 1012 verum

2233 1059 2436 1122 Deum,
2472 1057 2706 1125 seipsum
2737 1055 3018 1124 sejungere
3048 1068 3076 1105 a
3107 1051 3348 1106 veritate.
3379 1046 3560 1120 Neque
3603 1050 3702 1104 hoc
3726 1065 3811 1103 so-

2235 1151 2344 1204 lum
2393 1147 2674 1203 salubriter
2717 1146 2937 1200 docetur
2979 1160 2993 1206 ;
3041 1142 3135 1197 sed
3179 1142 3336 1195 etiam
3374 1140 3648 1194 Christum
3693 1155 3810 1195 esse

2232 1255 2418 1294 verum
2457 1239 2624 1293 Deum
2661 1252 2727 1292 ex
2765 1237 2881 1305 ipso
2918 1233 3218 1289 testimonio
3261 1231 3503 1286 infertur.
3532 1231 3813 1302 Subjungit

2236 1333 2397 1396 enim,
2427 1331 2492 1385 Et
2518 1348 2679 1385 omnis
2713 1331 2885 1401 lingua
2910 1328 3227 1396 conﬁtebitur
3255 1326 3416 1380 Deum
3441 1341 3632 1379 verum.
3673 1325 3812 1380 Pro-

2230 1425 2361 1480 inde
2383 1425 2472 1494 qui
2500 1422 2646 1486 dicit,
2676 1421 2790 1493 Ego
2817 1422 2975 1483 solus,
3000 1431 3044 1472 et
3065 1435 3154 1490 ego
3184 1434 3347 1483 verus,
3375 1415 3547 1472 Filius
3572 1425 3675 1472 est.
3703 1419 3814 1472 Cur

2235 1530 2363 1586 ergo
2378 1513 2651 1570 contendit
2666 1513 2731 1568 de
2751 1512 2947 1578 verbis,
2965 1512 3052 1565 ubi
3072 1509 3575 1565 eonsentitveritas?
3595 1509 3702 1563 Cur
3727 1508 3814 1563 ita-

2234 1624 2340 1680 que
2368 1608 2576 1670 dixerit,
2610 1606 2680 1660 Te
2705 1607 2868 1660 solum
2889 1621 3057 1660 verum
3082 1602 3266 1665 Deum,
3291 1601 3486 1664 edisce,
3511 1611 3562 1655 et
3593 1617 3658 1655 ne
3686 1617 3813 1654 cnn-

2236 1710 2406 1755 certa.
2428 1699 2678 1754 Servator
2705 1705 2997 1766 praeceptor
3022 1705 3105 1750 est
3132 1693 3333 1759 mundi,
3351 1703 3622 1748 corrector
3647 1693 3811 1757 orbis,

2235 1792 2326 1862 qui
2349 1792 2493 1861 lapsa
2516 1789 2688 1860 erigit,
2715 1788 2944 1843 errantia
2972 1785 3175 1842 reducit
3189 1795 3242 1841 et
3257 1785 3544 1840 inveterata
3573 1794 3810 1841 renovat.

2232 1887 2372 1954 Quia
2417 1891 2642 1940 noverat
2673 1896 2972 1938 sermonem
3020 1895 3173 1934 suum
3218 1893 3610 1948 processurum,
3639 1888 3692 1932 et
3719 1885 3816 1946 per

2236 1989 2406 2036 totum
2437 1979 2619 2034 orbem
2661 1974 3050 2046 propagandum
3089 1971 3157 2027 ad
3198 1971 3566 2043 corrigendum
3611 1971 3817 2041 gentili-

2239 2073 2368 2129 tium
2401 2085 2658 2134 errorem,
2683 2078 2734 2123 et
2761 2066 2828 2122 ad
2854 2063 3236 2135 coarguendam
3265 2063 3538 2118 Judaicam
3563 2063 3815 2117 incredu-

2239 2163 2446 2218 litatem
2472 2203 2486 2227 ,
2518 2160 2768 2230 utrinque
2809 2166 2966 2212 acuto
3012 2170 3138 2211 usus
3162 2165 3243 2210 est
3267 2169 3547 2219 sermone;
3591 2163 3648 2208 ut
3687 2155 3815 2209 dum

2235 2253 2388 2317 dicit,
2425 2249 2612 2306 Verum
2641 2260 2687 2305 et
2715 2250 2878 2305 solum
2921 2246 3108 2311 Deum,
3144 2246 3320 2317 plures
3371 2245 3639 2314 falsosque
3685 2244 3817 2300 deos

2233 2343 2561 2409 traduceret,
2587 2356 2815 2411 cumque
2842 2339 3040 2405 subdit,
3074 2337 3140 2392 Et
3167 2355 3311 2407 quem
3336 2337 3516 2391 misisti
3539 2335 3814 2402 Christum,

2236 2435 2361 2492 illos
2380 2434 2469 2504 qui
2498 2433 2912 2488 incarnationem
2935 2439 3252 2499 negaverant
3277 2428 3592 2484 confutaret.
3618 2429 3818 2483 Przedi-

2238 2537 2324 2586 cat
2344 2518 2514 2583 solum
2538 2541 2719 2581 verum
2736 2525 2931 2587 Deum;
2956 2538 3062 2577 non
3079 2523 3373 2592 separando
3398 2537 3477 2590 se,
3500 2522 3593 2577 sed
3621 2523 3818 2576 instru—

2239 2626 2419 2674 menta
2457 2616 2654 2673 erroris
2705 2613 3059 2669 destruendo.
3105 2615 3278 2682 Atque
3307 2621 3365 2665 ut
3389 2611 3586 2676 discas,
3618 2610 3816 2677 frater,

2239 2713 2414 2783 ipsum
2440 2725 2558 2766 esse
2582 2718 2634 2764 et
2655 2721 2838 2763 verum
2862 2707 3045 2770 Deum,
3081 2715 3134 2759 et
3152 2704 3262 2759 veri
3292 2704 3384 2760 Dei
3415 2703 3632 2768 Filium,
3661 2703 3817 2758 Joan-

2239 2820 2341 2860 nes
2388 2801 2704 2872 evangelista
2749 2801 2802 2854 in
2853 2813 2958 2869 quo
3001 2797 3116 2852 hzec
3160 2796 3354 2866 scripta
3399 2804 3567 2852 sunt:
3601 2804 3725 2850 nam
3768 2797 3817 2850 in

2237 2892 2832 2967 Evangeliosecnndum
2849 2889 3104 2946 Joannem
3127 2888 3354 2942 habetur
3377 2905 3390 2942 :
3421 2887 3489 2942 Ut
3512 2899 3818 2958 cognoscant

2241 2996 2293 3040 te
2316 2987 2476 3040 solum
2495 2999 2663 3038 verum
2687 2981 2848 3035 Deum
2869 2981 2887 3050 (
2903 2981 3059 3034 Joan.
3097 2980 3180 3033 l7.
3210 2980 3244 3034 ’5
3263 2979 3316 3050 );
3342 2979 3478 3032 idem
3507 2977 3596 3032 ille
3622 2993 3816 3048 praeco.

2243 3080 2334 3150 qui
2363 3078 2477 3132 haec
2516 3074 2852 3144 prmdicavit,
2883 3073 2936 3126 in
2969 3071 3203 3140 Epistola
3251 3085 3348 3125 sua
3392 3069 3577 3124 scribit
3608 3087 3621 3124 :
3654 3070 3818 3139 prima

2243 3178 2420 3224 autem
2449 3167 2683 3236 Epist'ola
2705 3167 2844 3220 inter
2871 3179 2934 3219 ea
2961 3179 3076 3234 qua:
3115 3163 3167 3217 in
3207 3163 3442 3218 Ecclesia
3469 3163 3818 3231 recipiuntur,

2243 3276 2352 3315 non
2397 3260 2535 3314 inter
2563 3256 2864 3328 apocrypha
2887 3263 3197 3311 recensetur
3225 3252 3300 3327 (a)
3335 3272 3348 3308 :
3380 3269 3502 3308 nam
3536 3255 3820 3310 secundam

2245 3362 2302 3408 et
2346 3352 2553 3407 tertiam
2601 3359 2777 3420 patres
2806 3357 2952 3402 extra
3010 3359 3267 3402 canonem
3321 3355 3544 3416 ponunt.
3595 3346 3820 3400 Primam

2244 3458 2374 3498 vero
2427 3442 2718 3512 Epistolam
2773 3440 2990 3496 JOannis
3043 3454 3198 3504 esse,
3256 3453 3441 3494 omnes
3465 3441 3818 3494 consentiunt.

2243 3534 2386 3600 Quid
2417 3533 2572 3603 igitur
2595 3533 2684 3586 ille
2712 3541 2927 3587 sanctus
2953 3545 3047 3600 per
3068 3530 3347 3600 epistolam
3374 3530 3441 3584 de
3470 3530 3579 3584 Deo
3604 3532 3824 3600 loquens

2243 3625 2500 3696 praedicet
2523 3623 2940 3678 animadvertere
2959 3633 3177 3676 necesse
3196 3631 3294 3676 est.
3320 3621 3578 3690 «Scimus,
3592 3640 3609 3672 ι
3635 3622 3823 3692 inquit,

2255 3735 2276 3768 α
2305 3717 2551 3786 qoniam
2574 3714 2737 3768 Filius
2766 3712 2860 3769 Dei
2893 3713 3056 3776 venit,
3085 3721 3139 3767 et
3160 3710 3304 3766 dedit
3327 3712 3481 3766 nobis
3504 3726 3752 3776 sensum,
3777 3721 3829 3766 ut

2249 3821 2633 3878 cognoscamus
2660 3805 2806 3860 illum
2846 3806 2933 3875 qui
2959 3817 3116 3859 verus
3143 3813 3258 3868 est,
3291 3814 3345 3858 et
3389 3806 3553 3858 simus
3593 3805 3648 3859 in
3678 3821 3823 3868 vero,

2247 3899 2306 3954 in
2345 3899 2480 3954 Filio
2505 3901 2620 3967 ejus
2639 3896 2765 3952 Jesu
2786 3896 3017 3950 ChriSto.
3049 3893 3143 3950 Hic
3163 3903 3246 3950 cst
3271 3909 3429 3950 verus
3448 3895 3608 3959 Deus,
3643 3905 3698 3950 et
3724 3896 3825 3948 vita

2251 4001 2450 4048 aeterna
2481 4010 2500 4044 ι
2528 3992 2546 4062 (
2572 3991 2622 4045 1.
2649 3989 2804 4044 Joan.
2834 3990 2886 4045 5.
2912 3986 3036 4060 9.0).
3072 3990 3193 4053 Iste,
3225 3988 3416 4043 fratres
3436 4031 3450 4054 ,
3481 3997 3534 4043 et
3562 3989 3652 4043 illa
3678 3989 3826 4052 dixit,

2252 4094 2309 4140 ct
2330 4084 2445 4138 hare
2473 4081 2794 4152 przediravit.
2842 4080 3049 4147 Adhuc,
3081 4081 3126 4134 si
3157 4079 3348 4150 placet,
3379 4078 3448 4134 de
3492 4092 3626 4134 voce
3678 4079 3834 4135 Solus

2254 4173 2687 4246 philosophemur
2730 4181 2788 4226 et
2831 4170 3182 4240 disputemus.
3238 4170 3511 4224 Adversus
3556 4170 3829 4224 infidelem

2255 4267 2435 4322 multa:
2460 4265 2664 4335 sagittae
2709 4264 3006 4328 mittantur,
3052 4275 3158 4316 non
3184 4269 3242 4315 ut
3267 4275 3492 4330 corpora
3529 4260 3834 4323 vulnerent,

2255 4357 2349 4412 sed
2397 4365 2457 4411 ut
2501 4353 2790 4409 sententias
2838 4352 3126 4421 corrigam.
3178 4349 3501 4406 Emittantur
3551 4351 3717 4405 verba
3771 4349 3836 4403 ad

2257 4447 2458 4511 ﬁdeles,
2483 4445 2685 4515 sagittae
2717 4457 2845 4497 vero
2883 4442 2948 4496 ad
2982 4441 3238 4496 inﬁdeles.
3261 4439 3392 4495 Nam
3423 4441 3640 4510 Sagitta
3668 4450 3842 4510 poten-

2259 4541 2322 4593 tis
2367 4547 2552 4599 ασκεω.
2583 4534 2758 4605 populi
2794 4535 2886 4586 sub
2925 4543 2971 4587 te
3005 4533 3183 4586 cadent
3227 4530 3338 4604 (lt),
3367 4533 3421 4584 in
3468 4531 3620 4585 corde
3666 4532 3838 4586 inimi-

2257 4645 2430 4684 corum
2461 4627 2648 4698 (Psal.
2673 4626 2763 4680 44.
2796 4624 2890 4696 6).
2922 4625 3010 4678 Ait
3033 4639 3160 4695 ergo
3187 4624 3373 4679 beatus
3392 4623 3688 4689 Jeremias,
3730 4625 3838 4678 sive

2259 4723 2433 4790 potius
2459 4717 2685 4782 Baruch,
2710 4718 2795 4787 qui
2816 4715 3102 4786 discipulus
3129 4715 3268 4769 illius
3307 4715 3424 4779 fuit,
3454 4715 3591 4770 sicut
3618 4715 3841 4769 Eliszeus

2263 4813 2428 4868 Eli-ae:
2461 4831 2479 4862 ‹
2505 4812 2603 4878 Qui
2649 4813 2960 4880 prteparavit
2998 4817 3192 4863 terram
3233 4809 3284 4862 in
3319 4816 3576 4862 aeternum
3608 4819 3840 4878 tempus,

2261 4906 2486 4975 replevit
2535 4921 2652 4960 eam
2704 4905 2956 4975 jumentis
3005 4913 3059 4958 et
3110 4902 3540 4972 quadrUpedibus
3593 4919 3605 4954 :
3666 4903 3844 4957 emisit

2255 4999 2461 5064 lumen,
2491 5007 2545 5052 et
2571 4997 2746 5062 vadit;
2789 4997 2997 5052 vocavit
3022 4995 3149 5050 illud
3168 5038 3183 5061 ,
3211 5003 3265 5050 et
3293 4994 3524 5048 obedivit
3553 4995 3626 5048 illi
3658 4996 3710 5048 in
3737 5003 3843 5049 tre-

2265 5109 2434 5148 more.
2469 5091 2647 5147 Stellae
2688 5099 2863 5145 autem
2907 5088 3166 5143 fulserunt
3220 5086 3274 5142 in
3325 5087 3580 5142 custodiis
3627 5087 3764 5154 suis,
3795 5096 3846 5140 et

2266 5187 2455 5238 lzetatae
2470 5191 2611 5246 sunt;
2635 5183 2840 5236 vocavit
2860 5181 3000 5250 ipsas
3013 5180 3212 5244 stellas,
3225 5195 3243 5230 ι
3262 5177 3454 5247 inquit,
3473 5195 3492 5227 ι
3503 5186 3558 5232 et
3571 5177 3842 5236 dixerunt.

2267 5276 2530 5330 Adsumus
2562 5290 2575 5324 :
2609 5281 2662 5327 et
2709 5271 2965 5326 fulserunt
2994 5271 3045 5324 in
3077 5269 3256 5324 laetitia
3299 5270 3347 5323 ei
3395 5269 3484 5337 qui
3523 5267 3652 5323 fecit
3695 5267 3840 5323 illas;

2355 5454 2406 5515 α)
2440 5452 2562 5515 Yide
2586 5463 2728 5515 supra
2751 5451 2801 5498 in
2815 5451 3014 5515 _Monitq.

2357 5465 2406 5515 α)
2447 5465 2562 5500 Viue
2586 5465 2643 5500 su
2661 5465 2728 5498 ira
2751 5465 2801 5498 in
2826 5465 3014 5498 monito.

2357 5514 2403 5576 b)
2436 5514 2490 5562 In
2515 5465 2691 5576 ruendo
2715 5518 2791 5576 est
2814 5511 2945 5576 locus
2967 5508 3124 5576 Cyrilli
3143 5506 3464 5576 Alexandrini
3495 5504 3779 5576 Comment.
3796 5502 3851 5551 ad

2271 5566 2536 5625 Zachariam
2555 5589 2602 5622 n.
2627 5573 2704 5631 60,
2727 5575 2775 5621 in
2798 5566 3124 5634 exquisitione
3143 5569 3284 5634 hujus
3299 5576 3465 5617 textus
3485 5581 3496 5616 :
3517 5566 3716 5634 ngitl‘te
3731 5566 3852 5626 ejus,

2273 5638 2532 5700 M-yataqogi
2552 5671 2566 5696 ,
2591 5646 2668 5700 eos
2691 5628 2772 5696 qui
2793 5628 2958 5683 errant
2981 5644 3143 5700 verum
3167 5628 3257 5700 ΒΞὶ
3287 5636 3513 5700 nautium
3546 5628 3825 5700 ignormues
3841 5660 3856 5682 ,

2274 5688 2564 5762 palantum;
2585 5694 2681 5746 illis
2703 5688 2796 5745 non
2819 5693 3314 5762 moi-temon‘erentes
3329 5688 3411 5762 sed
3435 5688 3722 5762 maritalem
3755 5698 3861 5762 qua:

2274 5751 2342 5809 tu
2365 5761 2414 5808 in
2438 5751 2650 5814 Christo,
2685 5764 2736 5806 ut
2766 5756 2852 5820 sub
2884 5756 2986 5820 ipso
3017 5751 3190 5816 feriam
3233 5754 3479 5814 Quinimo,
3503 5751 3715 5812 cadant,
3739 5755 3861 5800 ςιωι

2278 5829 2329 5871 et
2353 5836 2478 5871 eam
2503 5828 2650 5882 patet.
2676 5818 2875 5869 Coteler.
