4044 6306
222 354 323 412 1ἳὸ

294 501 368 559 ς’.
422 491 638 562 Ἐπειδὴ
667 491 758 544 τὸν
786 490 979 562 ἐχθρὸν
1011 490 1291 560 γυμνάζω,
1320 487 1492 543 ταῦτά
1524 505 1614 560 μοι
1639 490 1788 558 εἰρη-

223 601 343 650 ται,
378 583 465 638 ἵνα
497 584 630 655 μηδέ
657 600 800 646 τινες
824 583 932 636 τῶν
960 582 1262 637 διαϐάλλειν
1290 581 1586 651 φιλούντων
1623 580 1793 634 εῐπω-

226 695 327 731 σινο
360 678 501 748 Ὅρα
529 677 642 741 πῶς
663 672 837 739 εἶπεν,
855 675 938 728 ὅτι
962 675 1136 729 πάντα
1156 673 1249 728 τοῦ
1277 673 1405 727 Υίοῦ
1434 676 1568 739 ἐστι,
1587 675 1700 740 καὶ,
1733 674 1793 727 Ὁ

226 769 348 834 Υἱὸς
364 769 677 839 φθέγγεται,
697 769 788 822 καὶ
811 767 1086 832 ἀπέδειξεν
1115 767 1212 838 μὲν
1229 765 1510 837 ἀλλοτρίαν
1534 765 1631 836 τὴν
1660 783 1794 836 προ-

229 862 452 932 φητείαν
482 859 575 914 τοῦ
598 859 828 931 Πατρὸς.
848 858 994 931 [429]
1021 858 1153 912 ἰδίαν
1171 858 1226 911 δέ
1255 858 1348 911 τοῦ
1376 857 1520 914 Υίοῦ,
1555 855 1793 928 ’Ἑστηκέ

229 971 314 1025 μοι
362 952 656 1014 ἀσάλευτος
687 953 715 1003 6
746 952 871 1021 ὄρος
917 951 1016 1020 τῆς
1059 951 1312 1014 πίστεως.
1372 949 1542 1019 Ἀγών
1573 951 1687 1003 ἐστι
1733 950 1794 1003 τὸ

227 1044 644 1116 γυμναζόμενον.
675 1043 931 1115 Δείκνυμι
960 1041 1190 1096 ἐνταῦθα
1217 1042 1307 1096 τὸν
1334 1043 1459 1096 Υῑὸν
1491 1041 1795 1112 φθεγγόμε-

227 1157 331 1198 νον.
359 1139 452 1191 καὶ
477 1139 605 1192 ὅταν
634 1154 693 1190 σε
717 1137 911 1200 πείσω,
940 1137 1062 1190 τότε
1089 1137 1323 1206 ἐμαυτὸν
1352 1136 1542 1200 πείθω,
1575 1135 1796 1206 Πατέρα

227 1227 484 1282 λαλοῦντα
502 1266 516 1290 ,
553 1226 679 1280 Υίὸν
708 1227 1064 1298 κηρύττοντα,
1091 1226 1150 1279 τὸ
1177 1226 1398 1298 Πνεῦμα
1422 1227 1483 1279 τὸ
1516 1226 1670 1296 ἆγιον
1713 1226 1794 1279 θε-

229 1320 432 1382 σπίζον.
483 1318 631 1387 Ἐγὼ
666 1317 921 1386 πρῶτον,
951 1317 1066 1387 ἐγὼ
1097 1317 1194 1371 καί
1237 1319 1389 1388 μετὰ
1440 1318 1658 1382 ταῦτα,
1694 1319 1794 1373 καί

226 1406 390 1474 πλὴν
435 1406 583 1474 ἐμοῦ
616 1404 759 1472 Θεὸς
801 1407 912 1460 οὐκ
958 1406 1148 1460 ἐστιν.
1201 1411 1338 1462 Κατ’
1381 1409 1527 1478 ἐμοῦ
1575 1410 1793 1479 όμνύω.

228 1496 318 1559 Τίς
351 1497 497 1549 ἐστιν
529 1496 557 1548 6
599 1494 792 1563 λέγων,
837 1497 918 1548 ὅτι
978 1495 1122 1566 Ἐγώ
1156 1500 1305 1568 ειμι,
1338 1499 1437 1553 καί
1469 1501 1580 1553 οὐκ
1626 1499 1797 1554 ἐστιν

227 1588 414 1652 ἄλλος
433 1603 453 1650 ;
504 1588 597 1640 καὶ
634 1588 716 1640 ὅτι
774 1587 870 1641 Ἐκ
911 1589 1209 1658 στόματός
1254 1607 1374 1660 μου
1415 1590 1797 1655 ἐξελεύσεται

226 1680 608 1748 δικαιοσύνη;
641 1681 756 1744 καὶ,
805 1683 870 1735 Οἱ
903 1681 1068 1751 λόγοι
1107 1700 1227 1752 μου
1265 1686 1378 1738 οὐκ
1410 1686 1798 1756 ἀποστραφή-

225 1788 454 1827 σονται·
503 1772 593 1826 ὅτι
641 1773 769 1843 ἐμοὶ
821 1773 1042 1844 κάμψει
1087 1774 1211 1830 πᾶν
1256 1776 1436 1845 γόνυ,
1485 1777 1584 1831 καὶ
1628 1777 1796 1833 πᾶσα

169 1896 176 1904 .
226 1863 473 1934 γλῶσσα
495 1864 1002 1935 ἐξομολογήσεται
1029 1866 1178 1921 Θεὸν
1203 1867 1310 1921 τὸν
1329 1869 1651 1936 ἀληθινόν;
1673 1870 1796 1935 Πῶς

223 1956 374 2027 τίθης
397 1957 460 2008 τὸ
486 1958 666 2026 ρῆμας
693 1958 772 2022 είς
793 1958 914 2011 τίνα
933 1958 1291 2029 ἐκλαμϐάνεις
1308 1960 1370 2014 τὸ
1394 1960 1598 2032 ὃνομα;
1637 1963 1798 2017 Ἀλλά

230 2049 360 2119 μήτε
382 2050 450 2102 σὺ
477 2047 648 2118 φράξε
677 2048 713 2102 ἃ
745 2048 818 2119 μὴ
860 2041 1005 2112 οἶδας
1027 2090 1042 2114 ,
1075 2050 1211 2120 μήτε
1255 2049 1366 2118 ἐγὼ
1395 2051 1796 2122 ἐπαγγέλλομαι

226 2137 261 2191 ἂ
293 2138 366 2210 μὴ
408 2138 724 2209 ἐπίσταμαι.
770 2137 1246 2208 Ἀκολουθήσωμεν
1291 2137 1593 2208 διδασκάλῳ
1629 2155 1795 2190 πνευ-

229 2230 471 2302 ματικῷ,
516 2231 794 2301 δυναμένῳ
820 2233 968 2301 ἡμᾶς
999 2233 1277 2301 στοιχῆσαι
1319 2231 1456 2301 πρὸς
1496 2232 1795 2285 εὐσέϐειαν.

226 2326 311 2394 Μὴ
351 2325 533 2378 τοίνυν
569 2325 732 2379 ἄκουε
759 2325 887 2392 παρ’
915 2324 1087 2394 ἐμοῦ,
1112 2325 1225 2378 ἀλλ’
1270 2325 1433 2378 ἄκουε
1477 2325 1592 2395 μετ’
1638 2323 1805 2394 ἐμοῦ..

237 2419 373 2487 Ἐγὼ
416 2419 527 2473 τῶν
583 2418 1049 2488 ἐκκλησιαστικῶν
1111 2420 1392 2490 δογμάτων
1443 2420 1536 2474 τὸν
1588 2420 1798 2474 Παῦλον

224 2505 337 2564 οἶδα
365 2512 702 2566 διδάσκαλον.
753 2513 919 2566 Ὅταν
950 2512 1162 2566 Παῦλον
1206 2511 1344 2566 εἴπω
1367 2554 1382 2577 ,
1422 2514 1655 2586 Χριστὸν
1695 2532 1798 2585 κη-

225 2603 420 2674 ρύττω·
457 2605 618 2668 αὐτὸς
645 2605 754 2675 γὰρ
782 2599 849 2674 ῆν
873 2606 902 2657 6
934 2606 991 2657 ἐν
1025 2604 1218 2674 Παύλῳ
1243 2605 1629 2676 φθεγγόμενος,
1659 2606 1800 2660 κατὰ

222 2695 282 2748 τὸ
324 2696 643 2767 εἰρημένον
693 2699 764 2750 Et
811 2695 1068 2765 δοκιμὴν
1126 2695 1342 2764 ζητεῖτε
1392 2698 1500 2751 τοῦ
1556 2699 1624 2752 ἐν
1667 2700 1797 2768 ἐμοὶ

219 2789 561 2853 λαλοῦντος
586 2789 841 2858 Χριστοῦ
866 2807 890 2855 ;
905 2789 1118 2860 Ταύτην
1141 2790 1317 2843 τοίνυν
1346 2790 1445 2862 τὴν
1465 2792 1799 2863 προφητείαν

230 2879 456 2934 Ἡσαΐου
489 2882 586 2949 τὴν
621 2880 1043 2953 προειρημένην,
1085 2881 1166 2946 τὸ,
1211 2880 1356 2950 Ἐγώ
1381 2885 1493 2952 εἰμι
1515 2923 1530 2947 ,
1560 2883 1658 2936 καί
1689 2885 1800 2937 οὐκ

214 2970 394 3024 ἐστιν
425 2971 636 3037 ἄλλος·
671 2972 765 3025 καὶ
785 3013 800 3037 ,
829 2973 964 3026 Κατ’
997 2973 1255 3044 ἐμαυτοῦ
1284 2975 1481 3042 ὀμνύω
1502 3013 1516 3032 .
1553 2973 1640 3026 ὅτι
1671 2973 1800 3042 ἐμοὶ

216 3064 450 3133 κάμψει
485 3063 606 3118 πᾶν
631 3065 796 3134 γόνυ,
833 3066 929 3121 καὶ
959 3064 1131 3121 πᾶσα
1160 3065 1412 3134 γλῶσσα
1439 3065 1800 3135 ἐξομολογή-

211 3169 392 3210 σεται
423 3156 532 3209 τὸν
566 3157 711 3211 Θεὸν
742 3157 849 3211 τὸν
877 3155 1186 3226 ἀληθινὸν,
1228 3156 1434 3219 Παῦλος
1463 3159 1541 3219 εἰς
1566 3157 1800 3230 Χριστὸν

211 3247 609 3318 ἀναλαμϐάνει.
645 3249 755 3302 Καὶ
787 3248 890 3302 ποῦ
919 3249 1121 3318 ταύτην
1153 3249 1425 3320 εὑρίσκεις
1457 3249 1552 3320 τὴν
1584 3249 1800 3302 ἀπόδει-

210 3337 295 3406 ξιν
324 3358 340 3406 ;
387 3340 754 3394 Ἐπιστέλλων
791 3341 1079 3411 Ῥωμαίοις
1111 3341 1262 3410 φησι·
1294 3341 1377 3395 Σὺ
1402 3340 1470 3394 δὲ
1499 3341 1555 3394 τί
1581 3342 1801 3408 κρίνεις

208 3432 318 3484 τὸν
355 3431 634 3502 ἀδελφόν
677 3447 830 3497 σου;
873 3432 912 3502 ἣ
947 3435 1046 3488 καὶ
1099 3435 1181 3489 σὺ
1228 3435 1285 3488 τί
1326 3433 1666 3500 ἐξουθενεῖς
1695 3435 1802 3487 τὸν

205 3523 486 3592 ἀδελφόν
538 3539 694 3589 a'ov;
726 3526 784 3579 τί
813 3526 1125 3594 ἀλλήλους
1145 3527 1374 3595 κρίνετε
1392 3525 1658 3591 ;Πιίντες
1691 3524 1801 3594 γὰρ

205 3620 736 3687 παραστησόμεθα
785 3619 865 3685 τῷ
915 3619 1143 3689 ,βήματι
1192 3620 1300 3674 τοῦ
1355 3619 1635 3687 Χριστοῦ.
1690 3617 1796 3672 Γέ-

205 3726 467 3779 γραπται
494 3709 629 3782 γάρ⁹
660 3711 752 3766 Ζῶ
776 3711 910 3782 ἐγὼ,
937 3712 1098 3782 λέγει
1123 3713 1359 3780 Κύριος,
1384 3710 1471 3764 ὅτι
1501 3709 1630 3778 ἐμοὶ
1656 3709 1802 3779 κάμ-

201 3803 303 3869 ⁴ιίέι
333 3803 468 3857 πᾶν
495 3804 668 3872 γόνυ,
687 3804 785 3857 καί
813 3803 982 3858 πᾶσα
1008 3803 1261 3874 γλῶσσα
1289 3805 1799 3873 ἐξομολογήσεται

200 3890 312 3945 τὸν
353 3892 517 3947 Θεὸν
551 3892 661 3947 τὸν
703 3895 1007 3963 ἀληθινόν.
1074 3895 1308 3958 Ἐκεῖνος
1334 3897 1362 3948 6
1404 3895 1613 3963 λέγων’
1656 3895 1800 3964 Ἐγώ

195 3986 337 4053 ειμι,
381 3986 494 4039 καὶ
538 3986 654 4038 οὐκ
678 3984 848 4038 ἔστιν
873 3986 1081 4052 ἄλλος·
1118 3987 1246 4040 κατ’
1284 3987 1540 4055 ἐμαυτοῦ
1579 3988 1799 4056 ὀμνύω,

196 4075 288 4130 ὅτι
318 4078 458 4148 ἐμοὶ
493 4077 727 4146 κάμψει
763 4077 886 4134 πᾶν
913 4081 1080 4149 γόνυ.
1109 4081 1174 4134 Εἰ
1204 4081 1381 4134 τοίνυν
1409 4084 1437 4134 6
1474 4082 1682 4145 Παῦλος
1721 4083 1800 4147 εἰς

193 4171 442 4242 Χριστὸν
473 4171 748 4241 ἀναφέρει
779 4171 876 4242 τὴν
915 4173 1266 4242 προφητείανο
1303 4175 1331 4226 6
1365 4173 1421 4226 δέ
1454 4176 1511 4226 ἐν
1543 4174 1622 4245 τῷ
1666 4191 1796 4245 προ-

193 4265 342 4336 φήτῃ
375 4263 769 4335 φθεγγόμενος
796 4265 1029 4331 Χριστός
1060 4267 1198 4330 ἐστι,
1239 4265 1388 4333 λέγει
1411 4266 1467 4319 δὲ
1491 4269 1520 4320 6
1544 4268 1797 4338 Χριστόςο

203 4356 355 4424 Ἐγώ
375 4359 506 4425 εἰμι
537 4355 758 4424 μόνος,
779 4355 877 4408 καὶ
905 4357 1015 4410 οὐκ
1052 4355 1224 4410 ἐστιν
1255 4355 1464 4422 ἄλλος·
1495 4358 1689 4411 οὐκοῦν
1716 4361 1800 4412 ἐκ·

192 4447 379 4503 ϐάλλει
410 4448 513 4501 τὸν
547 4446 772 4514 Πατέρα
794 4446 896 4514 τῆς
919 4447 1203 4518 θεότητος;
1237 4449 1373 4501 Ἀλλ’
1401 4449 1500 4502 οὐκ
1529 4450 1796 4506 ἐκϐάλλει.

187 4539 381 4612 ὥσπερ
403 4537 512 4595 οὖν
535 4539 645 4593 οὐκ
668 4538 936 4592 ἐκϐάλλει·
967 4539 1258 4610 ἀμέριστος
1292 4540 1400 4610 γάρ
1427 4543 1459 4611 ἡ
1495 4541 1636 4606 δόξα.
1661 4542 1800 4594 Οὐκ-

187 4629 282 4683 οῦν
303 4630 722 4684 ἁπώέδεικται-
747 4628 952 4695 σαφῶς,
975 4629 1056 4681 ὅτι
1071 4628 1258 4700 ὥσπερ
1285 4631 1313 4683 6
1335 4630 1459 4692 Υἱὸς
1483 4632 1610 4684 ὅταν
1630 4630 1798 4699 λέγει,

199 4723 342 4794 Ἐγώ
366 4726 497 4793 εἰμι
532 4721 756 4792 μόνος,
792 4721 893 4775 οὐκ
919 4722 1167 4776 ἐκϐάλλει
1198 4723 1288 4776 τὸν
1321 4724 1562 4793 Παιτέρα⁸
1605 4724 1800 4791 οὕτως,

185 4817 309 4871 οὐδὲ
355 4819 501 4871 ὅταν
537 4817 679 4886 περὶ
724 4814 936 4886 Πατρὸς
969 4814 1144 4884 λέγει,
1190 4817 1316 4870 Ἵνα
1347 4817 1686 4886 γινώσκωσί
1726 4836 1799 4876 σε

185 4908 294 4963 τὸν
331 4910 555 4979 μόνον
607 4907 901 4973 ἀληθινὸν
953 4907 1120 4971 Θεὸν,
1176 4909 1365 4961 ἑαυτὸν
1401 4909 1650 4979 ἀφορίζει
1699 4911 1800 4979 τῆς

183 5000 479 5071 ἀληθείας.
515 4999 640 5053 Καὶ
661 4997 724 5050 οὐ
753 4996 911 5051 τοῦτο
941 5001 1099 5069 μόνον
1129 5000 1294 5061 ίᾶται,
1323 4999 1457 5054 ἀλλὰ
1482 5001 1589 5072 γὰρ
1619 5003 1712 5056 καὶ
1741 5002 1801 5056 τδ

183 5087 330 5150 εἶναι
359 5091 648 5164 ἀληθινὸν
672 5089 804 5143 Θεὸν
834 5091 926 5144 τὸν
952 5092 1207 5162 Χριστὸν,
1238 5091 1301 5156 ἐξ
1333 5093 1502 5163 αὐτῆς
1529 5093 1628 5163 τῆς
1657 5111 1800 5164 μαρ-

182 5185 386 5253 τυρίας
409 5181 792 5256 προφέρεται·
823 5182 1016 5250 ἐπάγει
1041 5183 1150 5253 γάρ
1173 5199 1188 5214 ο
1218 5185 1327 5238 Καὶ
1357 5183 1524 5238 πᾶσα
1551 5184 1800 5253 γλῶσσα

181 5274 733 5345 ἐξομολογήσεται
755 5271 864 5326 τὸν
887 5274 1035 5327 Θεὸν
1066 5274 1175 5329 τὸν
1199 5273 1508 5340 ἀληθινόν.
1543 5275 1751 5328 Οὐκοῦν
1772 5278 1800 5328 6

180 5374 385 5440 λέγων,
427 5371 598 5441 Ἐγὼ
615 5369 829 5437 μόνος,
856 5370 954 5422 καὶ
985 5369 1100 5438 ἐγὼ
1118 5370 1423 5438 ἀληθινὸς,
1451 5373 1480 5424 6
1505 5372 1630 5435 Υἱός
1657 5374 1796 5426 ἐστι.

180 5469 248 5522 Τί
275 5470 467 5525 τοίνυν
497 5464 762 5534 διαφέρει
783 5466 909 5536 περὶ
932 5465 998 5518 τὰ
1025 5467 1263 5536 ῥήματα,
1289 5467 1681 5538 συμφωνούσης
1704 5473 1801 5538 τῆς

114 5564 144 5587 “⁴
177 5567 492 5637 ἀληθείαςς
540 5560 709 5614 Διατί
747 5556 839 5614 οὖν
877 5556 1018 5626 εἷπε,
1051 5562 1128 5616 Σὲ
1161 5561 1268 5614 τὸν
1294 5565 1486 5631 μόνον
1511 5563 1802 5630 ἀληθινὸν

179 5664 355 5729 Θεὸν,
393 5656 690 5716 παιδεύου
709 5697 722 5717 .
753 5657 846 5708 καὶ
869 5656 944 5728 μὴ
976 5657 1169 5726 μάχου.
1219 5660 1277 5711 Ὀ
1302 5659 1490 5730 Σωτὴρ
1509 5662 1801 5734 παιδευτὴς

177 5764 314 5816 εστι.
340 5759 450 5816 τοῦ
513 5755 740 5824 κόσμου
762 5794 776 5820 ,
827 5752 1116 5827 διορθωτὴς
1150 5756 1244 5825 τῆς
1301 5758 1641 5828 οἰκουμένης,
1681 5763 1708 5814 6
1734 5760 1803 5814 τὰ

1197 350 1260 406 ΙΝ
1297 348 1524 415 ιιιῠο,
1559 345 1626 402 ΙΝ
1664 344 1808 414 QUA
1846 345 2272 416 POTESTATE,
2308 346 2458 404 ETC.

3347 341 3456 397 εει

1895 489 2218 540 πεπτωκότα
2279 487 2531 557 ἐγείρων,
2589 485 2619 537 6
2664 483 2731 538 τὰ
2781 483 3171 556 πεπλανημένα
3217 484 3469 556 ἐπιστρέ-

1890 597 2026 649 φων,
2071 579 2164 634 καὶ
2210 579 2280 633 τὰ
2329 577 2759 647 πεπαλαιωμένα
2803 576 3183 640 ἀνακαινίζων.
3251 576 3468 650 Ἐπειδὴ

1889 671 2004 743 ⁴ᾔδει
2038 672 2128 725 τὸν
2171 671 2362 725 ἑαυτοῦ
2413 671 2569 739 λόγον
2618 672 2875 742 προϊόντα
2932 671 3026 723 καὶ
3060 669 3353 740 ἰσχύσαντα
3388 673 3466 735 εἰς

1890 765 2070 818 πᾶσαν
2092 763 2190 837 τὴν
2213 764 2304 818 ὑπ’
2325 763 2573 834 οὐρανὸν,
2605 767 2684 826 είς
2705 763 2988 833 διόρθωσιν
3013 763 3114 834 τῆς
3151 763 3468 833 Ἑλληνικῆς

1889 852 2132 924 πλάνης,
2184 853 2278 906 καὶ
2309 853 2388 916 εἰς
2421 851 2636 922 ἔλεγχον
2669 851 2768 922 τῆς
2811 851 3107 919 Ἰουδαϊκῆς
3153 849 3464 914 ἀπειθείας,

1888 945 2138 1016 δίστομον
2167 946 2430 1017 προφέρει
2461 945 2553 998 τὸν
2579 943 2732 1013 λόγον
2752 960 2766 974 ο
2800 943 2887 996 ἵνα
2931 942 2997 996 δι’
3028 943 3128 1014 ἐμὲ
3179 943 3290 998 Τὸν
3320 943 3467 1010 ἀλη-

1891 1035 2062 1092 θινὸν
2086 1050 2112 1078 α
2152 1039 2248 1092 καὶ
2278 1039 2470 1107 μόνον
2507 1039 2683 1090 εἰπεῖν
2717 1037 2822 1089 τὸν
2854 1034 3022 1099 Θεὸν,
3069 1036 3195 1097 τοὺς
3240 1033 3467 1096 πολλοὺς

1890 1130 1985 1183 καὶ
2009 1129 2390 1199 ψευδωνύμους
2434 1127 2773 1200 στηλιτεύσῃε
2818 1126 2908 1179 διὰ
2945 1127 3002 1180 δὲ
3031 1126 3092 1179 τὺ
3143 1127 3465 1194 ἐπαγαγεῖν,

1892 1223 2002 1286 Καὶ
2025 1220 2466 1287 ὃνὰπέστειλας
2486 1220 2764 1290 Χριστὸν,
2780 1219 2907 1283 τοὺς
2928 1221 3066 1290 ἡρνη
3076 1219 3268 1289 μένους
3280 1218 3377 1288 τὴν
3397 1219 3468 1270 οί-

1891 1316 2146 1387 κονομίαν
2165 1315 2379 1388 ἐλέγξῃ.
2403 1315 2486 1387 Κη
2497 1313 2675 1384 ρύττει
2699 1314 2857 1384 μόνον
2872 1312 3122 1382 ἀληθινὸν
3147 1309 3462 1382 1450]Θεόνο

1889 1409 1986 1480 οὐχ
2032 1409 2222 1463 ἑαυτὸν
2247 1409 2539 1480 ἀφορίζων,
2573 1407 2707 1460 ἀλλά
2743 1405 2840 1460 καὶ
2875 1404 3085 1476 ὄργανα
3126 1404 3224 1474 τῆς
3258 1404 3466 1475 πλάνης

1890 1499 2186 1568 ἀφανίζων.
2214 1498 2324 1552 Καὶ
2353 1498 2439 1551 ἵνα
2471 1497 2666 1570 μάθῃς,
2695 1494 2912 1564 ἀδελφέ,
2933 1495 3016 1548 ὅτι
3042 1493 3205 1570 αὑτός
3229 1496 3342 1548 ἐστι
3373 1495 3467 1548 καὶ

1891 1589 2140 1661 ἀληθινὸς
2170 1590 2333 1655 Θεὸς,
2363 1589 2457 1643 καὶ
2486 1584 2738 1659 ἀληθινοῦ
2773 1585 2909 1640 Θεοῦ
2940 1587 3068 1650 Υἱὸς
3089 1625 3106 1651 ,
3141 1585 3394 1656 Ἰωάννης
3437 1587 3467 1638 6

1892 1679 2316 1753 Εὐαγγελιστὴς,
2351 1682 2408 1733 ἐν
2455 1674 2500 1748 ᾧ
2533 1679 2704 1733 ταῦτα
2736 1680 3045 1750 γέγραπται
3083 1679 3183 1749 (ἐν
3229 1677 3337 1747 γὰρ
3387 1676 3466 1748 τῷ

1893 1774 2207 1845 Εὑαγγελίῳ
2223 1773 2300 1845 τῷ
2323 1773 2464 1828 κατὰ
2495 1772 2743 1841 Ἰωάννην
2764 1774 2956 1825 κεῖται·
2972 1771 3106 1826 "Im
3126 1767 3479 1839 γινώσκωσι·

1891 1881 1964 1919 σε
1975 1865 2082 1918 τὸν
2094 1867 2286 1935 μόνον
2304 1864 2594 1933 ἀληθινὸν
2615 1866 2804 1933 Θεὸν),
2824 1863 2985 1925 αὐτὸς
3001 1863 3205 1925 ἐκεῖνος
3225 1863 3252 1914 6
3272 1857 3464 1931 κήρυᾷ

1891 1959 1920 2010 6
1945 1955 2116 2009 ταῦτα
2159 1955 2429 2025 κηρύξας,
2452 1955 2611 2018 αὐτὸς
2641 1955 2698 2006 ἐν
2729 1956 2795 2024 τῇ
2842 1952 3129 2024 Ἐπιστολῇ
3169 1955 3234 2022 τῇ
3269 1951 3471 2004 ἑαυτοῦ

1892 2049 2136 2120 γράφωψ
2167 2048 2275 2101 τῶν
2301 2047 2358 2101 δέ
2381 2045 2903 2116 ἐκκλησιαζομένων,
2931 2046 2992 2097 οὐ
3009 2043 3118 2096 τῶν
3135 2044 3491 2114 ἀποκρύφων-

1895 2142 2054 2212 μὲν-ἡ
2079 2139 2266 2212 πρώτη
2311 2139 2618 2209 Ἐπιστολήο
2641 2138 2736 2209 τὴν
2761 2137 2868 2208 γὰρ
2892 2137 3146 2208 δευτέραν
3169 2137 3261 2189 καὶ
3278 2136 3466 2207 τρίτηι

1892 2239 1940 2291 οἱ
1964 2236 2204 2306 Πατέρες
2225 2236 2691 2300 ἀποκανονίζουσι.
2717 2236 2829 2306 Τὴν
2868 2235 3051 2304 μέντοι
3077 2233 3300 2305 πρώτην
3326 2235 3470 2287 Ἐπιτ,

1895 2327 2086 2398 στολὴν
2100 2328 2334 2391 ἅπαντες
2350 2324 2484 2381 εἶναι
2502 2327 2744 2379 Ἰωάννου
2778 2322 3079 2394 συμφώνως
3101 2325 3465 2395 ἀπεφήναντο..

1895 2417 1959 2472 Τί
1986 2415 2078 2472 οὖν
2108 2423 2310 2484 ἐκεῖνος
2342 2421 2370 2471 ὁ
2398 2421 2549 2489 ἆγιος
2582 2418 2670 2472 διὰ
2709 2419 2812 2487 τῆς
2855 2419 3174 2490 Ἐπιστολῆς
3207 2419 3481 2490 κηρύττειν-

1894 2511 2175 2580 θεολογῶν,
2214 2513 2498 2584 προσέχειν
2522 2514 2833 2582 ἀναγκαῖον.
2867 2513 3142 2582 Οἶδαμεν,
3175 2513 3468 2584 φησὶν,ὅτι

1893 2608 1928 2659 ὁ
1973 2607 2103 2672 Υἱὸς
2127 2606 2233 2660 τοῦ
2273 2607 2419 2661 Θεοῦ
2448 2607 2601 2674 ἣκει.
2637 2606 2734 2660 καὶ
2762 2607 2986 2660 ἔδωκεν
3008 2605 3151 2675 ἡμῖν
3175 2605 3464 2666 διάνοιαν,

1893 2699 1993 2752 ἵνα
2029 2697 2410 2768 γινώσκωμεν
2448 2699 2553 2752 τὸν
2585 2700 2892 2766 ἀληθινόν·
2925 2699 3022 2752 καὶ
3055 2697 3246 2767 ἐσμὲν
3287 2698 3357 2751 ἐν
3388 2695 3468 2762 τῷ

1893 2788 2174 2863 ἀληθινῷ,
2208 2790 2372 2856 ἐντῷ
2402 2789 2510 2854 Υίῷ
2532 2790 2718 2844 αὑτοῦ
2773 2790 2965 2857 Ἰησοῦ
2988 2789 3235 2858 Χριστῷ.
3280 2785 3470 2854 Οὗτός

1894 2883 2062 2937 ἐστιν
2089 2887 2121 2942 ό
2151 2883 2435 2951 ἀληθινὸς
2475 2887 2652 2950 Θεὸς,
2697 2884 2796 2937 καὶ
2836 2881 2946 2952 ζωὴ
2986 2883 3239 2949 αἰώνιος.
3269 2877 3465 2947 Οὗτος,

1894 2973 2149 3043 ἀδελφοὶ,
2179 2977 2402 3028 κάκεῖνα
2432 2972 2551 3028 εἷπε
2573 3015 2588 3039 ,
2637 2977 2731 3030 καὶ
2781 2976 2956 3030 ταῦτα
2984 2975 3268 3047 ἐκήρυξεν.
3314 2976 3467 3030 Ἐπι-

1894 3065 2076 3120 πλεῖον
2110 3068 2158 3120 εί
2204 3066 2350 3120 δοκεῖ
2389 3068 2468 3131 είς
2503 3068 2564 3120 τὸ
2585 3111 2600 3134 ,
2625 3070 2833 3137 μόνος,
2876 3067 3342 3138 φιλοσοφήσωμεν,
3375 3068 3470 3122 καίΙ

1895 3157 2309 3228 ἀγωνισώμεθα.
2340 3160 2480 3230 Πρὸς
2505 3159 2595 3212 τὸν
2624 3161 2850 3214 ἄπιστον
2875 3160 3046 3216 πολλά
3071 3160 3141 3215 τὰ
3169 3160 3296 3232 βέλη
3329 3179 3470 3232 πεμ-

1897 3250 2108 3305 άσθω·
2146 3250 2270 3321 βέλη
2293 3291 2307 3314 ,
2339 3252 2438 3322 οὐχ
2475 3252 2565 3305 ἵνα
2605 3252 2791 3326 τρώσῃ
2835 3254 2902 3307 τὰ
2936 3254 3192 3325 σώματα,
3227 3255 3341 3308 ἀλλ’
3381 3256 3492 3309 ἵνα,

1893 3342 2162 3417 διορθώσῃ
2219 3343 2286 3397 τὰ
2334 3345 2676 3415 φρονήματα.
2744 3347 3052 3417 Πεμπέσθω
3097 3349 3315 3418 ῥήματα
3370 3349 3470 3417 μὲν

1896 3437 2031 3506 πρὸς
2072 3438 2200 3500 τοὺς
2243 3440 2501 3502 πιστοὺς,
2551 3437 2676 3509 βέλη
2721 3438 2776 3491 δέ
2823 3439 2958 3510 πρὸς
3011 3441 3135 3504 τοὺς
3187 3439 3466 3503 ἀπίστους.

1900 3529 1976 3583 Τὰ
2028 3529 2185 3596 βέλη
2220 3530 2249 3568 ὶ)
2281 3529 2390 3600 γὰρ
2441 3529 2548 3583 τοῦ
2603 3529 2864 3584 δυνατοῦ
2909 3530 3284 3600 ἠκονημένα,
3339 3533 3490 3590 λαοὶ-

1893 3619 2170 3675 ὐποκάτω
2202 3636 2318 3675 σου
2349 3621 2699 3684 πεσοῦνται,
2733 3621 2802 3674 ἐν
2828 3621 3040 3691 καρδίᾳ
3073 3621 3191 3676 τῶν
3219 3622 3465 3692 ἐχθρῶν.

1895 3711 2059 3778 Λέγει
2121 3711 2299 3763 τοίνυν
2363 3711 2392 3762 6
2455 3711 2722 3782 μακάριος
2791 3711 3097 3782 Ἱερεμίας,
3159 3712 3355 3782 μᾶλλον
3410 3713 3469 3765 δὲ

1895 3801 2108 3872 Βαροῦχ
2159 3803 2189 3854 6
2236 3801 2480 3872 μαθητὴς
2538 3802 2740 3865 αὑτοῦ,
2795 3803 2870 3865 ὡς
2915 3805 2943 3856 6
3010 3803 3308 3868 Ἐλισσαῖος
3373 3805 3502 3857 τοῦμ

1908 3898 2110 3962 Ἦλίου,
2153 3899 2216 3952 '0
2247 3897 2703 3965 κατασκευάσας
2734 3898 2849 3966 τὴν
2878 3897 2995 3968 γῆν
3022 3901 3108 3965 εὶς
3151 3899 3258 3952 τὸν
3287 3900 3497 3954 αἰῶνα..-

1896 3997 2138 4066 χρόνον,
2181 3995 2522 4062 ἐνέπλησεν
2547 3996 2741 4063 αὐτὴν
2771 3995 3005 4064 κτηνῶν
3036 4014 3098 4050 τε
3138 3998 3234 4050 καὶ
3267 4016 3468 4066 τετρα·

1897 4090 2116 4143 πόδωνο
2147 4089 2468 4145 ἀπέστειλε
2503 4093 2567 4144 τὸ
2599 4090 2759 4160 φῶς,
2809 4095 2903 4148 καὶ
2944 4093 3254 4160 πορεύεται
3275 4111 3290 4126 ·
3327 4093 3469 4149 ἑκά..

1894 4190 2079 4241 λεσεν
2115 4187 2283 4251 αὐτὸ,
2317 4187 2416 4240 καὶ
2459 4188 2812 4254 ὑπήκουσεν
2856 4189 3016 4255 αὐτῷ
3055 4192 3266 4259 τρόμῳ.
3293 4195 3358 4244 Οἱ
3401 4190 3470 4243 δὲ

1895 4282 2144 4351 ἀστέρες
2182 4283 2464 4352 ἔλαμψαν
2509 4285 2578 4336 ἐν
2618 4284 2745 4352 ταῖς
2772 4287 3073 4354 φυλακαῖς
3118 4286 3335 4348 αὐτῶν,
3371 4289 3469 4342 καί

1896 4379 2338 4448 εὐφράνθησαν.
2390 4381 2718 4434 Ἐκάλεσεν
2747 4383 2966 4449 αὐτοὺς
2995 4384 3138 4449 τοὺς
3175 4385 3463 4452 ἀστέρας.

1898 4474 2066 4542 φησὶ,
2094 4473 2193 4526 καί
2226 4470 2424 4536 εἶπαν,
2464 4475 2800 4546 ιιιὶρεσμεν·
2831 4479 2929 4532 καὶ
2955 4481 3238 4549 ἔλαμψαν
3273 4481 3343 4535 ἐν
3369 4485 3470 4535 εὐ·

1897 4571 2171 4640 φροσύνη
2197 4571 2277 4636 τῷ
2302 4572 2623 4639 ποιήσαντι
2655 4576 2900 4640 αὐτούς.
2933 4577 3043 4630 Καὶ
3072 4577 3308 4631 τοσαῦτα
3356 4579 3471 4633 θεο-

1896 4668 2130 4738 λογήσας
2149 4705 2162 4730 ,
2195 4669 2378 4739 φησίν·
2404 4664 2590 4734 Οὗτος
2617 4673 2650 4723 ό
2687 4670 2830 4736 Θεὸς
2854 4671 3043 4740 ἡμῶν,
3073 4675 3144 4727 οὐ
3183 4677 3469 4745 λογισθή-

1897 4783 2066 4819 σεται
2107 4765 2307 4833 ἓτερος
2349 4765 2497 4833 πρὸς
2534 4768 2740 4819 αὐτόν.
2777 4767 3014 4839 Πρόσεχε
3045 4770 3319 4840 ἀκριϐῶς,
3355 4772 3471 4836 πῶς

1897 4861 2173 4915 ἀποκλείει
2199 4861 2273 4931 τῷ
2302 4862 2599 4932 ἑτέρῳ-οὺ
2640 4863 3063 4932 λογισθήσεται
3098 4866 3295 4938 ἕτερος
3320 4869 3468 4936 πρὸς

1896 4959 2100 5011 αὐτόν.
2152 4958 2381 5025 Ἐξεῦρε
2403 4957 2610 5014 πᾶσαν
2638 4959 2781 5012 ὁδὸν
2808 4961 3170 5032 ἐπιστήμης,
3207 4963 3469 5018 2:01.560)-

1899 5071 2005 5107 κεν
2030 5055 2224 5122 αὐτὴν
2269 5056 2475 5110 Ἰακὼό
2515 5057 2595 5121 τῷ
2620 5058 2781 5110 παιδί
2811 5061 3032 5123 αὐτοῦ,
3081 5061 3175 5114 καί
3222 5061 3468 5127 Ἰσραὴλ

1898 5149 1976 5215 τῷ
1996 5152 2352 5222 ἠγαπημένῳ
2371 5155 2470 5208 ὑπ’
2491 5154 2694 5208 αὑτοῦ.
2723 5157 2883 5212 Μετὰ
2905 5156 3086 5210 ταῦτα
3101 5158 3197 5210 ἐπὶ
3223 5155 3331 5226 τῆς
3354 5155 3466 5228 γῆς
3493 5221 3503 5228 ν

1963 5403 1988 5466 ξ’
2030 5403 2247 5466 Qolelen
2267 5404 2389 5466 conj.
2416 5405 2494 5452 διὰ.
2513 5406 2594 5466 μὲν
2614 5407 2668 5452 τὸ
2691 5422 2732 5452 τ.
2768 5407 2844 5453 ἀλ.

1960 5464 1989 5502 b
2021 5463 2202 5526 Δ(ΖΜ-ΠΙ.
2245 5463 2413 5522 ,Μελίη
2459 5463 2522 5512 inf
2553 5468 2886 5526 exquisitione
2935 5466 3079 5523 hujus
3113 5471 3279 5513 textus
3303 5486 3314 5513 :
3341 5468 3464 5526 Βέλη
3499 5495 3504 5498 -

1900 5523 2047 5587 αὑτοῦ
2077 5528 2122 5573 οἱ
2149 5527 2476 5586 μυσταγωγοί·
2519 5523 2708 5582 τοὺς-δέ
2747 5545 2800 5586 γε
2831 5530 3240 5587 πεπλανημένους,
3268 5529 3348 5575 καὶ
3385 5523 3460 5575 τὸν

1900 5586 2036 5648 φύσει
2055 5603 2106 5635 τε
2135 5589 2215 5633 καὶ
2237 5587 2422 5644 ἀληθῶς
2452 5590 2571 5636 Θεὸν
2601 5590 2687 5636 οὐκ
2721 5590 2920 5645 εἰδότας,
2947 5586 3253 5644 πλήττουσιν,
3285 5591 3370 5636 οὐκ
3403 5591 3467 5646 εἰς

1900 5649 2125 5720 φνατον,
2139 5648 2328 5720 ἀλλ’,είς
2348 5648 2535 5720 ἀγάπην
2547 5650 2715 5720 αὐτοὺς
2725 5650 3050 5720 νάποξέροντες
3078 5650 3162 5720 τῂν
3186 5649 3238 5720 ἐν¹
3256 5653 3465 5713 Χριστῷ,

1899 5712 1974 5756 ἵνα
2011 5710 2091 5755 καὶ
2108 5709 2334 5756 ὑποκάτω
2357 5709 2574 5758 τύπτοιεν
2608 5709 2768 5757 αὐτοῦ.
2814 5709 2906 5762 Ubi
2957 5709 3322 5760 rescribendum
3357 5709 3502 5765 8536:

1904 5772 2132 5832 πίπτοιεν,
2161 5772 2238 5820 vel
2264 5783 2392 5820 caeco
2416 5779 2569 5834 patet.
2589 5773 2824 5822 (ζοτιιιει.
