4074 6308
287 372 391 430 ιῖὄ

287 497 301 540 ι
325 489 549 542 Barac-lt.
576 491 629 543 5.
662 487 906 557 52.-55).
956 488 1021 541 Ει
1041 495 1159 555 post
1183 495 1378 539 tantum
1402 484 1716 553 theologiam
1741 484 1847 535 ait:

290 600 308 632 ι
334 580 429 634 llic
448 590 532 635 est
556 580 693 633 Deus
733 591 931 644 noster,
952 596 1054 631 non
1078 577 1420 631 testintabitur
1444 575 1579 629 alius
1597 576 1661 629 ad
1687 591 1804 629 enm
1830 594 1848 625 ι

285 671 445 739 (Ibid.
469 689 517 725 υ.
549 672 785 741 56.-58).
837 670 1211 725 Animadverte
1238 668 1537 738 diligenter,
1567 683 1672 738 quo
1701 679 1855 737 pacto

282 763 508 817 alterum
531 762 795 817 excludat.
833 781 851 813 ι
898 760 1010 815 Non
1041 759 1393 814 azstimabitur
1434 758 1570 812 alius
1610 760 1676 813 ad
1708 775 1849 813 eum.

282 853 489 907 invenit
533 868 744 907 omnem
792 852 931 906 viam
983 852 1237 915 scientiae,
1277 861 1331 903 ct
1372 850 1516 905 dedit
1545 866 1659 904 eam
1688 852 1852 907 Jacoh

282 961 449 1015 puero
473 961 593 1011 suo,
615 955 668 999 ει
691 944 853 1001 Israel
887 945 1079 999 dilecto
1108 961 1204 999 suo
1225 947 1326 1015 (a).
1352 946 1476 1000 Post
1502 946 1614 999 huic
1639 945 1687 997 in
1712 953 1849 997 terra

281 1040 426 1092 visus
453 1048 537 1091 est
558 1077 574 1100 ,
607 1044 661 1090 et
696 1051 815 1091 cum
844 1035 1142 1092 hominibus
1185 1048 1529 1093 conversatus
1568 1044 1668 1091 est.
1702 1054 1719 1086 ι
1757 1034 1851 1088 1Ιίε

282 1129 419 1184 Deus
446 1136 631 1182 noster
663 1127 726 1181 ad
765 1143 921 1196 quem
948 1144 1052 1182 non
1078 1130 1425 1183 testimabitur
1452 1129 1606 1191 alius,
1635 1128 1685 1180 in
1710 1136 1846 1180 terra

280 1220 425 1274 visus
450 1228 533 1273 est
560 1227 758 1273 etcum
789 1218 1092 1274 hominibus
1139 1230 1480 1273 conversatus
1522 1228 1603 1272 est
1646 1228 1846 1286 postea.

286 1310 441 1363 Vides
468 1310 742 1364 veritatem
770 1310 1177 1364 conﬁrmatam?
1205 1310 1339 1364 Vide
1372 1320 1426 1364 ιιι
1451 1310 1615 1363 errori
1646 1310 1845 1362 aditum

280 1403 615 1467 intercludat,
640 1419 706 1457 ιιε
724 1402 936 1457 .Iudaeus
955 1405 1227 1458 veritatem
1248 1404 1598 1458 calumnietur
1612 1412 1666 1456 ει
1685 1402 1845 1468 dicat,

283 1497 421 1550 Deus
470 1496 616 1550 visus
654 1505 734 1549 est
784 1510 814 1548 a
865 1495 1076 1566 Moyse;
1132 1494 1372 1564 apparuit
1414 1495 1555 1548 enim
1606 1494 1743 1547 Deus
1797 1494 1847 1546 iu

278 1599 481 1642 monte.
516 1588 714 1642 Praeter
741 1603 861 1642 eum
891 1603 994 1642 non
1022 1598 1102 1643 est
1124 1589 1258 1643 alius
1286 1606 1298 1640 :
1329 1604 1426 1642 nec
1471 1588 1613 1654 ejicit
1639 1588 1846 1641 Patrem

277 1696 306 1734 a
332 1680 515 1734 divina
540 1679 813 1750 dignitate.
866 1680 1021 1734 Pater
1049 1682 1092 1735 si
1131 1682 1273 1735 solus
1322 1682 1619 1735 nominatus
1671 1682 1845 1745 fuerit,

275 1771 717 1826 cxterminabitne
750 1771 937 1825 Filium
966 1787 994 1824 a
1025 1773 1290 1825 communi
1320 1772 1843 1842 dignitate?Qnando

275 1863 411 1918 dicit
435 1864 605 1927 Deus,
637 1864 751 1916 sive
781 1862 936 1917 Pater
956 1904 970 1925 ,
1003 1864 1113 1917 sive
1154 1863 1317 1916 Filius
1338 1906 1351 1927 ,
1384 1880 1440 1917 se
1466 1864 1635 1916 soluin
1686 1879 1846 1917 unum

276 1970 420 2021 esse,
451 1969 555 2008 non
578 1963 734 2023 negat
763 1966 964 2008 naturze
986 1970 1094 2009 suae
1113 1956 1457 2008 constirtium.
1482 1954 1638 2009 Pater
1658 1954 1844 2009 Filium

276 2062 383 2100 non
409 2045 572 2115 ejieit,
601 2045 766 2099 Filius
788 2060 890 2098 non
922 2055 1073 2114 negat
1110 2046 1351 2112 Patrem;
1386 2047 1477 2099 sed
1510 2061 1628 2099 cum
1656 2046 1845 2101 similia

275 2142 545 2206 dicuntur,
576 2149 758 2195 contra
799 2141 1062 2195 idolorum
1088 2158 1324 2196 errorem
1373 2159 1553 2197 sermo
1601 2145 1842 2197 habetur.

274 2235 384 2288 Cur
409 2243 595 2287 contra
621 2232 957 2299 Unigenitum
986 2234 1365 2304 blasphemiam
1396 2237 1661 2304 apparas?
1687 2236 1846 2290 ldolis

278 2326 549 2379 Deusnon
579 2324 669 2379 dat
704 2325 924 2395 gloriam
964 2340 1144 2390 suam;
1184 2342 1249 2380 an
1278 2342 1449 2397 neque
1487 2328 1535 2381 ei
1570 2328 1660 2381 dat
1687 2344 1843 2397 quem

276 2415 501 2486 genuit?
530 2415 628 2469 Dat
666 2424 811 2470 certe
835 2430 935 2468 non
963 2416 1247 2470 secundum
1270 2419 1511 2487 gratiam,
1536 2419 1627 2472 sed
1658 2433 1848 2472 secun-

277 2506 404 2560 dum
454 2514 653 2560 naturae
698 2506 1042 2560 consortium.
1082 2506 1230 2561 Unde
1279 2524 1407 2562 vero
1455 2508 1846 2563 demonstratur

278 2597 543 2651 Christum
590 2596 809 2666 gloriam
858 2596 1027 2650 Patris
1067 2598 1347 2664 accipere?
1388 2600 1473 2652 Ait
1504 2601 1644 2653 enim
1674 2618 1687 2654 :
1717 2599 1843 2653 Clo-

276 2688 406 2741 ri'am
434 2703 591 2741 meam
633 2687 778 2740 alteri
808 2703 905 2741 non
939 2686 1067 2741 dabo
1093 2688 1112 2759 (
1134 2687 1259 2742 Isai.
1288 2689 1375 2743 42.
1403 2690 1491 2759 8).

350 2782 401 2835 τ.
445 2779 579 2835 Audi
617 2779 741 2849 quid
780 2780 893 2848 ipse
930 2780 1180 2835 Servator
1216 2797 1333 2836 eum
1378 2785 1631 2853 apostolis
1669 2785 1842 2839 disse-

283 2889 407 2929 rens
426 2873 567 2928 dicat
592 2895 603 2928 :
628 2873 751 2928 Cum
776 2876 961 2928 venerit
985 2874 1031 2927 F
1033 2874 1149 2928 ilius
1179 2875 1391 2930 hominis
1416 2880 1467 2929 in
1492 2879 1652 2947 gloria
1678 2877 1846 2931 Patris

276 2966 357 3018 sui
382 2964 570 3033 (Marc.
596 2965 648 3019 8.
676 2965 812 3030 58);
846 2975 1120 3035 postquam
1154 2966 1241 3019 ille
1271 2967 1412 3035 prius
1439 2968 1688 3033 dixisset,
1720 2967 1844 3021 Glo-

278 3056 411 3108 riam
436 3070 595 3107 meam
627 3055 772 3109 alteri
801 3071 899 3109 non
925 3056 1070 3108 dabo.
1102 3054 1348 3111 Scrutare
1377 3056 1594 3120 dictum,
1625 3068 1676 3111 et
1703 3059 1847 3113 inve-

279 3149 397 3202 nies
425 3161 659 3201 sensum.
695 3146 922 3201 Gloriam
969 3165 1161 3213 meum,
1194 3164 1297 3201 non
1343 3149 1507 3215 dixit,
1556 3150 1693 3204 Filio
1728 3166 1847 3205 meo

280 3255 386 3293 non
410 3238 567 3300 dabo,
595 3239 708 3303 sed,
732 3238 891 3292 Alteri
920 3256 1017 3292 non
1045 3240 1191 3293 dabo.
1222 3241 1456 3294 Alterum
1486 3251 1657 3295 autem
1686 3254 1765 3296 est
1794 3243 1844 3296 id

281 3329 419 3396 quod
441 3340 523 3383 est
542 3329 771 3382 alienum
800 3346 827 3382 a
853 3330 1139 3395 consortio,
1169 3340 1222 3383 et
1246 3346 1274 3383 a
1303 3340 1484 3384 natura
1513 3342 1842 3399 separatum;

281 3423 447 3478 Filius
474 3431 652 3477 autem
695 3438 799 3476 non
827 3435 907 3477 εει
932 3425 1066 3478 alter
1100 3441 1110 3475 :
1144 3423 1270 3477 Nam
1304 3423 1413 3495 Ego
1439 3435 1486 3477 et
1512 3424 1669 3479 Pater
1690 3443 1847 3479 unum

281 3529 471 3566 sumus.
505 3512 658 3566 Clare
681 3527 809 3582 ergo
835 3512 1251 3568 demonstratum
1275 3523 1374 3577 est,
1407 3515 1553 3579 illud,
1581 3515 1646 3570 Ut
1667 3533 1849 3586 cogno—

277 3613 477 3658 scantte
500 3604 663 3658 solum
688 3619 857 3657 verum
879 3604 1036 3656 Deum
1059 3605 1229 3675 (Joan.
1260 3606 1342 3661 10.
1367 3606 1480 3675 50),
1506 3622 1608 3659 non
1640 3607 1847 3662 auferre

279 3695 503 3755 alt‘dio,
537 3710 656 3749 esse
686 3712 864 3747 verum
916 3697 1097 3749 Deum.
1145 3696 1220 3749 Ne
1268 3697 1511 3765 repudies
1549 3713 1846 3752 sermonem

278 3785 710 3849 cumcalutnnia,
739 3786 886 3854 quasi
915 3800 1104 3839 sensus
1129 3796 1403 3854 suspectus
1428 3788 1642 3841 relictus
1662 3788 1731 3841 sit
1757 3807 1769 3840 :
1797 3789 1847 3843 id

277 3877 417 3947 quod
459 3878 599 3946 passi
643 3888 765 3932 sunt
799 3877 1012 3948 quidam
1056 3895 1086 3934 e
1132 3878 1379 3934 fratribus
1426 3882 1563 3935 circa
1606 3884 1841 3936 calicem.

278 3974 356 4025 Ac
379 3970 424 4023 si
452 3970 593 4023 enim
637 3972 894 4024 sententia
926 3972 1242 4024 solutionem
1273 3988 1376 4024 non
1419 3974 1740 4039 accepisset,
1772 3975 1848 4027 sic

279 4064 670 4118 accusationem
709 4064 1018 4117 intulerunt.
1054 4064 1180 4116 Nam
1209 4066 1453 4119 dixerunt
1481 4083 1493 4118 :
1525 4065 1845 4135 Suspensam

279 4165 331 4208 rt
356 4155 639 4208 sublimem
668 4155 876 4223 reliquit
902 4155 1340 4223 disquisitionem.
1361 4154 1494 4220 Quid
1521 4163 1718 4221 autem,
1749 4157 1850 4208 fra-

284 4257 412 4308 tres,
443 4244 669 4312 amplius
689 4246 968 4298 dicendum
998 4246 1347 4314 suppetebat?
1378 4246 1500 4314 quid
1530 4247 1672 4314 prius
1697 4246 1849 4299 dictis

278 4336 464 4389 deerat
488 4335 554 4389 ad
581 4335 1127 4390 demonstrationem?
1172 4337 1347 4389 Primo
1373 4337 1605 4405 quidem,
1641 4338 1700 4389 Si
1732 4354 1848 4405 pos-

279 4428 421 4481 sibile
449 4436 543 4491 est,
570 4437 790 4482 transeat
812 4444 844 4479 a
873 4444 951 4480 me
978 4429 1111 4481 calix.
1138 4429 1227 4481 iste
1257 4427 1479 4500 (Matth.
1504 4428 1593 4483 26.
1619 4430 1686 4483 59
1710 4432 1725 4497 )
1757 4449 1768 4482 :
1799 4441 1851 4484 ct

279 4520 343 4573 ad
375 4519 426 4574 id
457 4518 595 4588 quod
626 4535 721 4590 per
766 4519 906 4573 illam
952 4519 1236 4574 dictionem
1282 4521 1576 4589 suggeritur
1603 4518 1621 4591 (
1645 4522 1851 4575 videtur

277 4612 420 4665 enim
450 4611 614 4665 dictio
640 4611 1018 4680 supplicantem
1050 4613 1147 4665 sub
1172 4612 1324 4665 aliam
1355 4622 1671 4682 potestatem
1703 4615 1849 4667 redi-

279 4704 483 4771 gere),
528 4703 801 4755 attulimus
832 4718 1014 4756 vocem
1062 4702 1204 4756 illam
1251 4702 1496 4767 Domini,
1544 4718 1662 4771 ιμιεε
1705 4704 1849 4758 omni

278 4806 422 4849 certe
451 4796 624 4848 divina
653 4798 965 4849 auctoritate
996 4796 1147 4864 plena
1174 4804 1285 4859 est,
1319 4797 1648 4865 dicentisquc
1675 4798 1845 4868 digni-

281 4897 441 4945 tatem
485 4886 703 4943 exhibet
750 4904 762 4938 :
808 4885 1113 4940 Potestatem
1160 4886 1313 4941 habeo
1367 4889 1582 4955 ponendi
1630 4890 1850 4942 animam

282 4996 461 5043 meam,
485 4988 530 5032 et
556 4988 841 5049 potestatem
868 4979 1021 5032 habeo
1043 4979 1269 5032 sumendi
1296 4996 1403 5031 eam
1430 4978 1605 5050 (Joan.
1633 4980 1847 5052 10.18),

282 5069 616 5139 diximusque
640 5070 768 5124 illud
790 5110 803 5131 ,
840 5069 1013 5123 Habeo
1032 5112 1046 5135 ,
1077 5070 1364 5123 divinitatis
1393 5074 1662 5140 proprium
1691 5088 1808 5127 esse
1834 5089 1847 5137 ;

281 5160 408 5216 illud
438 5178 568 5217 vero
603 5182 613 5217 :
643 5164 702 5218 Si
743 5166 974 5234 possibile
1002 5174 1072 5217 est
1093 5206 1106 5228 ,
1136 5174 1353 5217 transeat
1394 5183 1425 5217 a
1463 5183 1539 5220 me
1568 5166 1702 5220 calix
1738 5167 1845 5232 iste,

283 5255 495 5309 ratione
516 5256 689 5308 carnis
718 5255 914 5308 dictum
944 5270 1063 5309 esse
1085 5296 1100 5318 ,
1147 5272 1250 5308 non
1294 5257 1495 5310 ratione
1525 5257 1810 5312 divinitatis
1833 5300 1847 5324 ,

281 5354 439 5414 atque
496 5345 711 5413 insuper
764 5347 968 5400 Domini
1027 5348 1383 5401 testimonium
1433 5348 1749 5404 adduximus
1798 5352 1849 5405 in

280 5436 781 5501 conﬁrmationem;
826 5438 1169 5507 quamobrem
1212 5438 1345 5491 dixit
1381 5457 1391 5491 :
1426 5438 1647 5509 Spiritus
1677 5458 1851 5509 prout-

344 5551 415 5612 (a)
451 5550 505 5599 in
526 5558 687 5599 Graeco
705 5585 720 5607 ,
752 5564 979 5612 tim-quive.
1005 5550 1173 5613 Itaque
1196 5550 1343 5600 electo
1380 5552 1500 5613 apud
1535 5551 1853 5613 Augustinum

283 5611 362 5660 lib.
405 5612 426 5660 1
466 5618 633 5675 contra
653 5618 891 5675 faustum
918 5611 1226 5675 Matiicha‘um
1246 5627 1387 5675 ,Hcap.
1410 5611 1504 5671 ξιτ),
1532 5622 1583 5661 ει
1606 5611 1651 5661 iii
1679 5615 1854 5675 Vigilio

281 5675 507 5734 Tapsensi
534 5673 618 5720 lib.
646 5672 668 5720 1
694 5680 856 5720 contra
901 5674 1106 5729 Arrium,
1133 5672 1389 5721 Sabelliqu
1431 5682 1481 5722 et
1518 5672 1765 5723 t‘hotinum
1802 5690 1849 5723 ιι.

286 5736 361 5790 ιῦ.
386 5741 437 5783 ει
474 5735 556 5782 lib.
584 5735 604 5781 1
644 5742 813 5796 contra
855 5734 1171 5795 Vartmadum,
1198 5748 1301 5795 cap.
1324 5735 1370 5796 εὶ,
1396 5736 1645 5786 manifesta
1692 5751 1853 5788 corru-

285 5796 382 5861 υιὶο
406 5804 498 5849 est.
525 5794 723 5846 Cotclcr.

1236 369 1299 424 IN
1336 368 1538 424 ILLUD
1579 409 1592 425 .
1625 364 1693 421 1N
1732 365 1869 434 QUA
1910 364 2331 435 POTESTATE,
2374 372 2526 428 E'I‘C.

3429 387 3545 441 126'

1967 492 2080 549 plus
2108 494 2198 550 est,
2225 502 2344 539 caro
2371 498 2537 542 autem
2559 491 2760 559 inﬁrma
2781 493 2992 564 (Matth.
3019 495 3107 552 26.
3137 500 3226 570 Η)
3254 517 3266 551 :
3293 512 3345 557 et
3369 518 3536 558 anuo-

1967 575 2193 628 tavimns
2222 592 2333 630 rem
2363 593 2483 633 esse
2508 580 2961 653 absurdissimam,
2990 603 3109 642 cum
3138 589 3251 659 ipse
3276 592 3543 649 Dominus

1963 667 2109 720 carni
2140 668 2433 736 adscribat,
2466 687 2563 726 nos
2602 674 2650 727 in
2680 676 2909 732 divinam
2942 681 3268 749 majestatem
3298 685 3424 741 dicti
3456 692 3551 742 γι-»

1964 756 2166 812 litatem
2187 760 2470 829 conjicere.
2498 763 2599 818 Sed
2625 774 2680 819 ιιι
2702 766 2911 823 Domini
2937 784 3154 842 scopum
3175 774 3531 846 declarenius,

1962 864 2057 903 cur
2101 867 2293 921 nempe
2340 854 2565 919 dixerit,
2607 856 2853 913 Transeat
2880 878 2912 914 a
2938 879 3017 916 me
3053 866 3187 919 calix
3210 882 3229 920 :
3257 884 3361 922 non
3390 874 3529 939 quod

1963 939 2229 1012 refugeret
2270 947 2441 999 crucis
2469 946 2935 1017 dispensationem,
2965 964 3186 1010 mortem
3217 961 3526 1024 recusabat;

1961 1032 2056 1087 sed
2078 1035 2200 1100 quia
2223 1034 2451 1105 imperiti
2473 1038 2612 1092 circa
2632 1039 3080 1108 dispensationem
3104 1046 3267 1113 illam,
3294 1050 3343 1102 iii
3370 1065 3530 1107 cruce

1960 1124 2264 1179 scandalum
2291 1128 2496 1196 passuri
2524 1138 2677 1184 erant
2696 1171 2710 1194 ,
2741 1130 2841 1186 hac
2866 1146 2993 1187 usus
3020 1145 3101 1188 est
3129 1152 3272 1192 voce.
3305 1140 3527 1195 lterum-

1962 1232 2065 1285 que
2092 1217 2227 1272 hanc
2254 1220 2570 1274 sententiam
2597 1231 2876 1291 sequutum
2902 1233 2985 1278 est
3012 1224 3110 1280 hoc
3133 1230 3486 1286 testimonium
3510 1252 3525 1289 :

1963 1306 2144 1373 Orate,
2176 1318 2229 1361 ut
2254 1325 2357 1363 non
2383 1310 2576 1364 intretis
2602 1313 2655 1364 in
2684 1314 3001 1367 tentationem
3033 1314 3235 1385 (Ibid)
3265 1319 3369 1373 Alii
3398 1337 3528 1376 vero
3568 1366 3571 1369 λ

1959 1399 2262 1454 calumniati
2288 1410 2443 1465 sunt,
2471 1418 2535 1456 ac
2559 1404 2601 1456 si
2630 1403 2946 1459 dixissemus
2978 1428 2990 1461 :
3023 1407 3082 1462 Si
3120 1409 3229 1463 ﬁeri
3261 1423 3437 1479 posset
3469 1426 3551 1468 ιιιι

1957 1489 2063 1544 alio
2096 1492 2280 1546 mortis
2309 1508 2503 1562 genere
2529 1496 2877 1549 oeconomiam
2906 1497 3168 1566 impleret.
3216 1499 3328 1555 Hoc
3366 1518 3523 1570 porro
3548 1530 3556 1543 ο

1959 1597 2056 1636 nec
2086 1582 2281 1637 dictum
2309 1586 2423 1648 fuit,
2456 1600 2553 1639 nec
2579 1586 2786 1640 dicetur
2810 1603 3078 1656 umquam.
3110 1589 3223 1644 Non
3252 1592 3395 1658 dixi,
3422 1595 3523 1648 alia

1956 1683 2163 1737 morte,
2194 1673 2285 1728 sed
2314 1674 2417 1728 alio
2447 1675 2604 1729 modo
2629 1679 2979 1730 teconomiam
3010 1679 3213 1748 impleri
3238 1698 3252 1745 ;
3296 1683 3396 1738 hoc
3419 1695 3546 1747 est,~

1958 1765 2087 1817 citra
2128 1775 2374 1819 mortem.
2402 1765 2532 1819 Nam
2563 1768 2779 1821 calicem
2811 1768 3184 1838 interpretatus
3211 1788 3325 1826 sum
3352 1791 3365 1826 :
3398 1776 3525 1830 illud
3548 1803 3571 1813 υ

1954 1864 2131 1907 autem
2171 1855 2359 1918 aliter,
2404 1864 2692 1925 tamquam,
2736 1857 2867 1912 citra
2910 1870 3156 1914 mortem.
3206 1865 3379 1933 Atque
3423 1866 3522 1919 hoc

1958 1945 2152 2001 factum
2183 1956 2283 2009 est,
2317 1962 2423 2000 non
2450 1948 2588 2016 quod
2616 1963 2737 2003 vere
2762 1950 3017 2006 Dominus
3042 1958 3362 2010 recusaverit
3386 1959 3543 2012 mori

1957 2052 2055 2105 pro
2082 2037 2317 2103 mundo;
2350 2039 2442 2093 sed
2468 2039 2607 2108 quod
2651 2041 2805 2095 fidem
2836 2040 3009 2096 facere
3035 2045 3259 2099 voluerit
3296 2049 3523 2102 inﬁrmi-
3567 2069 3575 2079 ε

1954 2129 2045 2182 tati
2088 2129 2298 2193 carnis,
2347 2140 2505 2199 atque
2547 2132 2827 2187 ostendere
2856 2148 3067 2189 carnem
3099 2152 3223 2190 vere
3267 2138 3427 2193 fuisse
3469 2142 3561 2195 id“

1954 2219 2095 2289 quod
2122 2220 2367 2286 timebat,
2398 2229 2452 2276 et
2483 2222 2791 2277 turbabatur
2822 2246 2835 2279 :
2864 2241 2984 2278 nam
3014 2225 3235 2293 Spiritus
3263 2241 3523 2300 promptas

1952 2322 2045 2375 est,
2084 2329 2202 2365 caro
2245 2322 2408 2365 autem
2454 2314 2676 2381 inﬁrma.
2708 2314 2863 2368 Carni
2892 2317 3059 2371 verba
3084 2318 3400 2374 inﬁrmitatis
3429 2323 3541 2375 ad~

1954 2404 2171 2465 scribit,
2206 2404 2491 2458 divinitatis
2519 2406 2853 2475 majestatem
2881 2421 2987 2461 non
3020 2408 3171 2462 Iresit.
3206 2409 3312 2464 Cur
3336 2414 3520 2465 crimi-

1953 2494 2098 2547 naris
2125 2508 2240 2563 quae
2278 2509 2382 2547 non
2409 2495 2571 2548 dico?
2609 2510 2705 2549 cur
2741 2497 3077 2550 calumniaris
3106 2514 3223 2568 qua:
3249 2515 3353 2554 non
3383 2517 3547 2570 prae-7

1953 2585 2117 2641 dico?
2159 2587 2330 2640 Alium
2365 2586 2576 2641 modum
2606 2588 2712 2641 dixi
2738 2604 2753 2653 ;
2798 2603 2901 2641 non
2928 2593 3113 2643 mortis
3133 2632 3148 2656 ,
3180 2591 3273 2645 sed
3302 2607 3521 2647 (cenno-

1956 2678 2095 2732 mite.
2119 2677 2299 2747 Neque
2320 2679 2459 2733 enim
2481 2679 2677 2733 dictum
2701 2688 2800 2745 est,
2822 2679 2875 2734 Si
2899 2681 3147 2749 possibile
3169 2692 3269 2747 est,
3287 2693 3523 2738 mutetur

1953 2771 2088 2825 calix
2135 2772 2254 2826 iste.
2304 2772 2491 2826 Carnis
2536 2781 2618 2826 est
2662 2772 2973 2839 inﬁrmitas,
3023 2773 3397 2829 incarnationis
3440 2786 3524 2830 est

1953 2861 2148 2930 passio.
2178 2861 2384 2915 Profert
2412 2861 2734 2915 inﬁrmitatis
2764 2861 2954 2927 verba,
2984 2873 3043 2916 ut
3065 2864 3310 2917 ostendat
3336 2880 3395 2919 se
3425 2865 3537 2919 hac

1955 2954 2191 3008 indutum
2223 2969 2342 3010 esse
2388 2964 2573 3008 natura
2595 2997 2611 3019 ,
2642 2970 2758 3023 qua:
2788 2964 3012 3009 mortem
3059 2955 3322 3010 formidat.
3357 2956 3427 3012 Ut
3454 2973 3533 3012 ne

1957 3057 2131 3100 autem
2176 3060 2384 3099 rursum
2427 3046 2645 3100 dictioni
2694 3046 2930 3113 servias,
2963 3062 3025 3101 ex
3068 3047 3354 3101 abundanti
3394 3048 3518 3102 illud

1954 3154 2164 3210 quoque
2210 3138 2399 3192 adduxi
2446 3160 2459 3193 :
2500 3156 2617 3207 quae
2662 3149 2743 3194 est
2786 3140 2959 3206 ratio,
3000 3142 3267 3209 apostolos
3313 3141 3543 3198 fortiter

1954 3240 2177 3285 mortem
2207 3232 2519 3285 conculcarc
2539 3272 2553 3296 ,
2585 3232 2943 3301 apostolorum
2984 3248 3111 3287 vero
3144 3234 3420 3288 Dominum
3452 3236 3543 3288 ti-,

1953 3321 2150 3375 muisse
2175 3328 2228 3375 et
2256 3320 2527 3375 horruisse
2567 3322 2751 3374 mortis
2793 3336 3062 3375 accessum
3086 3323 3108 3374 ?
3154 3324 3275 3378 llaec
3302 3335 3354 3377 ct
3385 3339 3524 3379 nunc
3550 3360 3553 3363 ‹

1953 3413 2156 3475 dicam,
2188 3412 2397 3467 fratres.
2438 3412 2631 3467 Paulus
2660 3428 2763 3467 non
2789 3415 2959 3467 solum
2991 3414 3215 3483 alligari,
3244 3415 3337 3469 sed
3363 3415 3553 3469 etiam.

1956 3505 2089 3558 mori
2120 3513 2336 3573 propter
2363 3519 2554 3558 nomen
2582 3504 2777 3560 Christi
2809 3515 3046 3574 paratum
3073 3522 3129 3560 se
3159 3517 3374 3563 strenue
3402 3525 3553 3575 [πο-ε

1957 3598 2195 3660 mmtiat,
2230 3597 2376 3651 Pauli
2405 3613 2533 3651 vero
2558 3597 2813 3651 Dominus
2853 3598 2984 3651 mori
3015 3609 3223 3652 recusat
3256 3599 3399 3669 (Act.
3430 3601 3519 3654 21.

1957 3689 2024 3741 15
2046 3686 2111 3759 )?
2142 3689 2213 3742 Et
2239 3688 2382 3742 Pauli
2412 3688 2623 3757 quidem
2653 3703 2746 3741 cor
2793 3702 2899 3740 non
2941 3698 3161 3752 maeret,
3192 3691 3366 3744 anima
3396 3706 3525 3745 vero

1955 3778 2151 3832 Christi
2187 3779 2464 3832 turbatur?
2495 3778 2624 3832 Nam
2656 3780 2729 3832 ait
2759 3797 2771 3831 :
2802 3778 2953 3831 Nunc
2980 3779 3151 3831 anima
3180 3797 3287 3834 mea
3326 3781 3525 3835 turbata

1955 3881 2025 3925 est
2046 3871 2222 3941 (Joan.
2248 3872 2333 3924 12.
2358 3872 2470 3941 27).
2506 3871 2630 3925 Haec
2655 3871 2828 3924 omnia
2853 3871 2999 3924 vobis
3028 3871 3250 3924 testibus
3276 3872 3525 3937 loquutus

1958 3980 2094 4018 sum.
2126 3965 2319 4018 Verum
2353 3964 2434 4017 his
2468 3979 2572 4017 non
2602 3964 2983 4032 olitempcras?
3012 3963 3104 4017 scd
3131 3963 3280 4031 illud,
3313 3964 3375 4018 Si
3403 3981 3522 4033 pos-

1956 4056 2098 4109 sibile
2122 4064 2212 4118 est,
2255 4054 2427 4108 adhuc
2469 4054 2786 4107 oll‘endiculo
2823 4062 2904 4107 cst
2945 4054 3078 4107 tibi?
3122 4053 3262 4108 Sane
3285 4055 3522 4123 quidem,
3546 4090 3575 4123 -,

1957 4149 2047 4201 ait.
2077 4147 2508 4217 Congrediamur,
2528 4146 2736 4212 fratres,
2755 4161 2873 4200 cum
2894 4147 3243 4212 contentioso,
3263 4148 3525 4216 simulque

1957 4240 2273 4293 nitamurvi
2319 4240 2559 4293 veritatis
2602 4239 2722 4293 illos
2765 4239 2967 4306 erigere
3008 4238 3096 4307 qui
3142 4239 3527 4293 incredulitatis

1958 4332 2262 4386 inﬁrmitate
2303 4331 2434 4400 lapsi
2476 4339 2617 4383 sunt.
2649 4329 2704 4384 Si
2736 4338 3050 4398 potestatem
3078 4328 3346 4384 habuisset
3374 4329 3529 4383 Citri-

1958 4433 2071 4478 stus
2093 4465 2107 4487 ,
2140 4438 2244 4476 non
2285 4423 2537 4487 dixisset,
2569 4421 2630 4476 Si
2659 4420 2893 4491 possibile
2918 4430 3024 4486 est,
3056 4430 3291 4474 transeat.
3322 4422 3524 4476 Accusa

1959 4528 2086 4582 ergo
2113 4513 2270 4566 etiam
2297 4512 2485 4576 Deum,
2515 4513 2603 4581 qui
2632 4512 2826 4581 inlegc
2852 4512 2915 4564 iis
2935 4511 3110 4565 verbis
3131 4528 3256 4566 usus
3277 4522 3380 4577 est,
3410 4529 3527 4580 quas

1958 4606 2025 4659 ab
2050 4605 2162 4674 ejus
2186 4611 2447 4673 potestate
2475 4603 2629 4671 longe
2650 4602 2866 4656 distent.
2896 4602 2984 4656 Ait
3008 4603 3149 4655 enim
3174 4601 3339 4673 Moysi
3366 4603 3525 4669 Deus,

1958 4712 2077 4750 cum
2125 4696 2432 4765 loqueretur-
2476 4694 2528 4748 in
2562 4702 2743 4747 monte
2787 4692 2911 4747 Sina
2939 4733 2954 4756 ,
3000 4708 3095 4762 per
3122 4708 3370 4762 magnum
3399 4692 3557 4747 illud-

1962 4787 2302 4855 terribileque
2320 4793 2583 4839 ostentum
2612 4801 2625 4836 :
2655 4799 2773 4837 cum
2802 4785 2975 4838 omnis
3004 4791 3253 4838 tremeret
3280 4785 3525 4854 populus,
3550 4843 3555 4845 _

1959 4878 2178 4933 audiens
2207 4890 2391 4930 vocem
2420 4875 2512 4929 Dei
2538 4875 2766 4929 viventis
2794 4893 2805 4927 :
2835 4877 2924 4944 qui
2950 4875 3182 4928 omnium
3210 4883 3525 4942 potestatein

1961 4970 2119 5023 habet
2139 5008 2153 5033 ,
2185 4976 2238 5021 et
2265 4967 2442 5022 omnia
2482 4966 2726 5020 omnibus
2752 4965 3054 5034 dispensat,
3088 4965 3162 5019 ait
3197 4965 3361 5035 Moysi
3391 4965 3530 5017 Deus

1959 5062 2195 5113 omnium
2226 5058 2443 5127 largitor
2474 5074 2487 5110 :
2530 5057 2651 5121 Quis
2680 5056 2816 5109 dabit
2840 5073 2945 5110 esse
2970 5072 3055 5110 cor
3081 5071 3248 5109 eorum
3276 5055 3328 5106 in
3354 5054 3444 5118 eis,
3474 5063 3530 5104 ut

1963 5152 2170 5204 timeant
2207 5166 2290 5203 me
2309 5190 2325 5214 ,
2355 5158 2400 5201 et
2430 5148 2710 5200 custodiant
2738 5149 2963 5201 omnibus
3003 5147 3175 5199 diebus
3194 5185 3209 5210 ,
3238 5156 3291 5196 ut
3322 5144 3440 5196 bene
3467 5144 3531 5195 sit

1960 5243 2050 5307 eis,
2076 5254 2121 5294 et
2154 5241 2272 5310 ﬁliis
2302 5256 2471 5291 eorum
2500 5237 2672 5308 (Deut.
2699 5238 2750 5291 5.
2777 5237 2869 5308 29)
2892 5238 2916 5289 ?
2947 5238 3079 5290 Dicit
3104 5236 3262 5298 Deus,
3294 5234 3417 5300 Quis
3438 5235 3533 5287 da-

1962 5335 2030 5388 bit
2056 5333 2244 5403 populo
2271 5332 2386 5384 huic
2413 5331 2543 5383 cor?
2573 5330 2639 5384 Et
2668 5329 2807 5398 quis,
2834 5328 3053 5382 Domine
3073 5369 3086 5392 ,
3116 5336 3168 5380 te
3199 5324 3441 5387 validior,
3477 5333 3532 5377 ut

1959 5426 2090 5481 det?
2120 5439 2295 5479 nonne
2323 5432 2374 5476 tu
2405 5438 2462 5478 es
2502 5423 2590 5491 qui
2631 5431 2819 5475 cuneta
2849 5420 2964 5484 das,
2997 5418 3289 5487 praesertim
3317 5432 3435 5484 qua:
3464 5417 3529 5469 ad

1961 5519 2209 5586 pietatem
2257 5514 2541 5583 spectant?
2588 5512 2695 5565 Nisi
2748 5522 2799 5564 tn
2843 5527 2899 5563 es
2928 5510 3014 5578 qui
3062 5525 3155 5561 cor
3198 5508 3393 5561 bonum
3438 5507 3533 5560 das

1962 5605 2300 5676 diligentibus
2340 5612 2393 5658 te
2413 5644 2427 5667 ,
2456 5603 2556 5656 nisi
2589 5613 2642 5656 lu
2672 5617 2730 5655 es
2767 5602 2854 5670 qui
2899 5600 3107 5667 largiris
3130 5640 3145 5663 ,
3176 5613 3342 5668 quare
3371 5597 3559 5650 David»

1964 5696 2066 5749 hoc
2095 5710 2124 5748 a
2164 5703 2215 5747 te
2240 5694 2408 5763 petit,
2441 5694 2539 5747 Cor
2578 5693 2818 5745 mundum
2848 5707 2960 5743 crea
2998 5693 3050 5742 in
3080 5705 3171 5750 me,
3184 5689 3319 5742 Deus
3346 5687 3530 5759 (Psal.

1964 5789 2049 5845 50.
2077 5786 2220 5856 12)?
2248 5785 2350 5842 Car
2376 5786 2627 5843 mundum
2659 5802 2686 5840 a
2715 5795 2765 5840 te
2796 5783 3059 5854 postulant
3088 5784 3380 5854 prophetae,
3404 5784 3537 5837 alias
