4074 6308
477 371 580 424 427

1981 344 2256 410 ΙΝΟΕΙὶΤΙ

3628 357 3728 415 428

472 498 576 552 quc
604 482 739 534 bona
767 490 1008 543 munera,
1035 484 1196 544 atque
1223 442 1399 527 cordis
1428 469 1709 540 puritatem
1735 484 1748 521 :
1780 475 1836 522 et
1865 466 2053 520 huma-
2159 472 2381 540 quillum
2408 483 2617 543 portum
2641 474 2696 528 in
2721 473 2926 529 animas
2948 472 3275 544 diligentium
3299 473 3467 530 Deum
3495 476 3728 546 appellit.

474 588 541 627 na
570 581 723 625 utens
750 584 882 623 voce
916 566 1071 631 dicis,
1116 564 1241 632 Quis
1283 562 1420 616 dabit
1449 560 1636 631 populo
1663 558 1780 612 huic
1820 558 1947 611 cor?
1980 556 2048 610 Et

473 665 593 733 quis
640 664 759 733 plus
804 661 898 715 dat
944 673 1103 729 quam
1149 656 1248 712 tu?
1282 654 1653 710 Verumtamen
1684 651 1807 705 licet
1851 657 1905 703 tu
1937 662 2048 717 pne

472 754 711 809 bonitate
747 752 826 807 sic
865 751 1113 821 loquutus
1142 747 1215 803 sis
1234 785 1250 809 ,
1283 754 1337 800 at
1373 745 1561 800 beatus
1585 743 1793 813 Moyses
1816 754 1924 797 non
1953 737 2047 792 ad-

471 844 627 899 haesit
663 841 897 899 sermoni
927 850 1016 894 tuo
1036 881 1051 904 ,
1078 837 1174 894 sed
1202 835 1488 907 publicavit
1516 833 1846 901 majestatem
1876 840 2044 893 tuam,

472 936 705 992 ostendit
733 934 1104 989 auctoritatem
1124 972 1141 997 ,
1173 928 1422 999 patefecit
1450 927 1762 997 potentiam.
1794 925 1931 979 Dicit
1955 936 2048 991 p0-

470 1029 597 1100 pul)
632 1028 686 1083 in
714 1025 1125 1082 Deuleronomio
1154 1042 1167 1077 :
1189 1021 1341 1076 Dedit
1368 1020 1502 1075 vobis
1527 1018 1775 1073 Dominus
1801 1016 1940 1072 Deus
1963 1035 2050 1072 cor

480 1120 550 1173 ad
578 1118 854 1184 sciendum,
881 1126 926 1171 et
952 1115 1125 1170 oculos
1146 1113 1214 1168 ad
1248 1111 1548 1176 uidendum,
1577 1120 1624 1164 et
1665 1125 1813 1164 aures
1849 1109 1918 1163 ad
1956 1125 2050 1163 au-

471 1210 709 1263 diendum
733 1223 888 1278 usque
914 1207 968 1261 in
991 1206 1125 1259 diem
1152 1208 1282 1257 hanc
1312 1200 1495 1273 (Deut.
1525 1200 1614 1256 29.
1639 1200 1673 1255 4
1691 1201 1733 1271 ).

543 1301 598 1355 8.
642 1298 802 1353 Vides
827 1297 976 1351 illum
1006 1294 1135 1349 dare
1158 1308 1252 1347 cor
1272 1332 1287 1357 ,
1325 1292 1508 1346 oculos
1526 1332 1541 1355 ,
1572 1305 1729 1345 aures
1754 1299 1809 1345 et
1832 1287 2050 1344 omnia?

474 1392 574 1459 Qui
602 1404 730 1459 ergo
758 1392 802 1444 is
828 1388 916 1457 qui
942 1386 1120 1441 omnia
1161 1384 1253 1439 dat
1277 1383 1517 1449 dicebat,
1548 1382 1672 1451 Quis
1696 1381 1832 1434 dabit
1861 1380 2049 1450 populo

472 1484 588 1537 huic
629 1499 716 1536 cor
757 1481 900 1534 tale?
928 1493 1033 1548 quo
1060 1485 1215 1546 pacto
1252 1489 1456 1537 rursus,
1489 1474 1588 1527 nisi
1620 1474 1732 1542 ipse
1757 1487 1851 1527 cor
1874 1473 2046 1535 daret,

472 1578 676 1633 diceret
708 1588 801 1643 per
821 1570 1157 1626 Ezechielcm
1194 1586 1207 1621 :
1242 1566 1309 1620 Et
1338 1566 1597 1621 extraham
1623 1581 1686 1619 ea:
1708 1565 1778 1618 eis
1806 1580 1891 1616 cor
1918 1563 2051 1632 lapi-

475 1671 644 1730 deum,
674 1676 722 1721 et
751 1664 880 1717 dabo
903 1662 976 1717 eis
999 1677 1084 1715 cor
1108 1674 1364 1723 corneum,
1390 1667 1437 1710 et
1461 1656 1677 1710 scribam
1705 1655 1863 1725 legem
1887 1670 2048 1707 meum

475 1762 530 1815 in
558 1759 793 1813 cordibus
822 1772 995 1810 eorum
1024 1752 1235 1827 (Ezech.
1261 1748 1468 1815 11.19;
1491 1748 1604 1803 Jer.
1629 1749 1717 1802 ⁸51.
1742 1747 1872 1816 '55)?
1900 1746 2051 1800 Sicut

475 1867 606 1922 ergo
627 1851 734 1906 illic
758 1852 873 1918 ipse
899 1848 1059 1912 Deus,
1081 1846 1169 1916 qui
1190 1844 1320 1899 dare
1343 1850 1517 1913 potest
1541 1857 1637 1896 cor
1656 1841 1875 1905 bonum,
1898 1838 2045 1905 dicit,

476 1943 605 2009 Quis
627 1942 761 1996 dabit
784 1941 808 1996 ?
832 1940 904 1995 ita
923 1947 978 1994 et
994 1936 1303 2007 Unigenitus
1325 1935 1518 1998 Patris,
1544 1933 1633 2003 qui
1664 1941 1925 2003 potestate
1950 1946 2046 1986 sua

475 2033 650 2103 replet
691 2031 875 2086 orbem
920 2037 1181 2083 terrarum
1205 2067 1221 2093 ,
1246 2026 1501 2095 dicitque
1545 2039 1666 2080 cum
1693 2025 2045 2079 auctoritate:

475 2124 782 2179 Potestatem
809 2122 965 2176 habeo
996 2120 1214 2191 ponendi
1238 2119 1459 2173 animam
1481 2133 1664 2181 meam,
1687 2126 1733 2170 et
1758 2125 2049 2187 potestatem

476 2218 631 2273 habeo
655 2216 880 2272 sumendi
896 2213 1199 2287 eam(Joan.
1229 2211 1317 2266 10.
1341 2211 1434 2282 18)
1466 2227 1481 2270 ;
1512 2210 1687 2264 adhuc
1705 2208 1971 2279 responde
1994 2216 2051 2263 et

478 2326 544 2364 ex
576 2310 802 2363 humana
832 2308 1002 2360 forma
1029 2314 1083 2360 et
1107 2303 1316 2359 ratione
1338 2302 1569 2357 carnalis
1597 2301 1937 2364 inﬁrmitatis,
1965 2298 2049 2354 bis

474 2400 655 2456 verbis
687 2415 700 2452 :
734 2398 796 2455 Si
823 2396 1058 2469 possibile
1082 2405 1192 2462 est,
1229 2402 1447 2449 transeat
1474 2410 1506 2446 a
1530 2408 1609 2446 me
1648 2392 1781 2446 calix
1815 2390 2045 2463 (Matth.

477 2493 568 2548 9.6.
599 2492 664 2547 39
688 2492 729 2560 ).
760 2490 838 2545 Ne
866 2490 1023 2560 igitur
1064 2485 1459 2541 calumniemini
1490 2484 1629 2537 circa
1672 2497 1734 2536 ea
1763 2497 1880 2551 quae
1909 2481 2050 2537 dicta

478 2601 588 2641 non
620 2586 860 2647 fuerunt,
902 2581 995 2635 sed
1023 2579 1277 2633 inhaerete
1304 2579 1367 2631 iis
1387 2618 1403 2641 ,
1432 2591 1550 2645 quae
1578 2574 1858 2645 praedicata
1883 2582 2005 2627 sunt
2031 2590 2047 2629 :

476 2694 544 2733 ne
564 2674 919 2731 crimiuemini
940 2673 1258 2738 doctrinam,
1281 2672 1369 2740 qui
1391 2684 1606 2725 sensum
1626 2683 1733 2723 non
1753 2667 2044 2738 percipitis.

477 2770 601 2823 Scio
638 2767 777 2823 unde
821 2767 874 2821 in
914 2765 1231 2821 calumniam
1275 2776 1590 2833 prorumpas
1617 2779 1631 2815 :
1659 2760 1769 2815 scio
1795 2759 1936 2813 unde
1972 2759 2050 2813 sic

475 2860 696 2915 allectus
723 2858 819 2914 sis.
860 2858 1133 2912 Humauus
1167 2864 1252 2911 est
1277 2854 1531 2919 allectus,
1564 2851 1774 2907 invidiae
1806 2851 2045 2906 morbus.

474 2951 608 3008 Nam
650 2959 709 3005 ut
748 2951 934 3005 oculus
970 2949 1016 3003 si
1062 2962 1225 3017 purus
1266 2945 1354 3010 sit,
1402 2953 1589 3001 cuncta
1630 2954 1775 2998 recte
1802 2942 1946 2998 videt
1986 2956 2049 2998 ac

477 3044 773 3109 discernit;
820 3043 901 3097 sin
951 3041 1125 3095 fumus
1169 3039 1457 3104 invaserit,
1505 3047 1561 3092 et
1605 3035 2049 3106 pulchritudinem

477 3135 626 3189 visus
662 3132 1026 3197 labefactarit,
1057 3139 1146 3184 aut
1188 3130 1233 3185 si
1278 3128 1447 3197 pulvis
1490 3127 1773 3194 inciderit,
1807 3125 2050 3182 obtundit

475 3228 647 3280 visum
671 3242 686 3292 ;
735 3239 906 3294 neque
935 3231 1078 3278 recte
1106 3220 1251 3275 videt
1278 3228 1338 3274 ut
1374 3228 1497 3274 ante
1529 3237 1543 3274 :
1574 3219 1647 3273 ita
1673 3233 1814 3273 nunc
1840 3232 2051 3287 quoque

477 3318 749 3374 auditores
773 3316 989 3385 singuli,
1019 3314 1192 3370 donec
1221 3328 1409 3384 purum
1439 3312 1642 3366 habent
1664 3309 1786 3365 ﬁdei
1815 3310 2047 3374 oculum,

476 3425 665 3482 puram
693 3406 933 3463 caritatis
960 3406 1285 3477 palpebram,
1317 3414 1463 3459 recte
1489 3418 1726 3474 pureque
1751 3403 1971 3468 vident;
1998 3412 2052 3457 at

480 3503 526 3557 si
556 3503 729 3557 fumus
756 3499 1101 3570 blasphemia:
1126 3498 1266 3553 dicta
1292 3497 1561 3561 invaserit,
1588 3505 1680 3550 aut
1707 3494 1917 3550 invidiae
1938 3496 2053 3565 pul-

477 3596 557 3649 vis
580 3594 813 3647 animum
843 3590 1085 3654 subierit,
1120 3590 1300 3645 turbat
1325 3589 1595 3655 intuitum,
1627 3588 1926 3657 mentisque
1954 3603 2051 3656 pu-

477 3688 689 3742 ritatem
717 3685 895 3750 tollit;
922 3699 987 3739 ac
1018 3698 1141 3754 quan
1169 3698 1273 3737 non
1303 3682 1535 3749 audivit,
1577 3681 1843 3736 audivisse
1880 3689 2048 3750 putat,

477 3792 701 3850 quaque
740 3777 975 3841 audivit,
1020 3790 1130 3830 non
1173 3775 1340 3844 probe
1389 3773 1667 3829 intellexit.
1716 3772 2053 3842 Quapropter

478 3885 599 3926 cum
627 3869 947 3939 praevideret
987 3868 1163 3922 divina
1202 3865 1476 3933 Scriptura
1511 3863 1829 3919 offendicula
1867 3878 2052 3919 eorum

478 3960 571 4030 qui
594 3960 647 4013 in
687 3960 852 4014 sacris
880 3958 1048 4014 literis
1073 3957 1391 4026 cogitatione
1413 3956 1709 4011 oberraturi
1734 3962 1909 4019 erant,
1937 3955 2056 4025 qui~

481 4050 605 4103 dam
647 4064 711 4103 ex
752 4048 1029 4118 prophetis
1063 4048 1310 4102 clamavit
1346 4055 1467 4117 post
1504 4048 1773 4115 impletum
1815 4046 2052 4102 divinam

482 4139 913 4209 praedicationem
945 4156 961 4193 :
993 4138 1121 4203 Quis
1149 4139 1367 4207 sapiens,
1396 4148 1442 4191 et
1468 4138 1709 4209 intelliget
1735 4139 1841 4193 htec
1862 4139 1887 4192 ?
1908 4148 1957 4192 et
1980 4139 2056 4192 vir

483 4230 702 4301 prudens
725 4270 739 4294 ,
782 4238 830 4283 et
873 4238 1132 4299 cognoscet
1162 4234 1269 4281 haec
1288 4228 1314 4282 ν
1358 4227 1493 4292 Quia
1520 4236 1670 4281 recta:
1707 4230 1800 4282 vite
1824 4227 2053 4295 Domini,

482 4320 603 4391 iusti
629 4319 955 4373 ambulabunt
980 4319 1034 4372 in
1059 4316 1297 4388 eis(0see
1334 4318 1420 4373 14.
1450 4318 1563 4387 10).
1595 4317 1671 4373 Ne
1700 4319 1877 4388 itaque
1897 4361 1911 4381 ,
1944 4317 2055 4373 fra-

484 4421 595 4474 ter,
637 4410 797 4465 verba
841 4419 1122 4463 convertas
1164 4409 1216 4463 in
1261 4407 1594 4464 offendicula.
1643 4408 1827 4463 Nudus
1856 4423 2053 4474 sermo,

485 4500 625 4555 nuda
654 4501 868 4554 veritas.
899 4498 1013 4554 Non
1042 4513 1178 4554 unus
1198 4540 1213 4565 ,
1247 4513 1353 4553 non
1380 4498 1486 4553 duo
1505 4538 1521 4563 ,
1552 4512 1656 4553 non
1690 4498 1875 4553 decem
1896 4539 1909 4565 ,
1952 4514 2056 4552 non

485 4602 697 4647 centum
727 4592 1006 4646 audierunt
1033 4633 1049 4656 ,
1079 4590 1361 4645 multitudo
1388 4598 1471 4644 est
1509 4590 1764 4646 immensa
1807 4600 1863 4645 et
1904 4589 2059 4644 innu-

486 4699 654 4738 mera.
704 4683 929 4752 Pelagus
969 4682 1178 4751 pietatis
1220 4692 1303 4736 est
1346 4681 1619 4748 Ecclesia,
1667 4698 1771 4736 non
1815 4681 2058 4736 ﬂuetibus

484 4779 759 4848 agitatum,
806 4776 899 4831 sed
944 4776 1047 4830 ﬁde
1093 4775 1326 4844 plenum.
1373 4774 1524 4844 Apud
1567 4790 1665 4829 nos
1707 4790 1812 4829 non
1860 4774 2059 4843 patitur

487 4867 816 4937 naufragium
854 4865 1050 4936 scapha
1078 4865 1366 4931 doctrinm,
1393 4881 1497 4919 non
1540 4865 1774 4935 pellitur,
1807 4879 1910 4919 non
1943 4872 2058 4917 tur-

489 4964 642 5020 batur
665 5002 681 5028 ,
711 4974 819 5020 non
848 4956 1251 5027 tempestatibus
1291 4956 1552 5028 agitatur;
1597 4954 1691 5010 sed
1726 4963 1783 5009 ut
1822 4953 1888 5009 ad
1916 4962 2057 5009 tran-

2154 562 2330 631 Atque
2384 564 2496 618 haec
2547 564 2824 619 hactenus.
2877 565 3142 620 Ceterum
3208 565 3337 620 illud
3390 566 3734 623 considerare

2152 662 2382 723 oportet,
2410 666 2621 711 sanctos
2650 657 2743 712 Dei
2776 658 2831 711 in
2858 658 3152 712 calumnias
3182 658 3437 713 incidere.
3469 658 3606 725 Quid
3638 661 3735 714 mi-

2152 761 2270 799 rum
2297 746 2341 800 si
2380 762 2481 801 nos
2512 747 2680 813 viles,
2727 747 2974 813 humiles,
3018 750 3107 816 qui
3136 748 3266 803 nihil
3295 764 3480 804 sumus
3504 791 3519 815 ,
3561 760 3619 805 ut
3661 752 3731 806 ita

2152 835 2347 901 dicam,
2380 837 2656 892 calumniis
2689 839 3035 908 impetimur?
3078 841 3270 894 Annon
3294 841 3486 895 audisti
3520 842 3735 898 Davidis

2153 927 2333 992 verba,
2361 926 2519 996 Eripe
2543 945 2621 982 me
2646 946 2677 982 a
2701 930 2967 985 calumniis
2998 931 3256 985 hominum
3286 930 3363 1005 (a)
3395 931 3576 1005 (Psal.
3606 934 3727 990 118.

2157 1018 2259 1075 154
2291 1018 2353 1088 )?
2382 1020 2708 1076 Calumniam
2754 1022 2895 1091 passi
2937 1032 3060 1077 sunt
3085 1024 3244 1078 etiam
3285 1026 3451 1079 sancti
3480 1024 3734 1080 Servato-

2152 1110 2229 1165 ris
2258 1111 2516 1179 apostoli,
2561 1122 2620 1166 ut
2660 1114 2733 1167 ait
2773 1122 2830 1168 et
2872 1114 3058 1169 beatus
3085 1115 3281 1170 Paulus
3320 1133 3336 1171 :
3376 1116 3443 1169 Et
3478 1133 3580 1170 non
3604 1117 3732 1171 sicut

2153 1200 2580 1269 blasphemamur,
2608 1211 2656 1257 et
2676 1204 2806 1256 sicut
2833 1204 2975 1257 aiunt
3001 1206 3205 1275 quidam
3231 1222 3322 1259 nos
3351 1192 3536 1271 dicere,
3564 1208 3729 1277 facia-

2151 1306 2263 1344 mus
2293 1292 2449 1355 mala,
2476 1302 2531 1345 ut
2558 1294 2757 1348 veniant
2786 1294 2915 1348 bona
2941 1294 3128 1362 (Rom.
3158 1297 3210 1353 3.
3234 1296 3329 1367 8).
3356 1297 3471 1351 Non
3503 1313 3727 1364 maereo,

2152 1394 2272 1434 cum
2322 1381 2518 1436 sanctis
2565 1383 2828 1438 calumnia
2877 1385 3136 1451 affectus;
3186 1388 3287 1441 etsi
3334 1387 3583 1458 indignus
3628 1390 3731 1443 sim

2153 1480 2456 1526 sanctorum
2479 1477 2771 1529 consortio.
2794 1476 3009 1532 Judices
3030 1492 3125 1532 vos
3147 1492 3339 1534 omnes
3359 1480 3548 1546 habeo,
3571 1490 3735 1550 atque

2152 1574 2277 1619 ante
2299 1580 2392 1619 vos
2418 1580 2604 1622 omnes
2628 1582 2964 1624 communem
2991 1570 3203 1626 Patrem
3226 1581 3487 1636 nostrum,
3510 1574 3601 1641 qui
3624 1589 3732 1629 non

2152 1670 2219 1711 ex
2251 1656 2589 1725 praajudicata
2616 1659 2886 1727 opinione,
2919 1659 3014 1715 sed
3041 1676 3100 1715 re
3125 1662 3337 1731 cognita
3366 1662 3587 1731 judicat.
3619 1663 3730 1719 No-

2152 1747 2227 1800 vit
2249 1748 2599 1816 cogitationes
2628 1762 2837 1806 uostras
2856 1793 2871 1817 ,
2905 1754 3178 1823 cognoscit
3199 1765 3253 1807 et
3280 1755 3464 1820 verba,
3494 1755 3636 1823 quod
3662 1757 3736 1812 ab

2152 1838 2269 1907 ipso
2298 1840 2410 1894 haec
2451 1841 2623 1895 edocti
2673 1842 2949 1899 fuerimus.
2998 1846 3337 1901 Postulamus
3366 1863 3395 1901 a
3423 1848 3575 1903 vobis
3601 1865 3731 1903 num

2150 1930 2559 2000 reprehenderit
2587 1934 2725 1990 dicta
2746 1977 2764 2003 ,
2808 1951 2975 2006 eaque
3003 1940 3296 1994 correxerit
3332 1957 3347 1994 :
3383 1956 3565 1996 verum
3596 1941 3732 1997 nihil

2150 2026 2449 2095 suspicatus
2476 2036 2578 2082 est.
2609 2026 2768 2083 Certe
2806 2030 2851 2083 si
2895 2031 3265 2097 emendasset,
3302 2048 3405 2087 non
3436 2033 3563 2089 odio
3585 2074 3602 2100 ,
3634 2034 3731 2090 sed

2150 2121 2374 2176 caritate
2402 2131 2576 2177 motus
2606 2122 2657 2177 id
2686 2122 2922 2180 fecisset.
2965 2124 3132 2192 Quem
3173 2126 3314 2180 enim
3358 2126 3527 2196 diligit
3552 2135 3728 2196 pater,

2150 2215 2361 2283 arguit;
2393 2229 2549 2285 quem
2580 2231 2708 2270 vero
2735 2231 2840 2271 non
2868 2218 3118 2285 corrigit,
3145 2226 3416 2272 aversatur
3445 2218 3637 2288 (Prov.
3665 2221 3716 2275 5.

2152 2305 2267 2377 12).
2291 2305 2652 2363 Admirandus
2675 2317 2853 2362 autem
2883 2307 2970 2362 hic
2997 2317 3150 2378 pater
3174 2317 3229 2364 et
3252 2320 3398 2365 recte
3420 2310 3557 2365 dicta
3582 2326 3728 2365 com-

2151 2396 2374 2465 probat,
2415 2406 2471 2452 et
2499 2413 2711 2452 errores
2753 2398 3020 2453 emendat.
3054 2399 3167 2453 Hoc
3206 2401 3347 2454 enim
3394 2401 3559 2469 patris
3598 2416 3731 2470 proa

2151 2490 2321 2559 prium
2349 2498 2453 2556 est,
2482 2500 2625 2545 recte
2644 2490 2782 2546 dicta
2808 2506 2873 2547 ac
2893 2506 3013 2546 cum
3042 2492 3146 2547 ﬁde
3174 2493 3457 2562 praedicata
3484 2494 3728 2550 laudibus

2151 2581 2442 2637 celebrare.
2476 2582 2681 2638 Sufﬁcit
2727 2597 2854 2652 ergo
2901 2584 3137 2638 omnium
3178 2585 3346 2639 instar
3383 2584 3499 2655 ejus
3537 2585 3728 2640 sull‘ra-

2150 2672 2292 2742 gium
2323 2712 2339 2737 ,
2367 2683 2524 2742 atque
2550 2674 2602 2726 in
2632 2672 2819 2742 primis
2856 2673 3172 2729 sanctissimi
3198 2674 3312 2729 Dei.
3339 2673 3602 2729 Caeterum
3630 2677 3727 2745 pice

2153 2762 2522 2818 adhaereamus
2550 2764 2816 2833 religioni,
2845 2779 3118 2820 servemus
3148 2764 3305 2819 ﬁdem
3334 2766 3727 2820 intemeratum.

2151 2854 2367 2909 Credite
2394 2854 2646 2922 veritati,
2688 2870 2755 2910 ne
2783 2854 3130 2911 contradicite
3166 2856 3394 2910 veritati.
3441 2855 3521 2910 Ne
3570 2856 3728 2911 ﬁdem

2151 2946 2417 3001 adulteres
2437 2988 2453 3013 ,
2484 2946 2716 3001 divinam
2740 2957 2981 3001 naturam
3013 2962 3081 3002 ne
3116 2945 3324 3001 curiose
3351 2947 3598 3016 explores
3617 2988 3632 3014 ,
3660 2962 3727 3001 ne

2151 3039 2464 3094 mortalibus
2504 3039 2796 3094 ratiociniis
2845 3040 3197 3094 immortalem
3232 3038 3539 3110 dignitatem
3568 3041 3729 3111 subji~

2151 3132 2281 3186 cias.
2312 3130 2615 3185 Periculosa
2639 3140 2722 3186 est
2741 3131 3199 3187 ratiocinationum
3222 3132 3340 3197 via;
3372 3141 3483 3186 tuta
3502 3142 3557 3186 et
3578 3132 3727 3186 ﬁrma

2151 3224 2497 3294 intelligentia
2551 3223 2901 3281 confessionis
2954 3225 3097 3279 ﬁdei.
3158 3225 3291 3280 Vera
3341 3226 3603 3295 sapientia
3650 3235 3730 3280 est

2152 3314 2307 3370 ﬁdes.
2338 3316 2475 3371 Audi
2516 3316 2640 3385 quid
2684 3314 2825 3371 dicat
2863 3316 3100 3371 divinum
3131 3316 3401 3371 oraculum
3436 3334 3449 3369 :
3477 3317 3615 3371 Nam
3642 3328 3730 3371 etss

2151 3407 2263 3474 quis
2292 3409 2384 3461 erit
2414 3411 2664 3478 perfectus
2691 3408 2821 3461 inter
2859 3408 2997 3476 ﬁlios
3036 3408 3329 3471 hominum,
3362 3408 3406 3461 si
3432 3406 3614 3461 abillo
3641 3407 3731 3461 ab-

2154 3499 2304 3571 fuerit
2333 3516 2393 3553 ea
2421 3516 2535 3569 qua:
2561 3516 2592 3553 a
2619 3509 2665 3553 te
2690 3509 2761 3553 est
2787 3501 3055 3569 sapientia,
3084 3501 3154 3554 ad
3182 3500 3394 3554 nihilum
3416 3502 3730 3570 reputabitur

2154 3591 2310 3663 (Sap.
2340 3591 2392 3646 9.
2419 3590 2496 3660 6).
2530 3590 2673 3661 Fuge
2699 3590 3040 3661 qumstiones,
3069 3606 3242 3660 neque
3262 3591 3418 3645 verba
3446 3589 3571 3645 ﬁdei
3599 3605 3731 3661 prte-

2154 3683 2317 3743 feras.
2347 3683 2566 3739 Paulum
2603 3683 2739 3738 habe
2765 3683 3096 3753 magistrum,
3128 3682 3339 3737 Petrum
3370 3683 3461 3737 tibi
3489 3682 3731 3737 adscribc

2158 3786 2542 3846 praeceptorem
2578 3793 2591 3830 :
2629 3776 2839 3830 illorum
2879 3774 3038 3830 ﬁdem
3084 3784 3305 3829 sectare.
3339 3775 3475 3829 Audi
3516 3774 3727 3829 Petrum

2157 3866 2424 3921 dicentem
2457 3884 2469 3920 :
2499 3864 2581 3921 Tu
2606 3883 2656 3920 es
2681 3865 2931 3931 Christus,
2962 3865 3128 3920 Filius
3157 3865 3253 3920 Dei
3281 3867 3376 3921 uiui
3404 3866 3615 3938 (Matth.
3641 3867 3724 3922 16.

2156 3958 2248 4027 6).
2279 3957 2512 4025 Sequere
2540 3956 2759 4012 Paulum
2787 3966 2967 4026 aperte
2998 3955 3187 4011 Filium
3221 3956 3313 4012 Dei
3340 3957 3720 4020 celebrantem,

2157 4063 2220 4104 ac
2246 4048 2405 4103 modo
2431 4048 2645 4119 quidem
2684 4048 2947 4103 dicentem
2974 4047 3270 4119 :Loquutus
3307 4060 3379 4104 est
3422 4049 3565 4104 nobis
3591 4049 3726 4106 Deus

2156 4143 2211 4195 in
2235 4141 2393 4206 Filio,
2424 4158 2513 4211 per
2536 4157 2680 4211 quem
2703 4142 2819 4213 fecit
2837 4150 2886 4195 et
2911 4144 3098 4196 saecula
3122 4158 3140 4195 .'
3163 4143 3247 4210 qui
3266 4158 3380 4195 cum
3406 4142 3471 4196 sit
3496 4142 3732 4211 splendor

2157 4234 2335 4305 gloriae
2359 4274 2374 4299 ,
2402 4243 2450 4287 et
2490 4234 2656 4304 ﬁgura
2702 4234 3022 4297 substantias,
3054 4243 3354 4302 portansque
3393 4236 3565 4287 omnia
3592 4233 3733 4287 verbo

2159 4327 2357 4380 virtutis
2385 4341 2492 4379 sua:
2518 4325 2714 4398 (Hebr.
2740 4327 2791 4379 1.
2814 4325 2868 4378 2.
2893 4323 2960 4394 5)
2987 4342 2998 4376 :
3028 4324 3187 4379 modo
3214 4325 3405 4380 iterum
3439 4327 3733 4397 pradican-

2161 4429 2267 4474 tem
2290 4462 2307 4487 ,
2338 4419 2426 4473 ubi
2468 4419 2535 4474 de
2570 4419 2768 4473 Judaeis
2796 4420 2904 4490 agit
2932 4435 2943 4468 :
2974 4419 3201 4485 Quorum
3240 4430 3408 4489 patres
3449 4422 3633 4485 nostri,
3675 4435 3735 4473 ea:

2160 4515 2337 4583 quibus
2380 4522 2453 4567 est
2498 4511 2729 4567 Christus
2774 4512 3048 4566 secundum
3075 4528 3311 4580 carnem,
3353 4513 3439 4583 qui
3477 4523 3550 4566 est
3591 4529 3737 4582 super

2162 4606 2331 4660 omnia
2375 4604 2510 4657 Deus
2552 4605 2831 4658 benedictus
2872 4605 2927 4657 in
2973 4604 3158 4659 sarcula
3195 4604 3517 4659 swculorum.
3559 4605 3715 4657 Amen

2164 4698 2338 4770 (Hom.
2366 4698 2415 4754 9.
2454 4695 2531 4768 5).

2228 4898 2300 4958 (ιι)
2323 4896 2391 4944 lta
2415 4892 2772 4958 quoqueailus.
2791 4899 2858 4943 De
2879 4892 3087 4945 diversis
3108 4891 3330 4957 malignis
3352 4892 3736 4956 cogitationibus,

2162 4955 2470 5023 cap.'ultimo.
2496 4955 2700 5006 coteler.
