4044 6306
342 289 450 346 427

341 406 568 479 καρδίας
596 407 972 480 καθαρότητα·
1019 412 1113 466 καὶ
1155 412 1331 480 λέγεις
1363 409 1676 482 ἀνθρωπίνῃ
1706 424 1906 478 κεχρη-

342 490 500 558 μένος
546 493 696 561 φωνῇ
720 530 735 553 ,
776 493 870 558 Τίς
900 492 1077 548 δώσει
1112 492 1194 560 τῷ
1239 493 1366 559 ,λαῷ
1399 495 1584 556 τούτῳ
1605 489 1905 560 καρδίανῖ

338 571 451 624 Καὶ
472 571 555 636 τίς
581 573 609 624 6
635 573 816 626 πλεῖόν
845 591 937 628 σου
963 575 1137 639 διδούς
1160 594 1174 640 ;
1203 577 1348 647 Πλὴν
1378 577 1426 629 εί
1459 576 1552 629 καὶ
1575 575 1638 628 σὺ
1663 574 1738 636 ὡς
1771 574 1907 640 ἀγα-

339 651 431 716 θὸς
470 652 642 716 οὕτως
691 653 966 724 ἐφθέγξω,
1000 657 1112 710 ἀλλ’
1141 657 1170 708 6
1209 659 1474 729 μακάριος
1524 658 1762 726 Μωῦσῆς
1808 655 1908 706 οὐκ

337 735 672 806 ἡκολούθησέ
704 754 794 790 σου
817 742 883 810 τῇ
913 739 1074 805 λέξει,
1104 742 1464 815 ἀλλ’ὲκήρυξέ
1493 757 1585 794 σου
1605 740 1704 811 τὴν
1730 735 1904 802 ἀξίαν,

335 818 505 882 ἔδειξε
531 821 630 888 τὴν
665 819 969 886 αὑθεντίαν,
1012 825 1275 894 ὲγνὼρισέ
1306 843 1398 879 σου
1441 825 1539 897 τὴν
1567 821 1903 876 δυναστείαν.

337 904 498 970 Λέγει
530 903 607 973 τῷ
642 903 756 973 λαῷ
797 906 854 958 ἐν
881 905 960 977 τῷ
1000 909 1399 981 Δευτερονομίῳ
1429 927 1443 941 ·
1476 909 1734 962 Ἔδωκεν
1766 905 1907 971 ὑμῖν

336 988 552 1054 Κύριος
583 991 617 1041 ὸ
659 988 803 1055 Θεὸς
833 990 1085 1058 καρδίαν
1131 993 1381 1058 ειδέναι,
1437 993 1534 1046 καὶ
1562 989 1908 1061 ὀφθαλμοὺς

327 1069 607 1134 βλέπειν,
635 1071 731 1124 καὶ
754 1067 873 1125 ὦτα
902 1073 1164 1141 ἀκούειν’,
1180 1076 1289 1142 ἕως
1300 1076 1410 1144 τῆς
1423 1075 1646 1146 ἡμέρας
1665 1075 1901 1140 ταύτης.

407 1159 478 1223 η’.
526 1155 688 1225 Ὁρᾷς
724 1157 805 1209 ὅτι
836 1157 1087 1227 καρδίαν,
1136 1161 1230 1214 καὶ
1264 1160 1606 1231 ὀφθαλμοὺς,
1635 1160 1730 1213 καὶ⁷
1756 1153 1902 1222 ὦτα,

335 1237 432 1289 καὶ
463 1237 530 1290 τὰ
561 1239 738 1291 πάντα
771 1241 800 1291 6
846 1240 1009 1303 αὐτὸς
1037 1241 1256 1311 δίδωσι;
1297 1243 1420 1308 Πῶς
1447 1239 1540 1296 οὖν
1570 1244 1598 1295 6
1629 1243 1698 1295 τὰ
1729 1241 1906 1294 πάντα

331 1319 510 1382 διδοὺς
542 1322 696 1388 ἔλεγε
716 1363 731 1384 ,
785 1323 880 1388 Τίς
914 1322 1092 1378 δώσει
1140 1325 1221 1390 τῷ
1251 1325 1380 1390 λαῷ
1424 1327 1611 1394 τούτῳ
1658 1325 1908 1392 καρδίαν

331 1405 620 1472 τοιαύτην
635 1421 655 1468 ;
688 1403 839 1481 [455]
871 1405 988 1470 πῶς
1019 1407 1076 1461 δὲ
1101 1408 1283 1471 πάλιν,
1309 1411 1356 1462 εί
1388 1411 1461 1482 μὴ
1484 1410 1643 1472 αὐτὸς
1668 1405 1736 1479 ἦν
1760 1411 1787 1460 6
1823 1406 1905 1460 διι-

329 1486 457 1549 δοὺς
479 1486 726 1556 καρδίαν,
756 1487 907 1556 ἔλεγε
931 1489 1016 1543 διὰ
1045 1491 1137 1544 τοῦ
1176 1490 1433 1563 Ἱεζεκιήλ
1451 1511 1464 1524 ·
1493 1493 1601 1547 Καὶ
1618 1490 1906 1545 ἐκσπάσω

330 1568 404 1633 ἐξ
444 1569 642 1623 αὐτῶν
689 1569 804 1638 τὴν
846 1572 1094 1641 καρδίαν
1139 1573 1253 1644 τὴν
1289 1578 1548 1644 λιθίνην,
1595 1575 1694 1629 καὶ
1736 1573 1906 1627 δώσω

331 1651 539 1718 αὐτοῖς
575 1653 823 1721 καρδίαν
867 1657 1182 1724 σαρκίνην,
1221 1658 1319 1711 καὶ
1353 1659 1559 1729 γράψω
1585 1658 1691 1712 τὸν
1719 1660 1907 1727 νόμον

324 1754 450 1808 μου
483 1737 553 1790 ἐν
581 1737 707 1804 ταῖς
735 1738 1003 1808 καρδίαις
1034 1741 1262 1806 αὑτῶν;
1290 1743 1499 1815 ’Ὠσπερ
1539 1738 1632 1796 οὖν
1669 1745 1785 1795 ἐκεῖ
1811 1742 1900 1794 αὐ-

330 1821 428 1883 τὸς
455 1823 482 1872 6
510 1820 661 1883 Θεὸς,
694 1823 723 1874 6
755 1821 1051 1892 δυνάμενος
1085 1823 1266 1877 δοῦναι
1301 1826 1524 1896 καρδίαν
1553 1825 1782 1897 ἀγαθὴν,
1823 1825 1908 1878 λέ-

331 1923 423 1971 γει
444 1919 458 1933 ’
499 1905 597 1969 Τίς
616 1904 795 1958 δώσει
819 1923 833 1971 ;
867 1905 1038 1970 οὕτως
1067 1909 1160 1959 καὶ
1181 1909 1210 1960 6
1230 1908 1530 1980 Μονογενὴς
1550 1909 1643 1962 τοῦ
1673 1908 1904 1980 Πατρδς,

332 1990 398 2040 ὲν
428 1987 647 2058 ἐξουσίᾳ
677 1987 900 2059 πληρῶν
930 1989 1029 2060 τὴν
1056 1991 1400 2062 οἰκουμένην,
1427 1993 1522 2046 καὶ⁵
1564 1993 1736 2061 λέγων
1769 1992 1907 2062 μετά

331 2069 642 2134 αὑθεντίας,
687 2071 1008 2133 Ἐεουσίαν
1031 2072 1148 2140 ἔχω
1173 2074 1359 2127 θεῖναι
1387 2075 1502 2142 τὴν
1530 2075 1742 2144 ψυχήν
1763 2093 1905 2144 μου,

331 2153 435 2207 καὶ
471 2155 762 2219 ἐξουσίαν
789 2156 908 2222 ἔχω
934 2157 1142 2210 λαϐεῖν
1168 2158 1383 2230 αὐτὴν,
1424 2161 1776 2230 ἀποκρίνεται
1811 2162 1909 2215 πά-

331 2239 417 2292 λιν
442 2238 522 2309 τῷ
564 2239 887 2309 ἀνθρωπίνῳ
919 2225 1192 2312 σχήματι,
1218 2243 1284 2296 ἐκ
1311 2225 1606 2312 προσώπου
1631 2245 1729 2315 τῆς
1769 2245 1909 2298 κατά

333 2322 517 2393 σάρκα
550 2321 832 2386 ἀσθενείας
871 2323 1070 2391 λέγων·
1106 2327 1174 2378 El
1220 2324 1519 2390 δυνατὸν,
1561 2326 1909 2394 παρελθάτω

330 2405 437 2461 ἀπ’
461 2405 607 2474 ἐμοῦ
642 2405 707 2459 τὸ
742 2405 1046 2474 ποτήριον.
1089 2408 1182 2478 Μὴ
1209 2408 1387 2462 τοίνυν
1433 2412 1814 2477 συκοφαντεῖτε
1838 2409 1908 2463 τὰ

333 2487 415 2559 μὴ
460 2488 757 2558 λεγόμενα,
802 2489 936 2543 ἀλλά
976 2496 1237 2562 στοιχεῖτε
1283 2495 1396 2557 τοῖς
1444 2495 1864 2564 κηρυττομένοις
1890 2511 1903 2525 ·

334 2572 414 2642 μὴ
439 2571 748 2624 διαδάλλετε
773 2572 867 2642 τὴν
895 2572 1260 2639 διδασκαλίαν,
1297 2575 1370 2647 μὴ
1400 2577 1910 2646 καταλαμϐάνοντες

338 2657 434 2726 τὴν
464 2655 685 2710 ἔννοιαν.
729 2651 860 2710 Οἶδα
892 2657 1053 2714 πόθεν
1094 2661 1174 2724 είς
1201 2660 1452 2732 διαϐολὴν
1487 2659 1865 2725 ἐξολισθαίνεις
1891 2678 1904 2693 ο

331 2735 452 2794 ..οἴδα
478 2739 648 2794 ταῦτα
694 2742 856 2795 πόθεν
899 2742 1150 2814 πάσχεις.
1198 2744 1560 2815 Ἀνθρὼπινον
1605 2746 1668 2798 τὸ
1714 2746 1905 2810 πάθος,

334 2823 604 2894 βασκανία
644 2826 678 2893 ὴ
717 2825 893 2888 νόσος.
945 2826 1153 2898 Ὥσπερ
1186 2828 1294 2901 γὰρ
1341 2830 1369 2881 6
1400 2829 1708 2900 ὀφθαλμὸς,
1741 2827 1834 2883 ἐὰν

336 2907 607 2978 καθαρὸς,
645 2909 818 2962 πάντα
854 2908 988 2980 ὀρθὰ
1041 2911 1225 2981 βλέπει
1257 2913 1351 2965 καὶ
1383 2911 1682 2982 διακρίνει,
1717 2915 1812 2966 ἐάν
1843 2913 1901 2966 δὲ

335 2992 546 3054 καπνὸς
565 2991 866 3063 ἐπεισέλθῃ,
885 2993 977 3046 καὶ
988 2993 1292 3064 λυμήνηται
1310 2998 1380 3048 τὰ
1399 2996 1568 3068 κάλλη
1591 2996 1690 3066 τῆς
1709 2996 1904 3066 ὅψεως,

333 3074 371 3144 ἦ
410 3073 679 3142 κονιορτὸς
712 3075 927 3146 ἐμπέσῃ
945 3115 961 3141 ,
987 3076 1251 3146 ἀμϐλύνει
1279 3079 1378 3148 τὴν
1399 3078 1544 3148 ὄψιν,
1577 3079 1672 3132 καὶ
1697 3079 1759 3132 οὑ
1785 3078 1908 3149 βλέ-

332 3172 431 3208 πει
458 3155 653 3219 καλῶς,
681 3156 756 3220 ὡς
778 3157 884 3228 πρὸ
905 3157 1099 3220 τούτου,
1121 3159 1348 3215 ἔϐλεπεν
1370 3162 1544 3232 ὀρθῶς
1568 3179 1582 3193 ο
1615 3161 1790 3225 οὕτως
1813 3160 1907 3215 καὶ

333 3237 434 3292 νῦν
479 3239 585 3291 τῶν
619 3240 900 3311 ἀκροατῶν
943 3242 1192 3306 ἕκαστος,
1225 3243 1329 3308 ἓως
1373 3245 1613 3316 καθαρὸν
1643 3245 1756 3316 ἕχει
1808 3245 1902 3298 πί-

336 3339 511 3385 στεως
538 3322 689 3392 ὄμμα
709 3363 725 3386 ,
763 3323 1000 3396 καθαρὸν
1023 3325 1243 3397 ἀγάπης
1283 3326 1546 3400 βλέφαρον
1563 3369 1578 3394 ,
1605 3328 1780 3399 ὀρθῶς
1813 3331 1906 3383 καὶ

335 3403 594 3475 καθαρῶς
630 3407 764 3476 όρᾷ’
794 3409 889 3460 ἐὰν
917 3408 972 3461 δὲ
1001 3409 1207 3472 καπνὸς
1239 3409 1584 3481 βλασφημίας
1615 3411 1906 3484 ἐπεισέλθῃ

333 3491 451 3551 τοῖς
499 3489 842 3560 λεγομένοις,
870 3491 902 3561 ἢ
935 3494 1206 3563 κονιορτὸς
1253 3494 1551 3564 βασκανίας
1597 3497 1695 3568 τὴν
1730 3495 1907 3567 ψυχὴν

336 3571 627 3646 ὑποδράμῃ
648 3614 663 3635 ,
709 3572 851 3626 θολοῖ
893 3575 991 3645 τὴν
1019 3575 1160 3644 ὄψιν,
1191 3577 1285 3630 καὶ
1305 3577 1554 3646 ἀφανίζει
1589 3578 1650 3631 τὸ
1669 3579 1906 3651 καθαρὸν

334 3655 438 3725 τῆς
475 3655 737 3721 διανοίας,
786 3658 879 3710 καὶ
922 3657 958 3710 ἀ
1010 3660 1084 3730 μὴ
1128 3659 1380 3730 ἤκουσεν,
1424 3662 1673 3732 ἦκουσεν,
1727 3664 1820 3716 καὶ
1871 3665 1906 3719 ἃ

333 3739 603 3809 ἤκουσεν,
630 3740 690 3792 οὐ
720 3740 897 3803 καλῶς
919 3741 1157 3812 ἐνόησεν.
1209 3742 1368 3797 Ὅθεν
1411 3745 1692 3815 προειδυῖα
1723 3749 1756 3818 ὴ
1787 3745 1905 3800 θεία

334 3823 378 3874 Γ
385 3821 532 3893 ραφὴ
565 3822 632 3875 τὰ
675 3823 1079 3896 προσκόμματα
1123 3826 1231 3880 τῶν
1264 3825 1564 3897 μελλόντων
1603 3832 1667 3900 τῇ
1695 3830 1906 3902 διανοίᾳ

334 3905 704 3976 προσκόπτειν
730 3909 842 3971 τοῖς
882 3911 1046 3980 ίεροῖς
1075 3915 1386 3982 γράμμασι,
1415 3911 1509 3964 καί
1553 3912 1654 3965 πού
1691 3931 1774 3976 τις
1798 3914 1905 3968 τῶν

332 3989 633 4060 προφητῶν
664 3991 811 4056 ὲόόα,
839 3995 975 4062 μετά
993 3994 1054 4047 τὸ
1076 3994 1359 4066 πληρῶσαι
1379 3997 1439 4050 τὸ
1461 3996 1602 4050 θεῖον
1621 3999 1902 4070 κήρυγμα·

338 4074 440 4139 Τίς
467 4073 680 4143 σοφὸς,
714 4075 812 4129 καὶ
848 4076 1108 4142 συνήσει
1145 4079 1362 4142 ταῦτα;
1387 4081 1486 4134 καὶ
1522 4081 1677 4149 ἀνὴρ
1705 4085 1908 4150 φρόνι-

325 4176 470 4230 μος,
496 4158 594 4212 καί
611 4158 896 4228 γνώσεται
916 4161 1142 4226 ταῦτα;
1169 4164 1298 4218 Ὅτι
1318 4165 1536 4219 εὐθεῖαι
1554 4169 1608 4219 οἱ
1636 4166 1760 4220 ὁδοί
1788 4169 1905 4220 Κυ-

327 4245 495 4312 ρίου,
529 4242 748 4298 δίκαιοι
780 4246 1176 4312 πορεύσονται
1216 4250 1286 4302 ἐν
1325 4248 1554 4315 αὐταῖς.
1589 4249 1680 4320 Μὴ
1705 4249 1901 4312 τοίνυν,

334 4326 559 4395 ἀδελφὲ,
587 4326 909 4398 μεθάρπαξε
945 4330 1166 4399 ῥήματα
1198 4333 1277 4393 εἰς
1309 4333 1732 4402 προσκόμματα.
1797 4333 1904 4386 Γυ-

333 4409 467 4479 μνὸς
499 4411 528 4462 6
553 4409 726 4477 λόγος,
751 4411 931 4482 γυμνὴ
952 4413 984 4482 ή
1007 4412 1249 4482 ἀλήθεια.
1281 4415 1390 4480 Οὐχ
1417 4409 1515 4478 εἷς,
1545 4416 1606 4467 οὐ
1635 4415 1900 4487 δεύτερος,

329 4494 393 4545 οὐ
422 4493 646 4555 δέκατος
670 4532 685 4556 ,
724 4493 822 4563 οὐχ
861 4495 1150 4559 ἐκατοστὸς
1175 4498 1202 4548 ὁ
1229 4495 1493 4561 ἀκούσας,
1526 4497 1728 4568 πλῆθος
1755 4500 1902 4553 ἐστιν

329 4577 560 4646 ἄπειρον
587 4587 639 4636 α,
672 4575 872 4646 πλῆθος
894 4575 1277 4648 ἀναρίθμητον.
1310 4579 1545 4648 Πέλαγός
1576 4583 1722 4634 ἐστιν
1748 4581 1902 4632 εὐσε-

330 4661 487 4724 ϐείας
522 4661 556 4730 ἡ
586 4659 902 4732 Ἐκκλησία,
927 4662 989 4715 οὑ
1016 4663 1272 4733 κυμάτων
1298 4664 1744 4736 πεπληρωμένον,
1767 4664 1902 4718 ἀλλά

394 4838 420 4868 ⁸
443 4835 585 4885 Hunc
603 4835 662 4885 ad
701 4849 862 4886 sacras
882 4835 1144 4886 conciones
1169 4849 1455 4887 concursum
1495 4840 1768 4888 auditorum
1791 4841 1902 4887 ὠοι-

327 4899 466 4960 σμὸν,
487 4899 658 4961 θλίψιν,
671 4900 1004 4962 στενοχωρίαν,
1029 4912 1159 4962 saepe
1177 4907 1443 4948 memorant
1456 4899 1900 4962 Patres.praecipue

327 4960 700 5024 yosler;_e0qpe
723 4960 787 5007 de
811 4960 947 5024 αισι-ε
966 4973 1073 5008 cum
1097 4960 1368 5024 christiano
1395 4961 1532 5024 Lupo
1551 4960 1732 5024 accipio
1749 4960 1900 5024 γει-δε

328 5021 542 5091 Nestor-ii
566 5041 578 5069 :
608 5022 771 5090 Ifureo
798 5019 1191 5091 εαίῃιλφιοηίαπι
1212 5028 1257 5091 gl
1277 5035 1365 5086 ego
1384 5019 1522 5091 υᾳίᾱε
1543 5019 1899 5091 ειιηίίᾳιίςᾳιαε

320 5089 368 5134 ει
383 5097 474 5146 ira:
493 5081 695 5132 omnino
714 5081 958 5146 constricti
969 5081 1084 5146 ,fsgu
1098 5095 1161 5130 ex
1186 5084 1285 5146 alia,
1302 5081 1542 5146 i‘ersioge,
1561 5081 1900 5146 ςυηεὶίρᾱιίοηε

321 5145 571 5204 laboratis,
587 5157 753 5208 grece
773 5145 945 5207 procul
959 5143 1109 5194 dubio
1124 5145 1439 5207 σφιγγόμενοι.
1465 5144 1516 5194 In
1530 5143 1736 5196 Homilié
1763 5146 1899 5195 Pauli

1299 285 1367 341 ΙΝ
1404 285 1638 355 ILLUD,
1679 286 1745 342 IN
1778 286 1919 355 QUA
1962 285 2391 354 POTESTATE,
2431 285 2590 343 ETC.

3475 295 3581 352 49.8

2011 406 2248 470 πίστεως
2287 408 2476 479 γέμον.
2511 410 2586 462 Οὐ
2627 409 2854 476 ναυαγεῖ
2881 409 3009 479 παρ’
3049 408 3182 480 ἡμῖν
3210 408 3271 462 τὸ
3298 409 3396 481 τῆς
3436 411 3583 465 διδα-

2013 489 2244 553 σκαλίας
2277 493 2504 560 σκάφος,
2528 491 2589 544 οὐ
2611 489 2891 555 τύπτεται,
2916 491 2975 543 οὐ
3005 491 3351 562 ταράττεται,
3382 492 3442 545 οὺ
3475 509 3582 563 χει-

2015 571 2279 640 μάζεται·
2327 575 2440 629 ἀλλ’
2479 575 2556 638 ὡς
2587 572 2762 627 εὕδιον
2799 573 2991 644 λιμένα
3017 575 3095 637 είς
3127 575 3225 638 τάς
3263 575 3438 644 ψυχὰς
3473 575 3583 629 τῶν

2011 655 2103 710 τὸν
2134 653 2332 727 Κύριον
2359 653 2697 724 ἀγαπώντων
2727 653 3031 724 ὁρμίζεται.
3076 655 3236 708 Ἀλλά
3274 656 3446 711 ταῦτα
3479 657 3578 728 μὲν

2013 740 2092 800 είς
2115 739 2386 796 τοσοῦτον.
2431 739 2637 792 Ἐκεῖνο
2668 738 2723 790 δὲ
2748 737 2828 790 δεῖ
2849 740 3090 809 σκοπεῖν,
3122 739 3204 792 ὅτι
3234 740 3283 793 oi
3316 740 3460 807 ἀγιοι
3485 739 3581 794 τοῦ

2012 821 2146 875 Θεοῦ
2177 823 2539 876 ὑποπίπτουσι
2561 821 2961 889 συκοφαντίαις.
2994 819 3060 873 Τί
3079 821 3140 874 τὸ
3173 821 3506 891 θαυμαστὸν,
3532 824 3582 876 εί

2013 908 2174 977 ἡμεῖς
2204 907 2252 960 οἱ
2281 906 2537 970 εὐτελεῖς,
2567 907 2661 959 καὶ
2683 906 2946 969 ταπεινοὶ,
2971 905 3065 958 καὶ
3094 905 3154 958 τὸ
3181 907 3364 977 μηδὲν,
3405 907 3481 971 ὡς
3505 909 3584 960 εί-

2011 992 2155 1052 πεῖν,
2193 991 2373 1053 δντες,
2401 987 2879 1058 συκοφαντούμεθα
2904 1005 2919 1053 ;
2949 989 3020 1040 Ἦ
3047 989 3146 1042 οὑκ
3175 990 3413 1059 ἤκουσας
3461 989 3583 1055 πῶς

2011 1075 2040 1126 6
2070 1074 2233 1128 Δαυῖδ
2283 1091 2444 1145 φησι·
2489 1073 2702 1127 Ῥῦσαί
2739 1089 2816 1142 με
2865 1072 2980 1128 ἀπὸ
3020 1075 3432 1141 συκοφαντίας
3476 1075 3581 1129 ἀν-

2012 1158 2294 1227 θρώπων;
2337 1156 2888 1228 Ἐσυκοφαντήθησαν
2917 1157 3010 1228 καὶ
3029 1157 3079 1210 οί
3104 1157 3247 1225 ἅγιοι
3275 1157 3368 1210 τοῦ
3397 1157 3581 1227 Σωτῆ-

2013 1226 2106 1314 ρος
2133 1241 2439 1302 ἀπόστολοι,
2460 1241 2536 1304 ὼς
2560 1226 2712 1309 ἔλεγε
2738 1226 2831 1295 καὶ
2855 1243 2884 1294 6
2909 1226 3177 1314 μαῖιάριος
3201 1240 3408 1304 Παῦλος
3424 1257 3435 1268 ·
3467 1226 3580 1295 και

2005 1326 2114 1396 μὴ,
2138 1325 2332 1392 καθὼς
2345 1326 2888 1394 βλασφημούμεθα,
2911 1325 3006 1379 καί
3031 1324 3222 1391 καθώς
3243 1326 3396 1392 φασί
3421 1342 3583 1394 τινες

2009 1407 2166 1478 ἡμᾶς
2190 1407 2408 1478 λέγειν,
2439 1408 2529 1462 ὅτι
2555 1407 2906 1478 Ποιήσωμεν
2924 1407 2996 1462 τὰ
3017 1409 3187 1475 κακὰ,
3217 1409 3319 1462 ἵνα
3342 1409 3488 1478 ἔλθη
3509 1412 3582 1464 τὰ

2010 1495 2219 1564 ἀγαθά.
2248 1494 2322 1546 Οὐ
2346 1493 2618 1564 λυποῦμαι
2646 1491 2784 1563 μετὰ
2802 1491 2910 1545 τῶν
2939 1491 3108 1560 ἁγίων
3146 1508 3581 1562 συκοφαντουμέ-

2011 1594 2100 1640 νος
2125 1615 2138 1638 ,
2173 1577 2221 1629 εἰ
2263 1577 2358 1630 καὶ
2395 1575 2612 1642 ἀνάξιός
2657 1576 2772 1644 είμι
2807 1574 2914 1626 τῶν
2949 1574 3138 1644 ἁγίων.
3187 1575 3333 1644 Ἐχω
3375 1574 3580 1640 πάντας

2013 1661 2157 1730 ὑμᾶς
2186 1659 2398 1732 κριτὰς,
2433 1659 2528 1712 καὶ
2557 1657 2662 1729 πρὸ
2697 1658 2917 1710 πάντων
2946 1658 3099 1728 ὑμῶν
3119 1657 3208 1711 τὸν
3231 1657 3405 1710 κοινὸν
3425 1658 3581 1728 ἡμῶν

2010 1742 2252 1814 Πατέρα,
2282 1741 2433 1814 [45411
2466 1742 2527 1795 οὐ
2555 1740 2817 1811 προλήψει
2853 1740 3122 1812 κρίνοντα,
3153 1739 3268 1792 ἀλλ’
3294 1740 3472 1812 ἐννοίᾳ
3497 1740 3578 1793 δι-

2010 1826 2266 1892 κάζοντα.
2299 1822 2452 1879 Οἶδεν
2483 1825 2641 1896 ὴμῶν
2669 1825 2738 1878 τὰ
2774 1826 3038 1894 νοήματα,
3082 1823 3336 1892 γνωρίζει
3377 1825 3470 1876 καὶ
3509 1824 3580 1879 τὰ

2011 1910 2232 1980 ῥήματα
2255 1950 2270 1975 ,
2310 1909 2392 1962 ὅτι
2431 1907 2489 1974 ἐξ
2533 1905 2697 1960 αὑτοῦ
2731 1905 3127 1976 ἐπαιδεύθημεν
3169 1904 3362 1959 ταῦτα.
3408 1906 3580 1961 Ἀντι-

2010 1993 2274 2062 ϐάλλομεν
2302 1992 2442 2063 πρὸς
2462 1992 2635 2062 ὑμᾶς,
2666 1991 2714 2042 εἰ
2737 1989 3025 2042 ἐπέλειπτο
3059 1990 3086 2029 ι’
3116 1989 3223 2042 τῶν
3251 1991 3576 2060 εἰρημένων,

2008 2075 2298 2147 διορθῶσαι
2335 2076 2404 2129 τά
2431 2075 2727 2146 εἰρημένα·
2757 2073 2871 2125 ἀλλ’
2895 2074 2991 2143 οὐχ
3025 2073 3345 2131 ὑπελάϐετο.
3380 2074 3443 2127 Εἰ
3470 2075 3580 2146 γὰρ

2007 2155 2100 2213 οὖν
2138 2159 2515 2230 διωρθώσατο,
2552 2160 2612 2210 οὺ
2669 2156 2860 2226 μισῶν,
2914 2155 3048 2210 άλλά
3082 2156 3310 2226 ἀγαπῶν
3332 2173 3346 2185 ·
3380 2157 3438 2211 ὃν
3469 2157 3578 2230 γὰρ

2009 2244 2203 2313 ἀγαπᾷ
2238 2243 2450 2312 Πατὴρ,
2487 2241 2734 2310 ἐλέγχει·
2765 2239 2822 2292 ὃν
2860 2239 2915 2293 δὲ
2952 2240 3012 2292 οὐ
3051 2239 3394 2310 διορθοῦται,
3444 2243 3579 2294 ἀπο-

2011 2326 2322 2397 στρέφεται.
2362 2326 2422 2378 ὐ
2455 2323 2511 2376 δὲ
2538 2323 2836 2394 θαυμάσιος
2877 2317 3031 2385 οὗτος
3055 2323 3242 2392 Πατὴρ
3273 2322 3450 2376 καὶτά
3481 2339 3579 2377 κα-

2007 2409 2114 2472 λῶς
2141 2408 2410 2478 λεγόμενα
2451 2406 2794 2477 ἀποδέχεται,
2824 2406 2917 2458 καὶ
2951 2409 3060 2468 τοῖς
3101 2405 3455 2475 ἐσφαλμένοις
3479 2407 3579 2458 ἐπε

2009 2491 2130 2558 άγει
2153 2491 2249 2560 τὴν
2274 2489 2748 2562 διόρθωσιν.Τούτο
2769 2487 2876 2559 γάρ
2893 2489 3100 2559 Πατρδς
3129 2488 3275 2549 ίδιον,
3295 2487 3577 2558 βραϐεύειν

2008 2577 2116 2638 τοῖς
2158 2574 2340 2636 καλῶς
2375 2572 2714 2643 λεγομένοις,
2751 2572 2842 2624 καὶ
2883 2571 3020 2640 μετά
3053 2572 3285 2634 πίστεως
3309 2589 3575 2642 κηρυττο-

2012 2658 2211 2728 μένοις.
2260 2657 2444 2728 Ἀρκεῖ
2469 2657 2646 2709 τοίνυν
2685 2654 2804 2707 ἀντὶ
2841 2655 3056 2706 πάντων
3087 2655 3119 2725 η
3150 2653 3326 2723 ψῆφος
3369 2655 3534 2706 αὑτοῦ
3558 2695 3574 2720 ,

2009 2741 2103 2794 καὶ
2138 2740 2245 2810 πρὸ
2293 2739 2457 2793 αὑτοῦ
2493 2738 2650 2792 πάλιν
2683 2739 2716 2807 ἡ
2755 2735 2849 2789 τοῦ
2892 2737 3156 2806 παναγίου
3189 2736 3347 2791 Θεοῦ.
3412 2736 3577 2806 Ἐχώ-

2005 2823 2150 2893 μεθα
2175 2823 2230 2875 δὲ
2268 2825 2364 2893 τῆς
2395 2822 2672 2884 εὐσεϐείας
2697 2859 2711 2884 ,
2741 2819 3062 2890 φυλάξωμεν
3100 2820 3197 2889 τὴν
3235 2820 3416 2873 πίστιν
3449 2822 3578 2873 ἀσά-

2010 2905 2214 2960 λευτον.
2256 2905 2546 2958 Πιστεύετε
2584 2909 2649 2974 τῇ
2681 2903 2926 2974 ἀληθείᾳ,
2947 2902 3041 2954 καὶ
3071 2903 3145 2973 μὴ
3175 2903 3480 2971 ἀντιλέγετε
3505 2907 3574 2976 τῇ

2012 2987 2258 3060 ἀληθείᾳ,
2293 2988 2383 3059 Μὴ
2421 2988 2784 3059 παραγράφου
2810 2987 2909 3058 τὴν
2940 2984 3120 3038 πίστιν
3139 3023 3154 3048 ,
3197 2986 3271 3055 μὴ
3298 2986 3577 3056 πολυπρα-

2011 3074 2201 3141 γμόνει
2225 3074 2325 3142 τὴν
2344 3073 2494 3128 θείαν
2526 3073 2710 3142 φύσιν,
2743 3070 2817 3141 μὴ
2837 3069 3113 3143 ὑποϐάλῃς
3141 3069 3419 3141 λογισμοῖς
3444 3071 3576 3142 θνη-

2010 3159 2121 3220 τοῖς
2139 3155 2237 3227 τὴν
2258 3158 2522 3209 ἀθάνατον
2543 3156 2718 3220 ἀξίαν.
2757 3155 3088 3225 Ἐπισφαλὴς
3109 3156 3142 3224 ή
3168 3155 3276 3208 τῶν
3302 3155 3576 3226 λογισμῶν

2011 3240 2160 3304 ὁδός·
2197 3240 2444 3311 ἀσφαλὴς
2487 3240 2582 3293 καὶ
2621 3238 2814 3309 βεϐαία
2849 3239 2882 3308 ἠ
2930 3237 3108 3291 ἔννοια
3140 3238 3235 3309 τῆς
3285 3238 3427 3291 κατά
3472 3238 3574 3308 τὴν

2011 3325 2192 3378 πίστιν
2227 3324 2530 3394 ὁμολογίας.
2574 3324 2639 3375 Ἦ
2688 3321 2892 3393 ἀληθὴς
2940 3323 3098 3390 σοφία
3128 3323 3161 3392 ἡ
3192 3321 3374 3385 πίστις
3407 3321 3573 3375 ἐστίν.

2012 3409 2210 3461 Ἀκουε
2235 3408 2288 3460 τί
2318 3425 2450 3477 φησι
2493 3406 2553 3460 τὸ
2583 3406 2725 3460 θεῖον
2751 3406 2928 3474 λόγιον
2955 3419 2968 3434 ο
3003 3404 3131 3459 Κᾶν
3160 3405 3267 3475 γὰρ
3298 3399 3337 3476 ᾖ
3367 3422 3456 3471 τις
3482 3405 3576 3459 τέ-

2007 3493 2169 3557 λειος
2198 3491 2267 3544 ἐν
2290 3490 2442 3557 υἱοῖς
2486 3488 2832 3558 ἀνθρώπων,
2864 3485 2973 3553 τῆς
2994 3487 3154 3554 παρά
3195 3488 3312 3541 σοῦ
3355 3490 3576 3556 σοφίας

2006 3575 2305 3642 ἀπούσης,
2332 3575 2418 3639 εὶς
2438 3572 2617 3627 οὐδὲν
2639 3570 3081 3641 λογισθήσεται.
3115 3570 3285 3639 Φεῦγε
3315 3572 3383 3624 τὰ
3411 3571 3578 3643 ζητή-

2012 3674 2174 3728 ματα,
2201 3659 2294 3710 καὶ
2327 3657 2401 3728 μὴ
2424 3655 2662 3726 προτίμα
2690 3655 2790 3724 τῆς
2814 3654 3046 3717 πίστεως
3071 3654 3140 3706 τὰ
3165 3655 3404 3724 ῥήματα.
3436 3655 3577 3708 Παῦ-

2010 3744 2099 3794 λον
2126 3741 2216 3812 ἔχε
2257 3739 2590 3802 διδάσκαλον,
2631 3739 2837 3809 Πέτρον
2865 3738 3170 3808 ἐπιγράφου
3222 3736 3574 3808 καθηγητήν

2010 3829 2074 3898 τῇ
2099 3827 2276 3879 πίστει
2306 3825 2528 3877 ἐκείνων
2549 3821 2989 3892 ἐξακολούθησον.
3022 3823 3218 3874 Ἀκουε
3250 3821 3456 3893 Πέτρου
3490 3822 3576 3874 λέ·-

2011 3923 2235 3977 γοντοςο
2272 3907 2356 3964 Σὺ
2393 3902 2451 3960 εἷ
2485 3909 2518 3960 d
2545 3905 2826 3974 Χριστὸς,
2863 3907 2896 3958 d
2952 3903 3086 3970 Υἱὸς
3124 3903 3230 3958 τοῦ
3269 3903 3419 3958 Θεοῦ
3467 3904 3575 3959 τοῦ

2013 3990 2245 4057 ζῶντος.
2300 3988 2604 4043 Ἀκολούθει
2633 3989 2710 4059 τῷ
2743 3987 2971 4058 Παύλῳ,
2999 3987 3186 4054 σαφῶς
3208 3987 3299 4040 τὸν
3317 3987 3410 4040 τοῦ
3436 3985 3573 4040 Θεοῦ

2012 4075 2139 4128 Υἰὺν
2165 4073 2506 4145 ἀνυμνοῢντι,
2525 4075 2620 4127 καὶ
2647 4077 2719 4143 πῆ
2746 4073 2843 4141 μὲν
2866 4072 3097 4141 λέγοντι,
3120 4072 3202 4125 ὅτι
3237 4071 3576 4141 Ἐλάλησεν

2009 4158 2154 4226 ἡμῖν
2169 4160 2201 4211 ὸ
2219 4157 2357 4219 Θεὸς
2371 4157 2440 4211 ἐν
2462 4156 2590 4222 Υίῷ,
2609 4157 2683 4210 δι’
2696 4151 2766 4211 οὗ
2781 4155 3038 4222 καὶτοὺς
3052 4155 3270 4221 αἰῶνας
3289 4155 3539 4223 ἐποίησε
3557 4173 3572 4187 ·

2011 4239 2078 4305 ὃς
2109 4238 2194 4292 ὢν
2218 4240 2585 4309 ἀπαύγασμα
2611 4238 2722 4306 τῆς
2749 4237 2967 4305 δόξης,
3003 4237 3101 4292 καὶ
3127 4237 3430 4307 χαρακτὴρ
3462 4237 3572 4306 τῆς

2010 4323 2417 4389 ὑποστάσεως,
2441 4323 2636 4392 φέρων
2654 4340 2716 4377 τε
2748 4323 2820 4376 τὰ
2849 4321 3044 4376 πάντα
3065 4323 3144 4387 τῷ
3166 4324 3326 4392 λόγῳ
3343 4321 3455 4390 τῆς
3472 4323 3576 4377 δυ·

2007 4409 2236 4477 νάμεως
2265 4407 2450 4462 αὑτοῦ
2472 4424 2485 4436 ·
2513 4409 2588 4478 πῆ
2615 4409 2671 4462 δὲ
2695 4407 2858 4460 πάλιν
2891 4406 3232 4478 κηρύττοντι,
3263 4409 3320 4459 ἐν
3349 4408 3425 4478 τῷ
3446 4406 3573 4478 περὶ⁴

2020 4493 2284 4546 Ἰουδαίων
2309 4509 2321 4520 ⁸
2351 4489 2460 4544 Ὧν
2481 4496 2532 4545 οὶ
2558 4491 2807 4559 πατέρες
2833 4491 3020 4560 ἡμῶν,
3052 4490 3121 4554 ἐξ
3150 4485 3236 4543 ὧν
3253 4489 3287 4542 ό
3321 4490 3575 4559 Χριστὸς

2007 4579 2154 4632 κατὰ
2179 4577 2395 4644 σάρκα,
2427 4581 2458 4632 ό
2482 4575 2567 4630 ὢν
2584 4577 2680 4629 ἐπὶ
2704 4577 2945 4630 πάντων
2967 4576 3110 4642 Θεὸς
3132 4579 3457 4646 εὐλογητὸς
3487 4579 3574 4641 εὶς

2006 4660 2146 4727 τοὺς
2171 4659 2388 4726 αἰῶνας
2416 4658 2534 4714 τῶν
2563 4659 2809 4714 αἰώνων.
2859 4658 3062 4728 Ἀμην.

2003 4836 2222 4902 Emiseni
2253 4852 2264 4885 :
2293 4837 2584 4902 Στενοχωρία
2604 4839 2700 4902 τῶν
2737 4839 2979 4902 ἡμετέρων
3019 4838 3230 4902 ἀδελφῶν
3253 4837 3424 4902 Romae}
3446 4837 3571 4902 ἡμᾶς

2002 4901 2098 4970 τῶν
2117 4895 2524 4970 σκαμμάτωνίρυἰ
2556 4900 2757 4970 ads_onat
2777 4895 3059 4970 "ﬁl-63mins
3097 4895 3359 4970 Νρςεεερυε
3381 4895 3572 4946 Oratio-

2003 4960 2148 5023 n_ibu_s
2168 4959 2595 5023 in’wAmarluyres.
2624 4960 2819 5010 Consuli
2844 4959 3040 5023 qii'uque
3078 4959 3223 5008 velim
3251 4959 3570 5023 Sozomenpm

2005 5021 2089 5086 l_ib.
2111 5021 2162 5082 8,
2186 5035 2288 5084 cap.
2312 5021 2359 5081 5,
2384 5022 2604 5072 eLVitam
2622 5019 3064 5086 Chrysoslémi'per
3083 5023 3404 5082 Anonymum.
3422 5032 3473 5067 n.
3489 5019 3566 5069 86.

2002 5083 2257 5133 (ἴοι-ειεξιτ(
2721 5083 2729 5085 ἡ

2065 5144 2092 5184 δ
2115 5145 2328 5196 Coleler.
2351 5147 2477 5210 conj.
2503 5146 2771 5206 ἐπείληπτο.
