4074 6308
509 299 617 355 429
1963 300 2330 359 SEVERIANI
3647 300 3748 356 4-50

1937 926 2318 987 MONITUM

581 1175 728 1251 [455]
746 1176 805 1230 1η
829 1176 1087 1231 Vaticano
1106 1175 1305 1231 Codice
1335 1191 1485 1229 num.
1514 1175 1667 1241 1500,
1686 1175 1849 1245 inque
1875 1177 1992 1232 aliis
2012 1176 2303 1232 Codicibus
2320 1177 2403 1232 ba:
2430 1178 2719 1232 conciones
2735 1177 2959 1233 Joannis
2975 1176 3343 1249 Chrysostomi
3366 1178 3586 1232 nomine
3615 1193 3765 1234 com-

509 1280 736 1340 parent;
766 1269 817 1322 id
855 1268 1170 1323 curantibus
1200 1268 1454 1331 librariis,
1480 1276 1539 1321 ut
1567 1278 1805 1337 quaistus
1830 1283 1993 1322 causa
2022 1278 2226 1335 quanto
2267 1268 2418 1336 plura
2448 1276 2671 1337 possent
2708 1266 3079 1338 Chrysostomi
3128 1268 3351 1321 nomine
3380 1267 3762 1322 inscriberent.

511 1363 581 1416 At
614 1378 734 1416 esse
757 1361 1032 1416 Severiani
1055 1361 1293 1430 episcopi
1322 1360 1645 1413 Gabalorum
1674 1369 1883 1414 constat
1914 1379 1927 1414 :
1962 1361 2122 1429 idque
2153 1360 2457 1414 luculenter
2482 1361 2719 1415 declarat
2749 1360 2972 1415 Cosmas
3000 1360 3281 1430 Egyptius
3305 1360 3358 1413 in
3391 1360 3767 1430 Topograpbia

512 1468 609 1509 sua
662 1453 966 1506 Christiana
1001 1468 1029 1505 a
1084 1453 1240 1506 nobis
1284 1452 1427 1507 edita
1454 1468 1598 1506 anno
1638 1452 1793 1516 1706,
1851 1452 1939 1505 ubi
1993 1469 2046 1522 p.
2081 1452 2205 1517 520,
2249 1460 2533 1523 postquam
2574 1452 2859 1521 Theophili
2918 1453 3263 1508 Alexandrini
3311 1452 3512 1522 aliquot
3556 1453 3675 1507 loca
3706 1468 3769 1508 ex

513 1545 769 1614 Epistolis
812 1543 1092 1598 festalibus
1129 1545 1398 1608 attulerat,
1453 1546 1519 1599 ad
1550 1545 1900 1600 Severianum
1936 1546 2259 1600 Gabalorum
2290 1546 2501 1607 transit.
2546 1546 2707 1615 quem
2740 1545 3024 1615 Theophili
3068 1546 3394 1615 συμμύστην
3428 1555 3586 1600 vocat
3624 1565 3637 1600 :
3676 1548 3769 1601 καὶ

513 1637 703 1692 τοῦτον
753 1638 808 1692 δὲ
841 1640 1307 1710 παραδραμόντες,
1351 1641 1443 1702 ἐπὶ
1488 1641 1578 1693 τὸν
1604 1641 1725 1693 κατ’
1749 1643 1923 1693 ἐκεῖνο
1961 1641 2152 1710 καιροῦ
2184 1641 2512 1711 συμμύστην
2552 1641 2641 1694 τὸν
2668 1641 2765 1710 τῆς
2793 1640 3053 1694 Γαϐάλων
3093 1642 3390 1695 ἐπίσκοπον
3416 1642 3767 1712 Σευηριανὸν,

512 1732 793 1803 τέταρτον,
827 1733 1192 1801 μετέλθωμεν.
1237 1733 1425 1786 Verum
1457 1735 1552 1786 hoc
1600 1734 1813 1798 dimisso
1857 1732 2080 1800 (Theoph

2234 1734 2302 1785 ad
2342 1732 2508 1785 alium
2539 1733 2645 1800 ipsi
2674 1732 2928 1802 azqualem
2956 1743 3005 1786 et
3049 1742 3411 1803 symmystam,
3448 1732 3771 1788 Gabalorum

513 1822 711 1877 scilicet
744 1823 1039 1891 episcopum
1066 1821 1426 1887 Severianum,
1456 1832 1703 1892 quartum
1735 1839 1970 1886 numero,
2004 1832 2359 1875 transeamus.
2394 1820 2530 1876 Hinc
2563 1823 2731 1876 multa
2776 1822 3041 1892 longaque
3071 1822 3369 1891 fragmenta
3397 1822 3562 1892 hujus
3588 1823 3772 1891 operis

516 1918 584 1974 ad
623 1918 846 1973 verbum
881 1918 1068 1981 refert,
1095 1934 1215 1986 quae
1248 1934 1349 1972 nos
1386 1918 1498 1972 suis
1522 1918 1656 1973 locis
1693 1917 2021 1972 contulimus
2054 1933 2176 1971 cum
2220 1927 2367 1971 textu
2408 1926 2617 1972 nostro.
2656 1919 2838 1986 Itaque
2860 1917 3134 1971 orationes
3156 1916 3432 1971 Severiani
3457 1918 3575 1972 sine
3604 1918 3771 1972 dubio

517 2018 668 2066 sunt.
706 2010 782 2064 De
815 2010 899 2063 bis
944 2010 1245 2065 audiendus
1280 2009 1513 2064 Savilius
1546 2010 1601 2063 in
1634 2010 1778 2065 notis
1809 2026 1863 2079 p.
1910 2009 2033 2073 871,
2081 2011 2171 2064 ubi
2204 2010 2271 2063 de
2307 2010 2629 2079 quibusdam
2660 2009 2995 2063 orationibus
3033 2009 3102 2063 ab
3131 2023 3189 2062 se
3239 2024 3364 2063 cum
3393 2007 3769 2078 Chrysostomi

516 2104 775 2173 operibus
799 2103 960 2159 editis
988 2119 1152 2176 agens
1196 2105 1274 2158 sic
1321 2106 1396 2158 ait
1425 2121 1437 2156 :
1475 2125 1494 2155 (
1538 2104 1708 2160 Hasce
1737 2119 1930 2159 novem
1959 2105 2235 2159 orationes
2266 2111 2557 2172 sequentes
2590 2103 2711 2157 ideo
2745 2103 2936 2172 adjeci,
2969 2102 3095 2171 quia
3121 2102 3173 2155 in
3200 2101 3542 2155 bibliothecis
3566 2100 3767 2169 passim

518 2196 861 2267 reperiantur
903 2198 1006 2253 sub
1046 2198 1267 2253 nomine
1303 2198 1695 2269 Chrysostomi,
1730 2213 1851 2252 cum
1893 2206 2069 2251 tamen
2102 2198 2274 2266 ipsius
2316 2212 2423 2249 non
2458 2193 2601 2259 sint;
2639 2204 2693 2248 et
2740 2196 2795 2249 in
2836 2195 2957 2249 aliis
2985 2193 3406 2247 correctioribus
3449 2192 3603 2245 libris
3646 2190 3768 2245 aliis

516 2288 849 2356 auctoribus,
878 2289 1037 2359 idque
1063 2305 1210 2353 vere,
1240 2291 1635 2345 adscribantur.
1680 2290 1756 2344 De
1786 2290 1870 2343 his
1895 2304 1990 2343 sex
2028 2289 2360 2344 orationibus
2390 2290 2492 2343 alia
2518 2289 2679 2343 etiam
2705 2289 2843 2343 ratio
2878 2288 2997 2354 fuit,
3029 2288 3172 2358 quod
3200 2286 3410 2341 nonabs
3436 2300 3495 2338 re
3515 2295 3765 2355 putarem

518 2390 732 2437 exstare
760 2381 975 2452 publice
1000 2392 1411 2437 monumentum
1439 2382 1759 2451 eloquentiae
1787 2382 1975 2436 ferreae
2006 2381 2148 2435 illius
2174 2382 2367 2445 aetatis,
2400 2397 2520 2450 quae
2546 2390 2722 2434 tamen
2755 2396 2877 2433 cum
2904 2390 3092 2435 ηοεηο
3114 2394 3279 2433 aureo
3309 2378 3529 2430 ﬂumine
3558 2375 3763 2445 judicio

516 2476 729 2532 aurium
758 2475 890 2546 Lejus
938 2478 1118 2531 seaculi
1153 2476 1515 2546 comparanda
1546 2475 1839 2529 videretur.
1889 2474 2026 2528 Nota
2067 2475 2211 2529 enim
2248 2472 2473 2528 Joannis
2521 2475 2690 2528 nostri
2742 2484 2797 2529 et
2849 2472 3127 2527 Severiani
3158 2472 3397 2527 rivalitas
3442 2487 3507 2525 ex
3539 2470 3764 2525 historia

517 2570 903 2638 ecclesiastica,
952 2580 1081 2625 nota
1123 2570 1482 2641 lmperatricis
1528 2569 1787 2625 Eudoxizn
1832 2586 1932 2639 pro
1977 2570 2271 2624 Severiano
2307 2578 2497 2622 contra
2521 2568 2784 2623 Joannem
2818 2568 3016 2623 studia.
3055 2586 3073 2618 ι

527 2808 3749 2837 mm

1203 3054 1363 3179 IN
1436 3051 1940 3183 MUNDI
2034 3048 3138 3247 CREATIONEM.

1819 3372 2081 3433 ORATIO
2117 3374 2352 3432 PRIMA.

586 3840 842 3907 Εἰς,τήν
888 3838 1129 3909 πρώτην
1172 3835 1400 3906 ἡμέραν
1446 3834 1557 3905 τῆς
1605 3839 1996 3907 κοσμοποιίας
2035 3851 2084 3891 ι.

585 3932 653 3977 α’.
689 3923 843 3995 [456]
874 3926 1028 3977 Πᾶσα
1048 3922 1325 3984 εὐσεϐείας
1355 3920 1607 3983 ὑπόθεσις
1628 3921 1735 3974 τῶν
1759 3922 1944 3992 ψυχῶν
1972 3926 2088 3976 ἐστι

514 4006 621 4059 τῶν
660 4007 942 4077 ἡμετέρων
973 4004 1274 4075 διόρθωσις.
1310 4003 1451 4074 Πρὸς
1485 4003 1687 4073 ταύτην
1723 4004 1829 4074 γὰρ
1850 4004 1945 4075 τὴν
1979 4005 2088 4058 τῶν

515 4090 702 4159 ψυχῶν
741 4089 895 4159 ἡμῶν
934 4089 1206 4161 σωτηρίαν
1241 4088 1341 4159 ὁρᾷ
1380 4088 1557 4140 πάντα
1580 4087 1646 4138 τά
1676 4088 1773 4156 τῆς
1809 4088 2089 4151 εὐσεϐείας

517 4173 875 4243 παιδεύματα.
909 4172 1122 4242 Ταύτην
1150 4170 1279 4239 γοῦν
1313 4170 1403 4222 καὶ
1427 4172 1454 4222 ό
1494 4169 1588 4222 τοῦ
1638 4170 1772 4221 Θεοῦ
1832 4188 2089 4243 πραγμα-

516 4257 729 4309 τεύεται
761 4256 936 4323 λόγος,
959 4255 1162 4326 ταύτην
1201 4256 1228 4307 ὁ
1260 4254 1529 4317 Μωῦσέως
1564 4254 1873 4308 ὑποτίθεται
1902 4256 2086 4325 νόμος,

517 4340 718 4409 ταύτην
739 4338 1091 4409 κηρύττουσιν
1108 4341 1164 4392 αί
1186 4356 1269 4391 νοε
1279 4340 1365 4408 pati.
1389 4337 1495 4391 τῶν
1515 4338 1805 4409 προφητῶν
1824 4339 2085 4407 γλῶσσαι,

518 4424 658 4494 ὑπὲρ
685 4422 884 4492 ταύτης
913 4423 1192 4491 ἀσιγήτοις
1222 4422 1451 4490 στόμασι
1480 4420 1672 4489 βοῶσιν
1699 4424 1745 4473 οἱ
1782 4423 2083 4475 ἀπόστολοι.

518 4506 700 4560 Πάντα
726 4506 833 4575 γὰρ
859 4505 996 4576 ὑπὲρ
1036 4505 1191 4574 ἡμῶν
1229 4507 1321 4556 καὶ
1365 4504 1431 4558 δι’
1463 4507 1631 4575 ἡμᾶς,
1663 4505 1747 4558 ἵνα
1786 4506 1920 4576 πρὸς
1949 4507 2082 4576 διόρ-

518 4590 681 4644 θωσιν
710 4589 982 4660 δραμόντα
1010 4588 1077 4640 τὰ
1101 4588 1345 4658 ἡμέτερα
1376 4588 1474 4656 τῆς
1518 4588 1795 4651 εὐσεϐείας
1823 4589 2090 4653 καταξιω-

519 4674 607 4744 θῇ.
638 4675 792 4726 Πᾶσα
825 4674 922 4743 μὲν
946 4667 1036 4725 οὖν
1060 4672 1235 4740 βίϐλος
1270 4673 1398 4739 ἁγία
1426 4672 1676 4743 ἀφορμὴν
1699 4672 1809 4741 ἔχει
1836 4672 2087 4744 τὴνήμε-

517 4759 679 4827 τέραν
713 4757 1004 4826 σωτηρίαν,
1029 4755 1102 4817 ὡς
1140 4755 1306 4824 ἔφθην
1344 4757 1528 4807 εἰπών.
1558 4755 1702 4824 [US-cr;
1730 4756 1784 4809 δὲ
1811 4759 1843 4824 ἡ
1868 4757 1967 4825 τῆς
1998 4757 2086 4827 δη.

522 4840 808 4913 μιουργίας
854 4838 1053 4908 βίϐλος,
1088 4840 1229 4909 ἁρχὴ
1264 4840 1354 4890 καὶ
1394 4840 1541 4907 πηγὴ
1573 4839 1666 4891 καὶ
1706 4838 1933 4908 δύναμίς
1973 4841 2087 4891 ἐστι

518 4925 735 4978 πάντων
771 4922 880 4974 τῶν
909 4923 966 4973 ἐν
990 4923 1138 4991 νόμῳ
1170 4923 1261 4972 καὶ
1299 4924 1620 4991 προφήταις.
1668 4923 1776 4974 Καὶ
1795 4921 1981 4991 ὥσπερ
2012 4919 2089 4974 οἷ-

517 5026 612 5065 κον
657 5008 754 5076 οὐχ
787 4999 897 5059 οἷόν
926 5020 986 5056 τε
1036 5004 1254 5072 στῆναι,
1282 4994 1530 5073 θεμελίου
1579 5004 1651 5073 μὴ
1708 5005 2084 5074 ὑποκειμένου,

510 5090 683 5154 οὕτως
713 5089 834 5142 οὐδὲ
880 5088 949 5140 τὰ
992 5088 1089 5157 τῆς
1133 5086 1486 5157 δημιουργίας
1528 5088 1695 5156 κάλλη
1746 5087 1973 5157 λάμψαι,
2010 5091 2082 5159 μὴ

516 5174 614 5242 τῆς
644 5171 1000 5242 δημιουργίας
1042 5170 1139 5238 τὴν
1174 5170 1345 5239 ἀρχὴν
1388 5170 1785 5239 ἀπολαϐούσης.
1825 5166 1953 5223 Οἶδα
1988 5172 2084 5241 μὲν

516 5255 629 5319 οἷον,
664 5257 745 5309 ὅτι
776 5254 959 5307 πολλοὶ
982 5252 1089 5305 τῶν
1123 5252 1288 5321 ἁγίων
1324 5253 1579 5324 Πατέρων
1614 5254 1859 5323 καθῆκαν
1892 5255 1970 5318 εἰς
1992 5256 2083 5308 τὸν

577 5385 603 5411 ⁸
627 5382 677 5430 In
705 5382 812 5429 cod.
849 5380 1167 5443 Vatic.inum.
1215 5377 1339 5427 εῑδοε
1368 5376 1457 5427 τοῦ
1498 5377 1647 5427 οὐτοῦ
1683 5380 1878 5442 (supple
1900 5383 2085 5443 Χρυσο-

518 5445 717 5503 στόμου)
746 5445 809 5499 είς
828 5445 915 5497 τήν
939 5442 1137 5504 πρώτην
1172 5442 1351 5504 ἡμέραν
1391 5447 1475 5498 τῆς
1512 5444 1840 5504 κοσμοποιίας.
1877 5442 2086 5491 Samius

519 5512 671 5551 totum
698 5505 893 5552 titulum
915 5502 987 5551 sic
1006 5502 1310 5551 concinnavit
1332 5518 1343 5551 :
1389 5502 1673 5565 Σεϐηριανοῦ
1704 5504 1965 5551 ἐπισκόπου
1990 5506 2086 5551 Γα-

519 5569 673 5629 (iiii-iv
694 5568 760 5629 ei;
784 5567 868 5629 τήν
887 5565 1200 5629 κοσμοποιίαν
1219 5565 1349 5626 λόγοι
1373 5566 1438 5626 ἓξ,
1468 5565 1797 5629 Χρυσοστόμῳ
1829 5567 1879 5615 δὲ
1898 5566 1945 5616 ἐν
1963 5582 2087 5615 τισιν

518 5626 810 5690 ἀντιγράφοις
830 5627 1200 5690 ἐπιγραφόμενοι.

2190 3843 2288 3931 τῆς
2318 3842 2677 3931 δημιουργίας
2697 3846 2873 3917 λόγον,
2905 3851 3074 3907 πολλὰ
3092 3857 3186 3910 καὶ
3210 3860 3419 3929 μεγάλα
3453 3864 3547 3917 καὶ
3578 3865 3757 3931 ἔνδοςα

2189 3929 2601 4019 είρηκότες,-ὡς
2634 3933 2803 4019 ητοῦ
2846 3935 3000 4003 ἁγίου
3055 3940 3368 4012 Πνεύματος
3418 3929 3759 4019 ὲπεμέτρησε

2189 4013 2367 4081 χάρις.
2420 4015 2529 4100 Καὶ
2580 4015 2790 4100 πολλῶν
2841 4019 2934 4070 καὶ
2983 4022 3230 4090 μεγάλων
3284 4029 3379 4080 καὶ
3430 4013 3756 4100 θαυμαστῶν

2190 4095 2617 4183 προειρημένων,
2649 4098 2797 4183 οὐδὲν
2848 4102 3043 4156 κωλύει
3082 4108 3171 4160 καὶ
3219 4108 3286 4161 τὰ
3325 4113 3455 4181 παρ’
3488 4095 3642 4182 ἡμῶν
3664 4116 3759 4183 ρη-

2190 4175 2368 4267 θῗιναι,
2394 4177 2561 4267 ὼςιᾶν
2647 4181 2739 4267 τού
2765 4184 2918 4251 ἁγίου
2940 4187 3253 4258 Πνεύματος
3281 4175 3561 4267 χορηγήσίη
3583 4175 3753 4266 χάρις.

2191 4256 2399 4345 ’Ὠσπερ
2432 4260 2540 4345 γάρ
2566 4264 2613 4314 οἱ
2644 4264 2751 4335 πρὸ
2772 4268 2926 4336 ἡμῶν
2952 4270 3052 4324 οὐκ
3082 4256 3498 4345 ἐνεποδίσθησαν

2190 4342 2296 4432 πρὸ
2312 4344 2717 4432 αὐτῶν,γοῦτως
2748 4350 2866 4402 οὐδὲ
2892 4353 3049 4421 ἡμεῖς
3085 4354 3189 4407 ὑπὸ
3213 4356 3320 4410 τῶν
3358 4342 3463 4429 πρὸ
3498 4362 3595 4430 τῆς
3620 4364 3757 4432 ἡμε-

2185 4426 2347 4497 τέρας
2377 4431 2587 4495 γενεᾶς.
2615 4432 2721 4483 Καὶ
2745 4433 2850 4502 γὰρ
2898 4438 3170 4499 κάκείνοις
3197 4442 3288 4492 καὶ
3331 4426 3460 4510 ἡμίν
3509 4426 3603 4495 καὶ
3642 4426 3757 4506 ’τοῖς

2189 4511 2294 4580 πρὸ
2313 4512 2531 4565 ἐκείνων
2561 4514 2659 4582 μία
2685 4517 2829 4568 ἐστὶν
2860 4519 2891 4588 ἡ
2921 4520 3077 4588 χάρις
3098 4523 3455 4593 ἡχορηγοῡσα
3478 4527 3572 4579 τοῦ
3602 4526 3755 4594 ἁγίου

2190 4594 2508 4678 Πνεύματος
2545 4598 2642 4668 τὴν
2669 4600 2915 4669 δύναμιν.
2944 4602 3145 4658 Πάντα
3172 4606 3301 4677 γάρ,
3328 4611 3510 4678 φησὶν,
3534 4609 3764 4677 ἐνεργεῖ

2188 4677 2257 4730 ἓν
2289 4681 2387 4733 καὶ
2436 4680 2501 4733 τὸ
2538 4682 2684 4735 αὐτὸ
2728 4685 2989 4752 Πνεῦμα,
3035 4687 3302 4758 διαιροῦν
3360 4677 3477 4759 ἰδίῃ
3528 4694 3758 4760 ἑκάστῳ

2188 4762 2381 4847 καθὼς
2402 4764 2709 4825 βούλεται.
2753 4767 2827 4819 Ού
2872 4770 3047 4823 τοίνυν
3089 4772 3157 4824 τὰ
3192 4774 3340 4844 παρὰ
3365 4774 3473 4826 τῶν
3506 4776 3756 4847 Πατέρων

2190 4845 2528 4933 ἐκϐάλλεται,
2562 4849 2696 4901 ἀλλὰ
2721 4850 2787 4901 τά
2814 4855 2941 4921 παρ’
2964 4853 3119 4923 ἡμῶν
3167 4856 3543 4928 παρατίθεται.
3585 4845 3757 4933 Κάνῇ
3788 4918 3796 4925 ,

2193 4928 2402 4998 μεγάλα
2431 4931 2500 4982 τὰ
2528 4934 2652 5002 παρ’
2683 4933 2879 4996 αὐτῶν,
2925 4937 3097 5007 μικρὰ
3131 4938 3186 4991 δὲ
3220 4940 3287 4992 τά
3323 4940 3591 5012 ἡμέτερα,
3627 4928 3757 4995 ἀλλά

2192 5012 2647 5096 συνοικοδομείται
2683 5017 2928 5080 ἐκείνοις.
2982 5021 3192 5092 Ὥσπερ
3245 5023 3352 5094 γὰρ
3395 5025 3539 5079 λίθον
3590 5026 3758 5096 μέγαν

2190 5095 2357 5148 κύϐου
2385 5096 2535 5161 τάξιν
2568 5099 2814 5168 φέροντα,
2846 5102 2903 5154 ἐν
2941 5104 3194 5176 οἰκοδομῇ
3227 5106 3486 5176 παγέντα,
3516 5095 3610 5161 καὶ
3634 5109 3758 5179 ἡρέ-

2194 5198 2269 5250 μα
2297 5180 2669 5251 σαλευόμενον,
2704 5185 2895 5255 μικρὸς
2945 5188 3269 5259 ὑποϐληθεὶς
3308 5191 3456 5256 λίθος
3498 5193 3755 5264 στηρίξει·

2190 5264 2330 5317 οὕτω
2379 5265 2471 5317 καὶ
2526 5267 2592 5348 τά
2645 5268 2748 5320 ὑπὸ
2778 5268 2887 5321 τῶν
2934 5272 3192 5343 Πατέρων
3242 5276 3526 5346 εἰρημένα,
3562 5278 3769 5348 μικρὰς⁴

2190 5349 2504 5419 προσθήκας
2533 5347 2815 5419 δεχόμενα,
2838 5352 3057 5423 μείζονα
3087 5358 3186 5427 τὴν
3210 5359 3498 5430 οἰκοδομὴν
3522 5361 3621 5429 τῆς
3637 5347 3757 5412 Ἐκ-

2189 5434 2417 5504 κλησίας
2471 5437 2858 5507 ἀπεργάζεται.
2902 5439 3210 5511 Παρακαλῶ
3255 5441 3312 5496 δὲ
3350 5443 3449 5514 τὴν
3491 5444 3759 5514 ὑμετέραν

2192 5519 2433 5589 ἀγάπην,
2464 5522 2583 5582 ταῖς
2603 5519 2834 5583 ἐννοίαις
2869 5520 2977 5573 τῶν
3013 5521 3317 5594 λεγομένων
3345 5528 3651 5597 προσέχειν·
3688 5526 3759 5596 μὴ

2195 5604 2243 5656 εί
2269 5601 2414 5668 ξέναι
2440 5603 2577 5658 εἰσιν
2629 5604 2742 5659 ἀλλ’
2768 5606 2816 5658 εἰ
2848 5606 3067 5678 ἀληθεῖς
3102 5609 3457 5681 ὑπάρχουσιν.
3498 5610 3637 5667 Οὔτε
3656 5611 3769 5683 γὰρ
