4074 6308
304 337 409 394 430

1346 330 1435 388 DE
1480 329 1699 390 MUNDI
1736 329 2129 387 CREATIONE
2171 328 2425 385 ORATIO
2464 326 2509 383 Ι.

3446 319 3553 376 450

847 957 957 1018 ΑΙ)
998 956 1154 1018 SEX
1198 952 1591 1016 HOMlLlAS
1632 949 2059 1014 SEVERIANI
2102 950 2211 1011 DE
2250 947 2509 1012 MUNDI
2552 944 3035 1011 CREATIONE.

378 1206 549 1275 Quam
575 1213 732 1262 vocat
764 1203 995 1259 Savilius
1018 1200 1382 1271 eloquentiam
1427 1198 1679 1265 ferream,
1702 1213 1803 1270 ego
1830 1206 1979 1253 certe
2004 1196 2272 1268 φλυαρίαν
2303 1195 2555 1262 dixerim,
2580 1204 2635 1251 et
2665 1195 3082 1265 loquacitatem;
3106 1210 3230 1251 nam
3260 1196 3350 1250 ubi
3374 1196 3563 1252 facun-

309 1301 452 1357 diam
475 1302 590 1355 vult
627 1298 904 1360 exhiiere,
954 1295 1028 1350 ibi
1056 1295 1231 1349 iutilia
1277 1292 1515 1362 loquitur
1553 1309 1565 1345 :
1600 1306 1782 1344 rerum
1823 1289 2153 1345 naturalium
2198 1288 2642 1359 perquisitionem
2672 1288 2993 1357 plerumque
3032 1288 3355 1359 aggreditur,
3407 1298 3464 1342 et
3493 1288 3560 1342 ad

313 1408 573 1448 nauseam
613 1405 784 1459 usque
810 1388 1073 1453 explorat,
1112 1400 1321 1455 suoque
1353 1400 1524 1445 more.
1557 1382 1812 1437 nimirum
1844 1382 2049 1452 inepte,
2081 1380 2330 1436 edisserit
2361 1398 2375 1434 :
2406 1380 2680 1434 auditores
2709 1388 2890 1435 autem
2921 1395 2984 1435 ea
3015 1380 3083 1435 de
3123 1394 3285 1433 causa
3321 1395 3563 1447 conque-

310 1496 422 1540 stos
446 1484 694 1554 objurgat
721 1483 946 1544 acriter;
981 1481 1055 1535 ita
1083 1480 1151 1534 de
1179 1476 1402 1543 mundo,
1437 1490 1599 1545 quem
1638 1473 1928 1529 rotundum
1969 1488 2091 1528 esse
2124 1481 2306 1543 negat,
2345 1472 2412 1526 de
2437 1472 2582 1543 igne,
2622 1472 2688 1526 de
2719 1486 2879 1541 aqua,
2914 1473 3037 1542 plus
3064 1486 3225 1540 quam
3255 1472 3386 1525 satis
3414 1479 3563 1526 esset

308 1579 440 1647 agit.
498 1580 559 1629 In
594 1575 758 1630 rebus
807 1572 965 1627 seriis
1016 1569 1304 1640 aliquando
1335 1576 1587 1638 nugatur,
1640 1574 1702 1620 nt
1755 1580 1880 1620 cum
1924 1564 2049 1619 inde
2102 1565 2297 1633 probat
2340 1563 2606 1618 Adamum
2652 1563 2908 1617 habuisse
2969 1560 3219 1631 spiritum
3268 1560 3565 1630 prophetiae

309 1671 453 1740 quod
483 1669 700 1733 dixerit,
740 1666 853 1720 Hoc
899 1682 1035 1719 nunc
1086 1681 1141 1718 os
1172 1679 1235 1717 ex
1267 1661 1465 1716 ossibus
1512 1661 1660 1723 meis,
1715 1667 1821 1714 etc.
1871 1656 2008 1711 Nam
2045 1658 2337 1728 quomodo,
2394 1656 2590 1726 inquit,
2639 1655 2779 1711 scire
2808 1663 3021 1724 poterat
3076 1669 3134 1708 se
3178 1668 3300 1707 ossa
3340 1652 3560 1715 habere,

310 1770 402 1839 qui
436 1782 559 1824 ossa
588 1780 686 1820 sua
709 1778 987 1833 nunquam
1013 1759 1240 1822 viderat,
1291 1756 1394 1811 nisi
1426 1755 1676 1825 spiritum
1702 1753 2004 1825 prophetia:
2052 1753 2368 1807 habuisset?
2407 1751 2532 1806 Htec
2571 1752 2628 1805 in
2671 1750 2916 1805 oratione
2953 1750 3162 1819 quinta.
3210 1745 3566 1801 Tolerabilius

313 1865 545 1919 fortasse
567 1870 670 1925 est,
710 1860 812 1915 etsi
843 1856 992 1928 parvi
1039 1855 1220 1925 pretii,
1250 1854 1304 1908 id
1330 1852 1474 1922 quod
1505 1851 1559 1905 in
1584 1851 1774 1905 eadem
1803 1850 2049 1904 oratione
2078 1849 2153 1904 ait
2182 1867 2200 1903 :
2234 1849 2355 1903 ideo
2383 1849 2573 1901 AAAM
2618 1862 2819 1901 nomen
2872 1846 3187 1915 impositum
3221 1859 3341 1898 esse
3388 1843 3565 1912 primo

314 1959 542 2022 homini,
572 1956 701 2028 quia
729 1957 832 2011 hoc
854 1953 1074 2007 nomine
1102 1960 1334 2021 quatuor
1356 1949 1571 2003 climata
1614 1962 1712 2017 per
1742 1947 1910 2015 prima

2018 1956 2157 2000 teras
2182 1945 2573 2015 designantur:
2609 1961 2664 2005 α,
2700 1939 2953 2009 ἀνατολὴ,
2987 1938 3035 2003 δ,
3064 1938 3233 2001 δύσις,
3270 1954 3305 1991 α
3344 1938 3565 2007 ἄρκτος,

318 2069 376 2121 μ,
408 2047 742 2121 μεσημϐρία,
779 2046 971 2107 oriens,
1011 2044 1268 2106 occidens,
1328 2042 1630 2109 septentrio,
1673 2036 1934 2098 meridies,
1979 2053 2090 2091 non
2119 2037 2410 2091 advertens
2439 2036 2543 2090 hoc
2588 2049 2791 2089 nomen
2838 2032 3101 2086 llebraice
3150 2028 3236 2084 vel
3279 2030 3571 2095 Chaldaice

318 2144 629 2215 impositum
666 2141 871 2196 Adamo
923 2139 1111 2203 fuisse,
1168 2137 1367 2207 quibus
1420 2137 1617 2207 linguis
1666 2136 1770 2190 ista
1816 2134 2092 2189 climatum
2144 2130 2467 2202 signiﬁcatio
2504 2146 2601 2199 per
2634 2129 2838 2199 primas
2885 2129 3068 2182 literas
3119 2142 3229 2180 non
3278 2126 3568 2185 indicatur,

319 2250 481 2309 atque
522 2239 658 2293 adeo
689 2253 851 2303 casu,
908 2251 1016 2289 non
1065 2234 1313 2298 consilio,
1362 2232 1563 2288 factum
1621 2239 1680 2285 ut
1727 2230 1783 2283 in
1826 2228 2015 2285 Graeco
2060 2228 2283 2282 nomine
2330 2236 2564 2297 quatuor
2605 2226 2883 2281 climatum
2928 2226 3118 2294 primae
3168 2223 3337 2276 litem
3374 2221 3572 2290 depre-

325 2332 713 2386 henderentur.

397 2449 603 2502 Habita:
638 2457 765 2502 sunt
795 2449 878 2501 hie
912 2447 1181 2501 orationes
1242 2445 1296 2499 in
1328 2443 1767 2514 Quadragesima,
1822 2452 1883 2497 ut
1930 2457 2039 2497 non
2068 2440 2238 2496 semel
2280 2440 2336 2494 in
2366 2439 2539 2511 prima
2569 2438 2750 2493 innuit
2782 2436 3126 2491 Severianus.
3158 2433 3363 2488 [larum
3400 2433 3572 2487 inter-

328 2542 683 2610 pretationem
731 2541 976 2595 Latinam
1013 2557 1208 2596 novam
1253 2539 1582 2610 paravimus.

341 2870 3585 2908 _______________________________________..

1400 2965 2523 3165 SEVERIANI,

1275 3218 1946 3289 GABALORUM
1992 3213 2469 3287 EPISCOPI
2528 3195 2646 3299 (α),

864 3386 1065 3494 IN
1137 3387 1727 3499 MUNDI
1799 3376 3069 3514 CREATIONEM,

1646 3574 1948 3637 ORATIO
1990 3572 2262 3633 PRIMA.

1723 3717 2201 3786 Μῶφι*-

631 3891 697 3945 Ιη
725 3892 939 3961 primum
963 3888 1092 3941 diem
1117 3885 1380 3939 creationis
1414 3883 1607 3936 mundi.

409 4026 459 4079 Ι.
486 4024 763 4093 Scriptura:
788 4037 944 4074 sacris
970 4019 1186 4089 dignitas
1215 4017 1515 4084 utilitasque.
1545 4012 1771 4066 Exordio
1794 4027 1904 4063 mo-

338 4116 547 4169 destiam
577 4115 799 4184 spirante
826 4112 1016 4164 animos
1040 4108 1346 4161 audientium
1372 4107 1464 4159 sibi
1484 4104 1715 4157 conciliat
1738 4112 1907 4155 orator

336 4220 523 4264 noster.
548 4237 622 4250 -
647 4206 878 4275 Quodvis
924 4202 1129 4273 pietatis
1176 4207 1577 4269 argumentum,
1614 4198 1906 4249 animarum

338 4318 637 4362 nostrarum
675 4300 972 4357 emendatio
1001 4306 1099 4353 est.
1133 4296 1211 4349 Ad
1242 4295 1378 4348 hanc
1424 4293 1563 4347 enim
1611 4292 1905 4344 animarum

338 4399 560 4452 salutem
601 4394 777 4449 omnia
805 4391 1014 4461 pietatis
1042 4388 1276 4442 instituta
1324 4384 1631 4452 respiciunt.
1664 4382 1808 4434 llanc
1855 4388 1909 4433 et

340 4490 431 4545 Dei
460 4502 639 4543 sermo
663 4494 932 4555 operatur,
952 4482 1087 4536 hanc
1107 4490 1159 4534 et
1181 4478 1372 4548 Moysis
1399 4477 1480 4530 lex
1505 4475 1751 4538 insinuat,
1774 4472 1907 4526 hanc

340 4579 630 4650 praedicant
658 4573 958 4645 spirituales
1002 4572 1105 4625 illa:
1138 4568 1509 4638 pr0phetarmn
1557 4564 1748 4633 linguae
1779 4579 1790 4612 :
1825 4562 1907 4615 in-

340 4670 583 4727 cessabili
609 4683 739 4723 voce
766 4681 861 4736 pro
886 4665 985 4719 hac
1008 4664 1238 4718 clamant
1264 4657 1509 4729 apostoli.
1532 4655 1719 4710 Omnia
1749 4652 1910 4722 siqui-

340 4762 458 4817 dem
503 4776 601 4830 pro
627 4759 779 4813 nobis
802 4799 817 4821 ,
848 4765 903 4811 et
940 4761 1155 4824 pr0pter
1180 4765 1277 4805 nos
1308 4767 1321 4801 :
1355 4757 1412 4802 ut
1452 4749 1575 4801 dum
1614 4753 1794 4799 nostra
1843 4742 1910 4796 ad

341 4852 762 4908 emendationem
793 4854 1098 4918 properant,
1126 4845 1372 4913 pietatem
1402 4855 1502 4895 nos
1544 4851 1908 4908 assequamur.

342 4945 527 5000 Omnis
554 4945 730 5012 itaque
759 4949 970 4996 sanctus
998 4937 1131 4990 liber
1156 4935 1342 4988 salutis
1372 4941 1565 4985 nostrae
1595 4943 1751 4983 causa
1778 4927 1907 4981 scri-

343 5049 463 5105 puis
491 5042 600 5099 est,
628 5043 684 5087 ut
728 5030 884 5085 modo
926 5027 1184 5082 dicebam.
1216 5024 1312 5078 Hic
1340 5036 1498 5091 porro
1532 5018 1812 5075 creationis
1850 5016 1914 5070 li-

345 5131 436 5185 ber
458 5171 473 5195 ,
506 5127 655 5197 origo
678 5168 692 5191 ,
726 5125 844 5179 fons
870 5130 926 5176 et
958 5120 1127 5173 virtus
1163 5124 1245 5171 est
1271 5128 1455 5169 eorum
1485 5112 1723 5165 omnium
1748 5150 1763 5177 ,
1795 5122 1912 5177 qua:

408 5262 478 5322 (α)
509 5259 567 5322 In
590 5253 1012 5322 Codicevmicano
1033 5238 1914 5322 Imm-.559=,¢i?fs‘!€'1'f§2_'3l3!?(132/:

345 5300 579 5373 sodibini":
596 5300 1055 5421 nain'Cthsostomi
1078 5316 1191 5359 sunt
1214 5320 1273 5355 ea
1295 5300 1405 5366 quae
1440 5300 1758 5369 praecedunt).
1775 5300 1913 5368 intra

345 5383 542 5421 muitius
564 5386 715 5421 mlum
738 5378 830 5421 titu
850 5388 931 5421 un.
952 5375 1019 5421 sic
1041 5370 1343 5419 concinnavit
1378 5380 1389 5414 :
1425 5374 1681 5419 Severiana,
1696 5370 1913 5421 Episcopi

345 5358 542 5431 m3};
563 5358 715 5439 totum
738 5358 935 5439 ﬁliiﬁlii
947 5358 1019 5422 sic
1041 5358 1343 5439 concinnavit
1378 5380 1389 5414 :
1425 5358 1915 5430 severtani,_Episcopi

347 5442 645 5495 nebularum,
667 5438 718 5487 in
740 5434 907 5486 mundi
926 5434 1211 5495 creatimiem
1229 5439 1467 5495 sermones
1484 5437 1602 5495 sex,
1620 5434 1792 5495 (μίτρη
1814 5434 1915 5495 qut-

350 5482 953 5562 HJEEEh'éiéiiipiauigggs',
980 5493 1307 5562 Chrysostomo
1329 5482 1682 5562 adscribuntur.
1711 5482 1915 5532 Combe-

348 5546 1031 5626 i'isivu-sj'quivutiosaviliolest
1052 5546 1168 5601 usus
1210 5551 1480 5610 (repetens
1511 5546 1632 5626 typis
1665 5556 1917 5613 sermones

352 5606 634 5675 iiiﬁéx‘ii
655 5606 959 5670 bibliotheca:
990 5606 1262 5675 Graecorum
1280 5606 1727 5675 patriam/{acturio
1765 5606 1916 5652 noris-

350 5669 615 5735 Elidis";
646 5669 761 5740 Lp.
788 5680 897 5735 2H,
921 5690 1047 5739 sqq.,
1065 5674 1215 5725 Paris.
1246 5672 1378 5727 167:2,
1402 5670 1525 5731 i‘ol.),
1553 5669 1655 5717 haec
1676 5673 1915 5728 postrema

351 5751 414 5800 dc
435 5748 768 5809 Dirysvstoum
791 5741 954 5792 tacuit.

1926 3764 1997 3795 ΧΨ

2017 3879 2068 3931 in
2092 3878 2204 3944 lege
2239 3883 2292 3928 et
2337 3874 2388 3927 in
2418 3870 2688 3942 prophetis
2716 3866 2909 3936 scripta
2955 3875 3095 3919 sunt.
3141 3865 3217 3918 Ac
3242 3861 3585 3932 quemadmo—

2014 3970 2138 4024 dum
2190 3983 2294 4021 non
2338 3974 2510 4034 potest
2550 3964 2738 4016 domus
2776 3962 2890 4013 sine
2930 3957 3269 4011 fundamento
3297 3967 3438 4011 stare
3462 3996 3477 4019 ,
3505 3954 3584 4009 sic

2015 4077 2111 4116 nec
2140 4061 2277 4112 varia
2307 4066 2666 4111 creaturarum
2697 4049 3024 4121 pulchritudo
3053 4047 3422 4117 splendescere
3440 4086 3455 4110 ,
3481 4044 3583 4098 nisi

2014 4152 2211 4207 creatio
2236 4151 2343 4218 ipsa
2374 4147 2578 4201 initium
2607 4142 2868 4197 habuerit.
2898 4140 3018 4194 Scio
3059 4140 3253 4192 multos
3279 4152 3345 4190 ex
3388 4135 3584 4190 sanctis

2017 4243 2252 4312 patrihus
2271 4241 2337 4295 de
2358 4238 2626 4293 creatione
2654 4234 2811 4289 verba
2837 4232 3043 4294 fecisse,
3062 4231 3329 4298 multaque
3356 4237 3409 4282 et
3432 4243 3585 4297 egre-

2014 4337 2095 4405 gia
2122 4336 2319 4389 dixisse
2340 4375 2353 4393 ,
2375 4340 2433 4386 ut
2473 4330 2698 4399 Spiritus
2741 4325 2922 4395 gratia:
2961 4337 3205 4377 mensura
3235 4321 3364 4388 ipsis
3395 4320 3583 4373 collata

2019 4428 2155 4481 tulit.
2187 4425 2333 4478 Licet
2372 4432 2549 4475 autem
2580 4420 2744 4472 multa
2768 4459 2782 4481 ,
2815 4414 3007 4469 eximia
3043 4421 3095 4467 et
3140 4412 3399 4465 mirabilia
3443 4410 3582 4464 dicta

2017 4518 2247 4579 fuerint,
2300 4513 2428 4567 nihil
2482 4519 2624 4565 vetat
2668 4509 2950 4579 quominus
2999 4513 3052 4559 et
3100 4513 3277 4557 nostra
3323 4502 3581 4568 dicamus,

2017 4617 2171 4679 prout
2222 4606 2449 4674 Spiritus
2489 4603 2655 4673 gratia
2698 4595 3193 4654 subministraverit.
3225 4593 3584 4659 Quemadmo-

2016 4703 2140 4757 dum
2166 4700 2305 4755 enim
2326 4712 2420 4750 eos
2444 4696 2534 4764 qui
2562 4702 2684 4748 ante
2714 4708 2810 4747 nos
2850 4692 2998 4745 luere
3036 4704 3142 4741 non
3179 4686 3464 4743 cohibuere
3491 4701 3584 4737 ve-

2020 4803 2188 4848 terum
2219 4789 2433 4856 scripta,
2456 4786 2533 4841 sic
2570 4799 2669 4839 nec
2696 4783 2769 4836 illi
2793 4782 2881 4851 qui
2916 4796 3012 4833 nos
3040 4785 3459 4848 praecesserunt,
3489 4789 3585 4828 nos

2018 4885 2273 4940 arcebunt
2313 4881 2379 4935 ab
2408 4878 2666 4932 instituto.
2694 4875 2749 4929 Si
2788 4873 3000 4943 quidem
3039 4880 3093 4926 et
3138 4871 3241 4924 illis
3275 4880 3329 4923 et
3355 4868 3505 4921 nobis
3531 4875 3585 4920 et

2017 4974 2401 5046 antiquioribus
2432 4986 2531 5025 una
2559 4980 2635 5024 est
2657 4968 2821 5037 gratia
2846 4982 2962 5035 quae
2990 4964 3214 5033 Spiritus
3234 4962 3395 5015 sancti
3420 4960 3588 5011 virtu-

2021 5077 2126 5121 tem
2158 5063 2477 5133 suppeditet.
2511 5059 2694 5112 Omnia
2720 5057 2881 5120 enim,
2912 5054 3096 5122 inquit,
3130 5060 3364 5121 operatur
3385 5064 3515 5099 unus
3540 5057 3586 5097 et

2018 5161 2149 5213 idem
2178 5158 2420 5226 Spiritus,
2448 5152 2671 5205 dividens
2699 5146 2908 5218 singulis
2946 5153 3095 5216 prout
3129 5144 3228 5195 vult
3250 5141 3323 5208 (i.
3354 5137 3471 5191 Cor.
3496 5135 3583 5189 12.

2021 5254 2130 5322 Η).
2163 5251 2274 5304 Νοη
2296 5262 2423 5316 ergo
2452 5260 2514 5299 ea
2543 5258 2660 5313 quae
2682 5256 2709 5294 a
2738 5239 2971 5310 patribus
3000 5236 3136 5289 dicta
3166 5240 3287 5287 sunt
3312 5229 3587 5282 eliminati-

2022 5355 2125 5409 tur,
2142 5343 2235 5398 sed
2263 5348 2441 5394 nostra
2468 5338 2573 5390 illis
2597 5341 2948 5402 apponuntur.
2974 5325 3222 5393 Quamvis
3248 5333 3433 5387 magna
3465 5326 3591 5371 sunt

2021 5450 2203 5490 eorum
2254 5432 2423 5491 dicta,
2457 5435 2637 5480 nostra
2681 5431 2854 5475 autem
2902 5419 3085 5484 exigua
3111 5454 3126 5478 ,
3157 5412 3269 5465 hazc
3313 5418 3487 5461 tamen
3538 5408 3588 5459 in

2022 5524 2260 5581 eamdem
2301 5527 2614 5573 structuram
2657 5519 2919 5579 aptantur.
2952 5505 3022 5558 Ut
3050 5504 3187 5555 enim
3216 5498 3442 5567 lapidem
3474 5510 3585 5547 ma-

2022 5631 2183 5689 gnum
2210 5615 2260 5666 in
2291 5611 2409 5665 cubi
2440 5609 2658 5662 formam
2691 5610 2943 5669 aptatum,
2978 5596 3028 5647 in
3060 5600 3375 5645 structuram
3406 5586 3591 5639 admo-

2025 5679 2165 5772 ium,
2200 5713 2252 5761 et
2295 5702 2503 5772 paulum
2530 5704 2800 5753 nutantem
2822 5730 2835 5757 ,
2865 5687 3131 5757 subjectus
3174 5684 3345 5737 ﬁrmat
3374 5679 3591 5748 exiguus
