4044 6306
316 337 414 393 4⁸51

301 456 438 512 τὸέν
463 453 718 525 συνηθείᾳ
740 453 958 514 πάντως
983 449 1200 522 ἀληθὲς,
1229 449 1352 503 οὔτε
1385 451 1444 503 τὸ
1492 451 1640 516 ξένον
1671 449 1882 520 ψευδές·

298 539 436 596 ἀλλά
474 535 748 607 πανταχοῦ
798 536 1041 606 ζητεῖται
1080 536 1129 586 εἰ
1155 533 1381 604 ἀλήθεια
1408 533 1440 604 ἢ
1475 534 1670 603 ψεῦδος
1701 533 1772 586 τὰ
1801 531 1889 585 λεο

299 625 528 696 γόμενα.
586 621 747 689 Ἀξιῶ
783 621 839 674 δὲ
893 622 1033 691 μήτε
1072 619 1148 682 ὼς
1195 619 1347 686 φίλον
1395 618 1519 672 τινὰ
1562 618 1888 690 χαρίσασθαι

299 708 671 775 ἀνεξετάστως
702 704 988 775 δεχόμενον
1015 704 1142 767 τοὺς
1166 703 1378 772 λόγουςο
1422 704 1560 775 μήτε
1589 703 1663 767 ὡς
1695 703 1889 775 ἐχθρὸν

301 791 581 860 ξενίζοντα
610 788 888 842 ἐκϐάλλειν
938 787 1029 839 τὸν
1067 783 1243 854 λόγον·
1298 785 1413 838 ἀλλ’
1442 787 1576 857 ὁρᾷν
1612 785 1888 856 πανταχοῦ

301 874 459 946 [457]
496 873 544 924 εἰ
566 871 797 942 ἀλήθειά
826 871 972 923 ἐστιν
999 871 1161 940 ήτοῖς
1185 868 1497 939 λεγομένοις
1526 868 1885 939 βραϐεύουσα.

377 1015 443 1084 β’.
489 1015 586 1066 Ἐν
608 1010 786 1081 ἀρχῇ,
819 1011 1003 1080 φησὶν,
1029 1010 1320 1076 ἐποίησεν
1345 1012 1377 1064 ὁ
1415 1009 1559 1076 Θεὸς
1582 1008 1690 1063 τὸν
1715 1011 1890 1078 οὐρα-

301 1098 419 1153 νὸν
444 1097 541 1150 καί
568 1095 682 1162 τὴν
710 1093 846 1164 γῆν.
864 1095 926 1146 Ἠ
950 1093 1158 1162 ἱστορία
1170 1090 1310 1162 αὕτη
1342 1093 1460 1144 ἐστὶ
1488 1091 1586 1161 μὲν
1611 1092 1890 1154 Μωῦσέως

299 1180 399 1235 τοῦ
452 1178 739 1249 νομοθέτου
794 1176 1153 1247 σύγγραμμα,
1216 1177 1311 1228 καί
1369 1174 1687 1244 Πνεύματος
1729 1175 1887 1243 ἁγίου

302 1262 674 1331 ἀποκάλυψις·
729 1259 972 1331 περιέχει
1013 1257 1070 1309 δὲ
1112 1256 1470 1328 δημιουργίαν
1515 1256 1741 1327 δυνάμει
1792 1256 1889 1326 μὲν

302 1346 440 1400 Θεοῦ
474 1345 798 1415 γεναμένην,
834 1343 1145 1413 προφητικῇ
1200 1339 1256 1391 δὲ
1289 1341 1471 1411 χάριτι
1504 1341 1726 1392 Μωῡσεῖ
1755 1341 1890 1392 ἀπο-

303 1429 691 1498 καλυφθεῖσαν.
719 1425 792 1478 υύ
834 1425 942 1494 γάρ
979 1420 1129 1475 εἷπεν
1157 1421 1330 1474 ταῦτα
1378 1421 1616 1491 Μωῦσῆς
1643 1422 1718 1484 ὡς
1747 1423 1891 1474 ίστο-

306 1513 618 1584 ριογράφος,
646 1509 759 1561 ἀλλ’
802 1507 876 1571 ὼς
924 1506 1229 1576 προφήτης.
1271 1500 1407 1556 Εἶπε
1442 1505 1548 1576 γὰρ
1577 1503 1612 1556 ἀ
1655 1503 1727 1574 μὴ
1762 1501 1888 1568 εἶδε,

303 1599 402 1650 καὶ
432 1596 731 1666 διηγήσατο
783 1587 857 1644 ὧν
908 1591 1104 1660 θεατὴς
1149 1590 1248 1641 ούκ
1273 1588 1507 1656 ἐγένετο.
1537 1587 1748 1659 Ὥσπερ
1777 1589 1888 1658 γάρ

302 1681 435 1749 τρία
465 1679 578 1748 ειδη
609 1674 944 1746 προφητείας
992 1673 1294 1743 εἰρήκαμεν
1325 1672 1513 1736 πάλαι,
1547 1672 1630 1724 ὅτι
1677 1671 1892 1741 πρῶτον

309 1748 409 1836 μὲν
440 1757 578 1823 εἰδος
625 1758 959 1830 προφητείας
989 1756 1050 1808 τὸ
1091 1758 1284 1821 είπεῖν,
1340 1755 1593 1825 δεύτερον
1635 1754 1692 1807 δὲ
1725 1754 1787 1808 τὸ
1819 1753 1888 1809 δι’

303 1848 492 1916 ἔργου,
527 1843 707 1915 τρίτον
732 1843 792 1895 τὸ
805 1841 871 1894 δι’
893 1840 1055 1912 έργου
1085 1839 1178 1893 κα)⁵
1205 1839 1383 1908 λόγου·
1416 1837 1559 1892 οὕτω
1580 1839 1672 1891 καὶ
1700 1837 1892 1908 ἐνταῦ-

305 1929 380 1983 θα
415 1929 541 1999 τρία
571 1926 711 1998 μέρη
739 1924 1092 1996 προφητείας
1149 1923 1455 1995 προφητεία
1485 1922 1617 1993 περί
1657 1920 1764 1974 τῶν
1807 1923 1894 1974 ἐνο

304 2013 580 2072 εστὼτων,
604 2008 908 2080 προφητεία
938 2008 1064 2078 περί
1093 2006 1202 2058 τῶν
1236 2006 1556 2077 μελλόντων,
1584 2005 1890 2076 προφητεία

305 2097 440 2166 περὶ
474 2094 583 2146 τῶν
638 2091 1034 2163 παρελθόντων.
1080 2083 1228 2152 Οἶον,
1264 2090 1324 2143 ού
1372 2088 1553 2159 παρῆν
1588 2089 1891 2159 προφήτης,

306 2182 443 2250 φέρε
470 2179 642 2232 εἰπεῖν
684 2176 932 2238 Ἡσαΐας,
968 2176 1078 2237 τοῖς
1109 2174 1200 2228 ἐπὶ
1246 2173 1523 2235 Μωῦσέως
1563 2171 1892 2242 γενομένοιςο

451 2260 636 2330 ἐπειδὴ
655 2259 715 2312 τὸ
733 2258 951 2326 πνεῦμα
985 2257 1262 2320 Μωῦσέως
1288 2253 1354 2327 ἦν
1385 2258 1442 2308 έν
1466 2255 1634 2325 αὐτῷ,
1685 2255 1888 2307 ἀποκα-

306 2347 512 2400 λύπτον
539 2342 687 2413 αὐτῷ
715 2341 785 2396 τά
839 2340 1125 2411 γενόμενα,
1185 2338 1492 2412 προφητεία
1524 2334 1614 2410 ὴν.
1649 2340 1804 2391 Ἐστι
1837 2338 1894 2390 δὲ

309 2427 468 2493 αὖθις
491 2431 792 2499 προφητεία
828 2426 921 2478 καὶ
960 2423 1190 2476 ἐπὶτῶν
1235 2423 1540 2499 παρόντωνο
1583 2423 1658 2486 ῶς
1694 2423 1787 2475 ἐάν
1813 2437 1894 2484 τις

306 2516 408 2568 καὶ
451 2513 546 2564 ἐπὶ
589 2509 681 2562 τοῦ
715 2507 994 2578 προφήτου
1027 2505 1198 2570 ἑστὼς
1247 2505 1371 2578 θέλῃ
1403 2504 1606 2577 κρύψαι
1641 2523 1692 2558 τι
1720 2507 1778 2558 ἐν
1827 2508 1894 2576 τῇ

304 2597 540 2668 διανοίᾳ,
574 2595 667 2646 καὶ
699 2594 728 2646 ὀ
760 2591 1042 2662 προφήτης
1072 2590 1268 2661 ἐλέγχῃ
1311 2591 1506 2652 αὑτὸν,
1552 2589 1627 2651 ὼς
1657 2589 1686 2640 6
1723 2587 1898 2640 Ἐλισ-

310 2684 466 2744 σαῖος
517 2680 608 2732 τὸν
633 2675 806 2741 Γιεζὶ,
863 2676 932 2728 τὰ
966 2675 1228 2746 μέλλοντα
1283 2673 1674 2744 προσημαίνων
1706 2672 1800 2724 καὶ
1828 2671 1896 2724 τὰ

310 2761 670 2834 κεκρυμμένα
697 2758 974 2812 δεικνύων.
997 2758 1236 2828 Μωῡσῆς
1253 2751 1373 2808 εἷπε
1403 2757 1472 2808 τὰ
1505 2754 1894 2826 προγεγονότα,

309 2847 466 2900 ᾶλλοι
504 2847 572 2897 τά
631 2841 912 2896 μέλλοντα.
971 2840 1154 2900 Οὕτως
1214 2835 1306 2892 οὖν
1361 2839 1440 2892 δεῖ
1482 2837 1770 2910 προσέγειν
1826 2839 1892 2890 στ’-ἣ

316 2929 536 3000 ἱστορίᾳ
566 2915 757 2998 ταύτῃ,
788 2926 886 2995 ούχ
909 2924 982 2987 ὡς
1009 2923 1326 2993 διηγήματι,
1351 2921 1463 2974 ἀλλ’
1485 2920 1560 2983 ὡς
1593 2919 1898 2990 προφητείᾳ

315 3014 551 3084 ἀληθινῇ
599 3014 662 3063 ἐκ
695 3010 1011 3080 Πνεύματος
1053 3007 1208 3074 ἁγίου
1246 3004 1602 3075 λελαλημένῃ.
1652 3003 1744 3066 Τίς
1777 3003 1833 3056 δὲ
1869 3004 1898 3055 6

315 3097 523 3159 σκοπὸς
545 3095 618 3165 τῷ
645 3097 894 3164 προφήτῃ
914 3110 928 3158 ;
946 3092 1048 3145 Δύο
1063 3093 1376 3164 πρόκεινται
1397 3090 1622 3143 Μωῦσεῖ
1646 3087 1894 3157 ποιῆσαι,

312 3181 417 3236 καὶ
438 3179 782 3232 διδασκαλίαν
813 3175 1090 3239 ἐκθέσθαι,
1131 3174 1225 3226 καὶ
1255 3173 1575 3243 νομοθεσίαν
1604 3171 1896 3225 ύποτυπῶ-

317 3283 433 3319 σαι.
471 3262 784 3334 Νομοθέτης
815 3261 922 3332 γὰρ
941 3259 1036 3323 ὢν,
1059 3259 1120 3313 ού
1149 3257 1362 3330 πρῶτον
1393 3257 1590 3328 ἧρξατο
1615 3258 1714 3327 τῆς
1742 3273 1899 3328 νομο-

317 3348 529 3411 θεσίας,
559 3345 695 3398 ἀλλά
725 3346 826 3414 τῆς
854 3341 1232 3414 δημιουργίας.
1264 3340 1414 3393 Διατί
1443 3339 1501 3392 δὲ
1523 3339 1736 3410 πρῶτον
1765 3339 1898 3409 ἠθέ-

317 3432 453 3501 λησε
483 3430 649 3496 δεῖξαι
679 3428 772 3481 τὸν
793 3427 925 3480 Θεὸν
943 3424 1272 3496 δημιουργὸν
1320 3423 1415 3476 τοῦ
1445 3424 1644 3486 παντὸς
1679 3423 1773 3476 καὶ
1803 3425 1900 3475 Δε-

319 3514 561 3582 σπότηνς
597 3514 713 3565 Ἵνα
735 3511 918 3581 δειχθῇ
948 3510 1099 3572 Θεόςο
1127 3509 1228 3562 ούκ
1254 3507 1555 3580 ἀλλοτρίοις
1573 3506 1895 3577 νομοθετῶν,

320 3597 459 3651 ἀλλά
489 3598 601 3659 τοῖς
651 3595 822 3658 ἰδίοις.
873 3593 938 3645 Εἰ
971 3592 1046 3663 μὴ
1085 3593 1194 3662 γὰρ
1241 3591 1458 3662 πρῶτον
1510 3590 1710 3654 ἔδειξεν
1738 3589 1900 3643 αὐτὸν

318 3679 649 3751 δημιουργὸν
679 3677 773 3730 τοῦ
819 3676 1046 3746 κόσμου,
1091 3677 1193 3727 οὐκ
1239 3675 1305 3726 ἀν
1351 3673 1659 3738 ἀξιόπιστος
1686 3672 1900 3744 ἐδείχθη

318 3764 618 3836 νομοθέτης
646 3761 739 3815 τοῦ
775 3761 1000 3830 κόσμου.
1023 3757 1094 3810 Τὸ
1115 3760 1225 3825 γὰρ
1257 3757 1554 3826 ἀλλοτρίοις
1570 3756 1898 3827 νομοθετεῖν,

321 3851 468 3922 βίας·
517 3849 577 3901 τὸ
629 3847 686 3899 δὲ
733 3847 858 3908 τοὺς
891 3844 1054 3906 ἰδίους
1086 3841 1382 3904 παιδεύειν,
1419 3841 1758 3903 ἀκολουθίας.
1792 3843 1900 3894 Καὶ

317 3933 514 4003 ὥσπερ
557 3931 806 3997 Ἰωάννης
821 3930 850 3980 ό
880 3925 1278 3994 Εὑαγγελιστὴς
1307 3925 1367 3977 ού
1392 3924 1604 3995 πρῶτον
1626 3924 1779 3987 ἔταξε
1803 3923 1897 3976 τοῦ

319 4012 560 4085 Χριστοῦ
599 4014 698 4082 τὴν
719 4010 1056 4081 νομοθεσίαν,
1082 4008 1185 4071 ἓως
1210 4003 1362 4062 εἶπεν
1393 4007 1557 4061 αὐτοῦ
1578 4007 1676 4078 τὴν
1703 4007 1899 4060 δεσπο-

319 4094 706 4160 τείαν,ειπών⁶
752 4095 847 4146 Ἐν
884 4090 1040 4161 ἀρχῇ
1082 4087 1161 4161 ἦν
1198 4094 1230 4144 ό
1268 4092 1480 4159 Λόγος,
1518 4091 1614 4143 καὶ
1638 4093 1670 4143 ὁ
1710 4091 1899 4160 Λόγος

318 4180 402 4253 ἦν
436 4181 584 4250 πρὸς
604 4178 710 4231 τὸν
739 4176 906 4240 Θεὸν,
931 4177 1027 4230 καὶ
1056 4174 1198 4239 Θεὸς
1216 4170 1296 4243 ἦν
1317 4177 1349 4228 ὀ
1368 4175 1576 4242 Λόγος.
1603 4173 1806 4226 Πάντα
1825 4173 1899 4227 δι’

320 4266 511 4320 αὑτοῦ
539 4261 793 4332 ἐγένετο,
827 4263 924 4314 καὶ
954 4258 1132 4328 χωρὶς
1153 4257 1338 4310 αὑτοῦ
1370 4257 1605 4325 ἐγένετο
1631 4256 1773 4310 οὐδὲ
1808 4256 1897 4322 ἐν,

322 4349 355 4403 ὃ
379 4349 647 4419 γέγονεν.
695 4347 796 4398 Ἐν
817 4342 976 4408 αὐτῷ
997 4342 1108 4412 ζωὴ
1146 4340 1243 4414 ἦν,
1267 4342 1365 4396 καὶ
1386 4344 1424 4411 ή
1459 4341 1568 4409 ζωὴ
1594 4337 1672 4411 ἦν
1691 4340 1758 4393 τὸ
1774 4339 1901 4410 φῶς

323 4431 445 4487 τῶν
471 4429 812 4497 ἀνθρώπων.
843 4430 946 4493 Εἰς
979 4428 1050 4481 τὰ
1081 4427 1201 4480 ἴδια
1222 4425 1388 4498 ἦλθε,
1428 4427 1527 4481 καί
1550 4429 1603 4480 οί
1627 4427 1762 4479 ἴδιοι
1794 4429 1901 4479 αὐ-

323 4518 435 4572 τὸν
455 4517 529 4568 οὺ
565 4513 927 4582 παρέλαϐον.
962 4512 1092 4564 Ὅτε
1140 4507 1294 4564 εἶπεν
1335 4512 1493 4565 αὐτὸν
1528 4511 1762 4582 Ποιητὴν
1806 4509 1899 4562 καὶ

324 4597 689 4670 Δημιουργδν,
714 4597 834 4648 τότε
858 4595 1068 4664 εἰσάγει
1099 4595 1260 4648 αὑτὸν
1280 4593 1596 4650 διδάσκαλον
1615 4595 1710 4648 καὶ
1738 4609 1900 4663 νομο-

324 4685 490 4755 θέτην
527 4681 621 4734 τοῦ
675 4680 895 4743 παντός.
947 4679 1114 4732 Πάλιν
1163 4678 1320 4743 ἄλλος
1374 4679 1571 4742 σκοπὸς
1601 4680 1896 4743 Μωύσέως·

323 4769 480 4824 Διατί
503 4767 532 4819 6
562 4764 824 4837 μακάριος
851 4764 1094 4833 Μωῦσῆς
1119 4763 1349 4834 ούρανοῦ
1375 4763 1474 4832 μὲν
1507 4764 1898 4834 ἐμνημόνευσε,

326 4854 424 4907 καὶ
459 4851 561 4920 γῆς
597 4851 690 4903 καί
712 4850 985 4921 θαλάσσης
1006 4850 1100 4904 καὶ
1119 4849 1348 4912 ὑδάτων,
1383 4849 1600 4901 καὶτῶν
1623 4849 1680 4912 ἐξ
1701 4849 1898 4915 αὐτῶν,

331 4936 581 5006 ἀγγέλων
608 4935 664 4987 δὲ
694 4933 1174 5006 ῆάρχαγγέλων,ἢ
1200 4933 1500 5004 Σεραφεὶμ,
1529 4932 1563 5002 ἢ
1597 4932 1902 5004 Χερουϐεὶμ

326 5022 430 5075 οὐκ
455 5017 892 5089 ὲμνημόνευσεν;
941 5016 1158 5087 Ἐπειδὴ
1181 5018 1273 5069 καὶ
1291 5015 1388 5086 τὴν
1420 5016 1738 5086 νομοθεσίαν
1767 5016 1904 5085 πρὸς

325 5107 456 5168 τοὺς
492 5103 611 5156 τότε
644 5103 868 5172 καιροὺς
891 5102 1148 5173 ἥρμοζεν.
1189 5101 1340 5172 ᾜδει
1366 5101 1474 5172 γάρ
1507 5097 1586 5165 οἷς
1613 5101 1900 5169 διελέγετο,

327 5191 444 5250 τοῖς
473 5185 774 5251 ἐξελθοῦσιν
799 5188 864 5238 ἐκ
888 5187 985 5256 τῆς
1008 5184 1306 5254 Αἰγύπτου,
1336 5187 1447 5248 τοῖς
1471 5185 1569 5256 τὴν
1608 5187 1903 5254 Λίγυπτια·

328 5273 434 5343 κὴν
467 5270 675 5341 πλάνην
698 5269 979 5339 μαθοῦσιν,
1011 5269 1163 5338 ἥλιον
1189 5270 1284 5321 καὶ
1325 5268 1552 5340 σελήνην
1581 5270 1674 5322 καί
1706 5269 1900 5338 ἄστρα,

330 5356 611 5424 ποταμοὺς
649 5354 743 5406 καὶ
770 5353 952 5422 πηγὰς
993 5353 1088 5404 καὶ
1119 5352 1304 5406 ὕδατα.
1341 5352 1643 5405 Κατέλιπεν
1688 5349 1779 5406 οὖν
1808 5354 1904 5424 τὴν

329 5439 438 5491 τῶν
459 5439 707 5510 ἀοράτων
738 5436 1114 5507 δημιουργίαν,
1145 5437 1238 5489 καὶ
1255 5439 1400 5489 κενοῖ
1423 5435 1511 5488 τὸν
1544 5436 1699 5505 λόγον
1720 5437 1809 5489 ἐπὶ
1835 5437 1906 5490 τά

331 5521 482 5596 [458]
512 5520 791 5597 ὁρώμενα,
819 5521 903 5572 ἵνα
931 5521 1093 5590 πείσῃ
1141 5521 1265 5582 τοὺς
1293 5519 1501 5582 τούτοις
1540 5520 1906 5592 προσκυνοῦν-

329 5623 428 5671 τας
460 5608 535 5679 μὴ
562 5605 804 5676 νομίζειν
820 5603 957 5656 αὑτά
979 5602 1153 5667 θεοὺς,
1183 5603 1297 5656 ἀλλ’
1323 5603 1460 5675 ἔργα
1491 5604 1769 5666 Θεοῦ.Καί
1799 5605 1907 5676 γάρ

329 5693 430 5746 οὐκ
472 5688 542 5762 ἦν
568 5692 865 5758 ἀναγκαῖον
891 5689 1010 5742 τότε
1054 5689 1220 5754 δεῖξαι
1254 5691 1479 5755 ἐκείνοις
1505 5691 1633 5762 περί
1663 5692 1908 5761 ἀγγέλων

331 5777 426 5831 καὶ
458 5776 839 5849 άρχαγγέλων,
883 5775 969 5828 ἴνα
1004 5774 1078 5846 μὴ
1109 5775 1269 5832 πάλιν
1298 5775 1471 5848 θρέψῃ
1495 5777 1674 5833 αὐτῶν
1698 5778 1796 5851 τὴν
1828 5777 1906 5832 νό-

1346 338 1432 393 1)Ε
1472 337 1687 394 MUNDI
1719 335 2112 394 CREAI'IONE
2149 338 2403 393 ORATIO
2446 340 2485 396 1.

3459 340 3564 396 452

1993 467 2104 503 σον.
2130 451 2193 504 Εἰ
2231 450 2342 522 γὰρ
2389 451 2462 522 μὴ
2493 450 2780 521 βλέποντες
2814 453 3075 522 ἀγγέλους
3112 449 3271 508 εἶπαν
3306 467 3354 519 ι,
3384 454 3564 526 πολλῷ

1991 535 2212 606 μᾶλλον,
2238 538 2287 588 εἰ
2311 537 2551 608 ἥκουσαν
2584 538 2847 606 ἀγγέλους
2880 539 2912 609 ἢ
2965 538 3356 609 ἀρχαγγέλους,
3382 539 3564 609 ἐνόμι-

1991 636 2090 672 σαν
2116 620 2354 683 ἐκείνους
2380 621 2535 684 θεοῦς
2559 619 2718 674 εἶναι.
2768 622 2926 675 Ἀλλά
2969 623 3294 693 μνημονεύει
3334 622 3563 693 οὐρανοῦ

1989 703 2085 756 καὶ
2109 704 2231 772 γῆς,
2261 703 2430 774 ὀρέων
2451 706 2544 757 καὶ
2563 704 2786 769 ὑδάτων,
2806 707 2899 759 καὶ
2919 707 3026 760 τῶν
3051 707 3108 771 ἐξ
3129 707 3304 760 αὐτῶν
3325 708 3562 772 πάντων,

1991 785 2077 839 ἵνα
2122 787 2229 840 ἀπὸ
2251 789 2360 840 τῶν
2388 785 2680 858 ὁρωμένων
2715 787 3028 861 ἐρμηνεύσῃ
3071 789 3163 842 τὸν
3189 789 3442 860 ἀόρατον,
3471 789 3565 842 καὶ

1989 870 2097 924 ἀπὸ
2112 869 2220 924 τῶν
2242 870 2416 940 ἔργων
2441 868 2586 941 δείξῃ
2613 869 2703 922 τὸν
2747 870 3018 942 τεχνίτην.
3048 871 3233 936 Οὕτως
3259 870 3353 925 οὖν
3385 873 3476 925 καί
3514 874 3563 924 οἱ

1987 956 2137 1024 τρεῖς
2167 954 2353 1016 παῖδες
2391 953 2450 1006 ἐν
2482 953 2761 1006 Βαϐυλῶνι
2789 955 3072 1026 ἐποίησαν.
3123 956 3340 1028 Ἐπειδὴ
3369 958 3479 1029 γὰρ
3507 959 3564 1009 ἒν

1988 1039 2067 1108 τῷ
2093 1037 2235 1092 ἔθνει
2261 1034 2402 1108 ἦσαν
2437 1039 2631 1106 ἐκείνῳ
2654 1038 2731 1105 τῷ
2761 1037 3036 1112 θεομάχῳ,
3067 1040 3165 1093 καὶ
3207 1041 3307 1094 οὐκ
3333 1036 3400 1112 ἦν
3427 1039 3562 1093 Θεοῦ

1989 1118 2209 1188 γνῶσις,
2241 1120 2355 1172 ἀλλ’
2385 1119 2579 1173 εἴδωλα
2609 1109 3019 1190 προσεκυνεῖτο,
3054 1122 3111 1174 ἐν
3150 1125 3215 1193 τῇ
3243 1109 3460 1194 καμίνῳ
3481 1123 3566 1175 δν-

1989 1222 2079 1268 τες
2122 1205 2390 1272 λέγουσιν⁹
2427 1205 2766 1274 Εὑλογεῖτε,
2817 1205 3013 1260 πάντα
3041 1205 3113 1258 τὰ
3144 1207 3288 1276 ἔργα
3319 1207 3562 1273 Κιιρίου,

1989 1289 2095 1342 τὸν
2116 1290 2354 1366 Κύριον.
2381 1290 2533 1342 Διατί
2561 1290 2661 1343 οὐκ
2683 1287 2855 1356 εἷπον,
2894 1291 3171 1360 Ἄγγελοι.
3199 1292 3437 1362 οὐρανοὶ,
3470 1293 3566 1362 γῆ.

1990 1371 2123 1443 πῦρ,
2185 1373 2348 1444 ὕδωρ,
2393 1373 2584 1445 ψῦχος,
2616 1375 2824 1446 καῦμα,
2881 1376 2974 1429 καὶ
3005 1377 3104 1428 ὅσα
3141 1376 3387 1440 τοιαῦτα,
3432 1377 3567 1430 ἀλλὰ

1989 1457 2086 1528 τὴν
2135 1457 2495 1528 δημιουργίαν
2546 1460 2837 1531 ἀριθμοῦσι
2885 1459 3024 1514 κατὰ
3056 1460 3254 1532 μέρος;
3287 1462 3402 1513 Ἵνα
3440 1460 3568 1532 ὃλην

1992 1540 2229 1593 πλύνωσι
2290 1542 2387 1611 τὴν
2421 1543 2618 1604 κτίσιν,
2667 1544 2760 1596 καὶ
2788 1543 2914 1614 ὃλην
2946 1543 3284 1613 καθαρίσωσι
3333 1544 3432 1613 τὴν
3473 1543 3568 1614 δη-

1995 1625 2301 1696 μιουργίαν,
2334 1627 2426 1678 καὶ⁹
2463 1626 2664 1696 μηδένά
2703 1628 3121 1699 καταλ[ε’1ίπωσι
3170 1627 3440 1697 σπινθῆρα
3470 1630 3569 1696 τῆς

1993 1709 2266 1772 ἀσεϐείας.
2301 1709 2510 1781 Ὥσπερ
2537 1712 2630 1764 καὶ
2662 1711 2894 1764 ἐνταῦθα
2927 1711 3168 1781 Μωῦσῆς
3203 1710 3435 1779 θελήσας
3461 1710 3569 1762 τῶν

2006 1793 2272 1847 Ἰουδαίων
2315 1793 2413 1865 τὴν
2465 1795 2840 1866 Αἰγυπτιακὴν
2870 1795 3139 1850 ἀπελάσαι
3173 1794 3400 1864 πλάνην,
3432 1813 3570 1864 ’μνη-

1997 1876 2208 1945 μονεύει
2238 1878 2332 1930 καὶ
2359 1877 2588 1947 ούρανοῦ
2623 1878 2714 1930 καὶ
2741 1879 2844 1949 γῆς
2863 1877 2937 1941 ὡς
2954 1879 3278 1949 γενομένων,
3311 1880 3398 1932 ἵνα
3423 1878 3572 1950 δείξῃ

1991 1959 2059 2012 τά
2095 1961 2454 2030 πεποιημένα,
2507 1961 2602 2014 καὶ
2665 1961 3013 2033 μνημονεύσῃ
3066 1963 3158 2015 τὸν
3211 1961 3567 2032 πεποιηκότα·

2005 2044 2103 2096 Ἐν
2126 2043 2284 2114 ἀρχῇ
2309 2045 2602 2114 ἐποίησεν
2639 2047 2671 2098 ὁ
2717 2046 2862 2111 Θεὸς
2896 2045 3004 2098 τὸν
3041 2047 3300 2115 οὐρανὸν
3327 2046 3424 2099 καί
3446 2043 3573 2113 ιτὴν

1991 2144 2128 2197 την.

2064 2210 2135 2279 γ’.
2150 2205 2277 2264 *Ωδέ
2302 2228 2391 2281 μοι
2419 2211 2510 2265 τὸν
2543 2209 2687 2266 νοῦν.
2734 2210 2877 2279 Ἐγὼ
2899 2210 3295 2281 θαυμάζωπῶς
3321 2211 3573 2281 Ἰωάννης

1994 2295 2091 2346 καὶ
2115 2293 2350 2366 Μωῦσῆς
2370 2295 2430 2348 τὸ
2451 2295 2583 2348 αὑτὸ
2603 2295 2889 2366 προοίμιον
2917 2294 3097 2365 ἔσχον.
3133 2296 3245 2348 Καὶ
3281 2294 3390 2365 γὰρ
3415 2287 3572 2357 οὗτος

1994 2378 2162 2450 λέγει·
2207 2379 2301 2432 Ἑν
2335 2379 2492 2448 ἀρχῇ
2514 2380 2783 2447 ἐποίησε·
2818 2381 3066 2442 κάκεῖνος
3091 2378 3259 2447 λέγει·
3291 2379 3392 2432 Ἐν
3412 2377 3572 2446 ἀρχῇ

1994 2460 2093 2534 ἦν.
2142 2463 2302 2518 Ἀλλά
2347 2468 2598 2527 κάκεῖνος
2650 2463 2960 2536 χρησίμως,
3005 2465 3100 2518 καὶ
3147 2459 3300 2528 οὗτος
3343 2463 3568 2533 κυρίως.

1998 2547 2172 2601 Ὅπου
2241 2547 2340 2618 μὲν
2403 2548 2512 2619 γάρ
2563 2548 2924 2619 δημιουργία,
2993 2547 3152 2612 ἔταξε
3203 2549 3442 2616 Μωῠσῆς
3473 2547 3570 2608 τὸ,

2007 2631 2332 2698 Ἐποίησεν
2355 2649 2368 2660 ·
2400 2632 2535 2684 ὅπου
2578 2632 2634 2684 δὲ
2671 2631 3030 2702 δημιουργὸς,
3075 2631 3229 2698 ἔταξε
3262 2631 3355 2694 τὸ,
3385 2627 3514 2695 Ἦν,
3545 2633 3574 2683 ὁ

1997 2714 2404 2784 εύαγγελιστής.
2439 2713 2578 2768 Πολὺ
2605 2715 2662 2768 δὲ
2693 2716 2754 2768 τὸ
2793 2717 2955 2786 μέσον
2989 2715 3104 2780 τοῦ,
3152 2716 3446 2782 Ἐποίησε,
3479 2714 3574 2768 καὶ

1994 2797 2110 2861 τοῦ,
2141 2793 2260 2851 Ἦν
2279 2815 2292 2827 ·
2328 2797 2388 2850 τὸ
2419 2799 2517 2868 μὲν
2545 2799 2651 2870 γὰρ
2676 2799 2910 2867 ἐγένετο,
2944 2799 3016 2868 μὴ
3045 2798 3124 2861 δν,
3153 2801 3180 2852 ὀ
3208 2799 3264 2852 δέ
3285 2795 3353 2870 ἦν
3374 2799 3458 2850 ἀεὶ
3477 2797 3570 2849 ῶν.

2011 2883 2104 2934 Ἐν
2128 2881 2284 2951 ἀρχῇ
2312 2884 2580 2951 ἐποίησε-ο
2617 2884 2712 2937 καὶ
2732 2923 2746 2945 ,
2791 2886 2891 2937 Ἐν
2919 2883 3079 2953 ἀρχῇ
3102 2880 3200 2954 ἦν.
3240 2882 3374 2936 Θεού
3415 2885 3478 2938 τὸ
3502 2880 3575 2934 εί-

1997 2985 2103 3030 ναι,
2133 2968 2445 3036 κτισμάτων
2476 2967 2532 3019 δὲ
2560 2967 2621 3020 τὸ
2643 2967 2906 3036 γίνεσθαι,
2948 2967 3136 3038 ῶσπερ
3163 2969 3258 3022 καὶ
3288 2969 3316 3020 6
3344 2966 3574 3034 εὐαγγε-

1996 3050 2180 3120 λιστὴς
2209 3050 2436 3120 μερίζει.
2464 3051 2598 3122 Περὶ
2616 3052 2714 3121 μὲν
2744 3050 2967 3121 γὰρτοῦ
2986 3053 3236 3122 Σωτῆρος
3255 3050 3433 3120 λέγει’
3473 3051 3578 3104 Ἐν

1995 3131 2152 3200 ἀρχῇ
2186 3128 2264 3202 ἦν
2289 3134 2321 3184 ὀ
2352 3133 2558 3200 Λόγος,
2592 3131 2688 3184 καί
2721 3135 2752 3185 ὁ
2783 3132 2972 3200 Λόγος
2994 3127 3074 3202 ἦν
3095 3133 3244 3199 πρὸς
3272 3132 3377 3186 τὸν
3405 3133 3573 3194 Θεὸν,

1997 3216 2096 3268 καί
2129 3213 2272 3280 Θεὸς
2301 3210 2380 3284 ἦν
2405 3217 2437 3268 ό
2475 3215 2682 3282 Λόγος.
2712 3211 2896 3281 Οὗτος
2923 3213 3002 3286 ἦν
3031 3217 3100 3269 ἐν
3126 3215 3304 3285 ἀρχῇ.
3346 3218 3447 3270 Ἐν
3470 3219 3577 3270 αὺ-

1997 3295 2077 3362 τῷ
2097 3294 2209 3364 ζωὴ
2240 3293 2338 3366 ἦν,
2365 3299 2464 3349 καί
2493 3298 2532 3364 ἡ
2565 3296 2674 3364 ζωὴ
2722 3293 2801 3367 ἦν
2823 3301 2886 3351 τὸ
2915 3297 3040 3367 φῶς
3081 3299 3199 3352 τῶν
3227 3299 3573 3364 ἀνθρώπων.

2008 3380 2266 3446 Ἓξάκιςδ
2302 3379 2450 3448 λέγει
2487 3379 2568 3442 τὸ,
2596 3376 2725 3446 Ἦν,
2758 3383 2844 3434 ἵνα
2887 3383 3198 3454 ἐρμηνεύσῃ
3231 3382 3292 3434 τὸ
3323 3383 3400 3435 δν.
3440 3383 3577 3453 Περὶ

1997 3464 2054 3517 δὲ
2075 3463 2166 3517 τοῦ
2187 3465 2416 3527 οἰκέτου,
2439 3465 2526 3516 ὅτε
2549 3465 2782 3535 ἐκήρυξε
2808 3464 2896 3516 τὸν
2920 3464 3065 3527 ὄντα,
3090 3467 3183 3517 καὶ
3201 3461 3362 3536 ἦλθεν
3379 3467 3458 3529 είς
3484 3466 3576 3518 τὸν

1996 3547 2183 3601 δοῦλον
2234 3548 2326 3602 τὸν
2386 3549 2667 3618 Ἰωάννην,
2715 3547 2894 3616 λέγει·
2939 3549 3207 3617 Ἐγένετο
3243 3549 3572 3618 ἅνθρωπος.

1998 3631 2130 3694 Θεὸς
2153 3628 2241 3704 ἦν.
2267 3633 2550 3704 ἄνθρωπος
2577 3633 2634 3685 δὲ
2655 3633 2888 3700 ἐγένετο.
2918 3634 2980 3685 Εἰ
3004 3633 3059 3685 δὲ
3081 3635 3172 3685 καὶ
3197 3634 3323 3703 περὶ
3344 3633 3437 3686 τοῦ
3465 3634 3576 3686 Σω-

1997 3713 2163 3784 τῆρος
2183 3716 2420 3785 τολμῶσι
2446 3716 2640 3785 λέγειν,
2669 3718 2752 3770 ὅτι
2774 3718 2868 3768 καὶ
2892 3717 2921 3768 6
2950 3717 3139 3787 Σωτὴρ
3166 3718 3453 3786 γενόμενος
3481 3712 3570 3787 ἦν,

1999 3798 2152 3850 οὐδὲν
2185 3799 2428 3869 διαφέρει
2457 3800 2554 3870 τῆς
2593 3800 2717 3870 γῆς.
2759 3801 3023 3871 Πρόσεχε,
3060 3801 3396 3871 παρακαλῶο
3447 3801 3574 3853 Ἐάν

1999 3881 2130 3954 εἴπῃ
2156 3883 2184 3934 ὁ
2217 3881 2510 3952 αἱρετικὸς,
2540 3885 2620 3936 ὅτι
2651 3885 2883 3954 Χριστὸς
2911 3884 3200 3954 γενόμενος
3223 3879 3312 3947 ἦν,
3343 3883 3470 3954 πρὶν
3489 3901 3575 3952 γε·

1999 3970 2184 4024 νέσθαι
2215 3970 2313 4022 οὐκ
2345 3964 2434 4040 ἦν,
2474 3967 2527 4020 τί
2557 3967 2718 4021 πλέον
2742 3968 2853 4038 ἔχει
2881 3969 2978 4038 τῆς
3007 3969 3142 4038 γῆς;
3173 3969 3284 4022 Καὶ
3320 3968 3428 4038 γὰρ
3447 3969 3576 4040 περὶ

1999 4057 2098 4126 τῆς
2130 4055 2232 4123 γῆς
2255 4048 2374 4106 εἷπε
2403 4051 2644 4120 Μωῦσῆς
2665 4067 2678 4081 ⁸
2712 4052 2781 4106 Ἠ
2806 4051 2875 4104 δὲ
2898 4051 2972 4122 τῆ
3001 4048 3098 4124 ἦν.
3129 4053 3193 4105 Εἰ
3212 4048 3314 4105 ὀὖν
3347 4053 3426 4115 τὺ,
3475 4053 3578 4106 Ἔν

1999 4135 2159 4206 ἀρχῇ
2185 4132 2284 4205 ἦν,
2325 4137 2404 4196 εἰς
2436 4135 2653 4204 ποίησιν
2685 4133 3050 4205 λαμϐάνουσι,
3096 4137 3190 4189 καὶ
3220 4136 3279 4188 ού
3311 4135 3449 4188 κατὰ
3478 4135 3576 4206 τὴν

2000 4221 2168 4274 ἀΐδιον
2199 4219 2378 4289 φύσιν,
2411 4219 2560 4272 ούδὲν
2594 4219 2754 4272 πλέον
2780 4219 2890 4290 ἔχει
2930 4223 3027 4290 τῆς
3064 4219 3188 4290 γῆς.
3233 4222 3342 4275 Καὶ
3385 4223 3414 4274 6
3445 4221 3576 4285 Θεὸς

2001 4305 2172 4371 Λόγος
2191 4299 2280 4374 ἦν,
2310 4303 2404 4356 καὶ
2426 4305 2452 4374 ἡ
2474 4306 2543 4374 γῆ
2567 4299 2634 4374 ἦν
2650 4320 2664 4336 ο
2687 4303 2801 4356 ἀλλ’
2823 4306 2940 4358 ἐκεῖ
2959 4316 2980 4343 ο
3016 4305 3114 4376 μὲν
3135 4307 3192 4358 ἐν
3215 4307 3354 4376 ἀρχῇ
3381 4302 3468 4376 ἦν,
3503 4306 3575 4377 μὴ

2001 4387 2306 4457 γενόμενος,
2333 4386 2418 4440 ἀεὶ
2455 4387 2530 4438 ῶν
2553 4403 2567 4418 ·
2594 4388 2626 4457 ἡ
2655 4386 2711 4439 δὲ
2729 4386 2800 4457 γῆ
2823 4387 3090 4458 γενομένη
3108 4383 3197 4460 ἦν.
3229 4390 3302 4442 Ού
3331 4389 3438 4460 γάρ
3457 4384 3578 4442 εἷπε

2003 4471 2215 4541 πρῶτον
2238 4473 2266 4523 6
2280 4469 2591 4540 νομοθέτης,
2621 4471 2680 4525 Ἠ
2699 4470 2766 4523 δὲ
2788 4470 2864 4540 γῆ
2880 4465 2980 4541 ἦν,
3002 4471 3104 4536 έως
3120 4474 3208 4526 ὅτε
3227 4471 3376 4527 εἶπεν
3391 4517 3405 4538 ,
3427 4471 3576 4544 [459]

2013 4555 2114 4606 Ἕν
2145 4553 2302 4623 ἀρχῇ
2333 4555 2619 4620 ἐποίησεν
2658 4557 2689 4608 ὁ
2725 4555 2867 4620 Θεὸς
2910 4556 3016 4608 τὸν
3047 4556 3306 4624 οὐρανὸν
3334 4557 3432 4610 καί
3466 4556 3580 4624 τὴν

2001 4638 2144 4709 γῆν·
2190 4639 2404 4710 πρῶτον
2448 4638 2527 4700 τὸ,
2579 4639 2896 4708 Ἐποίησε,
2927 4641 3018 4693 καὶ
3044 4643 3161 4693 τότε
3190 4641 3283 4706 τὸ,
3317 4637 3447 4696 Ἦν.
3482 4640 3577 4695 Οἴ-

2000 4723 2167 4794 δαμεν
2199 4720 2322 4787 οὖν,
2355 4721 2592 4791 ἀδελφοὶ,
2631 4723 2712 4775 ὅτι
2745 4722 2814 4775 τά
2859 4722 3031 4777 λεπτά
3085 4723 3255 4778 ταῦτα
3290 4725 3578 4796 ζητήματα

2001 4806 2232 4877 δυσχερῆ
2268 4806 2514 4875 φαίνεται
2552 4807 2671 4869 ταῖς
2709 4807 2816 4858 τῶν
2848 4806 3056 4860 πολλῶν
3095 4807 3375 4871 διανοίαις.
3420 4807 3578 4860 Ἀλλά

2000 4889 2080 4942 δεῖ
2106 4891 2163 4941 έν
2190 4889 2370 4958 ἡμέρᾳ
2396 4889 2645 4959 νηστείας
2667 4889 2962 4960 νηφούσαις
2995 4890 3192 4961 μᾶλλον
3236 4893 3355 4952 ταῖς
3380 4889 3577 4958 ψυχαῖς

2003 4973 2130 5045 περὶ
2160 4972 2268 5025 τῶν
2302 4972 2614 5044 βαθυτέρων
2645 4974 2928 5045 νοημάτων
2965 4973 3328 5042 διαλέγεσθαι.
3355 4973 3456 5026 Ἐν
3483 4971 3579 5038 ἀρ-

2114 5052 2210 5125 ἦν⁸
2244 5041 2361 5119 καὶ,
2404 5041 2515 5108 Ἔν
2528 5056 2684 5124 ἀρχῇ
2708 5041 2975 5124 έέτοίησεο
3013 5058 3099 5110 διά
3131 5041 3287 5108 τοῦτο
3311 5054 3370 5106 τὸ
3394 5053 3578 5124 προοί-

2007 5155 2128 5208 μιον
2152 5140 2264 5192 ἴσον
2289 5136 2440 5192 εἷπον
2459 5139 2508 5203 ἀ,
2541 5142 2633 5192 Ἐν
2651 5141 2830 5210 ἀρχῇ,
2853 5144 2945 5195 καὶ
2972 5143 3067 5194 Ἐν
3091 5139 3267 5209 ἀρχῇ,
3291 5141 3375 5192 ἵνα
3391 5137 3575 5208 δειχθῇ

2070 5297 2096 5325 ⁸
2121 5295 2201 5345 Sic
2218 5296 2494 5346 Vaticanus.
2527 5297 2576 5344 In
2617 5297 2767 5346 εει-ιι.
2793 5299 2925 5346 εἶπαν
2951 5297 3116 5353 deest,
3137 5295 3264 5354 quod
3289 5295 3368 5342 hic
3413 5300 3574 5342 tamen

2007 5357 2364 5420 qecgssarium,
2416 5364 2468 5406 ut
2509 5361 2611 5420 ipse
2653 5360 2975 5407 subndoratus
3003 5357 3266 5420 ρδιηίιιΐτε
3305 5369 3390 5420 pr_o
3429 5357 3577 5418 ὁρέων

2005 5417 2260 5483 (Ξοῐηὺρῆε.
2300 5423 2423 5482 legit
2442 5417 2608 5483 ἀέρων.
2640 5420 2701 5483 Ει
2725 5421 2912 5469 duabus
2939 5426 3052 5468 ante
3072 5418 3126 5480 γ’
3149 5419 3293 5466 lineis
3325 5417 3469 5465 Idem
3489 5431 3578 5479 pro

1991 5481 2308 5544 ’μνημονεύσῃ
2335 5481 2479 5531 habet
2504 5481 2786 5544 έρμηνεύσῃ.

2070 5539 2246 5590 b'lllud
2272 5539 2422 5600 ἑξάκις
2443 5539 2588 5592 όθεέεἰ
2624 5546 2673 5591 in
2698 5539 2905 5591 mum
2925 5543 2974 5589 in
2998 5540 3251 5591 Comheﬁs.
3274 5540 3376 5588 Sed
3403 5540 3451 5588 in
3484 5539 3578 5590 Va-

2009 5607 2178 5666 ticano
2212 5605 2394 5666 legitur
2435 5613 2598 5666 recte;
2646 5618 2754 5653 nam
2777 5605 2835 5664 ἦν
2877 5606 3044 5653 sexies
3084 5602 3134 5650 in
3168 5604 3338 5663 primi.
3366 5607 3577 5664 quatuor

2008 5664 2207 5716 Joannis
2227 5664 2446 5728 y‘érsibns
2477 5665 2679 5728 Iegiiur.

2067 5729 2094 5758 ο
2120 5726 2376 5776 (Zombeﬁs.
2401 5726 2588 5783 ἐκεῖνος.

2073 5790 2098 5830 ἀ
2126 5790 2278 5840 Valic.
2303 5791 2410 5839 ἴσον
2433 5791 2591 5839 εἰπεῖν.
2617 5789 2768 5840 Savll.
2790 5787 2898 5837 ἴσον
2910 5787 3338 5851 εἷπον,ωεὶἰιιι,ι]ι
3359 5789 3556 5838 videtur
