4044 6306
518 312 622 368 435

522 430 619 502 μία
654 429 777 501 ῥίζα
818 429 915 499 τῆς
948 427 1246 492 εὐσεϐείας,
1279 429 1312 497 ή
1349 429 1598 483 κάκεῖνον
1623 429 1954 483 παιδεύσασα
1996 429 2086 482 τὸν

518 514 833 586 νομοθέτην,
868 517 959 567 καὶ
992 516 1179 569 τοῦτον
1204 516 1482 585 φωτίσασα
1511 518 1599 570 τὸν
1626 518 1893 586 θεολόγον.
1927 517 2096 570 Ἀδελ-

518 607 617 671 φαὶ
660 604 768 673 γὰρ
796 605 850 655 αἱ
879 602 969 655 δύο
1004 603 1289 673 Διαθῆκαι,
1320 604 1379 669 ἐξ
1420 605 1537 669 ένὸς
1568 607 1779 675 Πατρὸς
1816 607 2052 658 τεθεῖσαι
2078 623 2093 636 ·

515 691 606 743 διὰ
637 689 793 743 τοῦτο
819 692 913 743 καὶ
940 689 1242 760 συμφώνως
1273 692 1362 744 τὸν
1391 692 1546 760 λόγον
1574 693 1906 764 προφέρουσι
1932 708 1945 720 ·
1975 710 2097 763 σχε-

516 779 605 833 δὸν
627 780 736 851 γὰρ
765 783 798 851 ἡ
832 780 967 851 αὑτὴ
994 780 1156 833 εἰκὼν
1196 781 1288 834 καὶ
1309 783 1561 852 ὁμοιότης
1578 784 1829 853 ὑπάρχει.
1858 784 1968 837 Kal
1989 783 2093 835 ὦσε

516 884 622 938 περ
644 872 699 921 ὲν
726 868 980 937 ἀδελφαῖς
1007 868 1064 933 ἒξ
1090 869 1205 932 ἐνὸς
1232 869 1433 940 πατρὸς
1456 872 1892 941 γεγεννημέναις,
1927 872 2095 941 πρόσ-

516 973 633 1010 εστι
673 960 773 1028 τῆς
803 957 1115 1028 ὁμοιότητος
1161 956 1229 1008 τὰ
1280 956 1562 1027 ἰδιώματα,
1594 957 1765 1023 οὕτως
1821 959 2004 1031 ἐπειδὴ
2038 961 2095 1012 αί

516 1044 609 1097 δύο
652 1044 917 1115 Διαθῆκαι
959 1044 1016 1110 ἐξ
1062 1044 1178 1107 ένὸς
1218 1044 1429 1114 Πατρὸς
1473 1046 1861 1116 ἐγεννήθησαν,
1894 1047 2095 1118 πολλὴν

518 1132 702 1203 ἔχουσι
722 1132 818 1203 τὴν
840 1132 1155 1203 ἐμφέρειαν.
1194 1132 1409 1201 Ἀμέλει
1440 1134 1533 1185 καὶ
1559 1135 1615 1184 ὲν
1636 1136 1702 1203 τῇ
1730 1134 1946 1205 Παλαιᾷ
1971 1138 2094 1188 Δια-

516 1223 657 1295 οήκῃ
680 1224 1000 1292 προηγεῖται
1039 1221 1230 1292 νόμος,
1259 1220 1351 1274 καὶ
1388 1222 1739 1275 ἀκολουθοῦσι
1783 1225 2090 1294 προφῆται,

513 1312 608 1363 καὶ
638 1313 694 1362 ἐν
712 1312 776 1381 τῇ
812 1309 908 1380 νέα
937 1310 1116 1379 χάριτι
1158 1312 1476 1380 προηγεῖται
1505 1310 1564 1361 τὸ
1598 1311 1925 1379 Εὑαγγέλιον
1945 1352 1958 1375 ,
1999 1312 2094 1365 καὶ

513 1397 897 1452 ἀκολουθοῦσιν
913 1397 1215 1449 ἀπόστολοι.
1265 1398 1411 1448 Ἐκεῖ
1434 1397 1638 1450 δώδεκα
1658 1399 1949 1469 προφῆται,
1972 1399 2096 1452 Exa-

515 1502 637 1547 στος
661 1497 686 1525 ιι
720 1483 827 1536 τῶν
854 1484 1086 1536 δώδεκα·
1117 1482 1322 1536 δώδεκα
1344 1484 1391 1536 οἱ
1422 1486 1548 1553 περὶ
1586 1483 1744 1555 Ὠσηέ
1767 1501 1779 1513 ·
1810 1486 2091 1556 τέσσαρες,

524 1572 770 1635 Ἡσαΐας,
817 1570 1103 1643 Ἱερεμίας,
1147 1571 1443 1641 Ἰεζεκιὴλ,
1480 1572 1696 1642 Δανιήλ.
1742 1572 1829 1625 Ἐν
1867 1575 1931 1643 τῇ
1979 1573 2094 1644 Νέᾳ

512 1662 717 1717 δώδεκα
748 1666 1050 1729 ἀπόστολοι,
1083 1665 1176 1718 καὶ
1206 1665 1470 1735 τέσσαρες
1501 1665 1902 1733 εὑαγγελισταί.
1949 1666 2096 1718 Ἐκεῖ

512 1750 673 1803 πάλιν
700 1750 887 1823 πρώτη
912 1751 1098 1821 κλῆσις
1121 1751 1254 1805 Θεοῦ
1276 1752 1383 1805 ἀπὸ
1408 1751 1647 1820 ἀδελφῶν
1672 1752 1873 1822 ἤρξατο
1893 1768 1906 1781 ·
1933 1752 2091 1806 ἔλαϐε

510 1836 617 1911 γὰρ
645 1838 736 1890 τὸν
765 1837 1005 1907 Μωῦσῆν
1040 1838 1133 1891 καὶ
1169 1840 1259 1891 τὸν
1304 1838 1513 1910 Ἀαρὼν
1540 1838 1787 1910 πρώτους
1815 1841 2090 1911 κὴρυκαςο

509 1926 603 1978 καὶ
633 1926 689 1977 ὲν
708 1924 783 1995 τῷ
816 1926 1130 1996 Εὑαγγελίῳ
1158 1925 1380 1997 πρώτην
1405 1927 1598 1997 κλῆσιν
1629 1930 1862 1981 ποιεῖται
1884 1927 2090 1998 Πέτρου

448 2052 462 2071 ,
508 2014 603 2065 καὶ
637 2015 904 2085 Ἀνδρέου.
946 2016 1123 2068 Κάκεῖ
1160 2016 1257 2085 μὲν
1292 2015 1438 2086 ἀπλῆ
1473 2017 1651 2085 χάρις,
1686 2010 1786 2071 ὦδε
1820 2017 1877 2069 δὲ
1907 2016 2092 2071 διπλά-

510 2121 643 2160 σιον.
682 2106 825 2158 Ἐκεῖ
871 2105 977 2178 γὰρ
1015 2106 1106 2159 δύο
1137 2106 1353 2175 ἀδελφοὶ
1386 2106 1691 2176 ἐκλήθησαν
1723 2108 1964 2178 Μωῦσῆς
1996 2111 2090 2162 καὶ

522 2191 759 2262 Ἀαρώνο
789 2194 1022 2247 ἐνταῦθα
1042 2195 1099 2247 δὲ
1127 2196 1286 2265 διπλῆ
1316 2195 1445 2258 δυὰς
1470 2195 1736 2265 ἀδελφῶν,
1770 2197 1974 2267 Πέτρος
1997 2199 2090 2251 καὶ

520 2280 790 2350 Ἀνδρέας,
831 2281 1082 2344 Ἰάκωϐος
1107 2284 1197 2334 καῖ¹
1235 2284 1505 2352 Ἰωάννης.
1547 2284 1760 2355 Ἐπειδὴ
1781 2285 2041 2355 ἠθέλησεν
2060 2287 2088 2337 6

506 2368 697 2439 Σωτὴρ
730 2371 828 2438 τὴν
858 2372 998 2422 κατά
1022 2369 1083 2422 τὸ
1114 2369 1265 2437 ἅγιον
1293 2370 1515 2441 Πνεῦμα
1536 2372 1758 2442 ἀγάπην
1780 2372 2087 2428 ὲντυπῶσαι

508 2456 658 2525 ἡμῖν,
692 2459 784 2509 καὶ
813 2458 1071 2525 ἀδελφοὺς
1105 2458 1327 2526 ποιῆσαι
1355 2462 1421 2529 τῇ
1454 2458 1690 2512 διαθέσει
1713 2460 1806 2512 καὶ
1829 2461 1906 2531 τῷ
1928 2461 2088 2514 πνεὺο

509 2560 672 2613 ματι,
706 2544 862 2597 έλαϐε
899 2545 1145 2615 θεμέλιον
1180 2545 1277 2616 τὴν
1311 2546 1505 2614 φύσιν,
1549 2548 1641 2599 καὶ
1679 2547 1988 2619 προσέπηξε
2018 2549 2088 2602 τὰ

504 2634 603 2703 τῆς
633 2632 844 2702 φύσεως
878 2634 1177 2705 σπλάγχνα,
1211 2636 1305 2688 καὶ
1340 2638 1395 2688 ὲν
1422 2636 1604 2707 ἐκείνῃ
1632 2638 1972 2708 ἐποικοδομεῖ
1996 2638 2086 2691 τὸν

506 2720 754 2792 θεμέλιον
782 2723 879 2792 τῆς
925 2723 1267 2793 Ἐκκλησίας.
1300 2723 1516 2795 Πρῶτον
1540 2726 1762 2795 σημεῖον
1789 2726 1845 2777 ὲν
1876 2729 1939 2797 τῇ
1971 2727 2085 2780 Πα-

504 2809 631 2881 λαιᾷ
665 2813 693 2862 6
742 2812 985 2881 ποταμὸς
1026 2813 1105 2873 είς
1153 2808 1291 2881 αἷμα
1340 2812 1834 2883 μεταϐαλλόμενος·
1872 2814 2085 2885 πρῶτον

506 2901 729 2967 σημεῖον
752 2900 807 2950 ὲν
835 2902 900 2968 τῇ
924 2901 1095 2969 Καινῇ
1122 2900 1179 2952 τὸ
1210 2899 1349 2970 ὕδωρ
1378 2902 1460 2963 είς
1484 2898 1646 2955 οἶνον.
1683 2902 1820 2955 Ἀλλ’
1850 2903 1949 2955 οὑκ
1968 2903 2084 2957 ἔστι

505 2985 598 3039 τοῦ
625 2985 885 3052 παρόντος
915 2986 1105 3058 καιροῦ
1140 2989 1318 3040 πᾶσαν
1343 2991 1513 3041 εἰπεῖν
1551 2990 1745 3060 ἐφεξῆς
1782 2990 1879 3060 τὴν
1906 2992 2082 3059 ὁμοιό-

503 3091 669 3144 τητα’
702 3075 780 3137 εἰς
805 3074 861 3127 δὲ
887 3075 947 3127 τὸ
976 3076 1332 3146 προκείμενον
1366 3077 1766 3148 ἐπανέλθωμεν.
1804 3080 1905 3133 Ἐν
1926 3080 2082 3149 ἀρχῇ

503 3163 792 3231 ἐποίησεν
820 3167 852 3217 ό
882 3164 1024 3230 Θεὸς
1054 3166 1156 3219 τὸν
1184 3166 1442 3234 οὐρανὸν
1468 3167 1565 3220 καὶ
1600 3168 1712 3234 τὴν
1736 3168 1870 3238 γῆν.
1908 3170 1994 3222 Ἐν
2025 3170 2084 3235 ἒξ

502 3253 739 3322 ἡμέραις
786 3252 1037 3322 ἐποίησεν
1072 3256 1100 3306 6
1144 3254 1272 3317 Θεὸς
1301 3255 1368 3307 τὰ
1396 3256 1587 3309 πάντα.
1649 3257 1785 3308 Ἀλλ’
1817 3259 1849 3328 ἡ
1890 3257 2079 3329 πρώτη

502 3342 684 3411 ἡμέρα
716 3341 959 3413 διαφέρει
987 3342 1093 3394 τῶν
1135 3342 1306 3396 ἄλλων
1344 3344 1449 3396 τῶν
1487 3345 1604 3414 μετ’
1639 3347 1825 3410 αὑτήν.
1872 3347 1949 3417 Τῇ
1980 3346 2081 3416 μὲν

428 3478 439 3489 ._
501 3431 609 3500 γάρ
633 3430 820 3502 πρώτῃ
849 3432 1033 3501 ἡμέρᾳ
1064 3432 1317 3503 ἐποίησεν
1345 3434 1373 3484 6
1407 3432 1535 3496 Θεὸς
1554 3436 1616 3486 ἐκ
1648 3433 1723 3503 μὴ
1751 3434 1918 3487 ὅντων
1937 3452 1948 3464 ·
1973 3436 2081 3488 ἀπὸ

499 3519 556 3571 δὲ
586 3520 680 3589 τῆς
705 3518 959 3590 δευτέρας
988 3520 1200 3590 ἡμέρας
1232 3520 1384 3573 οὐδὲν
1416 3523 1668 3591 ἐποίησεν
1699 3522 1726 3573 6
1746 3522 1880 3585 Θεὸς
1907 3525 1971 3575 ἐκ
2003 3523 2078 3594 μὴ

498 3606 688 3668 ὄντων,
713 3606 826 3660 ἀλλ’
850 3601 924 3660 ὧν
954 3607 1176 3678 εποίησε
1206 3610 1271 3677 τῇ
1310 3608 1498 3679 πρώτῃ
1529 3610 1709 3680 ἡμέρᾳ
1730 3651 1744 3674 ,
1786 3610 2078 3679 μετέϐαλεν

498 3694 573 3758 ὡς
604 3696 856 3766 ἠθέλησε.
905 3697 976 3749 Σὺ
1023 3696 1078 3748 δὲ
1117 3698 1143 3749 6
1180 3696 1514 3767 σκεψάμενος
1548 3696 1641 3749 καὶ
1686 3698 2000 3768 ἐρευνήσας,
2030 3700 2078 3751 εί

501 3784 599 3852 μὲν
626 3784 899 3855 εὑρίσκεις
929 3783 1213 3855 ἀλήθειαν,
1262 3783 1623 3855 συμφώνησον
1646 3803 1660 3818 ο
1692 3788 1741 3838 εί
1768 3787 1824 3839 δὲ
1845 3787 1941 3857 οὑχ
1985 3788 2076 3840 εὑ-

500 3870 708 3942 ρίσκεις
742 3872 1017 3942 ἀλήθειαν,
1057 3873 1371 3943 κατηγόρει,
1418 3874 1511 3924 καὶ
1539 3872 1763 3943 δέχομαι
1798 3874 1894 3945 τὴν
1941 3893 2076 3929 κατ-

498 3959 725 4027 ηγορίαν
746 3976 759 3989 ·
793 3961 946 4031 φέρει
971 3960 1079 4030 γάρ
1110 3977 1197 4030 μοι
1223 3960 1418 4031 πολλὴν
1446 3960 1760 4029 ἀπολογίαν.

571 4044 633 4099 δ’.
674 4045 752 4115 Τῇ
790 4046 885 4114 μὲν
917 4042 1011 4099 οὖν
1045 4046 1233 4117 πρώτῃ
1265 4048 1446 4119 ἡμέρᾳ
1476 4048 1727 4117 ἐποίησεν
1759 4050 1786 4102 6
1818 4049 1948 4113 Θεὸς
1976 4050 2075 4114 τὰς

502 4134 632 4198 ὕλας
676 4134 784 4187 τῶν
830 4135 1176 4205 κτισμάτωνο
1218 4140 1339 4199 ταῖς
1376 4137 1433 4190 δὲ
1464 4137 1651 4201 ἄλλαις
1694 4139 1925 4209 ἡμέραις
1974 4140 2072 4210 τὴν

499 4222 779 4293 μόρφωσιν
809 4224 903 4275 καὶ
933 4222 1029 4293 τὴν
1053 4223 1408 4294 διακόσμησιν
1432 4224 1540 4277 τῶν
1566 4225 1899 4295 κτισμάτων.
1947 4222 2071 4279 Οίόν

493 4328 545 4367 τι
571 4311 712 4379 λέγω
735 4326 747 4340 ·
795 4312 1044 4381 Ἐποίησε
1076 4313 1165 4366 τὸν
1198 4312 1421 4384 οὐρανὸν
1462 4313 1535 4383 μὴ
1573 4313 1722 4375 ὄντα,
1755 4315 1815 4367 οὑ
1848 4313 2067 4378 τοῦτον,

492 4400 628 4453 ἀλλά
660 4401 749 4453 τὸν
796 4400 1080 4471 ὑπεράνω*
1129 4396 1281 4464 οὗτος
1322 4402 1431 4472 γὰρ
1460 4404 1525 4472 τῇ
1560 4402 1789 4473 δευτέρα
1831 4404 2064 4471 ἐγένετο.

494 4486 645 4560 [440]
680 4489 957 4559 Ἐποίησεν
984 4491 1011 4542 6
1040 4489 1170 4552 Θεὸς
1200 4489 1290 4543 τὸν
1316 4491 1539 4562 οὑρανὸν
1560 4491 1649 4543 τὸν
1677 4491 1786 4544 ἅνω
1804 4532 1817 4553 ,
1850 4493 1978 4563 περὶ
2007 4486 2067 4546 οὗ

493 4576 586 4629 καὶ
617 4578 644 4629 ὀ
663 4575 823 4629 Δαιιῖδ
850 4577 996 4644 λέγει
1022 4594 1034 4607 ·
1074 4578 1127 4629 '0
1152 4579 1405 4646 οὐρανὸς
1433 4578 1540 4631 τοῦ
1566 4579 1823 4647 οὐρανοῦ
1850 4579 1929 4645 τῷ
1952 4585 2067 4634 Κυ-

484 4663 616 4731 ρίῳ.
681 4663 957 4733 ’Υπερῴον
1000 4665 1055 4716 δέ
1099 4666 1212 4719 ἐστι
1244 4665 1418 4719 τοῦτο.
1454 4668 1561 4719 Kal
1613 4667 1800 4738 ὥσπερ
1832 4670 1889 4720 ὲν
1929 4669 2065 4738 οῖκῳ

489 4750 744 4821 διωρόφῳ
776 4751 1059 4820 μεσολαϐεῖ
1082 4754 1244 4823 στέγη
1273 4755 1410 4824 μέση
1424 4756 1452 4793 ι)
1473 4796 1488 4820 ,
1519 4756 1690 4817 οὕτως
1712 4756 1787 4818 ὡς
1806 4755 1901 4807 ἕνα
1917 4751 2063 4809 οἷκον

491 4841 680 4903 κτίσας
708 4842 736 4893 6
766 4840 965 4911 Κύριος
1005 4840 1096 4893 τὸν
1127 4843 1359 4911 κόσμον,
1392 4843 1563 4914 μέσην
1595 4844 1790 4912 στέγην
1828 4844 2060 4913 ἐπέθηκε

488 4929 579 4982 τὸν
608 4927 833 4998 οὐρανὸν
866 4928 1073 4991 τοῦτον,
1096 4931 1188 4981 καὶ
1210 4930 1463 4999 ὑπεράνω
1485 4930 1552 4983 τὰ
1583 4930 1771 4985 ὕδατα.
1790 4930 1888 4983 Διὰ
1904 4930 2062 4985 τοῦτο

486 5018 632 5087 λέγει
654 5016 843 5070 Δαυΐδ’
872 5017 935 5068 '0
954 5014 1249 5084 στεγάζὶιιν
1275 5016 1454 5071 ὕδασι
1482 5018 1554 5071 τὰ
1590 5016 1828 5085 ὑπερῷα
1850 5020 2056 5073 aint-1).

498 5106 779 5175 Ἐποίησεν
798 5100 891 5157 οῦν
916 5104 1006 5156 τὸν
1027 5104 1251 5174 οὐρανὸν
1276 5104 1348 5175 μὴ
1366 5106 1513 5167 ὄντα,
1532 5107 1629 5176 τὴν
1653 5107 1754 5175 γῆν
1780 5106 1855 5175 μὴ
1872 5102 1927 5159 οὗ
1937 5124 2055 5172 σαν,

487 5194 583 5258 τὰς
611 5193 880 5255 ἀϐύσσους
912 5192 985 5263 μὴ
1021 5190 1204 5256 οὗσας,
1231 5192 1483 5261 ἀνέμους,
1514 5193 1697 5264 ἀέρας,
1732 5192 1859 5264 πῦρ,
1893 5194 2053 5265 ὕδωρ.

486 5284 709 5336 Πάντων
742 5282 850 5334 τῶν
886 5281 1191 5351 γενομένων
1232 5281 1330 5349 τὴν
1374 5279 1505 5348 ὓλην
1532 5284 1596 5351 τῇ
1628 5281 1815 5353 πρώτῃ
1874 5283 2057 5354 ἡμέρᾳ

484 5371 757 5441 ἐποίησεν.
794 5370 954 5423 Ἀλλά
987 5370 1202 5433 πάντως
1236 5370 1350 5438 ἐρεῖ
1373 5384 1485 5430 τις,
1507 5368 1816 5438 Γέγραπται
1851 5370 1949 5440 μὲν
1975 5371 2055 5422 ὅτι

484 5461 704 5531 ἐποίησε
736 5461 825 5513 τὸν
854 5459 1079 5530 οὑρανὸν
1108 5461 1202 5511 καὶ
1228 5459 1325 5529 τὴν
1351 5456 1473 5526 γῆν,
1512 5458 1639 5529 περὶ
1665 5457 1719 5509 δὲ
1746 5457 1934 5522 ὓδατος
1965 5458 2054 5511 καὶ

548 5640 573 5668 ⁸
595 5638 836 5693 *Ἕκαστος
857 5638 999 5686 deest
1026 5639 1074 5685 in
1102 5636 1272 5695 Savil.,
1299 5636 1638 5698 clandicatque
1662 5637 1927 5686 senlcnlia.

544 5698 573 5738 δ
595 5698 790 5748 Cosmus
814 5701 894 5763 καὶ
918 5703 1134 5762 ὑπεράνω
1155 5702 1202 5749 δέ
1228 5702 1329 5749 ἐστι
1351 5700 1537 5761 τούτου,
1561 5701 1640 5747 καὶ
1662 5701 1725 5755 ὡς
1744 5700 1791 5747 ἐν
1814 5701 1931 5763 οἴκῳ
1954 5702 2050 5749 6L0-

484 5762 612 5823 ρόφῳ
640 5762 967 5820 μεσολαϐεἰται
994 5770 1075 5820 τῆς
1097 5770 1181 5823 γῆς
1203 5765 1363 5825 μέσον.

1971 310 2336 369 SEVERIANI

3677 313 3781 368 454

2203 430 2371 500 πυρὸς
2396 429 2489 481 καὶ
2508 428 2665 498 ἀέρος
2690 427 2748 481 οὑ
2770 427 3099 499 γέγραπται.
3123 426 3344 497 Πρῶτον
3373 426 3471 496 μὲν
3494 420 3608 488 οῦν,
3637 426 3785 479 ἀδελ·

2197 518 2308 587 φοὶ,
2352 518 2445 585 ἀφ’
2483 511 2543 569 οῦ
2595 511 2716 568 εἷπε
2764 515 2854 567 τὸν
2901 516 3129 585 οὐρανὸν
3174 515 3265 567 καὶ
3292 514 3387 584 τὴν
3437 514 3542 584 γῆν
3563 515 3781 584 γεγενῆ-

2200 604 2343 669 σθαι,
2370 606 2433 657 ὲκ
2462 606 2564 656 τῶν
2582 603 2945 674 περιεχόντων
2964 605 3238 673 ἡρμήνευε
3255 613 3277 640 ε
3302 602 3369 654 τὰ
3390 602 3778 672 περιεχόμενα.

2210 694 2296 755 Ὠς
2326 692 2432 761 γὰρ
2465 693 2553 745 ὅτε
2583 687 2756 756 εἶπεν,
2806 691 3130 756 Ἐποίησεν
3165 692 3197 742 ό
3236 690 3379 753 Θεὸς
3407 690 3515 742 τὸν
3557 689 3782 757 ἅνθρω-

2196 794 2333 846 ator,
2371 780 2523 849 χοῦν
2559 779 2762 833 λαϐὼν
2793 778 2911 832 ἀπὸ
2945 777 3055 845 τῆς
3082 777 3214 848 γῆς,
3257 774 3377 830 εἶπε
3410 779 3509 847 μὲν
3556 777 3617 829 τὸ
3648 777 3788 831 πλά-

2198 885 2328 938 σμα,
2352 868 2450 921 οὑκ
2468 869 2739 939 ἡρίθμησε
2762 867 2818 920 δὲ
2846 867 2912 919 τὰ
2938 867 3094 937 μέλη,
3124 866 3245 918 οὑδὲ
3274 860 3427 918 εἶπεν
3447 882 3459 892 ·
3499 865 3786 934 Ἐποίησεν

2196 958 2224 1009 6
2262 957 2389 1019 Θεὸς
2419 957 2749 1027 ὀφθαλμοὺς,
2794 957 2887 1012 καὶ
2923 950 3057 1017 ὦτα,
3096 957 3189 1009 καὶ
3224 958 3346 1028 ρῖνα
3372 970 3383 982 '
3421 953 3558 1008 ἀλλά
3589 955 3666 1023 τῷ
3703 957 3784 1007 εῖ-

2198 1048 2318 1098 πεῖν
2350 1045 2438 1098 τὸν
2473 1046 2758 1115 ἄνθρωπον
2790 1044 2885 1098 ὅλα
2912 1043 3315 1115 συμπεριέλαϐε
3332 1043 3397 1096 τὰ
3430 1044 3584 1114 μέλη·
3610 1042 3783 1105 οὕτως
3810 1110 3811 1113 η

2196 1131 2509 1199 εἰπὼν,Τὸν
2528 1133 2789 1200 οὐρανὸν
2815 1133 2911 1185 καὶ
2952 1131 3064 1199 τὴν
3095 1130 3211 1200 γῆν
3241 1132 3583 1197 ἐποίησενό
3613 1132 3779 1195 Θεᾶς,

2198 1221 2599 1291 συμπεριέλαϐε
2635 1221 2833 1284 πάντα,
2864 1221 2957 1272 καὶ
2988 1221 3347 1288 συνεισήγαγε
3377 1220 3473 1271 καὶ
3501 1218 3565 1270 τὸ
3589 1218 3780 1281 σκότος

2196 1308 2288 1361 καὶ
2336 1308 2433 1372 τὰς
2477 1308 2747 1371 ἀϐύσσους
2799 1308 3201 1379 γεγενημένας·
3253 1307 3478 1370 Σκότος
3520 1308 3628 1375 γὰρ
3677 1302 3780 1374 ἦν,

2196 1397 2385 1466 φησὶν,
2415 1396 2618 1451 ἐπάνω
2647 1395 2756 1463 τῆς
2783 1398 3081 1451 ἀϐύσσου.
3133 1394 3403 1458 Ἀϐυσσος
3450 1396 3506 1448 δὲ
3536 1394 3783 1448 καλεῖται

2194 1486 2256 1539 τὸ
2286 1486 2488 1559 πλῆθος
2514 1487 2622 1539 τῶν
2649 1488 2873 1540 ὑδάτων.
2898 1488 3020 1540 ’Ότι
3049 1486 3107 1539 δὲ
3136 1487 3228 1539 καὶ
3249 1484 3475 1540 ἄϐυσσοι
3505 1485 3779 1551 ἐγένοντο,

2199 1576 2538 1645 μαρτυρεῖὴ
2585 1574 2775 1645 Γραφὴ
2809 1574 3077 1641 λέγουσαο
3120 1574 3238 1640 Πρὸ
3272 1572 3379 1626 τοῦ
3423 1572 3531 1637 τὰς
3587 1572 3782 1625 ἀϐύσ-

2194 1680 2343 1729 σους
2368 1662 2635 1730 ποιῆσαι,
2660 1663 2773 1731 πρὸ
2801 1663 2905 1716 τοῦ
2923 1662 3035 1731 τὴν
3051 1661 3167 1731 γῆν
3186 1661 3482 1730 γενέσθαι.
3502 1661 3665 1712 Ὥστε
3681 1660 3781 1711 καὶ

2193 1751 2417 1804 ἄϐυσσοι
2442 1752 2705 1818 ἐγένοντο.
2726 1746 2856 1803 Εἶτα
2879 1750 2971 1803 καὶ
2991 1752 3019 1802 6
3039 1750 3148 1819 ἀὴρ
3170 1749 3298 1801 πότε
3324 1747 3561 1815 ἐγένετο,
3580 1747 3744 1800 ἄκουε
3758 1758 3778 1773 ⁶

2193 1839 2301 1893 Καὶ
2336 1838 2570 1907 πνεῦμα
2603 1839 2750 1893 Θεοῦ
2775 1838 3093 1907 ἐπεφέρετο
3132 1836 3333 1890 ἐπάνω
3371 1833 3490 1888 τῶν
3518 1834 3775 1889 ὑδάτων.

2194 1929 2420 1999 Πνεῦμα
2440 1928 2497 1981 δὲ
2519 1930 2579 1980 οὑ
2609 1930 2669 1982 τὸ
2700 1929 2853 1995 ἀγιρν
2882 1928 3028 1995 λέγει
3067 1926 3299 1980 ἐνταῦθα
3318 1942 3332 1956 ⁸
3364 1925 3424 1976 οὑ
3447 1924 3556 1993 γὰρ
3577 1925 3643 1994 τῇ
3669 1922 3783 1975 κτίο

2195 2034 2275 2071 σει
2308 2018 2713 2089 συναριθμεῖται
2760 2017 2821 2069 τὸ
2865 2018 3120 2071 ἀκτιστον
3146 2032 3161 2046 ο
3198 2014 3333 2068 ἁλλά
3362 2012 3579 2082 πνεῦμα
3622 2010 3783 2064 καλεῖ

2192 2105 2288 2176 τὴν
2316 2105 2409 2158 τοῦ
2435 2106 2597 2174 ἀέρος
2628 2106 2863 2175 κίνησιν.
2904 2106 3014 2158 Καὶ
3048 2104 3237 2175 ὥσπερ
3268 2104 3327 2155 έν
3372 2102 3449 2169 τῷ
3491 2100 3646 2171 Ἠλίᾳ
3680 2099 3781 2166 γέ-

2192 2209 2433 2265 γραπται
2458 2194 2534 2264 τῷ
2553 2196 2802 2264 προφήτῃ
2819 2210 2831 2220 ·
2851 2192 2959 2246 Καὶ
2984 2195 3015 2246 ό
3038 2191 3293 2260 οἰφανὸς
3313 2189 3781 2243 συνεσκότασεν

2190 2281 2260 2334 ἐν
2278 2282 2503 2351 νεφέλῃ
2535 2281 2631 2335 καὶ
2659 2282 2951 2349 πνεύματι
2974 2295 2988 2309 ⁸
3013 2278 3157 2332 οὕτω
3178 2280 3269 2331 καλ⁸
3298 2276 3531 2331 ἐνταῦθα
3556 2275 3779 2345 πνεῦμα

2189 2368 2290 2439 τὴν
2318 2369 2411 2421 τοῦ
2452 2370 2616 2439 ἀέρος
2659 2368 2805 2437 λέγει
2845 2368 3026 2437 φύσιν.
3059 2366 3257 2419 Λοιπὸν
3297 2365 3542 2418 λείπεται
3570 2364 3775 2430 δεῖξαι,

2191 2458 2293 2512 ποῦ
2323 2459 2385 2512 τὸ
2409 2458 2519 2529 πῦρ
2555 2458 2791 2527 ἐγένετο.
2825 2454 2989 2510 Εἶπεν
3020 2458 3048 2509 6
3088 2457 3219 2519 Θεός
3238 2473 3251 2487 ⁸
3278 2454 3595 2523 Γενηθήτω
3622 2452 3778 2522 φῶς,

2189 2549 2283 2600 καὶ
2320 2548 2535 2616 ἐγένετο
2569 2550 2602 2618 ἡ
2644 2546 2736 2600 τοῦ
2760 2547 2929 2618 πυρὸς
2966 2544 3127 2613 φύσις
3150 2559 3163 2572 ⁶
3195 2544 3255 2596 οὑ
3280 2544 3389 2615 γὰρ
3427 2544 3584 2613 μόνον
3615 2541 3780 2595 τοῦτο

2188 2635 2248 2687 τὸ
2273 2635 2384 2705 πῦρ
2427 2637 2573 2689 ἐστιν
2598 2676 2612 2700 ,
2646 2634 2781 2688 ἀλλά
2824 2635 2916 2687 καὶ
2946 2635 3000 2686 αἱ
3042 2634 3154 2687 ἄνω
3197 2632 3454 2703 δυνάμεις
3490 2630 3601 2701 πῦρ
3641 2633 3775 2694 εἰσι,

2189 2724 2284 2777 καὶ⁵
2313 2725 2571 2793 συγγενές
2598 2725 2712 2777 ἐστι
2739 2723 2799 2775 τὸ
2819 2723 2931 2776 ἀνω
2961 2721 3071 2791 πῦρ
3110 2721 3299 2774 τούτου
3330 2720 3423 2773 τοῦ
3455 2721 3585 2791 παρ’
3618 2722 3774 2790 ἡμῖν.

2187 2815 2408 2883 Ζητεῖτε
2454 2811 2549 2873 δὲ,
2585 2813 2664 2864 ὃτι
2706 2810 2769 2863 τὸ
2816 2810 2914 2881 μὲν
2964 2810 3286 2874 σϐέννυται,
3313 2808 3373 2861 τὸ
3416 2809 3473 2862 δὲ
3522 2810 3582 2861 οὐ
3620 2810 3777 2860 σϐέν-

2187 2919 2363 2958 νυται.
2426 2901 2580 2953 Ἐπεὶ
2638 2901 2731 2953 καὶ
2774 2901 2901 2963 τοὺς
2948 2899 3213 2968 ἀγγέλους
3254 2899 3512 2968 ἐποίησεν
3557 2901 3585 2950 ὁ
3640 2898 3777 2961 Θεὸς

2189 2991 2494 3061 πνεύματα,
2521 2991 2613 3043 καὶ
2648 2989 2745 3053 τὰς
2771 2988 2948 3060 ψυχὰς
2979 2989 3137 3060 ἡμῶν
3171 2988 3477 3058 πνεύματα,
3513 2987 3648 3039 ἀλλὰ
3674 3003 3776 3049 τας

2190 3080 2288 3149 μὲν
2324 3079 2501 3149 ψυχὰς
2535 3078 2689 3149 ἡμῶν
2717 3081 2773 3131 ἐν
2802 3077 3037 3148 σώμασι,
3064 3077 3190 3141 τοὺς
3212 3077 3266 3129 δὲ
3306 3076 3574 3144 ἀγγέλους
3613 3076 3773 3138 ἐκτὸς

2189 3168 2477 3237 σωμάτων.
2514 3166 2723 3236 Ὥσπερ
2759 3162 2852 3218 οῦν
2883 3167 2975 3218 ἐπὶ
3004 3165 3114 3219 τῶν
3142 3162 3330 3233 ψυχῶν
3361 3165 3456 3216 καὶ
3486 3163 3595 3215 τῶν
3617 3164 3774 3229 ἀγγέ-

2185 3254 2315 3319 λων,
2346 3253 2489 3307 οῦτω
2517 3255 2608 3307 καὶ
2630 3254 2721 3306 ἐπὶ
2758 3253 2849 3305 τοῦ
2885 3253 3056 3323 πυρὸς
3103 3252 3248 3304 ἐστιν
3286 3252 3433 3303 ἰδεῖν.
3472 3251 3546 3302 Τὸ
3577 3252 3680 3321 πῦρ
3710 3250 3776 3303 τὸ

2186 3345 2298 3397 ἄνω
2320 3343 2449 3396 ἄνευ
2485 3342 2637 3412 ὕλης,
2666 3343 2729 3396 τὸ
2755 3343 2865 3414 πῦρ
2890 3344 2951 3396 τὸ
2995 3344 3144 3395 κάτω
3178 3340 3316 3412 μετά
3350 3340 3486 3409 ῦλης
3508 3358 3523 3371 ·
3560 3341 3618 3393 τὸ
3659 3342 3771 3412 γὰρ

2184 3433 2295 3486 ἄνω
2328 3431 2439 3501 πῦρ
2468 3432 2727 3500 συγγενὲς
2769 3432 2974 3484 τούτων
3008 3431 3174 3493 ἐστὶν,
3206 3430 3393 3500 ὥσπερ
3423 3430 3521 3481 καὶ
3554 3432 3587 3501 ἡ
3620 3428 3769 3499 ψυχὴ

2184 3522 2340 3592 ἡμῶν
2384 3524 2651 3593 συγγενὴς
2684 3521 2931 3590 ἀγγέλων
2954 3540 2965 3553 ·
3002 3521 3135 3574 καθὸ
3182 3523 3424 3574 κάκεῖνοι
3454 3522 3767 3590 πνεύματα,

2182 3616 2274 3669 καὶ
2298 3610 2456 3670 αὗται
2484 3615 2789 3686 πνεύματα,
2815 3616 2889 3679 ὼς
2918 3618 3011 3669 καὶ
3042 3617 3091 3669 οἱ
3123 3620 3267 3688 τρεῖς
3300 3617 3486 3681 παῖδες
3513 3618 3766 3684 λέγουσι·

2182 3711 2519 3779 Εὐλογεῖτε,
2548 3712 2856 3780 πνεύματα
2882 3712 2977 3763 καὶ
3009 3711 3197 3780 ’ψυχαὶ
3237 3710 3484 3763 δικαίων
3503 3728 3517 3741 ’
3556 3714 3644 3765 καὶ
3663 3712 3771 3764 πάο

2180 3802 2295 3856 λιν·
2345 3804 2399 3856 Ὁ
2445 3804 2631 3858 ποιῶν
2668 3805 2810 3870 τοὺς
2856 3805 3148 3874 ἀγγέλους
3193 3805 3380 3859 αὑτοῦ
3430 3808 3762 3873 πνεύματα.

2181 3896 2317 3950 Οῦτε
2345 3892 2436 3950 οῦν
2463 3896 2609 3967 ψυχὴ
2635 3898 2762 3951 ἄνευ
2787 3897 3035 3964 σώματος
3058 3898 3326 3967 φαίνεται,
3351 3896 3476 3950 οὗτε
3505 3898 3614 3969 πῦρ
3633 3900 3766 3953 ἄνευ

2182 3989 2497 4054 στυππείου,
2528 3990 2560 4059 ἢ
2594 3989 2939 4059 κληματίδος,
2972 3990 3003 4060 ἢ
3036 3990 3227 4060 ἐτέρας
3258 3990 3390 4060 ὕλης
3424 3991 3571 4044 ἔστιν
3613 3991 3761 4047 ἰδεῖν.

2179 4084 2296 4137 Ἵνα
2321 4083 2377 4136 δὲ
2404 4083 2586 4153 δειχθῇ
2611 4084 2690 4136 ὅτι
2719 4082 2779 4135 τὸ
2807 4082 2918 4153 πῦρ
2945 4083 3100 4136 τοῦτο
3132 4084 3231 4136 οὑκ
3271 4084 3417 4137 ἔστιν
3460 4085 3761 4157 ἀλλότριον,

2177 4177 2211 4245 ἡ
2255 4175 2430 4238 κτίσις
2479 4175 2739 4229 διδάσκει.
2774 4174 2966 4227 Πολλοὶ
3016 4177 3123 4245 γὰρ
3173 4176 3435 4240 πολλάκις
3468 4180 3618 4247 παρᾶ
3662 4174 3763 4230 τοῦ

2177 4267 2328 4338 ἡλίου
2354 4267 2685 4332 δανείζονται
2718 4267 2848 4337 πῦρ,
2880 4267 2974 4319 xal
3015 4267 3277 4320 ἅπτουσιν
3297 4285 3310 4297 ·
3347 4268 3396 4320 εἰ
3424 4269 3481 4321 δὲ
3506 4265 3573 4339 ἦν
3603 4269 3765 4322 ἀλλό-

2174 4377 2343 4430 τριον,
2370 4360 2487 4422 πῶς
2512 4359 2569 4412 τὸ
2590 4358 2868 4428 ἀλλότριον
2894 4358 2951 4425 ἐξ
2972 4358 3135 4412 αὑτοῦ
3160 4360 3522 4429 ἐλαμϐάνετο;
3550 4362 3764 4427 Ἄλλως

2178 4450 2327 4524 [441]
2362 4452 2417 4504 δὲ
2444 4451 2615 4514 οὕτως
2644 4453 2700 4504 ὲν
2728 4451 2805 4522 τῷ
2832 4450 3044 4524 οὑρανῷ
3073 4451 3184 4520 πῦρ
3219 4454 3365 4506 ἐστιν
3398 4454 3558 4508 ᾶῦλον
3591 4455 3760 4523 μέγα,

2175 4544 2249 4607 ὡς
2282 4544 2375 4595 καὶ
2404 4543 2460 4594 ὲν
2479 4543 2557 4614 τῷ
2584 4543 2697 4614 ὄρει
2728 4543 2857 4614 Σινᾷ
2884 4542 2995 4613 πῦρ
3022 4543 3276 4612 φανῆναι,
3299 4545 3475 4615 ὃπερά
3498 4546 3557 4598 οὑ
3582 4546 3763 4613 ξύλων

2174 4634 2568 4704 ὑποκειμένων,
2594 4633 2708 4686 ἀλλ’
2739 4633 2796 4700 ἐξ
2831 4632 2995 4687 αὑτοῦ
3031 4634 3121 4687 τοῦ
3155 4634 3318 4688 ἀΰλου
3350 4637 3521 4706 πυρὸς
3546 4640 3763 4708 ἤγαγεν

2171 4726 2199 4777 6
2234 4725 2364 4787 Θεὸς
2395 4729 2472 4789 εἰς
2501 4726 2656 4778 θέαν·
2687 4726 2782 4779 καὶ
2824 4724 2899 4789 ὡς
2931 4726 2997 4779 ἂν
3032 4728 3172 4780 εῖποι
3207 4746 3290 4791 τις
3317 4724 3635 4783 εἶναιτοῦτο
3668 4749 3761 4800 μι-

2172 4816 2302 4885 κρὸν
2336 4816 2395 4869 τὸ
2426 4817 2537 4889 πῦρ
2580 4818 2710 4888 παρ’
2750 4819 2925 4871 ἐκεῖνο
2968 4819 3029 4872 τὸ
3075 4820 3241 4889 μέγα,
3274 4818 3445 4885 οὕτως
3476 4818 3570 4874 οῦν
3605 4822 3761 4891 λέγει

2171 4909 2262 4961 xal
2307 4910 2581 4979 Μωῦσῆς·
2651 4910 2750 4975 Ἐξ
2812 4911 3071 4978 οὐρανοῦ
3119 4913 3407 4979 ἐποίησεν
3458 4917 3490 4967 ό
3537 4916 3761 4981 Κύριος

2168 5000 2483 5068 ἀκουστὴν
2520 5001 2730 5069 φωνὴν
2770 5002 2978 5063 αὐτοῦ,
3014 5004 3113 5057 καὶ
3147 5003 3378 5068 ἔδειξεν
3422 5008 3454 5058 ό
3502 5006 3648 5071 Θεὸς
3686 5008 3757 5060 τὸ

2168 5093 2287 5161 πῦρ
2311 5093 2497 5147 αὐτοῦ
2520 5093 2584 5146 τὸ
2606 5094 2759 5162 μέγα
2778 5111 2791 5123 ·
2827 5094 2913 5147 ἴνα
2937 5095 3086 5169 δείξῃ
3127 5096 3284 5149 τοῦτο
3315 5098 3527 5167 μικρὸν.
3564 5098 3758 5152 Πάντα

2166 5179 2260 5236 οῦν
2294 5183 2403 5254 πῦρ
2438 5185 2572 5245 ἐστι,
2611 5186 2703 5237 καὶ
2749 5185 3023 5255 ἀστραπὴ,
3063 5185 3155 5238 καὶ
3205 5188 3253 5238 οί
3303 5188 3551 5257 ἀστέρες,
3601 5190 3697 5241 καὶ
3726 5193 3755 5241 6

2165 5276 2334 5345 ἥλιος,
2352 5277 2445 5329 καὶ
2488 5278 2520 5346 ἡ
2567 5276 2781 5347 σελήνη,
2818 5279 2912 5331 καὶ
2940 5279 2999 5331 τὸ
3028 5280 3156 5350 παρ’
3182 5280 3313 5349 ἡμῖν
3339 5279 3450 5350 πῦρ
3488 5283 3754 5349 συγγενές

2166 5370 2301 5421 ἐστι.
2326 5370 2436 5422 Καὶ
2459 5369 2621 5438 βλέπε
2650 5371 2765 5433 πῶς
2794 5372 3111 5439 συγγένειαν
3136 5371 3249 5441 ἔχει
3273 5374 3304 5441 ἡ
3329 5373 3586 5444 ἀστραπὴ
3612 5377 3754 5443 πρὸς

2163 5457 2289 5520 τοὺς
2325 5458 2558 5528 ἀστέρας
2585 5458 2647 5510 ἐκ
2672 5456 2764 5510 τοῦ
2806 5460 3066 5530 ὀνόματος
3086 5476 3100 5491 ·
3130 5461 3387 5532 ἀστραπὴ
3426 5464 3519 5515 καὶ
3548 5462 3746 5533 ἄστρα.

2170 5700 2181 5711 ε
2284 5636 2437 5685 Valic.
2462 5644 2513 5685 el
2536 5636 2733 5686 Cosmas
2775 5610 3059 5701 ἡρμήνευσε,
3084 5638 3193 5690 Sav.
3236 5641 3458 5704 indeque
3485 5641 3744 5695 Combeﬂa.

2166 5708 2388 5760 εμήνυσε.

2228 5758 2255 5798 d
2274 5759 2430 5823 Ὅπερ
2453 5760 2665 5810 additum
2690 5774 2718 5808 ρ
2742 5761 2893 5812 Savil.
