4074 6308
289 338 393 391 135

289 456 577 511 multorum
608 453 801 507 animis
843 452 1093 506 molestas
1129 451 1315 507 videri.
1348 453 1540 507 Verum
1570 462 1780 521 Oportet
1809 452 1861 505 in

289 548 372 603 die
396 545 608 615 jejunii,
637 558 758 599 cum
786 544 1148 613 vigilantiores
1176 543 1367 597 anima:
1396 552 1540 605 sunt,
1570 542 1637 596 de
1663 542 1866 595 altiori-

287 642 386 696 bus
408 639 570 693 verba
601 636 797 692 facere.
838 636 907 690 In
936 638 1184 705 principio
1225 646 1364 703 erat,
1397 646 1449 691 et
1469 678 1483 701 ,
1518 634 1585 689 In
1619 636 1866 705 principio

290 732 439 800 fecit;
481 730 602 784 ideo
644 728 920 783 exordium
950 742 1047 797 par
1075 742 1193 782 esse
1235 726 1365 791 dixi,
1400 725 1461 779 In
1491 727 1757 795 principio,
1788 733 1862 788 et,

290 822 353 878 In
401 822 696 892 principio;
734 830 790 874 ut
826 820 1251 884 demonstretur,
1295 834 1452 872 unam
1495 834 1616 873 esse
1658 816 1867 887 pietatis

287 914 541 977 radicem,
565 929 683 983 qua:
711 921 766 965 et
794 912 960 977 illum,
994 927 1186 980 nempe
1216 912 1593 980 Iegislatorem,
1620 912 1862 976 instituit,

287 1018 340 1062 et
384 1007 557 1071 hunc,
607 1004 1182 1075 theologum'scilicet,
1240 1004 1570 1058 illuminavit.
1605 1004 1864 1059 Germana

287 1100 483 1167 quippe
510 1106 632 1151 sunt
652 1096 759 1150 duo
788 1097 1146 1159 Testamenta,
1176 1111 1282 1149 uno
1303 1095 1461 1149 Patre
1484 1105 1599 1149 orta
1624 1112 1638 1147 :
1668 1095 1787 1150 ideo
1814 1096 1865 1149 in

288 1204 534 1243 sermone
575 1187 913 1242 consentiunt
941 1204 952 1239 :
987 1187 1098 1241 fere
1145 1188 1285 1241 enim
1324 1187 1508 1241 eadem
1539 1186 1741 1256 imago,
1771 1201 1865 1239 ea-

286 1281 407 1334 dem
442 1279 732 1333 similitudo
758 1288 855 1332 est.
888 1280 965 1331 Ac
992 1276 1435 1346 quemadmodum
1483 1278 1535 1331 in
1576 1277 1863 1346 germanis,

289 1389 393 1425 uno
421 1382 570 1441 patre
594 1372 724 1426 ortis
748 1412 762 1435 ,
802 1371 1001 1425 similes
1046 1379 1168 1425 sunt
1196 1374 1546 1441 pr0prietates
1578 1391 1591 1425 :
1622 1371 1699 1426 sic
1742 1372 1864 1441 quia

289 1466 393 1519 duo
422 1466 759 1520 Testamenta
791 1478 895 1517 uno
920 1463 1074 1517 Patre
1100 1474 1216 1517 orta
1247 1472 1388 1529 sunt,
1422 1464 1639 1517 multam
1669 1463 1866 1519 habent

289 1556 703 1611 similitudinem.
736 1550 879 1609 Sane
912 1564 965 1609 et
1010 1554 1063 1607 in
1094 1554 1266 1609 Veteri
1298 1555 1638 1609 Testamento
1667 1568 1867 1623 prrecc-

289 1645 365 1699 dit
384 1645 484 1709 lex,
508 1653 563 1700 et
584 1653 879 1712 sequuntur
902 1643 1191 1713 prophetae,
1214 1654 1267 1699 et
1292 1644 1342 1697 in
1374 1659 1512 1697 nova
1540 1645 1703 1713 gratia
1732 1658 1867 1712 prae-

288 1734 816 1803 ceditEvangclium,
838 1745 891 1791 et
925 1745 1217 1805 sequuntur
1246 1736 1491 1805 apostoli.
1526 1736 1636 1789 Illic
1662 1734 1865 1788 duode-

288 1829 391 1882 rim
424 1826 695 1896 pr0phetaa
720 1868 735 1892 ,
758 1836 811 1880 et
848 1828 1038 1896 singuli
1076 1837 1199 1882 sunt
1223 1843 1288 1881 ex
1314 1842 1536 1881 numero
1577 1825 1860 1881 duodeno;

290 1919 569 1973 duodecim
597 1928 719 1972 sunt
742 1918 879 1973 Osee
906 1928 959 1973 et
992 1920 1181 1989 reliqui
1217 1939 1230 1973 :
1259 1929 1518 1989 quatuor,
1550 1920 1707 1973 Isaias
1732 1958 1745 1981 ,
1776 1918 1865 1973 Je-

288 2011 515 2076 remias,
550 2009 828 2073 Ezechiel,
858 2010 1057 2064 Daniel.
1090 2011 1142 2064 In
1184 2010 1332 2065 Novo
1363 1998 1701 2065 Testamento
1728 2010 1864 2065 duo-

288 2100 459 2153 decim
499 2100 761 2167 apostoli,
794 2110 848 2154 et
890 2112 1114 2170 quatuor
1154 2103 1510 2171 evangelista.
1544 2101 1654 2156 Illic
1682 2118 1864 2157 rursus

289 2192 457 2260 prima
499 2192 706 2245 vocatio
752 2192 841 2245 Dei
869 2208 898 2245 a
940 2193 1190 2247 fratribus
1232 2196 1395 2264 cmpit
1438 2212 1451 2247 :
1498 2196 1699 2263 accepit
1723 2196 1862 2250 enim

288 2282 527 2352 Moysen]
554 2292 608 2336 et
635 2286 896 2337 Aarunem
942 2284 1141 2353 primos
1165 2299 1435 2353 praecones
1475 2286 1563 2340 :in
1576 2286 1864 2355 Evangelio

289 2388 498 2443 quoque
528 2374 746 2442 primam
769 2376 1096 2429 vocationem
1126 2374 1250 2429 facit
1274 2375 1414 2430 Petri
1440 2385 1492 2430 et
1519 2376 1763 2431 Andreae.
1800 2377 1864 2431 Et

288 2465 394 2520 illic
420 2466 634 2536 quidem
667 2467 891 2537 simplex
918 2468 1107 2537 gratia,
1128 2467 1215 2522 hic
1242 2477 1417 2522 autem
1446 2468 1607 2538 duplo
1635 2470 1859 2522 auctior.

289 2555 398 2611 Illic
425 2558 565 2611 enim
588 2558 695 2612 duo
724 2558 912 2613 fratres
937 2560 1107 2612 vocati
1136 2568 1275 2625 sunt,
1307 2560 1515 2630 Moyses
1547 2568 1601 2614 et
1640 2563 1815 2614 Aaron
1845 2575 1858 2624 ;

289 2648 374 2703 hic
403 2661 584 2705 autem
615 2651 695 2705 bis
729 2652 833 2705 duo
864 2652 1074 2715 fratres,
1104 2652 1293 2707 Petrus
1318 2662 1373 2707 et
1416 2653 1674 2718 Andreas,
1706 2652 1863 2707 Jaco-

287 2738 385 2793 bus
407 2750 462 2794 et
482 2739 735 2796 Joannes.
769 2742 898 2809 Quia
927 2743 1095 2797 voluit
1117 2743 1372 2799 Servator
1395 2759 1512 2799 eam
1533 2761 1650 2814 qua:
1673 2761 1864 2801 secun-

286 2831 409 2885 dum
435 2834 687 2902 Spiritum
710 2844 947 2888 sanctum
977 2843 1061 2890 est
1086 2836 1357 2889 caritatem
1386 2837 1537 2891 nobis
1567 2837 1857 2902 insinuare,

284 2934 339 2976 et
366 2922 553 2978 fratres
582 2924 771 2979 aﬂectu
797 2926 951 2979 simul
996 2934 1050 2980 et
1098 2926 1283 2995 spiritu
1324 2926 1517 2992 facere,
1549 2927 1861 2981 fundamen-

284 3024 397 3067 tum
425 3017 647 3084 sumpsit
687 3026 947 3081 naturam,
975 3017 1299 3087 inseruitque
1327 3030 1526 3072 naturze
1556 3020 1780 3082 viscera,
1809 3029 1862 3072 et

285 3103 338 3157 in
391 3104 479 3158 iIIa
531 3106 967 3173 supermdificavit
1007 3108 1402 3163 fundamentum
1446 3110 1714 3163 Ecclesim.
1744 3109 1861 3163 Pri-

283 3213 429 3251 mum
483 3199 687 3269 signum
737 3200 789 3254 in
823 3201 1000 3256 Veteri
1046 3201 1142 3255 fuit
1169 3210 1399 3256 mutatus
1449 3204 1500 3257 in
1548 3204 1859 3273 sanguinem

283 3289 507 3353 ﬂuvius;
543 3292 770 3360 primum
815 3293 1020 3359 signum
1062 3294 1114 3347 in
1158 3293 1307 3348 Novo
1339 3293 1435 3347 fuit
1464 3296 1683 3348 mutatio
1712 3310 1860 3363 aqua:

283 3383 335 3435 in
369 3381 569 3435 vinum.
603 3382 793 3436 Verum
827 3400 929 3437 non
974 3394 1055 3438 est
1093 3386 1369 3453 przesentis
1411 3386 1666 3453 temporis
1692 3394 1858 3439 totam

281 3474 679 3528 similitudinem
708 3474 959 3544 deinceps
999 3478 1243 3546 persequi
1278 3496 1289 3531 :
1325 3477 1417 3532 sed
1457 3478 1521 3531 ad
1563 3478 1859 3532 institutum

281 3576 629 3619 revertamur.
661 3564 725 3618 In
754 3566 1000 3635 principio
1040 3568 1157 3635 fecit
1192 3566 1328 3621 Deus
1366 3570 1541 3622 cwlum
1570 3580 1615 3622 et
1654 3579 1855 3623 terram.

280 3652 381 3709 Sex
414 3656 619 3710 dierum
648 3658 817 3726 spatio
844 3657 967 3712 fecit
1014 3658 1153 3712 Dens
1185 3660 1382 3712 omnia.
1413 3660 1515 3715 Sed
1544 3660 1711 3729 prima
1742 3660 1855 3715 dies

279 3746 457 3800 differt
500 3763 528 3799 a
563 3748 925 3816 sequentibus.
956 3748 1085 3802 Nam
1133 3750 1298 3818 prima
1347 3749 1433 3804 die
1478 3750 1599 3804 fecit
1628 3750 1764 3805 Deus
1792 3766 1858 3804 ex

278 3853 383 3890 non
416 3838 747 3892 exstantibus
789 3856 802 3891 :
853 3855 883 3893 a
927 3839 1162 3893 secundo
1201 3849 1375 3894 autem
1424 3841 1510 3895 die
1555 3841 1683 3894 nihil
1734 3841 1859 3896 fecit

276 3930 417 3984 Deus
444 3947 509 3984 ex
550 3946 653 3983 non
681 3932 1043 3995 exstantibus;
1076 3933 1168 3985 sed
1214 3949 1277 3986 ex
1325 3934 1386 3986 iis
1428 3949 1544 4003 qua:
1574 3935 1741 4003 prima
1772 3935 1857 3990 die

276 4022 478 4075 fecerat
509 4024 731 4075 mutavit
760 4032 815 4076 ut
844 4024 1027 4076 voluit.
1051 4024 1129 4077 Tu
1173 4040 1299 4077 vero
1330 4025 1410 4078 his
1436 4025 1780 4080 consideratis
1803 4036 1858 4081 et

273 4113 586 4180 exploratis,
621 4114 664 4166 si
694 4113 968 4168 veritatem
996 4114 1382 4183 deprehendis,
1411 4131 1688 4170 assensum
1716 4132 1855 4185 prae-

272 4203 383 4268 be;
416 4206 500 4257 sin
541 4220 644 4257 non
688 4204 1074 4274 deprehendis,
1126 4207 1340 4272 incnsa,
1386 4216 1440 4261 et
1468 4210 1855 4263 accusationem

272 4295 499 4349 admitto
530 4314 543 4350 :
575 4295 625 4349 id
678 4297 817 4350 enim
865 4298 1081 4351 multam
1123 4297 1449 4354 defensionis
1494 4315 1675 4354 ansam
1727 4301 1855 4355 mihi

277 4405 384 4457 prie
391 4388 500 4440 bet.

344 4483 397 4537 4.
418 4480 670 4537 Ccetorum
688 4485 924 4554 formatio
938 4484 1011 4555 (a)
1022 4486 1289 4540 .—Primo
1309 4487 1483 4557 itaque
1498 4488 1582 4543 die
1597 4500 1855 4545 creatura-

270 4590 390 4628 rum
417 4575 695 4629 materiam
716 4574 835 4630 fecit
856 4577 1013 4640 Deus;
1042 4577 1255 4647 reliquis
1275 4594 1400 4633 vero
1417 4578 1602 4633 diebus
1632 4583 1853 4636 formam

270 4676 584 4721 etornatnm
603 4679 985 4723 creaturarum.
1007 4671 1248 4741 Exempli
1267 4686 1423 4725 causa
1448 4713 1462 4737 ,
1492 4671 1616 4725 fecit
1641 4673 1850 4739 czclum,

268 4759 409 4826 quod
424 4770 546 4813 ante
564 4775 666 4813 non
685 4770 825 4823 erat;
842 4776 944 4813 non
968 4760 1067 4813 hoc
1091 4761 1299 4826 caelum,
1324 4761 1416 4815 sed
1443 4762 1583 4831 quod
1612 4764 1853 4831 superius

273 4861 357 4905 est
380 4870 392 4904 ε
430 4852 531 4905 hoc
556 4853 751 4922 quippe
775 4852 963 4906 czelum
989 4853 1222 4907 secundo
1248 4853 1335 4907 die
1361 4853 1556 4909 factum
1583 4863 1683 4910 est.
1707 4855 1855 4910 Fecit

272 4943 411 4997 Deus
427 4944 615 4997 czelum
641 4946 902 5014 superius.
919 4944 985 4997 de
1002 4959 1107 5013 quo
1132 4944 1298 4998 David
1319 4964 1331 4999 :
1352 4944 1541 4999 Cretum
1557 4947 1665 4999 σαιιὶ
1684 4946 1856 4999 Domi-

266 5049 333 5087 no
357 5033 529 5102 (Psal.
550 5036 671 5089 115.
704 5034 812 5106 16).
840 5035 969 5090 Illud
996 5051 1125 5089 vero
1153 5036 1301 5104 quasi
1323 5050 1627 5104 supremum
1655 5038 1855 5092 tabula-

271 5136 383 5179 tum
402 5134 501 5180 est.
527 5130 601 5180 Ac
624 5127 1065 5196 quemadmodum
1094 5127 1146 5180 in
1165 5128 1322 5180 domo
1333 5125 1555 5180 duarum
1574 5129 1850 5196 contigna-

268 5219 476 5271 tionum
506 5216 783 5271 intercedit
802 5219 1089 5273 tabulatum
1119 5217 1385 5271 medium:
1415 5217 1495 5272 sic
1520 5228 1573 5271 et
1595 5218 1848 5272 Dominus

267 5308 524 5363 mundum
538 5324 723 5362 creans
744 5326 839 5365 ceu
857 5312 1091 5376 domum,
1120 5310 1349 5364 medium
1365 5310 1653 5363 tabulatum
1676 5310 1851 5380 posuit

266 5401 372 5454 hoc
394 5401 581 5454 caelum
601 5443 614 5466 ,
631 5409 685 5455 et
703 5416 858 5471 supra
890 5403 1034 5457 ilhnn
1056 5417 1236 5470 aquas.
1257 5401 1381 5457 Ideo
1407 5401 1482 5456 ait
1513 5402 1678 5456 David
1702 5420 1713 5456 :
1752 5402 1852 5469 Qui

263 5496 389 5563 tegis
410 5496 551 5561 aquis
567 5496 825 5561 superiora
836 5495 945 5558 eius
962 5494 1129 5567 (Psal.
1152 5495 1272 5549 105.
1293 5496 1368 5565 5).
1392 5495 1541 5551 Fecit
1571 5496 1725 5565 igitur
1744 5511 1847 5550 cm-

262 5601 373 5663 .n_m
396 5584 537 5654 quod
549 5594 673 5640 ante
689 5600 790 5640 non
809 5596 939 5650 erat,
956 5596 1147 5641 terram
1168 5598 1531 5657 qumantenon
1553 5598 1681 5655 erat,
1707 5592 1852 5659 ahys-

314 5714 400 5785 .(n)
433 5724 545 5773 Quae
586 5717 1033 5785 sequuntur_ati‘ert
1071 5718 1262 5771 Cosmus
1302 5720 1554 5784 .Egypl'lus
1599 5724 1645 5771 in
1692 5722 1850 5773 Colle-

263 5780 426 5827 ctione
451 5789 615 5829 nostra
636 5789 687 5830 't‘.
714 5780 758 5840 Ξ,
786 5794 834 5842 p.
861 5781 968 5829 520.

1351 336 1440 390 DE
1480 334 1693 391 MUNDI
1731 333 2123 390 CREATIONE
2160 337 2412 394 ORATIO
2452 341 2489 394 I.

3445 351 3546 407 451

1971 466 2060 508 sos
2077 470 2192 523 qua:
2210 466 2333 512 ante
2347 474 2449 511 non
2468 469 2642 524 erant,
2663 471 2869 525 ventos,
2894 477 3095 529 aerem,
3118 464 3313 536 ignem,
3331 481 3543 537 aquam.

1971 544 2215 601 Omnium
2232 564 2349 617 qua:
2377 548 2511 603 facta
2534 554 2948 607 suntmateriam
2967 555 3134 625 prima
3155 557 3241 613 die
3270 558 3412 612 fecit.
3440 561 3546 614 Sed

1972 637 2110 690 haud
2131 638 2289 693 dubie
2317 639 2453 695 dicet
2485 641 2710 710 aliquis:
2740 642 3007 713 Scriptum
3036 656 3118 701 est
3144 648 3317 717 ipsum
3351 649 3544 704 fecisse

1970 728 2157 782 exulum
2198 740 2251 784 et
2294 740 2485 785 terram
2506 774 2522 797 ,
2565 732 2631 787 de
2659 749 2793 803 aqua
2814 776 2829 799 ,
2875 735 2996 805 igne
3031 746 3086 792 et
3126 754 3250 793 aere
3276 755 3382 794 non
3410 740 3546 795 scri-

1970 831 2117 889 ptum
2144 831 2247 876 est.
2276 822 2456 876 Primo
2484 824 2688 892 itaque,
2714 825 2903 880 fratres
2925 867 2939 890 ,
2970 844 3034 881 ex
3066 845 3169 897 quo
3198 830 3331 885 dixit
3357 831 3545 886 cadum

1970 921 2025 965 et
2058 924 2250 966 terram
2291 914 2424 967 facta
2453 930 2572 969 esse
2600 958 2614 981 ,
2645 931 2713 968 ex
2758 917 2821 970 iis
2864 933 2980 987 qua:
3018 922 3289 976 continent
3326 939 3387 977 ea
3428 939 3545 993 qua:

1972 1005 2313 1058 continentur
2358 1006 2626 1059 indicavit.
2667 1006 2813 1061 Sicut
2857 1009 2997 1063 enim
3025 1025 3143 1064 cum
3185 1012 3363 1080 dixit,
3401 1013 3547 1069 Fecit

1971 1094 2106 1149 Deus
2132 1098 2379 1150 hominem
2405 1099 2653 1167 pulverem
2674 1100 2922 1167 accipiens
2946 1102 3008 1155 de
3032 1113 3165 1156 terra
3194 1106 3338 1175 (Gen.
3376 1109 3429 1163 2.
3467 1109 3545 1179 7),

1970 1190 2237 1257 opificium
2267 1191 2399 1245 dixit
2422 1233 2437 1254 ,
2471 1208 2574 1246 non
2602 1194 2839 1248 membra
2866 1198 3196 1251 enumeravit
3224 1216 3236 1250 :
3267 1214 3439 1272 neque
3459 1200 3545 1254 di-

1969 1282 2047 1335 xit
2072 1300 2084 1335 :
2118 1280 2265 1337 Fecit
2295 1283 2434 1337 Dens
2459 1284 2663 1351 oculos,
2694 1294 2943 1352 etaures,
2976 1296 3030 1341 et
3051 1304 3228 1353 nares,
3255 1291 3346 1345 sed
3372 1291 3543 1345 homi-

1971 1388 2091 1426 nem
2122 1372 2325 1435 dicens.
2353 1376 2527 1429 omnia
2552 1376 2705 1429 simul
2736 1378 2971 1433 membra
2999 1381 3398 1449 comprehendit
3424 1400 3437 1434 :
3467 1384 3544 1438 sic

1969 1478 2089 1517 cum
2120 1464 2249 1518 dicit
2278 1506 2292 1529 ,
2324 1465 2487 1520 Deum
2535 1465 2723 1522 fecisse
2758 1468 2946 1523 caelum
2994 1479 3046 1524 et
3091 1480 3282 1525 terram
3310 1514 3325 1536 ,
3354 1483 3543 1528 cuncta

1969 1555 2280 1622 complexus
2307 1566 2409 1623 est,
2443 1566 2495 1611 et
2521 1573 2622 1611 una
2654 1561 2901 1617 tenebras
2926 1569 2981 1615 et
3024 1561 3246 1632 abyssos
3270 1562 3436 1617 factas
3461 1565 3541 1617 in-

1969 1645 2113 1700 duxit
2141 1665 2154 1700 :
2184 1664 2303 1701 nam
2327 1647 2583 1715 Tenebrw,
2610 1650 2798 1720 inquit,
2832 1663 2972 1706 erant
2996 1670 3147 1724 super
3173 1656 3352 1725 faciem
3379 1655 3543 1726 abyssi

1970 1738 1988 1807 (
2011 1736 2137 1791 Gen.
2171 1739 2223 1794 1.
2255 1738 2289 1791 9..
2308 1740 2345 1808 ).
2378 1740 2616 1811 Abyssus
2643 1757 2770 1796 vero
2796 1753 3018 1797 vocatur
3046 1759 3300 1814 aquarum
3326 1761 3540 1816 gurges.

1968 1828 2117 1896 Quod
2145 1838 2320 1883 autem
2341 1832 2500 1883 etiam
2532 1832 2706 1902 abyssi
2737 1832 2886 1887 factae
2908 1834 3031 1899 sint,
3059 1836 3369 1890 testificatur
3396 1837 3541 1892 Scri-

1969 1928 2119 1989 ptura
2163 1921 2346 1975 dicens
2386 1941 2397 1975 :
2447 1922 2727 1992 Antequam
2758 1925 2964 1993 abyssos
3010 1928 3354 1988 constitueret,
3403 1940 3543 1981 ante-

1967 2027 2119 2080 quam
2155 2021 2338 2064 terram
2372 2023 2560 2065 crearet
2591 2015 2608 2081 (
2642 2012 2793 2066 Prov.
2820 2014 2872 2068 8.
2898 2016 2987 2067 24.
3017 2015 3086 2069 26
3180 2015 3357 2085 Itaque
3391 2018 3541 2072 facta:

1966 2113 2121 2155 erant
2159 2103 2357 2173 abySsi.
2389 2103 2587 2157 Deinde
2618 2120 2708 2157 aer
2745 2120 2955 2173 quoque
2996 2108 3331 2175 quandonam
3372 2108 3541 2164 factus

1968 2193 2036 2246 sit
2057 2193 2178 2246 audi
2201 2213 2214 2245 :
2242 2192 2305 2245 Et
2326 2194 2532 2261 spiritus
2562 2194 2653 2247 Dei
2685 2196 2934 2265 ferebatur
2958 2212 3107 2264 super
3128 2214 3282 2266 aquas
3312 2197 3458 2267 (Gen.
3486 2200 3537 2253 1.

1965 2282 2046 2351 2).
2075 2283 2173 2337 IIic
2202 2299 2306 2337 non
2338 2284 2589 2352 Spiritum
2636 2295 2874 2339 sanctum
2916 2286 3077 2352 dicit;
3110 2304 3214 2341 non
3247 2290 3387 2343 enim
3417 2305 3537 2344 cum

1966 2375 2225 2429 creaturis
2267 2385 2644 2431 annumeratur
2686 2377 2739 2431 id
2770 2379 2909 2447 quod
2950 2380 3245 2434 increatum
3275 2391 3359 2435 est
3398 2400 3410 2435 :
3446 2382 3539 2437 sed

1967 2467 2209 2535 Spiritum
2252 2476 2406 2521 vocat
2444 2469 2582 2523 aeris
2624 2480 2843 2523 motum.
2886 2474 2963 2525 Ac
2997 2473 3441 2540 quemadmodum
3484 2477 3536 2529 in

1967 2558 2080 2612 Elia
2112 2559 2364 2627 propheta
2406 2560 2659 2629 scriptum
2688 2571 2770 2615 est
2802 2581 2815 2615 :
2849 2561 2916 2616 Et
2954 2565 3131 2617 malum
3176 2569 3538 2620 contenebravit

1964 2652 2015 2704 in
2038 2654 2166 2706 nube
2194 2664 2237 2705 et
2262 2655 2443 2723 spiritu
2465 2656 2543 2725 (5.
2573 2654 2700 2725 Reg.
2726 2657 2809 2710 18.
2838 2657 2951 2725 45);
2982 2660 3059 2711 sic
3086 2668 3134 2712 et
3166 2658 3266 2712 hoc
3295 2660 3410 2714 Ioco
3432 2663 3538 2731 spio

1966 2745 2124 2797 ritum
2167 2756 2321 2799 vocat
2364 2748 2502 2801 aeris
2547 2759 2809 2802 naturam.
2842 2748 3061 2802 Demum
3093 2760 3337 2818 superest
3363 2760 3417 2804 ut
3447 2766 3538 2805 os-

1966 2836 2261 2897 tendamus,
2281 2837 2492 2890 ubinam
2513 2839 2645 2907 ignis
2662 2838 2829 2891 factus
2854 2839 2940 2891 sit.
2968 2838 3107 2891 Dixit
3126 2840 3279 2904 Deus,
3305 2840 3422 2892 Fiat
3450 2842 3539 2895 luz

1969 2926 2117 2997 (Gen.
2148 2929 2197 2981 1.
2226 2928 2305 2996 ‘2),
2331 2938 2385 2982 et
2404 2928 2539 2983 facta
2561 2940 2642 2983 est
2664 2930 2800 2997 ignis
2821 2940 3006 2983 natura
3032 2947 3045 2983 :
3080 2946 3183 2984 non
3206 2932 3374 2985 solum
3394 2933 3535 2985 enim

1966 3020 2051 3071 hic
2082 3018 2215 3087 ignis
2241 3021 2470 3083 exsistit,
2501 3020 2592 3073 sed
2621 3021 2778 3074 etiam
2809 3036 3055 3089 superum
3082 3031 3372 3091 potestates
3399 3024 3536 3092 ignis

1965 3118 2127 3175 Sunt,
2157 3110 2437 3180 affinisque
2463 3121 2546 3165 est
2572 3128 2836 3180 supernus
2866 3113 2955 3167 ille
2984 3153 2998 3178 ,
3042 3113 3165 3167 huic
3193 3124 3376 3168 nostro
3406 3114 3532 3183 igni.

1963 3202 2227 3270 Quaeritur
2251 3212 2447 3266 autem,
2470 3219 2563 3257 cur
2582 3204 2665 3257 hic
2690 3204 3072 3275 exstinguatur,
3096 3206 3181 3259 ille
3204 3220 3331 3259 vero
3359 3221 3532 3261 secus.

1963 3297 2093 3364 Quia
2118 3295 2331 3364 angelos
2373 3296 2495 3350 fecit
2524 3296 2659 3351 Deus
2685 3297 2900 3365 spiritus
2930 3338 2945 3363 ,
2977 3298 3285 3366 animasque
3328 3306 3536 3351 nostras

1963 3387 2087 3440 item
2112 3387 2348 3455 spiritus,
2371 3386 2463 3440 sed
2497 3388 2702 3439 animas
2724 3395 2935 3440 nostras
2962 3387 3012 3440 in
3039 3402 3295 3455 corpore,
3321 3389 3536 3456 angelos

1962 3488 2139 3532 autem
2167 3488 2317 3532 extra
2343 3493 2588 3547 corpora.
2642 3478 3101 3547 Quemadmodum
3143 3479 3299 3549 igitur
3342 3482 3393 3533 in
3424 3482 3538 3534 ani-

1962 3570 2146 3624 mabus
2175 3580 2228 3623 et
2252 3569 2303 3623 in
2329 3570 2550 3638 angelis,
2582 3571 2659 3623 sic
2688 3579 2742 3625 et
2766 3570 2817 3623 in
2842 3571 2960 3639 igne
2983 3586 3093 3624 rem
3121 3586 3179 3625 se
3208 3570 3403 3625 habere
3421 3586 3537 3625 ccr-

1962 3661 2124 3713 nitur.
2168 3660 2306 3729 Ignis
2346 3675 2607 3730 supernus
2644 3661 2758 3715 sine
2800 3665 3021 3715 materia
3056 3703 3071 3727 ,
3119 3662 3254 3731 ignis
3298 3662 3536 3715 infernus

1962 3767 2080 3806 cum
2105 3754 2355 3807 materia:
2383 3753 2614 3807 caelestis
2637 3753 2778 3806 enim
2808 3753 2942 3822 ignis
2971 3753 3053 3806 his
3074 3762 3155 3807 est
3177 3750 3373 3815 affinis,
3400 3754 3536 3806 sicut

1961 3853 2014 3898 et
2056 3844 2229 3896 anima
2271 3853 2454 3899 nostra
2499 3844 2670 3897 afﬁnis
2704 3853 2787 3898 est
2831 3844 3071 3913 angelis:
3110 3852 3168 3898 ut
3205 3843 3278 3897 illi
3318 3844 3536 3912 spiritus

1961 3946 2116 4000 sunt,
2151 3936 2227 3989 sic
2256 3946 2308 3989 et
2338 3935 2420 3989 lue
2447 3944 2571 3990 sunt
2594 3935 2811 4004 spiritus
2832 3975 2846 3999 ,
2869 3944 2927 3988 ut
2946 3935 3105 3989 etiam
3137 3944 3247 3989 tres
3276 3935 3426 4005 pueri
3448 3934 3534 3987 di-

1961 4041 2087 4083 cunt
2112 4048 2125 4083 :
2151 4028 2671 4097 Benedicite,spiritus
2705 4037 2751 4081 et
2786 4028 2968 4081 anima?
2986 4030 3238 4098 justorum
3271 4028 3290 4098 (
3319 4026 3451 4079 Dan.
3478 4028 3530 4082 5.

1961 4121 2051 4187 86)
2077 4136 2091 4184 ;
2123 4135 2184 4174 ac
2211 4135 2441 4184 rursum,
2468 4119 2567 4185 Qui
2597 4119 2717 4187 facit
2740 4119 2945 4188 angelos
2973 4134 3090 4172 suos
3116 4118 3325 4184 spiritus
3356 4116 3527 4187 (Psal.

1962 4212 2084 4265 105.
2118 4212 2152 4265 4
2178 4210 2216 4281 ).
2248 4210 2427 4278 Neque
2457 4210 2614 4279 igitur
2642 4208 2814 4262 anima
2857 4208 2971 4262 sine
2999 4223 3226 4278 corpore
3265 4216 3485 4276 apparet
3514 4248 3529 4273 ,

1963 4320 2132 4373 neque
2159 4304 2330 4372 ignem
2354 4304 2468 4357 sine
2494 4313 2705 4371 stuppa,
2730 4302 2813 4356 vel
2842 4312 3114 4356 sarmento
3132 4344 3149 4369 ,
3172 4302 3255 4356 vel
3276 4302 3378 4355 alia
3410 4318 3523 4354 ma-

1962 4396 2091 4449 teria
2135 4394 2316 4449 videre
2356 4404 2456 4447 cst.
2502 4393 2573 4449 Ut
2605 4402 2780 4447 autem
2823 4393 3132 4447 ostendatur
3175 4392 3318 4446 hunc
3357 4392 3531 4461 ignem

1960 4503 2066 4542 non
2095 4501 2213 4541 esse
2242 4486 2509 4551 alienum,
2554 4485 2605 4539 id
2635 4484 2793 4539 dOCet
2822 4484 2933 4553 ipsa
2967 4494 3171 4539 natura.
3196 4483 3343 4537 Multi
3375 4498 3531 4538 nam-

1959 4595 2063 4648 que
2089 4593 2229 4646 smpe
2258 4593 2321 4631 cx
2344 4578 2459 4631 sole
2490 4577 2661 4646 ignem
2694 4584 3019 4639 mutuantur,
3042 4584 3097 4629 et
3117 4574 3412 4629 accendunt
3437 4593 3450 4628 :
3486 4575 3530 4629 si

1958 4679 2134 4724 autem
2164 4670 2368 4723 alienus
2397 4678 2558 4733 esset,
2588 4665 2860 4737 quomodo
2889 4667 3116 4720 alienum
3148 4683 3213 4721 ex
3239 4668 3352 4736 ipso
3388 4668 3531 4721 acci-

1961 4761 2217 4830 peretur?
2244 4761 2491 4830 Alioquin
2524 4770 2628 4813 tam
2657 4762 2840 4829 ingens
2883 4760 2935 4814 in
2984 4759 3116 4813 ca:Io
3146 4760 3280 4829 ignis
3309 4771 3393 4815 est
3417 4762 3532 4817 sine

1958 4854 2199 4911 materia.
2224 4860 2280 4905 ut
2310 4853 2359 4904 in
2390 4860 2567 4905 monte
2596 4850 2719 4905 Sina
2747 4852 2879 4920 ignis
2906 4861 3203 4919 appareret,
3223 4867 3378 4921 quem
3410 4853 3531 4905 abs—

1958 4962 2060 5016 que
2098 4945 2251 5013 liguis
2306 4943 2558 5011 subjectis
2590 4984 2604 5003 ,
2632 4942 2724 4997 scd
2771 4958 2834 4995 ex
2879 4943 2995 5010 ipso
3030 4943 3265 4998 materiae
3310 4951 3531 5011 experte

1960 5040 2079 5107 igne
2101 5038 2165 5091 ad
2189 5036 2543 5105 spectaculum
2573 5034 2757 5089 eduxit
2786 5036 2923 5089 Deus
2939 5076 2951 5096 ,
2972 5045 3030 5088 ut
3049 5036 3308 5104 quispiam
3335 5034 3530 5087 dixerit

1961 5143 2176 5196 parvum
2208 5141 2327 5181 esse
2375 5127 2514 5179 hunc
2553 5126 2729 5195 ignem
2760 5142 2879 5179 cum
2908 5126 2999 5179 illo
3030 5126 3226 5194 ingenti
3253 5138 3531 5192 compara-

1961 5231 2091 5274 tum.
2137 5220 2226 5275 Sic
2266 5222 2441 5289 itaque
2484 5220 2557 5272 ait
2599 5218 2841 5289 Moyses:
2874 5216 2951 5271 De
2990 5220 3113 5269 coelo
3150 5217 3371 5268 auditam
3416 5216 3529 5284 fecit

1959 5313 2208 5367 Dominus
2250 5330 2417 5366 vocem
2458 5329 2601 5365 suam
2634 5353 2648 5375 ,
2688 5322 2734 5363 et
2766 5312 2975 5364 astendit
3018 5308 3153 5361 Deus
3190 5310 3353 5377 ignem
3380 5324 3526 5360 suum

1960 5406 2237 5477 magnum(
2268 5406 2416 5459 Deut.
2449 5406 2501 5458 -1.
2529 5407 2600 5459 56
2630 5404 2682 5475 );
2715 5415 2769 5455 ιιι
2808 5402 3199 5456 demonstraret
3236 5399 3373 5452 hunc
3408 5414 3528 5453 esse

1961 5515 2198 5568 parvum.
2226 5498 2412 5552 Omnia
2441 5498 2612 5566 itaque
2639 5496 2772 5564 ignis
2794 5502 2932 5555 sunt,
2965 5500 3015 5544 et
3042 5491 3236 5559 fulgur,
3259 5500 3311 5544 et
3337 5491 3523 5553 stellae,

1960 5600 2013 5645 et
2042 5590 2118 5643 sol
2140 5598 2191 5641 et
2217 5589 2358 5651 luna,
2392 5588 2599 5655 illisque
2631 5596 2812 5639 noster
2832 5582 2963 5652 ignis
2992 5581 3167 5635 affinis
3193 5590 3292 5634 est.
3314 5581 3377 5632 Et
3407 5580 3525 5634 vide

1960 5696 2118 5750 quam
2158 5679 2465 5732 affinitatem
2510 5678 2738 5730 habeant
2766 5679 2991 5743 ἀστραπὴ
3017 5680 3071 5723 et
3102 5674 3320 5740 ἀστέρες,
3355 5668 3526 5731 fulgur

1960 5784 2012 5829 et
2038 5772 2228 5838 stellae,
2254 5771 2337 5826 vel
2362 5786 2426 5825 ex
2455 5772 2565 5839 ipso
2593 5767 2803 5822 nomine
2828 5781 2841 5831 ;
2872 5766 3097 5831 ἀστραπὴ
3129 5773 3178 5817 ct
3204 5770 3360 5837 ᾶςτρα
3380 5801 3397 5829 ,
3422 5759 3523 5813 ful-
