4074 6308
519 370 623 428 155

518 501 619 553 gur
641 492 696 538 et
718 480 900 535 stellte.
932 478 1183 531 Servator
1208 482 1407 536 autem,
1440 480 1494 523 ut
1522 464 1822 522 ostenderet
1848 465 2019 532 ignem
2040 470 2095 516 et

521 580 697 649 fulgur
722 574 912 629 similia
940 585 1058 625 esse
1083 611 1097 631 ,
1121 570 1194 622 ait
1225 567 1275 620 iu
1306 560 1628 630 Evangelio:
1656 560 1883 613 Lucerna
1912 572 2095 619 corpo-

520 671 592 723 ris
611 676 684 722 est
704 664 896 719 oculus.
926 662 987 717 Si
1008 660 1181 713 oculus
1201 669 1313 710 tuus
1334 656 1485 724 fuerit
1503 651 1718 714 lucidus,
1739 657 1895 702 totum
1916 661 2100 715 corpus

525 771 665 813 tuum
686 756 907 810 lucidum
932 753 1025 806 erit
1044 749 1260 823 (Matth.
1287 748 1341 801 6.
1362 745 1454 813 22)
1467 784 1485 819 ,1
1504 744 1628 798 Haec
1649 743 1917 795 Servator.
1946 737 2101 803 Dein-

523 850 591 905 de
612 847 912 917 subjungit:
938 843 1004 899 Ut
1033 858 1145 895 cum
1171 840 1372 893 lucerna
1391 838 1591 907 fulgure
1609 832 1860 887 illuminat
1882 839 1927 882 te
1949 828 2101 901 (Luc.

530 944 616 997 Η.
649 939 776 1009 56);
806 939 1037 991 lucemm
1060 935 1235 1003 t’ulgur
1258 946 1457 985 vocans
1485 929 1717 981 lucernae
1746 924 2025 993 fulgorem.

599 1032 652 1087 5.
679 1030 867 1085 Omnia
889 1027 1047 1096 igitur
1076 1023 1211 1078 facta
1239 1029 1363 1077 sunt
1395 1039 1408 1074 :
1440 1020 1576 1089 ignis
1604 1018 1774 1071 factus
1799 1023 1900 1077 est,
1924 1010 2105 1082 abyssi

528 1125 682 1179 facta:
708 1130 869 1184 sunt,
903 1119 1084 1185 venti,
1130 1127 1356 1187 quatuor
1383 1114 1647 1168 elementa
1677 1151 1691 1175 ,
1725 1119 1860 1163 terra
1885 1149 1900 1171 ,
1930 1107 2063 1176 ignis
2088 1147 2103 1170 ,

533 1232 688 1286 aqua,
717 1230 829 1268 aer.
859 1212 990 1266 Nam
1019 1223 1137 1280 quas
1162 1209 1417 1263 omiserat
1434 1206 1582 1275 quasi
1606 1204 1693 1257 hic
1716 1200 1935 1255 resumit
1960 1198 2109 1269 Moy-

532 1324 619 1366 ses
639 1309 851 1363 dicens:
886 1304 992 1360 Sex
1016 1303 1187 1357 diebus
1212 1301 1327 1371 fecit
1354 1298 1491 1352 Deus
1517 1298 1694 1351 aetum
1723 1305 1766 1348 et
1791 1304 1977 1346 terram
2006 1334 2019 1354 ,
2062 1301 2107 1345 et

535 1401 705 1453 omnia
730 1413 843 1468 qum
863 1397 915 1449 in
937 1396 1006 1449 eis
1035 1402 1151 1448 sunt
1178 1390 1368 1462 (Exod.
1397 1389 1486 1443 ΞΟ.
1512 1386 1622 1457 Η).
1651 1382 2109 1451 Quemadmodum

536 1502 713 1547 autem
741 1488 980 1558 corporis
1008 1502 1113 1541 non
1144 1486 1320 1539 omnia
1351 1482 1586 1536 membra
1616 1480 1770 1541 dixit,
1802 1479 1880 1532 sic
1908 1492 1969 1531 ea
1992 1492 2110 1542 quze

539 1584 605 1638 ad
634 1582 956 1637 creationem
988 1586 1229 1648 spectant
1249 1591 1353 1629 non
1384 1572 1734 1632 enumeravit,
1769 1566 1976 1623 etiamsi
1998 1580 2115 1620 om-

540 1677 627 1730 nia
649 1688 767 1730 cum
790 1670 990 1726 mundo
1015 1671 1120 1725 sint
1143 1668 1372 1723 condita.
1405 1665 1461 1719 Si
1502 1679 1660 1733 porro
1689 1677 1791 1716 non
1813 1669 1955 1715 esset
1981 1658 2117 1728 ignis

542 1769 596 1822 in
624 1776 786 1830 terra,
808 1780 914 1819 non
945 1763 1103 1817 hodie
1129 1762 1301 1830 ignem
1320 1776 1386 1814 ex
1412 1766 1559 1828 petra
1585 1757 1895 1822 educerent,
1926 1767 2030 1807 non
2050 1766 2116 1805 ex

543 1860 728 1929 ligno;
759 1858 999 1912 collisum
1037 1856 1229 1925 quippe
1274 1853 1474 1921 lignum
1524 1852 1698 1921 ignem
1745 1848 1957 1903 emittit.
1986 1845 2118 1900 Ani-

545 1969 690 2006 mum
728 1966 854 2021 ergo
878 1950 1160 2020 diligenter
1187 1948 1401 2003 adhibe.
1436 1944 1673 1999 Tenebris
1696 1985 1712 2010 ,
1741 1942 1911 2013 inquit
1936 1982 1951 2007 ,
1976 1949 2121 1994 erant

546 2060 695 2113 super
723 2043 901 2114 facient
933 2032 1100 2111 abyssi
1143 2039 1161 2111 (
1187 2039 1317 2095 Gen.
1350 2039 1400 2094 1,
1430 2038 1466 2091 2
1488 2039 1527 2106 ).
1576 2037 1789 2104 Ergone
1815 2074 1830 2096 ,
1872 2030 2077 2101 inquies
2102 2068 2120 2096 ,

549 2134 694 2190 Deus
725 2132 968 2188 tenebras
998 2132 1160 2187 fecit?
1187 2131 1396 2186 Scimus
1425 2129 1583 2182 altam
1616 2141 1735 2181 esse
1761 2123 2079 2180 sententiam
2105 2138 2119 2174 :

551 2226 644 2281 sed
674 2226 794 2296 quia
817 2225 867 2279 in
900 2232 1039 2279 cmtu
1083 2237 1226 2292 sazpe
1259 2234 1441 2276 sumus
1484 2234 1671 2274 eorum
1702 2260 1717 2283 ,
1745 2230 1971 2286 quorum
2002 2226 2125 2283 pars

553 2318 723 2371 amico
749 2316 969 2370 audiunt
1000 2315 1179 2368 animo
1198 2355 1213 2378 ,
1250 2328 1372 2383 pars
1396 2327 1523 2366 vero
1550 2307 1941 2379 reprehendere
1984 2314 2126 2358 sata-

554 2418 686 2478 gunt
718 2424 733 2473 ;
780 2421 1003 2461 necesse
1046 2414 1128 2460 est
1166 2405 1389 2458 verbum
1421 2419 1526 2457 non
1557 2404 1672 2456 sine
1697 2400 1939 2455 examine
1966 2398 2127 2451 relin-

557 2514 749 2567 quere,
776 2515 843 2554 ne
867 2506 987 2568 post
1015 2513 1203 2567 magna
1230 2496 1489 2567 promissa
1522 2536 1537 2560 ,
1568 2495 1759 2564 exigua
1789 2501 2126 2561 przestemus.

557 2590 836 2646 Undenam
865 2606 993 2660 ergo
1018 2590 1256 2644 tenebrze
1282 2589 1304 2641 ?
1332 2588 1463 2642 Nam
1492 2587 1632 2640 Deus
1666 2626 1681 2652 ,
1723 2586 1969 2654 inquiunt
1994 2623 2011 2649 ,
2036 2583 2131 2636 has

558 2699 666 2740 non
692 2683 847 2739 fecit:
879 2684 1018 2739 Deus
1038 2684 1178 2737 enim
1212 2725 1226 2748 ,
1257 2682 1403 2735 aiunt
1430 2723 1445 2747 ,
1476 2694 1646 2750 neque
1674 2678 2007 2733 tenebrarum
2032 2691 2134 2730 ne-

562 2790 667 2844 que
708 2775 951 2845 caliginis
996 2774 1171 2844 Opifex
1202 2785 1302 2828 est.
1335 2773 1472 2841 Quid
1500 2773 1657 2840 igitur
1698 2778 1821 2825 sunt
1848 2768 2081 2824 tenebrae
2109 2770 2134 2821 Ἰ

561 2864 707 2919 Multi
736 2865 985 2919 dixerunt
1007 2879 1125 2918 esse
1150 2864 1264 2917 ca‘li
1309 2864 1571 2916 umbram.
1608 2860 1739 2915 Nam
1765 2903 1777 2922 ,
1801 2861 1949 2913 aiunt
1974 2902 1986 2922 ,
2013 2874 2134 2913 cum

562 2956 751 3010 etclam
776 2956 1020 3026 superius
1043 2955 1314 3010 conditum
1359 2962 1473 3021 est,
1501 2968 1621 3007 cum
1670 2966 1897 3020 superna
1937 2949 2135 3004 lumina

565 3052 802 3107 nondum
840 3059 1048 3115 essent,
1080 3049 1274 3104 nudata
1303 3059 1415 3103 erat
1442 3057 1580 3102 terra
1605 3088 1620 3113 ,
1649 3056 1702 3102 et
1729 3046 1883 3100 facta:
1913 3052 2036 3098 sunt
2056 3053 2137 3098 te-

565 3145 767 3200 nebrae.
810 3144 880 3199 At
908 3143 1096 3197 caelum
1126 3157 1410 3212 supernum
1442 3139 1674 3194 lucidum
1704 3147 1786 3192 est
1814 3179 1829 3201 ,
1862 3153 1964 3191 non
1993 3146 2141 3190 tene-

567 3238 786 3292 brosum
810 3253 824 3302 ;
851 3244 1010 3306 atque
1038 3235 1245 3290 etiamsi
1269 3250 1375 3287 non
1404 3233 1624 3287 haberet
1644 3233 1812 3286 solem
1838 3273 1853 3295 ,
1887 3232 2065 3284 lunam
2086 3236 2142 3283 et

569 3327 757 3383 stellas
790 3370 805 3393 ,
838 3328 1007 3397 ipsam
1034 3335 1273 3380 naturam
1305 3341 1396 3394 per
1418 3339 1476 3378 se
1497 3323 1863 3393 splendentem
1900 3321 2141 3375 haberet.

568 3422 622 3477 Si
650 3437 776 3492 ergo
792 3421 978 3476 caalum
1008 3419 1342 3484 imminebat,
1370 3428 1616 3487 terraque
1636 3430 1868 3484 eXpansa
1897 3423 2044 3480 erat,
2078 3413 2142 3467 il-

573 3514 768 3584 ludque
805 3528 1034 3583 superne
1079 3510 1291 3567 lucebat
1315 3550 1332 3578 ,
1362 3520 1414 3564 et
1450 3509 1560 3563 haec
1592 3509 1766 3562 lucem
1804 3505 2144 3574 excipiebat,

572 3604 837 3659 undenam
869 3603 1101 3659 tenebra:
1124 3603 1146 3655 ?
1173 3601 1297 3656 Mihi
1324 3610 1468 3655 certe
1493 3599 1720 3661 videtur,
1744 3596 1992 3667 quoniam
2011 3610 2147 3664 aqua

574 3710 730 3754 terra:
760 3698 1095 3767 superﬁciem
1122 3696 1331 3765 tegebat
1355 3737 1369 3762 ,
1398 3693 1698 3762 nebulaque
1737 3700 1791 3744 et
1817 3691 1987 3759 caligo
2008 3690 2148 3742 circa

574 3806 738 3860 aquas
759 3788 1087 3844 consistebat
1116 3829 1130 3853 ,
1163 3786 1304 3856 quod
1333 3786 1493 3839 etiam
1526 3798 1667 3838 nunc
1693 3782 1906 3836 evenire
1929 3781 2065 3834 solet
2096 3781 2147 3833 in

576 3882 882 3939 ﬂuminibus
914 3924 930 3947 ,
967 3881 1345 3936 obscuritatem
1368 3880 1513 3933 illam
1540 3876 1821 3946 caliginem
1850 3876 2148 3929 excitasse:

578 3975 851 4042 nubesque
894 3973 1085 4028 fecisse
1117 4013 1132 4039 ,
1163 3987 1227 4027 ac
1276 3971 1444 4025 nubes
1484 3969 1862 4023 obumbrantes
1906 3967 2152 4020 tenebras

580 4066 874 4122 induxisse.
896 4066 1047 4132 Quod
1077 4074 1253 4118 autem
1279 4071 1447 4117 nubes
1479 4061 1723 4115 tenebras
1749 4060 1966 4123 excitet,
1998 4058 2047 4111 id
2073 4058 2155 4111 dit

580 4159 655 4213 cit
676 4157 981 4227 Scriptura:
1016 4156 1078 4210 Et
1116 4156 1295 4210 cazlum
1320 4154 1690 4208 obtenebratum
1730 4162 1800 4205 est
1842 4152 1896 4203 in
1942 4149 2152 4203 nubibus

584 4252 675 4317 (5.
707 4249 834 4320 Reg.
866 4249 950 4303 18.
971 4248 1097 4320 45).
1130 4248 1514 4302 liaereticorum
1544 4254 1727 4299 autem
1753 4243 2021 4313 allegoria:
2047 4257 2155 4296 non

583 4340 889 4413 iguorandae
929 4348 1071 4395 sunt.
1104 4340 1327 4407 Quidam
1355 4338 1588 4392 haeretici
1621 4336 1801 4390 dicere
1844 4335 1957 4388 ausi
1984 4342 2105 4387 sunt
2136 4374 2151 4398 ,

588 4434 836 4489 tenebras
861 4447 982 4487 esse
1010 4432 1277 4485 diabolum
1300 4429 1403 4501 (a),
1431 4428 1679 4499 abyssum
1707 4441 1834 4480 vero
1862 4424 2152 4479 dmmonas:

584 4524 796 4596 quando
838 4532 1012 4577 autem
1049 4523 1183 4576 dixit
1222 4522 1362 4577 Deus
1396 4538 1409 4574 :
1444 4519 1563 4573 Fiat
1605 4519 1730 4581 lux;
1759 4517 1811 4572 id
1840 4526 1919 4571 est
1969 4514 2156 4581 Filius,

586 4617 735 4670 aiunt
759 4634 770 4668 :
796 4615 908 4669 Non
935 4614 1094 4668 modo
1120 4629 1247 4683 ergo
1270 4615 1285 4645 ¹
1317 4613 1393 4666 illi
1419 4612 1619 4666 honore
1641 4626 1737 4681 par
1766 4618 1846 4663 est
1874 4608 2115 4662 diabolus
2140 4649 2154 4672 ,

586 4709 681 4765 sed
731 4710 889 4764 etiam
939 4709 1029 4763 illo
1068 4709 1264 4763 senior.
1300 4708 1491 4761 Verum
1544 4706 1679 4759 hanc
1719 4703 2042 4772 impietatem
2091 4714 2160 4754 ne

586 4816 1007 4858 commemorare
1034 4800 1244 4863 quidem
1273 4815 1367 4868 par
1388 4809 1470 4854 est
1490 4815 1508 4857 :
1528 4798 1621 4853 sed
1651 4797 1769 4851 ideo
1795 4793 2109 4864 protulimus
2140 4833 2157 4858 ,

588 4910 657 4949 ne
682 4908 744 4947 ea
772 4908 891 4962 qua:
918 4892 1057 4945 dicta
1085 4900 1207 4945 sunt
1227 4892 1561 4961 ignoraretis.
1594 4889 1853 4944 Tenebrae
1876 4901 2004 4955 ergo
2032 4895 2159 4939 tunc

589 4985 693 5041 illa:
717 5000 783 5040 ex
815 4982 1041 5037 nubibus
1081 4992 1250 5037 erant.
1298 4981 1385 5036 Sic
1424 4982 1567 5036 enim
1610 4982 1662 5034 in
1693 4979 1925 5049 {Egypto
1952 4990 2161 5046 quoque

590 5078 823 5132 tenebrae
849 5084 1000 5130 erant
1022 5117 1036 5136 ,
1069 5091 1171 5127 non
1200 5074 1340 5144 quod
1369 5089 1472 5127 nox
1499 5083 1641 5128 esset
1664 5112 1679 5136 ,
1709 5072 1803 5125 sed
1825 5069 1965 5140 quod
1992 5070 2161 5139 caligo

589 5179 735 5223 esset
764 5166 973 5221 inducta
1020 5165 1040 5238 (
1070 5165 1238 5219 Exod.
1269 5163 1357 5218 10.
1387 5164 1457 5216 22
1484 5178 1589 5233 sqq.
1626 5162 1645 5233 )
1693 5161 1781 5216 Sic
1808 5170 1861 5214 et
1901 5161 1950 5213 in
1983 5170 2163 5215 monte

590 5262 715 5316 Sina
745 5260 941 5314 factum
968 5268 1086 5324 est;
1122 5256 1353 5312 tenebrae
1389 5266 1542 5310 erant
1582 5272 1686 5310 non
1734 5272 1800 5309 ex
1848 5265 2001 5309 nocte
2024 5295 2038 5319 ,
2068 5253 2163 5308 sed

656 5412 673 5441 ί
709 5416 819 5458 Haec
862 5409 912 5457 in
948 5405 1118 5457 savilio
1140 5405 1465 5454 additamento
1503 5409 1641 5452 aucta
1682 5401 1912 5463 leguntur
1948 5400 1996 5463 in
2028 5401 2166 5463 hunc

590 5470 810 5521 modum:
826 5470 1024 5526 Quando
1045 5476 1205 5519 autem
1227 5465 1353 5516 dixit
1377 5474 1503 5515 Deus
1527 5475 1544 5512 :
1576 5482 1599 5510 α
1618 5464 1725 5515 Fiat
1748 5462 1852 5526 tua,
1877 5478 1899 5507 ν
1925 5462 1994 5513 sic
2016 5462 2166 5526 impe-

592 5532 717 5581 ravit
741 5539 793 5581 ut
806 5525 954 5582 ﬁlius
975 5530 1145 5591 ﬁeret;
1167 5533 1212 5578 et
1226 5540 1326 5591 non
1340 5527 1621 5591 erubescunt
1646 5525 2066 5591 diabolunttticere
2087 5525 2163 5575 se-

598 5594 782 5642 niorem
804 5593 942 5643 Filio.
971 5586 1019 5642 Si
1053 5586 1180 5642 enim
1201 5589 1391 5639 domum
1410 5589 1469 5638 sit
1492 5588 1709 5651 abyssus,
1726 5594 1771 5637 et
1796 5586 2012 5651 diabolus
2036 5596 2165 5638 tene-

593 5652 713 5722 bris,
749 5662 795 5722 et
829 5655 871 5704 si
902 5668 1023 5722 c_um_
1041 5657 1142 5710 iam
1176 5653 1455 5722 abyssustet
1483 5648 1700 5722 tenebrae
1715 5648 2013 5722 exsisterent,
2040 5658 2167 5699 Deus

594 5710 811 5763 dixerit:
836 5736 857 5760 α
876 5716 985 5764 Hal
1008 5716 1111 5774 (nar,
1132 5732 1153 5757 ιι
1176 5722 1221 5763 et
1240 5710 1330 5763 lux
1348 5712 1409 5762 sit
1435 5711 1585 5763 Filius
1604 5725 1622 5776 ;
1644 5725 1736 5762 non
1758 5710 1899 5761 modo
1916 5723 2045 5774 ergo.
2068 5719 2163 5761 etc.

656 5777 730 5829 ta)
765 5784 858 5826 tloc
877 5779 1201 5826 contendebat
1221 5777 1472 5839 Origenes.

1967 337 2334 401 SEVERIANI

3676 332 3777 390 436

2212 458 2355 512 nube
2376 453 2727 509 obumbrante
2759 455 2777 525 (
2812 449 2958 506 Deut.
2992 452 3045 506 4.
3075 452 3133 506 ll
3169 448 3211 521 ).
3234 448 3323 504 Sic
3351 449 3511 504 etiam
3543 447 3594 501 in
3622 463 3778 504 cruce

2202 549 2400 605 Christi
2431 546 2663 602 tenebrae
2691 546 2841 599 factae
2867 554 2992 598 sunt
3018 585 3032 607 ,
3078 559 3182 596 non
3229 542 3549 596 adveniente
3579 550 3736 593 nocte
3762 580 3776 603 ,

2204 644 2297 700 sed
2324 643 2509 697 umbra
2530 651 2585 695 et
2607 639 2972 694 obstructione
3001 637 3158 690 facta.
3183 635 3256 689 Ita
3284 651 3385 687 non
3413 640 3623 702 oportet
3651 631 3784 684 divi—

2206 750 2272 789 na
2296 734 2505 803 eloquia
2558 740 2761 787 temere
2787 728 3022 799 aggredi.
3060 728 3125 781 Et
3151 728 3358 798 spiritus
3385 725 3479 779 Dei
3504 724 3784 791 superfere-

2207 826 2354 879 batur
2378 840 2529 892 super
2553 820 2776 893 aquam(
2806 820 2933 873 Gen.
2968 821 3019 873 1.
3050 819 3086 872 2
3117 820 3154 886 ).
3181 818 3435 887 Spiritum
3470 823 3629 869 vocat
3654 830 3783 868 ven-

2210 928 2344 978 tum,
2375 924 2431 970 ut
2452 914 2576 968 alibi
2598 913 2723 966 dicit
2753 929 2767 964 :
2807 910 2870 964 In
2897 910 3076 979 spiritu
3095 908 3366 963 vehementi
3388 916 3611 960 conteres
3632 921 3783 957 naves

2213 1009 2420 1063 Tharsis
2454 1007 2622 1078 (Psal.
2653 1005 2740 1060 47.
2772 1007 2861 1075 8):
2896 1005 3138 1073 spiritum
3171 1017 3372 1055 vocans
3398 1001 3535 1053 aeris
3561 1008 3782 1052 motum.

2210 1100 2289 1154 Ne
2321 1107 2475 1170 putes
2503 1100 2647 1151 enim
2685 1096 2825 1150 aliud
2870 1111 2990 1151 esse
3028 1110 3204 1149 aerem
3235 1135 3248 1161 ,
3279 1102 3334 1147 et
3358 1092 3499 1147 aliud
3527 1101 3736 1145 ventum
3770 1108 3783 1143 :

2216 1192 2329 1260 ipse
2358 1192 2552 1260 quippe
2578 1204 2670 1244 aer
2705 1188 3001 1243 concitatus
3041 1197 3257 1239 ventum
3293 1184 3416 1238 facit
3441 1225 3456 1248 ,
3501 1195 3556 1236 ut
3582 1183 3790 1249 experi-

2216 1294 2398 1339 mento
2419 1282 2814 1351 comprobatur.
2851 1280 3005 1348 Saepe
3034 1278 3193 1347 igitur
3216 1276 3426 1330 ﬂabello
3453 1285 3545 1329 aut
3568 1274 3788 1329 sindone

2215 1373 2553 1442 tranquillum
2582 1388 2758 1426 acrem
2786 1383 3190 1425 commovcmus
3216 1409 3230 1431 ,
3280 1377 3334 1419 et
3371 1382 3436 1421 ex
3476 1366 3618 1419 aeris
3645 1375 3788 1418 motu

2218 1476 2436 1520 ventum
2461 1464 2699 1518 facimus.
2730 1463 2798 1519 Ut
2814 1477 2942 1533 ergo
2970 1476 3036 1515 ex
3063 1463 3177 1531 ipso
3197 1460 3383 1529 spiritu
3405 1459 3795 1513 demonstrare-

2219 1569 2306 1613 tur
2332 1568 2546 1611 ventum
2589 1571 2708 1610 esse
2750 1554 2889 1608 acris
2933 1563 3136 1607 motum
3159 1591 3175 1616 ,
3216 1551 3316 1605 hac
3340 1551 3409 1605 de
3436 1563 3595 1603 causa
3624 1549 3791 1612 dixit,

2222 1648 2665 1716 Superfercbatur.
2700 1646 2977 1714 Proprium
3002 1643 3143 1698 enim
3178 1652 3337 1696 vento
3364 1651 3447 1696 est
3472 1650 3531 1694 ut
3559 1638 3798 1710 superfe-

2220 1752 2369 1797 ratur
2394 1741 2669 1795 creatiuni.
2715 1738 2861 1792 Dixit
2894 1737 3033 1791 Deus
3062 1777 3077 1800 ,
3120 1735 3243 1789 Fiat
3268 1735 3375 1789 lux.
3402 1735 3508 1788 Cur
3534 1749 3640 1786 non
3672 1732 3800 1786 dixit

2223 1834 2451 1904 Moyses,
2488 1832 2630 1884 Dixit
2656 1830 2795 1884 Deus
2822 1872 2836 1891 ,
2871 1827 2990 1882 Fiat
3017 1827 3203 1881 caelum
3226 1866 3241 1888 ,
3272 1824 3359 1878 ﬁat
3386 1839 3537 1878 mare
3557 1859 3575 1889 ,
3608 1823 3702 1877 sed
3733 1822 3798 1875 ibi

2224 1923 2436 1994 quidem
2460 1965 2474 1988 ,
2501 1920 2643 1975 Fecit
2670 1962 2683 1983 ,
2714 1919 2802 1974 hic
2818 1934 2979 1982 vero,
3011 1917 3151 1972 Dixit
3170 1958 3186 1982 ,
3211 1914 3638 1986 quandoquidem
3666 1913 3802 1982 apud

2223 2029 2326 2069 nos
2351 2028 2529 2069 sermo
2550 2011 2969 2082 prreccditopus
2994 2027 3006 2063 :
3029 2024 3151 2063 nam
3178 2008 3350 2077 primo
3372 2006 3599 2060 dicimus
3621 2048 3635 2071 ,
3658 2005 3802 2059 dvin-

2227 2105 2294 2160 de
2336 2103 2598 2159 facimus?
2625 2101 2920 2157 Ostentlere
2946 2101 3131 2154 volens
3158 2099 3324 2154 Deum
3374 2098 3548 2167 primo
3586 2095 3798 2161 facere;

2226 2206 2289 2251 ut
2308 2196 2451 2250 omni
2478 2209 2725 2251 sermone
2744 2194 3064 2248 velociorem
3089 2192 3415 2246 creationem
3441 2204 3562 2243 esse
3589 2188 3808 2242 demon-

2231 2298 2363 2343 stret
2384 2288 2643 2359 reptando
2664 2287 2938 2341 materiam
2964 2285 3161 2339 virtute
3189 2298 3282 2337 sua
3308 2291 3471 2340 creat.
3502 2281 3631 2335 dicit
3656 2279 3804 2346 illud,

2232 2381 2379 2435 Fecit
2404 2399 2423 2446 ;
2443 2380 2655 2451 quando
2678 2382 2861 2434 autem
2879 2378 3054 2432 omnia
3082 2378 3220 2432 Deus
3248 2384 3535 2429 ornaturus
3560 2380 3697 2438 erat,
3719 2388 3809 2428 or-

2234 2486 2391 2530 natus
2419 2486 2594 2529 autem
2619 2472 2920 2542 huiusmodi
2948 2471 3269 2542 principium
3291 2470 3379 2523 lux
3408 2478 3543 2533 erat,
3576 2477 3702 2521 tunc
3728 2468 3807 2519 in-

2235 2568 2381 2621 ducit
2409 2566 2728 2620 concinnum
2756 2577 3079 2617 sermonem.
3111 2561 3178 2615 Et
3204 2561 3326 2630 quia
3350 2574 3561 2613 rursum
3581 2558 3806 2627 primum

2239 2658 2330 2712 Dei
2375 2671 2509 2726 opus
2547 2656 2636 2709 lus
2669 2696 2682 2715 .
2729 2664 3056 2723 postremum
3102 2666 3231 2706 vero
3280 2651 3442 2704 homo
3486 2650 3614 2703 fuit:
3644 2648 3813 2718 primo

2238 2750 2379 2803 Deus
2395 2749 2563 2802 lucem
2577 2755 2827 2815 operatur
2843 2747 3027 2809 verbo,
3049 2751 3317 2813 postremo
3335 2740 3605 2794 hominem
3628 2754 3807 2809 opere,

2245 2858 2272 2893 a
2308 2842 2425 2895 luce
2449 2840 2499 2893 in
2527 2840 2696 2893 lucem
2722 2838 2993 2891 desinens.

2311 2931 2361 2985 6.
2397 2929 2562 2982 Homo
2594 2928 2842 2996 quomodo
2880 2928 2985 2979 luas.
3022 2955 3087 2964 -—
3112 2923 3389 2991 Quomodo
3419 2930 3597 2976 autem
3646 2922 3804 2975 homo

2242 3023 2329 3076 lux
2357 3021 2444 3084 sit,
2478 3020 2622 3073 audi.
2648 3019 2762 3073 Lux
2790 3032 2875 3071 res
2903 3016 3140 3071 ostendit
3164 3034 3176 3068 :
3207 3016 3292 3068 lux
3316 3014 3498 3069 mundi
3524 3013 3685 3067 homo
3702 3022 3811 3066 est:

2244 3112 2518 3181 ingressus
2554 3108 2791 3163 ostendit
2836 3109 2929 3162 tibi
2960 3108 3133 3162 lucem
3165 3106 3317 3171 artis,
3350 3105 3523 3160 lucem
3557 3105 3810 3158 scientiae.

2246 3204 2359 3259 Lux
2407 3202 2644 3257 ostendit
2691 3202 3038 3266 frumentum,
3068 3199 3413 3269 intelligentia
3444 3214 3634 3269 panem
3666 3199 3815 3259 fecit;

2249 3298 2338 3351 lux
2367 3294 2604 3349 ostendit
2630 3295 2800 3347 vineae
2831 3308 2986 3347 uvam
3012 3310 3025 3355 ;
3052 3292 3139 3344 lux
3171 3291 3537 3361 intelligentiae
3582 3287 3819 3343 exhibuit

2248 3392 2431 3445 vinum
2454 3431 2469 3454 ,
2509 3387 2648 3459 quod
2680 3388 2731 3440 in
2759 3401 2861 3440 uva
2908 3386 3245 3449 continetur,
3276 3384 3365 3437 lux
3391 3382 3713 3437 monstravit
3756 3381 3821 3433 la-

2254 3499 2413 3544 nam,
2472 3483 2563 3535 lux
2593 3480 2826 3533 hominis
2870 3478 3115 3531 exhibuit
3162 3486 3365 3529 vestem
3410 3475 3540 3528 :lux
3594 3471 3823 3528 ostendit

2254 3584 2513 3636 montem,
2548 3574 2635 3627 lux
2671 3572 3037 3641 intelligentiae
3059 3568 3678 3638 exhilmitlapicidinam.
3704 3566 3822 3620 Ideo

2252 3666 2503 3720 Servatur
2531 3665 2704 3717 lucem
2730 3671 2888 3717 vocat
2928 3661 3201 3730 apostolos
3230 3660 3311 3714 his
3331 3660 3510 3714 verbis
3535 3676 3549 3710 :
3590 3657 3687 3711 Vos
3710 3657 3824 3710 estis

2258 3757 2345 3811 lux
2369 3757 2543 3808 mundi
2567 3755 2776 3823 (Matth.
2805 3756 2856 3809 5.
2880 3754 2992 3824 14).
3026 3751 3133 3806 Cur
3162 3753 3279 3806 illos
3299 3753 3471 3807 lucem
3500 3759 3658 3804 vocat
3676 3752 3699 3802 ?
3716 3749 3822 3803 Non

2257 3857 2314 3901 ut
2341 3847 2461 3901 illos
2487 3847 2684 3900 alliciat
2720 3847 2926 3899 honore
2957 3854 3165 3898 tantum
3188 3885 3200 3903 .
3243 3843 3338 3898 sed
3381 3844 3541 3897 etiam
3576 3851 3631 3894 ut
3679 3856 3825 3909 spem

2257 3935 2666 3991 resurrectionis
2693 3934 2958 3989 ostendat.
2990 3933 3449 4002 Quemadmodum
3470 3932 3714 3986 enimlux
3743 3946 3828 3983 ve-

2259 4041 2414 4097 Spere
2434 4026 2684 4080 occidens
2711 4040 2816 4079 non
2857 4026 3032 4095 perit,
3074 4024 3167 4078 sed
3197 4022 3559 4086 absconditur,
3607 4032 3661 4075 et
3690 4031 3829 4089 post—

2258 4133 2416 4186 quam
2440 4116 2649 4170 occulta
2671 4114 2791 4182 fuit,
2824 4130 3033 4169 rursum
3062 4123 3286 4183 apparet
3312 4131 3324 4166 :
3358 4114 3439 4167 sic
3476 4121 3531 4168 et
3558 4112 3719 4166 homo
3738 4126 3827 4163 ve-

2260 4209 2339 4262 lut
2373 4209 2425 4260 in
2459 4221 2707 4261 occasum
2762 4204 3047 4275 quemdam
3086 4205 3141 4258 in
3181 4204 3485 4274 sepulcrum
3524 4203 3826 4264 demissus,

2260 4298 2671 4354 resurrectionis
2704 4313 2915 4351 rursum
2934 4297 3081 4351 ortui
3105 4308 3368 4350 servatur.
3414 4295 3535 4348 Fiat
3561 4296 3668 4348 lux.
3694 4294 3830 4348 Dixit

2264 4391 2462 4445 factam
2496 4406 2656 4454 esse;
2688 4404 2795 4458 quo
2828 4399 3008 4444 autem
3034 4388 3217 4453 modo,
3242 4405 3348 4442 non
3387 4389 3697 4451 declaravit,
3746 4402 3833 4441 ne-

2266 4496 2369 4551 que
2395 4481 2553 4535 etiam
2572 4479 2773 4533 didicit.
2794 4478 2926 4534 Nam
2940 4478 3079 4548 quod
3092 4480 3179 4533 lux
3207 4478 3341 4532 facta
3366 4479 3455 4542 sit,
3480 4479 3668 4547 inquit,
3695 4477 3827 4530 bene

2265 4574 2387 4628 novi
2418 4592 2431 4628 :
2464 4571 2735 4642 quomodo
2755 4580 2933 4627 autem
2956 4571 3095 4625 facta
3121 4572 3193 4625 sit
3217 4585 3322 4625 non
3353 4571 3526 4640 capio.
3556 4570 3683 4624 Ideo
3707 4570 3830 4623 Ser-

2267 4676 2420 4718 vator
2442 4665 2699 4734 apostolis
2728 4665 2941 4719 dicebat
2974 4682 2985 4714 ε
3021 4662 3142 4718 Νοη
3167 4674 3386 4717 vestrum
3434 4673 3507 4717 est
3532 4680 3681 4717 nosse
3706 4674 3829 4717 tem-

2266 4774 2389 4825 pora
2413 4757 2488 4810 vel
2532 4767 2820 4823 momenta,
2848 4772 2963 4826 quae
2988 4755 3150 4810 Pater
3177 4758 3339 4826 posuit
3366 4757 3419 4810 in
3445 4773 3539 4810 sua
3576 4765 3831 4826 potestate

2266 4850 2577 4916 (Act.l.7).
2628 4848 2787 4916 Atqui
2840 4862 2944 4901 non
2974 4856 3060 4903 est
3100 4860 3338 4902 nostrum
3388 4863 3553 4903 nosse
3598 4860 3831 4918 tempora

2265 4939 2347 4993 vel
2374 4948 2643 4993 momenta
2667 4980 2683 5003 ,
2720 4946 2774 4992 et
2815 4939 3098 4993 Dominum
3143 4948 3443 5007 temporum
3474 4938 3835 5008 Opiﬁcemque

2265 5031 2590 5085 saaculorum
2620 5039 2871 5098 poterunt
2902 5030 3132 5084 humana
3163 5031 3446 5084 ratiocinia
3478 5031 3834 5099 comprehen-

2265 5120 2430 5175 dere?
2456 5119 2599 5173 Dixit
2624 5118 2786 5185 Deus,
2821 5119 2937 5173 Fiat
2968 5120 3058 5175 tua:
3086 5136 3105 5174 :
3134 5130 3178 5173 et
3209 5120 3344 5189 facta
3362 5129 3437 5173 est
3462 5120 3551 5173 tua:
3606 5119 3759 5190 (Gen.
3784 5121 3835 5173 l.

2266 5214 2343 5285 ὃ).
2387 5212 2432 5269 0
2486 5222 2723 5267 sanctam
2764 5213 2907 5266 illam
2939 5226 3293 5283 magnamque
3332 5212 3662 5282 potentiam!
3693 5228 3726 5265 ο
3755 5212 3838 5264 iu-

2267 5308 2444 5377 gentia
2474 5306 2727 5359 miracula
2754 5307 2768 5359 !
2795 5304 2959 5358 Facta
2987 5316 3059 5359 est
3083 5305 3175 5358 tua:
3201 5320 3219 5357 :
3258 5314 3305 5357 et
3325 5312 3479 5358 vocat
3504 5303 3643 5357 Deus
3684 5304 3835 5356 lucem

2270 5398 2423 5461 diem,
2454 5407 2498 5450 et
2518 5397 2745 5449 tenebras
2772 5404 2967 5449 noctem
2997 5394 3149 5465 (Gen.
3190 5396 3239 5449 1.
3271 5396 3350 5462 5).
3379 5393 3487 5449 Cur
3509 5409 3671 5464 porro
3701 5396 3834 5448 diem

2271 5501 2446 5560 ἡμέραν
2490 5490 2682 5545 vocat?
2741 5490 3004 5555 Quoniam
3053 5487 3310 5557 quidquid
3341 5488 3518 5542 laetum
3544 5498 3601 5542 et
3628 5488 3789 5541 hilare
3819 5528 3834 5550 ,

2272 5592 2440 5654 ἥμερον
2490 5583 2604 5638 sive
2640 5582 2796 5636 dulce
2822 5581 3039 5637 dicitur.
3081 5580 3206 5635 Ideo
3250 5582 3408 5635 etiam
3458 5581 3835 5652 benignitatem

2276 5683 2547 5747 ἡμερότητα
2587 5688 2839 5727 vocamus
2860 5714 2875 5739 ,
2909 5681 2965 5727 et
2982 5671 3189 5727 cicures
3213 5671 3512 5726 animantes
3538 5681 3735 5743 ἡμέρους
3762 5670 3839 5723 di-

2274 5767 2460 5821 cimus.
2489 5764 2555 5819 Et
2580 5764 2770 5819 vocavit
2801 5763 2936 5819 Deus
2953 5763 3115 5818 lucem
3135 5762 3267 5818 diem
3289 5802 3306 5831 ,
3330 5770 3376 5817 et
3397 5761 3624 5817 tenebras
3649 5759 3838 5817 vocarit
