4044 6306
255 429 365 481 Καὶ
387 427 416 478 6
657 404 735 488 δὲ,
760 424 847 478 ἵνα
868 405 1040 502 δείξῃ,
1070 411 1152 479 δτι
1182 406 1241 478 τὸ
1271 424 1380 497 πῦρ
1402 427 1495 479 καὶ
1517 427 1552 497 ἡ
1577 421 1830 496 ἀστραπὴ

259 516 520 584 συγγενές
552 515 689 580 ἐστι,
719 514 865 583 λέγει
895 516 953 568 ἐν
985 513 1063 585 τῷ
1100 515 1416 584 Εὑαγγελίῳ
1439 532 1451 544 ·
1500 515 1561 567 '0
1605 515 1835 583 λύχνος

255 603 363 657 τοῦ
390 601 664 671 σώματός
678 601 847 654 ἐστιν
870 605 902 654 ὀ
922 603 1247 670 ὀφθαλμός.
1267 602 1405 655 Ἐὰν
1426 597 1541 654 οὖν
1561 601 1594 653 ὁ
1615 601 1836 668 ὀφθαλ-

250 692 365 762 μός
397 709 513 746 σου
542 691 823 759 φωτεινὸς
844 684 904 760 ᾖ,
931 689 1066 744 ὅλον
1103 691 1169 743 τὸ
1203 676 1375 758 σῶμά
1398 705 1516 743 σου
1547 685 1835 758 φωτεινόν

252 782 446 834 ἔσται.
483 780 667 832 Ταῦτα
712 783 740 832 6
789 778 997 848 Σωτήρ.
1038 773 1169 830 Εἶτα
1203 777 1430 846 ἐπάγει·
1467 777 1567 843 Ὠς
1617 776 1762 829 ὅταν
1800 775 1834 828 ό

253 871 486 937 ,λύχνος
521 867 596 937 τῇ
633 865 912 935 ἀστραπῇ
943 865 1156 936 φωτίζῃ
1183 884 1257 920 σε
1282 883 1296 896 ο
1337 866 1528 938 λύχνου
1551 866 1832 938 ἀστραπὴν

251 944 422 1010 εἰπὼν
450 957 547 1027 τὴν
573 956 744 1027 αὐγὴν
775 955 868 1007 τοῦ
899 954 1107 1024 λύχνου.

324 1051 387 1098 ε’.
427 1046 612 1098 Πάντα
639 1040 729 1097 οὖν
757 1045 970 1112 ἐγένετο
985 1046 1001 1073 ’·
1053 1041 1165 1114 πῦρ
1196 1041 1431 1112 ἐγένετο,
1460 1041 1682 1097 ἄϐυσσοι
1713 1040 1834 1109 ἐγέ-

253 1154 427 1198 νοντο,
457 1137 668 1204 άνεμοί,
702 1135 770 1187 τά
801 1135 1040 1205 τέσσαρα
1072 1137 1331 1204 στοιχεῖα,
1363 1133 1456 1203 γῆ,
1500 1132 1632 1204 πῦρ,
1665 1131 1832 1202 ὕδωρ,

247 1224 382 1296 ἀήρ.
421 1222 531 1276 Καὶ
572 1222 679 1292 γὰρ
726 1221 867 1292 άπερ
918 1222 1242 1294 παρέλειψεν
1283 1220 1359 1285 ὡς
1401 1223 1458 1274 ἐν
1504 1220 1832 1292 παροιδόξῳινι

252 1310 748 1381 ἀνακεφαλαιοῦται
792 1311 1034 1381 Μωῦσῆς
1074 1311 1279 1380 λέγων·
1323 1310 1427 1364 Ἐν
1476 1308 1546 1374 ἐξ
1588 1309 1834 1378 ἡμέραις

251 1403 544 1470 ἐποίησεν
570 1403 604 1454 ὁ
634 1401 776 1465 Θεὸς
811 1399 919 1454 τὸν
949 1398 1210 1468 οὐρανὸν
1255 1399 1354 1453 καὶ
1401 1398 1516 1468 τὴν
1555 1400 1689 1470 γῆν,
1732 1397 1834 1452 καὶ

250 1490 452 1544 πάντα
480 1490 550 1544 τὰ
569 1490 643 1542 ἐν
662 1489 1104 1561 αὺτοῖς-,Ὥσπερ
1127 1487 1184 1542 δὲ
1216 1489 1308 1541 ἐπὶ
1336 1486 1429 1540 τοῦ
1456 1485 1704 1558 σώματος
1733 1487 1833 1540 οὐκ

253 1575 378 1631 εἷπε
405 1579 580 1632 πάντα
609 1577 676 1630 τὰ
705 1577 865 1647 μέλη,
887 1573 1059 1640 οὕτως
1084 1576 1204 1630 οὐδὲ
1224 1575 1318 1628 ἐπὶ
1348 1579 1447 1647 τῆς
1479 1575 1832 1649 δημιουργίας

252 1665 681 1737 ἐξηρίθμησατο,
729 1666 778 1718 εί
827 1665 922 1718 καὶ
969 1665 1147 1719 πάντα
1189 1663 1704 1736 συγκατεσκευάσθη
1755 1663 1834 1734 τῷ

255 1753 467 1824 κόσμῳ.
493 1754 556 1806 Et
585 1751 640 1804 δέ
678 1753 754 1824 μὴ
776 1746 844 1822 ἦν
871 1753 929 1806 ἐν
960 1753 1028 1824 τῇ
1063 1755 1134 1824 γῇ
1177 1751 1310 1822 πῦρ,
1349 1753 1450 1806 οὐκ
1491 1751 1556 1806 ἂν
1596 1752 1833 1824 σήμερον

250 1841 366 1894 ἀπὸ
396 1840 601 1910 πέτρας
630 1838 740 1910 πῦρ
767 1839 1038 1905 ἐξέϐαλον,
1069 1840 1102 1911 ἢ
1133 1840 1240 1893 ἀπὸ
1267 1839 1457 1906 ξύλουο
1503 1839 1834 1912 παρατριϐό-

254 1945 420 1999 μενον
448 1928 557 1999 γὰρ
577 1927 640 1980 τὸ
665 1925 818 1992 ξύλον
843 1926 953 1999 πῦρ
975 1929 1158 1998 γεννᾷ.
1187 1927 1429 2000 Πρόσεχε
1452 1922 1544 1981 οῦν
1569 1926 1830 1998 ἀκριϐῶς.

255 2021 482 2085 Σιιότος
526 2013 627 2088 ἦν,
657 2018 841 2089 φησὶν,
883 2016 1082 2072 ἐπάνω
1113 2015 1226 2086 τῆς
1261 2012 1708 2088 ἀϐύσσουΪΑρα
1741 2013 1834 2070 οῦν

257 2107 468 2170 σκότος,
497 2107 682 2178 φησὶν,
712 2109 740 2160 6
759 2105 890 2170 Θεὸς
916 2104 1169 2178 ἐποίησεν
1190 2123 1204 2174 ;
1230 2105 1464 2176 Οἴδαμεν
1485 2101 1577 2159 οὖν
1596 2106 1678 2159 δτι
1699 2104 1832 2176 βαθὺ

254 2196 318 2249 τὸ
347 2197 560 2268 νόημαο
591 2195 705 2250 ἀλλ’
734 2194 922 2266 ἐπειδὴ
972 2193 1174 2266 μεταξύ
1222 2197 1388 2266 ἐσμεν
1439 2194 1696 2257 πολλάκις
1738 2195 1833 2248 καὶ

256 2283 367 2337 τῶν
405 2281 705 2355 ἀγαπητῶς
752 2283 1078 2345 ἀκουόντων,
1116 2283 1340 2336 καὶτῶν
1367 2281 1831 2354 ἐπιλαμϐάνεσθαι

256 2371 576 2439 φιλούντων,
603 2371 815 2442 ἀνάγκη
860 2372 936 2442 μὴ
959 2369 1334 2441 παραλείπειν
1355 2369 1710 2436 ἀνεξέταστον
1740 2371 1833 2424 τὸν

255 2460 435 2529 λόγον,
463 2461 550 2514 ἵνα
580 2460 657 2532 μὴ
685 2458 893 2531 μεγάλη
923 2459 1021 2530 μὲν
1047 2459 1346 2529 ἐπαγγελία
1374 2455 1430 2533 ᾗ,
1468 2459 1661 2530 μικρὸν
1689 2460 1746 2514 δὲ
1771 2460 1834 2513 τὸ

255 2549 624 2619 ἀποτέλεσμα.
656 2546 826 2602 Πόθεν
850 2544 944 2601 οῦν
967 2547 1029 2601 τὸ
1056 2549 1278 2612 σκότος;
1322 2549 1379 2600 '0
1399 2548 1507 2619 γάρ
1526 2548 1657 2611 Θεὸς
1679 2548 1829 2616 αὐτὸ,

259 2638 448 2708 φησὶν,
475 2637 575 2689 οὐκ
605 2636 859 2706 ἐποίησε·
893 2635 1023 2699 Θεὸς
1047 2637 1176 2707 γάρ,
1217 2639 1400 2706 φησὶν,
1426 2634 1550 2689 οὔτε
1585 2637 1830 2702 σκότους,

257 2724 383 2778 οὔτε
413 2725 644 2794 γνόφους
666 2726 814 2779 ἐστὶν
843 2725 1099 2796 ἐργάτης.
1119 2724 1182 2777 Τί
1202 2743 1328 2779 ποτε
1352 2721 1444 2779 οὖν
1473 2727 1590 2778 ἐστι
1612 2725 1829 2791 σκότος;

258 2812 452 2865 Πολλοὶ
477 2811 748 2883 ἠθέλησαν
780 2813 974 2876 εἰπεῖν,
1009 2812 1362 2883 ἀποσκίασμα
1389 2808 1526 2867 εἶναι
1553 2812 1647 2865 τοῦ
1669 2813 1833 2883 οὐρα-

257 2900 479 2962 νοῦ.Ὠς
527 2899 635 2969 γάρ
681 2901 914 2969 ἐγένετο,
943 2901 1126 2970 φησὶν,
1158 2901 1186 2952 6
1231 2899 1454 2970 οὐρανὸς
1499 2901 1527 2952 6
1572 2899 1701 2965 άνω,
1738 2899 1832 2954 καὶ

255 2988 486 3060 ἐλείφθη
510 2988 577 3041 τὰ
609 2989 764 3058 φῶτα
789 2988 855 3041 τά
885 2988 1017 3051 ἄνω,
1048 2986 1335 3058 ἐγυμνώθη
1365 2989 1399 3058 ἡ
1419 2987 1488 3057 γῆ
1510 2988 1602 3041 καὶ
1620 2987 1835 3058 ἐγένετο

259 3079 479 3140 σκότος.
498 3077 630 3130 Ἀλλ’
668 3079 694 3130 ὁ
725 3078 950 3149 οὐρανὸς
983 3075 1094 3130 ἅνω
1127 3077 1385 3145 φωτεινός
1419 3078 1589 3142 ἐστιν,
1618 3078 1679 3131 ού
1707 3095 1833 3132 σκο-

253 3169 457 3233 τεινὸς,
485 3168 584 3222 κᾶν
614 3169 686 3242 μὴ
707 3166 819 3239 εἷχε
840 3168 930 3221 τὸν
949 3167 1119 3239 ἥλιον,
1141 3167 1287 3238 ῆτὴν
1311 3167 1559 3239 σελήνην,
1577 3167 1610 3239 ἢ
1633 3169 1830 3242 ἄστρα,

255 3259 432 3330 αὐτὴν
469 3254 580 3328 εἶχε
615 3259 711 3328 τὴν
741 3257 900 3326 φύσιν
932 3255 1270 3328 λάμπουσαν.
1315 3257 1376 3308 Εἰ
1413 3251 1506 3310 οὖν
1541 3258 1570 3310 6
1607 3257 1831 3329 οὐρανὸς

255 3349 548 3413 ἐπέκειτο,
587 3347 623 3418 ή
659 3347 712 3399 δέ
750 3347 820 3416 γῆ
857 3346 1076 3417 ἦπλωτο
1098 3385 1113 3411 ,
1153 3347 1181 3397 6
1218 3346 1448 3415 λάμπων
1486 3344 1690 3400 ἄνωθεν
1716 3386 1732 3412 ,
1770 3346 1830 3398 16

255 3423 630 3507 φωτιζόμενον
666 3433 930 3496 κάτωθεν,
971 3433 1133 3488 πόθεν
1169 3434 1228 3487 τὸ
1269 3434 1499 3501 σκότος;
1552 3435 1704 3506 Ἐμοὶ
1739 3431 1832 3489 οῦν

254 3527 428 3590 δοκεῖ,
455 3523 640 3595 ἐπειδὴ
667 3522 970 3588 ἐπεπόλαζε
993 3522 1055 3576 τὸ
1089 3523 1231 3595 ὕδωρ
1255 3526 1320 3595 τῇ
1352 3527 1446 3596 γῇ,
1469 3523 1634 3594 ἀχλὺς
1659 3524 1715 3578 δὲ
1739 3526 1834 3578 καὶ

254 3617 456 3685 γνόφος
494 3617 620 3685 περὶ
649 3613 717 3667 τά
748 3613 916 3668 ὕδατα
950 3613 1306 3685 συνειστήκει,
1333 3612 1361 3665 ὃ
1386 3614 1478 3666 καὶ
1505 3613 1711 3682 γίνεται
1738 3613 1832 3668 νῦν

255 3705 354 3758 ἐπὶ
377 3705 488 3766 τοῖς
523 3704 804 3771 ποταμοῖς,
838 3702 872 3772 ἡ
900 3699 1064 3772 ἀχλὺς
1089 3700 1284 3769 γνόφον
1304 3700 1587 3770 ἐγείρουσα
1609 3701 1830 3772 ἐποίησε

255 3792 509 3862 νεφέλας,
528 3789 675 3863 [442]
694 3791 751 3843 αἱ
767 3787 982 3859 νεφέλαι
999 3788 1412 3854 ἐπισκιάζουσαι
1438 3789 1623 3854 σκότος
1643 3791 1830 3863 ἐποίη-

256 3898 385 3937 σαν.
418 3883 540 3935 Ὅτι
578 3881 634 3934 δὲ
669 3880 870 3951 ἐγείρει
903 3878 1098 3950 νεφέλη
1126 3879 1334 3942 σκότος,
1365 3878 1510 3948 λέγει
1537 3881 1570 3952 ἡ
1599 3881 1785 3954 Γραφή
1813 3897 1828 3912 -

253 3971 367 4024 Καὶ
388 3973 422 4024 ὁ
440 3967 695 4036 οἰφανὸς
711 3967 1164 4021 συνεσκότασεν
1176 3967 1244 4020 ἐν
1257 3967 1557 4036 νεφέλαις.
1576 3969 1667 4022 Δεῖ
1684 3969 1739 4023 δέ
1755 3969 1830 4042 μὴ

253 4059 478 4126 ἀγνοεῖν
514 4057 606 4108 καὶ
639 4055 744 4108 τῶν
779 4053 1071 4126 αίρετικῶν
1103 4052 1203 4117 τὰς
1230 4053 1577 4126 ἀλληγορίας.
1625 4057 1832 4127 Αἱρετι-

253 4144 346 4198 κοί
389 4160 537 4206 τινες
583 4142 884 4212 ἐτόλμησαν
934 4143 1128 4205 εἰπεῖν,
1163 4142 1245 4196 ὅτι
1303 4142 1490 4206 σκότος
1532 4145 1561 4197 6
1591 4143 1832 4208 διάϐολός

251 4236 428 4296 ἐστιν,
454 4234 487 4301 ἡ
509 4230 567 4283 δὲ
592 4226 823 4294 ἄϐυσσος
848 4231 898 4282 οἱ
925 4229 1174 4300 δαίμονες
1190 4247 1204 4260 ·
1238 4231 1324 4283 ὅτε
1351 4230 1406 4284 δέ
1428 4227 1578 4285 εἶπεν
1605 4233 1633 4285 6
1657 4233 1788 4298 Θεός
1811 4251 1826 4265 ⁸

252 4318 577 4387 Γενηθήτω
604 4315 728 4387 φῶς
749 4330 764 4345 ·
793 4318 1086 4381 τουτέστιν,
1109 4317 1139 4368 6
1159 4316 1286 4381 Υἱός
1305 4317 1331 4356 b
1348 4333 1364 4346 ·
1391 4318 1452 4370 οὐ
1481 4318 1638 4388 μόνον
1664 4319 1828 4373 αὐτοῦ

251 4414 407 4465 ἐστιν
441 4406 703 4477 ἰσότιμος,
737 4405 872 4459 ἀλλὰ
904 4407 998 4459 καὶ
1019 4405 1407 4478 πρεσϐύτερος.
1449 4407 1608 4460 Ἀλλὰ
1627 4409 1830 4479 ταύτης

253 4500 360 4572 μὲν
383 4497 489 4567 τῆς
526 4495 778 4560 ἀσεϐείας
801 4496 919 4550 οὐδὲ
957 4496 1323 4567 μνημονεῦσαι
1341 4497 1426 4550 δεῖ
1446 4514 1460 4528 ·
1487 4498 1624 4570 ὑπὲρ
1651 4498 1707 4552 δὲ
1733 4500 1828 4553 τοῦ

255 4588 335 4658 μὴ
363 4587 583 4653 ἀγνοεῖν
621 4585 764 4654 ὑμᾶς
799 4584 868 4638 τά
899 4583 1164 4654 λεγόμενα
1191 4585 1604 4656 παρηγάγομεν.
1635 4586 1830 4650 Σκότος

253 4674 441 4728 τοίνυν
470 4668 540 4743 ἦν
560 4671 683 4725 τότε
711 4670 772 4724 τὸ
799 4671 864 4724 ἐκ
892 4670 1001 4724 τῶν
1031 4671 1286 4741 νεφελῶν.
1321 4672 1478 4726 Οὕτω
1499 4674 1609 4745 γὰρ
1637 4669 1705 4745 ἦν
1735 4677 1830 4728 καὶ

251 4763 316 4815 ἐν
343 4760 608 4830 Αἰγύπτῳ
650 4759 858 4823 σκότος,
910 4759 970 4812 οὐ
1027 4758 1219 4822 νυκτὸς
1262 4757 1446 4829 οὔσης,
1486 4761 1600 4814 ἀλλ’
1633 4762 1830 4833 ἀχλύος

252 4851 586 4920 γεναμένης.
615 4846 800 4911 Οὕτως
822 4843 892 4918 ἦν
913 4847 1011 4901 καὶ
1030 4848 1090 4900 ἐν
1112 4846 1194 4918 τῷ
1225 4847 1340 4920 ὄρει
1363 4851 1492 4920 Σινᾷ
1509 4867 1524 4882 ο
1557 4851 1742 4916 σκότος
1761 4849 1830 4924 ἦν

250 4940 316 4992 ού
352 4938 549 5000 νυκτὸς
579 4936 906 5007 γεναμένης,
928 4935 1064 4990 ἀλλά
1086 4936 1314 5008 νεφέλης
1341 4939 1688 5013 σκιαζούοης.
1725 4943 1831 4997 οὔ..

247 5045 364 5091 τως
392 5027 610 5097 ἐγένετο
648 5028 742 5080 καὶ
771 5026 864 5078 ἐπὶ
897 5024 991 5078 τοῦ
1030 5025 1265 5098 σταυροῦ
1298 5027 1393 5080 τοῦ
1430 5029 1664 5098 Χριστοῦ
1706 5032 1830 5085 σκό-

315 5211 346 5242 a
375 5208 460 5264 «ος
505 5207 554 5256 ἐν
574 5206 860 5269 παραδόξῳ,’
883 5205 954 5256 sic
995 5203 1292 5270 VgliganusJ:
1319 5205 1406 5270 εἰσ
1426 5207 1574 5256 etiam
1597 5207 1828 5270 Savjlius,

239 5271 353 5322 alio
373 5263 543 5334 manu
568 5263 841 5334 θιᾴωριετί
867 5280 1000 5334 υευεἶ
1033 5263 1356 5334 Sqd_conjicit_
1376 5267 1436 5334 _év
1455 5269 1665 5334 παρόδῳ.
1689 5263 1829 5322 [ιὶεεὲ

237 5339 421 5383 autem
444 5332 495 5380 ἐν
536 5327 733 5391 παρόδῳ
769 5329 850 5376 hic
884 5329 1064 5376 melius
1086 5327 1273 5391 habere
1308 5327 1552 5390 videatuf,
1583 5327 1831 5385 nbluimus

241 5401 450 5443 textum
470 5389 685 5446 mutare,
709 5389 825 5438 'cum
848 5391 1066 5450 alioquin
1088 5389 1390 5439 Severianus
1408 5403 1505 5441 non
1530 5405 1640 5442 raro
1657 5395 1830 5446 insoli-

236 5461 328 5505 tas
351 5455 614 5505 verborum
636 5453 852 5500 rationes
871 5458 1105 5500 sectetur.

315 5517 344 5556 δ
367 5517 518 5567 Addit
535 5513 690 5564 Savil.
710 5513 970 5572 τουτέστιν,
1002 5514 1029 5560 6
1050 5510 1158 5569 Υιὸς
1177 5513 1256 5562 ἵνα
1276 5514 1464 5574 γένηται
1487 5513 1606 5564 εἶπε·
1640 5517 1720 5566 καὶ
1741 5519 1828 5568 οὐκ

235 5579 555 5642 αἰσχύνονται
577 5577 665 5642 τὸν.
683 5575 902 5642 διάϐολον
930 5574 1473 5642 πρεσβύςερρν-λέγοντξς
1491 5576 1577 5627 τοῦ
1616 5578 1748 5642 nos.
1769 5584 1829 5630 Εἰ

231 5635 544 5703 γὰρ’ὸαίμων
569 5639 698 5703 ἐστὶν
728 5637 954 5703 άξυσσος,
971 5635 1004 5683 ’ό
1027 5635 1079 5703 δέ
1109 5635 1334 5703 διάϐολος
1350 5637 1537 5703 σκότος,
1562 5641 1685 5702 μετὰ
1712 5642 1829 5691 ταῦ-

233 5698 381 5768 ida;
402 5698 528 5750 εἶπεν
549 5704 577 5768 6
598 5699 1000 5768 956;,_l:§vﬂO-ﬁ1w
1021 5698 1076 5745 16
1090 5700 1212 5768 φῶς,
1234 5699 1494 5764 τουτέστιν,
1524 5698 1702 5768 όΥίός,
1725 5711 1823 5757 etc.

233 5763 410 5814 Paulo
431 5770 542 5826 post
562 5763 694 5813 idem
707 5759 816 5807 οὐδὲ
837 5760 956 5814 ὅλως
978 5775 1036 5818 μιν
1053 5791 1066 5806 .
1087 5759 1195 5811 (an.

592 5849 868 5910 ΡΔτιιοι.
912 5847 1030 5908 Gn.
1082 5846 1230 5908 LVI.

1326 287 1416 364 bi;
1454 286 1669 368 ‘M‘UNDI
1703 287 2103 367 tanniam;
2135 309 2392 368 01mm
2431 313 2471 368 ι.

3406 315 3514 374 ιω

1938 441 2049 494 τος,
2077 427 2138 481 οὐ
2165 428 2356 492 νυκτὸς
2387 428 2738 501 ἐπελθούσης,
2760 427 2899 484 αλλά
2941 429 3274 500 σκιάσματος
3301 429 3398 484 καὶ
3421 433 3517 486 ἀνι

1936 513 2240 584 τιφράξεως
2271 532 2402 583 γενα
2411 517 2594 586 μένης.
2617 516 2802 580 Οὕτως
2823 519 2884 570 οὐ
2903 516 2984 570 δεῖ
3016 516 3198 580 ἁπλῶς
3219 519 3516 590 ἐπιχειρεῖν

1935 605 2044 665 τοῖς
2079 604 2241 666 θείοις
2285 605 2504 674 λογίοις.
2561 606 2670 662 Καὶ
2718 606 2954 676 πνεῦμα
2997 607 3145 662 Θεοῦ
3194 607 3516 678 ἐπεφέρετο

1934 690 2133 745 ἐπάνω
2178 693 2286 746 τοῦ
2333 694 2569 759 ὕδατος.
2599 693 2824 764 Πνεῦμα
2866 694 3023 748 καλεῖ
3059 694 3149 748 τὸν
3179 695 3398 765 ἄνεμον,
3437 695 3516 760 ὡς

1935 779 2081 848 λέγει
2126 779 2388 850 ἀλλαχοῦ·
2445 783 2540 834 Ἐν
2591 783 2880 850 πνεύματι
2931 783 3111 850 βιαίῳ
3159 784 3515 852 συν-τρίψεις

1934 867 2116 921 πλοῖα
2154 869 2406 938 Θαρσεῖς
2427 888 2439 900 ·
2467 869 2682 940 πνεῦμα
2712 870 2890 924 καλῶν
2925 871 3026 941 τὴν
3053 871 3145 924 τοῦ
3175 871 3334 942 ἀέρος
3361 873 3516 944 κίνη-

1937 973 2040 1010 σιν.
2077 956 2167 1026 Μὴ
2195 956 2302 1027 γὰρ
2326 959 2553 1030 νομίσῃς
2588 957 2714 1011 ἄλλο
2740 952 2877 1010 εἶναι
2915 958 3073 1029 ἀέρα,
3114 961 3209 1012 καὶ
3237 959 3365 1014 ἄλλο
3391 959 3515 1014 ἄνει

1937 1060 2036 1112 μον
2058 1060 2073 1075 ·
2103 1045 2263 1110 αὐτὸς
2290 1043 2397 1117 γὰρ
2433 1047 2460 1097 ὀ
2487 1046 2594 1117 ἀὴρ
2631 1045 2944 1114 κινούμενος
2991 1050 3134 1100 ποιεῖ
3177 1046 3398 1114 ἄνεμον,
3436 1048 3516 1112 ὡς

1938 1135 2207 1204 μαρτυρεῖ
2232 1133 2443 1196 τούτοις
2475 1135 2508 1205 ἡ
2543 1137 2727 1202 πεῖρα.
2766 1132 3028 1199 Πολλάκις
3056 1130 3148 1189 οὖν
3178 1132 3209 1206 ἥ
3239 1133 3512 1207 ῥιπιδίῳῆ

1939 1219 2131 1273 σινδόνι
2162 1220 2500 1292 ἡσυχάζοντα
2530 1221 2620 1274 τὸν
2650 1221 2789 1294 ἀέρα
2818 1221 3099 1293 κινοῦμεν,
3124 1225 3217 1276 καὶ
3255 1223 3521 1294 ποιοῦμεν.

1936 1295 2042 1361 ἀπὸ
2067 1307 2163 1379 τῆς
2195 1310 2464 1381 κινήσεως
2492 1311 2584 1364 τοῦ
2612 1309 2771 1381 ἀέρος
2800 1309 3017 1382 ἄνεμον.
3058 1311 3176 1364 Ἵνα
3207 1307 3299 1366 οῦν
3328 1311 3514 1384 δειχθῇ

1937 1390 2000 1448 ἐκ
2026 1393 2118 1448 τοῦ
2153 1395 2481 1468 πνεύματος,
2526 1400 2608 1452 ὅτι
2635 1398 2663 1449 6
2696 1396 2895 1469 ἄνεμος
2923 1399 3083 1471 ἀέρος
3117 1397 3235 1452 ἐστὶ
3276 1399 3510 1471 κίνησις,

1932 1483 2019 1538 διὰ
2047 1485 2206 1538 τοῦτο
2252 1480 2426 1548 εἶπεν,
2467 1483 2836 1555 Ἐπεφέρετω
2879 1487 3009 1540 ίδιον
3047 1487 3158 1559 γὰρ
3199 1487 3401 1558 ἀνέμου
3451 1489 3515 1542 τὸ

1933 1572 2289 1644 ἐπιφέρεσθαι
2324 1576 2390 1643 τῇ
2417 1573 2766 1646 δημιουργία.
2811 1570 2999 1629 Εἶπεν
3040 1577 3073 1628 ὀ
3123 1576 3289 1642 Θεόςο
3324 1574 3514 1644 Γενη-

1934 1661 2089 1728 θήτω
2126 1661 2272 1731 φῶς.
2341 1662 2494 1717 Διατί
2541 1662 2615 1734 μὴ
2665 1659 2788 1716 εἷπε
2842 1663 3106 1735 Μωῦσῆς,
3147 1666 3230 1718 ὅτι
3280 1662 3445 1719 Εἶπεν
3485 1667 3515 1719 6

1933 1748 2065 1812 Θεός
2090 1768 2104 1780 ·
2134 1750 2424 1822 Γενηθήτω
2467 1751 2716 1826 οὐρανὸς,
2759 1752 3042 1823 γενηθήτω
3086 1753 3352 1819 θάλασσα,
3400 1755 3516 1808 ἀλλ’

1933 1838 2050 1890 ἐκεῖ
2079 1839 2198 1910 μὲν,
2235 1839 2570 1904 Ἐποίησεν,
2617 1831 2720 1894 ὧδε
2772 1839 2850 1906 δέ,
2906 1837 3114 1906 Εἶπεν,
3143 1842 3330 1914 ἐπειδὴ
3383 1843 3515 1916 παρ’

1935 1926 2064 1997 ἡμῖν
2098 1931 2418 1999 προηγεῖται
2448 1927 2605 1997 λόγος
2633 1926 2725 1982 τοῦ
2755 1926 2918 1999 ἔργου
2939 1945 2953 1959 ⁸
2987 1927 3202 1998 πρῶτον
3223 1930 3332 2003 γάρ
3364 1931 3516 2000 λέγο-

1936 2031 2054 2084 μεν,
2095 2010 2212 2068 εἶτα
2261 2015 2644 2087 ἐργαζόμεθας
2692 2017 3026 2089 Βουλόμενος
3069 2017 3239 2085 δεῖξαι
3263 2018 3352 2072 τὸν
3384 2017 3518 2072 Θεὸν

1933 2102 2149 2175 πρῶτον
2204 2105 2593 2176 ἐργαζόμενον,
2658 2105 2747 2160 ἵνα
2801 2105 3000 2170 παντὸς
3046 2106 3205 2175 λόγου
3255 2105 3518 2178 ὀξυτέραν

1921 2191 2259 2263 ,παραστήσῃ
2298 2191 2396 2262 τὴν
2435 2190 2824 2265 δημιουργίαν·
2868 2195 2954 2248 ὅτε
2985 2193 3084 2264 μὲν
3115 2193 3214 2258 τὰς
3257 2193 3387 2258 ῦλας
3420 2196 3516 2266 ἐρ-

1931 2277 2155 2347 γάζεται
2217 2279 2482 2349 δυνάμει,
2531 2278 2682 2348 λέγει
2739 2280 2800 2334 τὸ
2824 2320 2840 2348 ,
2909 2282 3260 2350 Ἐποίησεν
3316 2282 3406 2336 ὅτε
3458 2282 3518 2336 δὲ

1931 2364 2122 2437 ἔμελλε
2149 2370 2374 2438 κοσμεῖν
2391 2367 2460 2420 τά
2486 2369 2686 2434 πάντα,
2707 2368 2851 2441 ἀρχὴ
2871 2368 2931 2424 δὲ
2949 2369 3043 2424 τοῦ
3074 2370 3281 2442 κόσμου
3313 2368 3376 2424 τὸ
3399 2370 3517 2440 φῶς

1930 2450 2018 2526 ἦν,
2050 2455 2259 2523 εἰσάγει
2288 2454 2444 2523 λόγον
2468 2455 2797 2526 ἁρμόζοντα.
2824 2457 2938 2511 Καὶ
2958 2457 3143 2529 ἐπειδὴ
3175 2458 3336 2512 πάλιν
3359 2457 3514 2530 πρῶ-

1930 2559 2020 2596 τον
2043 2542 2200 2614 ἔργον
2227 2543 2360 2597 Θεοῦ
2391 2542 2526 2612 φῶς,
2555 2544 2863 2599 τελευταῖον
2883 2543 2940 2600 δὲ
2961 2545 3123 2617 ἔργον
3149 2546 3283 2600 Θεοῦ
3309 2546 3517 2618 ἄνθρω-

1933 2647 2032 2694 πος
2067 2627 2135 2702 ἦν
2155 2645 2169 2661 ο
2200 2630 2416 2703 πρῶτον
2443 2632 2734 2703 ἐργάζεται
2761 2632 2894 2698 Θεὸς
2922 2633 3064 2704 λόγῳ
3091 2633 3150 2687 τὸ
3183 2635 3318 2704 φῶς,
3359 2634 3518 2689 ὕστεν

1936 2735 2025 2788 ρον
2049 2718 2106 2772 δὲ
2135 2718 2226 2772 τὸν
2255 2718 2538 2791 ἄνθρωπον
2563 2720 2730 2792 ἔργῳ,
2765 2721 2873 2775 ἀπὸ
2911 2722 3087 2792 φωτὸς
3116 2725 3195 2786 είς
3231 2723 3348 2794 φῶς
3381 2741 3517 2794 συμ-

1932 2806 2172 2878 πληρῶν.

1959 2891 1965 2896 ’
2003 2902 2074 2961 ς’.
2103 2896 2211 2949 Καὶ
2243 2895 2358 2962 πῶς
2380 2895 2495 2966 φῶς
2516 2899 2611 2952 καὶ
2636 2898 2943 2970 ἄνθρωπος,
2965 2899 3153 2955 ἄκουε.
3175 2899 3248 2954 Τὸ
3271 2901 3386 2969 φῶς
3403 2900 3513 2955 δεί-

1932 3000 2086 3037 κνυσι
2111 2983 2179 3036 τά
2205 2983 2362 3038 ὄντα·
2387 2985 2448 3038 τὸ
2470 2985 2584 3056 φῶς
2610 2987 2705 3040 τοῦ
2731 2988 2936 3059 κόσμου
2957 2991 2985 3042 6
3005 2989 3289 3059 ἄνθρωπος
3307 3006 3320 3020 °
3347 2989 3515 3043 εἰσελ-

1933 3069 2042 3125 θὼν
2071 3069 2239 3136 ἐδειξέ
2271 3085 2352 3125 σοι
2391 3071 2506 3141 φῶς
2530 3073 2747 3144 τέχνης,
2780 3075 2896 3144 φῶς
2926 3076 3256 3146 ἐπιστήμης.
3300 3077 3372 3130 Τὸ
3397 3076 3515 3145 φῶς

1933 3159 2099 3226 ἔδειξε
2123 3163 2285 3224 σῖτον,
2316 3162 2350 3231 ἡ
2383 3158 2596 3224 σύνεσις
2624 3162 2879 3234 ἐποίησεν
2908 3164 3100 3234 ἄρτον·
3125 3164 3184 3216 τὸ
3204 3163 3318 3232 φῶς
3344 3149 3514 3229 ἔδειξε

1931 3250 2020 3302 τὸν
2045 3249 2237 3320 βότρυν
2268 3252 2367 3321 τῆς
2384 3249 2653 3320 ἀμπέλου,
2683 3251 2746 3304 τὸ
2777 3251 2893 3320 φῶς
2923 3252 3022 3320 τῆς
3057 3253 3326 3316 συνέσεως
3343 3253 3513 3319 ἔδειξε

1931 3338 2022 3392 τὸν
2058 3334 2198 3390 οἶνον
2226 3337 2317 3390 τὸν
2355 3338 2413 3390 ἐν
2441 3337 2518 3407 τῷ
2553 3336 2736 3411 βότρυῖ
2758 3353 2772 3366 ⁶
2814 3339 2873 3392 τὸ
2911 3338 3026 3408 φῶς
3055 3339 3220 3404 ἔδειξε
3248 3340 3310 3393 τὸ
3343 3335 3510 3410 ἔριον,

1931 3425 1991 3478 τὸ
2019 3425 2133 3494 φῶς
2157 3423 2251 3478 τοῦ
2275 3425 2560 3496 ἀνθρώπου
2591 3425 2789 3492 ἔδειξεν
2823 3427 3034 3497 ἱμάτιον
3053 3445 3067 3460 ο
3089 3428 3150 3480 τὸ
3177 3427 3291 3497 φῶς
3312 3428 3514 3494 ἔδειξεν

1931 3513 2076 3585 ὅρος,
2115 3514 2174 3568 τὸ
2217 3515 2331 3584 φῶς
2382 3513 2480 3584 τῆς
2537 3513 2804 3576 συνέσεως
2861 3514 3028 3582 ἔδειξε
3085 3515 3372 3585 λατομίαν.
3410 3518 3513 3572 Διὰ

1930 3600 2087 3664 τοῦτο
2110 3602 2204 3655 καὶ
2230 3603 2260 3654 6
2298 3602 2487 3673 Σωτὴρ
2533 3602 2647 3670 φῶς
2675 3602 2831 3655 καλεί
2866 3602 2994 3666 τοὺς
3032 3603 3382 3670 ἀποστόλους,
3422 3604 3512 3658 λέ-

1931 3703 2072 3755 γων’
2119 3689 2315 3758 Ὑμεῖς
2342 3689 2482 3743 ἐστε
2509 3689 2574 3742 τὸ
2599 3688 2722 3759 φῶς
2747 3689 2852 3744 τοῦ
2881 3692 3135 3760 κόσμου.
3175 3691 3327 3746 Διατί
3357 3691 3512 3746 καλεῖ

1931 3771 2128 3839 αὐτοὺς
2166 3775 2308 3844 φῶς;
2349 3776 2461 3846 Οὐχ
2484 3776 2570 3829 ἵνα
2600 3777 2796 3841 αὐτοὺς
2826 3778 3034 3850 τιμήσῃ
3065 3774 3244 3849 μόνον,
3277 3779 3392 3832 ἀλλ’
3423 3779 3512 3837 ἵνα

1931 3863 2026 3918 καὶ
2061 3864 2160 3935 τὴν
2189 3861 2339 3936 [445]
2379 3863 2570 3917 ἐλπίδα
2598 3865 2698 3936 τῆς
2725 3865 3074 3929 ἀναστάσεως
3093 3865 3263 3940 δείξῃ.
3298 3867 3510 3941 Ὥσπερ

1930 3953 2039 4024 γὰρ
2088 3952 2148 4006 τὸ
2205 3951 2322 4023 φῶς
2356 3949 2594 4023 ἑσπέρας
2650 3952 2825 4014 δῦνον,
2871 3954 2970 4008 οῦκ
3017 3954 3332 4023 ἀπόλλυται,
3371 3957 3510 4013 ἀλλά

1931 4039 2254 4110 κρύπτεται,
2289 4041 2384 4093 καὶ
2433 4038 2767 4110 κρυϐόμενον
2815 4041 2978 4095 πάλιν
3011 4042 3292 4110 φαίνεται·
3335 4042 3510 4110 οὕτως

1931 4129 2024 4181 καὶ
2056 4131 2087 4181 6
2132 4126 2416 4199 ἄνθρωπος
2462 4126 2538 4191 ὡς
2581 4128 2661 4191 είς
2704 4127 2854 4182 δύσιν
2885 4128 3008 4181 τινὰ
3033 4128 3113 4200 τῷ
3135 4129 3290 4202 τάφῳ
3329 4149 3510 4203 παρα-

1931 4215 2222 4286 πεμφθεὶς,
2259 4214 2421 4270 πάλιν
2462 4216 2528 4286 τῇ
2565 4215 2797 4288 ἀνατολῇ
2830 4215 2930 4287 τῆς
2967 4216 3317 4283 ἀναστάσεως
3347 4222 3508 4292 τετή-

1933 4319 2112 4374 ρηται.
2162 4303 2480 4370 Γενηθήτω
2522 4301 2667 4371 φῶς.
2718 4298 2854 4356 Εἷπε
2895 4302 2956 4356 τὸ
2987 4303 3297 4375 γενόμενον,
3331 4306 3424 4361 τὸν
3449 4308 3511 4360 δὲ

1929 4391 2126 4462 τρόπον
2145 4389 2245 4444 οὔκ
2266 4391 2556 4461 ἐμήνυσεν,
2584 4389 2702 4444 ἀλλ’
2723 4391 2844 4444 οὐδὲ
2875 4391 3098 4461 ἔμαθεν.
3136 4393 3257 4448 Ὅτι
3279 4394 3376 4466 μὲν
3397 4395 3508 4467 γὰρ

1930 4479 2144 4547 ἐγένετο
2171 4477 2306 4548 φῶς,
2327 4474 2465 4544 οἴδα,
2508 4478 2671 4550 φησίν
2689 4493 2702 4508 ⁵
2729 4477 2792 4532 τὸ
2810 4478 2868 4533 δέ
2893 4480 3009 4544 πῶς
3039 4481 3274 4549 ἐγένετο,
3314 4483 3376 4537 οὐ
3405 4486 3508 4538 κα-

1930 4565 2275 4638 ταλαμϐάνω.
2309 4566 2409 4620 Διὰ
2443 4565 2599 4620 τοῦτο
2626 4567 2720 4621 καὶ
2753 4569 2783 4621 6
2818 4568 3010 4641 Σωτὴρ
3045 4569 3198 4640 ἔλεγε
3233 4575 3344 4637 τοῖς
3365 4574 3504 4629 ἀπο-

1931 4656 2134 4718 στόλοις
2153 4671 2164 4682 ’
2203 4656 2324 4725 Οὐχ
2362 4652 2528 4724 ὑμῶν
2571 4655 2703 4709 ἐστι
2731 4655 2953 4724 γνῶναι
3000 4661 3258 4727 χρόνους
3295 4661 3334 4731 ἢ
3370 4647 3506 4716 ’και-

1922 4742 2093 4810 ροὺς,
2115 4741 2223 4806 οὓς
2249 4745 2282 4796 ό
2320 4742 2520 4810 Πατὴρ
2540 4744 2706 4798 ἔθετο
2734 4744 2803 4798 έν
2824 4743 2899 4814 τῇ
2921 4745 3041 4816 tam
3062 4747 3334 4816 ἐξουσίᾳ.
3370 4746 3504 4804 Εἶτα

1931 4831 2152 4902 χρόνους
2178 4829 2212 4902 ἢ
2241 4831 2462 4903 καιροὺς
2495 4831 2594 4885 οὐκ
2639 4833 2786 4885 ἔστιν
2817 4833 2976 4904 ήμῶν
3018 4837 3238 4904 γνῶναι,
3267 4837 3360 4892 καὶ
3409 4839 3504 4891 τὸν

1931 4921 2205 4990 Δεσπότην
2230 4919 2337 4974 τῶν
2368 4919 2572 4991 χρόνων
2599 4919 2695 4973 καὶ
2743 4920 2832 4975 τὸν
2875 4924 3102 4997 ποιητὴν
3139 4927 3250 4979 τῶν
3289 4925 3502 4979 αίώνων

1931 5007 2041 5060 ἔστι
2057 5007 2333 5078 λογισμοῖς
2350 5006 2670 5061 καταλαϐεῖν
2683 5008 3038 5082 ἀνθρωπίνοις
3051 5030 3065 5078 ;
3085 5013 3270 5067 Εἶπεν
3283 5016 3316 5066 ὁ
3334 5014 3496 5077 Θεός⁶

1930 5093 2245 5161 Γενηθήτω
2283 5091 2441 5160 φῶςυ
2495 5091 2596 5145 καὶ
2637 5093 2873 5162 ἐγένετο
2916 5093 3062 5164 φῶς.
3099 5097 3162 5149 Ὦ
3193 5097 3291 5165 τῆς
3337 5096 3500 5164 ἁγίας

1929 5175 2141 5246 ἐκείνης
2179 5175 2273 5229 καὶ
2308 5174 2545 5246 μεγάλης
2592 5174 2906 5247 δυνάμεωςί
2941 5177 2986 5230 ὣ
3017 5179 3265 5250 μεγάλων
3291 5178 3500 5250 θαυμάο

1928 5261 2069 5313 τωνί
2114 5257 2376 5328 Ἐγένετο
2406 5258 2554 5328 φῶς,
2582 5260 2681 5314 καὶ
2713 5262 2923 5316 καλεῖὸ
2952 5263 3097 5327 Θεὸς
3115 5264 3182 5316 τὸ
3209 5262 3334 5332 φῶς
3357 5264 3498 5333 ἠμέ-

1921 5361 2061 5411 ραν,
2099 5344 2197 5397 καὶ
2226 5343 2294 5396 τὸ
2323 5344 2541 5410 σκότος
2568 5345 2778 5399 νύκτα.
2805 5345 2957 5399 Διατί
2984 5345 3042 5398 δέ
3067 5347 3282 5417 ἡμέραν
3307 5347 3494 5413 καλεῖς

1941 5424 2156 5498 Ἐπειδὴ
2184 5427 2290 5480 πᾶν
2311 5426 2531 5497 φαιδρὸν
2559 5428 2650 5481 καὶ
2679 5428 2877 5500 ἱλαρὸν,
2903 5430 3108 5500 ἥμερον
3141 5429 3376 5498 λέγεται.
3397 5434 3498 5486 Διὰ

1928 5509 2085 5562 τοῦτο
2130 5509 2222 5562 καὶ
2259 5511 2357 5579 τὴν
2408 5511 2817 5580 φιλανθρωπίαν
2846 5513 3156 5583 ἡμερότητα
3201 5514 3494 5586 καλοῦμεν,

1929 5594 2024 5647 καὶ
2051 5592 2120 5645 τὰ
2150 5591 2313 5664 θηρία
2334 5591 2402 5645 τὰ
2434 5595 2686 5664 χειροήθη
2707 5595 2888 5665 ἥμερα
2909 5595 3196 5666 καλοῦμεν.
3228 5599 3334 5651 Kal
3357 5596 3498 5652 ἐκεί·

1927 5679 2114 5730 λεσεν
2128 5678 2161 5728 ὁ
2176 5675 2320 5741 Θεὸς
2342 5675 2404 5729 τὸ
2419 5676 2543 5746 φῶς
2561 5676 2805 5745 ἡμέραν,
2823 5677 2997 5731 καὶτὸ
3011 5679 3231 5745 σκότος
3242 5681 3498 5736 ἐκάλεσε

1929 5759 2138 5814 νύκτα.
2160 5758 2347 5813 Νύκτα
2365 5759 2504 5812 διατί
2526 5776 2540 5824 ;
2568 5760 2688 5813 Ὅτι
2720 5761 2872 5813 νυκτὶ
2893 5761 2980 5816 τὸν
3001 5761 3282 5831 ἄνθρωπον
3302 5765 3498 5825 καθεύ-

3111 5846 3186 5904 27
