4074 6308
298 351 402 409 ι37

302 482 520 527 noctem.
550 470 770 526 Noctem
792 486 957 541 quare
982 470 1005 524 ?
1039 470 1176 539 Quia
1202 480 1364 527 noctu
1387 471 1739 526 dormientem
1777 470 1872 526 ho-

302 566 499 619 minem
528 565 581 618 in
610 564 800 619 mortis
851 564 1162 618 memoriam
1215 574 1432 618 revocat
1479 563 1869 633 propemodum

301 656 523 711 dicens:
557 656 740 721 Disce,
798 656 979 721 homo,
1021 656 1144 725 quid
1190 657 1284 710 sis.
1316 656 1555 711 Mortalis
1586 671 1665 721 es,
1694 656 1869 710 somni

302 748 481 801 virtuti
508 746 757 802 addictus
788 765 801 802 :
829 763 924 802 cur
965 763 1026 801 ea
1047 763 1165 817 qua:
1194 763 1349 815 supra
1378 758 1428 802 te
1455 757 1579 802 sunt
1614 748 1871 817 imagina-

298 841 416 896 ris?
447 839 564 894 Nox
592 840 736 894 enim
766 839 1106 908 compunctio
1134 848 1217 894 est
1247 857 1260 893 :
1289 839 1633 907 quamobrem
1660 839 1733 893 ait
1765 839 1868 892 Da-

298 931 383 984 vid
418 950 431 984 :
460 931 589 997 Qua:
613 931 777 985 dicitis
797 931 848 983 in
868 931 1099 984 cordibus
1122 932 1317 995 vestris,
1346 931 1396 983 in
1425 931 1670 986 cubilibus
1697 932 1870 984 vestris

297 1022 691 1092 compungimini
737 1020 904 1091 (Psal.
949 1023 1004 1076 ι.
1031 1022 1108 1090 5).
1141 1022 1275 1076 Vere
1300 1025 1445 1090 jacet
1498 1024 1657 1076 homo
1686 1033 1866 1086 noctu,

298 1123 470 1176 neque
499 1115 760 1172 mortuus,
809 1122 983 1176 neque
1008 1108 1180 1161 vivus.
1208 1108 1485 1176 Interroga
1520 1107 1825 1162 haireticum
1852 1126 1865 1161 :

296 1198 433 1265 Quid
464 1198 584 1253 est?
638 1199 859 1253 vivusne
892 1214 962 1252 an
1015 1200 1293 1253 mortuus?
1322 1198 1375 1253 Si
1405 1199 1620 1261 dixerit,
1658 1200 1821 1254 Vivus
1850 1241 1865 1265 ,

296 1306 497 1360 repone
526 1291 600 1345 illi
629 1308 639 1342 :
668 1290 773 1344 Cur
802 1306 931 1360 ergo
961 1306 1059 1346 nec
1102 1290 1381 1361 loquentes
1408 1306 1507 1345 nec
1534 1290 1869 1345 ambulantes

297 1382 497 1437 sentit?
526 1382 581 1437 Si
610 1382 825 1446 dixerit,
856 1382 1113 1444 Mortuus,
1147 1392 1199 1435 tu
1225 1381 1387 1436 dicito
1412 1399 1424 1434 :
1448 1381 1725 1449 Quomodo
1741 1396 1868 1450 ergo

297 1474 567 1542 respirat?
618 1472 761 1543 quod
809 1472 952 1529 enim
989 1473 1252 1542 respirat,
1300 1488 1406 1527 non
1455 1481 1537 1528 est
1564 1482 1863 1529 mortuum;

298 1569 439 1639 quod
470 1584 574 1622 non
610 1568 795 1633 sentit,
823 1584 929 1622 non
955 1577 1039 1621 est
1061 1568 1235 1621 vivum
1262 1584 1274 1619 :
1304 1569 1531 1635 teipsum
1556 1584 1659 1619 non
1692 1566 1863 1629 vides,

296 1662 390 1715 sed
418 1677 534 1729 qua:
556 1675 717 1729 supra
748 1669 796 1713 te
822 1668 946 1713 sunt
984 1658 1311 1728 imaginaris.
1345 1658 1538 1712 Verum
1566 1658 1681 1712 haec
1735 1658 1866 1711 satis

296 1754 438 1806 circa
469 1752 694 1819 primam
719 1751 861 1805 diem
901 1750 1041 1805 dicta
1064 1751 1188 1804 sint.
1217 1749 1376 1804 Venit
1403 1751 1597 1819 quippe
1619 1763 1863 1818 vespera,

295 1854 353 1898 ut
379 1845 537 1899 etiam
565 1844 670 1897 illic
693 1858 811 1912 quae
835 1842 899 1895 ad
917 1843 1139 1912 primam
1167 1842 1307 1896 diem
1327 1850 1568 1911 spectant
1590 1842 1860 1905 desinunt,

296 1946 350 1991 et
377 1952 471 2006 pro
498 1935 768 1999 facultate,
798 1936 898 1989 etsi
933 1933 1223 2003 profundos
1243 1948 1450 2000 sensus,
1487 1935 1865 2003 explicavimus

299 2039 494 2083 tamen.
530 2028 696 2083 Porro
722 2026 958 2083 fidelium
989 2035 1072 2080 est
1104 2025 1244 2080 dicta
1270 2026 1573 2096 explorare,
1602 2037 1657 2083 et
1687 2028 1862 2085 histo-

297 2121 427 2175 riam
442 2119 755 2190 disquirere.

367 2213 420 2265 7.
469 2211 731 2282 Jejunium
782 2213 1030 2282 quomodo
1075 2214 1480 2284 sanctiﬁcemus;
1529 2217 1868 2286 jejunandum

297 2305 516 2358 maxime
538 2320 571 2357 a
592 2305 825 2375 peccatis.
852 2336 922 2344 —
942 2305 1052 2360 Nos
1070 2314 1245 2359 autem
1276 2307 1410 2361 sacri
1430 2307 1614 2377 jejunii
1643 2308 1864 2377 alumni,

297 2408 351 2452 et
380 2398 431 2451 iu
455 2398 774 2452 abstinentia
791 2413 1044 2467 corporea
1069 2398 1271 2454 deliciis
1290 2399 1522 2454 fruentes
1541 2401 1883 2467 CiDlCSlibllS,_

296 2498 535 2545 sanctum
574 2490 832 2559 jejunium
876 2505 1092 2545 servare
1130 2506 1385 2545 conemur
1429 2508 1444 2546 :
1495 2491 1857 2560 Sancti/icate,

297 2580 500 2651 inquit,
520 2581 777 2649 jejunium
806 2578 960 2649 (Joel.
986 2582 1041 2635 1.
1072 2582 1183 2650 14).
1213 2581 1389 2636 Nosne
1416 2582 1541 2637 illud
1568 2583 1865 2640 sanctiﬁca-

295 2687 448 2739 mus,
478 2687 543 2726 an
564 2673 633 2725 ab
676 2672 767 2725 illo
795 2672 1221 2726 sanctificamur?
1256 2674 1446 2728 Verum
1495 2675 1544 2729 id
1572 2675 1699 2730 dicit
1745 2691 1866 2745 pro-

295 2763 475 2834 pheta,
498 2771 558 2817 ut
578 2763 705 2818 illud
730 2774 969 2818 sanctum
997 2765 1375 2819 custodiamus.
1407 2765 1863 2830 Quemadmodum

298 2855 439 2909 enim
484 2869 602 2909 eum
650 2855 915 2923 precando
977 2855 1237 2923 dicimus,
1286 2857 1641 2929 Sancti/iectur
1687 2873 1867 2911 nomen

296 2954 435 2999 tuum
461 2944 668 3017 (Matt/1.
699 2947 750 3000 6.
776 2947 1076 3015 9.14),non
1101 2964 1198 3018 pro
1220 2949 1432 3002 nomine
1445 2948 1557 3018 ejus
1589 2964 1868 3017 precamur

297 3038 517 3107 (nomen
543 3038 734 3107 quippe
759 3040 874 3106 ejus
902 3039 1080 3094 omnia
1120 3041 1460 3111 sanctilieat),
1503 3044 1597 3096 sed
1627 3044 1746 3110 quia
1780 3060 1867 3096 no-

296 3143 423 3183 men
455 3129 570 3198 ejus
594 3130 890 3185 invocatum
916 3140 1001 3186 est
1029 3147 1189 3201 super
1214 3148 1310 3187 nos
1332 3132 1639 3202 (Christiani
1666 3136 1806 3189 enim
1834 3151 1866 3189 a

295 3220 513 3279 Christo
536 3222 798 3292 dicimur),
825 3224 931 3290 ait,
963 3223 1166 3278 Nomen
1194 3233 1340 3279 tuum
1372 3227 1423 3278 in
1452 3227 1605 3281 nobis
1635 3226 1868 3281 sanctiﬁ-

297 3324 468 3368 cetur.
500 3314 652 3383 Apud
682 3323 923 3369 sanctum
975 3317 1115 3370 enim
1156 3317 1332 3370 omnia
1379 3325 1561 3371 sancta
1588 3326 1753 3372 sunt:
1798 3317 1868 3372 ad

299 3405 464 3460 Deum
509 3407 703 3475 quippe
740 3406 871 3461 nihil
915 3422 1020 3461 non
1072 3419 1309 3462 sanctum
1353 3408 1557 3463 accedit
1596 3426 1610 3462 :
1653 3419 1868 3464 sanctus

304 3500 438 3554 enim
486 3500 625 3553 Deus
671 3510 787 3563 est,
830 3501 882 3553 in
927 3502 1127 3555 sanctis
1175 3502 1475 3570 quiescens.
1516 3503 1653 3569 Quin
1706 3503 1866 3557 etiam

299 3590 484 3643 czrlum
522 3590 640 3658 ejus
682 3601 921 3644 sanetum
952 3600 1034 3646 est
1074 3609 1086 3643 :
1138 3607 1256 3646 nam
1308 3591 1562 3647 Exaudiet
1608 3595 1753 3648 illum
1807 3597 1870 3648 de

298 3682 420 3733 cazlo
435 3690 608 3734 sancto
624 3698 713 3733 suo
728 3680 890 3752 (Psal.
913 3682 1079 3751 19.7).
1109 3684 1290 3752 Angeli
1304 3700 1513 3753 quoque
1526 3687 1719 3739 sancti:
1742 3685 1868 3740 Cum

301 3773 480 3825 venerit
508 3770 676 3825 Filius
697 3772 911 3826 hominis
936 3773 989 3827 in
1014 3774 1175 3844 gloria
1202 3790 1293 3827 sua
1319 3792 1429 3827 cum
1454 3777 1641 3830 sanctis
1676 3778 1870 3847 angelis

298 3865 400 3917 suis
428 3863 617 3932 (illam.
647 3864 699 3918 8.
729 3863 843 3934 58).
870 3864 1040 3920 Terra
1067 3866 1119 3920 in
1146 3882 1250 3936 qua
1282 3868 1370 3922 Dei
1419 3868 1592 3923 cultus
1636 3882 1817 3924 sancta
1854 3890 1866 3925 :

300 3954 363 4007 Et
392 3956 555 4020 volet,
606 3956 806 4026 inquit,
850 3968 1064 4011 evertere
1104 3967 1446 4012 testamentum
1495 3977 1646 4030 super
1686 3972 1871 4016 terram

298 4061 522 4102 sanctam
550 4052 676 4119 ejus.
700 4050 769 4103 Et
794 4050 975 4104 Davidi
1004 4051 1124 4104 aula
1145 4062 1325 4105 sancta
1356 4061 1436 4106 est
1466 4072 1478 4104 :
1510 4054 1732 4107 Adorate
1756 4053 1868 4106 Do-

299 4142 487 4193 minum
514 4141 567 4193 in
594 4140 715 4193 aula
734 4151 907 4195 sancta
924 4142 1033 4212 ejus
1062 4141 1229 4213 (Psal.
1255 4144 1343 4198 95.
1367 4144 1442 4215 9).
1480 4145 1627 4200 Idem
1662 4162 1870 4215 quoque

297 4231 541 4296 templum
573 4239 800 4284 sanctum
844 4232 1012 4286 dicit:
1055 4248 1176 4287 nam
1218 4233 1465 4288 Sanctum
1511 4245 1581 4290 est
1630 4239 1871 4305 templum

300 4332 459 4386 tuum,
480 4321 709 4375 mirabile
731 4324 784 4376 in
810 4325 1040 4393 aequitate
1064 4323 1180 4396 (Ps.
1211 4326 1299 4379 (Si.
1324 4327 1375 4380 5.
1401 4328 1481 4394 6).
1502 4325 1638 4381 Oves
1658 4344 1870 4397 quoque

300 4413 525 4467 rationis
554 4422 801 4483 expertes
821 4456 835 4481 ,
884 4431 1001 4485 quae
1032 4424 1155 4469 tunc
1189 4416 1616 4478 immolabantur,
1672 4431 1870 4472 saneta:

300 4516 451 4559 erant
482 4524 493 4557 :
533 4505 600 4559 Ut
629 4523 771 4571 oves,
807 4507 1012 4576 inquit,
1043 4517 1230 4561 sancta:
1252 4508 1303 4560 in
1335 4508 1613 4563 Jerusalem
1653 4509 1867 4579 (Ezec/t.

301 4597 386 4650 56.
417 4597 525 4665 58).
566 4596 962 4651 Testamentum
1003 4614 1213 4667 quoque
1248 4609 1528 4653 sanctum:
1576 4600 1640 4653 Et
1680 4603 1867 4670 con/ir-

302 4689 451 4742 mabit
474 4706 590 4742 cum
633 4691 802 4744 multis
827 4700 1170 4745 testamentum
1194 4703 1421 4745 sanctum
1451 4710 1595 4746 suum
1625 4693 1787 4761 (Dan.
1813 4695 1866 4750 9.

299 4784 411 4855 27).
446 4784 585 4840 Urbs
607 4786 717 4853 ipsa
742 4800 949 4855 quoque
979 4795 1159 4840 sancta
1186 4785 1458 4841 dicebatur
1484 4803 1499 4840 ;
1527 4785 1595 4839 Et
1618 4804 1768 4855 super
1794 4790 1870 4842 ci-

301 4879 502 4930 vitatem
521 4889 746 4931 sanctam
786 4888 987 4947 patrum
1012 4889 1295 4933 nostrorum
1317 4878 1599 4934 Jerusalem
1628 4879 1787 4951 (Ibid.
1819 4899 1868 4936 υ.

300 4968 412 5037 24).
436 4968 575 5023 Nihil
601 4969 793 5038 quippe
820 4985 922 5023 non
946 4981 1182 5023 sanetum
1204 4970 1409 5024 accedit
1437 4971 1505 5025 ad
1534 4972 1719 5027 Deum.
1748 4974 1872 5027 Ideo

303 5062 377 5114 ait
400 5060 599 5114 Paulus
628 5077 639 5112 :
670 5060 736 5113 Et
776 5061 1188 5124 sanctimoniam,
1219 5062 1325 5114 sine
1360 5078 1461 5128 qua
1504 5079 1647 5116 nemo
1689 5064 1870 5117 videbit

301 5151 663 5219 Deum(Hebr.
694 5151 777 5205 12.
801 5154 912 5221 14).
944 5153 1304 5222 Jejunavimus
1330 5169 1359 5206 a
1386 5168 1519 5222 pane
1538 5170 1552 5219 ;
1571 5154 1873 5224 jejunemus

301 5246 450 5299 etab
490 5245 788 5315 iniquitate.
834 5245 947 5300 Non
974 5246 1206 5301 comedis
1254 5249 1482 5314 panem?
1509 5248 1585 5301 Ne
1624 5248 1872 5302 comedas

300 5351 492 5392 carnes
521 5353 838 5407 pauperum,
874 5354 938 5393 ne
962 5339 1028 5394 de
1060 5349 1109 5393 te
1134 5355 1344 5409 quoque
1385 5340 1526 5394 dicat
1552 5341 1691 5394 Deus
1726 5360 1739 5394 :
1775 5341 1873 5407 Qui

301 5432 539 5485 devorant
560 5433 748 5501 plebem
777 5450 936 5486 meam
962 5435 1015 5485 in
1038 5434 1145 5487 cibo
1172 5436 1316 5503 panis
1346 5432 1513 5504 (Psal.
1547 5435 1631 5487 15.
1654 5432 1731 5504 ι).
1757 5434 1870 5487 Non

300 5526 438 5581 bibis
464 5526 681 5580 vinum?
710 5527 783 5580 Ne
810 5526 958 5581 furor
991 5527 1215 5582 inebriet
1242 5536 1321 5589 te,
1356 5542 1421 5579 ne
1449 5525 1634 5580 audias
1654 5541 1683 5578 a
1712 5526 1873 5595 legis-

302 5616 469 5673 latore
501 5637 514 5672 :
563 5617 727 5673 Furor
759 5618 861 5673 illis
900 5620 1170 5672 secundum
1207 5618 1585 5673 similitudinem
1628 5618 1872 5687 serpentis

303 5708 473 5779 (Paul.
501 5710 589 5765 57.
631 5711 724 5782 5);
770 5724 834 5763 ac
862 5725 1111 5771 rursum,
1164 5709 1334 5764 Furor
1377 5711 1652 5763 draconum
1703 5712 1873 5762 vinum

300 5817 471 5855 eorum
498 5803 673 5875 (Deut.
703 5803 791 5856 5‘2.
840 5803 952 5869 33).
974 5801 1100 5855 Cum
1140 5804 1277 5856 enim
1312 5816 1596 5873 pauperem
1620 5801 1871 5857 amiseris

1354 354 1439 411 DE
1476 353 1691 413 MUNDI
1727 353 2115 410 CREATIONE
2152 354 2406 411 ORATIO
2437 355 2497 410 ll.

3452 360 3555 417 £58

1981 472 2051 525 ita
2077 480 2136 526 ut
2169 472 2515 542 ingemiscat,
2549 471 2593 527 is
2617 473 2755 542 apud
2800 474 2966 529 Deum
2997 476 3244 531 inventus
3270 484 3354 531 est
3375 491 3556 531 eome-

1977 562 2111 617 dens
2140 578 2329 632 panem
2356 564 2732 633 lacrymarum.
2768 563 2997 635 [deoque
3016 567 3091 621 ait
3119 567 3257 622 Deus
3291 585 3304 620 :
3343 566 3556 636 Operue-

1978 654 2104 707 batis
2138 655 2371 725 lacrymis
2409 656 2570 708 altare
2610 672 2775 710 meum
2805 656 3057 726 (Malaclt.
3107 658 3161 711 2.
3200 656 3309 728 15).
3353 657 3555 727 Repre-

1979 745 2234 801 henditne
2257 762 2385 817 ergo
2426 746 2564 801 Deus
2590 761 2684 801 eos
2711 748 2801 816 qui
2830 748 3100 818 plorarent
3139 748 3203 802 ad
3230 749 3400 804 altare
3419 792 3436 815 ,
3463 749 3554 817 qui

1976 837 2131 901 dicit,
2176 837 2509 901 Sacerdotes,
2555 840 2773 903 intrate,
2805 850 2850 893 et
2898 840 3093 910 plorate
3128 840 3286 909 (Joel.
3326 843 3378 895 1.
3424 840 3551 910 i3)?

1979 930 2172 983 Verum
2199 929 2542 999 reprehendit
2565 947 2687 995 eos,
2716 947 2821 986 non
2851 933 2990 1002 quod
3022 933 3243 1000 tierent,
3285 935 3377 990 sed
3410 936 3549 1004 quod

1977 1022 2009 1074 ii
2041 1023 2128 1091 qui
2160 1021 2403 1089 injuriam
2430 1022 2564 1090 passi
2596 1030 2808 1087 essent,
2831 1023 3011 1092 pupilli
3036 1033 3090 1078 et
3109 1025 3282 1078 viduae
3302 1064 3318 1088 ,
3352 1024 3457 1079 illic
3483 1025 3548 1078 ad

1974 1112 2143 1166 altare
2170 1112 2552 1182 supplicarent.
2584 1111 2756 1182 thue
2781 1113 3024 1167 ostendat
3044 1129 3101 1168 se
3126 1113 3191 1168 de
3214 1114 3315 1169 illis
3341 1130 3550 1169 sermo-

1975 1217 2094 1256 nem
2128 1203 2357 1269 habere,
2385 1202 2779 1272 subjunxitzln
2804 1205 2955 1273 ﬂetu,
3003 1214 3049 1257 et
3098 1203 3334 1273 planctu,
3386 1217 3431 1258 et
3455 1204 3551 1257 do-

1974 1294 2079 1346 lore
2109 1293 2267 1363 (Joel.
2288 1293 2342 1346 2.
2375 1294 2443 1347 12
2470 1294 2511 1365 ).
2565 1295 2783 1363 Insuper
2827 1310 3038 1363 aaquum
3066 1304 3149 1350 est
3172 1304 3231 1350 ut
3253 1296 3321 1351 ad
3346 1298 3546 1352 hostias

1973 1393 2181 1439 nostras
2205 1386 2440 1439 animum
2467 1385 2835 1440 adhibeamus.
2868 1386 3189 1455 Proponitur
3210 1402 3337 1457 ergo
3365 1403 3547 1440 mensa

1971 1475 2160 1526 animm
2180 1514 2194 1537 ,
2226 1489 2417 1544 nempe
2448 1475 2539 1529 Dei
2565 1476 2808 1530 verbum.
2850 1474 3055 1545 Corpus
3078 1475 3285 1542 jejunio
3314 1477 3549 1531 sanctiﬁ-

1971 1574 2140 1632 catur,
2164 1566 2338 1620 anima
2356 1566 2475 1621 cibo
2496 1581 2687 1636 expers
2704 1568 3083 1636 corrumpitur.
3115 1567 3328 1622 Utinam
3355 1583 3547 1636 corpus

1966 1657 2173 1727 jejunet
2199 1674 2227 1712 a
2260 1659 2490 1727 peccatis
2509 1699 2526 1727 ,
2552 1660 2725 1713 anima
2748 1674 2877 1714 vero
2900 1660 2955 1714 in
2976 1659 3169 1714 divinis
3204 1659 3539 1714 documentis

1970 1751 2308 1807 conviveturl
2340 1751 2456 1807 Non
2496 1762 2650 1823 potes
2674 1752 2957 1808 comedere
2978 1768 3165 1824 panem
3208 1754 3406 1808 Christi
3429 1796 3445 1821 ,
3492 1764 3548 1809 et

1970 1858 2160 1913 panem
2189 1844 2541 1916 lacrymarum
2566 1885 2581 1908 ,
2606 1854 2663 1898 ut
2690 1845 2763 1898 ait
2789 1844 2982 1899 Paulus
3011 1862 3024 1897 :
3057 1844 3178 1899 Non
3201 1846 3403 1915 potestis
3428 1862 3546 1915 par-

1970 1936 2142 2004 ticipes
2172 1952 2278 1990 esse
2319 1952 2504 1991 mensa:
2532 1935 2752 2000 Christi,
2775 1945 2819 1989 et
2846 1952 3028 1990 mensa:
3068 1937 3428 1993 dcentoniorum
3464 1935 3509 1999 (ι
3529 1976 3541 1987 .

1969 2026 2087 2082 Cor.
2104 2024 2198 2081 10.
2218 2025 2331 2098 21).
2353 2028 2518 2084 Debet
2541 2044 2666 2099 ergo
2682 2029 2726 2083 is
2742 2030 2827 2099 qui
2852 2029 3055 2099 jejunat
3070 2030 3334 2084 abstinere
3354 2046 3383 2083 a
3400 2010 3542 2096 cibo,

1968 2119 2063 2173 sed
2098 2121 2410 2189 prmcipuea
2447 2122 2697 2190 peccatis.
2731 2120 2938 2174 Etenim
2969 2121 3140 2189 angeli
3186 2121 3420 2190 quotidie
3450 2137 3544 2173 no-

1970 2220 2117 2277 tant,
2161 2213 2277 2281 quis
2307 2212 2642 2281 proposuerit
2684 2211 2953 2265 abstinere
2993 2211 3059 2265 ab
3099 2211 3347 2275 avaritia,
3394 2222 3481 2264 aut
3510 2226 3541 2263 a

1968 2300 2335 2365 fornicatione,
2371 2311 2465 2356 aut
2485 2302 2550 2356 ab
2581 2302 2873 2371 iniquitate.
2906 2301 3029 2355 Haec
3046 2300 3239 2371 quippe
3263 2301 3462 2372 jejunia
3489 2312 3544 2355 et

1967 2393 2139 2461 angeli
2190 2392 2560 2460 perscribunt,
2610 2401 2664 2446 et
2705 2393 2842 2446 Deus
2887 2392 2936 2445 in
2982 2390 3231 2446 thesauro
3281 2391 3539 2446 recondit.

1968 2485 2421 2551 Quemadmodum
2448 2486 2620 2548 enim,
2646 2484 2835 2539 fratres
2857 2526 2870 2548 ,
2896 2484 2969 2537 illi
3002 2484 3096 2538 viri
3128 2483 3362 2553 primarii
3391 2484 3481 2553 qui
3511 2499 3541 2536 a

1967 2578 2160 2633 libellis
2189 2578 2512 2648 supplicibus
2533 2586 2657 2632 sunt
2677 2578 2986 2648 Imperatori
3012 2587 3202 2631 cuncta
3231 2577 3501 2632 declarant
3525 2594 3539 2628 :

1966 2672 2043 2726 sic
2068 2682 2121 2724 et
2150 2671 2321 2740 angeli
2349 2686 2411 2725 ea
2437 2687 2554 2740 qua:
2582 2670 2715 2724 ﬁunt
2741 2670 2916 2725 omnia
2947 2669 3056 2724 Deo
3077 2668 3400 2738 significant,
3436 2683 3541 2722 non

1968 2765 2297 2833 ignorantem
2326 2763 2584 2818 docentes
2606 2803 2620 2828 ,
2645 2763 2739 2818 sed
2769 2763 3104 2819 ministrandi
3133 2763 3371 2817 ordinem
3403 2778 3545 2816 crea-

1970 2868 2102 2912 tura:
2130 2859 2432 2928 implentes.
2466 2860 2575 2928 Ego
2620 2858 2924 2913 sexcenties
2968 2858 3256 2912 beatiorem
3289 2854 3543 2924 prmdica-

1968 2950 2135 3004 verim
2193 2950 2599 3016 comedentem,
2647 2965 2803 3018 quam
2861 2948 3190 3019 jejunantem
3256 2958 3310 3002 et
3365 2946 3544 3015 inique

1969 3051 2232 3113 agentem.
2266 3042 2388 3095 llaec
2414 3042 2537 3096 dico
2556 3084 2571 3106 ,
2622 3057 2726 3095 non
2749 3041 3007 3110 jejunium
3033 3040 3243 3095 solvens
3261 3079 3276 3101 ,
3306 3037 3399 3092 sed
3428 3037 3543 3106 pie-

1972 3142 2131 3188 tatem
2158 3133 2471 3203 prmdieans.
2523 3132 2633 3186 Non
2676 3133 2817 3187 enim
2857 3131 3139 3186 comedere
3181 3130 3406 3191 malum,
3448 3126 3541 3182 sed

1970 3240 2193 3295 peccare
2233 3241 2453 3296 pravum
2483 3235 2593 3289 est,
2638 3224 3080 3294 quemadmodum
3124 3223 3253 3277 dicit
3299 3222 3437 3276 Deus
3475 3220 3543 3275 de

1965 3316 2109 3384 justo
2133 3315 2360 3385 quodam
2390 3332 2403 3367 :
2436 3313 2591 3367 Pater
2611 3324 2725 3367 tuus
2755 3330 2920 3367 nonne
2943 3313 3195 3380 comedit,
3224 3322 3271 3365 et
3309 3312 3542 3365 uolunta-

1973 3420 2069 3463 tem
2090 3425 2250 3463 meam
2279 3409 2395 3479 fecit
2425 3407 2605 3478 (Zach.
2638 3407 2694 3461 8.
2746 3406 2880 3476 i9)?
2910 3407 2998 3460 Sic
3017 3417 3070 3461 et
3094 3405 3216 3459 alibi
3245 3423 3257 3458 :
3285 3403 3546 3474 Jejunium

1971 3513 2203 3572 quartum
2225 3542 2240 3568 ,
2264 3510 2311 3555 et
2328 3502 2581 3572 jejunium
2608 3501 2838 3568 quintum
2861 3538 2877 3563 ,
2905 3508 2953 3552 et
2968 3499 3225 3567 jejunium
3254 3498 3501 3551 decimum
3525 3537 3540 3561 ,

1972 3594 2062 3646 erit
2087 3593 2223 3645 vobis
2260 3592 2315 3645 in
2342 3591 2584 3659 gaudium
2626 3599 2673 3643 et
2696 3590 2749 3642 in
2790 3590 3014 3643 ltetitiam
3044 3597 3089 3640 et
3128 3588 3181 3640 in
3210 3587 3545 3640 solemnitate:

1974 3685 2148 3747 bonas,
2177 3690 2221 3736 et
2247 3682 2502 3736 veritatem
2528 3680 2741 3751 diligite.
2768 3678 2872 3734 Sed
2899 3678 3072 3734 illuxit
3096 3678 3183 3731 lux
3210 3677 3457 3743 sensilis,
3488 3688 3545 3730 ut

1973 3773 2104 3829 lucis
2134 3771 2323 3843 Opifex
2359 3770 2758 3841 przcdicaretur.
2785 3767 3013 3823 Advenit
3033 3782 3255 3837 vespera
3285 3766 3390 3821 diei
3424 3781 3546 3821 cur-

1972 3882 2090 3921 sum
2120 3864 2429 3934 obsignans.
2448 3863 2652 3917 Bonum
2684 3860 3022 3931 principium,
3058 3859 3179 3914 ﬁnis
3198 3857 3440 3912 addatur.
3468 3858 3547 3913 Ne

1974 3956 2113 4010 male
2138 3955 2395 4025 repellas,
2432 3953 2524 4009 sed
2559 3952 2681 4007 audi
2705 3952 2955 4007 Davidem
2989 3970 3000 4004 :
3033 3949 3098 4005 In
3133 3951 3316 4020 ﬁnem,
3344 3967 3406 4004 ne
3434 3968 3546 4004 cor-

1974 4070 2180 4123 rumpas
2202 4051 2367 4122 (Psal.
2402 4052 2488 4105 74.
2514 4046 2884 4120 titulus).Detts
2917 4056 3094 4101 autem
3117 4046 3247 4100 Ittcis
3275 4046 3429 4114 hujus
3450 4061 3547 4097 vos

1974 4161 2159 4200 omnes
2187 4144 2469 4209 illuminet,
2498 4142 2660 4197 verbo
2679 4182 2692 4204 ,
2712 4139 2826 4210 lege
2846 4179 2859 4197 ,
2891 4138 3011 4199 (ide,
3042 4139 3259 4207 justitia,
3279 4139 3543 4199 castitate,

1976 4241 2026 4294 in
2057 4236 2267 4292 Christo
2304 4236 2427 4291 Jesu
2460 4235 2682 4289 Domino
2709 4241 2927 4297 nostro,
2963 4246 3055 4298 per
3082 4245 3235 4298 quem
3258 4238 3313 4283 et
3331 4229 3545 4298 quicum

1976 4332 2117 4386 Patri
2155 4330 2356 4401 gloria,
2387 4328 2545 4381 siuml
2589 4341 2707 4381 cum
2748 4323 2947 4395 Spiritu
2989 4331 3206 4389 sancto,
3255 4321 3307 4374 in
3352 4321 3544 4375 saacula

1974 4425 2309 4478 surculorum.
2338 4424 2526 4475 Amen.

1977 4516 2217 4586 Ejusdem
2245 4516 2297 4567 in
2322 4514 2595 4567 secundum
2624 4512 2754 4565 diem
2780 4511 3044 4565 creationis
3063 4551 3078 4574 ,
3103 4517 3148 4563 et
3171 4507 3408 4560 adversus
3434 4521 3547 4558 eum

2045 4608 2128 4677 qui
2178 4607 2270 4659 sibi
2315 4606 2546 4669 dixerat,
2593 4620 2694 4657 non
2717 4613 2943 4672 oportere
2988 4618 3077 4655 nos
3130 4599 3441 4655 Christianos
3491 4598 3546 4651 in

2044 4696 2440 4764 sanctiﬁcatione
2468 4694 2662 4757 dicere,
2692 4694 2827 4747 Deus
2864 4691 3115 4747 Sabaoth.

2047 4792 2098 4845 1.
2133 4789 2367 4860 Eﬁicacia
2387 4787 2520 4841 verbi
2552 4786 2724 4840 diuini.
2753 4786 3063 4839 Abstinentia
3087 4794 3244 4837 mater
3277 4784 3375 4853 pice
3401 4798 3546 4835 men-

1979 4883 2058 4936 tis.
2087 4912 2157 4921 —
2187 4880 2362 4935 Animi
2390 4878 2715 4933 desiderium
2758 4879 2953 4931 excitat
3004 4876 3215 4932 divinus
3256 4889 3463 4939 sermo,
3493 4883 3548 4926 et

1976 4974 2125 5044 quasi
2149 4974 2417 5027 lucernam
2443 4970 2727 5039 quamdam
2762 4968 2860 5038 ipsi
2891 4967 3137 5037 gaudium
3163 4963 3511 5033 circumponit
3529 5006 3544 5027 ,

1979 5076 2035 5121 ut
2076 5075 2132 5121 et
2157 5064 2433 5120 ratiocinia
2466 5062 2725 5127 illustret,
2757 5072 2811 5115 et
2857 5070 3091 5115 mentem
3140 5058 3437 5118 exhilaret,
3494 5065 3548 5108 et

1980 5166 2195 5227 peccata
2245 5157 2549 5224 abstergat,
2590 5160 2645 5207 et
2698 5168 2854 5207 sensa
2899 5152 3179 5205 illuminet.
3234 5146 3545 5215 Hujusmodi

1977 5260 2061 5305 est
2107 5250 2198 5303 Dei
2232 5264 2430 5304 sermo.
2463 5247 2595 5302 Nam
2640 5246 2782 5315 quod
2806 5261 2898 5301 eos
2924 5243 3096 5307 ferro,
3152 5240 3203 5295 id
3233 5239 3423 5292 animm
3453 5238 3547 5291 Dei

1979 5356 2172 5397 sermo.
2197 5340 2302 5395 Cos
2329 5354 2434 5393 non
2462 5354 2623 5393 unam
2645 5338 2815 5392 solum
2844 5350 2956 5389 rem
2979 5335 3121 5388 ferro
3150 5330 3353 5385 confert
3382 5345 3396 5381 :
3426 5344 3548 5381 nam

1981 5434 2150 5503 primo
2173 5434 2340 5501 ipsum
2369 5440 2653 5500 prmparat,
2683 5439 2741 5483 ut
2759 5429 3052 5497 rubiginem
3082 5432 3326 5492 reSpuat:
3356 5421 3550 5476 deinde

1980 5541 2216 5579 crassum
2246 5533 2528 5587 extenuat,
2560 5525 2805 5579 obtusum
2836 5520 3010 5582 acuit,
3051 5517 3334 5572 obscurum
3380 5515 3553 5569 reddit

1980 5616 2207 5670 lucidum
2232 5658 2245 5679 ,
2273 5615 2569 5669 abstersum
2592 5656 2607 5681 ,
2635 5613 2855 5667 nitidum
2873 5651 2888 5677 ,
2920 5618 3151 5663 acutum.
3181 5608 3270 5663 Sic
3293 5621 3351 5662 se
3391 5606 3549 5660 habet

1981 5707 2074 5761 Dei
2112 5721 2327 5761 sermo:
2355 5705 2517 5760 efﬁcit
2546 5714 2604 5759 ut
2648 5704 2821 5757 anima
2873 5700 3166 5768 rubiginem
3214 5700 3410 5769 peccati
3458 5715 3545 5750 re-

1985 5808 2159 5870 Spuat,
2199 5799 2438 5853 obtusum
2468 5798 2611 5851 illam
2633 5797 2789 5863 acuit,
2822 5808 3050 5849 crassam
3085 5794 3327 5848 subtilem
3355 5789 3547 5849 reddit,
