  <div class='ocr_page' id='page_1' title='image "/cluster/home/n/w/nwhite01/storage/ocr_20150623/56/mdp.39015028574351/431.png"; bbox 0 0 4074 6308; ppageno 0'>
   <div class='ocr_carea' id='block_1_1' title="bbox 474 372 580 429">
    <p class='ocr_par' dir='ltr' id='par_1_1' title="bbox 474 372 580 429">
     <span class='ocr_line' id='line_1_1' title="bbox 474 372 580 429; baseline -0.028 1"><span class='ocrx_word' id='word_1_1' title='bbox 474 372 580 429; x_wconf 61' lang='grc'><strong>459</strong></span> 
     </span>
    </p>
   </div>
   <div class='ocr_carea' id='block_1_2' title="bbox 474 456 2053 545">
    <p class='ocr_par' dir='ltr' id='par_1_2' title="bbox 474 456 2053 545">
     <span class='ocr_line' id='line_1_2' title="bbox 474 456 2053 545; baseline -0.018 -9"><span class='ocrx_word' id='word_1_2' title='bbox 474 485 755 537; x_wconf 82' lang='lat' dir='ltr'><strong>obscuram</strong></span> <span class='ocrx_word' id='word_1_3' title='bbox 797 471 1082 545; x_wconf 87' lang='lat' dir='ltr'><strong>splendore</strong></span> <span class='ocrx_word' id='word_1_4' title='bbox 1131 467 1315 523; x_wconf 81' lang='lat' dir='ltr'><strong>afﬁcit.</strong></span> <span class='ocrx_word' id='word_1_5' title='bbox 1364 461 1487 518; x_wconf 79' lang='lat' dir='ltr'><strong>Vult</strong></span> <span class='ocrx_word' id='word_1_6' title='bbox 1529 469 1707 516; x_wconf 90' lang='lat' dir='ltr'><strong>autem</strong></span> <span class='ocrx_word' id='word_1_7' title='bbox 1750 456 1846 512; x_wconf 87' lang='lat' dir='ltr'><strong>Dei</strong></span> <span class='ocrx_word' id='word_1_8' title='bbox 1873 468 2053 510; x_wconf 86' lang='lat' dir='ltr'><strong>sermo</strong></span> 
     </span>
    </p>
   </div>
   <div class='ocr_carea' id='block_1_3' title="bbox 474 546 2051 643">
    <p class='ocr_par' dir='ltr' id='par_1_3' title="bbox 474 546 2051 643">
     <span class='ocr_line' id='line_1_3' title="bbox 474 546 2051 643; baseline -0.02 -14"><span class='ocrx_word' id='word_1_9' title='bbox 474 589 574 629; x_wconf 87' lang='lat' dir='ltr'><strong>nos</strong></span> <span class='ocrx_word' id='word_1_10' title='bbox 596 567 903 643; x_wconf 89' lang='lat' dir='ltr'><strong>splendidos</strong></span> <span class='ocrx_word' id='word_1_11' title='bbox 932 579 1051 619; x_wconf 85' lang='lat' dir='ltr'><strong>esse</strong></span> <span class='ocrx_word' id='word_1_12' title='bbox 1076 557 1369 616; x_wconf 88' lang='lat' dir='ltr'><strong>secundum</strong></span> <span class='ocrx_word' id='word_1_13' title='bbox 1390 549 1631 623; x_wconf 84' lang='lat' dir='ltr'><strong>Apostoli</strong></span> <span class='ocrx_word' id='word_1_14' title='bbox 1648 549 1893 604; x_wconf 73' lang='lat' dir='ltr'><strong>affectum</strong></span> <span class='ocrx_word' id='word_1_15' title='bbox 1924 548 1941 577; x_wconf 83' lang='grc'>¹</span> <span class='ocrx_word' id='word_1_16' title='bbox 1965 546 2051 599; x_wconf 88' lang='lat' dir='ltr'><strong>di-</strong></span> 
     </span>
    </p>
   </div>
   <div class='ocr_carea' id='block_1_4' title="bbox 476 638 2055 721">
    <p class='ocr_par' dir='ltr' id='par_1_4' title="bbox 476 638 2055 721">
     <span class='ocr_line' id='line_1_4' title="bbox 476 638 2055 721; baseline -0.021 0"><span class='ocrx_word' id='word_1_17' title='bbox 476 638 647 721; x_wconf 80' lang='lat' dir='ltr'><strong>centis</strong></span> <span class='ocrx_word' id='word_1_18' title='bbox 671 679 685 717; x_wconf 91' lang='lat'><strong>:</strong></span> <span class='ocrx_word' id='word_1_19' title='bbox 722 660 790 716; x_wconf 89' lang='lat' dir='ltr'><strong>Ut</strong></span> <span class='ocrx_word' id='word_1_20' title='bbox 817 658 926 713; x_wconf 85' lang='lat' dir='ltr'><strong>sitis</strong></span> <span class='ocrx_word' id='word_1_21' title='bbox 954 657 1081 710; x_wconf 84' lang='lat' dir='ltr'><strong>sicut</strong></span> <span class='ocrx_word' id='word_1_22' title='bbox 1110 650 1383 706; x_wconf 74' lang='lat' dir='ltr'><strong>luminaria</strong></span> <span class='ocrx_word' id='word_1_23' title='bbox 1409 648 1463 700; x_wconf 89' lang='lat' dir='ltr'><strong>in</strong></span> <span class='ocrx_word' id='word_1_24' title='bbox 1491 644 1694 707; x_wconf 82' lang='lat' dir='ltr'><strong>mundo,</strong></span> <span class='ocrx_word' id='word_1_25' title='bbox 1718 642 1920 695; x_wconf 83' lang='lat' dir='ltr'><strong>verbum</strong></span> <span class='ocrx_word' id='word_1_26' title='bbox 1940 638 2055 690; x_wconf 64' lang='lat' dir='ltr'><strong>vitae</strong></span> 
     </span>
    </p>
   </div>
   <div class='ocr_carea' id='block_1_5' title="bbox 479 732 2052 823">
    <p class='ocr_par' dir='ltr' id='par_1_5' title="bbox 479 732 2052 823">
     <span class='ocr_line' id='line_1_5' title="bbox 479 732 2052 823; baseline -0.017 -12"><span class='ocrx_word' id='word_1_27' title='bbox 479 757 781 811; x_wconf 76' lang='lat' dir='ltr'><strong>continentes</strong></span> <span class='ocrx_word' id='word_1_28' title='bbox 824 749 1081 823; x_wconf 76' lang='lat' dir='ltr'><strong>(Philipp.</strong></span> <span class='ocrx_word' id='word_1_29' title='bbox 1113 747 1167 798; x_wconf 75' lang='grc'><strong>2.</strong></span> <span class='ocrx_word' id='word_1_30' title='bbox 1217 742 1445 808; x_wconf 69' lang='lat'><strong>15.16).</strong></span> <span class='ocrx_word' id='word_1_31' title='bbox 1493 739 1632 792; x_wconf 87' lang='lat' dir='ltr'><strong>Ecce</strong></span> <span class='ocrx_word' id='word_1_32' title='bbox 1675 732 2052 805; x_wconf 82' lang='lat' dir='ltr'><strong>splendorem!</strong></span> 
     </span>
    </p>
   </div>
   <div class='ocr_carea' id='block_1_6' title="bbox 482 824 2051 902">
    <p class='ocr_par' dir='ltr' id='par_1_6' title="bbox 482 824 2051 902">
     <span class='ocr_line' id='line_1_6' title="bbox 482 824 2051 902; baseline -0.017 0"><span class='ocrx_word' id='word_1_33' title='bbox 482 848 601 902; x_wconf 80' lang='lat' dir='ltr'><strong>Vult</strong></span> <span class='ocrx_word' id='word_1_34' title='bbox 622 860 720 900; x_wconf 88' lang='lat' dir='ltr'><strong>nos</strong></span> <span class='ocrx_word' id='word_1_35' title='bbox 743 858 863 899; x_wconf 86' lang='lat' dir='ltr'><strong>esse</strong></span> <span class='ocrx_word' id='word_1_36' title='bbox 893 856 998 895; x_wconf 88' lang='lat' dir='ltr'><strong>non</strong></span> <span class='ocrx_word' id='word_1_37' title='bbox 1021 840 1241 892; x_wconf 87' lang='lat' dir='ltr'><strong>obtusos</strong></span> <span class='ocrx_word' id='word_1_38' title='bbox 1263 875 1275 899; x_wconf 87' lang='lat'><strong>,</strong></span> <span class='ocrx_word' id='word_1_39' title='bbox 1298 834 1390 887; x_wconf 89' lang='lat' dir='ltr'><strong>sed</strong></span> <span class='ocrx_word' id='word_1_40' title='bbox 1419 839 1638 885; x_wconf 92' lang='lat' dir='ltr'><strong>acutos:</strong></span> <span class='ocrx_word' id='word_1_41' title='bbox 1674 843 1794 882; x_wconf 89' lang='lat' dir='ltr'><strong>nam</strong></span> <span class='ocrx_word' id='word_1_42' title='bbox 1825 843 1838 879; x_wconf 89' lang='lat'><strong>:</strong></span> <span class='ocrx_word' id='word_1_43' title='bbox 1882 824 2051 885; x_wconf 80' lang='lat' dir='ltr'><strong>Vivus.</strong></span> 
     </span>
    </p>
   </div>
   <div class='ocr_carea' id='block_1_7' title="bbox 483 916 2057 1008">
    <p class='ocr_par' dir='ltr' id='par_1_7' title="bbox 483 916 2057 1008">
     <span class='ocr_line' id='line_1_7' title="bbox 483 916 2057 1008; baseline -0.016 -17"><span class='ocrx_word' id='word_1_44' title='bbox 483 938 686 1008; x_wconf 90' lang='lat' dir='ltr'><strong>inquit,</strong></span> <span class='ocrx_word' id='word_1_45' title='bbox 715 944 785 988; x_wconf 88' lang='lat' dir='ltr'><strong>est</strong></span> <span class='ocrx_word' id='word_1_46' title='bbox 814 948 977 988; x_wconf 84' lang='lat' dir='ltr'><strong>sermo</strong></span> <span class='ocrx_word' id='word_1_47' title='bbox 1006 929 1097 983; x_wconf 81' lang='lat' dir='ltr'><strong>Dei</strong></span> <span class='ocrx_word' id='word_1_48' title='bbox 1119 970 1133 993; x_wconf 93' lang='lat'><strong>,</strong></span> <span class='ocrx_word' id='word_1_49' title='bbox 1163 934 1207 980; x_wconf 89' lang='lat' dir='ltr'><strong>et</strong></span> <span class='ocrx_word' id='word_1_50' title='bbox 1228 925 1402 994; x_wconf 69' lang='lat' dir='ltr'><strong>efﬁcax</strong></span> <span class='ocrx_word' id='word_1_51' title='bbox 1420 963 1433 983; x_wconf 82' lang='grc'>,</span> <span class='ocrx_word' id='word_1_52' title='bbox 1467 930 1513 974; x_wconf 92' lang='lat' dir='ltr'><strong>et</strong></span> <span class='ocrx_word' id='word_1_53' title='bbox 1540 917 1893 989; x_wconf 78' lang='lat' dir='ltr'><strong>penetrabilior</strong></span> <span class='ocrx_word' id='word_1_54' title='bbox 1921 916 2057 968; x_wconf 88' lang='lat' dir='ltr'><strong>omni</strong></span> 
     </span>
    </p>
   </div>
   <div class='ocr_carea' id='block_1_8' title="bbox 479 1014 2061 1095">
    <p class='ocr_par' dir='ltr' id='par_1_8' title="bbox 479 1014 2061 1095">
     <span class='ocr_line' id='line_1_8' title="bbox 479 1014 2061 1095; baseline -0.014 -13"><span class='ocrx_word' id='word_1_55' title='bbox 479 1028 650 1095; x_wconf 80' lang='lat' dir='ltr'><strong>gladio</strong></span> <span class='ocrx_word' id='word_1_56' title='bbox 677 1024 886 1095; x_wconf 73' lang='lat' dir='ltr'><strong>ancipiti</strong></span> <span class='ocrx_word' id='word_1_57' title='bbox 934 1021 1116 1092; x_wconf 81' lang='lat' dir='ltr'><strong>(Hebr.</strong></span> <span class='ocrx_word' id='word_1_58' title='bbox 1145 1020 1198 1073; x_wconf 78' lang='grc'><strong>4.</strong></span> <span class='ocrx_word' id='word_1_59' title='bbox 1230 1015 1342 1087; x_wconf 72' lang='grc'><strong>12).</strong></span> <span class='ocrx_word' id='word_1_60' title='bbox 1392 1014 1517 1068; x_wconf 82' lang='lat' dir='ltr'><strong>Vult</strong></span> <span class='ocrx_word' id='word_1_61' title='bbox 1558 1025 1653 1065; x_wconf 89' lang='lat' dir='ltr'><strong>uos</strong></span> <span class='ocrx_word' id='word_1_62' title='bbox 1695 1024 1801 1063; x_wconf 90' lang='lat' dir='ltr'><strong>non</strong></span> <span class='ocrx_word' id='word_1_63' title='bbox 1852 1022 2061 1062; x_wconf 89' lang='lat' dir='ltr'><strong>crassos</strong></span> 
     </span>
    </p>
   </div>
   <div class='ocr_carea' id='block_1_9' title="bbox 481 1096 2058 1183">
    <p class='ocr_par' dir='ltr' id='par_1_9' title="bbox 481 1096 2058 1183">
     <span class='ocr_line' id='line_1_9' title="bbox 481 1096 2058 1183; baseline -0.012 -15"><span class='ocrx_word' id='word_1_64' title='bbox 481 1132 627 1183; x_wconf 82' lang='lat' dir='ltr'><strong>esse,</strong></span> <span class='ocrx_word' id='word_1_65' title='bbox 677 1114 770 1170; x_wconf 90' lang='lat' dir='ltr'><strong>sed</strong></span> <span class='ocrx_word' id='word_1_66' title='bbox 816 1109 1220 1183; x_wconf 81' lang='lat' dir='ltr'><strong>cogitationibus</strong></span> <span class='ocrx_word' id='word_1_67' title='bbox 1270 1114 1501 1159; x_wconf 78' lang='lat' dir='ltr'><strong>mentem</strong></span> <span class='ocrx_word' id='word_1_68' title='bbox 1538 1101 1783 1155; x_wconf 84' lang='lat' dir='ltr'><strong>subtilem</strong></span> <span class='ocrx_word' id='word_1_69' title='bbox 1815 1096 2058 1152; x_wconf 86' lang='lat' dir='ltr'><strong>reddere.</strong></span> 
     </span>
    </p>
   </div>
   <div class='ocr_carea' id='block_1_10' title="bbox 486 1191 2059 1266">
    <p class='ocr_par' dir='ltr' id='par_1_10' title="bbox 486 1191 2059 1266">
     <span class='ocr_line' id='line_1_10' title="bbox 486 1191 2059 1266; baseline -0.016 -1"><span class='ocrx_word' id='word_1_70' title='bbox 486 1209 583 1264; x_wconf 84' lang='lat' dir='ltr'><strong>Ubi</strong></span> <span class='ocrx_word' id='word_1_71' title='bbox 613 1208 755 1263; x_wconf 89' lang='lat' dir='ltr'><strong>enim</strong></span> <span class='ocrx_word' id='word_1_72' title='bbox 781 1204 1052 1261; x_wconf 80' lang='lat' dir='ltr'><strong>crassitics</strong></span> <span class='ocrx_word' id='word_1_73' title='bbox 1069 1242 1085 1266; x_wconf 93' lang='lat'><strong>,</strong></span> <span class='ocrx_word' id='word_1_74' title='bbox 1114 1199 1183 1253; x_wconf 87' lang='lat' dir='ltr'><strong>ibi</strong></span> <span class='ocrx_word' id='word_1_75' title='bbox 1207 1198 1375 1251; x_wconf 89' lang='lat' dir='ltr'><strong>aliena</strong></span> <span class='ocrx_word' id='word_1_76' title='bbox 1397 1210 1428 1249; x_wconf 89' lang='lat' dir='ltr'><strong>a</strong></span> <span class='ocrx_word' id='word_1_77' title='bbox 1460 1195 1550 1248; x_wconf 91' lang='lat' dir='ltr'><strong>Dei</strong></span> <span class='ocrx_word' id='word_1_78' title='bbox 1572 1191 1737 1247; x_wconf 89' lang='lat' dir='ltr'><strong>verbo</strong></span> <span class='ocrx_word' id='word_1_79' title='bbox 1760 1204 1914 1244; x_wconf 89' lang='lat' dir='ltr'><strong>mens</strong></span> <span class='ocrx_word' id='word_1_80' title='bbox 1939 1198 2020 1242; x_wconf 90' lang='lat' dir='ltr'><strong>est</strong></span> <span class='ocrx_word' id='word_1_81' title='bbox 2045 1204 2059 1241; x_wconf 90' lang='lat'><strong>:</strong></span> 
     </span>
    </p>
   </div>
   <div class='ocr_carea' id='block_1_11' title="bbox 485 1280 2063 1359">
    <p class='ocr_par' dir='ltr' id='par_1_11' title="bbox 485 1280 2063 1359">
     <span class='ocr_line' id='line_1_11' title="bbox 485 1280 2063 1359; baseline -0.012 -6"><span class='ocrx_word' id='word_1_82' title='bbox 485 1300 576 1355; x_wconf 89' lang='lat' dir='ltr'><strong>ubi</strong></span> <span class='ocrx_word' id='word_1_83' title='bbox 602 1308 781 1353; x_wconf 88' lang='lat' dir='ltr'><strong>autem</strong></span> <span class='ocrx_word' id='word_1_84' title='bbox 804 1295 1014 1351; x_wconf 85' lang='lat' dir='ltr'><strong>subtilis</strong></span> <span class='ocrx_word' id='word_1_85' title='bbox 1039 1300 1141 1354; x_wconf 87' lang='lat' dir='ltr'><strong>est,</strong></span> <span class='ocrx_word' id='word_1_86' title='bbox 1165 1299 1287 1359; x_wconf 89' lang='lat' dir='ltr'><strong>apta</strong></span> <span class='ocrx_word' id='word_1_87' title='bbox 1313 1288 1414 1357; x_wconf 82' lang='lat' dir='ltr'><strong>legi</strong></span> <span class='ocrx_word' id='word_1_88' title='bbox 1438 1286 1633 1341; x_wconf 82' lang='lat' dir='ltr'><strong>divinae</strong></span> <span class='ocrx_word' id='word_1_89' title='bbox 1654 1283 1905 1340; x_wconf 84' lang='lat' dir='ltr'><strong>efﬁcitur.</strong></span> <span class='ocrx_word' id='word_1_90' title='bbox 1938 1280 2063 1335; x_wconf 88' lang='lat' dir='ltr'><strong>Ideo</strong></span> 
     </span>
    </p>
   </div>
   <div class='ocr_carea' id='block_1_12' title="bbox 485 1372 2066 1449">
    <p class='ocr_par' dir='ltr' id='par_1_12' title="bbox 485 1372 2066 1449">
     <span class='ocr_line' id='line_1_12' title="bbox 485 1372 2066 1449; baseline -0.014 -4"><span class='ocrx_word' id='word_1_91' title='bbox 485 1389 554 1445; x_wconf 92' lang='lat' dir='ltr'><strong>de</strong></span> <span class='ocrx_word' id='word_1_92' title='bbox 582 1386 934 1443; x_wconf 90' lang='lat' dir='ltr'><strong>crassioribus</strong></span> <span class='ocrx_word' id='word_1_93' title='bbox 962 1384 1090 1437; x_wconf 89' lang='lat' dir='ltr'><strong>dicit</strong></span> <span class='ocrx_word' id='word_1_94' title='bbox 1115 1382 1386 1449; x_wconf 83' lang='lat' dir='ltr'><strong>Scriptura</strong></span> <span class='ocrx_word' id='word_1_95' title='bbox 1417 1396 1433 1431; x_wconf 90' lang='lat'><strong>:</strong></span> <span class='ocrx_word' id='word_1_96' title='bbox 1465 1376 1532 1430; x_wconf 82' lang='lat' dir='ltr'><strong>Et</strong></span> <span class='ocrx_word' id='word_1_97' title='bbox 1560 1375 1772 1429; x_wconf 83' lang='lat' dir='ltr'><strong>comedit</strong></span> <span class='ocrx_word' id='word_1_98' title='bbox 1798 1372 1958 1426; x_wconf 83' lang='lat' dir='ltr'><strong>Jaeob</strong></span> <span class='ocrx_word' id='word_1_99' title='bbox 1977 1413 1994 1437; x_wconf 92' lang='lat'><strong>,</strong></span> <span class='ocrx_word' id='word_1_100' title='bbox 2016 1380 2066 1425; x_wconf 85' lang='lat' dir='ltr'><strong>et</strong></span> 
     </span>
    </p>
   </div>
   <div class='ocr_carea' id='block_1_13' title="bbox 488 1464 2067 1542">
    <p class='ocr_par' dir='ltr' id='par_1_13' title="bbox 488 1464 2067 1542">
     <span class='ocr_line' id='line_1_13' title="bbox 488 1464 2067 1542; baseline -0.009 -11"><span class='ocrx_word' id='word_1_101' title='bbox 488 1488 743 1532; x_wconf 73' lang='lat' dir='ltr'><strong>saturatas</strong></span> <span class='ocrx_word' id='word_1_102' title='bbox 778 1486 885 1540; x_wconf 89' lang='lat' dir='ltr'><strong>est,</strong></span> <span class='ocrx_word' id='word_1_103' title='bbox 934 1484 982 1529; x_wconf 89' lang='lat' dir='ltr'><strong>et</strong></span> <span class='ocrx_word' id='word_1_104' title='bbox 1019 1473 1394 1542; x_wconf 86' lang='lat' dir='ltr'><strong>impinguatus,</strong></span> <span class='ocrx_word' id='word_1_105' title='bbox 1441 1469 1776 1528; x_wconf 85' lang='lat' dir='ltr'><strong>incrassatus,</strong></span> <span class='ocrx_word' id='word_1_106' title='bbox 1825 1464 2067 1517; x_wconf 87' lang='lat' dir='ltr'><strong>dilatatus</strong></span> 
     </span>
    </p>
   </div>
   <div class='ocr_carea' id='block_1_14' title="bbox 487 1555 2062 1640">
    <p class='ocr_par' dir='ltr' id='par_1_14' title="bbox 487 1555 2062 1640">
     <span class='ocr_line' id='line_1_14' title="bbox 487 1555 2062 1640; baseline -0.012 -15"><span class='ocrx_word' id='word_1_107' title='bbox 487 1582 558 1625; x_wconf 84' lang='lat' dir='ltr'><strong>est</strong></span> <span class='ocrx_word' id='word_1_108' title='bbox 587 1588 604 1624; x_wconf 94' lang='lat'><em>:</em></span> <span class='ocrx_word' id='word_1_109' title='bbox 629 1570 893 1640; x_wconf 78' lang='lat' dir='ltr'><strong>dereliquit</strong></span> <span class='ocrx_word' id='word_1_110' title='bbox 934 1567 1098 1622; x_wconf 87' lang='lat' dir='ltr'><strong>Deum</strong></span> <span class='ocrx_word' id='word_1_111' title='bbox 1144 1570 1386 1634; x_wconf 78' lang='lat' dir='ltr'><strong>factorem</strong></span> <span class='ocrx_word' id='word_1_112' title='bbox 1411 1577 1558 1615; x_wconf 90' lang='lat' dir='ltr'><strong>suum</strong></span> <span class='ocrx_word' id='word_1_113' title='bbox 1589 1558 1764 1631; x_wconf 86' lang='lat' dir='ltr'><strong>(Deut.</strong></span> <span class='ocrx_word' id='word_1_114' title='bbox 1812 1557 1901 1611; x_wconf 68' lang='lat'><strong>32.</strong></span> <span class='ocrx_word' id='word_1_115' title='bbox 1951 1555 2062 1623; x_wconf 75' lang='grc'><strong>15).</strong></span> 
     </span>
    </p>
   </div>
   <div class='ocr_carea' id='block_1_15' title="bbox 490 1652 2070 1732">
    <p class='ocr_par' dir='ltr' id='par_1_15' title="bbox 490 1652 2070 1732">
     <span class='ocr_line' id='line_1_15' title="bbox 490 1652 2070 1732; baseline -0.009 -17"><span class='ocrx_word' id='word_1_116' title='bbox 490 1664 602 1732; x_wconf 79' lang='lat' dir='ltr'><strong>Age</strong></span> <span class='ocrx_word' id='word_1_117' title='bbox 627 1668 1019 1730; x_wconf 86' lang='lat' dir='ltr'><strong>ergo,nostram</strong></span> <span class='ocrx_word' id='word_1_118' title='bbox 1063 1671 1271 1726; x_wconf 89' lang='lat' dir='ltr'><strong>quoque</strong></span> <span class='ocrx_word' id='word_1_119' title='bbox 1301 1656 1392 1709; x_wconf 91' lang='lat' dir='ltr'><strong>Dei</strong></span> <span class='ocrx_word' id='word_1_120' title='bbox 1440 1667 1619 1708; x_wconf 90' lang='lat' dir='ltr'><strong>sermo</strong></span> <span class='ocrx_word' id='word_1_121' title='bbox 1644 1652 1872 1705; x_wconf 83' lang='lat' dir='ltr'><strong>illustret</strong></span> <span class='ocrx_word' id='word_1_122' title='bbox 1922 1663 2070 1702; x_wconf 86' lang='lat' dir='ltr'><strong>men-</strong></span> 
     </span>
    </p>
   </div>
   <div class='ocr_carea' id='block_1_16' title="bbox 492 1742 2067 1819">
    <p class='ocr_par' dir='ltr' id='par_1_16' title="bbox 492 1742 2067 1819">
     <span class='ocr_line' id='line_1_16' title="bbox 492 1742 2067 1819; baseline -0.01 -13"><span class='ocrx_word' id='word_1_123' title='bbox 492 1762 598 1807; x_wconf 87' lang='lat' dir='ltr'><strong>tem</strong></span> <span class='ocrx_word' id='word_1_124' title='bbox 619 1792 635 1818; x_wconf 93' lang='lat'><strong>,</strong></span> <span class='ocrx_word' id='word_1_125' title='bbox 664 1751 893 1805; x_wconf 81' lang='lat' dir='ltr'><strong>maxime</strong></span> <span class='ocrx_word' id='word_1_126' title='bbox 931 1747 1200 1819; x_wconf 89' lang='lat' dir='ltr'><strong>proposito</strong></span> <span class='ocrx_word' id='word_1_127' title='bbox 1220 1745 1423 1815; x_wconf 88' lang='lat' dir='ltr'><strong>jejunio</strong></span> <span class='ocrx_word' id='word_1_128' title='bbox 1443 1783 1457 1810; x_wconf 88' lang='lat'><strong>,</strong></span> <span class='ocrx_word' id='word_1_129' title='bbox 1486 1742 1626 1812; x_wconf 92' lang='lat' dir='ltr'><strong>quod</strong></span> <span class='ocrx_word' id='word_1_130' title='bbox 1666 1748 1916 1795; x_wconf 82' lang='lat' dir='ltr'><strong>extenuat</strong></span> <span class='ocrx_word' id='word_1_131' title='bbox 1943 1753 2067 1793; x_wconf 88' lang='lat' dir='ltr'><strong>cor-</strong></span> 
     </span>
    </p>
   </div>
   <div class='ocr_carea' id='block_1_17' title="bbox 498 1829 2071 1912">
    <p class='ocr_par' dir='ltr' id='par_1_17' title="bbox 498 1829 2071 1912">
     <span class='ocr_line' id='line_1_17' title="bbox 498 1829 2071 1912; baseline -0.011 -14"><span class='ocrx_word' id='word_1_132' title='bbox 498 1858 627 1912; x_wconf 88' lang='lat' dir='ltr'><strong>pora</strong></span> <span class='ocrx_word' id='word_1_133' title='bbox 647 1884 663 1908; x_wconf 94' lang='lat'><strong>,</strong></span> <span class='ocrx_word' id='word_1_134' title='bbox 695 1852 747 1898; x_wconf 90' lang='lat' dir='ltr'><strong>et</strong></span> <span class='ocrx_word' id='word_1_135' title='bbox 772 1850 1004 1897; x_wconf 88' lang='lat' dir='ltr'><strong>mentem</strong></span> <span class='ocrx_word' id='word_1_136' title='bbox 1031 1838 1260 1893; x_wconf 81' lang='lat' dir='ltr'><strong>exacuit.</strong></span> <span class='ocrx_word' id='word_1_137' title='bbox 1289 1836 1384 1889; x_wconf 87' lang='lat' dir='ltr'><strong>Est</strong></span> <span class='ocrx_word' id='word_1_138' title='bbox 1405 1835 1547 1889; x_wconf 91' lang='lat' dir='ltr'><strong>enim</strong></span> <span class='ocrx_word' id='word_1_139' title='bbox 1582 1832 1904 1887; x_wconf 87' lang='lat' dir='ltr'><strong>abstinentia</strong></span> <span class='ocrx_word' id='word_1_140' title='bbox 1931 1829 2071 1899; x_wconf 84' lang='lat' dir='ltr'><strong>jeju-</strong></span> 
     </span>
    </p>
   </div>
   <div class='ocr_carea' id='block_1_18' title="bbox 496 1922 2067 1993">
    <p class='ocr_par' dir='ltr' id='par_1_18' title="bbox 496 1922 2067 1993">
     <span class='ocr_line' id='line_1_18' title="bbox 496 1922 2067 1993; baseline -0.009 -6"><span class='ocrx_word' id='word_1_141' title='bbox 496 1936 569 1987; x_wconf 93' lang='lat' dir='ltr'><strong>nii</strong></span> <span class='ocrx_word' id='word_1_142' title='bbox 597 1933 772 1989; x_wconf 91' lang='lat' dir='ltr'><strong>omnis</strong></span> <span class='ocrx_word' id='word_1_143' title='bbox 792 1929 1226 1987; x_wconf 86' lang='lat' dir='ltr'><strong>sanctiﬁcationis</strong></span> <span class='ocrx_word' id='word_1_144' title='bbox 1250 1928 1448 1992; x_wconf 84' lang='lat' dir='ltr'><strong>nutrix,</strong></span> <span class='ocrx_word' id='word_1_145' title='bbox 1476 1933 1529 1980; x_wconf 90' lang='lat' dir='ltr'><strong>et</strong></span> <span class='ocrx_word' id='word_1_146' title='bbox 1546 1935 1712 1979; x_wconf 85' lang='lat' dir='ltr'><strong>mater</strong></span> <span class='ocrx_word' id='word_1_147' title='bbox 1726 1923 1823 1993; x_wconf 76' lang='lat' dir='ltr'><strong>piae</strong></span> <span class='ocrx_word' id='word_1_148' title='bbox 1852 1922 2067 1976; x_wconf 88' lang='lat' dir='ltr'><strong>mentis.</strong></span> 
     </span>
    </p>
   </div>
   <div class='ocr_carea' id='block_1_19' title="bbox 498 2014 2072 2095">
    <p class='ocr_par' dir='ltr' id='par_1_19' title="bbox 498 2014 2072 2095">
     <span class='ocr_line' id='line_1_19' title="bbox 498 2014 2072 2095; baseline -0.01 -15"><span class='ocrx_word' id='word_1_149' title='bbox 498 2025 613 2080; x_wconf 90' lang='lat' dir='ltr'><strong>Non</strong></span> <span class='ocrx_word' id='word_1_150' title='bbox 629 2025 886 2095; x_wconf 64' lang='lat' dir='ltr'><strong>quarritur</strong></span> <span class='ocrx_word' id='word_1_151' title='bbox 911 2020 1180 2092; x_wconf 91' lang='lat' dir='ltr'><strong>quomodo</strong></span> <span class='ocrx_word' id='word_1_152' title='bbox 1205 2020 1506 2089; x_wconf 69' lang='lat' dir='ltr'><strong>jejunemus</strong></span> <span class='ocrx_word' id='word_1_153' title='bbox 1532 2025 1733 2070; x_wconf 87' lang='lat' dir='ltr'><strong>tantum</strong></span> <span class='ocrx_word' id='word_1_154' title='bbox 1751 2056 1766 2081; x_wconf 93' lang='lat'><strong>,</strong></span> <span class='ocrx_word' id='word_1_155' title='bbox 1791 2014 1883 2069; x_wconf 90' lang='lat' dir='ltr'><strong>sed</strong></span> <span class='ocrx_word' id='word_1_156' title='bbox 1914 2027 2072 2083; x_wconf 89' lang='lat' dir='ltr'><strong>quam</strong></span> 
     </span>
    </p>
   </div>
   <div class='ocr_carea' id='block_1_20' title="bbox 497 2103 2073 2188">
    <p class='ocr_par' dir='ltr' id='par_1_20' title="bbox 497 2103 2073 2188">
     <span class='ocr_line' id='line_1_20' title="bbox 497 2103 2073 2188; baseline -0.01 -14"><span class='ocrx_word' id='word_1_157' title='bbox 497 2118 585 2188; x_wconf 89' lang='lat' dir='ltr'><strong>pie</strong></span> <span class='ocrx_word' id='word_1_158' title='bbox 605 2117 928 2188; x_wconf 88' lang='lat' dir='ltr'><strong>jejunemus.</strong></span> <span class='ocrx_word' id='word_1_159' title='bbox 954 2115 1097 2169; x_wconf 84' lang='lat' dir='ltr'><strong>Multi</strong></span> <span class='ocrx_word' id='word_1_160' title='bbox 1126 2113 1197 2167; x_wconf 89' lang='lat' dir='ltr'><strong>ob</strong></span> <span class='ocrx_word' id='word_1_161' title='bbox 1240 2111 1445 2181; x_wconf 89' lang='lat' dir='ltr'><strong>publica</strong></span> <span class='ocrx_word' id='word_1_162' title='bbox 1474 2124 1652 2164; x_wconf 89' lang='lat' dir='ltr'><strong>rerum</strong></span> <span class='ocrx_word' id='word_1_163' title='bbox 1681 2106 1891 2177; x_wconf 89' lang='lat' dir='ltr'><strong>negotia</strong></span> <span class='ocrx_word' id='word_1_164' title='bbox 1936 2103 2073 2175; x_wconf 82' lang='lat' dir='ltr'><strong>jeju-</strong></span> 
     </span>
    </p>
   </div>
   <div class='ocr_carea' id='block_1_21' title="bbox 499 2196 2073 2275">
    <p class='ocr_par' dir='ltr' id='par_1_21' title="bbox 499 2196 2073 2275">
     <span class='ocr_line' id='line_1_21' title="bbox 499 2196 2073 2275; baseline -0.01 -11"><span class='ocrx_word' id='word_1_165' title='bbox 499 2218 661 2273; x_wconf 82' lang='lat' dir='ltr'><strong>nant;</strong></span> <span class='ocrx_word' id='word_1_166' title='bbox 689 2208 781 2263; x_wconf 90' lang='lat' dir='ltr'><strong>sed</strong></span> <span class='ocrx_word' id='word_1_167' title='bbox 808 2223 911 2261; x_wconf 90' lang='lat' dir='ltr'><strong>non</strong></span> <span class='ocrx_word' id='word_1_168' title='bbox 939 2212 1211 2275; x_wconf 81' lang='lat' dir='ltr'><strong>reputatur</strong></span> <span class='ocrx_word' id='word_1_169' title='bbox 1230 2203 1308 2257; x_wconf 89' lang='lat' dir='ltr'><strong>eis</strong></span> <span class='ocrx_word' id='word_1_170' title='bbox 1328 2203 1379 2255; x_wconf 91' lang='lat' dir='ltr'><strong>in</strong></span> <span class='ocrx_word' id='word_1_171' title='bbox 1405 2200 1685 2270; x_wconf 82' lang='lat' dir='ltr'><strong>jejunium.</strong></span> <span class='ocrx_word' id='word_1_172' title='bbox 1707 2199 1910 2267; x_wconf 90' lang='lat' dir='ltr'><strong>Scopus</strong></span> <span class='ocrx_word' id='word_1_173' title='bbox 1930 2196 2073 2251; x_wconf 84' lang='lat' dir='ltr'><strong>enim</strong></span> 
     </span>
    </p>
   </div>
   <div class='ocr_carea' id='block_1_22' title="bbox 496 2288 2077 2371">
    <p class='ocr_par' dir='ltr' id='par_1_22' title="bbox 496 2288 2077 2371">
     <span class='ocr_line' id='line_1_22' title="bbox 496 2288 2077 2371; baseline -0.009 -16"><span class='ocrx_word' id='word_1_174' title='bbox 496 2300 788 2371; x_wconf 72' lang='lat' dir='ltr'><strong>iudicatur,</strong></span> <span class='ocrx_word' id='word_1_175' title='bbox 829 2312 935 2351; x_wconf 90' lang='lat' dir='ltr'><strong>non</strong></span> <span class='ocrx_word' id='word_1_176' title='bbox 981 2295 1272 2350; x_wconf 82' lang='lat' dir='ltr'><strong>necessitas</strong></span> <span class='ocrx_word' id='word_1_177' title='bbox 1317 2299 1620 2347; x_wconf 86' lang='lat' dir='ltr'><strong>coronatur.</strong></span> <span class='ocrx_word' id='word_1_178' title='bbox 1653 2290 1707 2343; x_wconf 93' lang='lat' dir='ltr'><strong>ln</strong></span> <span class='ocrx_word' id='word_1_179' title='bbox 1750 2288 1853 2342; x_wconf 86' lang='lat' dir='ltr'><strong>hoc</strong></span> <span class='ocrx_word' id='word_1_180' title='bbox 1891 2298 2077 2343; x_wconf 88' lang='lat' dir='ltr'><strong>sancto</strong></span> 
     </span>
    </p>
   </div>
   <div class='ocr_carea' id='block_1_23' title="bbox 502 2380 2077 2458">
    <p class='ocr_par' dir='ltr' id='par_1_23' title="bbox 502 2380 2077 2458">
     <span class='ocr_line' id='line_1_23' title="bbox 502 2380 2077 2458; baseline -0.008 -13"><span class='ocrx_word' id='word_1_181' title='bbox 502 2401 641 2446; x_wconf 88' lang='lat' dir='ltr'><strong>statu</strong></span> <span class='ocrx_word' id='word_1_182' title='bbox 674 2391 855 2444; x_wconf 87' lang='lat' dir='ltr'><strong>beatus</strong></span> <span class='ocrx_word' id='word_1_183' title='bbox 894 2388 1098 2458; x_wconf 83' lang='lat' dir='ltr'><strong>Moyses</strong></span> <span class='ocrx_word' id='word_1_184' title='bbox 1127 2386 1179 2439; x_wconf 90' lang='lat' dir='ltr'><strong>in</strong></span> <span class='ocrx_word' id='word_1_185' title='bbox 1206 2395 1386 2440; x_wconf 88' lang='lat' dir='ltr'><strong>monte</strong></span> <span class='ocrx_word' id='word_1_186' title='bbox 1431 2392 1486 2438; x_wconf 90' lang='lat' dir='ltr'><strong>et</strong></span> <span class='ocrx_word' id='word_1_187' title='bbox 1505 2384 1675 2453; x_wconf 83' lang='lat' dir='ltr'><strong>legem</strong></span> <span class='ocrx_word' id='word_1_188' title='bbox 1703 2380 1994 2435; x_wconf 85' lang='lat' dir='ltr'><strong>docebatur</strong></span> <span class='ocrx_word' id='word_1_189' title='bbox 2023 2386 2077 2432; x_wconf 85' lang='lat' dir='ltr'><strong>et</strong></span> 
     </span>
    </p>
   </div>
   <div class='ocr_carea' id='block_1_24' title="bbox 503 2474 2075 2547">
    <p class='ocr_par' dir='ltr' id='par_1_24' title="bbox 503 2474 2075 2547">
     <span class='ocr_line' id='line_1_24' title="bbox 503 2474 2075 2547; baseline -0.008 -11"><span class='ocrx_word' id='word_1_190' title='bbox 503 2482 848 2537; x_wconf 85' lang='lat' dir='ltr'><strong>creationem.</strong></span> <span class='ocrx_word' id='word_1_191' title='bbox 882 2480 1120 2533; x_wconf 81' lang='lat' dir='ltr'><strong>Diximus</strong></span> <span class='ocrx_word' id='word_1_192' title='bbox 1148 2492 1277 2547; x_wconf 85' lang='lat' dir='ltr'><strong>ergo</strong></span> <span class='ocrx_word' id='word_1_193' title='bbox 1318 2477 1565 2530; x_wconf 87' lang='lat' dir='ltr'><strong>hesterna</strong></span> <span class='ocrx_word' id='word_1_194' title='bbox 1592 2476 1678 2527; x_wconf 87' lang='lat' dir='ltr'><strong>die</strong></span> <span class='ocrx_word' id='word_1_195' title='bbox 1709 2474 1876 2528; x_wconf 89' lang='lat' dir='ltr'><strong>Deum</strong></span> <span class='ocrx_word' id='word_1_196' title='bbox 1898 2514 1913 2538; x_wconf 92' lang='lat'><strong>,</strong></span> <span class='ocrx_word' id='word_1_197' title='bbox 1955 2487 2075 2524; x_wconf 87' lang='lat' dir='ltr'><strong>cum</strong></span> 
     </span>
    </p>
   </div>
   <div class='ocr_carea' id='block_1_25' title="bbox 504 2563 2080 2643">
    <p class='ocr_par' dir='ltr' id='par_1_25' title="bbox 504 2563 2080 2643">
     <span class='ocr_line' id='line_1_25' title="bbox 504 2563 2080 2643; baseline -0.009 -15"><span class='ocrx_word' id='word_1_198' title='bbox 504 2574 674 2643; x_wconf 83' lang='lat' dir='ltr'><strong>legem</strong></span> <span class='ocrx_word' id='word_1_199' title='bbox 705 2588 797 2641; x_wconf 85' lang='lat' dir='ltr'><strong>per</strong></span> <span class='ocrx_word' id='word_1_200' title='bbox 820 2570 1285 2641; x_wconf 83' lang='lat' dir='ltr'><strong>Moysemdaturus</strong></span> <span class='ocrx_word' id='word_1_201' title='bbox 1308 2576 1469 2631; x_wconf 85' lang='lat' dir='ltr'><strong>esset,</strong></span> <span class='ocrx_word' id='word_1_202' title='bbox 1495 2567 1663 2637; x_wconf 89' lang='lat' dir='ltr'><strong>primo</strong></span> <span class='ocrx_word' id='word_1_203' title='bbox 1688 2579 1747 2619; x_wconf 87' lang='lat' dir='ltr'><strong>se</strong></span> <span class='ocrx_word' id='word_1_204' title='bbox 1772 2563 2080 2618; x_wconf 83' lang='lat' dir='ltr'><strong>Creatorem</strong></span> 
     </span>
    </p>
   </div>
   <div class='ocr_carea' id='block_1_26' title="bbox 505 2654 2081 2729">
    <p class='ocr_par' dir='ltr' id='par_1_26' title="bbox 505 2654 2081 2729">
     <span class='ocr_line' id='line_1_26' title="bbox 505 2654 2081 2729; baseline -0.008 -10"><span class='ocrx_word' id='word_1_205' title='bbox 505 2665 833 2727; x_wconf 81' lang='lat' dir='ltr'><strong>ostendisse,</strong></span> <span class='ocrx_word' id='word_1_206' title='bbox 866 2678 928 2716; x_wconf 90' lang='lat' dir='ltr'><strong>ac</strong></span> <span class='ocrx_word' id='word_1_207' title='bbox 962 2660 1153 2715; x_wconf 89' lang='lat' dir='ltr'><strong>deinde</strong></span> <span class='ocrx_word' id='word_1_208' title='bbox 1182 2658 1583 2729; x_wconf 86' lang='lat' dir='ltr'><strong>Legislatorem.</strong></span> <span class='ocrx_word' id='word_1_209' title='bbox 1609 2654 1885 2721; x_wconf 80' lang='lat' dir='ltr'><strong>Quomodo</strong></span> <span class='ocrx_word' id='word_1_210' title='bbox 1930 2661 2081 2722; x_wconf 79' lang='lat' dir='ltr'><strong>pote-</strong></span> 
     </span>
    </p>
   </div>
   <div class='ocr_carea' id='block_1_27' title="bbox 511 2749 2079 2817">
    <p class='ocr_par' dir='ltr' id='par_1_27' title="bbox 511 2749 2079 2817">
     <span class='ocr_line' id='line_1_27' title="bbox 511 2749 2079 2817; baseline -0.008 -6"><span class='ocrx_word' id='word_1_211' title='bbox 511 2766 631 2812; x_wconf 91' lang='lat' dir='ltr'><strong>raut</strong></span> <span class='ocrx_word' id='word_1_212' title='bbox 667 2756 832 2812; x_wconf 73' lang='lat' dir='ltr'><strong>Judrci</strong></span> <span class='ocrx_word' id='word_1_213' title='bbox 864 2755 1116 2817; x_wconf 85' lang='lat' dir='ltr'><strong>credere,</strong></span> <span class='ocrx_word' id='word_1_214' title='bbox 1148 2754 1313 2807; x_wconf 89' lang='lat' dir='ltr'><strong>Deum</strong></span> <span class='ocrx_word' id='word_1_215' title='bbox 1357 2751 1546 2805; x_wconf 82' lang='lat' dir='ltr'><strong>fecisse</strong></span> <span class='ocrx_word' id='word_1_216' title='bbox 1582 2749 1769 2803; x_wconf 67' lang='lat' dir='ltr'><strong>caelum</strong></span> <span class='ocrx_word' id='word_1_217' title='bbox 1800 2756 1853 2803; x_wconf 91' lang='lat' dir='ltr'><strong>et</strong></span> <span class='ocrx_word' id='word_1_218' title='bbox 1881 2756 2079 2801; x_wconf 90' lang='lat' dir='ltr'><strong>terram</strong></span> 
     </span>
    </p>
   </div>
   <div class='ocr_carea' id='block_1_28' title="bbox 511 2838 2081 2916">
    <p class='ocr_par' dir='ltr' id='par_1_28' title="bbox 511 2838 2081 2916">
     <span class='ocr_line' id='line_1_28' title="bbox 511 2838 2081 2916; baseline -0.007 -15"><span class='ocrx_word' id='word_1_219' title='bbox 511 2858 564 2902; x_wconf 89' lang='lat' dir='ltr'><strong>et</strong></span> <span class='ocrx_word' id='word_1_220' title='bbox 594 2847 770 2901; x_wconf 86' lang='lat' dir='ltr'><strong>omnia</strong></span> <span class='ocrx_word' id='word_1_221' title='bbox 793 2861 911 2916; x_wconf 66' lang='lat' dir='ltr'><strong>qua:</strong></span> <span class='ocrx_word' id='word_1_222' title='bbox 942 2846 993 2898; x_wconf 90' lang='lat' dir='ltr'><strong>in</strong></span> <span class='ocrx_word' id='word_1_223' title='bbox 1020 2845 1099 2901; x_wconf 89' lang='lat' dir='ltr'><strong>eis</strong></span> <span class='ocrx_word' id='word_1_224' title='bbox 1125 2851 1247 2897; x_wconf 89' lang='lat' dir='ltr'><strong>sunt</strong></span> <span class='ocrx_word' id='word_1_225' title='bbox 1266 2884 1282 2911; x_wconf 92' lang='lat'><strong>,</strong></span> <span class='ocrx_word' id='word_1_226' title='bbox 1304 2842 1406 2897; x_wconf 91' lang='lat' dir='ltr'><strong>nisi</strong></span> <span class='ocrx_word' id='word_1_227' title='bbox 1432 2841 1578 2909; x_wconf 90' lang='lat' dir='ltr'><strong>prius</strong></span> <span class='ocrx_word' id='word_1_228' title='bbox 1602 2839 1854 2894; x_wconf 85' lang='lat' dir='ltr'><strong>miracula</strong></span> <span class='ocrx_word' id='word_1_229' title='bbox 1882 2838 2081 2893; x_wconf 86' lang='lat' dir='ltr'><strong>edidis-</strong></span> 
     </span>
    </p>
   </div>
   <div class='ocr_carea' id='block_1_29' title="bbox 511 2931 2084 3008">
    <p class='ocr_par' dir='ltr' id='par_1_29' title="bbox 511 2931 2084 3008">
     <span class='ocr_line' id='line_1_29' title="bbox 511 2931 2084 3008; baseline -0.006 -15"><span class='ocrx_word' id='word_1_230' title='bbox 511 2949 591 2993; x_wconf 92' lang='lat' dir='ltr'><strong>set</strong></span> <span class='ocrx_word' id='word_1_231' title='bbox 636 2941 686 2992; x_wconf 91' lang='lat' dir='ltr'><strong>in</strong></span> <span class='ocrx_word' id='word_1_232' title='bbox 733 2937 994 3008; x_wconf 70' lang='lat' dir='ltr'><strong>AEgypto,</strong></span> <span class='ocrx_word' id='word_1_233' title='bbox 1042 2952 1160 3007; x_wconf 83' lang='lat' dir='ltr'><strong>quae</strong></span> <span class='ocrx_word' id='word_1_234' title='bbox 1207 2936 1379 3006; x_wconf 90' lang='lat' dir='ltr'><strong>ipsum</strong></span> <span class='ocrx_word' id='word_1_235' title='bbox 1417 2947 1539 2989; x_wconf 88' lang='lat' dir='ltr'><strong>esse</strong></span> <span class='ocrx_word' id='word_1_236' title='bbox 1586 2932 1731 2987; x_wconf 90' lang='lat' dir='ltr'><strong>orbis</strong></span> <span class='ocrx_word' id='word_1_237' title='bbox 1776 2931 2084 2986; x_wconf 85' lang='lat' dir='ltr'><strong>Creatorem</strong></span> 
     </span>
    </p>
   </div>
   <div class='ocr_carea' id='block_1_30' title="bbox 511 3022 2084 3101">
    <p class='ocr_par' dir='ltr' id='par_1_30' title="bbox 511 3022 2084 3101">
     <span class='ocr_line' id='line_1_30' title="bbox 511 3022 2084 3101; baseline -0.006 -16"><span class='ocrx_word' id='word_1_238' title='bbox 511 3030 957 3101; x_wconf 85' lang='lat' dir='ltr'><strong>comprobarent?</strong></span> <span class='ocrx_word' id='word_1_239' title='bbox 1002 3030 1263 3083; x_wconf 87' lang='lat' dir='ltr'><strong>Docemus</strong></span> <span class='ocrx_word' id='word_1_240' title='bbox 1310 3041 1410 3081; x_wconf 92' lang='lat' dir='ltr'><strong>nos</strong></span> <span class='ocrx_word' id='word_1_241' title='bbox 1452 3033 1510 3079; x_wconf 92' lang='lat' dir='ltr'><strong>ut</strong></span> <span class='ocrx_word' id='word_1_242' title='bbox 1535 3023 1853 3078; x_wconf 83' lang='lat' dir='ltr'><strong>suadeamus</strong></span> <span class='ocrx_word' id='word_1_243' title='bbox 1892 3040 1904 3075; x_wconf 91' lang='lat'>:</span> <span class='ocrx_word' id='word_1_244' title='bbox 1946 3022 2084 3076; x_wconf 91' lang='lat' dir='ltr'><strong>Deus</strong></span> 
     </span>
    </p>
   </div>
   <div class='ocr_carea' id='block_1_31' title="bbox 512 3115 2086 3190">
    <p class='ocr_par' dir='ltr' id='par_1_31' title="bbox 512 3115 2086 3190">
     <span class='ocr_line' id='line_1_31' title="bbox 512 3115 2086 3190; baseline -0.008 -11"><span class='ocrx_word' id='word_1_245' title='bbox 512 3124 790 3189; x_wconf 88' lang='lat' dir='ltr'><strong>suadet,ut</strong></span> <span class='ocrx_word' id='word_1_246' title='bbox 815 3122 1026 3177; x_wconf 85' lang='lat' dir='ltr'><strong>doceat.</strong></span> <span class='ocrx_word' id='word_1_247' title='bbox 1055 3120 1187 3187; x_wconf 84' lang='lat' dir='ltr'><strong>Quia</strong></span> <span class='ocrx_word' id='word_1_248' title='bbox 1218 3119 1427 3190; x_wconf 82' lang='lat' dir='ltr'><strong>Moyses</strong></span> <span class='ocrx_word' id='word_1_249' title='bbox 1450 3117 1786 3187; x_wconf 77' lang='lat' dir='ltr'><strong>expositurus</strong></span> <span class='ocrx_word' id='word_1_250' title='bbox 1821 3115 2086 3169; x_wconf 84' lang='lat' dir='ltr'><strong>dicturus-</strong></span> 
     </span>
    </p>
   </div>
   <div class='ocr_carea' id='block_1_32' title="bbox 514 3211 2085 3284">
    <p class='ocr_par' dir='ltr' id='par_1_32' title="bbox 514 3211 2085 3284">
     <span class='ocr_line' id='line_1_32' title="bbox 514 3211 2085 3284; baseline -0.007 -15"><span class='ocrx_word' id='word_1_251' title='bbox 514 3231 616 3284; x_wconf 85' lang='lat' dir='ltr'><strong>que</strong></span> <span class='ocrx_word' id='word_1_252' title='bbox 636 3223 781 3277; x_wconf 90' lang='lat' dir='ltr'><strong>erat,</strong></span> <span class='ocrx_word' id='word_1_253' title='bbox 809 3214 973 3267; x_wconf 86' lang='lat' dir='ltr'><strong>Deum</strong></span> <span class='ocrx_word' id='word_1_254' title='bbox 1000 3211 1188 3267; x_wconf 83' lang='lat' dir='ltr'><strong>fecisse</strong></span> <span class='ocrx_word' id='word_1_255' title='bbox 1213 3211 1401 3263; x_wconf 80' lang='lat' dir='ltr'><strong>caelum</strong></span> <span class='ocrx_word' id='word_1_256' title='bbox 1423 3250 1437 3271; x_wconf 92' lang='lat'><strong>,</strong></span> <span class='ocrx_word' id='word_1_257' title='bbox 1465 3216 1520 3263; x_wconf 90' lang='lat' dir='ltr'><strong>et</strong></span> <span class='ocrx_word' id='word_1_258' title='bbox 1549 3218 1742 3262; x_wconf 87' lang='lat' dir='ltr'><strong>terram</strong></span> <span class='ocrx_word' id='word_1_259' title='bbox 1761 3247 1776 3269; x_wconf 88' lang='lat'><strong>,</strong></span> <span class='ocrx_word' id='word_1_260' title='bbox 1806 3212 1859 3259; x_wconf 93' lang='lat' dir='ltr'><strong>et</strong></span> <span class='ocrx_word' id='word_1_261' title='bbox 1902 3220 2048 3259; x_wconf 86' lang='lat' dir='ltr'><strong>mare</strong></span> <span class='ocrx_word' id='word_1_262' title='bbox 2066 3242 2085 3266; x_wconf 87' lang='lat'><strong>.</strong></span> 
     </span>
    </p>
   </div>
   <div class='ocr_carea' id='block_1_33' title="bbox 515 3296 2087 3372">
    <p class='ocr_par' dir='ltr' id='par_1_33' title="bbox 515 3296 2087 3372">
     <span class='ocr_line' id='line_1_33' title="bbox 515 3296 2087 3372; baseline -0.008 -12"><span class='ocrx_word' id='word_1_263' title='bbox 515 3317 570 3360; x_wconf 88' lang='lat' dir='ltr'><strong>et</strong></span> <span class='ocrx_word' id='word_1_264' title='bbox 593 3306 769 3359; x_wconf 86' lang='lat' dir='ltr'><strong>omnia</strong></span> <span class='ocrx_word' id='word_1_265' title='bbox 795 3319 914 3372; x_wconf 64' lang='lat' dir='ltr'><strong>quas</strong></span> <span class='ocrx_word' id='word_1_266' title='bbox 938 3303 991 3356; x_wconf 90' lang='lat' dir='ltr'><strong>in</strong></span> <span class='ocrx_word' id='word_1_267' title='bbox 1012 3302 1091 3356; x_wconf 89' lang='lat' dir='ltr'><strong>eis</strong></span> <span class='ocrx_word' id='word_1_268' title='bbox 1109 3309 1233 3356; x_wconf 89' lang='lat' dir='ltr'><strong>sunt</strong></span> <span class='ocrx_word' id='word_1_269' title='bbox 1251 3341 1265 3365; x_wconf 91' lang='lat'><strong>,</strong></span> <span class='ocrx_word' id='word_1_270' title='bbox 1298 3300 1397 3353; x_wconf 89' lang='lat' dir='ltr'><strong>nisi</strong></span> <span class='ocrx_word' id='word_1_271' title='bbox 1420 3299 1566 3368; x_wconf 87' lang='lat' dir='ltr'><strong>prius</strong></span> <span class='ocrx_word' id='word_1_272' title='bbox 1592 3296 1851 3352; x_wconf 86' lang='lat' dir='ltr'><strong>mirabilia</strong></span> <span class='ocrx_word' id='word_1_273' title='bbox 1881 3304 2087 3364; x_wconf 85' lang='lat' dir='ltr'><strong>patras-</strong></span> 
     </span>
    </p>
   </div>
   <div class='ocr_carea' id='block_1_34' title="bbox 516 3386 2088 3464">
    <p class='ocr_par' dir='ltr' id='par_1_34' title="bbox 516 3386 2088 3464">
     <span class='ocr_line' id='line_1_34' title="bbox 516 3386 2088 3464; baseline -0.008 -15"><span class='ocrx_word' id='word_1_274' title='bbox 516 3404 597 3450; x_wconf 86' lang='lat' dir='ltr'><strong>set</strong></span> <span class='ocrx_word' id='word_1_275' title='bbox 625 3394 675 3447; x_wconf 94' lang='lat' dir='ltr'><strong>in</strong></span> <span class='ocrx_word' id='word_1_276' title='bbox 706 3393 938 3464; x_wconf 71' lang='lat' dir='ltr'><strong>Aaigypto</strong></span> <span class='ocrx_word' id='word_1_277' title='bbox 955 3432 969 3456; x_wconf 93' lang='lat'><strong>,</strong></span> <span class='ocrx_word' id='word_1_278' title='bbox 1000 3399 1057 3447; x_wconf 90' lang='lat' dir='ltr'><strong>et</strong></span> <span class='ocrx_word' id='word_1_279' title='bbox 1073 3391 1489 3445; x_wconf 78' lang='lat' dir='ltr'><strong>demonStrasset</strong></span> <span class='ocrx_word' id='word_1_280' title='bbox 1512 3388 1682 3457; x_wconf 89' lang='lat' dir='ltr'><strong>ipsum</strong></span> <span class='ocrx_word' id='word_1_281' title='bbox 1706 3401 1826 3441; x_wconf 90' lang='lat' dir='ltr'><strong>esse</strong></span> <span class='ocrx_word' id='word_1_282' title='bbox 1851 3386 2088 3440; x_wconf 91' lang='lat' dir='ltr'><strong>omnium</strong></span> 
     </span>
    </p>
   </div>
   <div class='ocr_carea' id='block_1_35' title="bbox 516 3479 2089 3553">
    <p class='ocr_par' dir='ltr' id='par_1_35' title="bbox 516 3479 2089 3553">
     <span class='ocr_line' id='line_1_35' title="bbox 516 3479 2089 3553; baseline -0.01 -8"><span class='ocrx_word' id='word_1_283' title='bbox 516 3504 695 3545; x_wconf 85' lang='lat' dir='ltr'><strong>rerum</strong></span> <span class='ocrx_word' id='word_1_284' title='bbox 723 3495 1022 3543; x_wconf 84' lang='lat' dir='ltr'><strong>creatamm</strong></span> <span class='ocrx_word' id='word_1_285' title='bbox 1072 3485 1328 3553; x_wconf 89' lang='lat' dir='ltr'><strong>Opilicem</strong></span> <span class='ocrx_word' id='word_1_286' title='bbox 1349 3524 1365 3548; x_wconf 93' lang='lat'><strong>,</strong></span> <span class='ocrx_word' id='word_1_287' title='bbox 1394 3496 1500 3534; x_wconf 89' lang='lat' dir='ltr'><strong>non</strong></span> <span class='ocrx_word' id='word_1_288' title='bbox 1531 3479 1828 3534; x_wconf 89' lang='lat' dir='ltr'><strong>crediturus</strong></span> <span class='ocrx_word' id='word_1_289' title='bbox 1856 3485 1972 3532; x_wconf 84' lang='lat' dir='ltr'><strong>erat</strong></span> <span class='ocrx_word' id='word_1_290' title='bbox 1992 3493 2089 3546; x_wconf 85' lang='lat' dir='ltr'><strong>po-</strong></span> 
     </span>
    </p>
   </div>
   <div class='ocr_carea' id='block_1_36' title="bbox 520 3569 2091 3652">
    <p class='ocr_par' dir='ltr' id='par_1_36' title="bbox 520 3569 2091 3652">
     <span class='ocr_line' id='line_1_36' title="bbox 520 3569 2091 3652; baseline -0.01 -14"><span class='ocrx_word' id='word_1_291' title='bbox 520 3584 672 3652; x_wconf 88' lang='lat' dir='ltr'><strong>pulus</strong></span> <span class='ocrx_word' id='word_1_292' title='bbox 699 3581 863 3636; x_wconf 91' lang='lat' dir='ltr'><strong>Deum</strong></span> <span class='ocrx_word' id='word_1_293' title='bbox 898 3578 1090 3634; x_wconf 88' lang='lat' dir='ltr'><strong>fecisse</strong></span> <span class='ocrx_word' id='word_1_294' title='bbox 1114 3577 1300 3631; x_wconf 69' lang='lat' dir='ltr'><strong>caelum</strong></span> <span class='ocrx_word' id='word_1_295' title='bbox 1331 3584 1384 3629; x_wconf 90' lang='lat' dir='ltr'><strong>et</strong></span> <span class='ocrx_word' id='word_1_296' title='bbox 1406 3584 1621 3628; x_wconf 88' lang='lat' dir='ltr'><strong>terram.</strong></span> <span class='ocrx_word' id='word_1_297' title='bbox 1668 3569 1918 3625; x_wconf 83' lang='lat' dir='ltr'><strong>Extendit</strong></span> <span class='ocrx_word' id='word_1_298' title='bbox 1946 3571 2091 3638; x_wconf 92' lang='lat' dir='ltr'><strong>prius</strong></span> 
     </span>
    </p>
   </div>
   <div class='ocr_carea' id='block_1_37' title="bbox 524 3662 2090 3745">
    <p class='ocr_par' dir='ltr' id='par_1_37' title="bbox 524 3662 2090 3745">
     <span class='ocr_line' id='line_1_37' title="bbox 524 3662 2090 3745; baseline -0.01 -14"><span class='ocrx_word' id='word_1_299' title='bbox 524 3674 737 3745; x_wconf 84' lang='lat' dir='ltr'><strong>Moyses</strong></span> <span class='ocrx_word' id='word_1_300' title='bbox 766 3688 956 3727; x_wconf 85' lang='lat' dir='ltr'><strong>manus</strong></span> <span class='ocrx_word' id='word_1_301' title='bbox 994 3685 1117 3724; x_wconf 87' lang='lat' dir='ltr'><strong>suas</strong></span> <span class='ocrx_word' id='word_1_302' title='bbox 1140 3669 1190 3722; x_wconf 93' lang='lat' dir='ltr'><strong>in</strong></span> <span class='ocrx_word' id='word_1_303' title='bbox 1216 3668 1433 3731; x_wconf 75' lang='lat' dir='ltr'><strong>czelum,</strong></span> <span class='ocrx_word' id='word_1_304' title='bbox 1461 3674 1513 3721; x_wconf 91' lang='lat' dir='ltr'><strong>et</strong></span> <span class='ocrx_word' id='word_1_305' title='bbox 1537 3664 1747 3719; x_wconf 88' lang='lat' dir='ltr'><strong>demisit</strong></span> <span class='ocrx_word' id='word_1_306' title='bbox 1778 3662 2090 3732; x_wconf 81' lang='lat' dir='ltr'><strong>grandinem</strong></span> 
     </span>
    </p>
   </div>
   <div class='ocr_carea' id='block_1_38' title="bbox 520 3754 2088 3838">
    <p class='ocr_par' dir='ltr' id='par_1_38' title="bbox 520 3754 2088 3838">
     <span class='ocr_line' id='line_1_38' title="bbox 520 3754 2088 3838; baseline -0.01 -16"><span class='ocrx_word' id='word_1_307' title='bbox 520 3778 575 3822; x_wconf 90' lang='lat' dir='ltr'><strong>et</strong></span> <span class='ocrx_word' id='word_1_308' title='bbox 622 3768 794 3838; x_wconf 80' lang='lat' dir='ltr'><strong>ignem</strong></span> <span class='ocrx_word' id='word_1_309' title='bbox 816 3808 830 3831; x_wconf 91' lang='lat'><strong>,</strong></span> <span class='ocrx_word' id='word_1_310' title='bbox 861 3763 1148 3832; x_wconf 91' lang='lat' dir='ltr'><strong>didicitque</strong></span> <span class='ocrx_word' id='word_1_311' title='bbox 1190 3759 1414 3830; x_wconf 92' lang='lat' dir='ltr'><strong>populus</strong></span> <span class='ocrx_word' id='word_1_312' title='bbox 1454 3772 1550 3827; x_wconf 88' lang='lat' dir='ltr'><strong>per</strong></span> <span class='ocrx_word' id='word_1_313' title='bbox 1584 3754 1795 3810; x_wconf 88' lang='lat' dir='ltr'><strong>fidelem</strong></span> <span class='ocrx_word' id='word_1_314' title='bbox 1840 3769 2088 3816; x_wconf 88' lang='lat' dir='ltr'><strong>servum,</strong></span> 
     </span>
    </p>
   </div>
   <div class='ocr_carea' id='block_1_39' title="bbox 521 3844 2094 3911">
    <p class='ocr_par' dir='ltr' id='par_1_39' title="bbox 521 3844 2094 3911">
     <span class='ocr_line' id='line_1_39' title="bbox 521 3844 2094 3911; baseline -0.01 0"><span class='ocrx_word' id='word_1_315' title='bbox 521 3859 665 3911; x_wconf 88' lang='lat' dir='ltr'><strong>illam</strong></span> <span class='ocrx_word' id='word_1_316' title='bbox 692 3855 967 3910; x_wconf 87' lang='lat' dir='ltr'><strong>mortalem</strong></span> <span class='ocrx_word' id='word_1_317' title='bbox 997 3853 1271 3907; x_wconf 80' lang='lat' dir='ltr'><strong>dexteram</strong></span> <span class='ocrx_word' id='word_1_318' title='bbox 1298 3848 1461 3903; x_wconf 90' lang='lat' dir='ltr'><strong>verbo</strong></span> <span class='ocrx_word' id='word_1_319' title='bbox 1493 3846 1586 3900; x_wconf 90' lang='lat' dir='ltr'><strong>Dei</strong></span> <span class='ocrx_word' id='word_1_320' title='bbox 1629 3853 1826 3899; x_wconf 90' lang='lat' dir='ltr'><strong>motam</strong></span> <span class='ocrx_word' id='word_1_321' title='bbox 1848 3886 1862 3910; x_wconf 93' lang='lat'><strong>,</strong></span> <span class='ocrx_word' id='word_1_322' title='bbox 1904 3844 2094 3898; x_wconf 66' lang='lat' dir='ltr'><strong>cretum</strong></span> 
     </span>
    </p>
   </div>
   <div class='ocr_carea' id='block_1_40' title="bbox 523 3935 2096 4007">
    <p class='ocr_par' dir='ltr' id='par_1_40' title="bbox 523 3935 2096 4007">
     <span class='ocr_line' id='line_1_40' title="bbox 523 3935 2096 4007; baseline -0.006 -9"><span class='ocrx_word' id='word_1_323' title='bbox 523 3945 854 4007; x_wconf 85' lang='lat' dir='ltr'><strong>turbavisse,</strong></span> <span class='ocrx_word' id='word_1_324' title='bbox 903 3954 957 3997; x_wconf 90' lang='lat' dir='ltr'><strong>et</strong></span> <span class='ocrx_word' id='word_1_325' title='bbox 998 3950 1294 3995; x_wconf 87' lang='lat' dir='ltr'><strong>creaturam</strong></span> <span class='ocrx_word' id='word_1_326' title='bbox 1339 3936 1738 3992; x_wconf 89' lang='lat' dir='ltr'><strong>commiscuisse</strong></span> <span class='ocrx_word' id='word_1_327' title='bbox 1771 3953 1783 3987; x_wconf 75' lang='grc' dir='ltr'>ε</span> <span class='ocrx_word' id='word_1_328' title='bbox 1822 3935 2096 4002; x_wconf 86' lang='lat' dir='ltr'><strong>multoque</strong></span> 
     </span>
    </p>
   </div>
   <div class='ocr_carea' id='block_1_41' title="bbox 525 4025 2094 4106">
    <p class='ocr_par' dir='ltr' id='par_1_41' title="bbox 525 4025 2094 4106">
     <span class='ocr_line' id='line_1_41' title="bbox 525 4025 2094 4106; baseline -0.011 -15"><span class='ocrx_word' id='word_1_329' title='bbox 525 4037 717 4106; x_wconf 88' lang='lat' dir='ltr'><strong>potiori</strong></span> <span class='ocrx_word' id='word_1_330' title='bbox 744 4035 948 4088; x_wconf 88' lang='lat' dir='ltr'><strong>ratione</strong></span> <span class='ocrx_word' id='word_1_331' title='bbox 974 4034 1066 4088; x_wconf 90' lang='lat' dir='ltr'><strong>Dei</strong></span> <span class='ocrx_word' id='word_1_332' title='bbox 1093 4030 1329 4101; x_wconf 86' lang='lat' dir='ltr'><strong>jubentis</strong></span> <span class='ocrx_word' id='word_1_333' title='bbox 1354 4028 1629 4082; x_wconf 83' lang='lat' dir='ltr'><strong>dexteram</strong></span> <span class='ocrx_word' id='word_1_334' title='bbox 1666 4025 1961 4079; x_wconf 85' lang='lat' dir='ltr'><strong>firmavisse</strong></span> <span class='ocrx_word' id='word_1_335' title='bbox 1987 4040 2094 4078; x_wconf 70' lang='lat' dir='ltr'><strong>cae-</strong></span> 
     </span>
    </p>
   </div>
   <div class='ocr_carea' id='block_1_42' title="bbox 524 4118 2099 4181">
    <p class='ocr_par' dir='ltr' id='par_1_42' title="bbox 524 4118 2099 4181">
     <span class='ocr_line' id='line_1_42' title="bbox 524 4118 2099 4181; baseline -0.008 0"><span class='ocrx_word' id='word_1_336' title='bbox 524 4128 632 4181; x_wconf 87' lang='lat' dir='ltr'><strong>lum</strong></span> <span class='ocrx_word' id='word_1_337' title='bbox 658 4136 712 4181; x_wconf 91' lang='lat' dir='ltr'><strong>et</strong></span> <span class='ocrx_word' id='word_1_338' title='bbox 735 4124 983 4179; x_wconf 88' lang='lat' dir='ltr'><strong>fundasse</strong></span> <span class='ocrx_word' id='word_1_339' title='bbox 1006 4134 1225 4178; x_wconf 88' lang='lat' dir='ltr'><strong>terram.</strong></span> <span class='ocrx_word' id='word_1_340' title='bbox 1252 4120 1419 4175; x_wconf 89' lang='lat' dir='ltr'><strong>Nemo</strong></span> <span class='ocrx_word' id='word_1_341' title='bbox 1440 4118 1581 4173; x_wconf 90' lang='lat' dir='ltr'><strong>enim</strong></span> <span class='ocrx_word' id='word_1_342' title='bbox 1606 4127 1904 4172; x_wconf 88' lang='lat' dir='ltr'><strong>creaturam</strong></span> <span class='ocrx_word' id='word_1_343' title='bbox 1923 4123 2099 4169; x_wconf 89' lang='lat' dir='ltr'><strong>movet</strong></span> 
     </span>
    </p>
   </div>
   <div class='ocr_carea' id='block_1_43' title="bbox 522 4206 2097 4286">
    <p class='ocr_par' dir='ltr' id='par_1_43' title="bbox 522 4206 2097 4286">
     <span class='ocr_line' id='line_1_43' title="bbox 522 4206 2097 4286; baseline -0.007 -15"><span class='ocrx_word' id='word_1_344' title='bbox 522 4216 613 4286; x_wconf 92' lang='lat' dir='ltr'><strong>qui</strong></span> <span class='ocrx_word' id='word_1_345' title='bbox 639 4231 745 4270; x_wconf 88' lang='lat' dir='ltr'><strong>non</strong></span> <span class='ocrx_word' id='word_1_346' title='bbox 772 4223 957 4269; x_wconf 89' lang='lat' dir='ltr'><strong>auctor</strong></span> <span class='ocrx_word' id='word_1_347' title='bbox 974 4214 1090 4284; x_wconf 92' lang='lat' dir='ltr'><strong>ejus</strong></span> <span class='ocrx_word' id='word_1_348' title='bbox 1119 4214 1204 4267; x_wconf 89' lang='lat' dir='ltr'><strong>sit.</strong></span> <span class='ocrx_word' id='word_1_349' title='bbox 1224 4209 1620 4267; x_wconf 91' lang='lat' dir='ltr'><strong>Ostendendum</strong></span> <span class='ocrx_word' id='word_1_350' title='bbox 1641 4223 1768 4278; x_wconf 84' lang='lat' dir='ltr'><strong>ergo</strong></span> <span class='ocrx_word' id='word_1_351' title='bbox 1795 4214 1912 4263; x_wconf 85' lang='lat' dir='ltr'><strong>erat</strong></span> <span class='ocrx_word' id='word_1_352' title='bbox 1930 4206 2097 4262; x_wconf 89' lang='lat' dir='ltr'><strong>Deum</strong></span> 
     </span>
    </p>
   </div>
   <div class='ocr_carea' id='block_1_44' title="bbox 524 4299 2095 4373">
    <p class='ocr_par' dir='ltr' id='par_1_44' title="bbox 524 4299 2095 4373">
     <span class='ocr_line' id='line_1_44' title="bbox 524 4299 2095 4373; baseline -0.006 -13"><span class='ocrx_word' id='word_1_353' title='bbox 524 4307 714 4362; x_wconf 85' lang='lat' dir='ltr'><strong>fecisse</strong></span> <span class='ocrx_word' id='word_1_354' title='bbox 744 4316 975 4360; x_wconf 87' lang='lat' dir='ltr'><strong>terram:</strong></span> <span class='ocrx_word' id='word_1_355' title='bbox 1004 4303 1247 4359; x_wconf 83' lang='lat' dir='ltr'><strong>extendit</strong></span> <span class='ocrx_word' id='word_1_356' title='bbox 1292 4302 1500 4373; x_wconf 84' lang='lat' dir='ltr'><strong>Moyses</strong></span> <span class='ocrx_word' id='word_1_357' title='bbox 1526 4314 1739 4354; x_wconf 91' lang='lat' dir='ltr'><strong>manum</strong></span> <span class='ocrx_word' id='word_1_358' title='bbox 1782 4299 1833 4353; x_wconf 92' lang='lat' dir='ltr'><strong>in</strong></span> <span class='ocrx_word' id='word_1_359' title='bbox 1868 4309 2058 4353; x_wconf 92' lang='lat' dir='ltr'><strong>terram</strong></span> <span class='ocrx_word' id='word_1_360' title='bbox 2078 4339 2095 4362; x_wconf 92' lang='lat'><strong>,</strong></span> 
     </span>
    </p>
   </div>
   <div class='ocr_carea' id='block_1_45' title="bbox 524 4389 2099 4465">
    <p class='ocr_par' dir='ltr' id='par_1_45' title="bbox 524 4389 2099 4465">
     <span class='ocr_line' id='line_1_45' title="bbox 524 4389 2099 4465; baseline -0.006 -13"><span class='ocrx_word' id='word_1_361' title='bbox 524 4407 579 4452; x_wconf 86' lang='lat' dir='ltr'><strong>et</strong></span> <span class='ocrx_word' id='word_1_362' title='bbox 590 4397 833 4452; x_wconf 86' lang='lat' dir='ltr'><strong>exierunt</strong></span> <span class='ocrx_word' id='word_1_363' title='bbox 844 4391 1611 4465; x_wconf 87' lang='lat' dir='ltr'><strong>sciniphes.Demonstrandum</strong></span> <span class='ocrx_word' id='word_1_364' title='bbox 1627 4390 1802 4445; x_wconf 87' lang='lat' dir='ltr'><strong>denuo</strong></span> <span class='ocrx_word' id='word_1_365' title='bbox 1816 4389 2099 4444; x_wconf 88' lang='lat' dir='ltr'><strong>eratDcum</strong></span> 
     </span>
    </p>
   </div>
   <div class='ocr_carea' id='block_1_46' title="bbox 526 4480 2096 4557">
    <p class='ocr_par' dir='ltr' id='par_1_46' title="bbox 526 4480 2096 4557">
     <span class='ocr_line' id='line_1_46' title="bbox 526 4480 2096 4557; baseline -0.005 -15"><span class='ocrx_word' id='word_1_366' title='bbox 526 4488 719 4544; x_wconf 83' lang='lat' dir='ltr'><strong>fecisse</strong></span> <span class='ocrx_word' id='word_1_367' title='bbox 766 4489 940 4557; x_wconf 89' lang='lat' dir='ltr'><strong>ignem</strong></span> <span class='ocrx_word' id='word_1_368' title='bbox 967 4504 981 4541; x_wconf 92' lang='lat'>:</span> <span class='ocrx_word' id='word_1_369' title='bbox 1011 4487 1215 4556; x_wconf 89' lang='lat' dir='ltr'><strong>accepit</strong></span> <span class='ocrx_word' id='word_1_370' title='bbox 1256 4485 1464 4555; x_wconf 82' lang='lat' dir='ltr'><strong>Moyses</strong></span> <span class='ocrx_word' id='word_1_371' title='bbox 1495 4481 1727 4537; x_wconf 83' lang='lat' dir='ltr'><strong>favillam</strong></span> <span class='ocrx_word' id='word_1_372' title='bbox 1754 4480 1821 4536; x_wconf 92' lang='lat' dir='ltr'><strong>de</strong></span> <span class='ocrx_word' id='word_1_373' title='bbox 1848 4480 2063 4535; x_wconf 90' lang='lat' dir='ltr'><strong>fornace</strong></span> <span class='ocrx_word' id='word_1_374' title='bbox 2082 4520 2096 4543; x_wconf 90' lang='lat'><strong>,</strong></span> 
     </span>
    </p>
   </div>
   <div class='ocr_carea' id='block_1_47' title="bbox 525 4574 2100 4651">
    <p class='ocr_par' dir='ltr' id='par_1_47' title="bbox 525 4574 2100 4651">
     <span class='ocr_line' id='line_1_47' title="bbox 525 4574 2100 4651; baseline -0.006 -15"><span class='ocrx_word' id='word_1_375' title='bbox 525 4593 579 4636; x_wconf 93' lang='lat' dir='ltr'><strong>et</strong></span> <span class='ocrx_word' id='word_1_376' title='bbox 606 4582 829 4649; x_wconf 86' lang='lat' dir='ltr'><strong>sparsit.</strong></span> <span class='ocrx_word' id='word_1_377' title='bbox 858 4590 912 4635; x_wconf 92' lang='lat' dir='ltr'><strong>et</strong></span> <span class='ocrx_word' id='word_1_378' title='bbox 936 4579 1303 4651; x_wconf 66' lang='lat' dir='ltr'><strong>Egyptiorum</strong></span> <span class='ocrx_word' id='word_1_379' title='bbox 1334 4592 1557 4646; x_wconf 91' lang='lat' dir='ltr'><strong>corpora</strong></span> <span class='ocrx_word' id='word_1_380' title='bbox 1591 4576 1816 4645; x_wconf 81' lang='lat' dir='ltr'><strong>replevit</strong></span> <span class='ocrx_word' id='word_1_381' title='bbox 1834 4574 2100 4629; x_wconf 89' lang='lat' dir='ltr'><strong>ulceribus</strong></span> 
     </span>
    </p>
   </div>
   <div class='ocr_carea' id='block_1_48' title="bbox 526 4666 2101 4729">
    <p class='ocr_par' dir='ltr' id='par_1_48' title="bbox 526 4666 2101 4729">
     <span class='ocr_line' id='line_1_48' title="bbox 526 4666 2101 4729; baseline -0.008 -1"><span class='ocrx_word' id='word_1_382' title='bbox 526 4673 754 4729; x_wconf 72' lang='lat' dir='ltr'><strong>flamma:</strong></span> <span class='ocrx_word' id='word_1_383' title='bbox 797 4673 963 4726; x_wconf 91' lang='lat' dir='ltr'><strong>instar</strong></span> <span class='ocrx_word' id='word_1_384' title='bbox 983 4671 1326 4726; x_wconf 84' lang='lat' dir='ltr'><strong>ferventibus.</strong></span> <span class='ocrx_word' id='word_1_385' title='bbox 1355 4667 1754 4723; x_wconf 87' lang='lat' dir='ltr'><strong>Ostendendum</strong></span> <span class='ocrx_word' id='word_1_386' title='bbox 1790 4675 1908 4721; x_wconf 89' lang='lat' dir='ltr'><strong>erat</strong></span> <span class='ocrx_word' id='word_1_387' title='bbox 1937 4666 2101 4718; x_wconf 91' lang='lat' dir='ltr'><strong>Deum</strong></span> 
     </span>
    </p>
   </div>
   <div class='ocr_carea' id='block_1_49' title="bbox 525 4754 2101 4833">
    <p class='ocr_par' dir='ltr' id='par_1_49' title="bbox 525 4754 2101 4833">
     <span class='ocr_line' id='line_1_49' title="bbox 525 4754 2101 4833; baseline -0.007 -15"><span class='ocrx_word' id='word_1_388' title='bbox 525 4764 717 4819; x_wconf 81' lang='lat' dir='ltr'><strong>fecisse</strong></span> <span class='ocrx_word' id='word_1_389' title='bbox 745 4777 934 4833; x_wconf 87' lang='lat' dir='ltr'><strong>aquam</strong></span> <span class='ocrx_word' id='word_1_390' title='bbox 969 4780 982 4817; x_wconf 94' lang='lat'>:</span> <span class='ocrx_word' id='word_1_391' title='bbox 1012 4770 1211 4815; x_wconf 90' lang='lat' dir='ltr'><strong>mutata</strong></span> <span class='ocrx_word' id='word_1_392' title='bbox 1237 4769 1318 4815; x_wconf 91' lang='lat' dir='ltr'><strong>est</strong></span> <span class='ocrx_word' id='word_1_393' title='bbox 1344 4775 1478 4829; x_wconf 88' lang='lat' dir='ltr'><strong>aqua</strong></span> <span class='ocrx_word' id='word_1_394' title='bbox 1508 4760 1559 4813; x_wconf 90' lang='lat' dir='ltr'><strong>in</strong></span> <span class='ocrx_word' id='word_1_395' title='bbox 1584 4756 1916 4827; x_wconf 83' lang='lat' dir='ltr'><strong>sanguinem.</strong></span> <span class='ocrx_word' id='word_1_396' title='bbox 1947 4754 2101 4809; x_wconf 89' lang='lat' dir='ltr'><strong>Mon-</strong></span> 
     </span>
    </p>
   </div>
   <div class='ocr_carea' id='block_1_50' title="bbox 524 4848 2100 4921">
    <p class='ocr_par' dir='ltr' id='par_1_50' title="bbox 524 4848 2100 4921">
     <span class='ocr_line' id='line_1_50' title="bbox 524 4848 2100 4921; baseline -0.006 -11"><span class='ocrx_word' id='word_1_397' title='bbox 524 4855 799 4911; x_wconf 89' lang='lat' dir='ltr'><strong>strandum</strong></span> <span class='ocrx_word' id='word_1_398' title='bbox 822 4864 937 4909; x_wconf 90' lang='lat' dir='ltr'><strong>erat</strong></span> <span class='ocrx_word' id='word_1_399' title='bbox 961 4853 1149 4908; x_wconf 87' lang='lat' dir='ltr'><strong>fecisse</strong></span> <span class='ocrx_word' id='word_1_400' title='bbox 1178 4869 1325 4907; x_wconf 90' lang='lat' dir='ltr'><strong>mare</strong></span> <span class='ocrx_word' id='word_1_401' title='bbox 1356 4870 1369 4905; x_wconf 89' lang='lat'><strong>:</strong></span> <span class='ocrx_word' id='word_1_402' title='bbox 1399 4868 1547 4906; x_wconf 88' lang='lat' dir='ltr'><strong>mare</strong></span> <span class='ocrx_word' id='word_1_403' title='bbox 1569 4859 1625 4905; x_wconf 87' lang='lat' dir='ltr'><strong>ut</strong></span> <span class='ocrx_word' id='word_1_404' title='bbox 1653 4861 1803 4921; x_wconf 87' lang='lat' dir='ltr'><strong>petra</strong></span> <span class='ocrx_word' id='word_1_405' title='bbox 1828 4850 1975 4904; x_wconf 86' lang='lat' dir='ltr'><strong>stetit</strong></span> <span class='ocrx_word' id='word_1_406' title='bbox 2003 4848 2100 4917; x_wconf 89' lang='lat' dir='ltr'><strong>(a),</strong></span> 
     </span>
    </p>
   </div>
   <div class='ocr_carea' id='block_1_51' title="bbox 524 4939 2104 5015">
    <p class='ocr_par' dir='ltr' id='par_1_51' title="bbox 524 4939 2104 5015">
     <span class='ocr_line' id='line_1_51' title="bbox 524 4939 2104 5015; baseline -0.006 -12"><span class='ocrx_word' id='word_1_407' title='bbox 524 4957 577 5003; x_wconf 90' lang='lat' dir='ltr'><strong>et</strong></span> <span class='ocrx_word' id='word_1_408' title='bbox 606 4945 850 5001; x_wconf 89' lang='lat' dir='ltr'><strong>transivit</strong></span> <span class='ocrx_word' id='word_1_409' title='bbox 875 4944 1124 5015; x_wconf 89' lang='lat' dir='ltr'><strong>populus.</strong></span> <span class='ocrx_word' id='word_1_410' title='bbox 1154 4944 1339 4998; x_wconf 87' lang='lat' dir='ltr'><strong>Primo</strong></span> <span class='ocrx_word' id='word_1_411' title='bbox 1372 4945 1546 5014; x_wconf 84' lang='lat' dir='ltr'><strong>itaque</strong></span> <span class='ocrx_word' id='word_1_412' title='bbox 1569 4957 1661 5011; x_wconf 90' lang='lat' dir='ltr'><strong>per</strong></span> <span class='ocrx_word' id='word_1_413' title='bbox 1682 4956 1842 5011; x_wconf 85' lang='lat' dir='ltr'><strong>opera</strong></span> <span class='ocrx_word' id='word_1_414' title='bbox 1872 4939 2104 4994; x_wconf 88' lang='lat' dir='ltr'><strong>ostendit</strong></span> 
     </span>
    </p>
   </div>
   <div class='ocr_carea' id='block_1_52' title="bbox 526 5030 2104 5103">
    <p class='ocr_par' dir='ltr' id='par_1_52' title="bbox 526 5030 2104 5103">
     <span class='ocr_line' id='line_1_52' title="bbox 526 5030 2104 5103; baseline -0.006 -10"><span class='ocrx_word' id='word_1_415' title='bbox 526 5054 648 5093; x_wconf 92' lang='lat' dir='ltr'><strong>eum</strong></span> <span class='ocrx_word' id='word_1_416' title='bbox 674 5053 795 5092; x_wconf 75' lang='lat' dir='ltr'><strong>esse</strong></span> <span class='ocrx_word' id='word_1_417' title='bbox 841 5037 1119 5091; x_wconf 86' lang='lat' dir='ltr'><strong>Dominum</strong></span> <span class='ocrx_word' id='word_1_418' title='bbox 1141 5076 1158 5098; x_wconf 88' lang='lat'><strong>,</strong></span> <span class='ocrx_word' id='word_1_419' title='bbox 1198 5034 1494 5103; x_wconf 86' lang='lat' dir='ltr'><strong>deindeque</strong></span> <span class='ocrx_word' id='word_1_420' title='bbox 1527 5032 1705 5087; x_wconf 90' lang='lat' dir='ltr'><strong>verbis</strong></span> <span class='ocrx_word' id='word_1_421' title='bbox 1745 5030 1957 5085; x_wconf 87' lang='lat' dir='ltr'><strong>edocuit</strong></span> <span class='ocrx_word' id='word_1_422' title='bbox 1984 5044 2104 5085; x_wconf 90' lang='lat' dir='ltr'><strong>esse</strong></span> 
     </span>
    </p>
   </div>
   <div class='ocr_carea' id='block_1_53' title="bbox 526 5131 806 5199">
    <p class='ocr_par' dir='ltr' id='par_1_53' title="bbox 526 5131 806 5199">
     <span class='ocr_line' id='line_1_53' title="bbox 526 5131 806 5199; baseline -0.014 -14"><span class='ocrx_word' id='word_1_423' title='bbox 526 5131 806 5199; x_wconf 82' lang='lat' dir='ltr'><strong>Opilicem.</strong></span> 
     </span>
    </p>
   </div>
   <div class='ocr_carea' id='block_1_54' title="bbox 594 5209 2099 5289">
    <p class='ocr_par' dir='ltr' id='par_1_54' title="bbox 594 5209 2099 5289">
     <span class='ocr_line' id='line_1_54' title="bbox 594 5209 2099 5289; baseline -0.011 -11"><span class='ocrx_word' id='word_1_424' title='bbox 594 5224 647 5278; x_wconf 75' lang='grc'><strong>2.</strong></span> <span class='ocrx_word' id='word_1_425' title='bbox 672 5222 902 5278; x_wconf 78' lang='lat' dir='ltr'><strong>Christus</strong></span> <span class='ocrx_word' id='word_1_426' title='bbox 925 5230 1039 5274; x_wconf 82' lang='lat' dir='ltr'><strong>ante</strong></span> <span class='ocrx_word' id='word_1_427' title='bbox 1066 5217 1469 5289; x_wconf 77' lang='lat' dir='ltr'><strong>pi&#39;tedicationem</strong></span> <span class='ocrx_word' id='word_1_428' title='bbox 1494 5216 1659 5269; x_wconf 87' lang='lat' dir='ltr'><strong>docuit</strong></span> <span class='ocrx_word' id='word_1_429' title='bbox 1683 5230 1736 5267; x_wconf 85' lang='lat' dir='ltr'><strong>se</strong></span> <span class='ocrx_word' id='word_1_430' title='bbox 1761 5210 1932 5264; x_wconf 87' lang='lat' dir='ltr'><strong>mundi</strong></span> <span class='ocrx_word' id='word_1_431' title='bbox 1969 5209 2099 5276; x_wconf 86' lang='lat' dir='ltr'><strong>Opi-</strong></span> 
     </span>
    </p>
   </div>
   <div class='ocr_carea' id='block_1_55' title="bbox 518 5303 2106 5381">
    <p class='ocr_par' dir='ltr' id='par_1_55' title="bbox 518 5303 2106 5381">
     <span class='ocr_line' id='line_1_55' title="bbox 518 5303 2106 5381; baseline -0.008 -15"><span class='ocrx_word' id='word_1_432' title='bbox 518 5315 671 5381; x_wconf 84' lang='lat' dir='ltr'><strong>ﬁcem</strong></span> <span class='ocrx_word' id='word_1_433' title='bbox 690 5330 816 5367; x_wconf 84' lang='lat' dir='ltr'><strong>esse.</strong></span> <span class='ocrx_word' id='word_1_434' title='bbox 843 5310 1096 5365; x_wconf 76' lang='lat' dir='ltr'><strong>Miracula</strong></span> <span class='ocrx_word' id='word_1_435' title='bbox 1120 5308 1245 5376; x_wconf 81' lang='lat' dir='ltr'><strong>ﬁdes</strong></span> <span class='ocrx_word' id='word_1_436' title='bbox 1264 5307 1502 5375; x_wconf 78' lang='lat' dir='ltr'><strong>sequitur.</strong></span> <span class='ocrx_word' id='word_1_437' title='bbox 1522 5335 1592 5344; x_wconf 91' lang='lat'>—</span> <span class='ocrx_word' id='word_1_438' title='bbox 1615 5305 1703 5359; x_wconf 90' lang='lat' dir='ltr'><strong>Sic</strong></span> <span class='ocrx_word' id='word_1_439' title='bbox 1735 5304 1893 5357; x_wconf 89' lang='lat' dir='ltr'><strong>etiam</strong></span> <span class='ocrx_word' id='word_1_440' title='bbox 1916 5303 2106 5356; x_wconf 86' lang='lat' dir='ltr'><strong>Serva-</strong></span> 
     </span>
    </p>
   </div>
   <div class='ocr_carea' id='block_1_56' title="bbox 592 5394 2102 5459">
    <p class='ocr_par' dir='ltr' id='par_1_56' title="bbox 592 5394 2102 5459">
     <span class='ocr_line' id='line_1_56' title="bbox 592 5394 2102 5459; baseline -0.006 -10"><span class='ocrx_word' id='word_1_441' title='bbox 592 5406 607 5433; x_wconf 70' lang='grc' dir='ltr'><strong>ι</strong></span> <span class='ocrx_word' id='word_1_442' title='bbox 643 5410 786 5451; x_wconf 82' lang='lat' dir='ltr'><strong>Juxta</strong></span> <span class='ocrx_word' id='word_1_443' title='bbox 816 5399 1183 5457; x_wconf 86' lang='lat' dir='ltr'><strong>Combefisium,</strong></span> <span class='ocrx_word' id='word_1_444' title='bbox 1209 5394 1476 5459; x_wconf 82' lang='lat' dir='ltr'><strong>legendum</strong></span> <span class='ocrx_word' id='word_1_445' title='bbox 1500 5401 1594 5453; x_wconf 89' lang='lat' dir='ltr'><strong>est,</strong></span> <span class='ocrx_word' id='word_1_446' title='bbox 1620 5400 1946 5457; x_wconf 65' lang='lat' dir='ltr'><strong>praeceptum,</strong></span> <span class='ocrx_word' id='word_1_447' title='bbox 1984 5407 2069 5454; x_wconf 75' lang='lat' dir='ltr'><strong>pro</strong></span> <span class='ocrx_word' id='word_1_448' title='bbox 2087 5428 2102 5451; x_wconf 93' lang='lat'><strong>,</strong></span> 
     </span>
    </p>
   </div>
   <div class='ocr_carea' id='block_1_57' title="bbox 526 5464 2106 5586">
    <p class='ocr_par' dir='ltr' id='par_1_57' title="bbox 526 5464 2106 5586">
     <span class='ocr_line' id='line_1_57' title="bbox 526 5464 2106 5586; baseline -0.007 -11"><span class='ocrx_word' id='word_1_449' title='bbox 526 5464 939 5586; x_wconf 47' lang='grc' dir='ltr'><strong>αίξιῗῖηῗιξότωοο</strong></span> <span class='ocrx_word' id='word_1_450' title='bbox 954 5562 967 5581; x_wconf 86' lang='grc'><strong><em>,</em></strong></span> <span class='ocrx_word' id='word_1_451' title='bbox 993 5534 1169 5585; x_wconf 60' lang='lat' dir='ltr'><strong>tuae—Wa</strong></span> <span class='ocrx_word' id='word_1_452' title='bbox 1190 5532 1214 5579; x_wconf 75' lang='grc' dir='ltr'>ἡ</span> <span class='ocrx_word' id='word_1_453' title='bbox 1238 5532 1414 5570; x_wconf 72' lang='grc' dir='ltr'><strong>θάλασσα.</strong></span> <span class='ocrx_word' id='word_1_454' title='bbox 1449 5516 1765 5586; x_wconf 77' lang='lat' dir='ltr'><strong>Combeﬁsius</strong></span> <span class='ocrx_word' id='word_1_455' title='bbox 1786 5519 1959 5586; x_wconf 86' lang='lat' dir='ltr'><strong>vertit,</strong></span> <span class='ocrx_word' id='word_1_456' title='bbox 1985 5515 2106 5566; x_wconf 84' lang='lat' dir='ltr'><strong>divi-</strong></span> 
     </span>
    </p>
   </div>
   <div class='ocr_carea' id='block_1_58' title="bbox 526 5579 2106 5647">
    <p class='ocr_par' dir='ltr' id='par_1_58' title="bbox 526 5579 2106 5647">
     <span class='ocr_line' id='line_1_58' title="bbox 526 5579 2106 5647; baseline -0.004 -14"><span class='ocrx_word' id='word_1_457' title='bbox 526 5579 725 5635; x_wconf 55' lang='lat' dir='ltr'><strong>suin’est</strong></span> <span class='ocrx_word' id='word_1_458' title='bbox 754 5597 916 5647; x_wconf 82' lang='lat' dir='ltr'><strong>mare,</strong></span> <span class='ocrx_word' id='word_1_459' title='bbox 941 5579 1167 5647; x_wconf 60' lang='lat' dir='ltr'><strong>quasi&#39;ah</strong></span> <span class='ocrx_word' id='word_1_460' title='bbox 1186 5596 1423 5647; x_wconf 63' lang='grc' dir='ltr'><strong>ιπιειτράσκυ</strong></span> <span class='ocrx_word' id='word_1_461' title='bbox 1439 5621 1451 5637; x_wconf 87' lang='grc'><em>,</em></span> <span class='ocrx_word' id='word_1_462' title='bbox 1470 5581 1679 5643; x_wconf 71' lang='lat' dir='ltr'><strong>per/“oro.</strong></span> <span class='ocrx_word' id='word_1_463' title='bbox 1707 5579 1769 5627; x_wconf 81' lang='lat' dir='ltr'><strong>At</strong></span> <span class='ocrx_word' id='word_1_464' title='bbox 1790 5584 1906 5647; x_wconf 84' lang='lat' dir='ltr'><strong>puto</strong></span> <span class='ocrx_word' id='word_1_465' title='bbox 1929 5591 2106 5647; x_wconf 64' lang='grc' dir='ltr'><strong>ιπιτρέιςη</strong></span> 
     </span>
    </p>
   </div>
   <div class='ocr_carea' id='block_1_59' title="bbox 527 5640 2109 5710">
    <p class='ocr_par' dir='ltr' id='par_1_59' title="bbox 527 5640 2109 5710">
     <span class='ocr_line' id='line_1_59' title="bbox 527 5640 2109 5710; baseline -0.005 -16"><span class='ocrx_word' id='word_1_466' title='bbox 527 5660 558 5694; x_wconf 83' lang='lat' dir='ltr'><strong>a</strong></span> <span class='ocrx_word' id='word_1_467' title='bbox 576 5661 712 5710; x_wconf 47' lang='lat' dir='ltr'><strong>uses...</strong></span> <span class='ocrx_word' id='word_1_468' title='bbox 729 5640 1066 5695; x_wconf 77' lang='lat' dir='ltr'><strong>deducendum</strong></span> <span class='ocrx_word' id='word_1_469' title='bbox 1091 5658 1221 5710; x_wconf 83' lang='lat' dir='ltr'><strong>esse,</strong></span> <span class='ocrx_word' id='word_1_470' title='bbox 1247 5640 1480 5710; x_wconf 62' lang='grc' dir='ltr'><strong>ἐπ’ρςιτώ</strong></span> <span class='ocrx_word' id='word_1_471' title='bbox 1490 5640 1717 5691; x_wconf 87' lang='lat' dir='ltr'><strong>naturam</strong></span> <span class='ocrx_word' id='word_1_472' title='bbox 1740 5640 2025 5710; x_wconf 76' lang='lat' dir='ltr'><strong>muto.__Nam</strong></span> <span class='ocrx_word' id='word_1_473' title='bbox 2041 5640 2109 5687; x_wconf 87' lang='lat' dir='ltr'><strong>ait</strong></span> 
     </span>
    </p>
   </div>
   <div class='ocr_carea' id='block_1_60' title="bbox 528 5702 2109 5769">
    <p class='ocr_par' dir='ltr' id='par_1_60' title="bbox 528 5702 2109 5769">
     <span class='ocr_line' id='line_1_60' title="bbox 528 5702 2109 5769; baseline -0.004 -14"><span class='ocrx_word' id='word_1_474' title='bbox 528 5702 766 5769; x_wconf 67' lang='lat' dir='ltr'><strong>Scriptura</strong></span> <span class='ocrx_word' id='word_1_475' title='bbox 788 5746 800 5765; x_wconf 88' lang='lat'><strong>,</strong></span> <span class='ocrx_word' id='word_1_476' title='bbox 826 5720 958 5755; x_wconf 89' lang='lat' dir='ltr'><strong>mare</strong></span> <span class='ocrx_word' id='word_1_477' title='bbox 981 5702 1331 5769; x_wconf 79' lang='lat' dir='ltr'><strong>quasimurum</strong></span> <span class='ocrx_word' id='word_1_478' title='bbox 1349 5703 1530 5769; x_wconf 85' lang='lat' dir='ltr'><strong>fuisse;</strong></span> <span class='ocrx_word' id='word_1_479' title='bbox 1554 5710 1691 5769; x_wconf 75' lang='lat' dir='ltr'><strong>certe</strong></span> <span class='ocrx_word' id='word_1_480' title='bbox 1714 5704 1755 5750; x_wconf 90' lang='lat' dir='ltr'><strong>si</strong></span> <span class='ocrx_word' id='word_1_481' title='bbox 1778 5702 1842 5749; x_wconf 89' lang='lat' dir='ltr'><strong>de</strong></span> <span class='ocrx_word' id='word_1_482' title='bbox 1871 5702 2109 5751; x_wconf 89' lang='lat' dir='ltr'><strong>divisione</strong></span> 
     </span>
    </p>
   </div>
   <div class='ocr_carea' id='block_1_61' title="bbox 528 5766 2107 5876">
    <p class='ocr_par' dir='ltr' id='par_1_61' title="bbox 528 5766 2107 5876">
     <span class='ocr_line' id='line_1_61' title="bbox 528 5766 2107 5876; baseline -0.003 -60"><span class='ocrx_word' id='word_1_483' title='bbox 528 5766 675 5876; x_wconf 57' lang='lat' dir='ltr'><strong>tharis</strong></span> <span class='ocrx_word' id='word_1_484' title='bbox 709 5776 972 5828; x_wconf 79' lang='lat' dir='ltr'><strong>ageretur,</strong></span> <span class='ocrx_word' id='word_1_485' title='bbox 1001 5766 1138 5817; x_wconf 74' lang='lat' dir='ltr'><strong>aliud</strong></span> <span class='ocrx_word' id='word_1_486' title='bbox 1176 5768 1495 5829; x_wconf 66' lang='lat' dir='ltr'><strong>quaerendum</strong></span> <span class='ocrx_word' id='word_1_487' title='bbox 1536 5766 1741 5816; x_wconf 88' lang='lat' dir='ltr'><strong>verbum</strong></span> <span class='ocrx_word' id='word_1_488' title='bbox 1783 5771 1922 5823; x_wconf 87' lang='lat' dir='ltr'><strong>erat,</strong></span> <span class='ocrx_word' id='word_1_489' title='bbox 1962 5775 2107 5825; x_wconf 86' lang='lat' dir='ltr'><strong>quam</strong></span> 
     </span>
     <span class='ocr_line' id='line_1_62' title="bbox 552 5844 783 5876; baseline -0.004 0"><span class='ocrx_word' id='word_1_490' title='bbox 552 5844 783 5876; x_wconf 59' lang='grc' dir='ltr'><strong>τιτιῑωίσιω.</strong></span> 
     </span>
    </p>
   </div>
   <div class='ocr_carea' id='block_1_62' title="bbox 552 5844 783 5887">
    <p class='ocr_par' dir='ltr' id='par_1_62' title="bbox 552 5844 783 5887">
     <span class='ocr_line' id='line_1_63' title="bbox 552 5844 783 5887; baseline -0.004 -11"><span class='ocrx_word' id='word_1_491' title='bbox 552 5844 783 5887; x_wconf 46' lang='lat' dir='ltr'><strong>numquam.</strong></span> 
     </span>
    </p>
   </div>
   <div class='ocr_carea' id='block_1_63' title="bbox 1883 332 2247 398">
    <p class='ocr_par' dir='ltr' id='par_1_63' title="bbox 1883 332 2247 398">
     <span class='ocr_line' id='line_1_64' title="bbox 1883 332 2247 398; baseline -0.014 0"><span class='ocrx_word' id='word_1_492' title='bbox 1883 339 2009 398; x_wconf 72' lang='lat' dir='ltr'><strong>SEV</strong></span> <span class='ocrx_word' id='word_1_493' title='bbox 2020 332 2247 394; x_wconf 73' lang='lat' dir='ltr'><strong>EBIANI</strong></span> 
     </span>
    </p>
   </div>
   <div class='ocr_carea' id='block_1_64' title="bbox 3626 328 3729 384">
    <p class='ocr_par' dir='ltr' id='par_1_64' title="bbox 3626 328 3729 384">
     <span class='ocr_line' id='line_1_65' title="bbox 3626 328 3729 384; baseline 0.01 -1"><span class='ocrx_word' id='word_1_494' title='bbox 3626 328 3729 384; x_wconf 72' lang='grc' dir='ltr'><strong><em>ιω</em></strong></span> 
     </span>
    </p>
   </div>
   <div class='ocr_carea' id='block_1_65' title="bbox 2159 468 3731 545">
    <p class='ocr_par' dir='ltr' id='par_1_65' title="bbox 2159 468 3731 545">
     <span class='ocr_line' id='line_1_66' title="bbox 2159 468 3731 545; baseline -0.008 -13"><span class='ocrx_word' id='word_1_495' title='bbox 2159 477 2306 532; x_wconf 86' lang='lat' dir='ltr'><strong>toria</strong></span> <span class='ocrx_word' id='word_1_496' title='bbox 2329 474 2614 545; x_wconf 84' lang='lat' dir='ltr'><strong>Evangelia</strong></span> <span class='ocrx_word' id='word_1_497' title='bbox 2623 482 2732 527; x_wconf 84' lang='lat' dir='ltr'><strong>non</strong></span> <span class='ocrx_word' id='word_1_498' title='bbox 2744 482 2867 528; x_wconf 86' lang='lat' dir='ltr'><strong>ante</strong></span> <span class='ocrx_word' id='word_1_499' title='bbox 2879 472 3056 527; x_wconf 88' lang='lat' dir='ltr'><strong>docuit</strong></span> <span class='ocrx_word' id='word_1_500' title='bbox 3080 482 3237 542; x_wconf 90' lang='lat' dir='ltr'><strong>quam</strong></span> <span class='ocrx_word' id='word_1_501' title='bbox 3255 468 3503 524; x_wconf 67' lang='lat' dir='ltr'><strong>mit-acula</strong></span> <span class='ocrx_word' id='word_1_502' title='bbox 3522 477 3731 538; x_wconf 66' lang='lat' dir='ltr'><strong>petras-</strong></span> 
     </span>
    </p>
   </div>
   <div class='ocr_carea' id='block_1_66' title="bbox 2160 564 3735 638">
    <p class='ocr_par' dir='ltr' id='par_1_66' title="bbox 2160 564 3735 638">
     <span class='ocr_line' id='line_1_67' title="bbox 2160 564 3735 638; baseline -0.005 -16"><span class='ocrx_word' id='word_1_503' title='bbox 2160 576 2259 622; x_wconf 88' lang='lat' dir='ltr'><strong>set.</strong></span> <span class='ocrx_word' id='word_1_504' title='bbox 2299 568 2533 623; x_wconf 82' lang='lat' dir='ltr'><strong>Primum</strong></span> <span class='ocrx_word' id='word_1_505' title='bbox 2562 569 2789 638; x_wconf 88' lang='lat' dir='ltr'><strong>signum,</strong></span> <span class='ocrx_word' id='word_1_506' title='bbox 2819 566 3039 620; x_wconf 91' lang='lat' dir='ltr'><strong>mutavit</strong></span> <span class='ocrx_word' id='word_1_507' title='bbox 3067 578 3257 633; x_wconf 86' lang='lat' dir='ltr'><strong>aquam</strong></span> <span class='ocrx_word' id='word_1_508' title='bbox 3306 564 3359 616; x_wconf 91' lang='lat' dir='ltr'><strong>in</strong></span> <span class='ocrx_word' id='word_1_509' title='bbox 3387 564 3565 615; x_wconf 89' lang='lat' dir='ltr'><strong>viuum</strong></span> <span class='ocrx_word' id='word_1_510' title='bbox 3589 602 3604 625; x_wconf 92' lang='lat'><strong>,</strong></span> <span class='ocrx_word' id='word_1_511' title='bbox 3634 575 3735 615; x_wconf 87' lang='lat' dir='ltr'><strong>nec</strong></span> 
     </span>
    </p>
   </div>
   <div class='ocr_carea' id='block_1_67' title="bbox 2160 652 3733 728">
    <p class='ocr_par' dir='ltr' id='par_1_67' title="bbox 2160 652 3733 728">
     <span class='ocr_line' id='line_1_68' title="bbox 2160 652 3733 728; baseline -0.004 -18"><span class='ocrx_word' id='word_1_512' title='bbox 2160 667 2283 713; x_wconf 90' lang='lat' dir='ltr'><strong>ante</strong></span> <span class='ocrx_word' id='word_1_513' title='bbox 2324 659 2450 712; x_wconf 88' lang='lat' dir='ltr'><strong>illud</strong></span> <span class='ocrx_word' id='word_1_514' title='bbox 2489 668 2708 728; x_wconf 87' lang='lat' dir='ltr'><strong>apparet</strong></span> <span class='ocrx_word' id='word_1_515' title='bbox 2736 674 2857 711; x_wconf 91' lang='lat' dir='ltr'><strong>cum</strong></span> <span class='ocrx_word' id='word_1_516' title='bbox 2906 656 3150 710; x_wconf 89' lang='lat' dir='ltr'><strong>docuisse</strong></span> <span class='ocrx_word' id='word_1_517' title='bbox 3197 673 3210 708; x_wconf 92' lang='lat'><strong>:</strong></span> <span class='ocrx_word' id='word_1_518' title='bbox 3265 652 3543 723; x_wconf 86' lang='lat' dir='ltr'><strong>oportebat</strong></span> <span class='ocrx_word' id='word_1_519' title='bbox 3593 653 3733 705; x_wconf 89' lang='lat' dir='ltr'><strong>enim</strong></span> 
     </span>
    </p>
   </div>
   <div class='ocr_carea' id='block_1_68' title="bbox 2161 744 3739 819">
    <p class='ocr_par' dir='ltr' id='par_1_68' title="bbox 2161 744 3739 819">
     <span class='ocr_line' id='line_1_69' title="bbox 2161 744 3739 819; baseline -0.003 -16"><span class='ocrx_word' id='word_1_520' title='bbox 2161 750 2462 819; x_wconf 71' lang='lat' dir='ltr'><strong>prtecedcrc</strong></span> <span class='ocrx_word' id='word_1_521' title='bbox 2488 765 2642 819; x_wconf 91' lang='lat' dir='ltr'><strong>opus,</strong></span> <span class='ocrx_word' id='word_1_522' title='bbox 2662 759 2716 804; x_wconf 90' lang='lat' dir='ltr'><strong>et</strong></span> <span class='ocrx_word' id='word_1_523' title='bbox 2738 748 2955 803; x_wconf 79' lang='lat' dir='ltr'><strong>verbum</strong></span> <span class='ocrx_word' id='word_1_524' title='bbox 2978 748 3147 816; x_wconf 85' lang='lat' dir='ltr'><strong>sequi.</strong></span> <span class='ocrx_word' id='word_1_525' title='bbox 3174 745 3406 815; x_wconf 83' lang='lat' dir='ltr'><strong>Ideoque</strong></span> <span class='ocrx_word' id='word_1_526' title='bbox 3436 754 3489 799; x_wconf 92' lang='lat' dir='ltr'><strong>et</strong></span> <span class='ocrx_word' id='word_1_527' title='bbox 3510 744 3739 812; x_wconf 85' lang='lat' dir='ltr'><strong>scriptor</strong></span> 
     </span>
    </p>
   </div>
   <div class='ocr_carea' id='block_1_69' title="bbox 2165 838 3736 914">
    <p class='ocr_par' dir='ltr' id='par_1_69' title="bbox 2165 838 3736 914">
     <span class='ocr_line' id='line_1_70' title="bbox 2165 838 3736 914; baseline -0.004 -18"><span class='ocrx_word' id='word_1_528' title='bbox 2165 844 2251 898; x_wconf 86' lang='lat' dir='ltr'><strong>ille</strong></span> <span class='ocrx_word' id='word_1_529' title='bbox 2280 844 2352 896; x_wconf 89' lang='lat' dir='ltr'><strong>ait</strong></span> <span class='ocrx_word' id='word_1_530' title='bbox 2386 862 2398 896; x_wconf 94' lang='lat'>:</span> <span class='ocrx_word' id='word_1_531' title='bbox 2434 843 2663 896; x_wconf 82' lang='lat' dir='ltr'><strong>Primum</strong></span> <span class='ocrx_word' id='word_1_532' title='bbox 2687 843 2888 914; x_wconf 78' lang='lat' dir='ltr'><strong>quidem</strong></span> <span class='ocrx_word' id='word_1_533' title='bbox 2921 857 3200 895; x_wconf 80' lang='lat' dir='ltr'><strong>sermonem</strong></span> <span class='ocrx_word' id='word_1_534' title='bbox 3244 840 3337 911; x_wconf 82' lang='lat' dir='ltr'><strong>feci</strong></span> <span class='ocrx_word' id='word_1_535' title='bbox 3366 838 3430 891; x_wconf 87' lang='lat' dir='ltr'><strong>de</strong></span> <span class='ocrx_word' id='word_1_536' title='bbox 3470 838 3736 902; x_wconf 84' lang='lat' dir='ltr'><strong>omnibus,</strong></span> 
     </span>
    </p>
   </div>
   <div class='ocr_carea' id='block_1_70' title="bbox 2165 930 3735 1006">
    <p class='ocr_par' dir='ltr' id='par_1_70' title="bbox 2165 930 3735 1006">
     <span class='ocr_line' id='line_1_71' title="bbox 2165 930 3735 1006; baseline -0.004 -18"><span class='ocrx_word' id='word_1_537' title='bbox 2165 952 2194 988; x_wconf 90' lang='grc' dir='ltr'><em>ο</em></span> <span class='ocrx_word' id='word_1_538' title='bbox 2225 934 2524 1005; x_wconf 70' lang='lat' dir='ltr'><strong>Theophila,</strong></span> <span class='ocrx_word' id='word_1_539' title='bbox 2547 952 2657 1006; x_wconf 70' lang='lat' dir='ltr'><strong>qua:</strong></span> <span class='ocrx_word' id='word_1_540' title='bbox 2675 936 2819 1006; x_wconf 74' lang='lat' dir='ltr'><strong>coepit</strong></span> <span class='ocrx_word' id='word_1_541' title='bbox 2843 933 2991 988; x_wconf 81' lang='lat' dir='ltr'><strong>Jesus</strong></span> <span class='ocrx_word' id='word_1_542' title='bbox 3013 934 3177 1002; x_wconf 75' lang='lat' dir='ltr'><strong>facere</strong></span> <span class='ocrx_word' id='word_1_543' title='bbox 3193 944 3238 986; x_wconf 90' lang='lat' dir='ltr'><strong>et</strong></span> <span class='ocrx_word' id='word_1_544' title='bbox 3260 932 3435 985; x_wconf 74' lang='lat' dir='ltr'><strong>docere</strong></span> <span class='ocrx_word' id='word_1_545' title='bbox 3455 931 3622 1000; x_wconf 75' lang='lat' dir='ltr'><strong>(AcM</strong></span> <span class='ocrx_word' id='word_1_546' title='bbox 3637 930 3735 997; x_wconf 86' lang='grc'><strong>.1).</strong></span> 
     </span>
    </p>
   </div>
   <div class='ocr_carea' id='block_1_71' title="bbox 2165 1022 3740 1095">
    <p class='ocr_par' dir='ltr' id='par_1_71' title="bbox 2165 1022 3740 1095">
     <span class='ocr_line' id='line_1_72' title="bbox 2165 1022 3740 1095; baseline -0.004 -13"><span class='ocrx_word' id='word_1_547' title='bbox 2165 1027 2442 1095; x_wconf 86' lang='lat' dir='ltr'><strong>Quomodo</strong></span> <span class='ocrx_word' id='word_1_548' title='bbox 2459 1028 2725 1083; x_wconf 83' lang='lat' dir='ltr'><strong>docuisset</strong></span> <span class='ocrx_word' id='word_1_549' title='bbox 2740 1028 2992 1083; x_wconf 86' lang='lat' dir='ltr'><strong>Servatur</strong></span> <span class='ocrx_word' id='word_1_550' title='bbox 3017 1042 3075 1081; x_wconf 89' lang='lat' dir='ltr'><strong>se</strong></span> <span class='ocrx_word' id='word_1_551' title='bbox 3094 1026 3348 1095; x_wconf 82' lang='lat' dir='ltr'><strong>Opilicem</strong></span> <span class='ocrx_word' id='word_1_552' title='bbox 3382 1040 3500 1078; x_wconf 89' lang='lat' dir='ltr'><strong>esse</strong></span> <span class='ocrx_word' id='word_1_553' title='bbox 3523 1022 3740 1077; x_wconf 84' lang='lat' dir='ltr'><strong>mundi?</strong></span> 
     </span>
    </p>
   </div>
   <div class='ocr_carea' id='block_1_72' title="bbox 2167 1112 3738 1179">
    <p class='ocr_par' dir='ltr' id='par_1_72' title="bbox 2167 1112 3738 1179">
     <span class='ocr_line' id='line_1_73' title="bbox 2167 1112 3738 1179; baseline -0.004 -7"><span class='ocrx_word' id='word_1_554' title='bbox 2167 1118 2277 1172; x_wconf 87' lang='lat' dir='ltr'><strong>Nisi</strong></span> <span class='ocrx_word' id='word_1_555' title='bbox 2304 1120 2443 1172; x_wconf 89' lang='lat' dir='ltr'><strong>enim</strong></span> <span class='ocrx_word' id='word_1_556' title='bbox 2466 1120 2649 1174; x_wconf 89' lang='lat' dir='ltr'><strong>oculos</strong></span> <span class='ocrx_word' id='word_1_557' title='bbox 2675 1120 2802 1173; x_wconf 68' lang='lat' dir='ltr'><strong>casei</strong></span> <span class='ocrx_word' id='word_1_558' title='bbox 2831 1117 3179 1172; x_wconf 89' lang='lat' dir='ltr'><strong>illuminasset</strong></span> <span class='ocrx_word' id='word_1_559' title='bbox 3205 1157 3219 1179; x_wconf 91' lang='lat'><strong>,</strong></span> <span class='ocrx_word' id='word_1_560' title='bbox 3244 1116 3384 1169; x_wconf 90' lang='lat' dir='ltr'><strong>nulla</strong></span> <span class='ocrx_word' id='word_1_561' title='bbox 3409 1113 3539 1168; x_wconf 85' lang='lat' dir='ltr'><strong>fides</strong></span> <span class='ocrx_word' id='word_1_562' title='bbox 3565 1114 3613 1167; x_wconf 92' lang='lat' dir='ltr'><strong>ei</strong></span> <span class='ocrx_word' id='word_1_563' title='bbox 3643 1112 3738 1166; x_wconf 85' lang='lat' dir='ltr'><strong>ha-</strong></span> 
     </span>
    </p>
   </div>
   <div class='ocr_carea' id='block_1_73' title="bbox 2168 1204 3738 1282">
    <p class='ocr_par' dir='ltr' id='par_1_73' title="bbox 2168 1204 3738 1282">
     <span class='ocr_line' id='line_1_74' title="bbox 2168 1204 3738 1282; baseline -0.003 -18"><span class='ocrx_word' id='word_1_564' title='bbox 2168 1211 2274 1264; x_wconf 87' lang='lat' dir='ltr'><strong>bita</strong></span> <span class='ocrx_word' id='word_1_565' title='bbox 2301 1220 2442 1265; x_wconf 89' lang='lat' dir='ltr'><strong>esset</strong></span> <span class='ocrx_word' id='word_1_566' title='bbox 2468 1211 2663 1267; x_wconf 89' lang='lat' dir='ltr'><strong>dicenti</strong></span> <span class='ocrx_word' id='word_1_567' title='bbox 2699 1229 2712 1265; x_wconf 93' lang='lat'><strong>:</strong></span> <span class='ocrx_word' id='word_1_568' title='bbox 2745 1211 2858 1282; x_wconf 83' lang='lat' dir='ltr'><strong>Ego</strong></span> <span class='ocrx_word' id='word_1_569' title='bbox 2886 1226 2995 1263; x_wconf 88' lang='lat' dir='ltr'><strong>sum</strong></span> <span class='ocrx_word' id='word_1_570' title='bbox 3029 1211 3117 1263; x_wconf 72' lang='lat' dir='ltr'><strong>lux</strong></span> <span class='ocrx_word' id='word_1_571' title='bbox 3137 1208 3316 1262; x_wconf 85' lang='lat' dir='ltr'><strong>mundi</strong></span> <span class='ocrx_word' id='word_1_572' title='bbox 3348 1207 3530 1268; x_wconf 85' lang='lat' dir='ltr'><strong>(Joan.</strong></span> <span class='ocrx_word' id='word_1_573' title='bbox 3566 1207 3619 1260; x_wconf 85' lang='lat'><strong>9.</strong></span> <span class='ocrx_word' id='word_1_574' title='bbox 3647 1204 3738 1276; x_wconf 87' lang='lat'><strong>5).</strong></span> 
     </span>
    </p>
   </div>
   <div class='ocr_carea' id='block_1_74' title="bbox 2168 1299 3742 1373">
    <p class='ocr_par' dir='ltr' id='par_1_74' title="bbox 2168 1299 3742 1373">
     <span class='ocr_line' id='line_1_75' title="bbox 2168 1299 3742 1373; baseline -0.004 -14"><span class='ocrx_word' id='word_1_575' title='bbox 2168 1304 2279 1359; x_wconf 89' lang='lat' dir='ltr'><strong>Nisi</strong></span> <span class='ocrx_word' id='word_1_576' title='bbox 2306 1304 2565 1359; x_wconf 90' lang='lat' dir='ltr'><strong>Lazarum</strong></span> <span class='ocrx_word' id='word_1_577' title='bbox 2601 1305 2934 1367; x_wconf 84' lang='lat' dir='ltr'><strong>suscitasset,</strong></span> <span class='ocrx_word' id='word_1_578' title='bbox 2963 1319 3068 1357; x_wconf 91' lang='lat' dir='ltr'><strong>non</strong></span> <span class='ocrx_word' id='word_1_579' title='bbox 3099 1301 3448 1356; x_wconf 88' lang='lat' dir='ltr'><strong>credidissent</strong></span> <span class='ocrx_word' id='word_1_580' title='bbox 3472 1299 3742 1373; x_wconf 86' lang='lat' dir='ltr'><strong>auditores</strong></span> 
     </span>
    </p>
   </div>
   <div class='ocr_carea' id='block_1_75' title="bbox 2170 1390 3740 1467">
    <p class='ocr_par' dir='ltr' id='par_1_75' title="bbox 2170 1390 3740 1467">
     <span class='ocr_line' id='line_1_76' title="bbox 2170 1390 3740 1467; baseline -0.006 -16"><span class='ocrx_word' id='word_1_581' title='bbox 2170 1397 2364 1452; x_wconf 89' lang='lat' dir='ltr'><strong>dicenti</strong></span> <span class='ocrx_word' id='word_1_582' title='bbox 2397 1415 2412 1451; x_wconf 89' lang='lat'><strong>:</strong></span> <span class='ocrx_word' id='word_1_583' title='bbox 2444 1396 2553 1467; x_wconf 89' lang='lat' dir='ltr'><strong>Ego</strong></span> <span class='ocrx_word' id='word_1_584' title='bbox 2593 1413 2703 1450; x_wconf 88' lang='lat' dir='ltr'><strong>sum</strong></span> <span class='ocrx_word' id='word_1_585' title='bbox 2730 1398 2830 1449; x_wconf 82' lang='lat' dir='ltr'><strong>vita</strong></span> <span class='ocrx_word' id='word_1_586' title='bbox 2863 1408 2908 1448; x_wconf 88' lang='lat' dir='ltr'><strong>et</strong></span> <span class='ocrx_word' id='word_1_587' title='bbox 2942 1394 3236 1449; x_wconf 78' lang='lat' dir='ltr'><strong>resurrectio</strong></span> <span class='ocrx_word' id='word_1_588' title='bbox 3267 1390 3465 1462; x_wconf 79' lang='lat' dir='ltr'><strong>(Joan.</strong></span> <span class='ocrx_word' id='word_1_589' title='bbox 3498 1391 3586 1444; x_wconf 85' lang='grc'><strong>11.</strong></span> <span class='ocrx_word' id='word_1_590' title='bbox 3614 1390 3682 1445; x_wconf 72' lang='lat'><strong>25</strong></span> <span class='ocrx_word' id='word_1_591' title='bbox 3703 1391 3740 1457; x_wconf 93' lang='lat'><strong>).</strong></span> 
     </span>
    </p>
   </div>
   <div class='ocr_carea' id='block_1_76' title="bbox 2170 1482 3745 1559">
    <p class='ocr_par' dir='ltr' id='par_1_76' title="bbox 2170 1482 3745 1559">
     <span class='ocr_line' id='line_1_77' title="bbox 2170 1482 3745 1559; baseline -0.007 -15"><span class='ocrx_word' id='word_1_592' title='bbox 2170 1490 2278 1544; x_wconf 87' lang='lat' dir='ltr'><strong>Nisi</strong></span> <span class='ocrx_word' id='word_1_593' title='bbox 2310 1504 2505 1559; x_wconf 86' lang='lat' dir='ltr'><strong>Spuens</strong></span> <span class='ocrx_word' id='word_1_594' title='bbox 2549 1490 2599 1542; x_wconf 92' lang='lat' dir='ltr'><strong>in</strong></span> <span class='ocrx_word' id='word_1_595' title='bbox 2628 1496 2822 1543; x_wconf 90' lang='lat' dir='ltr'><strong>terram</strong></span> <span class='ocrx_word' id='word_1_596' title='bbox 2856 1488 3020 1540; x_wconf 89' lang='lat' dir='ltr'><strong>lutum</strong></span> <span class='ocrx_word' id='word_1_597' title='bbox 3072 1484 3302 1549; x_wconf 81' lang='lat' dir='ltr'><strong>fecisset,</strong></span> <span class='ocrx_word' id='word_1_598' title='bbox 3350 1499 3412 1538; x_wconf 90' lang='lat' dir='ltr'><strong>ac</strong></span> <span class='ocrx_word' id='word_1_599' title='bbox 3440 1498 3638 1537; x_wconf 62' lang='lat' dir='ltr'><strong>emcum</strong></span> <span class='ocrx_word' id='word_1_600' title='bbox 3683 1482 3745 1534; x_wconf 84' lang='lat' dir='ltr'><strong>li-</strong></span> 
     </span>
    </p>
   </div>
   <div class='ocr_carea' id='block_1_77' title="bbox 2173 1574 3747 1649">
    <p class='ocr_par' dir='ltr' id='par_1_77' title="bbox 2173 1574 3747 1649">
     <span class='ocr_line' id='line_1_78' title="bbox 2173 1574 3747 1649; baseline -0.008 -12"><span class='ocrx_word' id='word_1_601' title='bbox 2173 1584 2412 1649; x_wconf 86' lang='lat' dir='ltr'><strong>nivissct,</strong></span> <span class='ocrx_word' id='word_1_602' title='bbox 2442 1598 2545 1636; x_wconf 92' lang='lat' dir='ltr'><strong>non</strong></span> <span class='ocrx_word' id='word_1_603' title='bbox 2588 1580 2847 1636; x_wconf 89' lang='lat' dir='ltr'><strong>creditum</strong></span> <span class='ocrx_word' id='word_1_604' title='bbox 2892 1578 3079 1633; x_wconf 86' lang='lat' dir='ltr'><strong>fuisset</strong></span> <span class='ocrx_word' id='word_1_605' title='bbox 3109 1578 3278 1644; x_wconf 90' lang='lat' dir='ltr'><strong>ipsum</strong></span> <span class='ocrx_word' id='word_1_606' title='bbox 3302 1590 3421 1630; x_wconf 87' lang='lat' dir='ltr'><strong>esse</strong></span> <span class='ocrx_word' id='word_1_607' title='bbox 3442 1617 3457 1639; x_wconf 92' lang='lat'><strong>,</strong></span> <span class='ocrx_word' id='word_1_608' title='bbox 3485 1574 3573 1639; x_wconf 87' lang='lat' dir='ltr'><strong>qui</strong></span> <span class='ocrx_word' id='word_1_609' title='bbox 3599 1589 3747 1627; x_wconf 89' lang='lat' dir='ltr'><strong>accc-</strong></span> 
     </span>
    </p>
   </div>
   <div class='ocr_carea' id='block_1_78' title="bbox 2174 1664 3745 1743">
    <p class='ocr_par' dir='ltr' id='par_1_78' title="bbox 2174 1664 3745 1743">
     <span class='ocr_line' id='line_1_79' title="bbox 2174 1664 3745 1743; baseline -0.008 -15"><span class='ocrx_word' id='word_1_610' title='bbox 2174 1683 2265 1743; x_wconf 89' lang='lat' dir='ltr'><strong>pto</strong></span> <span class='ocrx_word' id='word_1_611' title='bbox 2294 1674 2360 1728; x_wconf 91' lang='lat' dir='ltr'><strong>de</strong></span> <span class='ocrx_word' id='word_1_612' title='bbox 2412 1683 2549 1728; x_wconf 91' lang='lat' dir='ltr'><strong>terra</strong></span> <span class='ocrx_word' id='word_1_613' title='bbox 2582 1673 2795 1742; x_wconf 88' lang='lat' dir='ltr'><strong>pulvere</strong></span> <span class='ocrx_word' id='word_1_614' title='bbox 2824 1670 3084 1724; x_wconf 78' lang='lat' dir='ltr'><strong>Adamum</strong></span> <span class='ocrx_word' id='word_1_615' title='bbox 3114 1667 3457 1721; x_wconf 84' lang='lat' dir='ltr'><strong>formaverat.</strong></span> <span class='ocrx_word' id='word_1_616' title='bbox 3494 1664 3602 1719; x_wconf 90' lang='lat' dir='ltr'><strong>Nisi</strong></span> <span class='ocrx_word' id='word_1_617' title='bbox 3633 1680 3745 1717; x_wconf 77' lang='lat' dir='ltr'><strong>ain-</strong></span> 
     </span>
    </p>
   </div>
   <div class='ocr_carea' id='block_1_79' title="bbox 2174 1755 3744 1833">
    <p class='ocr_par' dir='ltr' id='par_1_79' title="bbox 2174 1755 3744 1833">
     <span class='ocr_line' id='line_1_80' title="bbox 2174 1755 3744 1833; baseline -0.009 -13"><span class='ocrx_word' id='word_1_618' title='bbox 2174 1765 2405 1820; x_wconf 89' lang='lat' dir='ltr'><strong>bulasset</strong></span> <span class='ocrx_word' id='word_1_619' title='bbox 2430 1779 2589 1833; x_wconf 90' lang='lat' dir='ltr'><strong>super</strong></span> <span class='ocrx_word' id='word_1_620' title='bbox 2610 1778 2776 1825; x_wconf 90' lang='lat' dir='ltr'><strong>mare,</strong></span> <span class='ocrx_word' id='word_1_621' title='bbox 2811 1777 2915 1815; x_wconf 91' lang='lat' dir='ltr'><strong>non</strong></span> <span class='ocrx_word' id='word_1_622' title='bbox 2948 1761 3091 1813; x_wconf 89' lang='lat' dir='ltr'><strong>visus</strong></span> <span class='ocrx_word' id='word_1_623' title='bbox 3116 1769 3258 1813; x_wconf 89' lang='lat' dir='ltr'><strong>esset</strong></span> <span class='ocrx_word' id='word_1_624' title='bbox 3288 1757 3542 1811; x_wconf 90' lang='lat' dir='ltr'><strong>Dominus</strong></span> <span class='ocrx_word' id='word_1_625' title='bbox 3565 1755 3744 1808; x_wconf 87' lang='lat' dir='ltr'><strong>maris.</strong></span> 
     </span>
    </p>
   </div>
   <div class='ocr_carea' id='block_1_80' title="bbox 2177 1846 3744 1925">
    <p class='ocr_par' dir='ltr' id='par_1_80' title="bbox 2177 1846 3744 1925">
     <span class='ocr_line' id='line_1_81' title="bbox 2177 1846 3744 1925; baseline -0.009 -14"><span class='ocrx_word' id='word_1_626' title='bbox 2177 1855 2286 1912; x_wconf 71' lang='lat' dir='ltr'><strong>Nisi</strong></span> <span class='ocrx_word' id='word_1_627' title='bbox 2310 1857 2638 1925; x_wconf 90' lang='lat' dir='ltr'><strong>iucrepasset</strong></span> <span class='ocrx_word' id='word_1_628' title='bbox 2661 1863 2896 1917; x_wconf 90' lang='lat' dir='ltr'><strong>ventum,</strong></span> <span class='ocrx_word' id='word_1_629' title='bbox 2922 1866 3026 1906; x_wconf 91' lang='lat' dir='ltr'><strong>non</strong></span> <span class='ocrx_word' id='word_1_630' title='bbox 3055 1850 3449 1904; x_wconf 89' lang='lat' dir='ltr'><strong>demonstratus</strong></span> <span class='ocrx_word' id='word_1_631' title='bbox 3473 1856 3615 1901; x_wconf 90' lang='lat' dir='ltr'><strong>esset</strong></span> <span class='ocrx_word' id='word_1_632' title='bbox 3645 1846 3744 1898; x_wconf 87' lang='lat' dir='ltr'><strong>Do-</strong></span> 
     </span>
    </p>
   </div>
   <div class='ocr_carea' id='block_1_81' title="bbox 2176 1938 3749 2015">
    <p class='ocr_par' dir='ltr' id='par_1_81' title="bbox 2176 1938 3749 2015">
     <span class='ocr_line' id='line_1_82' title="bbox 2176 1938 3749 2015; baseline -0.009 -10"><span class='ocrx_word' id='word_1_633' title='bbox 2176 1940 2351 2005; x_wconf 76' lang='lat' dir='ltr'><strong>minus</strong></span> <span class='ocrx_word' id='word_1_634' title='bbox 2374 1958 2669 2003; x_wconf 84' lang='lat' dir='ltr'><strong>ventorum.</strong></span> <span class='ocrx_word' id='word_1_635' title='bbox 2722 1946 3081 2015; x_wconf 84' lang='lat' dir='ltr'><strong>Quamobrem</strong></span> <span class='ocrx_word' id='word_1_636' title='bbox 3108 1944 3268 1996; x_wconf 92' lang='lat' dir='ltr'><strong>homo</strong></span> <span class='ocrx_word' id='word_1_637' title='bbox 3297 1941 3510 2012; x_wconf 92' lang='lat' dir='ltr'><strong>quidem</strong></span> <span class='ocrx_word' id='word_1_638' title='bbox 3540 1938 3749 1993; x_wconf 85' lang='lat' dir='ltr'><strong>videba-</strong></span> 
     </span>
    </p>
   </div>
   <div class='ocr_carea' id='block_1_82' title="bbox 2181 2027 3751 2110">
    <p class='ocr_par' dir='ltr' id='par_1_82' title="bbox 2181 2027 3751 2110">
     <span class='ocr_line' id='line_1_83' title="bbox 2181 2027 3751 2110; baseline -0.009 -13"><span class='ocrx_word' id='word_1_639' title='bbox 2181 2052 2285 2107; x_wconf 77' lang='lat' dir='ltr'><strong>tur,</strong></span> <span class='ocrx_word' id='word_1_640' title='bbox 2332 2057 2428 2110; x_wconf 90' lang='lat' dir='ltr'><strong>per</strong></span> <span class='ocrx_word' id='word_1_641' title='bbox 2454 2039 2705 2094; x_wconf 89' lang='lat' dir='ltr'><strong>miracula</strong></span> <span class='ocrx_word' id='word_1_642' title='bbox 2743 2048 2925 2091; x_wconf 86' lang='lat' dir='ltr'><strong>autem</strong></span> <span class='ocrx_word' id='word_1_643' title='bbox 2968 2045 3025 2089; x_wconf 89' lang='lat' dir='ltr'><strong>ut</strong></span> <span class='ocrx_word' id='word_1_644' title='bbox 3064 2035 3202 2088; x_wconf 89' lang='lat' dir='ltr'><strong>Deus</strong></span> <span class='ocrx_word' id='word_1_645' title='bbox 3253 2036 3415 2084; x_wconf 87' lang='lat' dir='ltr'><strong>notus</strong></span> <span class='ocrx_word' id='word_1_646' title='bbox 3441 2035 3496 2083; x_wconf 87' lang='lat' dir='ltr'><strong>et</strong></span> <span class='ocrx_word' id='word_1_647' title='bbox 3522 2027 3751 2099; x_wconf 84' lang='lat' dir='ltr'><strong>inclytus</strong></span> 
     </span>
    </p>
   </div>
   <div class='ocr_carea' id='block_1_83' title="bbox 2179 2122 3748 2200">
    <p class='ocr_par' dir='ltr' id='par_1_83' title="bbox 2179 2122 3748 2200">
     <span class='ocr_line' id='line_1_84' title="bbox 2179 2122 3748 2200; baseline -0.01 -11"><span class='ocrx_word' id='word_1_648' title='bbox 2179 2143 2314 2189; x_wconf 89' lang='lat' dir='ltr'><strong>erat.</strong></span> <span class='ocrx_word' id='word_1_649' title='bbox 2346 2133 2595 2188; x_wconf 84' lang='lat' dir='ltr'><strong>Servator</strong></span> <span class='ocrx_word' id='word_1_650' title='bbox 2618 2133 2795 2200; x_wconf 89' lang='lat' dir='ltr'><strong>itaque</strong></span> <span class='ocrx_word' id='word_1_651' title='bbox 2816 2127 3103 2196; x_wconf 78' lang='lat' dir='ltr'><strong>discipulos</strong></span> <span class='ocrx_word' id='word_1_652' title='bbox 3132 2123 3507 2194; x_wconf 88' lang='lat' dir='ltr'><strong>obstupefecit,</strong></span> <span class='ocrx_word' id='word_1_653' title='bbox 3532 2129 3587 2177; x_wconf 87' lang='lat' dir='ltr'><strong>et</strong></span> <span class='ocrx_word' id='word_1_654' title='bbox 3605 2122 3748 2176; x_wconf 90' lang='lat' dir='ltr'><strong>diee-</strong></span> 
     </span>
    </p>
   </div>
   <div class='ocr_carea' id='block_1_84' title="bbox 2180 2213 3753 2293">
    <p class='ocr_par' dir='ltr' id='par_1_84' title="bbox 2180 2213 3753 2293">
     <span class='ocr_line' id='line_1_85' title="bbox 2180 2213 3753 2293; baseline -0.01 -12"><span class='ocrx_word' id='word_1_655' title='bbox 2180 2227 2309 2281; x_wconf 88' lang='lat' dir='ltr'><strong>bant</strong></span> <span class='ocrx_word' id='word_1_656' title='bbox 2337 2242 2352 2279; x_wconf 87' lang='lat'><strong>:</strong></span> <span class='ocrx_word' id='word_1_657' title='bbox 2385 2226 2561 2293; x_wconf 82' lang='lat' dir='ltr'><strong>Qualis</strong></span> <span class='ocrx_word' id='word_1_658' title='bbox 2613 2233 2684 2277; x_wconf 83' lang='lat' dir='ltr'><strong>est</strong></span> <span class='ocrx_word' id='word_1_659' title='bbox 2724 2223 2834 2285; x_wconf 85' lang='lat' dir='ltr'><strong>hic,</strong></span> <span class='ocrx_word' id='word_1_660' title='bbox 2864 2221 2981 2289; x_wconf 86' lang='lat' dir='ltr'><strong>quia</strong></span> <span class='ocrx_word' id='word_1_661' title='bbox 3008 2219 3145 2274; x_wconf 85' lang='lat' dir='ltr'><strong>venti</strong></span> <span class='ocrx_word' id='word_1_662' title='bbox 3175 2229 3222 2271; x_wconf 87' lang='lat' dir='ltr'><strong>et</strong></span> <span class='ocrx_word' id='word_1_663' title='bbox 3269 2232 3408 2270; x_wconf 87' lang='lat' dir='ltr'><strong>mare</strong></span> <span class='ocrx_word' id='word_1_664' title='bbox 3439 2214 3671 2269; x_wconf 76' lang='lat' dir='ltr'><strong>obediunt</strong></span> <span class='ocrx_word' id='word_1_665' title='bbox 3708 2213 3753 2267; x_wconf 80' lang='lat' dir='ltr'><strong>ei</strong></span> 
     </span>
    </p>
   </div>
   <div class='ocr_carea' id='block_1_85' title="bbox 2183 2306 3750 2393">
    <p class='ocr_par' dir='ltr' id='par_1_85' title="bbox 2183 2306 3750 2393">
     <span class='ocr_line' id='line_1_86' title="bbox 2183 2306 3750 2393; baseline -0.011 -18"><span class='ocrx_word' id='word_1_666' title='bbox 2183 2319 2395 2393; x_wconf 80' lang='lat' dir='ltr'><strong>(Matth.</strong></span> <span class='ocrx_word' id='word_1_667' title='bbox 2424 2318 2477 2373; x_wconf 93' lang='lat'><strong>8.</strong></span> <span class='ocrx_word' id='word_1_668' title='bbox 2503 2318 2572 2370; x_wconf 74' lang='lat'><strong>27</strong></span> <span class='ocrx_word' id='word_1_669' title='bbox 2595 2318 2612 2386; x_wconf 93' lang='lat'><strong>)</strong></span> <span class='ocrx_word' id='word_1_670' title='bbox 2634 2317 2658 2370; x_wconf 93' lang='lat'><strong>?</strong></span> <span class='ocrx_word' id='word_1_671' title='bbox 2683 2314 2928 2370; x_wconf 82' lang='lat' dir='ltr'><strong>Ostendit</strong></span> <span class='ocrx_word' id='word_1_672' title='bbox 2966 2312 3137 2382; x_wconf 90' lang='lat' dir='ltr'><strong>primo</strong></span> <span class='ocrx_word' id='word_1_673' title='bbox 3159 2310 3419 2365; x_wconf 88' lang='lat' dir='ltr'><strong>elementa</strong></span> <span class='ocrx_word' id='word_1_674' title='bbox 3450 2306 3551 2362; x_wconf 87' lang='lat' dir='ltr'><strong>sibi</strong></span> <span class='ocrx_word' id='word_1_675' title='bbox 3591 2306 3750 2361; x_wconf 86' lang='lat' dir='ltr'><strong>obse-</strong></span> 
     </span>
    </p>
   </div>
   <div class='ocr_carea' id='block_1_86' title="bbox 2182 2399 3754 2483">
    <p class='ocr_par' dir='ltr' id='par_1_86' title="bbox 2182 2399 3754 2483">
     <span class='ocr_line' id='line_1_87' title="bbox 2182 2399 3754 2483; baseline -0.01 -16"><span class='ocrx_word' id='word_1_676' title='bbox 2182 2414 2292 2483; x_wconf 87' lang='lat' dir='ltr'><strong>qui,</strong></span> <span class='ocrx_word' id='word_1_677' title='bbox 2323 2421 2377 2466; x_wconf 88' lang='lat' dir='ltr'><strong>et</strong></span> <span class='ocrx_word' id='word_1_678' title='bbox 2404 2418 2583 2479; x_wconf 86' lang='lat' dir='ltr'><strong>postea</strong></span> <span class='ocrx_word' id='word_1_679' title='bbox 2613 2410 2788 2463; x_wconf 85' lang='lat' dir='ltr'><strong>verbis</strong></span> <span class='ocrx_word' id='word_1_680' title='bbox 2813 2407 3030 2469; x_wconf 86' lang='lat' dir='ltr'><strong>docuit,</strong></span> <span class='ocrx_word' id='word_1_681' title='bbox 3073 2403 3250 2458; x_wconf 90' lang='lat' dir='ltr'><strong>omnia</strong></span> <span class='ocrx_word' id='word_1_682' title='bbox 3294 2417 3386 2471; x_wconf 90' lang='lat' dir='ltr'><strong>per</strong></span> <span class='ocrx_word' id='word_1_683' title='bbox 3422 2403 3593 2470; x_wconf 90' lang='lat' dir='ltr'><strong>ipsum</strong></span> <span class='ocrx_word' id='word_1_684' title='bbox 3620 2399 3754 2453; x_wconf 87' lang='lat' dir='ltr'><strong>facta</strong></span> 
     </span>
    </p>
   </div>
   <div class='ocr_carea' id='block_1_87' title="bbox 2184 2490 3755 2569">
    <p class='ocr_par' dir='ltr' id='par_1_87' title="bbox 2184 2490 3755 2569">
     <span class='ocr_line' id='line_1_88' title="bbox 2184 2490 3755 2569; baseline -0.009 -11"><span class='ocrx_word' id='word_1_685' title='bbox 2184 2518 2321 2558; x_wconf 83' lang='lat' dir='ltr'><strong>esse.</strong></span> <span class='ocrx_word' id='word_1_686' title='bbox 2363 2500 2605 2557; x_wconf 87' lang='lat' dir='ltr'><strong>Ostendit</strong></span> <span class='ocrx_word' id='word_1_687' title='bbox 2652 2499 2823 2569; x_wconf 85' lang='lat' dir='ltr'><strong>prium</strong></span> <span class='ocrx_word' id='word_1_688' title='bbox 2871 2497 2957 2550; x_wconf 91' lang='lat' dir='ltr'><strong>illa</strong></span> <span class='ocrx_word' id='word_1_689' title='bbox 3003 2495 3101 2549; x_wconf 90' lang='lat' dir='ltr'><strong>sibi</strong></span> <span class='ocrx_word' id='word_1_690' title='bbox 3153 2493 3391 2563; x_wconf 89' lang='lat' dir='ltr'><strong>obsequi.</strong></span> <span class='ocrx_word' id='word_1_691' title='bbox 3448 2490 3559 2545; x_wconf 87' lang='lat' dir='ltr'><strong>Nisi</strong></span> <span class='ocrx_word' id='word_1_692' title='bbox 3612 2491 3755 2559; x_wconf 85' lang='lat' dir='ltr'><strong>prius</strong></span> 
     </span>
    </p>
   </div>
   <div class='ocr_carea' id='block_1_88' title="bbox 2184 2581 3759 2662">
    <p class='ocr_par' dir='ltr' id='par_1_88' title="bbox 2184 2581 3759 2662">
     <span class='ocr_line' id='line_1_89' title="bbox 2184 2581 3759 2662; baseline -0.008 -15"><span class='ocrx_word' id='word_1_693' title='bbox 2184 2602 2475 2647; x_wconf 88' lang='lat' dir='ltr'><strong>creaturam</strong></span> <span class='ocrx_word' id='word_1_694' title='bbox 2521 2592 2617 2662; x_wconf 91' lang='lat' dir='ltr'><strong>ipsi</strong></span> <span class='ocrx_word' id='word_1_695' title='bbox 2660 2590 2875 2658; x_wconf 81' lang='lat' dir='ltr'><strong>obsequi</strong></span> <span class='ocrx_word' id='word_1_696' title='bbox 2908 2598 3177 2641; x_wconf 87' lang='lat' dir='ltr'><strong>ostensum</strong></span> <span class='ocrx_word' id='word_1_697' title='bbox 3219 2583 3446 2649; x_wconf 83' lang='lat' dir='ltr'><strong>fuisset,</strong></span> <span class='ocrx_word' id='word_1_698' title='bbox 3475 2597 3581 2637; x_wconf 92' lang='lat' dir='ltr'><strong>non</strong></span> <span class='ocrx_word' id='word_1_699' title='bbox 3626 2581 3759 2636; x_wconf 83' lang='lat' dir='ltr'><strong>ﬁdes</strong></span> 
     </span>
    </p>
   </div>
   <div class='ocr_carea' id='block_1_89' title="bbox 2189 2671 3763 2747">
    <p class='ocr_par' dir='ltr' id='par_1_89' title="bbox 2189 2671 3763 2747">
     <span class='ocr_line' id='line_1_90' title="bbox 2189 2671 3763 2747; baseline -0.009 -9"><span class='ocrx_word' id='word_1_700' title='bbox 2189 2682 2361 2737; x_wconf 87' lang='lat' dir='ltr'><strong>habita</strong></span> <span class='ocrx_word' id='word_1_701' title='bbox 2388 2692 2532 2737; x_wconf 88' lang='lat' dir='ltr'><strong>esset</strong></span> <span class='ocrx_word' id='word_1_702' title='bbox 2583 2680 2772 2735; x_wconf 86' lang='lat' dir='ltr'><strong>Joanni</strong></span> <span class='ocrx_word' id='word_1_703' title='bbox 2812 2678 3149 2747; x_wconf 63' lang='lat' dir='ltr'><strong>evangelista)</strong></span> <span class='ocrx_word' id='word_1_704' title='bbox 3196 2674 3390 2729; x_wconf 83' lang='lat' dir='ltr'><strong>dicenti</strong></span> <span class='ocrx_word' id='word_1_705' title='bbox 3419 2690 3432 2726; x_wconf 87' lang='lat'><strong>:</strong></span> <span class='ocrx_word' id='word_1_706' title='bbox 3466 2671 3651 2726; x_wconf 85' lang='lat' dir='ltr'><strong>Omnia</strong></span> <span class='ocrx_word' id='word_1_707' title='bbox 3676 2689 3763 2741; x_wconf 82' lang='lat' dir='ltr'><strong>per</strong></span> 
     </span>
    </p>
   </div>
   <div class='ocr_carea' id='block_1_90' title="bbox 2108 2765 3763 2845">
    <p class='ocr_par' dir='ltr' id='par_1_90' title="bbox 2108 2765 3763 2845">
     <span class='ocr_line' id='line_1_91' title="bbox 2108 2765 3763 2845; baseline -0.007 -15"><span class='ocrx_word' id='word_1_708' title='bbox 2108 2818 2113 2823; x_wconf 87' lang='lat'><strong>.</strong></span> <span class='ocrx_word' id='word_1_709' title='bbox 2188 2779 2355 2845; x_wconf 84' lang='lat' dir='ltr'><strong>ipsum</strong></span> <span class='ocrx_word' id='word_1_710' title='bbox 2373 2782 2504 2845; x_wconf 79' lang='lat' dir='ltr'><strong>facta</strong></span> <span class='ocrx_word' id='word_1_711' title='bbox 2524 2786 2636 2829; x_wconf 84' lang='lat' dir='ltr'><strong>sunt</strong></span> <span class='ocrx_word' id='word_1_712' title='bbox 2661 2775 2833 2845; x_wconf 84' lang='lat' dir='ltr'><strong>(Joan.</strong></span> <span class='ocrx_word' id='word_1_713' title='bbox 2868 2774 2915 2827; x_wconf 90' lang='grc'><strong>1.</strong></span> <span class='ocrx_word' id='word_1_714' title='bbox 2953 2774 3026 2840; x_wconf 80' lang='grc'><strong>5).</strong></span> <span class='ocrx_word' id='word_1_715' title='bbox 3054 2771 3329 2838; x_wconf 87' lang='lat' dir='ltr'><strong>Quomodo</strong></span> <span class='ocrx_word' id='word_1_716' title='bbox 3355 2767 3611 2823; x_wconf 89' lang='lat' dir='ltr'><strong>creditum</strong></span> <span class='ocrx_word' id='word_1_717' title='bbox 3634 2765 3763 2819; x_wconf 84' lang='lat' dir='ltr'><strong>fuis-</strong></span> 
     </span>
    </p>
   </div>
   <div class='ocr_carea' id='block_1_91' title="bbox 2189 2858 3765 2938">
    <p class='ocr_par' dir='ltr' id='par_1_91' title="bbox 2189 2858 3765 2938">
     <span class='ocr_line' id='line_1_92' title="bbox 2189 2858 3765 2938; baseline -0.008 -15"><span class='ocrx_word' id='word_1_718' title='bbox 2189 2880 2268 2923; x_wconf 88' lang='lat' dir='ltr'><strong>set</strong></span> <span class='ocrx_word' id='word_1_719' title='bbox 2293 2870 2548 2938; x_wconf 85' lang='lat' dir='ltr'><strong>apostolis</strong></span> <span class='ocrx_word' id='word_1_720' title='bbox 2571 2909 2584 2931; x_wconf 94' lang='lat'><strong>,</strong></span> <span class='ocrx_word' id='word_1_721' title='bbox 2618 2867 2732 2921; x_wconf 90' lang='lat' dir='ltr'><strong>rudi</strong></span> <span class='ocrx_word' id='word_1_722' title='bbox 2780 2867 2952 2934; x_wconf 77' lang='lat' dir='ltr'><strong>lingua</strong></span> <span class='ocrx_word' id='word_1_723' title='bbox 2984 2863 3322 2934; x_wconf 87' lang='lat' dir='ltr'><strong>loquentibus</strong></span> <span class='ocrx_word' id='word_1_724' title='bbox 3345 2904 3360 2927; x_wconf 94' lang='lat'><strong>,</strong></span> <span class='ocrx_word' id='word_1_725' title='bbox 3392 2875 3511 2917; x_wconf 87' lang='lat' dir='ltr'><strong>cum</strong></span> <span class='ocrx_word' id='word_1_726' title='bbox 3541 2860 3610 2914; x_wconf 90' lang='lat' dir='ltr'><strong>de</strong></span> <span class='ocrx_word' id='word_1_727' title='bbox 3658 2858 3765 2912; x_wconf 89' lang='lat' dir='ltr'><strong>Deo</strong></span> 
     </span>
    </p>
   </div>
   <div class='ocr_carea' id='block_1_92' title="bbox 2190 2950 3762 3021">
    <p class='ocr_par' dir='ltr' id='par_1_92' title="bbox 2190 2950 3762 3021">
     <span class='ocr_line' id='line_1_93' title="bbox 2190 2950 3762 3021; baseline -0.01 -4"><span class='ocrx_word' id='word_1_728' title='bbox 2190 2962 2366 3018; x_wconf 81' lang='lat' dir='ltr'><strong>Verbo</strong></span> <span class='ocrx_word' id='word_1_729' title='bbox 2392 2960 2720 3013; x_wconf 86' lang='lat' dir='ltr'><strong>affirmarent</strong></span> <span class='ocrx_word' id='word_1_730' title='bbox 2741 3001 2754 3021; x_wconf 90' lang='lat'><strong>,</strong></span> <span class='ocrx_word' id='word_1_731' title='bbox 2797 2958 3075 3021; x_wconf 90' lang='lat' dir='ltr'><strong>Creatore,</strong></span> <span class='ocrx_word' id='word_1_732' title='bbox 3121 2955 3404 3009; x_wconf 88' lang='lat' dir='ltr'><strong>Servatore</strong></span> <span class='ocrx_word' id='word_1_733' title='bbox 3430 2994 3443 3016; x_wconf 93' lang='lat'><strong>,</strong></span> <span class='ocrx_word' id='word_1_734' title='bbox 3476 2950 3762 3020; x_wconf 87' lang='lat' dir='ltr'><strong>sapientis-</strong></span> 
     </span>
    </p>
   </div>
   <div class='ocr_carea' id='block_1_93' title="bbox 2191 3043 3767 3116">
    <p class='ocr_par' dir='ltr' id='par_1_93' title="bbox 2191 3043 3767 3116">
     <span class='ocr_line' id='line_1_94' title="bbox 2191 3043 3767 3116; baseline -0.009 -9"><span class='ocrx_word' id='word_1_735' title='bbox 2191 3054 2327 3108; x_wconf 82' lang='lat' dir='ltr'><strong>simo</strong></span> <span class='ocrx_word' id='word_1_736' title='bbox 2362 3094 2375 3116; x_wconf 95' lang='lat'><strong>,</strong></span> <span class='ocrx_word' id='word_1_737' title='bbox 2428 3050 2688 3104; x_wconf 87' lang='lat' dir='ltr'><strong>doctore?</strong></span> <span class='ocrx_word' id='word_1_738' title='bbox 2736 3049 2925 3101; x_wconf 84' lang='lat' dir='ltr'><strong>Verum</strong></span> <span class='ocrx_word' id='word_1_739' title='bbox 2972 3045 3335 3114; x_wconf 54' lang='lat' dir='ltr'><strong>apostolorum</strong></span> <span class='ocrx_word' id='word_1_740' title='bbox 3385 3043 3562 3113; x_wconf 84' lang='lat' dir='ltr'><strong>lingua</strong></span> <span class='ocrx_word' id='word_1_741' title='bbox 3615 3048 3767 3094; x_wconf 87' lang='lat' dir='ltr'><strong>erant</strong></span> 
     </span>
    </p>
   </div>
   <div class='ocr_carea' id='block_1_94' title="bbox 2194 3135 3766 3213">
    <p class='ocr_par' dir='ltr' id='par_1_94' title="bbox 2194 3135 3766 3213">
     <span class='ocr_line' id='line_1_95' title="bbox 2194 3135 3766 3213; baseline -0.008 -15"><span class='ocrx_word' id='word_1_742' title='bbox 2194 3144 2481 3207; x_wconf 88' lang='lat' dir='ltr'><strong>miracula;</strong></span> <span class='ocrx_word' id='word_1_743' title='bbox 2531 3157 2591 3198; x_wconf 89' lang='lat' dir='ltr'><strong>os</strong></span> <span class='ocrx_word' id='word_1_744' title='bbox 2619 3141 2979 3213; x_wconf 89' lang='lat' dir='ltr'><strong>apostolorum</strong></span> <span class='ocrx_word' id='word_1_745' title='bbox 3032 3146 3148 3193; x_wconf 81' lang='lat' dir='ltr'><strong>erat</strong></span> <span class='ocrx_word' id='word_1_746' title='bbox 3202 3145 3442 3192; x_wconf 88' lang='lat' dir='ltr'><strong>mortuus</strong></span> <span class='ocrx_word' id='word_1_747' title='bbox 3466 3135 3766 3193; x_wconf 79' lang='lat' dir='ltr'><strong>suscitatus.</strong></span> 
     </span>
    </p>
   </div>
   <div class='ocr_carea' id='block_1_95' title="bbox 2193 3228 3770 3298">
    <p class='ocr_par' dir='ltr' id='par_1_95' title="bbox 2193 3228 3770 3298">
     <span class='ocr_line' id='line_1_96' title="bbox 2193 3228 3770 3298; baseline -0.01 -7"><span class='ocrx_word' id='word_1_748' title='bbox 2193 3237 2413 3291; x_wconf 89' lang='lat' dir='ltr'><strong>claudus</strong></span> <span class='ocrx_word' id='word_1_749' title='bbox 2455 3235 2752 3288; x_wconf 88' lang='lat' dir='ltr'><strong>ambulans.</strong></span> <span class='ocrx_word' id='word_1_750' title='bbox 2794 3231 2945 3298; x_wconf 86' lang='lat' dir='ltr'><strong>Quod</strong></span> <span class='ocrx_word' id='word_1_751' title='bbox 2991 3241 3166 3284; x_wconf 90' lang='lat' dir='ltr'><strong>autem</strong></span> <span class='ocrx_word' id='word_1_752' title='bbox 3216 3228 3470 3282; x_wconf 89' lang='lat' dir='ltr'><strong>miracula</strong></span> <span class='ocrx_word' id='word_1_753' title='bbox 3523 3235 3770 3295; x_wconf 82' lang='lat' dir='ltr'><strong>sequatur</strong></span> 
     </span>
    </p>
   </div>
   <div class='ocr_carea' id='block_1_96' title="bbox 2198 3317 3771 3393">
    <p class='ocr_par' dir='ltr' id='par_1_96' title="bbox 2198 3317 3771 3393">
     <span class='ocr_line' id='line_1_97' title="bbox 2198 3317 3771 3393; baseline -0.009 -11"><span class='ocrx_word' id='word_1_754' title='bbox 2198 3328 2330 3384; x_wconf 83' lang='lat' dir='ltr'><strong>fides</strong></span> <span class='ocrx_word' id='word_1_755' title='bbox 2357 3370 2370 3393; x_wconf 89' lang='lat'><strong>,</strong></span> <span class='ocrx_word' id='word_1_756' title='bbox 2417 3327 2729 3381; x_wconf 86' lang='lat' dir='ltr'><strong>testificatur</strong></span> <span class='ocrx_word' id='word_1_757' title='bbox 2770 3324 3038 3393; x_wconf 84' lang='lat' dir='ltr'><strong>Scriptura</strong></span> <span class='ocrx_word' id='word_1_758' title='bbox 3065 3322 3279 3376; x_wconf 89' lang='lat' dir='ltr'><strong>dicens:</strong></span> <span class='ocrx_word' id='word_1_759' title='bbox 3303 3320 3405 3375; x_wconf 87' lang='lat' dir='ltr'><strong>Per</strong></span> <span class='ocrx_word' id='word_1_760' title='bbox 3432 3335 3610 3371; x_wconf 85' lang='lat' dir='ltr'><strong>manus</strong></span> <span class='ocrx_word' id='word_1_761' title='bbox 3642 3317 3771 3371; x_wconf 83' lang='lat' dir='ltr'><strong>enim</strong></span> 
     </span>
    </p>
   </div>
   <div class='ocr_carea' id='block_1_97' title="bbox 2196 3407 3771 3489">
    <p class='ocr_par' dir='ltr' id='par_1_97' title="bbox 2196 3407 3771 3489">
     <span class='ocr_line' id='line_1_98' title="bbox 2196 3407 3771 3489; baseline -0.01 -16"><span class='ocrx_word' id='word_1_762' title='bbox 2196 3420 2538 3489; x_wconf 86' lang='lat' dir='ltr'><strong>apostolorum</strong></span> <span class='ocrx_word' id='word_1_763' title='bbox 2597 3416 2783 3486; x_wconf 84' lang='lat' dir='ltr'><strong>ﬁebant</strong></span> <span class='ocrx_word' id='word_1_764' title='bbox 2849 3416 2993 3483; x_wconf 84' lang='lat' dir='ltr'><strong>signa</strong></span> <span class='ocrx_word' id='word_1_765' title='bbox 3052 3427 3237 3483; x_wconf 88' lang='lat' dir='ltr'><strong>magna</strong></span> <span class='ocrx_word' id='word_1_766' title='bbox 3292 3421 3341 3463; x_wconf 85' lang='lat' dir='ltr'><strong>et</strong></span> <span class='ocrx_word' id='word_1_767' title='bbox 3416 3408 3647 3479; x_wconf 86' lang='lat' dir='ltr'><strong>prodigia</strong></span> <span class='ocrx_word' id='word_1_768' title='bbox 3718 3407 3771 3459; x_wconf 90' lang='lat' dir='ltr'><strong>in</strong></span> 
     </span>
    </p>
   </div>
   <div class='ocr_carea' id='block_1_98' title="bbox 2198 3500 3771 3581">
    <p class='ocr_par' dir='ltr' id='par_1_98' title="bbox 2198 3500 3771 3581">
     <span class='ocr_line' id='line_1_99' title="bbox 2198 3500 3771 3581; baseline -0.01 -18"><span class='ocrx_word' id='word_1_769' title='bbox 2198 3510 2357 3581; x_wconf 85' lang='lat' dir='ltr'><strong>plebe.</strong></span> <span class='ocrx_word' id='word_1_770' title='bbox 2406 3510 2685 3579; x_wconf 85' lang='lat' dir='ltr'><strong>Stupebant</strong></span> <span class='ocrx_word' id='word_1_771' title='bbox 2728 3516 2894 3560; x_wconf 89' lang='lat' dir='ltr'><strong>autem</strong></span> <span class='ocrx_word' id='word_1_772' title='bbox 2940 3521 3109 3558; x_wconf 82' lang='lat' dir='ltr'><strong>omnes</strong></span> <span class='ocrx_word' id='word_1_773' title='bbox 3140 3546 3154 3566; x_wconf 83' lang='lat'><strong>,</strong></span> <span class='ocrx_word' id='word_1_774' title='bbox 3202 3502 3457 3572; x_wconf 85' lang='lat' dir='ltr'><strong>magisque</strong></span> <span class='ocrx_word' id='word_1_775' title='bbox 3498 3500 3771 3569; x_wconf 83' lang='lat' dir='ltr'><strong>augebatur</strong></span> 
     </span>
    </p>
   </div>
   <div class='ocr_carea' id='block_1_99' title="bbox 2196 3589 3768 3672">
    <p class='ocr_par' dir='ltr' id='par_1_99' title="bbox 2196 3589 3768 3672">
     <span class='ocr_line' id='line_1_100' title="bbox 2196 3589 3768 3672; baseline -0.008 -16"><span class='ocrx_word' id='word_1_776' title='bbox 2196 3602 2414 3672; x_wconf 86' lang='lat' dir='ltr'><strong>quotidie</strong></span> <span class='ocrx_word' id='word_1_777' title='bbox 2464 3603 2682 3653; x_wconf 83' lang='lat' dir='ltr'><strong>virorum</strong></span> <span class='ocrx_word' id='word_1_778' title='bbox 2723 3607 2770 3651; x_wconf 91' lang='lat' dir='ltr'><strong>et</strong></span> <span class='ocrx_word' id='word_1_779' title='bbox 2808 3596 3075 3651; x_wconf 85' lang='lat' dir='ltr'><strong>mulierum</strong></span> <span class='ocrx_word' id='word_1_780' title='bbox 3117 3594 3381 3647; x_wconf 85' lang='lat' dir='ltr'><strong>multitudo</strong></span> <span class='ocrx_word' id='word_1_781' title='bbox 3413 3591 3569 3663; x_wconf 76' lang='lat' dir='ltr'><strong>(Aet.</strong></span> <span class='ocrx_word' id='word_1_782' title='bbox 3600 3592 3652 3643; x_wconf 84' lang='grc'><strong>5.</strong></span> <span class='ocrx_word' id='word_1_783' title='bbox 3683 3589 3768 3643; x_wconf 69' lang='grc'><strong>12.</strong></span> 
     </span>
    </p>
   </div>
   <div class='ocr_carea' id='block_1_100' title="bbox 2200 3682 3775 3760">
    <p class='ocr_par' dir='ltr' id='par_1_100' title="bbox 2200 3682 3775 3760">
     <span class='ocr_line' id='line_1_101' title="bbox 2200 3682 3775 3760; baseline -0.011 -11"><span class='ocrx_word' id='word_1_784' title='bbox 2200 3695 2285 3749; x_wconf 81' lang='grc'><strong>14-</strong></span> <span class='ocrx_word' id='word_1_785' title='bbox 2317 3703 2365 3748; x_wconf 89' lang='lat' dir='ltr'><strong>et</strong></span> <span class='ocrx_word' id='word_1_786' title='bbox 2392 3693 2446 3745; x_wconf 73' lang='grc' dir='ltr'><strong>ξ’..</strong></span> <span class='ocrx_word' id='word_1_787' title='bbox 2469 3693 2548 3760; x_wconf 88' lang='grc'><strong>7).</strong></span> <span class='ocrx_word' id='word_1_788' title='bbox 2600 3689 2961 3745; x_wconf 69' lang='lat' dir='ltr'><strong>Prrelucebant</strong></span> <span class='ocrx_word' id='word_1_789' title='bbox 3006 3685 3258 3745; x_wconf 85' lang='lat' dir='ltr'><strong>miracula</strong></span> <span class='ocrx_word' id='word_1_790' title='bbox 3285 3727 3297 3745; x_wconf 89' lang='lat'><strong>,</strong></span> <span class='ocrx_word' id='word_1_791' title='bbox 3328 3693 3381 3737; x_wconf 89' lang='lat' dir='ltr'><strong>et</strong></span> <span class='ocrx_word' id='word_1_792' title='bbox 3419 3682 3775 3750; x_wconf 78' lang='lat' dir='ltr'><strong>sequebantur</strong></span> 
     </span>
    </p>
   </div>
   <div class='ocr_carea' id='block_1_101' title="bbox 2199 3772 3771 3855">
    <p class='ocr_par' dir='ltr' id='par_1_101' title="bbox 2199 3772 3771 3855">
     <span class='ocr_line' id='line_1_102' title="bbox 2199 3772 3771 3855; baseline -0.01 -15"><span class='ocrx_word' id='word_1_793' title='bbox 2199 3785 2463 3855; x_wconf 80' lang='lat' dir='ltr'><strong>dogmata.</strong></span> <span class='ocrx_word' id='word_1_794' title='bbox 2493 3783 2581 3838; x_wconf 89' lang='lat' dir='ltr'><strong>Sic</strong></span> <span class='ocrx_word' id='word_1_795' title='bbox 2609 3792 2663 3836; x_wconf 92' lang='lat' dir='ltr'><strong>et</strong></span> <span class='ocrx_word' id='word_1_796' title='bbox 2690 3782 2740 3834; x_wconf 90' lang='lat' dir='ltr'><strong>iu</strong></span> <span class='ocrx_word' id='word_1_797' title='bbox 2764 3782 2880 3849; x_wconf 81' lang='lat' dir='ltr'><strong>lege</strong></span> <span class='ocrx_word' id='word_1_798' title='bbox 2913 3820 2927 3843; x_wconf 88' lang='lat'><strong>,</strong></span> <span class='ocrx_word' id='word_1_799' title='bbox 2961 3778 3217 3847; x_wconf 67' lang='lat' dir='ltr'><strong>praeibam</strong></span> <span class='ocrx_word' id='word_1_800' title='bbox 3242 3775 3491 3829; x_wconf 88' lang='lat' dir='ltr'><strong>miracula</strong></span> <span class='ocrx_word' id='word_1_801' title='bbox 3533 3774 3584 3826; x_wconf 90' lang='lat' dir='ltr'><strong>in</strong></span> <span class='ocrx_word' id='word_1_802' title='bbox 3606 3772 3771 3842; x_wconf 65' lang='lat' dir='ltr'><strong>Egy-</strong></span> 
     </span>
    </p>
   </div>
   <div class='ocr_carea' id='block_1_102' title="bbox 2202 3867 3774 3949">
    <p class='ocr_par' dir='ltr' id='par_1_102' title="bbox 2202 3867 3774 3949">
     <span class='ocr_line' id='line_1_103' title="bbox 2202 3867 3774 3949; baseline -0.011 -15"><span class='ocrx_word' id='word_1_803' title='bbox 2202 3888 2312 3949; x_wconf 90' lang='lat' dir='ltr'><strong>pto,</strong></span> <span class='ocrx_word' id='word_1_804' title='bbox 2346 3893 2463 3947; x_wconf 71' lang='lat' dir='ltr'><strong>qua:</strong></span> <span class='ocrx_word' id='word_1_805' title='bbox 2489 3875 2777 3946; x_wconf 89' lang='lat' dir='ltr'><strong>probarent</strong></span> <span class='ocrx_word' id='word_1_806' title='bbox 2804 3874 2970 3927; x_wconf 89' lang='lat' dir='ltr'><strong>Deum</strong></span> <span class='ocrx_word' id='word_1_807' title='bbox 3010 3886 3127 3925; x_wconf 91' lang='lat' dir='ltr'><strong>esse</strong></span> <span class='ocrx_word' id='word_1_808' title='bbox 3148 3870 3477 3924; x_wconf 88' lang='lat' dir='ltr'><strong>Creatorem.</strong></span> <span class='ocrx_word' id='word_1_809' title='bbox 3516 3867 3652 3920; x_wconf 88' lang='lat' dir='ltr'><strong>Deus</strong></span> <span class='ocrx_word' id='word_1_810' title='bbox 3677 3880 3774 3917; x_wconf 85' lang='lat' dir='ltr'><strong>au-</strong></span> 
     </span>
    </p>
   </div>
   <div class='ocr_carea' id='block_1_103' title="bbox 2204 3959 3771 4035">
    <p class='ocr_par' dir='ltr' id='par_1_103' title="bbox 2204 3959 3771 4035">
     <span class='ocr_line' id='line_1_104' title="bbox 2204 3959 3771 4035; baseline -0.012 -9"><span class='ocrx_word' id='word_1_811' title='bbox 2204 3984 2330 4035; x_wconf 88' lang='lat' dir='ltr'><strong>tem,</strong></span> <span class='ocrx_word' id='word_1_812' title='bbox 2376 3973 2546 4025; x_wconf 90' lang='lat' dir='ltr'><strong>bonus</strong></span> <span class='ocrx_word' id='word_1_813' title='bbox 2574 3984 2695 4023; x_wconf 91' lang='lat' dir='ltr'><strong>cum</strong></span> <span class='ocrx_word' id='word_1_814' title='bbox 2739 3976 2915 4029; x_wconf 88' lang='lat' dir='ltr'><strong>esset,</strong></span> <span class='ocrx_word' id='word_1_815' title='bbox 2967 3965 3135 4019; x_wconf 87' lang='lat' dir='ltr'><strong>uoluit</strong></span> <span class='ocrx_word' id='word_1_816' title='bbox 3160 3963 3273 4031; x_wconf 85' lang='lat' dir='ltr'><strong>ipse</strong></span> <span class='ocrx_word' id='word_1_817' title='bbox 3300 3962 3444 4015; x_wconf 86' lang='lat' dir='ltr'><strong>solus</strong></span> <span class='ocrx_word' id='word_1_818' title='bbox 3488 3959 3771 4021; x_wconf 81' lang='lat' dir='ltr'><strong>honorari,</strong></span> 
     </span>
    </p>
   </div>
   <div class='ocr_carea' id='block_1_104' title="bbox 2202 4052 3769 4132">
    <p class='ocr_par' dir='ltr' id='par_1_104' title="bbox 2202 4052 3769 4132">
     <span class='ocr_line' id='line_1_105' title="bbox 2202 4052 3769 4132; baseline -0.012 -11"><span class='ocrx_word' id='word_1_819' title='bbox 2202 4066 2296 4121; x_wconf 86' lang='lat' dir='ltr'><strong>sed</strong></span> <span class='ocrx_word' id='word_1_820' title='bbox 2327 4080 2446 4119; x_wconf 89' lang='lat' dir='ltr'><strong>cum</strong></span> <span class='ocrx_word' id='word_1_821' title='bbox 2474 4063 2651 4132; x_wconf 88' lang='lat' dir='ltr'><strong>Moyse</strong></span> <span class='ocrx_word' id='word_1_822' title='bbox 2672 4060 2889 4130; x_wconf 85' lang='lat' dir='ltr'><strong>gloriam</strong></span> <span class='ocrx_word' id='word_1_823' title='bbox 2919 4058 3141 4127; x_wconf 89' lang='lat' dir='ltr'><strong>partitus</strong></span> <span class='ocrx_word' id='word_1_824' title='bbox 3166 4066 3267 4110; x_wconf 89' lang='lat' dir='ltr'><strong>est.</strong></span> <span class='ocrx_word' id='word_1_825' title='bbox 3297 4054 3428 4121; x_wconf 85' lang='lat' dir='ltr'><strong>Quia</strong></span> <span class='ocrx_word' id='word_1_826' title='bbox 3457 4053 3598 4106; x_wconf 89' lang='lat' dir='ltr'><strong>enim</strong></span> <span class='ocrx_word' id='word_1_827' title='bbox 3632 4052 3769 4104; x_wconf 89' lang='lat' dir='ltr'><strong>Deus</strong></span> 
     </span>
    </p>
   </div>
   <div class='ocr_carea' id='block_1_105' title="bbox 2204 4142 3773 4227">
    <p class='ocr_par' dir='ltr' id='par_1_105' title="bbox 2204 4142 3773 4227">
     <span class='ocr_line' id='line_1_106' title="bbox 2204 4142 3773 4227; baseline -0.011 -15"><span class='ocrx_word' id='word_1_828' title='bbox 2204 4175 2268 4212; x_wconf 89' lang='lat' dir='ltr'><strong>ex</strong></span> <span class='ocrx_word' id='word_1_829' title='bbox 2292 4156 2543 4227; x_wconf 84' lang='lat' dir='ltr'><strong>Operibus</strong></span> <span class='ocrx_word' id='word_1_830' title='bbox 2567 4155 2676 4208; x_wconf 89' lang='lat' dir='ltr'><strong>suis</strong></span> <span class='ocrx_word' id='word_1_831' title='bbox 2702 4151 2962 4222; x_wconf 89' lang='lat' dir='ltr'><strong>apparuit,</strong></span> <span class='ocrx_word' id='word_1_832' title='bbox 2996 4149 3203 4219; x_wconf 85' lang='lat' dir='ltr'><strong>Moyses</strong></span> <span class='ocrx_word' id='word_1_833' title='bbox 3228 4161 3437 4215; x_wconf 90' lang='lat' dir='ltr'><strong>quoque</strong></span> <span class='ocrx_word' id='word_1_834' title='bbox 3457 4160 3576 4198; x_wconf 89' lang='lat' dir='ltr'><strong>cum</strong></span> <span class='ocrx_word' id='word_1_835' title='bbox 3609 4142 3773 4212; x_wconf 79' lang='lat' dir='ltr'><strong>gloria</strong></span> 
     </span>
    </p>
   </div>
   <div class='ocr_carea' id='block_1_106' title="bbox 2204 4233 3777 4321">
    <p class='ocr_par' dir='ltr' id='par_1_106' title="bbox 2204 4233 3777 4321">
     <span class='ocr_line' id='line_1_107' title="bbox 2204 4233 3777 4321; baseline -0.013 -16"><span class='ocrx_word' id='word_1_836' title='bbox 2204 4252 2303 4321; x_wconf 88' lang='lat' dir='ltr'><strong>ipsi</strong></span> <span class='ocrx_word' id='word_1_837' title='bbox 2349 4249 2543 4304; x_wconf 88' lang='lat' dir='ltr'><strong>collata</strong></span> <span class='ocrx_word' id='word_1_838' title='bbox 2570 4248 2715 4300; x_wconf 88' lang='lat' dir='ltr'><strong>visus</strong></span> <span class='ocrx_word' id='word_1_839' title='bbox 2752 4254 2833 4299; x_wconf 89' lang='lat' dir='ltr'><strong>est</strong></span> <span class='ocrx_word' id='word_1_840' title='bbox 2862 4242 3051 4314; x_wconf 72' lang='lat' dir='ltr'><strong>(Exod.</strong></span> <span class='ocrx_word' id='word_1_841' title='bbox 3083 4241 3173 4295; x_wconf 74' lang='grc'><strong>5-1.</strong></span> <span class='ocrx_word' id='word_1_842' title='bbox 3207 4240 3319 4307; x_wconf 74' lang='lat'><strong>9.9).</strong></span> <span class='ocrx_word' id='word_1_843' title='bbox 3350 4237 3481 4291; x_wconf 91' lang='lat' dir='ltr'><strong>Cum</strong></span> <span class='ocrx_word' id='word_1_844' title='bbox 3520 4236 3661 4290; x_wconf 89' lang='lat' dir='ltr'><strong>enim</strong></span> <span class='ocrx_word' id='word_1_845' title='bbox 3687 4233 3777 4286; x_wconf 91' lang='lat' dir='ltr'><strong>de-</strong></span> 
     </span>
    </p>
   </div>
   <div class='ocr_carea' id='block_1_107' title="bbox 2205 4325 3778 4407">
    <p class='ocr_par' dir='ltr' id='par_1_107' title="bbox 2205 4325 3778 4407">
     <span class='ocr_line' id='line_1_108' title="bbox 2205 4325 3778 4407; baseline -0.014 -10"><span class='ocrx_word' id='word_1_846' title='bbox 2205 4340 2485 4397; x_wconf 87' lang='lat' dir='ltr'><strong>scenderet</strong></span> <span class='ocrx_word' id='word_1_847' title='bbox 2512 4338 2679 4407; x_wconf 84' lang='lat' dir='ltr'><strong>legem</strong></span> <span class='ocrx_word' id='word_1_848' title='bbox 2710 4345 2896 4389; x_wconf 87' lang='lat' dir='ltr'><strong>tenens</strong></span> <span class='ocrx_word' id='word_1_849' title='bbox 2926 4377 2941 4400; x_wconf 89' lang='lat'><strong>,</strong></span> <span class='ocrx_word' id='word_1_850' title='bbox 2970 4349 3037 4387; x_wconf 91' lang='lat' dir='ltr'><strong>ne</strong></span> <span class='ocrx_word' id='word_1_851' title='bbox 3065 4332 3235 4402; x_wconf 90' lang='lat' dir='ltr'><strong>ipsum</strong></span> <span class='ocrx_word' id='word_1_852' title='bbox 3283 4340 3549 4396; x_wconf 87' lang='lat' dir='ltr'><strong>tamquam</strong></span> <span class='ocrx_word' id='word_1_853' title='bbox 3581 4325 3778 4395; x_wconf 86' lang='lat' dir='ltr'><strong>simpli-</strong></span> 
     </span>
    </p>
   </div>
   <div class='ocr_carea' id='block_1_108' title="bbox 2204 4417 3778 4498">
    <p class='ocr_par' dir='ltr' id='par_1_108' title="bbox 2204 4417 3778 4498">
     <span class='ocr_line' id='line_1_109' title="bbox 2204 4417 3778 4498; baseline -0.014 -9"><span class='ocrx_word' id='word_1_854' title='bbox 2204 4450 2320 4489; x_wconf 92' lang='lat' dir='ltr'><strong>cem</strong></span> <span class='ocrx_word' id='word_1_855' title='bbox 2350 4432 2615 4486; x_wconf 89' lang='lat' dir='ltr'><strong>hominem</strong></span> <span class='ocrx_word' id='word_1_856' title='bbox 2646 4428 3010 4498; x_wconf 89' lang='lat' dir='ltr'><strong>respicerent,</strong></span> <span class='ocrx_word' id='word_1_857' title='bbox 3039 4425 3180 4480; x_wconf 90' lang='lat' dir='ltr'><strong>Deus</strong></span> <span class='ocrx_word' id='word_1_858' title='bbox 3209 4422 3321 4492; x_wconf 86' lang='lat' dir='ltr'><strong>ejus</strong></span> <span class='ocrx_word' id='word_1_859' title='bbox 3367 4421 3569 4473; x_wconf 80' lang='lat' dir='ltr'><strong>vultum</strong></span> <span class='ocrx_word' id='word_1_860' title='bbox 3614 4417 3778 4487; x_wconf 88' lang='lat' dir='ltr'><strong>gloria</strong></span> 
     </span>
    </p>
   </div>
   <div class='ocr_carea' id='block_1_109' title="bbox 2206 4511 3779 4597">
    <p class='ocr_par' dir='ltr' id='par_1_109' title="bbox 2206 4511 3779 4597">
     <span class='ocr_line' id='line_1_110' title="bbox 2206 4511 3779 4597; baseline -0.014 -15"><span class='ocrx_word' id='word_1_861' title='bbox 2206 4527 2412 4597; x_wconf 89' lang='lat' dir='ltr'><strong>replet,</strong></span> <span class='ocrx_word' id='word_1_862' title='bbox 2442 4533 2502 4579; x_wconf 88' lang='lat' dir='ltr'><strong>ut</strong></span> <span class='ocrx_word' id='word_1_863' title='bbox 2524 4522 2663 4592; x_wconf 91' lang='lat' dir='ltr'><strong>quod</strong></span> <span class='ocrx_word' id='word_1_864' title='bbox 2709 4536 2773 4574; x_wconf 83' lang='lat' dir='ltr'><strong>ex</strong></span> <span class='ocrx_word' id='word_1_865' title='bbox 2804 4518 3104 4573; x_wconf 87' lang='lat' dir='ltr'><strong>infirmitate</strong></span> <span class='ocrx_word' id='word_1_866' title='bbox 3134 4522 3333 4569; x_wconf 68' lang='lat' dir='ltr'><strong>naturae</strong></span> <span class='ocrx_word' id='word_1_867' title='bbox 3364 4511 3662 4591; x_wconf 86' lang='lat' dir='ltr'><strong>dehciebat,</strong></span> <span class='ocrx_word' id='word_1_868' title='bbox 3688 4523 3779 4577; x_wconf 89' lang='lat' dir='ltr'><strong>per</strong></span> 
     </span>
    </p>
   </div>
   <div class='ocr_carea' id='block_1_110' title="bbox 2206 4587 3779 4690">
    <p class='ocr_par' dir='ltr' id='par_1_110' title="bbox 2206 4587 3779 4690">
     <span class='ocr_line' id='line_1_111' title="bbox 2206 4587 3779 4690; baseline -0.015 -17"><span class='ocrx_word' id='word_1_869' title='bbox 2206 4587 2406 4690; x_wconf 24' lang='lat' dir='ltr'><strong>gratias.</strong></span> <span class='ocrx_word' id='word_1_870' title='bbox 2443 4587 2823 4685; x_wconf 81' lang='lat' dir='ltr'><strong>plenitudinem</strong></span> <span class='ocrx_word' id='word_1_871' title='bbox 2891 4608 3219 4678; x_wconf 90' lang='lat' dir='ltr'><strong>impleretur.</strong></span> <span class='ocrx_word' id='word_1_872' title='bbox 3273 4587 3588 4672; x_wconf 80' lang='lat' dir='ltr'><strong>Cogitabam</strong></span> <span class='ocrx_word' id='word_1_873' title='bbox 3638 4601 3779 4654; x_wconf 87' lang='lat' dir='ltr'><strong>enim</strong></span> 
     </span>
    </p>
   </div>
   <div class='ocr_carea' id='block_1_111' title="bbox 2207 4690 3777 4776">
    <p class='ocr_par' dir='ltr' id='par_1_111' title="bbox 2207 4690 3777 4776">
     <span class='ocr_line' id='line_1_112' title="bbox 2207 4690 3777 4776; baseline -0.014 -12"><span class='ocrx_word' id='word_1_874' title='bbox 2207 4710 2406 4764; x_wconf 85' lang='lat' dir='ltr'><strong>vultum</strong></span> <span class='ocrx_word' id='word_1_875' title='bbox 2433 4706 2600 4776; x_wconf 86' lang='lat' dir='ltr'><strong>gloria</strong></span> <span class='ocrx_word' id='word_1_876' title='bbox 2626 4702 2871 4757; x_wconf 63' lang='lat' dir='ltr'><strong>allectum</strong></span> <span class='ocrx_word' id='word_1_877' title='bbox 2914 4714 3023 4753; x_wconf 88' lang='lat' dir='ltr'><strong>non</strong></span> <span class='ocrx_word' id='word_1_878' title='bbox 3044 4712 3164 4752; x_wconf 88' lang='lat' dir='ltr'><strong>esse</strong></span> <span class='ocrx_word' id='word_1_879' title='bbox 3207 4712 3236 4750; x_wconf 88' lang='lat' dir='ltr'><strong>a</strong></span> <span class='ocrx_word' id='word_1_880' title='bbox 3265 4696 3375 4749; x_wconf 89' lang='lat' dir='ltr'><strong>Deo</strong></span> <span class='ocrx_word' id='word_1_881' title='bbox 3403 4694 3660 4748; x_wconf 88' lang='lat' dir='ltr'><strong>alienum.</strong></span> <span class='ocrx_word' id='word_1_882' title='bbox 3707 4690 3777 4743; x_wconf 90' lang='lat' dir='ltr'><strong>Ita</strong></span> 
     </span>
    </p>
   </div>
   <div class='ocr_carea' id='block_1_112' title="bbox 2206 4783 3782 4870">
    <p class='ocr_par' dir='ltr' id='par_1_112' title="bbox 2206 4783 3782 4870">
     <span class='ocr_line' id='line_1_113' title="bbox 2206 4783 3782 4870; baseline -0.013 -16"><span class='ocrx_word' id='word_1_883' title='bbox 2206 4813 2418 4870; x_wconf 83' lang='lat' dir='ltr'><strong>quoque</strong></span> <span class='ocrx_word' id='word_1_884' title='bbox 2468 4797 2719 4852; x_wconf 85' lang='lat' dir='ltr'><strong>Servator</strong></span> <span class='ocrx_word' id='word_1_885' title='bbox 2758 4793 2963 4845; x_wconf 86' lang='lat' dir='ltr'><strong>vultum</strong></span> <span class='ocrx_word' id='word_1_886' title='bbox 3011 4788 3264 4858; x_wconf 89' lang='lat' dir='ltr'><strong>Stephani</strong></span> <span class='ocrx_word' id='word_1_887' title='bbox 3324 4786 3477 4855; x_wconf 82' lang='lat' dir='ltr'><strong>primi</strong></span> <span class='ocrx_word' id='word_1_888' title='bbox 3534 4783 3782 4853; x_wconf 87' lang='lat' dir='ltr'><strong>martyris</strong></span> 
     </span>
    </p>
   </div>
   <div class='ocr_carea' id='block_1_113' title="bbox 2208 4873 3785 4960">
    <p class='ocr_par' dir='ltr' id='par_1_113' title="bbox 2208 4873 3785 4960">
     <span class='ocr_line' id='line_1_114' title="bbox 2208 4873 3785 4960; baseline -0.015 -15"><span class='ocrx_word' id='word_1_889' title='bbox 2208 4889 2489 4960; x_wconf 84' lang='lat' dir='ltr'><strong>splendere</strong></span> <span class='ocrx_word' id='word_1_890' title='bbox 2512 4886 2739 4939; x_wconf 84' lang='lat' dir='ltr'><strong>curavit.</strong></span> <span class='ocrx_word' id='word_1_891' title='bbox 2762 4883 2866 4937; x_wconf 87' lang='lat' dir='ltr'><strong>Cur</strong></span> <span class='ocrx_word' id='word_1_892' title='bbox 2880 4882 3080 4936; x_wconf 81' lang='lat' dir='ltr'><strong>vultum</strong></span> <span class='ocrx_word' id='word_1_893' title='bbox 3104 4878 3360 4945; x_wconf 85' lang='lat' dir='ltr'><strong>Stephani</strong></span> <span class='ocrx_word' id='word_1_894' title='bbox 3387 4873 3669 4946; x_wconf 91' lang='lat' dir='ltr'><strong>splendere</strong></span> <span class='ocrx_word' id='word_1_895' title='bbox 3698 4887 3785 4926; x_wconf 86' lang='lat' dir='ltr'><strong>eu-</strong></span> 
     </span>
    </p>
   </div>
   <div class='ocr_carea' id='block_1_114' title="bbox 2208 4970 3753 5049">
    <p class='ocr_par' dir='ltr' id='par_1_114' title="bbox 2208 4970 3753 5049">
     <span class='ocr_line' id='line_1_115' title="bbox 2208 4970 3753 5049; baseline -0.011 -9"><span class='ocrx_word' id='word_1_896' title='bbox 2208 4985 2386 5041; x_wconf 85' lang='lat' dir='ltr'><strong>ravit?</strong></span> <span class='ocrx_word' id='word_1_897' title='bbox 2411 4982 2542 5049; x_wconf 88' lang='lat' dir='ltr'><strong>Quia</strong></span> <span class='ocrx_word' id='word_1_898' title='bbox 2578 4990 2632 5036; x_wconf 95' lang='lat' dir='ltr'><strong>ut</strong></span> <span class='ocrx_word' id='word_1_899' title='bbox 2661 4978 3002 5048; x_wconf 81' lang='lat' dir='ltr'><strong>blaSphemus</strong></span> <span class='ocrx_word' id='word_1_900' title='bbox 3030 4973 3343 5045; x_wconf 88' lang='lat' dir='ltr'><strong>lapidandus</strong></span> <span class='ocrx_word' id='word_1_901' title='bbox 3371 4983 3486 5027; x_wconf 89' lang='lat' dir='ltr'><strong>erat</strong></span> <span class='ocrx_word' id='word_1_902' title='bbox 3507 5012 3522 5036; x_wconf 92' lang='lat'><strong>,</strong></span> <span class='ocrx_word' id='word_1_903' title='bbox 3555 4986 3678 5026; x_wconf 88' lang='lat' dir='ltr'><strong>cum</strong></span> <span class='ocrx_word' id='word_1_904' title='bbox 3704 4970 3753 5023; x_wconf 89' lang='lat' dir='ltr'><strong>di</strong></span> 
     </span>
    </p>
   </div>
   <div class='ocr_carea' id='block_1_115' title="bbox 2208 5065 3780 5140">
    <p class='ocr_par' dir='ltr' id='par_1_115' title="bbox 2208 5065 3780 5140">
     <span class='ocr_line' id='line_1_116' title="bbox 2208 5065 3780 5140; baseline -0.011 -8"><span class='ocrx_word' id='word_1_905' title='bbox 2208 5086 2373 5140; x_wconf 88' lang='lat' dir='ltr'><strong>ceret,</strong></span> <span class='ocrx_word' id='word_1_906' title='bbox 2410 5073 2567 5127; x_wconf 82' lang='lat' dir='ltr'><strong>Video</strong></span> <span class='ocrx_word' id='word_1_907' title='bbox 2589 5072 2736 5126; x_wconf 71' lang='lat' dir='ltr'><strong>cazlos</strong></span> <span class='ocrx_word' id='word_1_908' title='bbox 2759 5080 2980 5139; x_wconf 84' lang='lat' dir='ltr'><strong>apertos,</strong></span> <span class='ocrx_word' id='word_1_909' title='bbox 3028 5078 3071 5121; x_wconf 88' lang='lat' dir='ltr'><strong>et</strong></span> <span class='ocrx_word' id='word_1_910' title='bbox 3101 5066 3295 5122; x_wconf 86' lang='lat' dir='ltr'><strong>Filium</strong></span> <span class='ocrx_word' id='word_1_911' title='bbox 3318 5065 3537 5119; x_wconf 86' lang='lat' dir='ltr'><strong>hominis</strong></span> <span class='ocrx_word' id='word_1_912' title='bbox 3564 5072 3780 5118; x_wconf 83' lang='lat' dir='ltr'><strong>stantem</strong></span> 
     </span>
    </p>
   </div>
   <div class='ocr_carea' id='block_1_116' title="bbox 2210 5159 3785 5238">
    <p class='ocr_par' dir='ltr' id='par_1_116' title="bbox 2210 5159 3785 5238">
     <span class='ocr_line' id='line_1_117' title="bbox 2210 5159 3785 5238; baseline -0.009 -14"><span class='ocrx_word' id='word_1_913' title='bbox 2210 5189 2242 5224; x_wconf 89' lang='lat' dir='ltr'><strong>a</strong></span> <span class='ocrx_word' id='word_1_914' title='bbox 2275 5170 2463 5225; x_wconf 76' lang='lat' dir='ltr'><strong>dextris</strong></span> <span class='ocrx_word' id='word_1_915' title='bbox 2490 5168 2586 5221; x_wconf 87' lang='lat' dir='ltr'><strong>Dei</strong></span> <span class='ocrx_word' id='word_1_916' title='bbox 2637 5166 2773 5238; x_wconf 82' lang='lat' dir='ltr'><strong>(Act.</strong></span> <span class='ocrx_word' id='word_1_917' title='bbox 2803 5166 2854 5218; x_wconf 73' lang='lat'><strong>7.</strong></span> <span class='ocrx_word' id='word_1_918' title='bbox 2893 5163 2962 5219; x_wconf 83' lang='grc'><strong>55</strong></span> <span class='ocrx_word' id='word_1_919' title='bbox 2986 5164 3042 5233; x_wconf 85' lang='grc'><strong>);</strong></span> <span class='ocrx_word' id='word_1_920' title='bbox 3072 5170 3412 5216; x_wconf 83' lang='lat' dir='ltr'><strong>antevertens</strong></span> <span class='ocrx_word' id='word_1_921' title='bbox 3458 5159 3597 5213; x_wconf 91' lang='lat' dir='ltr'><strong>Deus</strong></span> <span class='ocrx_word' id='word_1_922' title='bbox 3626 5172 3785 5226; x_wconf 81' lang='lat' dir='ltr'><strong>ange-</strong></span> 
     </span>
    </p>
   </div>
   <div class='ocr_carea' id='block_1_117' title="bbox 2215 5248 3787 5323">
    <p class='ocr_par' dir='ltr' id='par_1_117' title="bbox 2215 5248 3787 5323">
     <span class='ocr_line' id='line_1_118' title="bbox 2215 5248 3787 5323; baseline -0.011 -8"><span class='ocrx_word' id='word_1_923' title='bbox 2215 5264 2311 5316; x_wconf 89' lang='lat' dir='ltr'><strong>lica</strong></span> <span class='ocrx_word' id='word_1_924' title='bbox 2343 5260 2508 5314; x_wconf 91' lang='lat' dir='ltr'><strong>forma</strong></span> <span class='ocrx_word' id='word_1_925' title='bbox 2564 5258 2753 5311; x_wconf 89' lang='lat' dir='ltr'><strong>faciem</strong></span> <span class='ocrx_word' id='word_1_926' title='bbox 2784 5256 2900 5323; x_wconf 90' lang='lat' dir='ltr'><strong>ejus</strong></span> <span class='ocrx_word' id='word_1_927' title='bbox 2939 5252 3246 5316; x_wconf 88' lang='lat' dir='ltr'><strong>coronavit;</strong></span> <span class='ocrx_word' id='word_1_928' title='bbox 3288 5259 3347 5304; x_wconf 90' lang='lat' dir='ltr'><strong>ut</strong></span> <span class='ocrx_word' id='word_1_929' title='bbox 3374 5248 3597 5318; x_wconf 87' lang='lat' dir='ltr'><strong>ingratis</strong></span> <span class='ocrx_word' id='word_1_930' title='bbox 3635 5261 3787 5301; x_wconf 89' lang='lat' dir='ltr'><strong>mon-</strong></span> 
     </span>
    </p>
   </div>
   <div class='ocr_carea' id='block_1_118' title="bbox 2212 5339 3784 5421">
    <p class='ocr_par' dir='ltr' id='par_1_118' title="bbox 2212 5339 3784 5421">
     <span class='ocr_line' id='line_1_119' title="bbox 2212 5339 3784 5421; baseline -0.012 -12"><span class='ocrx_word' id='word_1_931' title='bbox 2212 5364 2423 5417; x_wconf 87' lang='lat' dir='ltr'><strong>straret,</strong></span> <span class='ocrx_word' id='word_1_932' title='bbox 2453 5368 2557 5406; x_wconf 90' lang='lat' dir='ltr'><strong>non</strong></span> <span class='ocrx_word' id='word_1_933' title='bbox 2601 5351 2766 5421; x_wconf 84' lang='lat' dir='ltr'><strong>gloria</strong></span> <span class='ocrx_word' id='word_1_934' title='bbox 2795 5346 3127 5402; x_wconf 89' lang='lat' dir='ltr'><strong>afficiendum</strong></span> <span class='ocrx_word' id='word_1_935' title='bbox 3180 5343 3292 5398; x_wconf 86' lang='lat' dir='ltr'><strong>fore</strong></span> <span class='ocrx_word' id='word_1_936' title='bbox 3312 5385 3326 5409; x_wconf 93' lang='lat'><strong>,</strong></span> <span class='ocrx_word' id='word_1_937' title='bbox 3356 5342 3399 5397; x_wconf 92' lang='lat' dir='ltr'><strong>si</strong></span> <span class='ocrx_word' id='word_1_938' title='bbox 3443 5339 3784 5410; x_wconf 88' lang='lat' dir='ltr'><strong>blasphemus</strong></span> 
     </span>
    </p>
   </div>
   <div class='ocr_carea' id='block_1_119' title="bbox 2211 5433 3786 5511">
    <p class='ocr_par' dir='ltr' id='par_1_119' title="bbox 2211 5433 3786 5511">
     <span class='ocr_line' id='line_1_120' title="bbox 2211 5433 3786 5511; baseline -0.011 -10"><span class='ocrx_word' id='word_1_939' title='bbox 2211 5456 2373 5501; x_wconf 89' lang='lat' dir='ltr'><strong>esset.</strong></span> <span class='ocrx_word' id='word_1_940' title='bbox 2421 5444 2546 5499; x_wconf 83' lang='lat' dir='ltr'><strong>Heri</strong></span> <span class='ocrx_word' id='word_1_941' title='bbox 2593 5458 2721 5511; x_wconf 90' lang='lat' dir='ltr'><strong>ergo</strong></span> <span class='ocrx_word' id='word_1_942' title='bbox 2750 5442 2978 5495; x_wconf 89' lang='lat' dir='ltr'><strong>diximus</strong></span> <span class='ocrx_word' id='word_1_943' title='bbox 3020 5438 3184 5491; x_wconf 91' lang='lat' dir='ltr'><strong>Deum</strong></span> <span class='ocrx_word' id='word_1_944' title='bbox 3229 5435 3401 5505; x_wconf 89' lang='lat' dir='ltr'><strong>primo</strong></span> <span class='ocrx_word' id='word_1_945' title='bbox 3446 5433 3534 5487; x_wconf 90' lang='lat' dir='ltr'><strong>die</strong></span> <span class='ocrx_word' id='word_1_946' title='bbox 3582 5447 3648 5486; x_wconf 85' lang='lat' dir='ltr'><strong>ex</strong></span> <span class='ocrx_word' id='word_1_947' title='bbox 3678 5444 3786 5484; x_wconf 85' lang='lat' dir='ltr'><strong>non</strong></span> 
     </span>
    </p>
   </div>
   <div class='ocr_carea' id='block_1_120' title="bbox 2212 5520 3782 5596">
    <p class='ocr_par' dir='ltr' id='par_1_120' title="bbox 2212 5520 3782 5596">
     <span class='ocr_line' id='line_1_121' title="bbox 2212 5520 3782 5596; baseline -0.012 -5"><span class='ocrx_word' id='word_1_948' title='bbox 2212 5520 2542 5592; x_wconf 86' lang='lat' dir='ltr'><strong>exstantibus</strong></span> <span class='ocrx_word' id='word_1_949' title='bbox 2592 5533 2784 5589; x_wconf 91' lang='lat' dir='ltr'><strong>fecisse</strong></span> <span class='ocrx_word' id='word_1_950' title='bbox 2848 5532 3045 5586; x_wconf 89' lang='lat' dir='ltr'><strong>omnia.</strong></span> <span class='ocrx_word' id='word_1_951' title='bbox 3100 5527 3355 5596; x_wconf 89' lang='lat' dir='ltr'><strong>Quodque</strong></span> <span class='ocrx_word' id='word_1_952' title='bbox 3422 5525 3612 5579; x_wconf 91' lang='lat' dir='ltr'><strong>mirum</strong></span> <span class='ocrx_word' id='word_1_953' title='bbox 3667 5529 3782 5583; x_wconf 88' lang='lat' dir='ltr'><strong>est,</strong></span> 
     </span>
    </p>
   </div>
   <div class='ocr_carea' id='block_1_121' title="bbox 2213 5614 3783 5698">
    <p class='ocr_par' dir='ltr' id='par_1_121' title="bbox 2213 5614 3783 5698">
     <span class='ocr_line' id='line_1_122' title="bbox 2213 5614 3783 5698; baseline -0.01 -16"><span class='ocrx_word' id='word_1_954' title='bbox 2213 5642 2373 5698; x_wconf 88' lang='lat' dir='ltr'><strong>opera</strong></span> <span class='ocrx_word' id='word_1_955' title='bbox 2396 5643 2500 5693; x_wconf 86' lang='lat' dir='ltr'><strong>non</strong></span> <span class='ocrx_word' id='word_1_956' title='bbox 2522 5625 2681 5679; x_wconf 90' lang='lat' dir='ltr'><strong>modo</strong></span> <span class='ocrx_word' id='word_1_957' title='bbox 2706 5626 3031 5679; x_wconf 87' lang='lat' dir='ltr'><strong>creationem</strong></span> <span class='ocrx_word' id='word_1_958' title='bbox 3055 5621 3146 5675; x_wconf 91' lang='lat' dir='ltr'><strong>Dei</strong></span> <span class='ocrx_word' id='word_1_959' title='bbox 3166 5619 3471 5681; x_wconf 87' lang='lat' dir='ltr'><strong>ostendunt,</strong></span> <span class='ocrx_word' id='word_1_960' title='bbox 3500 5619 3596 5670; x_wconf 88' lang='lat' dir='ltr'><strong>sed</strong></span> <span class='ocrx_word' id='word_1_961' title='bbox 3622 5614 3783 5669; x_wconf 86' lang='lat' dir='ltr'><strong>etiam</strong></span> 
     </span>
    </p>
   </div>
   <div class='ocr_carea' id='block_1_122' title="bbox 2214 5710 3779 5787">
    <p class='ocr_par' dir='ltr' id='par_1_122' title="bbox 2214 5710 3779 5787">
     <span class='ocr_line' id='line_1_123' title="bbox 2214 5710 3779 5787; baseline -0.01 -13"><span class='ocrx_word' id='word_1_962' title='bbox 2214 5719 2588 5774; x_wconf 65' lang='lat' dir='ltr'><strong>hazreticorum</strong></span> <span class='ocrx_word' id='word_1_963' title='bbox 2608 5718 2926 5787; x_wconf 89' lang='lat' dir='ltr'><strong>impietatem</strong></span> <span class='ocrx_word' id='word_1_964' title='bbox 2956 5720 3267 5782; x_wconf 81' lang='lat' dir='ltr'><strong>coarguunt.</strong></span> <span class='ocrx_word' id='word_1_965' title='bbox 3294 5710 3488 5777; x_wconf 63' lang='lat' dir='ltr'><strong>Quaero</strong></span> <span class='ocrx_word' id='word_1_966' title='bbox 3530 5719 3779 5775; x_wconf 84' lang='lat' dir='ltr'><strong>namque,</strong></span> 
     </span>
    </p>
   </div>
   <div class='ocr_carea' id='block_1_123' title="bbox 2216 5792 3780 5881">
    <p class='ocr_par' dir='ltr' id='par_1_123' title="bbox 2216 5792 3780 5881">
     <span class='ocr_line' id='line_1_124' title="bbox 2216 5792 3780 5881; baseline -0.012 -14"><span class='ocrx_word' id='word_1_967' title='bbox 2216 5809 2480 5881; x_wconf 80' lang='lat' dir='ltr'><strong>quomodo</strong></span> <span class='ocrx_word' id='word_1_968' title='bbox 2515 5807 2651 5864; x_wconf 81' lang='lat' dir='ltr'><strong>facta</strong></span> <span class='ocrx_word' id='word_1_969' title='bbox 2692 5816 2814 5864; x_wconf 83' lang='lat' dir='ltr'><strong>sunt</strong></span> <span class='ocrx_word' id='word_1_970' title='bbox 2840 5822 2903 5862; x_wconf 86' lang='lat' dir='ltr'><strong>ea</strong></span> <span class='ocrx_word' id='word_1_971' title='bbox 2927 5820 3044 5877; x_wconf 82' lang='lat' dir='ltr'><strong>quae</strong></span> <span class='ocrx_word' id='word_1_972' title='bbox 3073 5817 3179 5859; x_wconf 87' lang='lat' dir='ltr'><strong>non</strong></span> <span class='ocrx_word' id='word_1_973' title='bbox 3212 5809 3380 5866; x_wconf 82' lang='lat' dir='ltr'><strong>erant,</strong></span> <span class='ocrx_word' id='word_1_974' title='bbox 3411 5798 3535 5868; x_wconf 87' lang='lat' dir='ltr'><strong>quia</strong></span> <span class='ocrx_word' id='word_1_975' title='bbox 3585 5795 3684 5866; x_wconf 77' lang='lat' dir='ltr'><strong>ipsi</strong></span> <span class='ocrx_word' id='word_1_976' title='bbox 3710 5792 3780 5848; x_wconf 77' lang='lat' dir='ltr'><strong>de</strong></span> 
     </span>
    </p>
   </div>
  </div>
