4044 6306
298 374 405 430 430

294 490 808 566 πρύνων.Βούλεται
828 491 883 543 δὲ
911 492 1055 561 ἡμᾶς
1080 491 1107 542 6
1134 490 1228 543 τοῦ
1258 490 1393 543 Θεοῦ
1422 490 1576 557 λόγος
1593 484 1875 557 λαμπροὺς

297 574 397 645 μὲν
424 570 563 627 εἶναι
597 575 737 629 κατὰ
757 575 853 644 τὴν
883 574 1243 641 ἀποστολικὴν
1273 573 1508 627 διάθεσιν
1530 582 1547 601 ⁸
1573 571 1668 640 τὴν
1687 570 1878 635 λέγου*

295 674 429 709 σαν·
463 657 599 711 Ἵνα
651 653 755 725 ἦτε
808 657 888 720 ὡς
941 655 1254 724 φωστῆρες
1306 656 1377 709 ἐν
1424 657 1651 723 κόσμῳ,
1693 653 1880 720 λόγον

294 739 449 807 ζωῆς
469 740 811 808 ἐπέχοντες.
860 739 989 792 Ἰδοὺ
1018 742 1050 809 ἡ
1084 740 1421 811 λαμπρότης.
1449 738 1704 791 Βούλεται
1733 735 1878 804 ἡμᾶς

293 818 433 873 εἶναι
460 822 546 891 ’μὴ
585 821 833 890 ἀμϐλεῖς,
886 821 1001 873 ἀλλ’
1040 822 1179 886 ὀξεῖς
1202 838 1216 852 ·
1271 820 1402 873 Ζών
1442 820 1571 889 γὰρ,
1626 816 1810 886 φησὶν.
1846 817 1879 867 ό

289 906 476 972 λόγος
494 902 598 957 τοῦ
632 903 800 968 Θεοῦ,
833 903 929 955 καὶ
958 904 1227 971 ἐνεργὴς,
1265 902 1362 955 καὶ
1384 902 1707 971 τομώτερος
1729 896 1877 963 ὑπὲρ

293 985 506 1041 πᾶσαν
527 985 828 1056 μάχαιραν
867 988 1173 1055 δίστομον.
1221 985 1477 1039 Βούλεται
1513 985 1659 1055 ἡμᾶς
1690 983 1879 1052 παχεῖς

296 1069 373 1141 μὴ
418 1064 577 1134 εἶναι,
615 1069 748 1123 ἀλλὰ
782 1069 1064 1123 λεπτύνειν
1094 1070 1192 1140 τὴν
1231 1070 1468 1123 διάνοιαν
1487 1072 1597 1132 τοῖς
1623 1068 1875 1136 νοήμασι.

296 1144 469 1207 Ὅπου
518 1154 626 1224 γὰρ
679 1153 948 1225 παχύτης,
974 1153 1232 1225 ἀλλοτρία
1262 1152 1398 1206 Θεοῦ
1434 1152 1592 1221 λόγου
1613 1168 1626 1180 ·
1659 1150 1791 1203 ὅπου
1821 1146 1877 1200 δὲ

293 1235 637 1309 λεπτομερὴς
671 1237 906 1300 διάνοια,
935 1237 1109 1291 οἰκεία
1154 1236 1288 1290 Θεοῦ
1339 1236 1525 1306 νόμου.
1575 1234 1675 1287 Διά
1721 1230 1878 1285 τοῦτο

294 1320 425 1388 περὶ
457 1320 567 1373 τῶν
599 1319 917 1390 παχυτέρων
958 1320 1105 1388 λέγει
1148 1322 1182 1391 ἡ
1234 1320 1455 1391 Γραφή·
1501 1318 1611 1372 Καὶ
1658 1316 1879 1385 ἔφαγεν

306 1401 535 1466 Ἰακὼϐ,
587 1402 686 1455 καὶ
736 1403 1115 1472 ἐνεπλήσθη,
1167 1402 1457 1468 ἐλιπάνθη
1480 1440 1494 1463 ,
1547 1399 1877 1466 ἐπαχύνθη.

293 1483 643 1553 ἐπλατύνθη
669 1505 683 1516 ·
712 1485 1068 1555 ἐγκατέλιπε
1097 1487 1245 1539 Θεὸν
1270 1485 1377 1539 τὸν
1400 1483 1740 1549 ποιήσαντα
1777 1481 1880 1534 af)-

292 1569 420 1623 τόν.
437 1568 572 1642 Φέρε
592 1568 769 1621 τοίνυν
792 1568 885 1622 καὶ
913 1568 1071 1639 ἡμῶν
1091 1569 1120 1621 6
1148 1568 1288 1631 θεῖος
1307 1566 1460 1635 λόγος
1477 1562 1878 1633 καταλαμπέτω

290 1650 395 1720 τὴν
415 1652 671 1715 διάνοιαν,
686 1652 781 1704 καὶ
803 1651 1034 1722 μάλιστα
1058 1652 1157 1722 τῆς
1186 1651 1347 1718 ἁγίας
1372 1652 1574 1720 ταύτης
1592 1645 1878 1718 προκειμέ-

293 1756 392 1809 νης
408 1736 681 1806 νηστείας,
698 1737 731 1805 ἢ
748 1734 1081 1791 λεπτύνειτά
1103 1734 1329 1805 σώματα
1356 1737 1448 1788 καὶ
1462 1733 1639 1801 ὀξύνει
1658 1732 1726 1785 τὰ
1741 1748 1875 1802 φρο-

290 1824 535 1891 νήματα.
565 1819 721 1871 Ἐστι
749 1820 855 1890 γὰρ
875 1821 968 1873 καὶ
987 1818 1206 1889 νηστεία
1238 1818 1437 1881 παντὸς
1461 1814 1731 1886 ἀγιασμοῦ
1760 1831 1878 1885 τρο-

292 1905 412 1972 φὸς,
442 1903 537 1955 καὶ
571 1904 753 1973 μήτηρ
796 1901 1048 1964 εὐσεϐοῦς
1080 1900 1335 1965 διανοίας.
1381 1901 1455 1953 06
1487 1900 1727 1971 ζητεῖται
1758 1896 1875 1960 πῶς

223 1996 228 2003 ’
290 1985 679 2056 νηστεύσωμεν
704 1984 879 2053 μόνον,
903 1984 1039 2037 ἀλλά
1063 1984 1179 2047 πῶς
1205 1983 1442 2047 εὐσεϐῶς
1469 1980 1873 2053 νηστεύσωμεν.

292 2069 485 2124 Πολλοὶ
514 2068 609 2121 καὶ
636 2066 723 2119 διὰ
751 2066 1012 2137 δημοσίας
1028 2067 1212 2137 χρείας
1232 2066 1570 2137 πραγμάτων
1586 2065 1877 2136 νηστεύου-

292 2170 398 2212 σιν,
432 2151 548 2204 ἀλλ’
576 2151 636 2203 ού
660 2150 928 2218 λογίζεται
948 2150 1131 2213 αὐτοῖς
1150 2152 1230 2213 είς
1250 2150 1523 2221 νηστείαν.
1540 2149 1599 2203 Ὀ
1613 2149 1721 2218 γὰρ
1754 2163 1877 2200 σκο-

290 2236 392 2297 πὸς
424 2234 667 2303 κρίνεται
689 2271 704 2297 ,
728 2232 826 2302 οὐχ
858 2234 1118 2303 ήάνάγκη
1156 2232 1531 2300 στεφανοῦται.
1560 2231 1714 2285 Μετὰ
1741 2229 1875 2283 ταύ-

289 2334 388 2385 της
404 2317 502 2386 τῆς
518 2317 587 2383 ἀγ
598 2314 890 2387 ιοπρεποῦς
910 2315 1296 2379 καταστάσεως
1310 2318 1339 2368 6
1353 2316 1621 2385 μακάριος
1636 2315 1770 2367 Μωῦ
1778 2314 1876 2383 σῆς

288 2403 379 2451 ττιν
404 2401 567 2469 νόμον
600 2398 913 2453 ἐπαιδεύετο
932 2400 991 2455 ἐν
1017 2398 1094 2469 τῷ
1119 2400 1256 2471 ϐρει,
1274 2402 1369 2453 καὶ
1387 2401 1486 2471 τὴν
1516 2398 1875 2470 δημιουργίαν

292 2484 629 2543 ὲδιδάσκετο.
656 2484 884 2556 Εἴρηται
909 2483 1089 2539 τοίνυν
1117 2486 1248 2556 ἡμῖν
1266 2488 1332 2556 τῇ
1354 2485 1481 2554 χθὲς
1500 2484 1703 2555 ἡμέρᾳ,
1739 2483 1820 2536 ὅτι
1846 2484 1875 2535 6

290 2568 423 2632 Θεὸς
446 2569 655 2640 μέλλων
679 2568 877 2623 διδόναι
899 2567 991 2621 τὸν
1015 2568 1178 2639 νόμον
1194 2569 1283 2622 διά
1299 2568 1595 2631 Μωῦσέως,
1612 2567 1874 2638 πρότερον

293 2651 493 2727 ἔδειξεν
514 2650 706 2715 ἑαυτὸν
730 2651 1079 2727 δημιουργὸν,
1106 2652 1203 2706 καὶ
1233 2653 1353 2705 τότε
1382 2650 1693 2722 νομοθέτην.
1719 2648 1871 2721 [446]

292 2724 467 2789 Πόθεν
490 2734 753 2803 ⁴ὴδύναντο
767 2736 817 2787 οί
834 2724 1077 2795 Ἰουδαῖοι¹
1088 2733 1393 2802 πιστεῦσαι,
1408 2735 1488 2788 ὅτι
1508 2735 1536 2787 6
1550 2734 1679 2797 Θεὸς
1697 2733 1875 2802 ἐποίη-

296 2835 356 2870 σε
387 2817 478 2870 τὸν
498 2817 725 2889 οὐρανὸν
744 2817 837 2870 καὶ
868 2819 967 2890 τὴν
994 2819 1096 2889 γῆν
1112 2819 1205 2872 καὶ
1233 2819 1407 2871 πάντα
1432 2818 1500 2870 τὰ
1524 2820 1578 2870 ἐν
1599 2819 1797 2881 αὐτοῖς,
1824 2819 1872 2869 εἰ

298 2899 376 2971 μὴ
396 2900 611 2971 πρῶτον
626 2901 847 2970 ἐποίησε
870 2901 937 2953 τὰ
956 2900 1210 2971 θαύματα
1224 2903 1281 2954 ἐν
1299 2901 1577 2971 Αἰγύπτῳ,
1595 2898 1875 2952 δεικνύντα

296 2974 462 3036 ἀύτὸν
490 2974 815 3054 δημιουργὸν
834 2983 935 3053 τῆς
963 2984 1317 3054 οίκουμένης;
1344 2984 1531 3053 Ἡμεῖς
1554 2983 1874 3053 διδάσκομεν

296 3063 391 3116 ἵνα
438 3063 740 3132 πείσωμεν·
773 3064 801 3115 6
847 3062 980 3126 Θεὸς
1024 3063 1201 3115 πείθει
1254 3064 1342 3117 ἵνα
1398 3060 1603 3137 διδάξῃ.
1658 3061 1873 3134 Ἐπειδὴ

295 3144 494 3214 ἔμελλε
535 3144 764 3216 Μωῦσῆς
812 3145 1131 3209 ἐκτίθεσθαι
1177 3146 1274 3199 καὶ
1322 3147 1534 3214 λέγειν,
1563 3147 1643 3199 ὅτι
1685 3148 1714 3198 6
1742 3145 1874 3208 Θεὸς

293 3230 523 3299 ἐποίησε
546 3228 636 3282 τὸν
672 3229 919 3299 οὐρανὸν,
944 3231 1039 3284 καὶ
1060 3231 1157 3302 τὴν
1185 3232 1311 3302 γῆν,
1335 3233 1429 3285 καὶ
1454 3231 1551 3302 τὴν
1578 3230 1871 3293 Θάλασσαν,

294 3315 389 3368 καὶ
411 3312 587 3366 πάντα
640 3312 708 3365 τὰ
760 3315 817 3366 ἐν
845 3315 1048 3377 αὐτοῖς,
1093 3316 1140 3367 εί
1181 3315 1256 3385 μὴ
1292 3314 1507 3382 πρῶτον
1553 3315 1776 3384 ἐποίησε
1806 3313 1874 3369 τὰ

295 3396 547 3467 θαύματα
580 3399 637 3449 ἐν
667 3397 947 3467 Αἰγύπτῳ,
977 3399 1071 3450 καὶ
1114 3398 1327 3462 ἔδειξεν,
1360 3400 1440 3451 ’ότι
1493 3397 1711 3450 πάντων
1756 3397 1873 3451 ἐστὶ

293 3483 400 3537 τῶν
456 3481 771 3551 κτισμάτων
824 3482 1175 3553 δημιουργὸς,
1220 3482 1321 3536 οὐκ
1364 3481 1430 3535 ἂν
1485 3480 1802 3535 ἐπίστευσεν
1844 3483 1874 3534 6

295 3568 442 3629 λαὸς,
462 3568 544 3619 ὅτι
568 3568 597 3617 6
629 3565 763 3630 Θεὸς
796 3566 1016 3636 ἐποίησε
1046 3566 1137 3619 τὸν
1164 3566 1389 3638 οὐρανὸν
1410 3565 1629 3636 καὶτὴν
1665 3566 1790 3636 γῆν.
1809 3566 1873 3619 El

298 3652 373 3721 μὴ
394 3650 630 3716 ἐξέτεινε
660 3648 874 3720 πρῶτον
904 3649 1143 3720 Μωῦσῆς
1172 3650 1267 3714 τὰς
1294 3653 1480 3721 χεῖρας
1506 3650 1585 3713 είς
1606 3650 1695 3703 τὸν
1718 3650 1875 3721 οὐραη

295 3735 404 3798 νὸν,
439 3732 535 3787 καὶ
573 3733 875 3802 κατήνεγκε
903 3732 1142 3802 χάλαζαν
1172 3735 1265 3787 καὶ
1297 3736 1428 3805 πῦρ,
1463 3735 1556 3787 καὶ
1591 3732 1793 3804 ἔμαθον
1822 3735 1871 3785 οί

293 3818 409 3882 λαοὶ
440 3816 530 3870 διὰ
560 3815 655 3869 τοῦ
697 3815 888 3869 πιστοῦ
942 3816 1286 3886 θεράποντος,
1317 3818 1398 3871 ὄτι
1442 3817 1578 3888 αὕτη
1620 3819 1653 3888 ή
1704 3817 1872 3889 θνητὴ

291 3902 440 3968 δεξιά
472 3901 615 3971 λόγῳ
643 3898 777 3953 Θεοῦ
813 3899 1114 3970 κινηθεῖσα,
1134 3900 1226 3954 τὸν
1260 3901 1487 3972 οὐρανὸν
1520 3900 1749 3974 ἐτάραξε
1779 3902 1873 3953 καὶ

293 3985 390 4055 τὴν
409 3984 772 4054 δημιουργίαν
798 3982 1028 4036 ἐθόλωσε
1047 4001 1063 4015 ·
1116 3984 1297 4054 πολλῷ
1323 3984 1521 4053 μᾶλλον
1546 3987 1580 4053 ή
1613 3984 1706 4037 τοῦ
1736 3981 1870 4037 Θεοῦ

293 4068 653 4130 κελεύσαντος
681 4066 829 4132 δεξιά
844 4066 1049 4137 ἤδρασε
1066 4067 1157 4121 τὸν
1182 4069 1409 4138 οὐρανὸν
1433 4069 1528 4122 καὶ
1543 4067 1870 4139 ἐθεμελίωσε

290 4153 391 4222 τὴν
444 4154 568 4221 γῆν.
630 4149 815 4213 Οὐδεὶς
852 4151 961 4222 γάρ
1020 4154 1165 4211 κινεῖ
1219 4152 1604 4223 δημιουργίαν.
1659 4153 1726 4224 ἢν
1772 4151 1873 4204 οὐκ

290 4238 569 4307 ἐποίησεν.
613 4235 760 4287 Ἔδει
778 4234 956 4287 τοίνυν
988 4235 1287 4305 δειχθῆναι,
1306 4238 1390 4290 ὅτι
1423 4240 1451 4289 6
1481 4238 1612 4301 Θεὸς
1642 4237 1869 4315 ἐποίησε

288 4322 390 4390 τὴν
415 4322 541 4391 γῆν·
567 4318 801 4384 ἐξέτεινε
826 4319 1066 4389 Μωῦσῆς
1084 4320 1180 4393 τὴν
1208 4324 1367 4392 χεῖρα
1396 4323 1475 4383 εἰς
1504 4322 1602 4391 τὴν
1620 4324 1743 4392 γῆν,
1777 4320 1872 4375 καὶ

290 4405 517 4474 ἐξῆλθον
570 4407 812 4467 σκνῖπες.
844 4404 990 4455 Ἔδει
1020 4403 1180 4457 πάλιν
1211 4405 1505 4475 δειχθῆναι,
1540 4407 1620 4459 ὅτι
1670 4407 1698 4457 6
1741 4404 1872 4469 Θεὸς

290 4489 515 4558 ἐποίησε
538 4486 600 4539 τὸ
625 4485 769 4556 πῦρ·
812 4486 971 4538 ἔλαϐε
1016 4486 1257 4557 Μωῦσῆς
1289 4488 1515 4559 αίθάλην
1559 4490 1869 4558 καμιναίας,

291 4572 386 4635 καὶ
422 4570 593 4623 ἔπασε
628 4566 773 4639 (sic),
820 4570 911 4622 καὶ
938 4568 1221 4642 ἐπλήρωσε
1250 4570 1319 4623 τὰ
1367 4570 1592 4642 σώματα
1618 4572 1726 4624 τῶν
1774 4574 1871 4625 Al-

288 4654 537 4724 γυπτίων
568 4652 738 4706 ἑλκῶν
768 4653 961 4722 φλογὸς
997 4652 1152 4724 δίκην
1189 4652 1437 4717 ζεόντων.
1478 4655 1624 4709 Ἔδει
1661 4655 1872 4726 δειχθῆ-

292 4757 406 4803 ναι,
440 4738 523 4790 ὅτι
550 4738 578 4789 6
599 4737 733 4799 Θεὸς
764 4736 824 4788 τὸ
844 4735 985 4809 ὓδωρ
1015 4736 1271 4807 ἐποίησε·
1307 4736 1609 4808 μετεϐλήθη
1641 4737 1702 4790 τὸ
1729 4737 1871 4809 ’ὕδωρ

292 4824 372 4885 εἰς
406 4815 735 4891 αἷμα.οἜδει
758 4818 1055 4889 δειχθῆναι,
1092 4819 1175 4872 ὅτι
1213 4820 1435 4890 ἐποίησε
1457 4820 1555 4891 τὴν
1577 4820 1868 4874 θάλασσαν·

292 4902 582 4973 ἐπετρώθη
599 4902 628 4942 1³
654 4904 689 4973 ἡ
710 4901 974 4967 θάλασσα,
997 4902 1091 4955 καὶ
1108 4902 1381 4972 παρῆλθεν
1408 4904 1436 4954 6
1468 4902 1615 4967 λαός.
1651 4903 1887 4975 Πρῶτον.

288 4983 384 5041 οὖν
414 4985 585 5051 ἔδειξε
638 4986 727 5038 διὰ
767 4986 876 5039 τῶν
922 4986 1121 5056 ἔργων,
1151 4987 1232 5039 ὅτι
1283 4987 1581 5058 Δεσπότης,
1622 4989 1717 5041 καὶ
1749 4988 1872 5042 τότε

289 5072 613 5142 ἡρμήνευσε
643 5069 732 5122 διὰ
757 5070 868 5122 τῶν
887 5069 1080 5138 λόγων,
1114 5070 1196 5122 ὅτι
1226 5070 1483 5140 Ποιητής.

361 5154 431 5223 β’.
470 5152 630 5207 Οὕτω
650 5154 743 5213 καὶ
760 5155 789 5205 6
814 5152 1004 5224 Σωτὴρ
1020 5152 1078 5204 ἐν
1095 5152 1173 5223 τῷ
1196 5152 1511 5224 Εὑαγγελίῳ
1531 5152 1590 5204 ού
1610 5152 1874 5224 πρότερον

286 5235 556 5301 ἐδίδαξεν,
586 5235 692 5299 ἕως
712 5235 1214 5307 ἐθαυματούργησε.
1243 5235 1465 5305 Πρῶτον
1492 5240 1732 5308 σημεῖον,
1754 5255 1875 5307 μετ-

352 5378 378 5407 ³
405 5375 626 5428 Combef.
652 5375 918 5437 legendum
938 5380 1080 5437 putat
1102 5376 1323 5431 διάταξιν.

349 5440 382 5485 δ
426 5438 698 5513 Ἐπετρώθῃ
818 5440 1052 5513 θάλασσα.
1095 5438 1313 5513 Congbef.
1349 5440 1523 5513 xei-tit,
1567 5438 1788 5513 ιζὶυίιςιιηιΔ
1806 5449 1877 5494 est

286 5514 444 5558 mare,
478 5498 619 5562 quaisi
643 5501 703 5547 ab
728 5499 1075 5569 ἐπιτιτρώσκω,
1097 5498 1311 5563 perfero.
1337 5503 1401 5550 Αι
1442 5508 1561 5563 ρυιο
1588 5504 1822 5567 ἐπετρώθη
1848 5520 1877 5556 a

286 5563 476 5624 πετρόω
503 5561 851 5611 deducendum
894 5574 1025 5624 esse,
1054 5575 1103 5609 ιη
1124 5569 1274 5624 petra:
1312 5568 1537 5611 naturam
1566 5571 1713 5613 mulo.
1756 5566 1877 5615 Nam

285 5563 476 5627 πετρόω
503 5562 851 5611 deducendum
894 5574 1025 5619 esse,
1054 5562 1103 5609 in
1124 5569 1274 5624 petra:
1312 5568 1537 5611 naturam
1566 5562 1713 5613 mulol
1756 5566 1875 5615 Nam

288 5629 358 5692 ιιι
378 5627 659 5692 Βαὶριυτε,
688 5634 836 5692 ωτι·οῄ
856 5623 1206 5692 quasilnuyum
1227 5623 1408 5692 fuissg;
1435 5630 1573 5674 certe
1594 5630 1637 5692 _si
1661 5628 1724 5675 de
1747 5629 1875 5677 divi—

288 5689 429 5735 sione
463 5686 626 5753 puris
662 5690 926 5753 ,εδει-εισι,
973 5685 1103 5737 aliud
1140 5686 1460 5753 quaerendum
1505 5688 1707 5738 verbum
1750 5696 1874 5751 erat,

289 5760 435 5817 quam
457 5746 807 5809 ἄπιτιτρὼσκω.

1297 368 1386 423 DE
1421 364 1639 423 MUNDI
1667 356 2063 417 CREATION’E
2099 358 2357 417 ORATIO
2396 360 2463 415 ll.

3449 360 3563 418 “0;

1981 482 2143 536 έϐαλε
2185 484 2246 537 τὸ
2277 483 2421 555 ὕδωρ
2460 484 2541 546 είς
2586 478 2746 550 οἶνον,
2792 485 2885 538 καὶ
2927 484 2989 537 οὗ
3024 484 3267 553 φαίνεται
3309 482 3417 553 πρὸ
3460 482 3554 536 τοῦ

1981 567 2208 637 σημείου
2237 568 2426 621 τούτου
2452 567 2668 635 διδάξας
2685 585 2699 599 ·
2734 568 2841 622 ἔδει
2867 567 2975 637 γὰρ
3004 567 3293 639 προλαϐεῖν
3315 567 3375 620 τὸ
3396 566 3555 637 ἔργον

1982 652 2073 703 καὶ
2104 651 2463 723 ἀκολουθῆσαι
2490 652 2580 706 τὸν
2612 652 2786 720 λόγον.
2830 650 2931 705 Διά
2956 651 3113 704 τοῦτο
3149 652 3177 702 6
3211 651 3555 721 συγγραφεὺς

1980 734 2160 803 λέγει·
2191 737 2302 790 Τὸν
2342 736 2459 805 μὲν
2502 736 2739 805 πρῶτον
2784 739 2970 805 λόγον
3014 734 3394 806 ἐποιησάμην
3420 734 3555 803 περὶ

1979 818 2242 883 πάντων,
2266 814 2313 874 ὦ
2343 820 2611 889 Θεόφιλε,
2637 814 2725 873 ὧν
2752 819 2976 887 ἤρξατο
3000 823 3032 873 ό
3084 820 3313 887 Ἰησοῦς
3364 819 3557 873 ποιεῖν

1980 921 2044 956 τε
2082 904 2181 957 καὶ
2231 902 2559 957 διδάσκειν.
2594 902 2716 965 Πῶς
2750 902 2939 972 ἔμελλε
2967 902 3237 956 διδάσκειν
3274 905 3302 956 6
3340 903 3553 971 Σωτὴρ,

1979 986 2061 1039 ὃτι
2096 987 2328 1057 ποιητής
2351 985 2467 1040 ἐστι
2498 984 2591 1039 τοῦ
2645 986 2883 1054 κόσμου;
2922 987 2984 1039 El
3018 986 3096 1057 μὴ
3123 986 3233 1057 γὰρ
3257 996 3278 1025 ο
3322 984 3553 1053 ἐφώτισε

1979 1071 2106 1132 τοὺς
2159 1068 2469 1140 ὀφθαλμοὺς
2524 1069 2619 1124 τοῦ
2676 1068 2909 1139 τυφλοῦ,
2968 1070 3068 1123 οὐκ
3128 1070 3194 1124 ἂν
3259 1068 3560 1139 ἐπιστεύθη-

1980 1151 2188 1219 λέγων·
2230 1153 2378 1228 Ἐγιὶρ
2427 1156 2543 1223 ειμι
2588 1152 2656 1207 τὸ
2714 1153 2839 1222 φῶς
2887 1152 2994 1207 τοῦ
3049 1155 3301 1223 κόσμου.
3356 1153 3420 1206 Et
3478 1151 3556 1223 μὴ

1981 1237 2170 1307 ἤγειρε
2188 1237 2458 1309 Λάζαρον,
2488 1238 2589 1291 οὐκ
2627 1237 2692 1291 ἂν
2721 1237 3045 1291 ἐπίστευσαν
3071 1238 3119 1289 οί
3150 1236 3436 1299 ἀκούοντες
3465 1236 3555 1287 λέ-

1982 1335 2162 1387 γοντι·
2221 1319 2365 1389 Ἐγώ
2393 1322 2509 1390 εἰμι
2556 1320 2596 1389 ἠ
2637 1318 2748 1387 ζωὴ
2788 1319 2886 1373 καὶ
2914 1320 2953 1387 ’ἡ
2999 1319 3352 1385 ἀνάστασις.
3380 1320 3443 1372 El
3478 1320 3553 1389 μὴ

1984 1402 2193 1466 πτύσας
2231 1404 2313 1468 είς
2353 1405 2452 1475 τὴν
2486 1404 2590 1474 γῆν
2634 1403 2855 1474 ἐποίησε
2884 1404 3073 1475 πηλὸν,
3117 1403 3214 1458 καὶ
3254 1403 3437 1475 ἔχρισε
3464 1404 3573 1457 τὸν.

1980 1486 2210 1555 τυφλὸν,
2243 1489 2343 1541 οὐκ
2370 1487 2435 1542 ἂν
2477 1487 2791 1558 ἐπιστεύθη,
2817 1487 2898 1541 ὅτι
2936 1487 3096 1549 αὐτός
3133 1490 3278 1540 ἐστιν
3316 1488 3344 1539 6
3375 1484 3554 1539 λαϐὼν

1982 1569 2111 1639 χοῦν
2139 1570 2246 1623 ἀπὸ
2277 1571 2375 1640 τῆς
2402 1569 2507 1640 γῆς
2535 1570 2629 1624 καὶ
2652 1570 2862 1633 πλάσας
2884 1570 2976 1623 τὸν
3005 1568 3192 1638 Ἀδάμ.
3212 1569 3275 1621 Εἰ
3305 1567 3379 1639 μὴ
3404 1585 3555 1639 περι-

1981 1654 2252 1723 επάτησεν
2281 1656 2375 1708 ἐπὶ
2404 1655 2502 1724 τῆς
2529 1655 2823 1725 θαλάσσης,
2861 1655 2960 1708 οὐκ
2988 1655 3057 1709 ἂν
3080 1654 3249 1724 ἐφάνη
3279 1652 3553 1721 Δεσπότης

1980 1739 2079 1806 τῆς
2103 1737 2395 1808 θαλάσσης.
2453 1737 2516 1791 El
2551 1738 2625 1808 μὴ
2656 1739 2954 1809 ἐπετίμησε
2985 1738 3062 1807 τῷ
3094 1737 3298 1807 ἀνέμῳ,
3338 1736 3437 1789 οὑκ
3486 1735 3553 1789 ἂν

1982 1821 2197 1892 ἐδείχθη
2242 1820 2519 1892 Δεσπότης
2543 1821 2649 1875 τῶν
2677 1822 2914 1892 ἀνέμων.
2942 1820 3041 1874 Διά
3077 1820 3234 1873 τοῦτο
3270 1818 3553 1890 ἄνθρωπος

1984 1904 2082 1975 μὲν
2114 1900 2181 1975 ῆν
2210 1904 2549 1974 φαινόμενος,
2586 1904 2673 1958 διὰ
2721 1904 2777 1956 δὲ
2814 1902 2923 1957 τῶν
2956 1902 3247 1974 θαυμάτων
3294 1901 3369 1965 ὡς
3421 1900 3555 1965 Θεὸς

1980 1987 2375 2057 γνωριζόμενος
2409 1988 2502 2041 καὶ
2543 1986 2914 2058 δοξαζόμενος.
2981 1987 3040 2039 '0
3070 1986 3259 2056 Σωτὴρ
3308 1984 3437 2053 γοῦν
3467 1986 3553 2051 ἐξ·

1980 2070 2210 2141 έπληττε
2239 2072 2366 2135 τοὺς
2399 2071 2668 2143 μαθητὰς,
2710 2073 2804 2125 καὶ
2832 2070 3015 2138 ἔλεγον
3039 2088 3053 2101 ·
3086 2072 3359 2134 Ποταπός
3383 2069 3554 2125 ἐστιν

1980 2149 2177 2220 οὗτος,
2213 2153 2301 2207 ὅτι
2325 2157 2379 2208 οἱ
2410 2154 2615 2224 ἄνεμοι
2638 2154 2735 2211 καὶ
2766 2156 2803 2222 ή
2831 2154 3114 2207 θάλασσα
3136 2153 3553 2207 ὑπακούουσιν

1980 2236 2169 2303 αὑτῷ;
2197 2237 2403 2304 Ἕδειξε
2449 2237 2665 2309 πρῶτον
2691 2236 3034 2291 ὑπακούοντα
3062 2236 3130 2289 τὰ
3158 2238 3396 2305 στοιχεῖα
3414 2275 3429 2299 ,
3458 2234 3554 2288 καὶ

1980 2323 2099 2376 τότε
2130 2323 2437 2393 ἡρμήνευσε
2474 2321 2564 2375 διὰ
2590 2320 2696 2374 τῶν
2731 2320 2928 2391 ἔργων,
2970 2320 3049 2374 ὃτι
3085 2318 3260 2373 πάντα
3285 2318 3351 2372 δι’
3387 2316 3551 2371 αὐτοῦ

1979 2406 2213 2475 ἐγένετο.
2250 2404 2458 2471 Ἔδειξε
2492 2404 2705 2477 πρῶτον
2727 2404 3089 2459 ὑπακούοντα.
3125 2404 3189 2457 El
3223 2403 3297 2475 μὴ
3333 2401 3550 2475 πρῶτον

1978 2491 2189 2561 ἐδείχθη
2240 2492 2273 2559 ή
2322 2490 2501 2553 κτίσις
2550 2488 2930 2552 ύπακούουσα,
2968 2486 3119 2560 [447]
3163 2488 3262 2540 οὐκ
3309 2487 3375 2540 ἂν
3435 2488 3554 2539 ἐπι-

1980 2572 2177 2643 στεύθη
2218 2573 2518 2645 Ἰωάννηςδ
2548 2574 2950 2643 Εὑαγγελιστὴς
2994 2572 3193 2642 λέγων·
3239 2572 3439 2626 Πάντα
3479 2571 3553 2625 δι’

1975 2655 2162 2710 αὐτοῦ
2192 2656 2445 2725 ἐγένετο.
2478 2658 2603 2721 Πῶς
2640 2657 2903 2727 ἠδύναντο
2934 2657 2984 2710 οἱ
3017 2655 3305 2711 ἀπόστολοι
3332 2670 3554 2707 πιστευ-

1980 2738 2155 2809 θῆναι,
2185 2740 2455 2812 ίδιωτικὴν
2476 2741 2687 2811 ἔχοντες
2714 2740 2985 2810 γλῶσσαν,
3018 2740 3396 2810 συνιστάμενοι
3423 2738 3552 2808 περὶ

1977 2825 2111 2878 Θεοῦ
2135 2826 2330 2895 Λόγου,
2361 2828 2726 2899 Δημιουργοῦ,
2762 2827 3033 2899 Μτῆρος,
3069 2826 3367 2894 πανσόφου,
3408 2824 3551 2877 διδα-

1978 2910 2177 2963 σκάλου
2199 2927 2214 2975 ;
2255 2910 2412 2962 Ἀλλά
2433 2912 2465 2981 ή
2494 2910 2713 2979 γλῶσσα
2738 2911 2847 2964 τῶν
2872 2910 3182 2963 ἀποστόλων
3209 2908 3277 2961 τὰ
3302 2907 3554 2977 θαύματα

1974 2989 2064 3065 ῆν·
2095 2994 2156 3047 τὸ
2197 2994 2370 3065 στόμα
2395 2995 2503 3049 τῶν
2534 2995 2846 3048 ἀποστόλων
2869 2991 2937 3065 ἦν
2966 2994 3157 3066 νεκρὸς
3186 2994 3551 3064 ἐγειρόμενος,

1978 3078 2146 3149 χωλὸς
2165 3076 2504 3149 περιπατῶν.
2535 3078 2657 3131 Ὅτι
2687 3077 2742 3131 δὲ
2770 3081 2881 3141 τοῖς
2912 3077 3185 3149 θαύμασιν
3210 3076 3492 3131 ἀκολουθεῖ
3517 3081 3549 3144 ἠ

1977 3164 2178 3228 πίστις,
2218 3164 2486 3233 μαρτυρεῖ
2527 3163 2560 3233 ή
2599 3162 2638 3215 Γ
2645 3162 2786 3234 ραφὴ
2830 3162 3089 3231 λέγουσα·
3134 3163 3239 3216 Διὰ
3283 3162 3392 3232 γὰρ
3436 3159 3556 3214 τῶν

1977 3244 2189 3315 χειρῶν
2227 3246 2348 3300 τῶν
2374 3248 2737 3301 ἀποστόλων
2780 3248 3018 3315 ἐγένετο
3053 3246 3274 3315 σημεῖα
3318 3245 3555 3315 μεγάλᾳ

1976 3331 2077 3384 καί
2111 3329 2325 3399 τέρατα
2361 3330 2431 3383 ἐν
2456 3329 2536 3395 τῷ
2561 3329 2707 3395 λαῷ.
2732 3330 2841 3384 Καὶ
2872 3330 3189 3393 ἐξίσταντο
3213 3328 3281 3381 δὲ
3308 3329 3547 3393 πάντες,

1976 3414 2075 3468 καὶ
2094 3413 2335 3483 μᾶλλον
2354 3415 2772 3482 προσετίθεντο
2800 3415 2926 3467 καθ’
2950 3413 3180 3482 ἡμέραν
3195 3411 3430 3480 ἀνδρῶν
3452 3414 3552 3465 καὶ

1976 3498 2280 3568 γυναικῶν
2297 3498 2518 3564 πλήθη.
2551 3497 2878 3568 Προέλαμπε
2904 3498 2972 3551 τὰ
3005 3496 3278 3566 θαύματα,
3302 3496 3398 3548 καὶ
3424 3497 3553 3565 ήκο-

1974 3582 2197 3636 λούθουν
2243 3582 2315 3635 τὰ
2355 3582 2621 3651 δόγματα.
2658 3580 2815 3633 Οὕτω
2851 3581 2946 3634 καὶ
2995 3580 3053 3633 ἐν
3098 3579 3178 3649 τῷ
3224 3581 3393 3650 νόμῳ,
3428 3596 3555 3651 προ-

1973 3668 2221 3738 ηγήσατο
2256 3666 2333 3720 τὰ
2376 3667 2437 3720 ἐν
2463 3665 2725 3735 Αἰγύπτῳ
2773 3665 3046 3735 θαύματα,
3108 3665 3421 3720 δεικνύοντα
3462 3665 3553 3717 τὸν

1974 3750 2107 3804 Θεὸν
2129 3750 2462 3822 δημιουργόν
2482 3789 2497 3803 .
2531 3749 2590 3802 '0
2613 3749 2669 3801 δέ
2695 3748 2847 3812 Θεὸς,
2882 3748 3083 3816 ἀγαθὸς
3114 3746 3208 3811 ὢν,
3234 3748 3335 3800 οὐκ
3360 3746 3554 3817 ἠθέλη-

1978 3850 2069 3887 σεν
2117 3833 2307 3886 ἐαυτὸν
2358 3834 2517 3903 μόνον
2562 3832 2860 3903 σεμνῦναι,
2899 3832 3037 3886 ἀλλά
3080 3830 3360 3902 μερίζεται
3416 3830 3554 3895 μετά

1975 3919 2252 3984 Μωῦσέως
2267 3918 2365 3991 τὴν
2393 3919 2571 3984 δόξαν.
2611 3919 2824 3989 Ἐπειδὴ
2856 3917 2963 3990 γὰρ
2989 3920 3017 3971 6
3042 3917 3173 3981 Θεὸς
3202 3916 3372 3986 ἐφάνη
3400 3915 3459 3979 ἐξ
3479 3908 3553 3970 ὧν

1978 4004 2224 4075 ἐποίησε,
2257 4003 2503 4073 φαίνεται
2534 4004 2629 4056 καὶ
2660 4004 2901 4073 Μωῦσῆς
2947 4002 3005 4067 ἐξ
3046 3993 3120 4053 ὧν
3150 3998 3430 4069 ἐδοξάσθη.
3465 3998 3551 4061 Ὧς

1977 4088 2085 4159 γὰρ
2122 4086 2361 4157 κατῆλθε
2402 4086 2649 4157 κατέχων
2694 4086 2784 4138 τὸν
2829 4085 3012 4156 νόμον,
3044 4084 3130 4137 ῖνα
3167 4083 3241 4154 μὴ
3289 4082 3365 4145 ὡς
3412 4080 3554 4151 ψιλῷ

1977 4169 2249 4241 ἀνθρώπῳ
2283 4170 2623 4243 προσέχωσι,
2657 4168 2854 4240 πληροῖ
2880 4167 3045 4221 αὐτοῦ
3083 4170 3112 4221 6
3147 4166 3277 4228 Θεὸς
3308 4165 3466 4234 δόξης
3492 4163 3555 4216 τὸ

1975 4255 2286 4325 πρόσωπον,
2323 4255 2412 4308 ἴνα
2451 4254 2511 4307 τὸ
2564 4253 2748 4306 λεῖπον
2780 4256 2847 4325 τῇ
2893 4251 3149 4322 ἀσθενείᾳ
3190 4251 3291 4321 τῆς
3337 4249 3554 4319 φύσεως

1978 4337 2241 4409 πληρώσῃ
2272 4337 2331 4390 τὸ
2385 4336 2637 4408 περιττὸν
2690 4336 2791 4405 τῆς
2846 4335 3085 4407 χάριτος.
3138 4333 3409 4387 Ἐνενόουν
3447 4330 3554 4401 γὰρ

1976 4423 2058 4475 ὅτι
2095 4421 2216 4491 ὄψις
2231 4421 2592 4491 δεδοξασμένη
2619 4420 2717 4475 οὐκ
2744 4420 2890 4473 ἔστιν
2912 4418 3166 4491 ἀλλοτρία
3202 4417 3359 4470 Θεοῦ.
3398 4415 3554 4470 Οὕτω

1974 4506 2072 4559 καὶ
2110 4508 2139 4559 6
2164 4504 2353 4575 Σωτὴρ
2388 4504 2663 4575 Στεφάνου
2692 4504 2787 4557 τοῦ
2830 4504 3295 4576 πρωτομάρτυρος
3328 4500 3554 4572 ἐποίησε

1974 4588 2187 4659 λάμψαι
2232 4587 2295 4641 τὸ
2347 4587 2657 4658 πρόσωπον.
2703 4588 2855 4640 Διατί
2904 4587 2962 4641 δέ
2995 4586 3216 4657 ἐποίησε
3254 4584 3463 4655 λάμψαι
3494 4583 3554 4636 τὸ

1976 4674 2267 4744 πρόσωπον
2300 4673 2609 4740 Στεφάνου;
2638 4670 2855 4741 Ἐπειδὴ
2882 4670 3104 4741 ἔμελλεν
3127 4670 3203 4733 ώς
3235 4670 3553 4740 βλάσφημος

1974 4756 2307 4821 λιθάζεσθαι,
2333 4754 2521 4817 είπὼν,
2555 4755 2756 4823 Θεωρῶ
2778 4755 2920 4821 τοὺς
2947 4755 3242 4824 οὐρανοὺς
3265 4752 3554 4822 ἀνεῳγμέ-

1974 4858 2141 4905 νους,
2155 4839 2253 4893 καὶ
2272 4838 2381 4893 τὸν
2402 4838 2541 4892 Υίύν
2555 4839 2659 4893 τοῦ
2681 4840 2992 4908 ἀνθρώπου
3007 4839 3236 4893 ἑστῶτα
3248 4840 3316 4893 ἐκ
3340 4836 3553 4901 δεξιῶν

1976 4923 2082 4978 τοῦ
2105 4923 2282 4987 Θεοῦ,
2319 4921 2603 4993 προλαϐὼν
2635 4924 2663 4977 6
2687 4922 2819 4985 Θεὸς
2858 4922 3232 4993 ἐστεφάνωσεν
3261 4920 3425 4975 αὐτοῦ
3454 4919 3552 4990 τὴν

1975 5010 2098 5080 ὄψιν
2125 5009 2390 5082 ἀγγελικῇ
2424 5013 2629 5082 μορφῇ,
2659 5010 2746 5064 ἴνα
2775 5010 2937 5083 πείσῃ
2958 5013 3084 5075 τοὺς
3112 5008 3550 5080 ἀγνώμονας,ὃτι

1978 5094 2367 5166 εἰβλάσφημός
2418 5093 2553 5155 ἐστι,
2585 5094 2727 5148 διατί
2776 5094 3090 5159 δοξάζεται;
3120 5092 3261 5155 Χθὲς
3320 5092 3417 5160 μὲν
3458 5085 3551 5144 οῦν

1978 5178 2189 5248 εἴρηται
2217 5179 2375 5248 ἡμῖν,
2402 5178 2483 5231 ὅτι
2502 5180 2530 5232 6
2548 5176 2677 5241 Θεὸς
2702 5177 2766 5231 ἐκ
2786 5179 2859 5250 μὴ
2884 5178 3054 5231 ὄντων
3079 5176 3301 5245 ἐποίησε
3329 5172 3399 5227 τά
3420 5173 3551 5227 ὅντα

1976 5264 2043 5332 τῇ
2072 5261 2263 5332 πρώτῃ
2318 5261 2521 5332 ἡμέρᾳ.
2559 5262 2667 5315 Καὶ
2700 5262 2761 5316 τὸ
2801 5262 3131 5333 θαυμαστὸν,
3174 5261 3255 5313 ὅτι
3298 5259 3360 5312 ού
3392 5258 3550 5329 μόνον

1976 5346 2075 5417 τὴν
2106 5347 2467 5417 δημιουργίαν
2494 5346 2586 5399 τοῦ
2609 5347 2742 5400 Θεοῦ
2764 5346 2999 5399 δείκνυσι
3021 5344 3090 5397 τά
3107 5344 3263 5412 ἔργα,
3293 5342 3428 5396 ἀλλά
3455 5344 3550 5395 καὶ

1975 5429 2086 5483 τῶν
2119 5431 2405 5501 αἱρετικῶν
2434 5431 2531 5501 τὴν
2551 5431 2807 5484 ἀσέϐειαν
2828 5431 3160 5499 ἐλέγχουσιν.
3179 5427 3396 5499 Ἐρωτῶ
3419 5428 3567 5499 γάρ’⁴

1978 5512 2061 5566 Τά
2087 5513 2161 5585 μὴ
2193 5514 2323 5567 ὅντα
2342 5514 2459 5577 πῶς
2478 5515 2714 5582 ἐγένετο,
2754 5513 2940 5584 ἐπειδὴ
2965 5510 3093 5581 περὶ
3111 5509 3203 5565 τοῦ
3238 5511 3388 5575 ὄντος
3421 5512 3554 5582 ἐρω-

1976 5596 2129 5662 τῶσι,
2160 5596 2277 5661 πῶς
2299 5597 2599 5669 ἐγεννήθη;
2630 5598 2694 5651 Εἰ
2737 5596 2811 5668 μὴ
2843 5592 2929 5668 ἦν,
2960 5595 3174 5658 εἴπωσι,
3204 5595 3273 5648 τά
3300 5595 3377 5667 μὴ
3422 5594 3553 5650 ὄντα

2045 5756 2068 5785 ε
2102 5752 2336 5807 Additum
2354 5754 2443 5817 γάρ
2465 5768 2496 5805 e
2518 5754 2627 5805 Sav.
