4044 6306
485 375 583 431 Ml

486 493 607 555 πῶς
654 492 883 558 ἐγένετο,
933 496 981 547 εῖ
1013 493 1086 566 μὴ
1135 490 1221 567 ἦν.
1254 498 1326 549 Τὸ
1357 497 1432 567 μὴ
1454 497 1513 551 ὃν
1536 500 1595 553 οὑ
1629 500 1898 567 γίνεταιιι,
1935 501 2057 554 ὅσον

487 577 625 628 κατὰ
650 576 904 647 λογισμὸν
928 578 1301 648 ἀνθρώπινον,
1350 582 1409 633 οὑ
1442 583 1582 635 κατὰ
1623 584 1773 635 θείαν
1811 582 2059 653 δύναμιν.

499 659 698 712 Ἐνίοτε
725 659 869 727 λέγει
889 663 915 712 6
934 662 1205 730 αίρετικὸς
1224 680 1238 693 ·
1278 660 1445 717 Εἶπεν
1477 667 1506 717 6
1527 666 1679 729 Θεὸς,
1708 667 1802 718 καὶ
1826 666 2059 731 ἐγένετο.

500 741 660 793 ’Λλλά
684 740 778 794 νῦν
805 743 865 794 τὸ
899 745 1131 814 πρᾶγμα
1159 742 1329 811 εἶπες,
1359 748 1420 798 οὑ
1440 747 1532 800 τὸν
1556 748 1777 817 τρόπον.
1810 745 1999 801 Εἶπεν
2030 750 2062 801 ό

490 826 661 888 Θεός·
694 826 1011 894 Γενηθήτω
1040 827 1163 895 φῶς
1186 844 1201 859 ·
1249 830 1467 897 ἐγένετο
1499 831 1559 883 τὺ
1596 832 1670 901 μὴ
1700 832 1779 884 6v.
1824 832 1880 884 ὐ
1908 831 2065 898 λόγος

493 907 795 979 μετεϐλήθη
823 912 900 974 είς
929 913 1188 981 πρᾶγμα,
1220 910 1331 965 οἷον
1366 914 1504 984 αὑτὴ
1541 916 1574 984 ἡ
1605 916 1756 986 φωνὴ
1779 915 2067 979 ἐξελθοῦσα

490 993 707 1059 ἐγένετο
729 992 862 1060 φῶς.
887 994 1094 1046 Οὐκοῦν
1122 996 1220 1048 οὑκ
1251 996 1397 1049 ἔστιν
1426 1000 1488 1050 ἐκ
1530 998 1604 1069 μὴ
1632 999 1819 1062 ὄντων,
1863 1000 1977 1051 ἀλλ’
2012 999 2071 1062 ἐξ

490 1076 660 1138 ὄντος.
681 1076 779 1139 Τίς
798 1076 906 1145 γὰρ
931 1077 1103 1148 τολμᾷ
1133 1079 1306 1131 εἰπεῖν
1329 1080 1420 1131 τὸν
1448 1080 1619 1147 Λόγον
1649 1080 1724 1152 μὴ
1756 1081 1883 1133 ὄντα
1901 1099 1915 1146 ;
1933 1082 2073 1135 Οὑκ-

492 1158 586 1209 οὖν
633 1160 783 1211 οὐδὲν
810 1159 1064 1228 ἐποίησεν
1095 1162 1158 1213 ἐκ
1197 1162 1270 1231 μὴ
1291 1161 1479 1227 ὄντων,
1509 1163 1622 1215 ἀλλ’
1654 1163 1713 1227 ἐξ
1740 1164 1905 1217 αὑτοῦ
1926 1182 1938 1193 ·
1978 1164 2073 1216 καὶ

492 1241 803 1311 εὑρίσκεται
836 1244 903 1295 τὰ
935 1244 1208 1313 κτίσματα
1240 1244 1500 1315 ὁμοούσια
1545 1246 1713 1316 αὐτῷ,
1748 1248 1841 1299 καὶ
1882 1247 1910 1299 ὃ
1945 1247 2072 1315 φεύ-

494 1340 681 1392 γουσιν
709 1326 801 1377 ἐπὶ
827 1327 918 1379 τοῦ
950 1326 1103 1389 Υίοῦ,
1135 1329 1462 1397 ἁρμόζουσιν
1494 1331 1585 1382 ἐπὶ
1610 1331 1716 1382 τῶν
1738 1332 2072 1400 κτισμάτων.

510 1407 668 1460 ’Λλλά
709 1408 873 1461 πάλιν
912 1410 1251 1479 στενούμενοι
1293 1412 1573 1480 λέγουσιν·
1616 1414 1678 1465 Ἠ
1706 1414 1952 1482 βούλησις
1982 1415 2074 1465 τοὺ

497 1492 633 1544 Θεοῦ
672 1492 739 1544 τὰ
774 1493 847 1562 μὴ
876 1492 1003 1544 ὄντα
1028 1494 1371 1546 ἀπετέλεσεν·
1409 1491 1553 1548 εἶτα·
1600 1496 1663 1548 Ἦ
1696 1496 1802 1566 γάρ
1830 1495 2077 1566 βούλησις

497 1575 560 1625 τὸ
587 1574 660 1644 μὴ
693 1574 752 1628 ὃν
783 1578 953 1628 ποιεῖ·
996 1578 1029 1645 ἠ
1064 1576 1120 1628 δὲ
1148 1576 1307 1645 φύσις
1331 1577 1390 1630 τὸ
1414 1578 1473 1629 ὃν
1501 1579 1562 1630 οὑ
1592 1581 1775 1649 γεννᾷ,
1823 1579 1931 1631 Καὶ
1964 1578 2078 1629 ἐστι

501 1656 830 1725 θαυμαστόν.
868 1659 954 1720 Ὠς
982 1660 1041 1710 ἐν
1070 1660 1238 1711 εἰκόνι
1269 1660 1410 1728 λέγω
1432 1676 1445 1691 ·
1494 1661 1722 1714 ’Υπὸθου
1766 1678 1853 1730 μοι
1896 1660 2078 1729 πηγὴν

502 1742 597 1792 καὶ
629 1739 835 1810 πέτραν
860 1757 873 1770 ·
898 1742 948 1793 τί
976 1742 1359 1813 εὐκολώτερον,
1388 1743 1485 1814 τὴν
1517 1745 1697 1814 πηγὴν
1730 1744 1874 1813 ὕδωρ
1895 1746 2079 1813 γεννῆ-

504 1823 670 1894 σαι,ἣ
697 1825 795 1894 τὴν
820 1824 1059 1895 πέτραν;
1103 1826 1166 1878 Ἡ
1193 1828 1343 1898 πηγὴ
1372 1827 1465 1879 ἐὰν
1494 1832 1752 1900 γεννήσῃ,
1784 1828 1842 1891 ἐξ
1865 1820 1938 1878 ὧν
1967 1826 2078 1894 ἔχει

504 1906 801 1977 προφέρει·
835 1908 867 1976 ἡ
914 1906 970 1959 δὲ
1004 1908 1179 1979 πέτρα
1212 1911 1269 1973 ἐξ
1316 1904 1393 1961 ὧν
1434 1911 1534 1963 οὑκ
1566 1910 1696 1980 ἔχει.
1751 1906 1881 1964 Εἶτα
1912 1910 1971 1964 τὸ
2008 1911 2081 1978 μὴ

504 1990 563 2043 ὃν
584 1990 869 2060 ἐγέννησεν
896 1993 927 2062 ἡ
952 1991 1125 2064 πέτρα
1154 1994 1211 2058 ἐξ
1233 1987 1306 2049 ὧν
1327 1999 1426 2048 οὐκ
1443 1991 1555 2065 εἶχε
1580 2039 1593 2061 ,
1626 1997 1720 2048 καὶ
1753 1998 1783 2064 ἠ
1812 1996 1960 2063 πηγὴ
1986 1995 2085 2046 οὑκ

508 2074 656 2146 [448]
694 2075 977 2144 ἐγέννησεν
1027 2078 1094 2146 ἣν
1128 2074 1273 2148 εἶχεν
1304 2083 1359 2131 ἐν
1391 2082 1555 2149 ἑαυτῇ
1600 2082 1800 2147 πηγήν;
1834 2080 1940 2130 Καὶ
1966 2076 2085 2138 πῶς

508 2160 720 2226 ἐγένετο
747 2160 813 2211 τὰ
852 2158 925 2228 μὴ
959 2159 1115 2224 ὄντα;
1156 2162 1228 2230 μὴ
1255 2162 1655 2231 αὑτοματισμὸς
1685 2159 1780 2231 ἦν-;
1817 2162 1878 2213 τὸ
1906 2160 1982 2230 μὴ
2026 2158 2085 2212 ὃν

510 2243 683 2313 ὄνομά
712 2243 848 2303 ἐστι,
880 2243 980 2294 οὑκ
1014 2241 1129 2294 ἐστι
1159 2243 1215 2295 δέ
1244 2261 1335 2307 τις
1369 2244 1459 2313 Μὴ
1502 2244 1689 2313 ἐπειδὴ
1737 2244 1880 2310 λέγω
1915 2245 1979 2295 ἐκ
2013 2241 2086 2312 μὴ

506 2327 697 2390 ὅντων,
732 2325 960 2395 νομίσῃς
1000 2321 1138 2377 εἶναί
1160 2344 1211 2378 τι
1248 2327 1321 2396 μὴ
1351 2328 1428 2379 δν.
1450 2324 1583 2381 Εἶτα
1610 2329 1671 2379 τὸ
1708 2327 1767 2379 ὃν
1806 2329 1867 2379 ἐκ
1895 2326 1987 2378 τοὺ
2013 2326 2087 2395 μὴ

508 2410 658 2471 ὄντος
678 2409 778 2461 οὑκ
814 2404 958 2470 οἶδας
983 2409 1156 2461 εἰπεῖν
1192 2410 1307 2469 πῶς
1346 2410 1582 2477 ἐγένετο,
1613 2411 1709 2462 καὶ
1748 2409 1838 2461 τὸν
1870 2409 1997 2461 ὄντα
2023 2410 2088 2460 ἐκ

508 2492 601 2544 τοῦ
624 2491 771 2556 δντος
794 2490 1086 2560 τελμήσεις
1116 2490 1593 2562 πολυπραγμονεῖν
1631 2492 1748 2553 πῶς
1787 2491 2085 2560 ἐγεννήθη;

508 2578 693 2630 Πάντα
722 2575 788 2628 τὰ
819 2575 1091 2643 κτίσματα
1120 2576 1219 2627 οὑκ
1244 2572 1310 2645 ἦν
1339 2576 1433 2627 ἀπ’
1456 2576 1631 2645 ἀρχῆς
1660 2576 1753 2627 καὶ
1778 2575 2000 2642 γέγονεν
2020 2591 2034 2604 ·
2060 2575 2089 2625 ὁ

514 2659 805 2730 μονογενὴς
831 2658 1001 2725 Λόγος
1025 2658 1118 2709 καὶ
1142 2658 1376 2727 Κτίστης
1406 2657 1497 2709 τοῦ
1520 2659 1723 2729 κόσμου
1750 2659 1850 2710 οὑκ
1876 2657 2090 2725 ἐγένετο

510 2743 606 2795 ἀπ’
641 2742 833 2813 ἀρχῆς,
862 2741 975 2794 ἀλλ’
1001 2736 1089 2810 ἦν.
1115 2740 1301 2793 Ταῦτα
1332 2741 1432 2793 οὑκ
1450 2736 1539 2810 ἦν,
1572 2741 1666 2792 καὶ
1697 2740 1914 2807 ἐγένετο
1935 2754 1950 2769 ·
1981 2740 2010 2791 6
2034 2739 2090 2792 δὲ

508 2822 578 2898 ἦν
610 2828 665 2878 ἐν
698 2828 837 2896 ἀρχῇ
868 2824 947 2896 μὴ
972 2824 1259 2895 γενόμενος
1279 2866 1294 2891 ,
1319 2824 1492 2879 ταῦτα
1530 2824 1586 2877 δέ
1613 2825 1827 2893 ἐγένετο
1859 2826 1917 2877 ἐν
1948 2825 2088 2895 ἀρχῇ

517 2910 592 2979 μὴ
623 2909 771 2963 ὄντα.

586 2999 653 3059 γ’.
708 2993 768 3045 Ἠ
795 2991 863 3045 δὲ
892 2990 969 3058 γῆ
1003 2987 1083 3060 ἦν
1114 2991 1385 3059 ἀόρατος,
1416 2990 1570 3059 φησί.
1607 2990 1672 3042 Τί
1702 2992 1867 3052 ἐστιν,
1904 2990 2092 3056 Ἁόρω-

515 3089 651 3139 τος;
685 3070 815 3126 υἷδα
846 3074 1072 3136 πολλοὺς
1100 3074 1206 3127 τῶν
1243 3075 1411 3140 ἁγίων
1459 3073 1717 3141 Πατέρων
1768 3072 2088 3142 εἰρηκότας·

529 3160 780 3230 ’Λόρατος
797 3154 867 3227 ἦν
893 3159 925 3227 ἡ
950 3160 1044 3227 γῆ,
1068 3157 1254 3227 ἐπειδὴ
1274 3157 1351 3227 τῷ
1374 3156 1523 3209 ὕδατι
1545 3155 1898 3209 ἐκαλύπτετο.
1917 3154 2094 3207 Πολλά

515 3244 625 3297 τῶν
656 3242 941 3310 νοημάτων
969 3242 1085 3293 ἐστὶ
1113 3241 1209 3309 μὲν
1239 3240 1460 3309 εὐσεϐῆ,
1478 3241 1578 3293 οὑκ
1600 3239 1777 3309 ἀληθῆ
1799 3240 1875 3292 δέ.
1896 3234 2020 3291 Οἷον
2044 3240 2094 3290 οἱ

515 3328 663 3397 τρεῖς
697 3325 835 3391 φίλοι
859 3322 952 3375 τοὺ
982 3322 1119 3385 Ἰὼϐ,
1150 3322 1473 3393 θεασάμενοι
1504 3322 1665 3375 αὑτὸν
1698 3325 1755 3375 ἐν
1784 3318 2094 3391 πειρασμῷ,

518 3408 845 3478 κατέκριναν
874 3407 964 3459 τὸν
994 3405 1145 3473 άγιον
1168 3406 1243 3469 ὡς
1280 3406 1502 3469 δικαίως
1540 3407 1839 3474 πάσχοντα,
1874 3406 1966 3457 καὶ
1986 3404 2096 3455 ἔλε-

516 3508 636 3559 ⁸γον·
677 3492 740 3544 Ei
777 3492 851 3561 μὴ
876 3491 1050 3561 χήρας
1085 3489 1380 3557 ἐλύπησας,
1411 3490 1459 3540 εί
1490 3488 1564 3559 μὴ
1586 3487 1855 3558 ὀρφανοὺς
1884 3486 2099 3539 ἐπλεονο

522 3580 776 3644 έκτησας.
805 3576 903 3626 οὑκ
926 3573 990 3626 ἄν
1018 3590 1100 3625 σοι
1120 3576 1147 3625 6
1169 3572 1300 3634 Θεὸς
1329 3574 1573 3642 ἐπήγαγε
1596 3571 1787 3624 ταῦτα.
1816 3571 1925 3623 Kal
1949 3572 2099 3640 ὅμως

522 3660 707 3726 ἐπειδὴ
738 3658 962 3727 ἠγνόουν
990 3656 1080 3709 τὸν
1114 3656 1311 3709 σκοπὸν
1341 3656 1435 3709 τοῦ
1469 3656 1624 3715 Θεοῦ,
1659 3656 1870 3709 εἵλαντο
1903 3654 2100 3724 μᾶλλον

522 3747 846 3814 κατακρίναι
892 3739 1076 3793 τοὺτον
1101 3741 1175 3803 ὡς
1200 3738 1422 3801 δικαίως
1456 3741 1729 3809 πάσχοντα
1747 3778 1762 3799 ,
1793 3738 1826 3808 ἢ
1856 3737 2101 3806 καταψη-

525 3829 781 3895 φίσασθαι
830 3823 924 3877 τοῦ
963 3822 1096 3875 Θεοῦ
1148 3823 1222 3885 ὡς
1252 3822 1450 3885 ἀδίκως
1497 3822 1887 3890 ἐπαγαγόντος.
1930 3821 2101 3890 Ὑπὲρ

526 3910 661 3964 Θεοὺ
684 3908 959 3974 ἐποίησαν,
988 3906 1080 3958 καὶ
1104 3905 1313 3973 ἐλέγχει
1344 3904 1539 3967 αὐτοὺς
1568 3907 1595 3957 6
1617 3905 1780 3967 Θεός·
1808 3904 1968 3957 Διατί
1990 3906 2101 3955 οὐκ

526 3995 865 4059 ἐλαλήσατε
887 3992 1029 4057 ὀρθὰ
1054 3990 1202 4044 κατὰ
1224 3990 1329 4043 τοῦ
1362 3990 1725 4057 θεράποντάς
1736 4007 1854 4059 μου
1874 4006 1891 4053 ;
1916 3990 2102 4041 Ἔστιν

527 4076 619 4132 οὑν
653 4076 827 4144 νόημα
861 4074 1077 4135 εὐσεϐὲς
1114 4074 1231 4141 μὲν,
1259 4074 1357 4125 οὑκ
1384 4072 1579 4142 ἀληθὲς
1607 4072 1681 4125 δέ.
1708 4072 1775 4124 Τί
1804 4069 1897 4125 οὖν
1933 4072 2100 4125 ἐστιν.

541 4164 602 4215 οη
634 4160 701 4212 δὲ
726 4158 800 4226 γῆ
834 4158 912 4225 ἦν
937 4158 1186 4223 ἀόρατος
1212 4156 1307 4209 καὶ
1340 4156 1901 4220 ἀκατασκεύαστοςξ
1932 4155 1995 4207 Οἱ
2021 4156 2105 4225 ἐρ-

534 4242 795 4313 μηνευταὶ
817 4241 1165 4309 ἡρμήνευσαν
1193 4238 1398 4307 σαφῶς.
1430 4238 1594 4305 Λέγει
1619 4238 1730 4309 γάρ
1765 4240 1792 4291 6
1840 4235 2101 4299 Ἀκύλας·

543 4329 615 4384 Ἠ
642 4325 709 4379 δὲ
730 4323 803 4394 γῆ
828 4320 909 4393 ἦν
936 4322 1169 4391 κένωμα
1207 4323 1304 4375 καὶ
1342 4322 1540 4376 οὐδέν.
1586 4324 1838 4393 ’Λόρατος
1865 4322 1923 4375 δὲ
1951 4321 2105 4390 λέγε-

531 4429 642 4474 ται,
677 4410 773 4479 οὑχ
794 4410 876 4461 ὅτι
901 4407 999 4459 οὑκ
1029 4405 1298 4475 ἐφαίνετο,
1331 4405 1442 4458 ἀλλ’
1476 4405 1551 4468 ὼς
1590 4405 1655 4459 ἂν
1681 4405 1825 4459 εἴποι
1851 4423 1956 4469 τις,
1982 4404 2108 4459 ἀκό-

536 4510 760 4564 σμητος.
788 4492 1010 4544 Οὐδέπω
1054 4486 1121 4559 ἧν
1170 4489 1566 4560 φαιδρυνομένη
1624 4493 1735 4553 τοῖς
1787 4492 1991 4559 φυτοῖς,
2018 4489 2109 4543 ού-

537 4579 684 4634 δεπω
717 4577 945 4645 καρποῖς
975 4575 1391 4643 ἐστεφανωμένη
1411 4613 1431 4636 ,
1458 4573 1666 4626 οὑδέπω
1706 4576 1970 4644 ποταμοῖς
2016 4573 2111 4627 καὶ

538 4662 740 4731 πηγαῖς
764 4657 1116 4727 διεζωσμένη,
1145 4657 1351 4710 οὐδέπω
1378 4660 1442 4727 τῇ
1475 4657 1610 4729 ἄλλῃ
1630 4657 1893 4727 εὐκοσμία
1922 4674 2110 4709 πεποι-

537 4744 788 4814 κιλμένη,
817 4742 909 4793 καὶ
938 4737 1004 4810 ἦν
1034 4741 1283 4812 ἀόρατος,
1336 4741 1558 4810 μηδέπω
1607 4740 2111 4792 κατασκευασθεῖσα

538 4828 674 4902 πρὸς
697 4824 1104 4895 ἐπιτηδειό.ητα
1144 4823 1235 4875 τοῦ
1266 4825 1478 4894 γεννᾷν.
1504 4824 1665 4891 Λέγει
1761 4822 1948 4893 Γραφὴ
1987 4821 2110 4891 περί

538 4901 683 4975 τινος
726 4906 970 4978 ἀνδρείου
1020 4906 1113 4958 καὶ
1158 4907 1471 4975 εὐμόρφου·
1531 4909 1652 4973 Οὐχ
1684 4901 1881 4966 Οὗτος,
1928 4904 2109 4971 φησὶν,

538 4996 798 5060 ἐπάταξε
818 4994 924 5047 τὸν
948 4990 1133 5058 ἄνδρα
1151 4990 1585 5057 τὸν-Αἰγύπτιον
1613 4988 1866 5057 ὀρατόνδ
1890 5002 1905 5051 ;
1926 4987 2112 5040 Ἔστιν

538 5082 633 5139 οὗν
664 5080 800 5152 ἀνὴρ
833 5078 1092 5149 ἁόρατος;
1132 5072 1269 5124 Ἀλλ’
1303 5074 1470 5136 ἄξιος,
1517 5075 1681 5143 φησὶ,
1731 5070 1823 5122 τοῦ
1864 5069 2110 5139 ὁρᾶσθαι.

543 5173 753 5238 ’Ὠσπερ
785 5160 879 5217 οὖν
924 5163 1014 5214 τὸν
1062 5158 1355 5226 Αἰγύπτιον
1387 5154 1540 5209 εἶπεν
1583 5156 1755 5225 ἄνδρα
1781 5156 1994 5226 ὁρατὸν,
2036 5156 2114 5220 ὡς

543 5254 690 5319 ἀξιον
711 5249 803 5303 τοῦ
824 5245 1049 5317 ὁρᾶσθαι
1069 5285 1082 5308 ,
1102 5242 1272 5304 οὕτως
1302 5241 1399 5309 τὴν
1421 5241 1522 5308 γῆν
1549 5239 1653 5319 τὴν
1679 5240 1923 5309 ἄμορφον
1953 5239 2114 5308 ἀόρα.

543 5318 634 5390 τον
672 5334 949 5387 ἐκάλεσεν.
980 5330 1058 5399 Τῇ
1078 5338 1100 5364 θ
1132 5324 1361 5395 δευτέρᾳ
1383 5324 1563 5393 ἡμέρᾳ
1591 5318 1741 5375 εἶπεν
1760 5324 1789 5374 6
1814 5321 1944 5385 Θεός
1962 5339 1975 5352 ·
2004 5325 2115 5377 Γε-

544 5419 780 5488 νηθήτω
810 5412 1111 5484 στερέωμα
1138 5411 1207 5463 ἐν
1240 5408 1408 5478 μέσῳ
1430 5406 1537 5460 τοῦ
1560 5404 1800 5471 ὕδατος,
1832 5406 1932 5459 καὶ
1962 5406 2117 5460 ἔστω

614 5625 645 5686 ιι,
660 5620 876 5672 Combei'.
899 5619 1156 5679 distinguit
1171 5619 1217 5686 fi
1244 5617 1307 5680 μή
1328 5615 1405 5676 ἦν,
1426 5613 1481 5661 τὸ
1506 5613 1569 5675 μή
1590 5612 1643 5661 ὃν
1665 5612 1720 5659 ού
1743 5629 1811 5673 γ.,
1833 5614 2082 5674 vertitque
2103 5634 2113 5659 :

552 5682 645 5733 nisi
660 5690 783 5746 erat,
820 5695 912 5746 non
938 5694 1023 5731 ens
1043 5694 1135 5729 non
1158 5679 1252 5746 [εις
1319 5736 1348 5746 η
1657 5741 1666 5746 _
1766 5734 1775 5746 ,
1909 5740 1919 5746 ,
2059 5736 2090 5746 ..

616 5751 641 5782 b
674 5734 875 5807 Ὂρᾶτόν
899 5744 989 5789 huc
1036 5734 1257 5789 Ioco'est
1296 5736 1497 5803 dignum
1538 5734 1824 5800 spectaculo,
1872 5740 1926 5784 ut
1969 5736 2117 5783 vertit

558 5807 793 5866 \‘uigatus
815 5808 1082 5866 interpres.

621 5857 783 5918 (Hac
805 5865 931 5929 apud
952 5857 1168 5914 Cosmum
1189 5862 1468 5926 Egyptium
1496 5860 1753 5921 habentur,
1768 5857 1910 5921 p.521
1941 5864 1991 5908 et
2012 5870 2115 5919 sqq.

1960 382 2331 441 SEVERIANI

3637 385 3735 441 «ΗΞ

2168 502 2508 572 διαχωρίζσν
2519 504 2826 574 ἀναμέσων
2841 503 3056 570 ὕδατος
3080 503 3177 557 καὶ
3201 502 3432 569 ὕδατος.
3451 502 3739 574 Ἐποίησεν

2166 584 2258 641 οὑν
2295 587 2388 640 τὸν
2432 589 2658 657 οὐρανὸν
2700 588 2909 653 τοῦτον,
2947 589 3008 640 οὑ
3046 588 3139 640 τὸν
3194 588 3396 651 ἐπάνω,
3455 587 3594 640 ἀλλὰ
3650 588 3742 639 τὸν

2167 670 2443 742 ὁρώμενον
2478 674 2535 737 ἐξ
2576 672 2783 724 ὑδάτων
2827 673 3003 741 πήξας
3036 671 3111 734 ὡς
3154 670 3502 741 κρύσταλλον.
3549 670 3741 723 Βούλο-

2174 754 2268 824 μαί
2318 772 2397 807 σοι
2444 756 2793 826 παραστῆσαι
2838 757 3102 826 πρᾶγμα·
3147 755 3317 807 πολλὰ
3354 754 3462 825 γὰρ
3508 757 3577 825 τῇ
3624 755 3743 823 ὕψει

2175 839 2372 908 μᾶλλον
2419 839 2577 909 ἡμῶν
2625 839 2659 909 ἦ
2704 840 2781 908 τῷ
2821 838 2964 908 λόγῳ
3027 839 3396 909 παραδίδοται.
3460 838 3632 890 Τοῦτο
3685 839 3747 890 τδ

2175 922 2318 993 ὕδωρ
2355 923 2630 993 ὑπερεῖχε,
2671 924 2803 994 φέρε
2854 925 3050 985 εἰπεῖν,
3087 925 3187 992 τῆς
3227 923 3329 991 γῆς
3366 924 3561 993 πήχεις
3594 922 3749 995 τριά-

2174 1004 2398 1059 κονταά.
2451 1002 2581 1059 Εἶτα
2629 1002 2779 1059 εἶπεν
2826 1008 2854 1059 6
2892 1006 3053 1068 Θεός·
3085 1005 3403 1073 Γενηθήτω
3446 1005 3751 1073 στερέωμα

2175 1090 2245 1142 ἐν
2269 1089 2437 1157 μέσῳ
2466 1090 2571 1145 τοῦ
2612 1090 2848 1157 ὕδατος·
2883 1095 2977 1144 καὶ
3007 1090 3191 1143 λοιπὸν
3218 1092 3275 1142 ἐν
3309 1089 3457 1159 μέσῳ
3485 1089 3593 1143 τῶν
3625 1090 3752 1141 ὑδά-

2177 1193 2283 1229 των
2333 1176 2513 1247 ἐπάγη
2564 1178 2759 1247 πῆγμα
2802 1176 3227 1249 κρυσταλλῶδες,
3264 1178 3357 1229 καὶ
3399 1176 3655 1245 ἐκούφισε
3692 1177 3755 1229 τὸ

2177 1262 2346 1332 ἣμισυ
2397 1264 2488 1316 τοῦ
2541 1262 2730 1327 ὓδατος
2772 1263 2906 1325 ἀνω,
2958 1264 3213 1317 κατέλιπε
3258 1264 3316 1316 τὸ
3361 1265 3533 1334 ἣμισυ
3580 1265 3753 1323 κάτω,

2180 1350 2363 1413 καθὼς
2409 1353 2729 1423 γέγραπται·
2777 1353 3094 1420 Γενηθήτω
3134 1353 3434 1423 στερέωμα
3475 1354 3546 1407 ἐν
3588 1354 3760 1422 μέσῳ

2182 1439 2286 1491 τοῦ
2315 1440 2549 1504 ὓδατος,
2588 1440 2736 1511 [449]
2766 1444 2862 1493 καὶ
2887 1440 3055 1495 ἔσται
3078 1441 3421 1510 διαχωρίζον
3447 1441 3760 1511 ἀναμέσων

2183 1526 2399 1593 ὓδατος
2427 1530 2521 1581 καὶ
2554 1529 2789 1597 ὓδατος.
2816 1530 2966 1581 Διατί
2998 1529 3054 1581 δὲ
3082 1530 3212 1582 αὑτὸ
3240 1529 3395 1582 καλεῖ
3433 1529 3758 1601 στερέωμας

2196 1615 2411 1686 Ἐπειδὴ
2448 1616 2554 1669 ἀπὸ
2583 1616 2790 1683 ἀραιῶν
2830 1617 3032 1671 ὑδάτων
3070 1618 3163 1670 καὶ
3190 1618 3586 1687 διαλελυμένων
3628 1618 3762 1670 αὑτὸ

2184 1704 2499 1775 ἐστερέωσε.
2542 1704 2642 1757 Διά
2676 1704 2831 1759 τοῦτο
2860 1706 2951 1758 καὶ
2990 1706 3151 1758 Δαυῖδ
3184 1722 3366 1777 φησιν·
3397 1704 3625 1758 Αἰνεῖτε
3653 1706 3762 1757 αὺ-

2186 1791 2293 1844 τὸν
2320 1792 2388 1843 ἐν
2426 1791 2781 1861 στερεώματι
2812 1791 3116 1863 δυνάμεως
3153 1792 3358 1847 αὐτοῦ.
3388 1794 3499 1846 Καὶ
3530 1792 3621 1844 ἴνα
3646 1793 3763 1845 ἐτέ-

2191 1897 2267 1950 ρῳ
2303 1880 2588 1951 χρήσωμαι
2610 1881 2963 1951 ὑποδείγματι
2992 1893 3043 1920 θ·
3072 1881 3259 1952 ὥσπερ
3282 1880 3511 1947 καπνὸς,
3539 1880 3765 1933 ἐπειδάν

2188 1968 2295 2020 ἀπὸ
2330 1967 2497 2031 ξύλων
2535 1968 2629 2021 καὶ
2664 1969 2833 2037 πυρὸς
2862 1969 3112 2039 ἀναδοθῇ.
3146 1970 3484 2039 ὴραιωμένος
3518 1970 3639 2021 ἐστὶ
3672 1970 3766 2021 καὶ

2190 2056 2617 2125 κεχαυνωμένος·
2656 2057 2872 2110 ἐπειδὰν
2898 2057 2951 2110 δὲ
2988 2057 3167 2128 δράμῃ
3201 2058 3278 2119 εἰς
3307 2056 3457 2125 ὕψος,
3493 2060 3575 2120 είς
3602 2057 3765 2125 νεφέ-

2189 2143 2287 2213 λης
2320 2144 2601 2214 παχύτητα
2644 2144 3171 2216 μεταρῤυθμίζεται·
3209 2144 3349 2197 οὑτω
3395 2146 3504 2196 τῶν
3558 2145 3767 2197 ὑδάτων

2190 2233 2296 2286 τῶν
2339 2232 2693 2303 ἠραιωμένων
2729 2234 2757 2285 ὀ
2792 2231 2923 2295 Θεὸς
2958 2233 3057 2303 τὴν
3107 2233 3266 2300 φύσιν
3310 2231 3532 2301 ὑψώσας
3566 2232 3767 2302 ἔπηξεν

2192 2322 2321 2375 ἄνω.
2387 2322 2494 2373 Καὶ
2552 2322 2633 2373 ὅτι
2690 2320 2887 2390 ἀληθὲς
2947 2321 3008 2373 τὸ
3067 2322 3372 2391 ὑπόδειγμα
3400 2319 3442 2378 ί.
3500 2322 3775 2391 μαρτυρεῖ

2205 2409 2427 2471 Ἡσαΐας
2472 2406 2661 2475 λέγων,
2709 2408 2790 2461 δτι
2847 2406 2907 2460 Ὀ
2934 2408 3187 2475 οἰφανὸς
3224 2410 3307 2473 ὡς
3342 2408 3575 2474 καπνὸς
3610 2409 3771 2461 ἐστε-

2191 2495 2397 2563 ρεώθη.
2444 2496 2645 2564 Παγεὶς
2674 2496 2850 2549 τοίνυν
2896 2497 2953 2548 ἐν
2986 2496 3135 2566 μέσῳ
3169 2496 3277 2549 τῶν
3306 2496 3513 2548 ὑδάτων
3546 2498 3575 2549 6
3602 2497 3767 2566 οὑραο

2193 2586 2303 2647 νὸς,
2338 2584 2588 2653 ἐκούφισε
2618 2585 2687 2638 τὰ
2706 2583 2976 2656 ἡμίσε[ι]α
3002 2583 3109 2636 τῶν
3142 2584 3348 2638 ὑδάτων
3376 2584 3509 2638 ἀνω.
3534 2585 3689 2637 Διατί
3715 2584 3769 2646 δὲ

2194 2674 2305 2726 ἄνω
2340 2673 2503 2725 ὕδατα
2528 2689 2542 2736 ;
2573 2673 2706 2744 πρὸς
2731 2674 2889 2726 ποίαν
2915 2673 3139 2743 χρῆσιν;
3176 2673 3262 2725 ἵνα
3284 2690 3367 2735 τις
3399 2674 3498 2743 πίῃ
3524 2690 3538 2735 ;
3574 2674 3661 2726 ἵνα
3690 2690 3772 2734 τις

2195 2760 2438 2831 πλεύσης
2472 2761 2589 2813 ’Ότι
2630 2761 2727 2830 μὲν
2767 2759 2875 2831 γὰρ
2924 2760 3071 2812 ἐστιν
3108 2759 3278 2813 ὕδατα
3328 2761 3462 2823 ἄνω,
3503 2762 3773 2829 μαρτυρεῖ

2196 2848 2356 2902 Δανῖδ
2387 2848 2580 2917 λέγων·
2610 2848 2717 2901 Καὶ
2749 2848 2815 2901 τὸ
2842 2847 2997 2916 ὕδωρ
3038 2847 3107 2901 τὸ
3130 2847 3405 2915 ὑπεράνω
3436 2845 3555 2900 τῶν
3590 2850 3770 2914 obpa—

2196 2938 2339 2991 νῶν.
2375 2938 2611 3009 Πρόσεχε
2655 2938 2841 2991 λοιπὸν
2887 2939 2989 3009 τὴν
3032 2937 3227 3007 σοφίαν
3267 2936 3361 2989 τοὺ
3401 2938 3756 3008 Δημιουργοΰ

2199 3023 2625 3095 ΚρυσταλΜῶης
2682 3020 2748 3094 ἦν
2807 3027 2835 3077 6
2876 3026 3103 3095 οὐρανὸς
3149 3024 3258 3078 ἀπὸ
3297 3025 3504 3078 ὑδάτων
3554 3026 3771 3092 παγείς.

2199 3114 2383 3181 ἐπειδὴ
2411 3111 2518 3183 γὰρ
2544 3112 2733 3182 ἔμελλε
2754 3112 2999 3182 δέχεσθαι
3023 3113 3170 3183 ἡλίου
3202 3113 3372 3181 φλόγα
3398 3116 3495 3166 καὶ
3522 3114 3772 3185 σελήνης,

2202 3202 2293 3253 καὶ
2321 3200 2533 3270 ἄστρων
2562 3200 2763 3270 ἄπειρα
2788 3200 2985 3269 πλήθη,
3027 3202 3119 3253 καὶ
3148 3196 3286 3255 εἶναι
3312 3200 3431 3263 ὅλος
3470 3201 3643 3270 πυρὸς
3678 3219 3773 3257 περ

2202 3288 2573 3359 πληρωμένος,
2596 3287 2682 3340 ἵνα
2707 3289 2780 3359 μὴ
2807 3288 2911 3343 ὑπὸ
2938 3291 3033 3359 τῆς
3059 3288 3390 3361 θερμότητος
3417 3290 3552 3360 λυθῇ
3584 3290 3616 3359 ἧ
3651 3290 3772 3359 φλεδ

2202 3376 2329 3447 χθῇ,
2360 3375 2670 3445 ἐπέστρωσε
2702 3378 2813 3439 τοῖς
2841 3376 3029 3441 νώτοις
3066 3376 3160 3429 τοῦ
3189 3375 3420 3447 οὐρανοῦ
3457 3376 3531 3428 τὰ
3567 3376 3777 3448 πελάπει

2204 3467 2384 3518 ἐκεῖνα
2402 3462 2509 3516 τῶν
2536 3462 2763 3528 ὑδάτων,
2806 3463 2895 3516 ἵνα
2921 3462 3143 3537 λιπαίνῃ
3179 3465 3272 3517 καὶ
3312 3464 3581 3535 ἐπαλείφῃ
3613 3463 3777 3515 αὑτοῦ

2204 3551 2273 3605 τὰ
2298 3551 2462 3616 νῶτα,
2489 3551 2581 3603 καὶ
2609 3549 2780 3613 οὕτως
2817 3550 3020 3624 ἀντέχῃ
3044 3553 3180 3623 πρὸς
3208 3551 3305 3621 τὴν
3335 3550 3530 3619 φλόγα,
3571 3552 3669 3603 καὶ
3707 3551 3778 3619 μὴ

2206 3638 2497 3709 φρύγηται.
2528 3638 2712 3707 Ἔχεις
2747 3636 2804 3689 δὲ
2833 3638 2927 3691 καὶ¹
2960 3638 3282 3707 ὑπόδειγμα·
3317 3637 3508 3708 ὥσπερ
3543 3640 3783 3709 σήμερον

2206 3727 2300 3779 ἐὰν
2345 3726 2537 3796 ἐπιθῇς
2581 3723 2782 3795 λέϐητα
2813 3725 2994 3780 ἐπάνω
3027 3725 3214 3797 πυρὸς,
3245 3724 3337 3777 ἐὰν
3385 3725 3485 3794 μέν
3514 3724 3659 3793 ὕδωρ
3686 3729 3773 3777 ἐπ-

2206 3814 2409 3869 άνωθεν
2440 3810 2500 3889 ᾖ,
2526 3812 2737 3884 ἀντέχει
2777 3812 2911 3885 πρὸς
2944 3813 3005 3868 τὸ
3037 3812 3167 3883 πῦρ·
3198 3813 3291 3866 ἐὰν
3313 3812 3368 3865 δὲ
3409 3813 3485 3884 μὴ
3510 3814 3627 3885 ἔχῃ,
3663 3814 3778 3866 δια·

2206 3904 2441 3955 λέλυται·
2472 3899 2643 3965 οὑτως
2671 3905 2698 3956 6
2730 3901 2860 3965 Θεὸς
2887 3903 3180 3972 άντέθηκεν
3208 3901 3500 3956 ἀντίπαλον
3538 3903 3614 3971 τῷ
3646 3902 3781 3973 πυρὶ

2206 3991 2268 4043 τὸ
2311 3990 2471 4059 ὕδωρ,
2524 3990 2611 4041 ἵνα
2657 3989 2755 4060 ἔχῃ
2800 3989 3070 4059 ἀρκοῦσαν
3114 3991 3213 4060 τὴν
3250 3989 3511 4060 διαμονὴν
3560 3990 3621 4041 ἐκ
3676 3989 3781 4041 τῶν

2208 4078 2411 4132 ἀνωθεν
2460 4076 2854 4144 ἐπαλειφόντων
2892 4077 3052 4129 αὑτὸν
3095 4076 3317 4131 ὑδάτων.
3370 4078 3479 4129 Καὶ
3528 4077 3693 4145 βλέπε
3726 4076 3782 4128 τὸ

2210 4164 2537 4234 θαυμαστόν·
2571 4163 2809 4217 τοιοῦτον
2844 4164 3151 4235 περισσεύει
3183 4163 3260 4233 τῷ
3294 4164 3532 4235 οὐρανίῳ
3572 4164 3813 4235 σώματι-

2212 4254 2396 4325 ὑγρὸν,
2426 4254 2531 4307 ὑπὸ
2562 4254 2814 4306 τοσούτου
2848 4254 3015 4325 πυρὸς
3049 4253 3471 4324 πολεμούμενον,
3498 4255 3580 4307 ὅτι
3604 4256 3699 4307 καὶ
3721 4256 3783 4323 τῇ

2210 4345 2281 4414 γῇ
2312 4342 2563 4406 δανείζει.
2614 4341 2766 4395 Ἐπεὶ
2794 4341 2951 4394 πόθεν
2983 4343 3015 4413 ή
3044 4341 3256 4413 δρόσος;
3280 4342 3496 4412 Νεφέλη
3527 4342 3792 4412 οὑδαμοῦ,

2213 4434 2242 4486 6
2296 4430 2401 4502 ἀὴρ
2453 4430 2596 4501 ὕδωρ
2647 4431 2746 4483 οὑκ
2787 4429 2918 4499 ἔχει·
2971 4430 3209 4500 δηλονότι
3250 4433 3277 4483 6
3314 4430 3542 4501 οὑρανδς
3586 4434 3650 4483 ἐκ
3683 4430 3791 4483 τῶν

2215 4520 2643 4591 περισσευόντων
2681 4518 2827 4589 αὑτῷ
2852 4520 3165 4584 ἀποστάζει.
3195 4520 3292 4571 Διά
3319 4519 3477 4573 τοῦτο
3505 4522 3599 4573 καὶ
3629 4522 3658 4573 6
3693 4538 3793 4573 πα·

2215 4609 2477 4679 τριάρχης
2515 4609 2697 4660 Ἰσαάκ
2727 4606 2962 4675 εὐλογῶν
2986 4607 3076 4658 τὸν
3115 4607 3305 4659 Ἰακὼϐ
3336 4607 3512 4674 ἔλεγε·
3545 4607 3674 4675 Δῴη
3696 4624 3794 4661 σοι

2218 4699 2250 4750 ό
2284 4696 2428 4761 Θεὸς
2454 4696 2571 4750 ἀπὸ
2600 4694 2708 4763 τῆς
2731 4695 2953 4762 δρόσου
2976 4695 3080 4748 τοῦ
3106 4694 3383 4762 οὐρανοῦ,
3412 4695 3515 4748 καί
3534 4696 3657 4749 ἀπὸ
3688 4694 3797 4763 τῆς

2218 4786 2493 4850 πιότητος
2532 4780 2642 4850 τῆς
2676 4781 2805 4850 γῆς.

2286 4866 2347 4918 δ’.
2389 4865 2618 4933 Λέγεται
2654 4864 2731 4926 δέ,
2764 4864 3003 4932 ἀδελφοὶ,
3026 4865 3107 4918 ὅτι
3143 4867 3201 4918 ἐν
3226 4868 3293 4936 τῇ
3326 4865 3516 4937 ἡμέρᾳ
3540 4869 3641 4937 τῆς
3676 4867 3798 4935 κρί-

2222 4971 2356 5015 σεως
2380 4953 2653 5022 ὑποχωρεῖ
2673 4952 2731 5004 τὸ
2756 4950 2898 5023 ὓδωρ
2923 4952 2983 5005 τὸ
3006 4954 3134 5017 ἄνω,
3170 4953 3263 5006 καὶ
3291 4954 3319 5005 ὀ
3353 4953 3583 5023 οὐρανὸς
3611 4954 3800 5007 λύεται

2224 5041 2300 5112 μὴ
2326 5040 2461 5110 ἔχων
2485 5038 2590 5092 τῶν
2616 5039 2820 5092 ὑδάτων
2855 5040 2953 5111 τὴν
2980 5038 3255 5106 σύστασιν,
3287 5042 3381 5093 καὶ
3406 5041 3587 5112 ἄστρα
3608 5042 3803 5094 πίπτει

2224 5131 2298 5201 μὴ
2350 5130 2535 5200 ἔχοντα
2591 5126 2705 5180 666v
2762 5127 2795 5199 ἢ
2845 5127 3019 5197 βάσιν.
3080 5129 3263 5181 Ταῦτα
3307 5125 3400 5182 οὑν
3451 5131 3514 5187 οὑ
3567 5129 3804 5200 λέγομεν

2222 5218 2425 5281 ἁπλῶς,
2467 5216 2579 5270 ἀλλ’
2608 5219 2643 5287 ᾗ
2672 5216 2865 5286 Γραφὴ
2888 5216 3145 5271 διδάσκει·
3186 5218 3573 5286 Εὶλιγήσεται
3613 5217 3726 5287 γὰρ
3769 5219 3803 5269 ὀ

2222 5305 2475 5374 οὐρανὸς
2506 5306 2585 5370 ὠς
2602 5304 2845 5368 ,βιϐλίον
2895 5304 3034 5373 (ἀντὶ
3058 5304 3172 5367 τοῦ,
3208 5305 3569 5374 φρυγδμενος·
3601 5305 3662 5357 τὸ
3692 5304 3805 5373 γὰρ

2224 5392 2559 5466 φρυγόμενον
2592 5391 2855 5459 εἰλεῖται),
2904 5391 3001 5447 καὶ
3042 5392 3112 5445 τὰ
3156 5392 3347 5459 ἄστρα
3403 5392 3678 5448 πεσεῖται
3722 5393 3809 5459 ὡς

2288 5727 2314 5765 ⁴Ῐ
2340 5730 2534 5779 Cosmas
2554 5729 2720 5789 πήχεις
2745 5728 2893 5776 πέντε.

2296 5805 2318 5830 ρ
2343 5792 2540 5839 Cosmas
2560 5791 2917 5851 παραδείγματι.

2296 5853 2317 5892 ί
2347 5854 2540 5903 Cosmus
2561 5853 2637 5897 καὶ
2662 5852 2732 5898 ὅτι
2754 5852 2919 5908 ἀληθὲς
2944 5853 2999 5899 τὸ
3019 5852 3206 5916 δεῖγμα,
