4074 6308
297 374 391 430 Ml

299 503 361 542 eo
389 482 479 555 qui
520 490 636 538 erat
686 484 955 549 quaerunt,
992 467 1260 543 quomodo
1283 464 1493 536 genitus
1543 460 1631 515 sit.
1658 456 1713 511 Si
1760 467 1865 507 non

299 546 452 632 erant
479 574 565 627 illa
597 546 718 625 non
732 567 993 623 exstantia
1014 606 1029 631 ,
1058 563 1253 623 dicant,
1287 552 1552 627 quomodo
1579 551 1711 603 facta
1738 546 1866 600 sint.

300 667 448 735 Quod
477 681 584 720 non
610 671 713 729 est,
748 676 850 715 non
880 656 1109 713 efﬁcitur
1151 649 1441 707 secundum
1469 646 1759 699 humanum
1786 652 1871 693 ra-

302 757 595 821 tiocinium,
616 769 720 807 non
744 751 869 805 item
900 744 1189 803 secundum
1208 741 1436 794 divinam
1461 736 1731 789 virtutem.
1761 728 1872 782 Ali-

300 846 509 915 quando
530 818 660 899 dicit
680 839 962 894 hzereticus
985 854 1000 902 ;
1029 834 1170 889 Dixit
1195 833 1413 893 Deus,et
1439 826 1573 879 facta
1596 830 1737 876 sunt.
1767 818 1870 874 Sed

302 951 441 991 nunc
470 950 585 991 rem
608 930 808 994 dixisti,
840 943 941 981 non
973 924 1206 979 modum.
1240 919 1381 974 Dixit
1411 916 1567 982 Deus,
1598 912 1717 966 Fiat
1743 909 1831 963 tua;
1856 924 1874 961 :

308 1030 509 1084 factum
544 1034 627 1081 est
660 1022 712 1078 id
739 1021 880 1091 quod
906 1034 1011 1072 non
1035 1026 1169 1071 erat.
1202 1015 1391 1068 Sermo
1425 1010 1477 1062 in
1504 1021 1615 1061 rem
1643 1011 1876 1057 mutatus

304 1132 419 1184 est;
444 1125 586 1188 puta,
614 1118 726 1185 ipsa
745 1128 845 1166 vox
872 1123 1085 1179 egressa
1109 1105 1244 1160 facta
1270 1110 1352 1158 est
1373 1101 1484 1154 lux.
1505 1099 1642 1167 Ergo
1674 1108 1776 1148 non
1797 1099 1879 1145 est

304 1227 368 1266 ex
396 1225 502 1264 non
522 1204 872 1269 exstantibus,
892 1201 986 1256 sed
1011 1215 1077 1255 ex
1104 1197 1382 1253 existente.
1416 1191 1544 1259 Quis
1574 1188 1715 1243 enim
1744 1184 1879 1238 ausit

305 1303 482 1358 dicere
512 1300 744 1356 Verbum
777 1311 881 1350 non
908 1290 1158 1348 exstare?
1188 1289 1327 1357 Ergo
1357 1284 1489 1338 nihil
1510 1281 1635 1337 fecit
1660 1294 1725 1334 ex
1776 1292 1878 1329 non

305 1394 652 1457 exstantibus,
684 1390 779 1446 sed
803 1404 874 1444 ex
907 1387 994 1440 illo
1020 1403 1031 1438 :
1064 1385 1243 1452 sicque
1271 1378 1603 1448 reperiuntur
1626 1379 1882 1427 creaturae

307 1489 405 1557 ipsi
420 1481 915 1545 consubstantiales,
934 1475 1139 1547 etquod
1158 1474 1226 1528 de
1246 1472 1382 1526 Filio
1398 1470 1573 1523 dicere
1595 1465 1879 1534 refugiunt,

310 1581 360 1634 id
385 1577 642 1634 creaturis
662 1573 986 1629 adscribunt.
1009 1569 1205 1624 Verum
1235 1577 1420 1619 rursus
1440 1558 1626 1615 arctati
1651 1557 1836 1612 dicunt
1858 1572 1872 1607 :

312 1674 570 1728 Voluntas
600 1669 692 1723 Dei
718 1683 780 1721 ea
804 1681 923 1736 qua:
953 1679 1055 1718 non
1088 1667 1239 1716 erant
1267 1656 1444 1712 etfacit
1472 1672 1487 1720 ;
1516 1652 1660 1722 atqui
1690 1649 1881 1704 volun-

312 1775 391 1820 tas
414 1765 466 1818 id
493 1761 633 1833 quod
665 1774 769 1814 non
798 1766 911 1812 erat
941 1753 1211 1825 producit;
1238 1761 1423 1804 natura
1455 1754 1630 1799 autem
1663 1744 1714 1796 id
1746 1739 1884 1810 quod

313 1867 426 1914 erat
463 1832 572 1910 non
610 1853 793 1925 gignit.
853 1853 930 1903 Ac
977 1845 1220 1901 mirabile
1276 1842 1456 1909 utique
1500 1848 1599 1892 est.
1644 1832 1884 1901 Exempli

314 1964 470 2003 causa
500 1922 691 2015 loquor
725 1941 1001 2011 :s'uppone
1024 1935 1153 1992 mihi
1186 1934 1383 1989 fontem
1405 1941 1456 1984 et
1486 1936 1690 2000 petram
1719 1943 1731 1978 :
1757 1922 1882 1994 quid

316 2042 520 2095 facilius
562 2014 753 2107 aquam
798 2035 1015 2103 gignere
1052 2036 1249 2099 potest,
1290 2041 1357 2078 an
1399 2023 1539 2086 fons,
1588 2034 1656 2074 an
1697 2014 1889 2086 petra?

320 2132 455 2186 Fons
479 2130 524 2183 si
549 2126 813 2199 genuerit,
841 2140 908 2179 ex
936 2123 999 2176 iis
1021 2137 1136 2191 qua:
1164 2118 1343 2182 habet,
1376 2113 1594 2185 profert,
1626 2119 1769 2180 petra
1794 2122 1886 2161 ve-

318 2240 377 2279 ro
401 2239 467 2278 ex
490 2222 554 2275 iis
584 2234 702 2289 qua:
728 2232 832 2271 non
859 2214 1040 2268 habet.
1067 2211 1208 2280 Ergo
1235 2208 1284 2263 id
1308 2205 1450 2277 quod
1476 2219 1581 2258 non
1601 2209 1716 2257 erat
1744 2208 1891 2270 petra

317 2317 496 2386 genuit
524 2330 590 2368 ex
617 2313 682 2366 iis
712 2325 832 2380 qua:
870 2323 974 2361 non
1012 2304 1239 2360 habebat
1269 2321 1281 2355 :
1311 2311 1366 2356 et
1417 2298 1536 2354 fons
1560 2312 1714 2367 quem
1744 2295 1795 2348 in
1833 2309 1894 2347 se

320 2409 518 2461 fontem
566 2402 793 2457 habebat
833 2414 936 2453 non
975 2397 1176 2466 genuit.
1211 2394 1275 2447 Et
1319 2389 1586 2462 quomodo
1614 2388 1747 2441 facta
1773 2392 1896 2438 sunt

320 2513 438 2566 quae
468 2510 573 2549 non
604 2491 797 2548 erant?
843 2505 968 2543 num
1019 2486 1067 2541 id
1100 2500 1223 2540 casu
1268 2492 1321 2539 et
1352 2498 1445 2552 per
1470 2496 1528 2535 se
1581 2477 1813 2533 accidit?
1845 2476 1895 2529 id

322 2588 461 2657 quod
484 2601 593 2640 non
613 2592 746 2649 erat,
777 2595 973 2636 nomen
1002 2587 1102 2640 est,
1129 2576 1365 2644 nihilque
1390 2571 1569 2625 aliud?
1598 2568 1727 2636 Quia
1753 2567 1895 2633 dico,

325 2683 402 2737 Ex
436 2695 542 2735 non
590 2675 943 2738 exstantibus,
974 2688 1041 2726 ne
1081 2670 1200 2723 ideo
1229 2667 1501 2723 existimes
1530 2663 1583 2718 id
1627 2662 1766 2732 quod
1796 2677 1899 2714 non

326 2780 501 2826 exstat
525 2766 723 2838 aliquid
745 2781 881 2820 esse.
911 2763 1050 2832 Ergo
1074 2776 1195 2815 cum
1234 2774 1337 2811 non
1368 2755 1539 2826 possis
1564 2754 1739 2809 dicere
1769 2768 1901 2821 quo-

324 2862 487 2918 modo
512 2859 566 2914 id
586 2856 726 2928 quod
752 2870 859 2909 non
887 2862 1022 2917 erat,
1051 2867 1115 2905 ex
1142 2866 1247 2903 non
1271 2857 1512 2903 exstante
1533 2860 1628 2899 seu
1652 2860 1717 2898 ex
1740 2841 1904 2896 nihilo

330 2956 524 3007 factum
548 2950 633 3015 sit,
658 2946 945 3001 audebisne
972 2940 1234 2996 curiosius
1252 2938 1517 3007 inquirere
1544 2932 1812 3004 quomodo
1860 2934 1905 2986 is

331 3045 422 3113 qui
464 3049 578 3097 erat
602 3056 666 3095 ex
691 3053 756 3093 eo
784 3036 873 3105 qui
902 3042 1016 3088 erat
1045 3032 1252 3102 genitus
1292 3029 1397 3083 sit?
1417 3027 1616 3083 Omnes
1646 3034 1903 3079 creaturae

336 3152 442 3193 non
464 3143 613 3189 erant
629 3132 696 3186 ab
713 3131 879 3195 initio,
904 3138 959 3181 et
982 3125 1134 3180 facta:
1160 3129 1309 3177 sunt:
1332 3120 1657 3190 unigenitum
1678 3116 1906 3171 Verbum

334 3241 390 3284 et
408 3229 623 3284 Creator
642 3223 823 3279 mundi
837 3236 939 3275 non
959 3219 1125 3272 factus
1147 3225 1229 3271 est
1248 3216 1313 3269 ab
1335 3214 1501 3277 initio,
1520 3213 1613 3267 sed
1629 3219 1761 3265 erat.
1788 3209 1911 3263 Haec

339 3335 442 3374 non
463 3325 686 3374 erantet
710 3314 843 3367 facta
869 3319 990 3365 sunt
1022 3328 1034 3362 :
1065 3308 1152 3361 hic
1177 3316 1291 3361 erat
1320 3306 1373 3358 in
1401 3304 1660 3374 principio
1680 3317 1788 3356 non
1821 3299 1906 3353 fa-

338 3422 476 3476 ctus,
496 3410 579 3462 bat
604 3419 732 3461 vero
758 3402 909 3457 facta:
936 3409 1055 3455 sunt
1080 3399 1133 3452 in
1152 3397 1431 3467 principio,
1458 3410 1577 3450 cum
1594 3408 1696 3449 non
1711 3400 1909 3447 essent.

409 3505 462 3559 3.
496 3502 655 3557 Terra
674 3501 921 3571 quomodo
949 3497 1212 3552 invisibilis
1239 3505 1351 3550 erat
1389 3494 1441 3547 in
1465 3490 1715 3563 principio
1731 3505 1751 3553 ;
1788 3487 1913 3541 Fir-

342 3598 577 3650 mamenti
607 3605 651 3649 et
692 3594 803 3648 cali
839 3594 967 3646 ratio
990 3590 1264 3644 secundum
1292 3586 1551 3643 Seueriani
1578 3593 1807 3637 mentem.
1845 3612 1915 3621 —

348 3691 504 3743 Terra
534 3699 723 3753 autem,
756 3686 942 3756 inquit,
961 3696 1067 3738 erat
1087 3683 1367 3737 invisibilis.
1392 3679 1528 3746 Quid
1555 3686 1658 3741 est,
1681 3676 1918 3731 Invisibi-

347 3784 456 3837 lis?
488 3782 618 3837 Novi
664 3780 860 3835 multos
886 3789 1190 3833 sanctorum
1220 3778 1436 3832 Patrum
1460 3774 1692 3828 dixisse:
1729 3768 1917 3823 Invisi-

349 3877 469 3929 bilis
497 3882 613 3929 erat
638 3883 778 3927 terra
807 3913 822 3939 ,
848 3870 1099 3941 quoniam
1126 3882 1263 3937 aqua
1289 3864 1654 3920 occultabatur
1682 3860 1832 3932 (Gen.
1864 3861 1917 3913 1.

347 3968 423 4036 ἓ).
455 3966 631 4021 Multa:
658 3972 783 4018 sunt
809 3962 1086 4017 sententia:
1117 3960 1215 4028 pire
1244 3956 1479 4028 quidem,
1510 3955 1606 4010 sed
1632 3969 1739 4008 non
1761 3966 1919 4007 verze.

353 4058 591 4127 Exempli
613 4070 792 4121 causa,
820 4063 929 4108 tres
955 4052 1111 4106 amici
1139 4050 1281 4115 Jobi,
1303 4063 1425 4103 cum
1456 4047 1603 4101 illum
1652 4045 1705 4098 in
1731 4058 1923 4097 :erum-

350 4153 435 4204 nis
459 4149 734 4210 viderent,
780 4152 1020 4199 sanctum
1046 4142 1217 4195 virum
1244 4140 1582 4202 damnarunt,
1613 4135 1761 4205 quasi
1783 4135 1923 4204 justa

352 4242 666 4311 patientem,
693 4236 1047 4304 dicebantque
1079 4252 1091 4286 :
1120 4232 1229 4285 Nisi
1254 4230 1437 4283 viduas
1480 4226 1781 4290 afllixisses,
1824 4226 1924 4280 nisi

354 4334 582 4406 pupillos
607 4329 982 4400 Oppressisses,
1018 4339 1303 4392 numquam
1332 4322 1422 4375 tibi
1474 4320 1612 4373 Deus
1635 4317 1750 4371 haec
1781 4316 1924 4370 infli-

354 4431 538 4483 xisset.
591 4425 659 4478 Et
705 4431 877 4475 tamen
924 4418 1045 4487 quia
1084 4416 1175 4469 Dei
1214 4412 1538 4483 prepositum
1589 4408 1925 4479 ignorabant,

357 4519 661 4574 maluerunt
715 4513 854 4566 hunc
899 4510 1154 4563 damnare
1202 4504 1346 4574 quasi
1397 4503 1539 4573 justa
1605 4501 1929 4570 patientem,

357 4626 514 4682 quam
549 4608 735 4670 Deum,
766 4613 824 4657 ut
853 4602 1044 4671 injuste
1072 4598 1206 4652 mala
1236 4595 1571 4651 inferentem.
1604 4592 1697 4647 Dei
1718 4605 1933 4646 causam

359 4703 606 4773 agebant,
647 4708 702 4752 et
754 4706 927 4748 tamen
970 4694 1107 4745 Deus
1138 4690 1254 4743 illos
1305 4686 1541 4755 coarguit
1576 4704 1587 4738 :
1622 4684 1792 4750 Quare
1832 4698 1933 4734 non

362 4793 553 4863 loqnuti
603 4790 717 4843 estis
746 4797 881 4839 recta
908 4784 1145 4837 adversus
1174 4794 1369 4834 servum
1399 4793 1559 4830 meum
1588 4773 1706 4847 (Job
1732 4774 1821 4828 42.
1856 4772 1929 4841 7).

367 4891 458 4943 Est
500 4886 658 4955 igitur
681 4881 942 4937 sententia
972 4879 1056 4946 pia
1086 4874 1320 4945 quidem,
1356 4871 1449 4924 sed
1492 4884 1597 4924 non
1625 4882 1767 4923 vera.
1798 4866 1935 4932 Quid

362 4992 443 5035 est
470 4981 646 5048 igitur,
678 4975 832 5028 Terra
870 4981 1035 5023 autent
1059 4977 1164 5021 erat
1190 4964 1447 5018 invisibilis
1474 4971 1519 5014 et
1565 4961 1891 5028 incomposita
1913 4959 1937 5009 ?

366 5075 688 5141 lnterpretes
728 5066 871 5120 clare
913 5066 1294 5129 exposuerunt.
1344 5055 1433 5109 Ait
1481 5054 1622 5107 enim
1674 5051 1862 5121 Aquila
1921 5065 1934 5099 :

367 5165 522 5218 Terra
549 5170 716 5214 autent
743 5166 851 5212 erat
905 5154 1127 5207 inanitas
1172 5159 1217 5203 et
1264 5147 1409 5202 nihil.
1457 5145 1734 5199 Invisibilis
1762 5152 1937 5196 autem

366 5256 579 5316 dicitur,
618 5264 720 5303 non
741 5245 883 5317 quod
904 5260 1006 5299 non
1037 5246 1338 5310 appareret,
1371 5235 1553 5305 sed,ut
1578 5236 1698 5304 quis
1717 5232 1934 5296 dixerit,

367 5352 630 5403 inornata.
652 5342 895 5399 Nondum
923 5348 1037 5395 erat
1056 5339 1173 5392 item
1191 5333 1399 5405 plantis,
1424 5329 1657 5385 nondum
1684 5326 1941 5381 fructibus

366 5449 640 5506 coronata,
669 5434 906 5492 nondum
930 5430 1103 5486 ﬂuviis
1147 5441 1201 5484 et
1226 5427 1458 5480 fontibus
1478 5423 1670 5482 cincta,
1703 5416 1937 5471 nondum

366 5534 482 5588 aliis
533 5529 799 5598 variisque
849 5520 1173 5580 ornamentis
1211 5518 1423 5577 decora,
1455 5524 1672 5580 eratque
1703 5508 1939 5563 invisibi-

369 5627 431 5680 lis
450 5624 684 5678 nondum
705 5622 958 5675 instructa
986 5612 1231 5683 gignendi
1262 5609 1528 5662 facultate.
1558 5604 1645 5656 Ait
1671 5602 1939 5668 Scriptura

372 5717 437 5769 de
468 5715 697 5783 quodam
740 5711 855 5762 viro
888 5706 1004 5759 forti
1042 5715 1094 5757 et
1123 5702 1390 5755 formoso:
1422 5697 1604 5748 Nonne
1643 5695 1720 5745 hic
1742 5706 1943 5760 percus-

374 5809 433 5863 sit
461 5810 618 5860 rirunt
648 5802 956 5874 [Egyptium
988 5797 1224 5851 visibilem
1254 5794 1326 5862 (2.
1364 5791 1488 5859 Reg.
1515 5788 1603 5843 ‘25.
1634 5787 1694 5842 21
1718 5788 1737 5857 )
1758 5788 1778 5837 1’
1812 5784 1945 5837 Nunt

1320 350 1407 405 DE
1445 340 1653 402 MUNDI
1692 331 2084 395 CREATIONE
2124 329 2379 389 ORATIO
2416 326 2480 382 ll.

1975 636 2145 688 virum
2198 629 2479 693 visibilem,
2525 640 2622 680 ceu
2665 622 2878 691 dignum
2929 616 3229 688 Spectacula

3447 314 3549 370 4ιί

1975 457 2059 503 est
2084 462 2216 516 ergo
2241 445 2321 499 vir
2352 438 2670 497 invisibilis?
2716 436 2821 495 Sed
2852 435 3044 505 dignus
3074 440 3185 493 est,
3218 428 3427 500 inquit,
3457 429 3548 497 qui

1975 539 2310 609 suspiciatur.
2351 530 2804 602 Quemadmodum
2853 528 3011 596 igitur
3058 521 3362 593 Egyptium
3416 518 3548 571 dixit

3284 631 3296 666 :
3336 615 3413 666 sic
3448 618 3554 662 ter-

1978 740 2092 780 ram
2146 721 2425 776 informem
2466 714 2779 769 invisibilem
2827 710 2977 764 dixit.
3005 705 3250 763 Secundo
3288 703 3373 758 die
3419 699 3552 755 dixit

1980 817 2118 870 Deus
2177 831 2189 866 :
2248 809 2367 864 Fiat
2424 809 2793 877 ﬁrmamentum
2840 802 2890 853 in
2938 800 3101 852 medio
3140 811 3285 864 aqua:
3315 835 3339 858 ,.
3377 801 3423 845 et
3484 790 3549 843 sit

1981 906 2204 960 dividens
2220 903 2348 956 inter
2372 914 2554 969 aquam
2579 905 2626 950 et
2647 909 2829 961 aquam
2850 889 3002 961 (Gen.
3031 892 3081 943 1.
3105 886 3187 959 li).
3218 885 3366 939 Fecit
3393 883 3552 952 igitur

1983 996 2084 1049 hoc
2108 994 2318 1057 caelum,
2347 1004 2453 1043 non
2480 1000 2608 1041 vero
2629 986 2815 1039 cretum
2838 981 3103 1051 superius,
3138 976 3231 1032 sed
3255 974 3382 1030 illud
3413 970 3555 1042 quod

1982 1087 2226 1152 videtur,
2273 1098 2343 1139 ex
2392 1080 2543 1150 aquis
2569 1091 2758 1147 nempe
2788 1074 3021 1145 erystalli
3063 1073 3227 1126 instar
3269 1066 3557 1124 concretis.

1988 1183 2155 1236 Velim
2184 1193 2297 1233 rem
2329 1174 2422 1230 tibi
2454 1175 2505 1229 in
2532 1179 2873 1239 conSpectnIn
2901 1167 3027 1221 dare
3067 1184 3079 1217 :
3115 1164 3278 1217 multa
3309 1161 3449 1216 enim
3492 1172 3560 1211 ex

1985 1277 2099 1329 visu
2131 1282 2315 1327 nostro
2340 1268 2528 1324 melius
2548 1282 2703 1336 quam
2734 1263 2898 1317 verbo
2940 1258 3238 1313 traduntur.
3274 1256 3397 1308 lltec
3423 1267 3559 1321 aqua

1986 1382 2145 1435 supra
2169 1375 2364 1418 terram
2394 1358 2681 1420 eminebat,
2710 1353 2857 1408 verbi
2884 1365 3066 1414 causa,
3098 1347 3288 1403 cubitis
3320 1345 3555 1414 triginta.

1986 1458 2135 1512 Tunc
2160 1453 2294 1509 dixit
2320 1454 2457 1507 Deus
2490 1469 2501 1504 :
2538 1447 2655 1501 Fiat
2684 1447 3055 1517 [irritamentum
3089 1440 3142 1492 in
3184 1438 3348 1491 medio
3376 1448 3516 1505 aqua:
3546 1449 3563 1485 :

1990 1550 2311 1617 demumque
2356 1546 2408 1599 in
2456 1541 2633 1596 medio
2661 1552 2918 1608 aquarum
2948 1531 3219 1587 concretio
3245 1530 3295 1584 in
3326 1526 3566 1599 crystalli

1990 1655 2191 1696 morem
2210 1639 2329 1702 fuit,
2354 1634 2650 1701 levavitque
2675 1630 2902 1684 mediam
2930 1636 3135 1697 partem
3164 1636 3295 1691 aqua
3329 1634 3561 1683 sursum,

1992 1731 2220 1786 mediam
2254 1742 2383 1782 vero
2427 1724 2648 1781 inferius
2689 1720 2924 1788 reliquit,
2969 1718 3106 1772 sicut
3130 1713 3386 1783 scriptum
3421 1718 3502 1764 est
3547 1728 3561 1762 :

1995 1825 2110 1879 Fiat
2133 1824 2503 1893 ﬁrmamentum
2523 1819 2577 1871 in
2601 1815 2762 1869 medio
2787 1827 2951 1883 aqum,
2977 1818 3023 1864 et
3044 1809 3137 1862 erit
3178 1806 3406 1860 dividens
3432 1803 3563 1855 inter

1992 1933 2176 1987 aquam
2195 1923 2241 1968 et
2264 1928 2468 1983 aquam.
2488 1912 2595 1964 Cur
2620 1917 2796 1961 autem
2820 1903 2945 1958 illud
2970 1903 3361 1958 firmamentum
3378 1894 3572 1950 vocat?

1992 2008 2125 2075 Quia
2153 2004 2400 2059 nimirum
2429 2017 2494 2055 ex
2524 1999 2727 2053 rariore
2770 2006 2826 2050 et
2864 1993 3121 2048 dissoluta
3161 2002 3417 2060 aquarum
3446 1984 3574 2039 sub-

1994 2098 2184 2155 stantia
2210 2096 2336 2151 illud
2364 2093 2611 2147 firmavit.
2633 2090 2757 2144 Ideo
2780 2085 2945 2141 David
2967 2098 3178 2155 quoque
3202 2082 3275 2134 ait
3304 2099 3316 2134 :
3340 2077 3573 2133 Laudate

1997 2208 2108 2247 eum
2142 2190 2195 2242 in
2219 2189 2535 2257 ﬁrmamento
2564 2182 2765 2236 virtutis
2795 2181 2902 2250 ejus
2930 2175 3100 2249 (Psal.
3136 2172 3262 2229 150.
3289 2172 3379 2243 1).
3430 2169 3498 2223 Ει
3516 2176 3576 2222 ut

1998 2286 2103 2340 alio
2145 2291 2264 2337 utar
2305 2278 2549 2346 exemplo
2581 2294 2593 2329 :
2623 2269 3069 2343 quemadmodum
3114 2266 3325 2330 fumus,
3356 2276 3479 2316 cum
3505 2275 3573 2314 ex

2000 2376 2155 2446 lignis
2183 2380 2239 2427 et
2270 2371 2391 2440 igne
2435 2364 2748 2429 emerserit,
2775 2360 2947 2416 rarior
2987 2367 3070 2413 est
3116 2365 3275 2425 atque
3321 2352 3575 2416 mollior;

2000 2483 2119 2523 cum
2142 2472 2318 2520 autem
2334 2462 2390 2516 in
2415 2459 2643 2515 sublime
2663 2452 2984 2515 ascenderit,
3014 2450 3065 2505 in
3088 2448 3244 2503 nubis
3260 2444 3577 2501 densitatem

2002 2566 2272 2614 mutatur:
2305 2553 2384 2608 sic
2413 2562 2673 2621 aquarum
2692 2547 2900 2600 illarum
2943 2542 3206 2596 rariorum
3248 2545 3492 2591 naturam
3524 2534 3580 2587 in

2002 2650 2230 2705 sublime
2248 2646 2463 2700 ductam
2482 2643 2618 2697 Deus
2640 2638 2754 2693 fixit
2779 2645 2833 2690 et
2849 2631 3222 2689 consolidavit.
3249 2629 3385 2684 Rem
3403 2635 3578 2681 autem

2003 2757 2121 2797 esse
2149 2752 2326 2793 veram
2360 2733 2669 2790 teStificatur
2712 2727 2877 2783 Isaias
2919 2725 3102 2780 dicens
3129 2740 3144 2776 :
3173 2720 3366 2774 Cretum
3412 2727 3465 2770 ut
3493 2720 3578 2787 [u—

2005 2850 2116 2887 inus
2147 2834 2379 2901 ﬁrmatus
2416 2837 2489 2880 est
2522 2824 2677 2897 (lsai.
2703 2823 2789 2877 51.
2820 2820 2917 2891 6).
2951 2817 3149 2873 Ctelnm
3178 2815 3354 2882 itaque
3382 2811 3433 2864 in
3466 2826 3579 2863 me-

2008 2927 2097 2981 dio
2123 2937 2379 2992 aquarum
2408 2926 2713 2974 concretum
2746 2956 2762 2981 ,
2788 2910 3061 2968 dimidiam
3088 2919 3345 2977 aquarum
3383 2912 3583 2972 partem

2010 3022 2063 3074 in
2092 3017 2321 3074 sublime
2350 3013 2563 3069 levavit.
2614 3008 2722 3063 Cur
2749 3015 2927 3061 autem
2959 3016 3110 3073 aqua:
3150 2999 3253 3052 illa:
3296 3009 3541 3065 superna:
3568 3032 3585 3057 ,

2011 3124 2064 3169 et
2089 3112 2175 3166 cui
2198 3109 2347 3164 usui?
2373 3123 2438 3161 an
2462 3114 2519 3160 ut
2542 3104 2662 3173 quis
2683 3101 2851 3166 bibat,
2879 3113 2945 3151 an
2970 3104 3026 3150 ut
3052 3094 3169 3165 quis
3190 3088 3434 3158 naviget?
3456 3086 3585 3140 Nam

2012 3217 2177 3273 aquas
2201 3213 2430 3269 superne
2458 3196 2659 3266 positas
2689 3205 2808 3247 esse
2835 3186 3144 3243 testificatur
3170 3180 3329 3236 David
3359 3178 3543 3232 dicens
3571 3194 3585 3229 :

2112 3311 2244 3366 aqua
2270 3307 2384 3363 qua:
2408 3306 2557 3360 super
2586 3286 2735 3341 caelos
2761 3293 2832 3339 est
2855 3281 3025 3349 (Psal.
3059 3278 3182 3334 148.
3209 3277 3242 3330 4
3260 3275 3304 3345 ).
3333 3270 3589 3327 Animad-

2016 3400 2163 3446 verte
2201 3388 2312 3457 jam
2359 3382 2630 3439 Creatoris
2677 3376 3011 3446 sapientiam.
3058 3367 3434 3441 Crystallinum
3478 3372 3594 3418 erat

2017 3486 2206 3541 cadum
2221 3496 2286 3535 ex
2313 3478 2464 3548 aquis
2491 3481 2799 3530 concretum
2822 3486 2835 3522 :
2862 3467 2985 3537 quia
3006 3464 3148 3519 enim
3174 3461 3302 3515 solis
3327 3458 3592 3512 flammam

2019 3582 2388 3644 suscepturum
2417 3576 2532 3623 erat
2556 3575 2716 3634 atque
2747 3562 2905 3626 luntc,
2938 3569 3146 3611 necnon
3187 3550 3443 3606 infinitain
3465 3546 3597 3601 stel-

2021 3638 2195 3722 laruui
2222 3658 2639 3721 multitudinem,
2680 3654 3022 3718 futurumque
3048 3653 3164 3701 erat
3190 3651 3247 3697 ut
3278 3651 3446 3696 totum
3474 3638 3597 3709 igne

2023 3761 2343 3829 rcpleretur,
2374 3769 2441 3807 ne
2467 3767 2532 3806 ex
2573 3748 2753 3803 calore
2780 3744 2946 3800 nimio
2976 3740 3275 3796 solveretur
3299 3742 3391 3789 aut
3420 3744 3601 3787 urere-

2025 3864 2144 3920 tur,
2173 3852 2334 3906 dorso
2361 3846 2477 3902 cznli
2522 3840 2814 3898 constravit
2850 3837 2943 3892 illa
2990 3846 3249 3904 aquarum
3283 3827 3448 3883 maria
3473 3867 3488 3892 ,
3543 3833 3601 3878 ut

2026 3945 2142 4015 ejus
2171 3942 2328 3996 dorsa
2371 3935 2639 3991 emolliret
2683 3941 2840 4000 atque
2886 3928 3084 3991 liniret,
3116 3933 3170 3977 et
3194 3922 3270 3975 sic
3308 3925 3489 3988 posset
3517 3930 3601 3968 re-

2029 4037 2217 4090 sistere
2242 4030 2490 4089 flammat,
2523 4039 2621 4079 nec
2660 4028 2969 4077 torreretur.
3005 4014 3316 4083 Exemplum
3347 4010 3397 4063 in
3443 4022 3603 4061 manu

2031 4128 2194 4182 habes
2223 4141 2237 4177 :
2269 4124 2315 4180 si
2355 4122 2512 4176 hodie
2542 4118 2768 4172 lebetcm
2796 4113 2901 4184 igni
2932 4106 3247 4179 imposueris
3271 4145 3286 4171 ,
3329 4102 3375 4157 si
3414 4115 3607 4172 aquam

2033 4220 2245 4281 haheat,
2280 4216 2387 4286 igni
2415 4212 2647 4274 resistit;
2683 4208 2764 4262 sin
2786 4222 2891 4261 non
2920 4204 3131 4268 habeat,
3154 4196 3494 4254 dissolvitur:
3527 4194 3606 4248 sic

2036 4313 2187 4366 Deus
2226 4308 2334 4379 igni
2360 4304 2715 4360 adversariam
2749 4297 2923 4369 posuit
2958 4309 3150 4364 aquam
3173 4332 3187 4356 ,
3219 4299 3278 4345 ut
3317 4288 3609 4361 perdurare

2034 4410 2215 4474 posset
2233 4377 2353 4465 ,vex
2397 4397 2547 4466 aquis
2575 4407 2784 4448 sursum
2830 4388 2959 4443 illud
2990 4382 3316 4461 linien‘tibus.
3370 4381 3447 4435 Ac
3490 4377 3611 4433 vide

2036 4472 2147 4548 rem
2177 4492 2363 4545 miram
2396 4505 2410 4542 :
2445 4495 2644 4540 tantum
2670 4480 2902 4536 abundat
2931 4477 3149 4532 humida
3180 4472 3481 4530 substantia
3507 4486 3613 4525 ca:-

2038 4585 2155 4640 lesti
2190 4580 2399 4650 corpori
2432 4577 2703 4645 imposita,
2737 4580 2881 4627 tanto
2901 4571 3028 4624 licet
3048 4568 3365 4623 adversante
3392 4566 3531 4633 igne,
3557 4571 3614 4614 ut

2039 4678 2198 4733 etiam
2226 4684 2384 4728 terra:
2412 4668 2733 4726 commodet.
2764 4664 2893 4719 Nam
2922 4661 3062 4716 unde
3107 4659 3236 4715 ros?
3270 4658 3448 4713 Nubes
3488 4668 3615 4708 nus-

2040 4785 2198 4841 quam
2243 4775 2359 4829 est,
2409 4778 2500 4816 aer
2542 4775 2731 4829 aquam
2791 4772 2899 4810 non
2946 4754 3140 4817 habet;
3180 4764 3375 4818 nempe
3424 4746 3613 4801 caelum

2040 4840 2106 4917 ex
2152 4854 2604 4927 superabundanti
2654 4865 2791 4919 aqua
2863 4845 3101 4901 distillat.
3160 4841 3284 4895 ldeo
3336 4840 3479 4892 Isaac
3526 4849 3616 4903 pa.

2043 4924 2271 5010 triarelia
2300 4963 2421 5003 cum
2448 4943 2647 5000 Jacobo
2672 4940 3045 5002 benediceret,
3076 4935 3285 4991 diccbat
3327 4949 3340 4983 :
3391 4928 3486 4980 Det
3532 4924 3619 4977 tibi

2045 5047 2181 5100 Deus
2198 5044 2259 5097 de
2286 5056 2399 5093 rore
2427 5038 2537 5090 caeli
2569 5046 2613 5089 et
2632 5034 2692 5087 de
2715 5031 3014 5102 pinguedine
3039 5040 3184 5081 terra:
3210 5019 3467 5093 (Gen.‘27.
3488 5014 3606 5084 28).

2117 5139 2169 5191 4.
2203 5137 2363 5188 Aiunt
2391 5145 2534 5191 vero,
2570 5127 2778 5191 fratres,
2824 5125 2877 5177 in
2924 5122 3011 5175 die
3032 5116 3217 5189 judicii
3242 5156 3257 5181 ,
3286 5121 3620 5167 recessuram

2046 5244 2235 5298 aquam
2263 5226 2405 5279 illam
2429 5234 2735 5291 supernam,
2776 5218 3069 5283 canumque
3110 5210 3337 5263 solutum
3366 5203 3427 5256 iri
3452 5243 3467 5267 ,
3496 5214 3617 5253 cum

2048 5339 2151 5376 non
2192 5321 2326 5374 ultra
2377 5317 2678 5370 habiturum
2722 5312 2791 5363 sit
2819 5310 2960 5363 illam
3016 5315 3268 5372 aquarum
3310 5296 3526 5358 molem,
3560 5298 3621 5358 ,et

2050 5413 2163 5465 fore
2190 5419 2248 5463 ιιι
2274 5409 2442 5462 stellae
2470 5406 2699 5465 cadant,
2752 5416 2870 5454 cum
2901 5413 2998 5450 nec
3024 5398 3160 5445 vtam
3209 5403 3307 5442 nec
3338 5384 3621 5439 stationem
3700 5430 3705 5449 ε

2052 5502 2186 5553 ultra
2219 5498 2476 5551 habitune
2506 5496 2631 5547 sint.
2662 5492 2785 5545 Ηωο
2816 5502 2973 5557 porro
3002 5500 3103 5535 non
3131 5492 3329 5534 temere
3357 5475 3580 5527 dicimus
3605 5489 3619 5535 ;

2053 5592 2145 5646 sed
2167 5592 2436 5657 Scriptura
2460 5588 2618 5640 docet
2649 5602 2660 5634 :
2697 5581 2887 5636 Cwlum
2914 5578 3055 5631 enim
3085 5569 3400 5624 convolvetur
3424 5575 3476 5617 ut
3497 5568 3625 5618 liber,

2054 5685 2207 5754 (lsai.
2243 5684 2330 5737 51.
2360 5683 2449 5749 4);
2482 5691 2671 5745 nempe
2718 5672 2960 5725 adustum
2992 5681 3007 5720 :
3036 5662 3176 5731 quod
3206 5658 3347 5712 enim
3383 5654 3625 5708 aduritur

2058 5778 2385 5833 convolvitur
2412 5790 2421 5826 :
2444 5784 2485 5827 et
2517 5770 2671 5825 stella‘
2700 5764 2874 5820 cadent
2905 5763 3031 5815 sicut
3060 5757 3182 5826 {alia
3214 5751 3344 5807 ritis.
3381 5747 3629 5809 Attende,
