4074 6308
447 346 556 405 413

432 477 650 539 quaeso,
682 472 737 520 et
763 463 922 519 alium
952 479 1125 536 usum.
1158 466 1322 534 Aqua:
1352 465 1460 527 illa:
1479 509 1492 530 ,
1519 481 1644 536 qua:
1665 480 1824 536 super
1851 466 2016 519 caelos

453 568 598 626 sunt,
629 573 734 612 non
763 557 922 612 modo
943 558 1128 612 Caelum
1164 569 1482 614 conservant
1507 599 1522 623 ,
1554 546 1650 614 sed
1687 560 1848 613 etiam
1877 558 2028 610 flam-

459 666 602 706 matn
630 650 758 705 solis
783 659 838 705 et
865 649 1004 704 luna:
1033 651 1300 705 emittunt.
1331 651 1386 706 Si
1411 652 1553 713 enim
1581 651 1899 722 pellucidum
1940 666 2028 706 es-

449 750 534 798 set
557 742 767 808 caelum,
815 743 989 800 onmis
1027 741 1142 810 ejus
1189 743 1440 812 splendor
1477 759 1687 798 sursum
1733 753 2022 808 curreret,

446 835 585 907 ignis
635 836 829 906 quippe
879 852 998 894 cum
1053 854 1265 912 sursum
1314 838 1534 902 tendat,
1594 847 1789 893 terram
1838 838 2023 902 deser-

446 937 553 980 tam
581 927 924 998 relinqueret.
980 928 1181 990 Idcirco
1227 929 1386 1000 igitur
1422 938 1594 990 totum
1629 929 1819 995 (uelum
1861 943 2023 999 supc-

451 1018 566 1074 rius
597 1018 870 1074 immensis
917 1021 1070 1089 aquis
1096 1019 1447 1090 addensavit,
1509 1032 1566 1075 ut
1609 1023 1860 1093 splendor
1904 1036 2026 1080 coa-

443 1117 562 1163 ctus
613 1108 751 1164 infra
796 1109 1162 1174 descenderet.
1208 1111 1341 1176 Vide
1401 1113 1632 1168 Artificis
1684 1113 2022 1183 sapientiam.

443 1197 619 1253 Habes
645 1208 828 1268 autem
851 1201 900 1254 in
929 1202 1100 1271 teipso
1126 1203 1401 1272 sapientiae
1427 1203 1663 1274 Artificis
1691 1205 1973 1280 imaginem
1999 1223 2015 1268 ;

445 1289 573 1344 fecit
601 1291 796 1370 quippe.
824 1293 964 1351 Deus
992 1293 1152 1348 etiam
1180 1296 1230 1348 in
1261 1304 1313 1350 te
1353 1305 1585 1366 quatuor
1625 1279 2018 1354 elementorum

441 1380 694 1452 eﬂlgiem.
717 1383 1117 1452 Animadverte,
1140 1401 1321 1456 qumso
1343 1406 1356 1441 :
1377 1389 1548 1458 cogita
1572 1388 1703 1442 mihi
1732 1399 1890 1458 caput
1918 1394 2020 1445 hoc

441 1488 561 1529 esse
581 1475 770 1530 cadum
811 1477 1097 1546 superius;
1130 1494 1250 1548 quae
1279 1493 1440 1549 supra
1470 1480 1706 1551 linguam
1738 1491 1883 1546 sunt,
1914 1498 2020 1538 cae-

441 1565 552 1619 lum
573 1566 817 1638 alterum,
845 1569 898 1622 id
928 1579 1009 1626 est
1039 1569 1430 1640 firmamentum
1461 1590 1476 1626 :
1510 1573 1743 1644 indeque
1764 1584 1844 1630 est
1869 1576 2011 1646 quod

441 1663 742 1730 οὐρανίσκος,
771 1660 882 1714 sive
913 1677 1131 1731 parvum
1177 1664 1367 1718 caelum
1396 1673 1634 1720 vocetur.
1666 1665 1923 1740 Superius
1965 1671 2016 1723 in

446 1749 585 1806 locis
623 1751 817 1806 abditis
868 1754 1170 1822 cerebrum,
1212 1756 1353 1825 quod
1382 1772 1487 1812 non
1521 1757 1732 1813 videtur
1759 1801 1772 1823 ,
1802 1759 2019 1828 inferius

443 1841 646 1912 lingua,
668 1857 787 1913 qua:
801 1844 900 1898 sub
925 1833 1197 1915 aspectum
1227 1847 1400 1924 cadit.
1431 1848 1889 1925 Quemadmodum
1921 1850 2018 1920 igi-

442 1943 529 1987 tur
552 1935 740 1992 cmlum
762 1936 1006 2003 superius
1033 1937 1092 1997 in.
1118 1937 1470 1993 invisibilibus
1500 1948 1602 2003 est,
1628 1940 1856 1996 mundus
1889 1957 2017 1996 vero

440 2023 496 2078 in
516 2024 645 2078 locis
660 2024 726 2078 de
741 2026 933 2103 quibus
959 2027 1253 2096 loquimur:
1274 2043 1345 2087 ac.
1359 2029 1805 2098 quemadmodum
1829 2033 1880 2086 in
1901 2033 2015 2097 ele-

441 2116 639 2171 mentis
681 2125 874 2181 terram
920 2121 1184 2194 comperis
1230 2135 1350 2187 esse
1378 2137 1614 2191 gravem,
1641 2137 1836 2192 aquam
1888 2139 2016 2178 vero

437 2217 580 2264 terra
637 2198 915 2278 leviorem,
971 2213 1090 2283 igne
1126 2214 1463 2282 graviorem;
1495 2229 1810 2285 rursumque
1833 2231 2011 2272 aerem

437 2302 588 2374 aquis
613 2302 886 2372 leviorem,
920 2307 1038 2375 igne
1065 2307 1360 2376 graviorem
1388 2325 1402 2362 :
1429 2307 1505 2362 sic
1549 2317 1604 2370 et.
1633 2309 1686 2362 in
1715 2309 1866 2379 nobis
1892 2324 2015 2370 εθητ

435 2409 549 2462 sus,
580 2404 784 2467 gustus,
815 2383 1095 2460 odoratus,
1118 2398 1349 2462 auditus,
1372 2397 1518 2456 visus
1537 2414 1636 2454 nec
1658 2415 1844 2458 omnes
1865 2401 2014 2456 simi-

435 2485 514 2540 les
549 2495 690 2542 sunt.
726 2488 858 2561 Rem
907 2489 1193 2558 comproba
1229 2507 1242 2545 :
1274 2490 1318 2558 si
1347 2491 1479 2568 velis
1512 2491 1709 2564 aliquid
1748 2502 1964 2562 gustare
1993 2536 2009 2562 ,

435 2579 534 2632 nlsi
577 2579 768 2649 lingua:
794 2580 1081 2636 admoveas
1108 2621 1123 2645 ,
1157 2583 1304 2636 nullo
1344 2591 1532 2653 gustus
1561 2599 1725 2640 sensu
1752 2585 2002 2644 afﬁceris.

431 2669 674 2734 Crassior
701 2671 896 2742 quippe
926 2688 1114 2727 sensus
1148 2683 1251 2738 est,
1285 2689 1386 2729 nec
1417 2683 1592 2744 potest
1620 2676 1803 2745 procul
1840 2677 2013 2746 perci-

432 2776 582 2831 pere.
615 2762 850 2832 Olt'acnts
883 2780 1006 2818 vero
1035 2765 1216 2834 procul
1243 2765 1473 2835 percipit
1501 2783 1521 2840 ;‘
1545 2767 1775 2836 exempli
1819 2782 2006 2835 causa,

431 2866 532 2919 per
585 2851 800 2907 domum
853 2855 1086 2919 transis,
1126 2841 1307 2922 odoris
1352 2841 1696 2926 fragrantiam
1751 2859 2007 2928 percipis,

429 2958 593 3011 quam
619 2959 730 3018 non.
747 2944 916 2999 vides.
948 2946 1158 3014 Rursus
1195 2947 1338 3001 visus
1377 2947 1573 3004 olfactu
1616 2949 1844 3004 celerior
1881 2960 2005 3005 est:

429 3034 572 3089 videt
613 3037 758 3092 enim
805 3053 874 3115 ex
907 3049 1086 3093 monte
1124 3039 1280 3094 latam
1323 3040 1621 3118 planitiem.
1655 3041 1787 3118 Visu
1823 3057 2008 3098 rursus

427 3142 582 3183 mens
595 3131 798 3185 acutior
819 3133 1045 3204 :ca21um.
1067 3133 1284 3204 cogitat,
1308 3142 1522 3201 terram,
1548 3149 1720 3216 mare,
1738 3145 1794 3190 et
1813 3136 2007 3209 ubique

428 3233 718 3275 Invenitur.

508 3316 656 3370 Mens
684 3316 935 3385 quomodo
979 3326 1054 3371 est
1100 3318 1268 3388 imago
1301 3318 1416 3381 Dei.
1459 3317 1692 3373 Historia
1717 3319 2002 3387 cujusdam,

427 3412 515 3482 qui
536 3427 600 3466 ea;
623 3408 1024 3483 sanctiﬁcatione
1049 3409 1242 3464 volebat
1272 3411 1562 3464 detruncari
1581 3411 1731 3477 illud,
1755 3411 2007 3466 Dominus

427 3501 708 3556 sabaoth...
747 3531 817 3540 —
839 3500 971 3564 Ideo
991 3500 1163 3568 imago
1191 3501 1283 3554 Dei
1314 3516 1465 3556 mens
1489 3511 1590 3556 est.
1622 3501 1768 3556 Mens
1788 3502 2002 3579 cogitat,

427 3609 659 3671 moxque
680 3594 731 3647 in
755 3609 813 3648 se
840 3593 947 3647 fora
975 3603 1142 3658 creat,
1175 3594 1382 3648 turbam
1413 3595 1512 3666 sibi
1539 3594 1797 3665 depingit,
1822 3605 1876 3652 et
1905 3612 2003 3666 po-

427 3687 629 3755 pulum.
662 3685 989 3747 Erubescant
1017 3673 1268 3740 hzerctici.
1303 3686 1452 3751 Mens
1483 3687 1604 3740 talia
1630 3697 1883 3758 cperatur
1906 3731 1922 3756 ,
1951 3700 2006 3744 et

429 3779 624 3853 mentis
651 3778 874 3850 Artifex,
901 3779 1044 3832 omni
1093 3778 1288 3844 olfactu
1315 3779 1561 3833 subtilior
1581 3822 1595 3844 ,
1625 3795 1730 3842 non
1775 3781 2003 3844 celerio-

431 3888 544 3928 rem
573 3872 735 3927 habet
764 3873 1149 3942 operationem,
1170 3888 1283 3936 non.
1307 3882 1604 3943 promptam
1632 3875 1847 3929 creandi
1871 3875 2002 3942 vim,

433 3983 541 4019 non
575 3965 1164 4034 incomprehensibilcm
1188 3966 1471 4022 naturam?
1499 3965 1635 4020 Volo
1657 3975 1856 4035 autem,
1889 3968 2001 4025 fra-

437 4065 544 4122 tres
575 4097 590 4120 ,
645 4069 757 4114 rem
785 4055 936 4114 vobis
961 4055 1138 4127 dicere
1167 4055 1479 4114 ἱηειιιιιηιρηι
1509 4056 1722 4126 quidem
1750 4066 2003 4128 quantum

434 4145 500 4198 ad
553 4131 898 4213 impietatem,
942 4145 1035 4199 sed
1080 4146 1200 4200 ﬁdei
1248 4162 1536 4200 consonam
1563 4158 1887 4218 ,qnantum
1938 4151 2005 4205 ad

435 4251 693 4310 examen;
723 4244 781 4305 ut
824 4234 1038 4291 discatis
1079 4246 1273 4306 quanta
1319 4247 1371 4291 et
1412 4254 1569 4310 quam
1608 4254 1753 4294 nova
1798 4251 2009 4297 moveat

434 4327 698 4402 diabolus,
724 4335 916 4396 quanta
942 4329 1190 4396 reperiat,
1221 4339 1416 4398 quanta
1448 4340 1695 4400 suggerat
1721 4331 2004 4394 lueretieis,

433 4418 519 4471 vel
575 4418 625 4470 hi
679 4419 851 4484 potius
897 4417 1126 4471 diabolo.
1179 4418 1349 4482 Hodie
1395 4421 1653 4490 quispiam
1699 4421 2003 4491 btereticus,

434 4508 785 4577 praesentibus
813 4509 1009 4564 sanctis
1040 4509 1167 4566 viris
1190 4520 1244 4565 et
1267 4510 1502 4579 patribus
1525 4553 1540 4577 ,
1570 4527 1666 4566 nos
1685 4515 2006 4568 conveniens

434 4600 644 4656 dicebat
675 4619 687 4653 :
719 4600 832 4653 lucc
861 4601 980 4653 dico
1005 4611 1202 4663 autem,
1239 4619 1305 4656 ne
1333 4619 1418 4657 res
1443 4592 1595 4657 aliter
1624 4603 1823 4668 audita,
1853 4605 2008 4660 aliter

436 4695 590 4747 feriat
621 4709 633 4744 :
665 4692 839 4766 Pater,
867 4692 1059 4754 aiebat,
1088 4703 1141 4747 et
1165 4693 1328 4753 Filius
1353 4705 1405 4749 et
1421 4695 1648 4763 Spiritus
1665 4705 1879 4749 sanctus
1905 4710 2006 4749 una

433 4785 703 4860 divinitas,
739 4799 840 4844 una
864 4784 1048 4848 virtus,
1079 4801 1242 4838 unum
1277 4802 1519 4854 regnum.
1553 4787 1776 4853 Oportet
1805 4795 2005 4850 autem,

436 4878 628 4947 inquit,
660 4875 868 4930 auferre
894 4875 960 4926 ab
989 4877 1168 4939 animo
1199 4877 1237 4939 ¹,
1269 4895 1372 4929 non
1405 4877 1545 4929 enim
1574 4877 1642 4929 ab
1668 4876 1818 4930 altari
1845 4876 1965 4930 dico
1991 4918 2003 4939 ,

434 4985 502 5024 ne
536 4969 586 5022 in
619 4967 1033 5022 sanctiﬁcatione
1075 4967 1296 5042 dicatur,
1330 4968 1567 5031 Sanctus,
1625 4977 1849 5039 sanctas,
1891 4983 2009 5019 san-

439 5073 551 5116 ctus
577 5061 828 5116 Dominus
855 5059 1103 5114 Sabaoth.
1129 5058 1238 5112 Nisi
1270 5059 1415 5122 illud,
1441 5059 1629 5128 inquit,
1659 5044 2004 5124 abstuleritis,

436 5154 723 5224 Christiani
755 5168 860 5207 non
892 5153 1038 5205 estis.
1086 5149 1325 5204 Vidistin‘
1350 5159 1544 5203 tantam
1571 5150 1866 5213 audaciam,
1892 5157 2007 5201 tau-

436 5251 648 5313 tamque
669 5243 862 5298 diaboli
892 5241 1186 5295 insaniam?
1204 5239 1431 5292 vidistin’
1463 5239 1693 5293 radicem
1721 5239 2005 5293 adversan-

435 5335 503 5392 tis
535 5335 642 5388 Deo
668 5333 999 5404 impietatis?
1053 5331 1286 5386 vidistin’
1316 5329 1728 5397 magnitudinem
1761 5329 2008 5397 blasphe-

436 5428 600 5483 ntite?
657 5427 873 5482 Pietatis
938 5434 1098 5495 caput
1159 5424 1326 5477 voluit
1389 5434 1695 5492 amputare,
1750 5439 2009 5478 enervare

436 5519 765 5588 mysterium.
797 5519 954 5572 fidem
983 5518 1199 5571 abolere
1224 5559 1239 5579 ,
1271 5516 1386 5584 ejus
1415 5514 1750 5570 fundamenta
1798 5531 2004 5570 eruere.

439 5610 504 5676 Et
530 5609 648 5664 vide
674 5610 867 5664 diaboli
891 5612 1156 5664 astutiam.
1185 5606 1450 5662 Persuasit
1471 5607 1518 5660 ei
1546 5617 1602 5661 ut
1637 5607 1837 5661 diceret
1867 5625 1879 5659 :
1912 5607 2007 5660 Pa-

504 5740 519 5769 ¹
555 5739 695 5788 Savil.
719 5740 982 5804 legendum
1006 5748 1158 5802 putat,
1181 5741 1242 5790 ab
1263 5737 1493 5803 oratione,
1518 5753 1620 5804 pro,
1647 5740 1706 5790 ab
1720 5739 1892 5789 animo.
1920 5741 2008 5789 Sed

439 5807 572 5861 utare
595 5810 753 5864 potest
777 5801 920 5851 lectio
943 5801 1167 5852 Codicum
1188 5805 1416 5851 omnium.

1895 349 2268 420 ssvsnnnvt

3608 359 3708 429 “4.

2140 473 2219 518 ter
2243 473 2298 519 et
2329 464 2494 526 Filius
2519 475 2574 520 et
2622 465 2850 537 Spiritus
2878 476 3092 526 sanctus
3121 510 3136 534 ,
3167 484 3266 525 una
3302 469 3432 527 tides
3460 470 3539 542 (ιι)
3562 513 3578 534 ,
3609 488 3710 530 una

2133 556 2342 624 virtus,
2389 572 2552 612 unum
2581 573 2826 628 regnum.
2868 558 3144 614 Venenum
3184 560 3341 614 melle
3369 565 3705 630 temperavit.

2132 646 2355 716 Semper
2375 650 2515 704 enim
2535 650 2891 717 mendacium,
2911 665 3032 706 cum
3056 651 3165 706 vult
3191 651 3292 706 sibi
3318 651 3477 707 ﬁdem
3501 652 3706 720 haberi,

2132 739 2232 794 nisi
2262 740 2660 802 fundamentum
2688 743 2924 813 posuerit
2967 743 3275 812 apparentis
3325 743 3598 810 veritatis,
3649 756 3705 801 ut

2131 832 2320 896 falsum
2348 834 2585 903 rejicitur
2616 853 2629 887 :
2661 845 2715 890 et
2735 851 2836 906 qua
2859 835 3065 890 ratione
3084 877 3100 902 ,
3127 835 3283 892 audi:
3320 835 3457 890 nihil
3487 837 3700 906 quidem

2129 923 2324 989 simile,
2373 924 2545 978 dicam
2579 933 2776 980 tamen.
2810 925 2996 990 Rabab
3022 926 3276 980 meretrix
3326 940 3447 980 cum
3499 929 3708 996 excepit

2129 1017 2511 1086 exploratores,
2543 1019 2858 1089 interrogata
2883 1037 2896 1072 :
2931 1017 3154 1092 Ingt'essi
3174 1028 3288 1072 sunt
3307 1018 3376 1082 ad
3391 1030 3438 1072 te
3459 1021 3550 1073 viri
3571 1019 3703 1093 (los.

2129 1105 2183 1160 2.
2221 1108 2275 1162 4.
2308 1106 2413 1180 5),Ὶ
2465 1109 2784 1179 respondet,
2838 1108 3054 1175 Etiam;
3106 1110 3209 1178 hoc
3245 1113 3471 1180 primum
3522 1128 3704 1176 verum

2128 1207 2211 1253 est
2242 1199 2385 1254 :Sed
2407 1201 2658 1271 striatam,
2714 1201 2916 1270 inquit;
2941 1200 3043 1256 hoc
3075 1201 3366 1257 secundum
3411 1203 3620 1261 falsum.
3651 1204 3704 1258 Si

2127 1291 2369 1358 dixisset,
2396 1291 2509 1347 Non
2529 1294 2728 1364 egressi
2750 1301 2895 1359 sunt,
2921 1293 3134 1350 domum
3165 1296 3477 1364 perscrutati
3505 1307 3702 1360 essent.

2129 1383 2269 1458 Dixit
2295 1400 2510 1463 verum,
2534 1395 2593 1442 ut
2622 1387 2779 1442 [idem
2805 1386 3158 1464 conciliaret;
3183 1388 3376 1454 falsum
3400 1389 3621 1456 addidit,
3649 1401 3706 1445 ut

2127 1475 2414 1546 deciperet.
2445 1476 2519 1550 Ita
2552 1487 2608 1534 et
2651 1479 2753 1552 iste
2797 1495 2812 1533 :
2863 1479 3020 1535 nobis
3062 1473 3554 1551 interrogantibus,
3599 1482 3704 1536 Cur

2124 1568 2604 1625 sanetificationem
2633 1570 3102 1627 detruncabimus?
3129 1572 3324 1634 dicitis,
3358 1573 3549 1643 inquit,
3591 1573 3699 1627 Do-

2125 1662 2295 1714 minus
2323 1659 2551 1734 Sabaoth
2594 1678 2614 1715 :
2641 1663 2786 1732 atqui
2817 1677 2921 1732 non
2951 1671 3034 1722 est
3080 1677 3274 1725 nonien
3308 1663 3439 1728 Dei,
3471 1679 3577 1719 non
3622 1675 3702 1719 est

2123 1748 2319 1804 Christi
2345 1793 2360 1816 ,
2395 1767 2568 1822 neque
2617 1753 2809 1807 Patris.
2843 1753 3086 1815 Vidistiu'
3113 1768 3174 1808 os
3204 1754 3303 1808 vile
3324 1763 3377 1812 et
3405 1755 3707 1824 impurum!

2125 1840 2418 1912 Ignoravit,
2478 1859 2669 1914 nempe
2708 1845 2777 1900 ob
2806 1844 3102 1909 inscitiam,
3134 1845 3367 1900 Sabaoth
3415 1861 3521 1901 non
3572 1829 3702 1901 esse

2123 1947 2317 2000 nomen
2351 1932 2465 2005 Dei,
2499 1933 2594 1988 sed
2624 1949 2816 1989 nomen
2845 1935 3170 2013 exercituum
3196 1953 3210 2001 ;
3237 1936 3286 2006 id
3315 1945 3419 2013 est,
3449 1936 3701 2003 Dominus

2124 2024 2400 2079 virtutum.
2451 2026 2678 2092 Causam
2707 2035 2882 2081 autem
2911 2011 3032 2082 dico
3067 2045 3079 2081 :
3117 2027 3210 2083 sed
3241 2038 3362 2082 ante
3389 2011 3548 2084 finem
3575 2031 3696 2100 quid

2121 2116 2275 2184 fausti
2304 2119 2548 2195 evenerit
2591 2121 2846 2175 annuntio
2899 2137 2912 2174 :
2962 2122 3225 2190 ptenituit,
3257 2123 3526 2199 procidit,
3567 2139 3693 2192 ana-

2121 2210 2352 2285 themata
2378 2211 2532 2278 dixit,
2558 2222 2804 2283 precatus
2828 2221 2931 2278 est,
2965 2223 3208 2284 receptus
3235 2223 3336 2268 est.

2189 2304 2240 2374 5,.
2283 2305 2512 2377 Attende
2539 2305 2732 2378 igitur:
2758 2305 2880 2376 quia
2901 2321 3077 2362 sermo
3128 2306 3330 2380 incidit,
3357 2321 3536 2377 opera:
3575 2325 3692 2378 pre~

2120 2394 2247 2457 tium
2271 2404 2353 2451 est
2375 2411 2472 2469 nos
2495 2381 2709 2450 causam
2740 2396 2945 2469 dicere.
2989 2397 3058 2452 ob
3103 2413 3259 2470 quam
3303 2399 3487 2453 beatus
3535 2401 3701 2468 Isaias.

2117 2485 2253 2542 hanc
2289 2489 2763 2565 sanct‘ilicationem
2821 2489 2931 2543 Deo
2978 2488 3225 2543 emissam
3267 2489 3486 2544 audivit.
3535 2491 3700 2563 Isaias.

2116 2587 2232 2653 erat
2255 2578 2334 2632 vir
2355 2579 2629 2646 mirabilis,
2657 2579 2771 2655 zelo
2793 2579 3004 2655 plenus,
3037 2579 3118 2633 vir
3145 2579 3336 2657 audax,
3369 2581 3538 2634 audax
3589 2598 3689 2647 non

2117 2672 2462 2742 procacitate,
2487 2673 2580 2728 sed
2610 2674 2746 2730 zelo.
2767 2672 2858 2727 llis
2890 2671 3216 2743 temporibus
3254 2673 3349 2726 fuit
3392 2689 3505 2738 rex,
3537 2675 3688 2728 Ozias

2120 2764 2336 2818 nomine
2370 2781 2383 2816 :
2412 2747 2601 2818 iscum
2626 2765 2770 2834 regia
2796 2763 3094 2840 majestate,
3119 2763 3474 2839 sacerdotium
3532 2769 3688 2819 etiam

2115 2852 2365 2908 invadere
2413 2853 2650 2919 tentavit.
2699 2853 3015 2912 Sacerdotes
3057 2853 3179 2924 quid
3209 2856 3328 2908 inde
3379 2840 3696 2925 sequeretur

2114 2953 2406 3010 noverant;
2438 2944 2546 3014 regi
2577 2953 2751 2999 tamen
2786 2945 3068 3014 plurimum
3092 2937 3348 3000 reluctari
3383 2948 3684 3010 noluerunt;

2113 3038 2418 3107 dignitatem
2456 3039 2696 3103 reveriti,
2725 3039 2915 3093 solium
2947 3039 3152 3111 honore
3196 3039 3504 3107 proseqnuti
3543 3051 3685 3103 sunt,

2112 3131 2376 3185 exercitus
2399 3131 2706 3184 timuerunt.
2733 3130 2850 3200 Ipse
2875 3146 3086 3201 quoque
3130 3131 3292 3185 Isaias
3343 3131 3526 3196 tacuit,
3583 3145 3695 3209 non.

2112 3222 2316 3276 obstitit
2363 3223 2493 3292 regi.
2525 3221 2595 3278 Ut
2620 3222 2748 3277 vidit
2788 3222 2928 3276 Deus
2957 3221 3270 3290 sacerdotes
3293 3221 3682 3287 formidolosos,

2111 3323 2386 3370 nutantem
2440 3315 2776 3384 prophetam,
2833 3330 3010 3384 regem
3061 3314 3312 3369 audacter
3349 3331 3678 3385 aggressum,

2113 3406 2333 3460 immisit
2349 3405 2398 3460 ei
2427 3405 2630 3474 lepram
2653 3405 2705 3459 in
2735 3405 2959 3469 vultum,
2991 3413 3174 3474 utpote
3205 3405 3294 3473 qui
3326 3416 3510 3460 sancta
3531 3406 3691 3474 attin-,

2110 3512 2236 3567 gere
2259 3511 2419 3568 ausus
2443 3507 2586 3550 esset
2610 3513 2623 3548 :
2653 3504 2811 3564 atque
2839 3496 3090 3563 expulsus
3115 3495 3328 3550 demum
3349 3496 3440 3550 ille
3471 3507 3555 3549 est
3576 3512 3678 3551 nou

2113 3588 2273 3643 modo
2299 3603 2330 3642 a
2378 3586 2820 3653 sacerdotio,sed
2849 3587 3007 3643 etiam
3035 3603 3064 3640 a
3105 3603 3292 3658 regno,
3339 3599 3392 3641 et
3447 3590 3694 3662 leprosus.

2113 3681 2324 3736 mansit.
2350 3680 2490 3734 Deus
2505 3694 2665 3749 porro
2680 3679 2819 3750 quod
2839 3693 2993 3734 suum
3022 3689 3137 3735 erat
3161 3681 3425 3750 przestitit,
3451 3681 3684 3751 indigna-

2113 3783 2194 3828 tus
2223 3782 2399 3828 autem
2427 3781 2509 3828 est
2538 3774 2588 3827 in
2617 3772 2939 3837 sacerdotes,
2969 3774 3304 3842 maximeque
3353 3775 3403 3826 in
3457 3775 3683 3843 prophe-

2115 3874 2240 3928 tam,
2263 3864 2401 3934 quod
2434 3878 2668 3934 prtesens
2694 3879 2815 3918 cum
2865 3873 3027 3929 esset,
3065 3865 3312 3933 pietatem
3347 3866 3681 3934 prodidisset.

2115 3959 2254 4012 Deus
2272 3959 2449 4027 itaque
2481 3965 2605 4028 erga
2633 3955 2942 4026 prophetam
2979 3956 3248 4026 silentium
3274 3957 3517 4012 servabat
3543 3976 3555 4021 ;
3588 3941 3692 4012 nec.

2115 4052 2273 4106 verba
2297 4067 2415 4106 cum
2444 4066 2510 4120 eo
2550 4050 2698 4116 fecit,
2748 4051 2920 4106 donec
2970 4051 3179 4120 iniquus
3221 4053 3312 4108 ille
3364 4063 3676 4108 moreretur.

2111 4143 2246 4199 Cum
2275 4152 2453 4197 autem
2476 4143 2694 4215 obiisset
2718 4142 2912 4212 impius
2934 4142 3039 4207 ille,
3073 4153 3180 4196 tum
3212 4143 3348 4198 Deus
3377 4145 3545 4212 posita
3601 4145 3678 4196 in.

2112 4235 2434 4307 dignatione,
2459 4237 2728 4306 propheta:
2748 4235 3075 4289 conciliatur.
3093 4236 3180 4290 Ait
3203 4237 3377 4306 itaque
3403 4235 3563 4291 lsaias
3583 4253 3596 4288 :
3620 4235 3681 4288 Et

2114 4331 2302 4399 factum
2325 4337 2396 4381 est
2421 4329 2473 4381 in
2491 4345 2646 4392 anno,
2676 4329 2727 4380 in
2752 4344 2850 4397 quo
2879 4337 3104 4382 mortuus
3137 4338 3206 4381 est
3253 4344 3342 4392 rex
3364 4328 3535 4406 Ozias,
3582 4329 3682 4384 vidi

2112 4419 2386 4473 Dominum
2404 4419 2652 4474 sedentem
2678 4436 2829 4488 super
2869 4420 3050 4488 solium
3074 4420 3319 4477 excelsum
3343 4431 3392 4474 et
3442 4421 3692 4490 eleuatum

2116 4509 2279 4579 (Isai.
2309 4510 2362 4566 6.
2390 4511 2464 4580 1).
2511 4509 2618 4564 Cttr
2650 4526 2777 4564 vero
2814 4510 2949 4564 Deus
3001 4511 3244 4579 apparuit
3282 4526 3442 4578 super
3490 4512 3681 4565 solium

2113 4605 2386 4659 excelsum
2415 4614 2466 4657 et
2486 4602 2787 4657 elevatum?
2815 4603 2944 4668 Quia
2979 4602 3257 4655 invisibilis
3273 4612 3356 4656 est
3381 4604 3556 4669 Deus,-
3590 4618 3687 4679 rex.

2113 4707 2287 4749 autem
2315 4696 2459 4748 visus
2483 4703 2679 4753 metum
2708 4693 2956 4757 incussit;
2985 4693 3256 4763 pr0pheta:
3285 4695 3551 4749 caelestem
3573 4696 3683 4764 glo-

2113 4789 2246 4839 riam
2269 4785 2543 4848 exbibnit;
2573 4794 2628 4837 ut
2649 4783 2954 4839 ostenderet
3001 4785 3070 4848 ci,
3102 4801 3206 4853 quo
3227 4784 3362 4838 solio
3409 4785 3680 4856 despecto,

2114 4878 2253 4948 quod
2299 4878 2486 4929 solium
2518 4876 2867 4930 honorassent
2898 4893 2911 4928 :
2943 4874 3083 4945 quod
3124 4875 3447 4940 satellitium,
3496 4863 3690 4944 nempe

2113 4973 2323 5031 cwleste
2348 4978 2401 5023 et
2417 4969 2733 5038 angelicum,
2759 4983 2862 5022 non
2886 4967 3226 5031 honorantes,
3255 4983 3429 5036 neque
3452 4967 3687 5036 cogitan-

2117 5073 2217 5130 tes,
2251 5065 2535 5140 hutnanﬁum
2556 5061 2860 5116 satellitium
2881 5061 3214 5116 metuissent.
3243 5059 3310 5112 Et
3338 5071 3467 5127 erat,
3497 5062 3682 5129 inquit,

2115 5158 2293 5210 domus
2315 5157 2460 5224 plena
2486 5157 2646 5226 gioria
2667 5157 2775 5224 ejus
2803 5172 2821 5209 .'
2849 5166 2894 5209 et
2915 5156 3183 5224 Seraphin:
3203 5155 3398 5208 stabant
3425 5158 3475 5208 in
3501 5157 3684 5208 circui—

2117 5261 2169 5316 tu
2193 5251 2336 5324 ejus(
2351 5248 2483 5321 Ibid.
2503 5265 2548 5301 υ.
2571 5249 2606 5302 2
2627 5248 2665 5318 ).
2687 5247 2971 5302 Cherubim
2993 5247 3207 5313 solium,
3226 5248 3504 5316 Seraphim
3528 5247 3686 5318 satel-

2117 5343 2286 5395 litium
2304 5351 2428 5409 sunt
2447 5358 2458 5393 :
2478 5340 2761 5395 Cherubim
2791 5355 3017 5409 namque
3044 5340 3172 5394 nihil
3195 5339 3334 5392 aliud
3364 5341 3681 5408 significant,

2116 5413 2271 5502 quam
2303 5413 2610 5500 sapientiam
2642 5431 2873 5499 plenam.
2900 5429 3354 5500 Quemadmodum
3385 5441 3560 5484 autem
3588 5432 3686 5483 hoc

2116 5525 2306 5578 solium
2336 5524 2449 5577 sive
2473 5522 2614 5576 aliud
2641 5513 2860 5590 quodvis
2910 5524 3142 5592 quietem
3197 5521 3400 5592 praebet
3452 5520 3684 5584 sedenti,

2188 5618 2259 5689 ta)
2284 5617 2563 5674 Vaticanus,
2590 5617 2804 5689 Savilius
2822 5621 3030 5689 ejusque
3053 5619 3221 5689 Codd.)
3246 5620 3329 5680 μία
3349 5619 3524 5689 nia-rte.
3552 5617 3693 5689 Corn-

2119 5681 2322 5747 belisius
2347 5696 2480 5747 vero,
2514 5693 2604 5747 suo
2630 5682 2813 5747 Marte,
2851 5681 3135 5747 nulliusque
3167 5681 3482 5739 Manuscripti
3523 5685 3692 5747 aucto:

2119 5744 2283 5811 ritate,
2308 5742 2564 5810 substituit
2588 5742 2672 5802 μία
2690 5810 2693 5811 ν
2709 5745 2889 5811 earnm.
2919 5743 3024 5793 Non
3048 5743 3191 5792 video
3215 5756 3304 5792 cur
3323 5749 3492 5792 textus
3527 5742 3606 5790 hic
3629 5742 3697 5811 sit,

2120 5807 2252 5854 nulla
2281 5804 2572 5854 auctoritate
2599 5804 2874 5855 mutandus.
3470 5813 3472 5815 '
3562 5810 3567 5814 ‘
