4044 6306
237 396 341 459 H3

237 517 441 588 φύλλα
464 517 757 586 ἀμπέλου.
784 521 1018 590 Πρόσεχε
1052 520 1127 583 δὲ,
1157 519 1475 590 παρακαλῶ,
1503 521 1597 572 καὶ
1623 517 1813 588 ἑτέραν

237 606 445 677 χρείαν·
472 605 554 657 Τά
589 605 755 659 ὕδατα
786 608 969 660 ἐπάνω
994 608 1101 661 τῶν
1122 607 1388 679 οὐρανῶν,
1419 608 1480 660 οὐ
1511 608 1666 677 μόνον
1696 623 1817 657 συν-

237 696 394 763 τηρεί
422 694 515 746 τὸν
540 694 787 764 οὐρανὸν,
817 695 954 748 ἀλλά
981 697 1072 747 καὶ
1102 698 1201 767 τὴν
1225 695 1399 764 φλόγα
1427 695 1519 747 τοῦ
1547 694 1692 765 ήλίου
1724 696 1817 746 καὶ

238 785 333 851 τῆς
364 782 594 852 σελήνης
621 783 971 851 καταπέμπει
1002 793 1042 836 ⁸.
1078 784 1141 836 Εἰ
1170 782 1278 853 γὰρ
1302 779 1368 854 ἦν
1389 782 1650 853 διαφανὴς
1672 783 1699 834 6
1729 781 1816 835 0'3-

240 869 417 939 ρανὸς,
450 869 546 939 ὅλη
577 871 613 940 ἡ
640 869 784 940 αὐγὴ
812 871 923 923 ἄνω
949 870 1157 941 ἔτρεχε·
1178 872 1239 923 τὸ
1264 871 1372 941 γὰρ
1404 870 1515 941 πῦρ
1538 871 1815 942 ἀνωφερὲς

236 958 315 1018 ὃν,
352 958 559 1029 ἔρημον
608 958 706 1028 τὴν
750 959 853 1029 γῆν
896 959 1285 1029 κατελίμπανε.
1338 958 1437 1011 Διά
1477 957 1634 1011 τοῦτο
1689 957 1816 1026 γοῦν

238 1048 460 1118 ἐπίλησε
492 1048 585 1101 τὸν
616 1049 839 1119 οὐρανὸν
864 1050 1068 1104 ἄνωθεν
1113 1051 1359 1121 ἀπείροις
1408 1050 1617 1112 ὕδασιν,
1649 1048 1735 1101 ἵνα
1782 1049 1812 1119 ή

236 1138 379 1209 αὐγὴ
403 1138 734 1209 στενουμένη
768 1140 918 1194 κάτω
949 1139 1251 1210 πέμπηται.
1290 1141 1429 1209 Ὅρα
1453 1139 1545 1193 τοῦ
1573 1138 1813 1206 τεχνίτου

235 1227 333 1294 τὴν
363 1227 576 1295 σοφίαν.
603 1229 787 1298 Ἔχεις
819 1230 875 1281 δὲ
903 1229 998 1282 καὶ
1023 1232 1080 1281 ἐν
1115 1229 1292 1299 ἑαυτῷ
1318 1227 1412 1280 τοῦ
1441 1226 1682 1297 τεχνίτου
1718 1227 1815 1296 τῆς

238 1314 428 1381 σοφίας
465 1314 565 1385 τήν
602 1315 805 1370 εἰκόνα·
840 1318 1093 1385 ἐποίησεν
1122 1319 1149 1369 ό
1174 1316 1305 1380 Θεὸς
1336 1314 1487 1388 [450]
1519 1314 1611 1367 καὶ
1640 1316 1697 1366 ἐν
1732 1317 1814 1366 σοὶ

234 1400 343 1454 τῶν
377 1403 659 1475 τεσσάρων
701 1404 980 1474 στοιχείων
1023 1406 1121 1475 τήν
1165 1406 1368 1458 εἰκόνα.
1408 1404 1518 1456 Καὶ
1556 1402 1811 1472 πρόσεχε,

236 1489 554 1558 παρακαλῶ·
579 1491 768 1562 νόησόν
800 1510 889 1562 μοι
912 1492 1009 1563 τήν
1037 1492 1275 1563 κεφαλήν
1303 1491 1507 1563 ταύτην
1533 1492 1623 1544 τὸν
1653 1491 1816 1560 οὐρα-

236 1577 325 1631 νὸν
352 1578 445 1630 τὸν
475 1578 606 1643 ἄνω,
640 1579 708 1632 τά
739 1581 924 1633 ἐπάνω
961 1581 1061 1651 τῆς
1090 1580 1360 1649 γλώσσης,
1405 1579 1495 1632 τὸν
1524 1578 1681 1633 ἄλλον
1725 1578 1814 1631 οὑ-

241 1665 420 1739 ρανὸν,
469 1666 715 1721 τουτέστι
753 1667 815 1719 τὸ
850 1669 1158 1739 στερέωμα·
1202 1668 1324 1721 ὅθεν
1363 1669 1457 1721 καὶ
1493 1667 1814 1739 οὐρανίσκος

236 1756 500 1807 καλεῖται.
538 1755 687 1809 Ἂνω
724 1757 781 1807 ἐν
809 1760 921 1818 τοῖς
957 1757 1208 1827 ἀοράτοις
1238 1756 1538 1825 ἐγκέφαλος
1574 1756 1646 1826 μὴ
1687 1773 1813 1824 φαι-

235 1843 479 1913 νόμενος,
515 1845 572 1895 ἐν
599 1843 676 1914 τῷ
699 1845 848 1897 κάτω
877 1845 1095 1913 γλῶσσα
1129 1846 1448 1917 φαινομένη.
1485 1846 1692 1917 Ὥσπερ
1721 1843 1813 1899 οῦν

236 1932 266 1986 ό
296 1932 523 2003 οὐρανὸς
549 1935 578 1985 ό
610 1933 722 1988 ἀνω
751 1935 807 1986 ἐν
828 1936 937 1997 τοῖς
967 1935 1240 2006 ἀοράτοις,
1271 1938 1299 1989 6
1321 1935 1378 1987 δέ
1400 1935 1601 2005 κόσμος
1624 1938 1681 1987 ὲν
1703 1938 1815 1998 τοῖς

236 2018 604 2088 λαλουμένοις·
640 2020 735 2072 καὶ
774 2018 963 2092 ὥσπερ
1000 2024 1058 2074 ὲν
1094 2025 1206 2086 τοῖς
1232 2023 1513 2092 στοιχείοις
1544 2022 1815 2093 εὑρίσκεις

234 2107 335 2177 τὴν
369 2107 469 2176 μὲν
497 2109 602 2177 γῆν
639 2106 881 2178 βαρεῖαν,
904 2110 964 2162 τὸ
994 2110 1049 2162 δὲ
1072 2109 1216 2182 ὕδωρ
1244 2111 1345 2180 τῆς
1375 2113 1471 2181 μὲν
1495 2112 1596 2181 γῆς
1621 2112 1815 2179 κουφό-

236 2211 415 2266 τερον,
446 2193 540 2247 τοῦ
572 2194 631 2261 δέ
666 2195 835 2263 πυρὸς
868 2196 1183 2269 βαρύτερον·
1223 2197 1382 2255 πάλιν
1419 2198 1511 2252 τὸν
1539 2199 1679 2270 ἀέρα
1707 2199 1814 2252 τῶν

238 2283 444 2337 ὑδάτων
489 2284 831 2354 κουφότερον,
860 2284 974 2337 ¹τοῦ
1012 2285 1068 2338 δὲ
1103 2286 1272 2358 πυρὸς
1309 2286 1628 2359 βαρύτερον·
1673 2287 1815 2340 οῦτω

238 2374 332 2438 καὶ
385 2375 445 2425 ἐν
491 2374 621 2443 ἡμῖν
652 2374 707 2426 αἱ
742 2373 1040 2446 αἰσθήσεις,
1076 2373 1283 2443 γεῦσις,
1323 2376 1609 2446 ὄσφρησις,
1654 2376 1812 2447 ἀκοὴ,

238 2461 378 2529 δψις,
425 2463 520 2515 καὶ
565 2462 624 2514 οὐ
654 2464 823 2515 πᾶσαι
874 2463 1006 2517 ίσαι.
1038 2464 1183 2517 Λάϐε
1219 2464 1317 2534 τὴν
1347 2465 1638 2530 ἀπόδειξιν·
1689 2467 1815 2519 Ἐἀν

238 2547 397 2620 θέλῃς
422 2549 567 2612 τινὸς
586 2550 904 2617 γεύσασθαι,
937 2551 1030 2603 ἐὰν
1056 2550 1128 2623 μὴ
1157 2552 1456 2624 πλησιάζῃς
1480 2556 1543 2623 τῇ
1572 2552 1813 2627 γλώσσῃ,

236 2638 332 2690 τοῦ
376 2639 672 2709 γευομένου
720 2641 781 2692 οὐ
826 2640 1121 2710 λαμϐάνεις
1157 2642 1430 2712 αἴσθησιν.
1460 2644 1665 2713 Παχεῖα
1708 2644 1814 2715 γάρ

236 2729 374 2790 ἐστι,
398 2729 491 2781 καὶ
512 2731 573 2782 οὐ
600 2729 820 2784 δύναται
847 2731 1126 2802 πόρρωθεν
1147 2728 1279 2785 οῦσα
1301 2732 1813 2804 ἀντιλαμϐάνεσθαι.

248 2814 309 2867 'H
340 2814 606 2887 ὄσφρησις
632 2817 688 2870 δὲ
724 2820 996 2889 μακρόθεν
1021 2818 1492 2889 ἀντιλαμϐάνεται·
1521 2814 1652 2885 οἷον,
1686 2837 1818 2890 παρ-

235 2903 377 2977 έρχῃ
427 2905 492 2957 δι’
525 2906 722 2967 οἰκίας,
769 2906 1033 2978 όσφραίνῃ
1076 2906 1439 2979 θυμιάματος,
1476 2908 1506 2961 ὃ
1552 2908 1626 2979 μὴ
1662 2910 1812 2979 ὁρᾷς.

237 2994 415 3045 Πάλιν
447 2994 487 3062 ἢ
510 2992 630 3062 ὄψις
660 2994 763 3062 τῆς
788 2994 1102 3065 ὀσφρήσεως
1132 2998 1424 3067 ταχυτέρα·
1477 2997 1662 3067 βλέπει
1707 2997 1817 3067 γὰρ

233 3082 351 3134 ἀπὸ
375 3080 533 3151 ὅρους
564 3081 735 3153 πλάτη
768 3082 997 3152 μεγάλα.
1031 3084 1141 3154 Τῆς
1175 3084 1348 3152 ὅψεως
1383 3085 1544 3137 πάλιν
1569 3084 1818 3156 ὀξύτερος

231 3172 262 3224 6
295 3167 448 3231 νοῦς·
478 3170 644 3225 ἐννοεῖ
668 3171 913 3241 οὐρανὸν,
939 3171 1064 3241 γῆν,
1086 3171 1379 3235 θάλασσαν,
1411 3173 1504 3225 καὶ
1527 3174 1701 3243 πάντη
1728 3175 1818 3226 εὐ·-

234 3258 517 3330 ρίσκεται.

306 3345 411 3399 Διά
454 3346 612 3400 τοῦτο
649 3348 743 3400 καὶ
776 3346 940 3400 εἰκὼν
973 3348 1107 3401 Θεοῦ
1146 3349 1175 3401 ό
1205 3348 1349 3411 νοῦς.
1391 3350 1589 3402 Ἐννοεῖ
1618 3351 1644 3402 ό
1674 3350 1816 3411 νοῦς.

235 3437 332 3517 καὶ
367 3435 569 3498 εὐθέως
598 3436 769 3500 κτίζει
801 3438 929 3505 παρ’
965 3436 1143 3506 ἑαυτῷ
1176 3436 1401 3508 ἀγορὰς,
1438 3438 1821 3509 ἀναζωγραφεῖ

235 3526 418 3598 ὄχλον,
462 3525 647 3596 δῆμον.
699 3526 1027 3580 Αἱδεσθῶσιν
1073 3528 1359 3598 αἰρετικοί.
1410 3528 1553 3590 Νοῦς
1599 3529 1820 3580 τοιαῦτα

234 3614 552 3685 ἐργάζεται,
585 3617 680 3669 καὶ
714 3617 742 3667 6
773 3614 865 3668 τοῦ
906 3614 998 3668 νοῦ
1036 3616 1306 3685 τεχνίτης,
1336 3618 1364 3669 6
1399 3617 1577 3686 πάσης
1614 3616 1818 3685 ὀσφρή-

237 3721 382 3765 σεως
414 3702 685 3772 ὀξύτερος.
716 3703 779 3759 οὐ
812 3703 1115 3773 ταχυτέραν
1153 3703 1266 3773 ἕχει
1296 3703 1396 3774 τήν
1428 3704 1724 3771 ἐνέργειαν,
1759 3703 1820 3755 οὐ

238 3791 511 3861 σύντομον
535 3791 633 3860 τήν
657 3791 1037 3861 δημιουργίαν,
1068 3792 1167 3843 οὑκ
1200 3789 1579 3860 ἀκατάληπτον
1598 3789 1695 3859 τὴν
1722 3788 1821 3858 φύι-

238 3895 366 3943 σιν;
400 3878 671 3949 Βούλομαι
696 3879 772 3943 δὲ,
808 3879 1043 3948 ἀδελφοὶ,
1074 3880 1249 3931 εἰπεῖν
1292 3880 1368 3939 εἰς
1403 3879 1545 3947 ὑμᾶς
1576 3878 1639 3929 τὸ
1674 3877 1821 3941 ξένον

242 3968 366 4036 μὲν,
410 3968 536 4019 ὅσον
570 3969 647 4029 εἰς
688 3966 959 4026 ἀσέϐειαν,
1009 3966 1303 4037 σύντροφον
1339 3965 1395 4017 δὲ
1432 3966 1531 4035 τῆς
1563 3965 1821 4028 πίστεως,

236 4057 366 4115 ὅσον
396 4058 479 4119 εἰς
500 4056 763 4121 ἐξέτασιν,
794 4057 880 4109 ἵνα
909 4056 1114 4125 μάθητε
1144 4056 1283 4109 πόσα
1316 4058 1628 4125 καινοτομεῖ
1657 4057 1684 4107 ό
1710 4054 1825 4108 διά-

237 4144 420 4207 ϐολος,
446 4145 590 4197 πόσα
610 4145 871 4214 εὑρίσκει,
902 4145 1042 4197 πόσα
1064 4144 1351 4197 ὑποϐάλλει
1372 4146 1483 4206 τοῖς
1508 4146 1820 4214 αίρετικοῐς,

241 4233 448 4313 μᾶλλον
469 4231 524 4284 δέ
545 4232 737 4301 ἐκείνῳ
769 4233 817 4283 οἱ
845 4232 1126 4303 αίρετικοί·
1153 4233 1226 4302 Σή
1238 4232 1399 4303 μερόν
1427 4249 1509 4293 τις
1537 4233 1629 4283 ἐπὶ
1654 4231 1823 4299 ἁγίων

239 4316 462 4392 ἀνδρῶν
511 4323 603 4373 καὶ
652 4321 910 4392 Πατέρων
956 4321 1126 4374 ἐλθὼν
1179 4322 1314 4390 πρὸς
1365 4323 1508 4392 ἡμᾶς
1554 4320 1825 4392 αίρετικὸς

239 4410 397 4477 ἔλεγε
418 4406 439 4478 (
460 4409 602 4476 λέγω
628 4409 685 4462 δὲ
716 4410 803 4461 ἵνα
830 4410 1035 4479 μήποτε
1065 4412 1092 4462 6
1127 4409 1281 4476 λόγος
1310 4408 1483 4472 ἄλλως
1517 4408 1823 4471 ἀκουσθείς,

239 4482 423 4560 ἄλλως
456 4497 682 4570 πλήξῃ)·
718 4499 903 4569 Πατὴρ
933 4498 1059 4570 γὰρ,
1095 4498 1245 4567 φησὶ.
1282 4498 1376 4551 καὶ
1412 4497 1647 4559 Υἱὸςκαί
1673 4495 1826 4563 ἆγιον

242 4587 477 4657 Πνεῦμα
528 4587 626 4657 μία
678 4586 889 4656 θεότης,
956 4588 1052 4656 μία
1101 4586 1347 4655 δύναμις,
1408 4585 1506 4655 μία
1557 4584 1823 4654 βασιλεία.

240 4679 339 4731 Δεῖ
358 4675 436 4733 δὲ,
473 4676 656 4742 φησὶν,
682 4674 1019 4746 ἐξαιρεθῆναι
1050 4675 1156 4727 ἀπὸ
1184 4675 1281 4744 τῆς
1308 4674 1483 4743 ψυχῆς
1508 4673 1668 4725 αὐτοῦ
1688 4674 1714 4712 b
1746 4673 1825 4743 (οὐ

242 4766 357 4833 γὰρ
387 4763 532 4829 λέγω
562 4762 671 4815 ἀπὸ
699 4762 793 4813 τοῦ
827 4763 1255 4833 θυσιαστηρίου)ν
1284 4761 1344 4813 τὸ
1374 4760 1548 4829 λέγειν
1586 4764 1642 4813 ἐν
1674 4762 1830 4823 ἁγια-

245 4848 397 4921 άμῷ·
445 4853 656 4920 Ἄγιος,
708 4851 892 4919 ἅγιος,
941 4849 1106 4917 ἅγιος
1148 4851 1361 4919 Κύριος
1404 4848 1663 4903 Σαϐαὼθ.
1706 4849 1829 4901 Ἐάν

245 4941 429 5002 τοῦτο,
466 4940 620 5009 φησὶ,
653 4940 727 5009 μὴ
755 4938 1061 5009 περιέλητε,
1090 4937 1403 5006 Χριστιανοὶ
1432 4939 1532 4989 οὐκ
1560 4940 1703 4991 ἐστέ.
1738 4934 1829 4990 Εἷ-

247 5029 338 5092 δες
360 5016 630 5097 τοσαύτην
652 5028 854 5096 τόλμαν
888 5030 979 5079 καὶ
1016 5028 1212 5096 μανίαν
1244 5027 1335 5079 τοῦ
1372 5026 1614 5079 διαϐόλου
1640 5046 1655 5091 ;
1691 5024 1829 5089 εἶδες

251 5120 412 5188 ῥίζαν
485 5117 816 5187 θεομαχίας;
871 5113 1007 5179 εἶδες
1075 5117 1382 5187 ὑπερϐολὴν
1447 5117 1827 5187 βλασφημίας;

264 5206 689 5275 Ἀποκεφαλίσαι
734 5206 964 5276 ἠθέλησε
1015 5205 1110 5276 τὴν
1164 5206 1461 5264 εὐσέϐειαν,
1500 5206 1829 5275 ἑκνευρῶσαι

248 5296 315 5348 τὸ
373 5297 693 5367 μυστήριον,
741 5296 1003 5362 ἀφανίσαι
1049 5294 1145 5366 τὴν
1182 5294 1385 5357 πίστιν,
1428 5294 1722 5364 ἐκριζῶσαι
1764 5296 1832 5346 τὰ

252 5383 675 5453 θεμελιωθέντα.
716 5384 823 5436 Καὶ
847 5385 947 5451 ὅρα
969 5384 1031 5435 τὸ
1056 5382 1226 5435 δεινὸν
1255 5381 1349 5434 τοῦ
1376 5381 1637 5453 διαϐόλου·
1668 5383 1833 5452 Προσ-

254 5472 458 5542 ἐπηξεν
486 5470 636 5541 αὐτῷ
662 5473 852 5523 εἰπεῖν·
886 5472 1073 5542 Πατὴρ
1104 5472 1195 5523 καὶ
1220 5471 1343 5532 Υἱὸς
1370 5471 1461 5523 καὶ
1486 5472 1636 5539 ἀγιον
1661 5469 1832 5523 Πνεῦ-

319 5741 342 5767 ¹¹
372 5739 574 5788 Cosmas
604 5737 740 5785 κάτω
783 5737 975 5789 πέμπει.
1003 5733 1130 5784 Infra
1160 5734 1295 5785 idem
1337 5737 1414 5784 διὰ
1436 5734 1580 5787 τοῦτο
1604 5736 1684 5786 οὖν
1725 5753 1836 5785 συν-

257 5801 475 5857 util-nas.

278 5858 285 5867 ’
321 5863 351 5925 Ιζ
370 5864 480 5914 Sav.
504 5861 739 5927 εοη].ἀπὸ
761 5865 845 5919 τῆς
872 5859 1009 5921 εὐχῆς
1028 5858 1191 5930 αὑτοῦ.

1244 401 1332 454 DE
1370 401 1589 457 MUNDI
1620 394 2015 455 CBEATIONE
2040 394 2303 456 ORATIO
2345 402 2405 461 IL

3388 400 3494 458 4M

1921 534 2019 585 μα,
2048 517 2143 587 μία
2172 518 2373 582 πίστις,
2412 520 2508 588 μία
2533 519 2778 588 δύναμις,
2816 517 2913 588 μία
2943 518 3205 587 βασιλεία.
3236 518 3492 589 Ἑκέρασε

1916 604 1977 656 τὸ
2004 605 2330 676 δηλητήριον
2364 605 2557 677 μέλιτι.
2594 607 2704 658 Ἀεὶ
2733 607 2841 675 γάρ
2864 606 2925 658 τὸ
2957 606 3171 675 ψεῦδος,
3208 606 3334 660 ὅταν
3363 607 3491 679 θέλῃ

1918 695 2293 765 πιστευθῆναι,
2331 697 2424 749 ἐὰν
2463 696 2536 766 μὴ
2571 695 2717 766 πήξῃ
2764 695 3009 765 θεμέλιον
3047 694 3308 763 δοκούσης
3356 696 3490 767 ἀλη-

1918 782 2088 845 θείας,
2144 783 2205 835 οὐ
2257 783 2591 836 πιστεύεται·
2641 784 2734 836 καὶ
2780 784 2945 848 ὅπως,
2978 784 3159 836 ἄκουε·
3197 783 3345 836 οὐδὲν
3396 785 3494 854 μὲν

1916 871 2121 940 ὅμοιον,
2144 870 2284 939 λέγω
2304 871 2382 923 δέ·
2419 871 2586 924 Ῥαὰϐ
2613 873 2645 942 ή
2668 871 2838 942 πόρνη
2857 872 2943 924 ὅτε
2963 870 3175 935 ἐδέξατο
3190 871 3315 934 τούς
3336 889 3495 924 κατα-

1920 960 2171 1023 σκόπους,
2211 961 2489 1031 ἠρωτήθη·
2520 961 2664 1033 [451]
2691 962 2994 1028 Εἰσῆλθον
3021 960 3169 1026 πρὸς
3199 962 3273 1013 σὲ
3303 964 3356 1013 oi
3390 961 3493 1014 ἀν-

1917 1048 2053 1115 δρες
2066 1068 2085 1113 ;
2114 1050 2295 1115 Λέγει,
2322 1050 2453 1103 Ναί·
2479 1052 2539 1102 τὸ
2561 1051 2775 1118 πρῶτον
2793 1050 3006 1118 ἀληθές·
3036 1050 3187 1103 Ἀλλ’
3207 1048 3489 1116 ἐξῆλθον,

1918 1137 2087 1206 φησί·
2122 1138 2183 1190 τὸ
2212 1137 2461 1208 δεύτερον
2494 1136 2705 1206 ψεῦδος.
2749 1140 2810 1191 Εἰ
2864 1135 3038 1201 εἶπεν,
3091 1139 3203 1190 Οὐκ
3248 1137 3490 1207 ἐξῆλθον,

1918 1224 2187 1295 ὴρευνᾶτο
2215 1228 2248 1295 ή
2289 1226 2454 1279 οἰκία.
2492 1221 2626 1278 Εἷπε
2659 1226 2720 1279 τὸ
2751 1225 2966 1297 ἀληθὲς.
2998 1228 3083 1280 ἵνα
3112 1225 3364 1297 ἐντρέψῃ·
3397 1226 3493 1277 ἐπ-

1918 1312 2092 1381 ήγαγε
2144 1312 2205 1365 τὸ
2249 1312 2461 1382 ψεῦδος,
2509 1314 2596 1366 ἵνα
2636 1314 2911 1386 ἀπατήσῃ.
2971 1313 3127 1367 Οὕτω
3174 1314 3265 1366 καὶ
3319 1308 3491 1377 οὗτος·

1917 1398 2246 1470 ἐρωτώντων
2273 1401 2450 1471 ήμῶν,
2482 1402 2633 1455 Διατί
2657 1400 2923 1471 ἐξέλωμεν
2949 1401 3041 1454 τὸν
3063 1402 3363 1471 ἀγιασμόν;
3407 1401 3493 1453 λέ-

1915 1502 2039 1554 γετε
2065 1498 2113 1550 ε,
2155 1489 2370 1557 Κύριος
2402 1479 2662 1543 Σαϐαὼθ·
2699 1489 2813 1542 ἀλλ’
2842 1489 2942 1542 οὐκ
2985 1488 3101 1542 ἔστι
3134 1489 3268 1541 Θεοῦ
3301 1488 3490 1559 ὄνομα,

1915 1573 2015 1627 οὐκ
2039 1574 2187 1628 ἔστιν
2217 1575 2341 1628 οὐτε
2366 1577 2459 1629 τοῦ
2490 1578 2745 1646 Χριστοῦ,
2786 1575 2910 1631 οὐτε
2940 1576 3035 1629 τοῦ
3078 1577 3310 1646 Πατρός.
3344 1575 3495 1641 Εἶδες

1915 1661 1975 1713 τὸ
2023 1661 2439 1733 ὲξουθενημένον
2486 1665 2579 1717 καὶ
2628 1665 2824 1734 μιαρὸν
2876 1665 3086 1735 στόμα;
3136 1663 3399 1734 Ἦγνόησε
3437 1666 3494 1718 δὲ

1916 1750 2023 1803 ἀπὸ
2057 1750 2342 1816 ἰδιωτείας,
2374 1752 2454 1804 ὅτι
2488 1752 2550 1805 τὸ
2577 1751 2803 1805 Σαϐαὼθ
2835 1753 2934 1806 οὐκ
2966 1752 3111 1805 ἔστιν
3139 1753 3308 1822 ὄνομα
3336 1753 3493 1818 Θεοῦ,
3556 1792 3557 1795 η

1916 1836 2029 1891 ἀλλ’
2075 1838 2244 1908 ὄνομα
2292 1840 2578 1909 στρατιῶν·
2630 1839 2899 1906 τουτέστι,
2946 1840 3152 1911 Κύριος
3197 1839 3495 1893 τῶν-δυνά-
3562 1848 3570 1897 l‘,

1919 1943 2082 1997 μεων.
2117 1927 2274 1994 Λέγω
2309 1928 2364 1980 δὲ
2392 1927 2485 1980 καὶ
2518 1927 2615 1998 τὴν
2645 1928 2843 1980 αἰτίαν·
2872 1928 3011 1980 ἀλλά
3036 1928 3142 1996 πρὸ
3178 1927 3273 1980 τοῦ
3307 1926 3495 1990 τέλους

1917 2012 2338 2083 εὐαγγελίζομαι
2376 2016 2540 2083 ὑμᾶς·
2577 2015 2889 2086 μετενόησε,
2922 2015 3279 2085 προσέπεσεν,
3308 2014 3497 2068 ἀνεθε-

1920 2102 2165 2173 μάτισεν,
2202 2101 2424 2173 ηὔξατο,
2454 2102 2666 2173 ἐδέχθη.
3368 2139 3374 2144 ι

1987 2197 2047 2240 ε’.
2078 2189 2316 2259 Πρόσεχε
2338 2189 2534 2242 τοίνυν·
2561 2189 2749 2259 ἐπειδὴ
2776 2188 3146 2261 παρενέπεσεν
3164 2188 3193 2239 6
3210 2187 3388 2257 λόγος,
3415 2190 3497 2243 δεῖ

1916 2281 2063 2350 ἡμᾶς
2084 2282 2174 2333 καὶ
2192 2282 2291 2349 τὴν
2313 2280 2489 2333 αἰτίαν
2505 2282 2680 2333 εἰπεῖν
2704 2280 2824 2333 καθ’
2840 2281 2907 2351 ἢν
2928 2284 2955 2334 6
2979 2280 3244 2353 μακάριος
3270 2280 3493 2345 Ἡσαΐας

1915 2368 2006 2419 τὸν
2035 2368 2302 2439 ἀγιασμὸν
2328 2368 2516 2421 τοῦτον
2545 2370 2745 2440 ήκουσε
2776 2367 2852 2439 τῷ
2879 2368 3000 2439 Θεῷ
3021 2369 3493 2439 ἀναπεμπόμενον·

1926 2455 2155 2519 Ἠσαίας
2184 2456 2400 2524 ἐγένετο
2426 2457 2564 2527 ἀνὴρ
2586 2456 2917 2524 θαυμαστὸς,
2952 2455 3111 2526 ζήλου
3142 2457 3496 2528 πεπληρωμέ-

1915 2563 2026 2610 νος,
2061 2545 2196 2615 ἀνὴρ
2232 2543 2520 2615 τολμηρὸς,
2551 2542 2820 2614 τολμηρὸς
2854 2543 2909 2596 δὲ
2939 2545 3037 2596 οὐκ
3076 2545 3181 2595 ἀπὸ
3226 2544 3495 2615 θρασύτη-

1915 2652 2027 2697 τος,
2057 2634 2172 2686 ἀλλ’
2200 2633 2307 2686 ἀπὸ
2333 2633 2514 2702 ζήλου.
2548 2632 2703 2684 Κατά
2728 2633 2851 2693 τούς
2884 2632 3106 2701 χρόνους
3128 2631 3345 2695 τούτους
3376 2633 3496 2700 ἐγέ-

1916 2740 2038 2775 νετο
2064 2721 2311 2792 βασιλεὺς
2340 2721 2520 2784 Ὀζίας
2558 2719 2804 2789 ὀνόματι·
2831 2719 2888 2782 ὃς
2914 2720 3050 2790 μετά
3078 2720 3179 2788 τῆς
3211 2720 3374 2787 ἄλλης
3398 2721 3495 2788 τῆς

1919 2811 2202 2880 βασιλικῆς
2231 2810 2388 2881 δόξης
2431 2809 2665 2879 ἠθέλησε
2697 2809 2791 2861 καὶ
2821 2807 3119 2879 ἱερωσύνην
3153 2808 3492 2861 ἐνδύσασθαι.

1919 2901 1982 2952 υἱ
2017 2901 2183 2971 ίερεῖς
2210 2900 2312 2968 μὲν
2342 2897 2440 2969 τὴν
2470 2896 2787 2950 ἀκολουθίαν
2821 2896 3037 2967 ᾔδεσαν·
3073 2894 3282 2965 βασιλεῖ
3319 2895 3373 2948 δὲ
3405 2897 3497 2948 ἐπὶ

1918 2988 2168 3040 πλεῖστον
2195 2987 2468 3039 ἀντειπεῖν
2492 2986 2590 3037 οὐκ
2611 2984 2898 3055 ἠθέλησαν·
2929 2983 3231 3054 ᾐδέσθησαν
3256 2983 3316 3035 τὸ
3336 2983 3497 3047 ἀξίω-
3524 3021 3539 3037 .

1922 3094 2017 3146 μα,
2042 3076 2307 3144 ἐτίμησαν
2336 3073 2427 3125 τὸν
2457 3072 2663 3143 θρόνον,
2696 3071 3121 3141 ἐδυσωπήθησαν
3146 3071 3214 3123 τά
3241 3069 3498 3143 στρατεύ-

1924 3182 2089 3236 ματα.
2121 3164 2347 3225 Ἤσαῖας
2373 3162 2468 3215 καὶ
2490 3162 2650 3223 αὐτὸς
2683 3160 3007 3231 ἐσιώπησεν,
3031 3161 3130 3213 οὐκ
3162 3161 3392 3230 ἀντέστη
3420 3159 3498 3229 τῷ

1923 3253 2150 3324 βασιλεῖ.
2193 3252 2280 3313 Ὠς
2316 3245 2452 3302 εἶδεν
2480 3251 2508 3301 6
2535 3249 2665 3311 Θεὸς
2690 3250 2815 3311 τοὺς
2842 3250 3004 3319 ἱερεῖς
3033 3248 3383 3317 φοϐηθέντας,
3407 3247 3499 3300 τὸν

1921 3342 2206 3413 προφήτην
2239 3338 2573 3401 όκλάσαντα,
2614 3335 2827 3389 καὶτὸν
2869 3336 3090 3404 βασιλέα
3132 3335 3495 3405 τολμήσαντα,

1921 3428 2183 3483 ἐπέϐαλεν
2224 3425 2371 3496 αὐτῷ
2401 3424 2610 3496 λέπραν
2654 3425 2711 3477 ἐν
2752 3422 2831 3494 τῷ
2860 3422 3154 3494 προσώπῳ,
3194 3424 3267 3485 ὼς
3295 3425 3493 3493 τολμή-

1925 3536 2077 3570 σαντι
2120 3514 2358 3584 ἅψασθαι
2395 3513 2504 3566 τῶν
2542 3513 2734 3580 ἁγίων·
2780 3511 2875 3562 καὶ
2913 3509 3172 3579 ἐξεϐλήθη
3209 3510 3393 3562 λοιπὸν
3435 3510 3496 3561 οὐ

1927 3607 2085 3677 μόνον
2126 3604 2226 3673 τῆς
2266 3600 2583 3673 ἱερωσύνης,
2621 3599 2756 3653 ἀλλά
2794 3598 2887 3651 καὶ
2923 3599 3022 3666 τῆς
3071 3597 3364 3666 βασιλείας,
3403 3599 3498 3649 καὶ

1922 3695 2136 3764 διέμενε
2178 3688 2395 3760 λεπρὸς.
2443 3688 2500 3743 '0
2553 3689 2610 3742 δὲ
2666 3689 2799 3751 Θεὸς
2843 3683 3066 3753 ἐποίησε
3109 3686 3206 3754 μὲν
3246 3686 3305 3738 16
3345 3685 3495 3747 ἴδιον,

1923 3783 2218 3851 ἠγανάκτει
2247 3780 2303 3833 δὲ
2324 3786 2435 3844 τοῖς
2467 3780 2691 3850 ἱερεῦσι,
2726 3777 2820 3831 καὶ
2857 3778 3089 3847 μάλιστα
3117 3775 3194 3844 τῷ
3220 3775 3495 3845 προφήτῃ,

1922 3869 2003 3922 ὅτι
2033 3868 2223 3940 παρὼν
2255 3868 2532 3943 προέδωκε
2559 3866 2657 3936 τὴν
2690 3864 2989 3918 εὐσέϐειαν.
3020 3860 3128 3916 Ἦν
3172 3857 3263 3913 οὖν
3303 3862 3329 3912 6
3368 3859 3500 3921 Θεὸς

1923 3960 1981 4011 ἐν
2039 3962 2456 4028 παρασιωπήσει
2501 3957 2635 4025 πρὸς
2675 3955 2766 4008 τὸν
2800 3956 3103 4025 προφήτην,
3141 3951 3233 4004 καὶ
3270 3949 3328 4001 οὐ
3374 3965 3501 4018 μετ-

1926 4047 2093 4100 έδωκε
2134 4047 2345 4113 λόγους,
2378 4045 2483 4109 ἓως
2523 4042 2874 4110 ἐτελεύτησεν
2911 4044 2938 4095 ὁ
2978 4041 3311 4111 παράνομος.
3365 4038 3497 4089 Ὅτε

1924 4134 2106 4187 λοιπὸν
2136 4136 2403 4189 ἀπέθανεν
2433 4136 2461 4187 ὁ
2493 4133 2714 4198 ἀσεϐὴς,
2742 4130 2863 4183 τότε
2895 4132 2923 4182 6
2951 4128 3083 4191 Θεὸς
3107 4126 3131 4165 ἀ
3166 4125 3498 4194 ἀποθέμενος

1925 4223 2020 4293 τὴν
2055 4224 2447 4291 ἀγανάκτησιν,
2494 4219 2868 4273 διαλλάσσεται
2906 4214 2984 4285 τῷ
3027 4215 3299 4286 προφήτῃ.
3336 4213 3501 4277 Λέγει

1924 4314 2102 4366 τοίνυν
2132 4306 2379 4375 Ἡσαΐας·
2410 4310 2519 4366 Καὶ
2544 4309 2780 4378 ἐγένετο
2818 4307 2886 4359 ἐν
2913 4304 2993 4371 τῷ
3014 4301 3285 4367 ἐνιαυτῷ,
3312 4294 3359 4366 ᾧ
3390 4302 3502 4354 ἀπ-

1925 4401 2140 4455 έθανεν
2177 4400 2356 4465 Ὀζῖας
2382 4402 2414 4453 ό
2440 4396 2762 4463 βασιλεὺς,
2794 4391 2956 4449 εἶδον
2981 4393 3088 4446 τὸν
3115 4393 3333 4458 Κύριον
3368 4395 3500 4443 καθ-

1926 4489 2150 4556 ήμενον
2199 4487 2295 4539 ἐπὶ
2341 4487 2557 4554 θρόνου
2598 4481 2843 4552 ὑψηλοῦ
2870 4481 2968 4535 καὶ
2992 4478 3350 4547 ἐπηρμένου.
3391 4476 3502 4529 Καὶ⁸

1927 4577 2065 4630 διατί
2100 4576 2232 4638 Θεὸς
2260 4574 2504 4643 ἐπεφάνη
2539 4574 2632 4624 ἐπὶ
2664 4571 2851 4641 θρόνου
2888 4566 3091 4637 ὑψηλοῦ
3128 4566 3220 4617 καὶ
3253 4564 3499 4634 ἐπηρμέ-

1927 4685 2053 4733 νου;
2100 4667 2317 4737 Ἐπειδὴ
2351 4666 2577 4736 ἀόρατός
2619 4666 2766 4716 ἐστιν
2809 4664 2837 4715 6
2884 4659 3035 4724 Θεὸς,
3082 4659 3110 4711 ὁ
3147 4658 3202 4710 δὲ
3251 4656 3501 4726 βασιλεὺς

1929 4758 2201 4827 ὁρώμενος
2235 4755 2400 4824 φόϐον
2433 4754 2578 4823 έσχε,
2620 4752 2857 4803 δείκνυσι
2895 4746 2974 4818 τῷ
3001 4747 3255 4817 προφήτῃ
3280 4744 3379 4814 τὴν
3408 4744 3500 4796 οὐ·

1933 4847 2111 4919 ράνιον
2136 4844 2312 4908 δόξαν,
2340 4843 2429 4895 ἵνα
2460 4841 2622 4910 πείσῃ
2650 4838 2811 4891 αὐτὸν
2840 4836 2990 4889 ποίου
3018 4834 3208 4906 θρόνου
3240 4849 3504 4900 καταφρο-

1930 4936 2214 5004 νήσαντες,
2250 4933 2399 4983 ποῖον
2429 4929 2615 5000 θρόνον
2642 4926 2926 4996 ἐτίμησαν·
2970 4928 3130 4976 ποίαν
3154 4919 3499 4992 δορυφορίαν,

1930 5023 2178 5090 οὐράνιον
2203 5020 2297 5073 καὶ
2325 5017 2643 5086 ἀγγελικὴν,
2681 5014 2755 5086 μὴ
2775 5015 3125 5084 τιμήσαντες,
3159 5007 3292 5078 μηδὲ
3321 5006 3505 5073 ἐννοή-

1934 5127 2143 5174 σαντες,
2184 5106 2509 5180 δορυφορίαν
2543 5103 2888 5174 ἀνθρωπίνην
2917 5097 3361 5165 ἐδυσωπήθησαν.
3390 5092 3500 5146 Καὶ

1931 5195 2029 5267 ἦν,
2060 5199 2243 5268 φησὶν,
2268 5195 2508 5263 πλήρης
2538 5196 2569 5247 ό
2603 5188 2765 5257 οἶκος
2804 5189 2913 5256 τῆς
2948 5187 3134 5252 δόξης
3165 5182 3371 5244 αὑτοῦ,
3404 5181 3501 5234 καί

1933 5288 2004 5340 τὰ
2049 5286 2341 5355 Σεραφείμ
2376 5283 2760 5349 εἰστήκεισαν
2800 5280 3003 5339 κύκλῳ
3036 5272 3240 5327 αὑτοῦ.
3283 5270 3365 5322 Τὰ
3400 5270 3505 5322 Χε-

1936 5376 2163 5444 ρουϐεἰμ
2220 5373 2406 5443 θρόνος
2452 5370 2587 5434 ἐστὶ,
2644 5368 2713 5421 τὰ
2760 5363 3038 5434 Σεραφεὶμ
3085 5356 3507 5429 δορυφορίαέτά

1934 5462 2244 5534 Χερουϐεἱμ
2274 5460 2380 5530 γὰρ
2410 5459 2559 5512 οὐδὲν
2588 5456 2714 5510 ἄλλο
2742 5450 3121 5524 ἑρμηνεύεται,
3157 5446 3191 5517 ἢ
3221 5446 3382 5515 σοφία
3408 5462 3505 5497 πε-

1999 5611 2023 5641 ‘
2050 5610 2133 5657 Sic
2177 5608 2441 5657 Vaticanus
2477 5611 2617 5669 recte
2661 5624 2673 5652 :
2722 5601 2869 5669 ξιξγὶιί
2917 5605 2971 5646 et
3013 5594 3504 5669 (ἷρηιῢρθς.νὶλεγξνο

1936 5673 2008 5719 ὅτι
2054 5671 2199 5718 ἄλλου
2247 5671 2348 5718 ἐστὶ
2389 5668 2513 5717 Θεοῦ
2538 5670 2702 5728 ὄνομα·
2733 5665 2821 5711 οὐκ
2844 5663 2972 5711 ἔστιν
3011 5659 3136 5719 οὐτε,
3161 5665 3257 5705 elc.
3282 5658 3386 5707 Vox
3409 5659 3509 5705 ἐλε-

1935 5732 2461 5795 yw‘lmalniperturbat
2478 5726 2791 5795 sententiam.
3070 5782 3161 5795 nr”
3307 5788 3315 5795 .
3385 5783 3415 5795 ,γ
3459 5781 3469 5795 Ξ

2000 5793 2025 5831 d
2051 5795 2136 5841 HIS
2157 5782 2317 5845 adium
2342 5793 2463 5846 dicit
2500 5794 2875 5853 Chrysoslomus
2897 5796 3046 5846 supra
3068 5782 3429 5833 Commentario
3458 5782 3512 5835 in

1941 5855 2125 5927 ζδαὶειιι.
