4044 6306
549 377 656 433 443

546 495 902 569 πληρωμένη.
941 499 1155 572 ’Ὠσπερ
1176 500 1231 553 δὲ
1261 495 1413 564 οὗτος
1440 503 1468 555 6
1493 500 1684 572 θρόνος
1712 500 1745 572 ἦ
1774 500 1960 572 ἓτερος
1988 504 2122 556 ἁνα-

543 593 708 645 παύει
741 589 832 641 τὸν
876 589 1201 660 καθήμενον,
1240 591 1331 643 καί
1363 594 1479 644 ἐστι
1512 591 1646 661 τιμὴ
1673 591 1767 644 καὶ
1794 591 2120 651 ἀνάπαυσις,

544 676 687 729 οὑτω
727 676 820 729 καὶ
860 675 994 728 Θεοῦ
1047 678 1232 745 θρόνος
1281 680 1461 746 σοφία,
1511 672 1663 752 ἐφ’ᾖ
1714 676 2121 731 ἐπαναπαύεται

547 765 699 827 Θεός.
743 764 842 816 Διά
878 763 1027 835 [452]
1049 764 1252 819 τοῦτοὸ
1279 766 1440 819 Δαυῖδ
1466 782 1648 835 φησιν·
1692 766 1744 817 '0
1786 763 2123 833 καθήμενος

546 853 646 906 ἐπὶ
671 852 787 907 τῶν
806 854 1143 921 Χερουϐεὶμ,
1168 854 1287 907 ἀντὶ
1313 853 1428 918 τοῦ,
1446 854 1503 906 Ὁ
1521 854 1613 906 ἐπὶ
1634 853 1730 923 τῆς
1760 849 2124 921 πεπληρωμέ-

550 962 647 1014 νης
676 944 866 1011 σοφίας
895 946 1398 1015 ἐπαναπαυόμενος.
1423 944 1523 997 Διά
1542 944 1699 997 τοῦτο
1727 941 1795 993 τὰ
1816 939 2124 1012 Χερουϐεὶμ

550 1032 729 1102 πλήρη
769 1031 1080 1101 ὀφθαλμῶν,
1124 1032 1193 1084 τὰ
1223 1032 1389 1095 νῶτα,
1428 1032 1526 1103 τὴν
1573 1029 1833 1099 κεφαλὴν,
1869 1027 1967 1090 τάς
1993 1026 2125 1078 πτέ-

552 1133 742 1187 ρυγας.
786 1119 910 1180 τοὺς
945 1118 1131 1181 πόδας,
1162 1117 1231 1170 τὰ
1262 1117 1452 1189 στήθη,
1488 1118 1582 1171 καὶ
1620 1118 1797 1170 πάντα
1833 1112 2124 1184 ὀφθαλμῶν

550 1206 924 1276 ἐπεπλήρωτο,
969 1204 1156 1277 ἐπειδὴ
1212 1207 1245 1276 ή
1303 1207 1461 1274 σοφία
1527 1203 1861 1275 πανταχόθεν
1914 1201 2121 1272 βλέπει,

551 1293 885 1362 πανταχόθεν
930 1294 1274 1365 ἠνεῳγμένον
1328 1294 1440 1363 ἔχει
1479 1294 1538 1346 τὸ
1584 1292 1756 1363 ὄμμα.
1806 1291 1937 1355 Ἓξ,
1966 1288 2121 1359 φησὶ.

551 1383 837 1451 πτέρυγες
886 1380 965 1447 τῷ
1006 1382 1118 1447 ἐνὶ,
1158 1382 1254 1436 καὶ
1305 1382 1373 1446 ἒξ
1414 1381 1701 1451 πτέρυγες
1745 1380 1822 1446 τῷ
1864 1379 1975 1433 ὲνι.
2012 1378 2125 1431 Καὶ

552 1469 679 1534 ταῖς
718 1470 835 1537 μὲν
860 1469 1004 1523 δυσὶ
1050 1470 1505 1525 κατεκάλυπτον
1544 1468 1609 1522 τὸ
1649 1469 1993 1535 πρόσωπον,
2028 1465 2125 1519 καὶ

552 1557 681 1622 ταῖς
712 1556 852 1611 δυσὶ
885 1557 1029 1624 τοὺς
1063 1558 1273 1625 πόδας,
1321 1558 1447 1623 ταῖς
1496 1558 1564 1610 δὲ
1598 1557 1783 1610 δυσὶν
1823 1553 2121 1608 ἐπέτοντο.

552 1644 662 1697 Καὶ
695 1644 1021 1715 ἐκέκραγον
1056 1646 1257 1714 ἕτερος
1292 1646 1441 1714 πρὸς
1486 1644 1592 1698 τὸν
1634 1643 1855 1710 ἕτερον·
1904 1642 2123 1710 Ἀγιος,

552 1732 735 1803 ἅγιος,
790 1733 956 1803 ἅγιος
1016 1735 1231 1801 Κύριος
1284 1733 1548 1798 Σαϐαὼθ,
1600 1732 1865 1795 τουτέστι,
1922 1728 2128 1800 Κύριος

555 1820 840 1892 στρατιῶν.
880 1821 981 1885 Ἓξ
1013 1822 1303 1891 πτέρυγες
1343 1821 1423 1886 τῷ
1452 1821 1565 1885 ἐνὶ,
1613 1818 1711 1874 καὶ
1744 1818 1813 1883 ἓξ
1840 1818 2129 1887 πτέρυγες

436 1948 441 1953 .
551 1906 633 1973 τῷ
668 1908 779 1962 ἑνί.
821 1906 993 1962 Ὀκτὼ
1034 1907 1385 1980 ἡσυχάζουσι,
1419 1910 1511 1961 καὶ
1542 1907 1805 1978 τέσσαρες
1840 1905 2023 1976 βοῶσι.
2062 1903 2126 1956 Τί

551 1991 645 2049 οὖν
669 1996 907 2049 διδάσκει
941 1998 1087 2066 ἡμᾶς
1122 2000 1154 2066 ὴ
1192 1998 1417 2068 Γραφή;
1450 1996 1541 2066 Μὴ
1570 1995 1746 2049 πάντα
1777 1996 1945 2046 κινεῖν
1982 1992 2129 2060 λογι-

555 2086 690 2155 σμὸν
720 2085 847 2156 περὶ
876 2086 1031 2139 Θεοῦ·
1062 2086 1196 2139 ἁλλά
1238 2086 1305 2139 τά
1346 2085 1444 2156 μὲν
1496 2086 1673 2154 σιωπῇ
1711 2082 2021 2152 κηρύττειν,
2062 2079 2131 2133 τὰ

552 2174 610 2227 δὲ
634 2173 811 2226 πίστει
837 2173 1076 2239 δοξάζειν
1105 2175 1196 2227 καὶ
1226 2173 1514 2240 θεολογεῖν.
1548 2171 1696 2224 Διατί
1718 2170 1775 2223 δὲ
1801 2170 2131 2233 σκεπάζουσι

552 2262 679 2324 τοὺς
700 2261 864 2324 πόδας
891 2262 984 2314 καὶ
1007 2260 1106 2331 τὴν
1142 2260 1409 2328 κεφαλήν;
1459 2258 1675 2328 Ἐπειδὴ
1706 2256 1829 2309 οὔτε
1858 2257 1999 2327 ἀρχὴ
2030 2256 2133 2308 εὑ-

556 2349 824 2420 ρίσκεται,
865 2349 989 2402 οὑτε
1029 2349 1205 2411 τέλος.
1255 2349 1387 2410 Ταῖς
1422 2346 1481 2399 δὲ
1520 2346 1638 2399 δυσὶ
1670 2344 2002 2398 καλύπτουσι
2033 2344 2132 2413 τὴν

557 2436 818 2505 κεφαλὴν,
844 2439 961 2499 ταῖς
982 2436 1139 2490 δυσὶδ
1168 2434 1292 2497 τοὺς
1315 2434 1496 2499 πόδας,
1529 2432 1769 2503 δηλονότι
1792 2435 1911 2495 ταῖς
1941 2432 2134 2501 μέσαις

557 2524 783 2596 πτέρυξι
809 2525 1081 2589 πέτονται,
1113 2524 1172 2577 οὑ
1201 2526 1319 2586 ταῖς
1342 2523 1473 2585 ἄνω,
1501 2523 1559 2575 οὑ
1586 2524 1707 2584 ταῖς
1729 2521 1898 2573 κάτω.
1919 2522 2009 2572 Δεῖ
2028 2519 2134 2589 γὰρ

556 2614 703 2681 ἡμᾶς
732 2614 858 2683 περὶ
886 2612 1019 2665 Θεοῦ
1053 2611 1344 2674 λαλοῦντας
1372 2609 1442 2664 τά
1476 2610 1617 2680 μέσα
1642 2608 1841 2661 λαλεῖν·
1872 2610 1954 2661 ὅτι
1980 2608 2130 2671 Θεὸς,

556 2701 639 2753 ὅτι
666 2699 1029 2771 Δημιουργὸς,
1067 2701 1149 2752 ὅτι
1182 2697 1480 2767 Δεσπότης,
1500 2697 1581 2750 ὅτι
1606 2696 1921 2765 εὐεργέτης.
1951 2693 2135 2747 Ταῦτα

559 2788 739 2841 πάντα
762 2788 923 2859 μέσα.
957 2787 1080 2840 Ἐὰν
1105 2788 1288 2857 εἴπῃς,
1308 2785 1433 2848 Πῶς
1454 2784 1709 2853 ἐγέννησε
1735 2800 1750 2848 ;
1771 2782 1869 2853 τὴν
1891 2782 2134 2852 κεφαλὴν

559 2874 905 2945 ἐγύμνωσας,
936 2876 1002 2946 ἢν
1031 2874 1221 2927 σκέπει
1251 2873 1318 2926 τὰ
1345 2872 1672 2945 Χερουὸείμ.
1717 2870 1843 2924 Ἐὰν
1868 2870 1924 2923 δὲ
1952 2870 2132 2940 εἴπῃς,

559 2962 672 3017 Ποῦ
704 2962 766 3016 τὸ
814 2962 965 3026 τέλος
1011 2963 1105 3016 τοῦ
1152 2961 1318 3027 Θεοῦ;
1369 2962 1493 3024 τοὺς
1542 2961 1706 3024 πόδας
1750 2961 1994 3030 γυμνοῖς,
2043 2957 2137 3021 οὓς

561 3052 754 3106 σκέπει
800 3051 867 3104 τά
905 3051 1234 3123 Χερουὸείμ.
1269 3050 1469 3102 Σκέπει
1510 3048 1567 3102 δὲ
1609 3049 1707 3117 τὴν
1756 3047 1996 3117 κεφαλὴν
2042 3046 2137 3099 καὶ

558 3142 686 3204 τοὺς
736 3140 921 3204 πόδας,
974 3141 1072 3210 οὑχ
1127 3140 1213 3192 ἵνα
1256 3138 1459 3211 κρύψῃ,
1517 3138 1753 3192 ἀλλ’ἵνα
1802 3136 2010 3209 διδάξῃ,
2053 3136 2135 3188 ὅτι

561 3228 975 3299 ἀνεξερεύνητα,
1003 3228 1083 3281 ὅτι
1112 3226 1489 3296 ἀκατάληπτα.
1531 3226 1676 3280 Λάϐε
1702 3227 1797 3279 καὶ
1826 3226 1913 3278 τὸν
1946 3224 2131 3278 τύπον.

561 3312 741 3369 Ἦσαν
773 3314 831 3382 ἒξ
856 3316 948 3368 καὶ
971 3313 1051 3381 ἒξ,
1074 3312 1281 3368 δώδεκα
1304 3315 1591 3385 πτέρυγες·
1616 3314 1759 3367 ὀκτὼ
1786 3313 2135 3384 ἡσυχάζουσι,

563 3406 659 3458 καὶ
686 3404 951 3475 τέσσαρες
984 3403 1279 3457 κινοῦνται.
1322 3403 1503 3467 Τύπος
1536 3403 1643 3456 τῶν
1671 3403 2003 3457 ἀποστόλων,
2023 3403 2138 3455 Δώ-

562 3494 695 3547 δεκα
722 3493 1026 3556 ἀπόστολοι,
1056 3492 1190 3546 ἀλλά
1226 3492 1487 3563 τέσσαρες
1511 3490 1708 3561 βοῶσιν
1738 3489 2135 3558 εὑαγγελισταί.

563 3582 675 3635 Καὶ
700 3580 752 3633 τί
784 3581 978 3651 βοῶσιν
999 3599 1014 3647 ;
1043 3582 1145 3634 Ἠν
1174 3579 1500 3633 ἐσπούδασεν
1524 3581 1552 3632 6
1577 3580 1819 3641 Σατανᾶς
1841 3577 2140 3648 ἀνατρέψαι

565 3672 769 3742 φωνήν.
806 3673 1067 3741 Πρόσεχε,
1100 3669 1424 3741 παρακαλῶ·
1454 3669 1567 3739 Οὑχ
1604 3668 1787 3731 ἀπλῶς
1825 3667 2028 3735 ἔλεγον,
2065 3668 2140 3730 ὡς

563 3762 744 3831 ⁴ἡμεῖς·
780 3758 993 3829 Ἄγιος,
1040 3758 1226 3828 ἅγιος,
1267 3757 1452 3826 ἅγιος·
1499 3754 1634 3808 ἀλλα
1672 3750 1751 3818 εἷς
1793 3752 1869 3823 τῷ
1908 3754 1989 3807 ἐνί
2026 3753 2142 3806 ἀντ-

566 3847 854 3920 έϐαλ[λ]ον,
871 3850 945 3911 ὡς
962 3847 1287 3917 γέγραπται·
1309 3845 1415 3900 Καὶ
1438 3844 1762 3913 ἐκέκραγον
1784 3842 1983 3911 ἕτερος
1994 3840 2143 3909 πρὸς

566 3938 674 3991 τὸν
704 3936 925 4004 ἕτερον.
969 3936 1178 4002 Ἂγιος,
1224 3934 1407 4004 φησὶν,
1452 3932 1597 3996 ἅπαξ
1630 3931 1913 4001 ὀφείλομεν
1948 3932 2139 3983 εἰπεῖν.

579 4027 639 4077 Ὀ
661 4024 815 4086 ἄλλος
837 4024 1006 4092 λέγει·
1032 4025 1234 4091 Ἄγιος·
1269 4018 1383 4074 εἶτα
1406 4020 1434 4072 ὁ
1458 4019 1664 4086 ἔτερος,
1692 4018 1922 4089 πρόσθες
1942 4017 2004 4071 τὸ
2027 4017 2143 4088 τρί-

566 4132 679 4179 τον,
708 4114 914 4180 Ἄγιος.
951 4111 1103 4165 Ἐπεὶ
1134 4107 1227 4163 οῦν
1254 4109 1379 4181 τρία
1423 4108 1829 4178 ὴριθμήσαμεν,
1882 4106 1955 4176 μὴ
1993 4105 2145 4174 νομί-

571 4219 670 4275 σῃς
700 4198 837 4254 εἶναι
869 4204 1019 4271 τρεῖς
1047 4199 1220 4263 θεούς.
1257 4198 1322 4251 Τί
1364 4193 1476 4261 οὑν,
1520 4198 1730 4265 Ἄγιος,
1760 4196 1948 4265 ἅγιος,
1980 4193 2145 4263 ἅγιος

569 4294 821 4361 Κύριος;
865 4286 959 4354 Εἷς
991 4290 1098 4359 γὰρ
1125 4288 1347 4359 Κύριος,
1388 4288 1485 4358 μία
1522 4285 1721 4349 πίστις,
1753 4284 1811 4337 ἓν
1842 4284 2141 4353 βάπτισμα.

573 4382 684 4435 Καὶ
712 4379 900 4451 ὥσπερ
928 4381 984 4431 ἐν
1004 4381 1124 4440 ταῖς
1157 4376 1493 4447 ψαλμῳδίαις
1529 4373 1957 4444 ἀντιπέμπουσιν
1983 4372 2145 4443 ἀλλή-

573 4471 685 4530 λοις
718 4469 787 4522 τά
815 4469 971 4538 μέλη,
997 4466 1168 4529 οὑτως
1199 4467 1254 4518 αί
1287 4467 1398 4520 ἄνω
1432 4463 1687 4533 δυνάμεις
1710 4460 2146 4533 ἀντιχορεύουσιν

573 4556 849 4628 ἀλλήλαις,
877 4556 970 4610 καὶ
997 4555 1185 4625 ὥσπερ
1211 4555 1267 4620 ἐξ
1296 4551 1594 4622 ἁντιφώνου
1620 4549 1882 4622 μελῳδίας
1910 4549 2148 4619 ἀναπέμ-

576 4662 737 4699 πουσι
786 4643 884 4714 τὴν
922 4643 1248 4710 δοξολογίαν.
1286 4638 1443 4703 Εἶτα,
1478 4639 1740 4708 Πλήρης,
1777 4639 1959 4707 φησὶν,
1994 4641 2027 4691 ό
2063 4634 2147 4691 οἷα

576 4751 682 4797 νιος
718 4731 829 4799 τῆς
855 4731 1042 4799 δόξης
1074 4731 1274 4786 αὐτοῦ.
1310 4730 1419 4784 Καὶ
1449 4728 1678 4796 ἐπήρθη
1722 4727 1785 4780 τὸ
1814 4726 2148 4794 ὑπέρθυρον

574 4820 693 4877 ἀπὸ
743 4818 855 4888 τῆς
911 4816 1171 4888 κραυγῆς
1223 4815 1297 4888 ἧς
1336 4817 1680 4888 ἐκέκραγον,
1739 4813 1837 4866 καί
1895 4816 1927 4866 ό
1984 4810 2147 4879 οἶκος

572 4908 888 4978 ἐπληρώθη
918 4908 1173 4962 καπνοῦ.

649 5006 723 5065 ς’.
774 4999 934 5052 Ξένον
988 4998 1257 5067 πρᾶγμαί
1294 4999 1426 5051 Ἀπὸ
1476 4998 1577 5068 τῆς
1640 4995 1967 5065 δοξολογίας,
2031 4993 2147 5047 δέον

575 5088 938 5161 προστεθῆναι
963 5086 1138 5150 δόξαν,
1176 5086 1323 5156 καὶὴ
1356 5082 1488 5139 οῦσα
1516 5086 1786 5150 ἀπώλετο,
1816 5086 1910 5138 καὶ
1944 5084 2148 5146 καπνὸς

574 5176 808 5249 εἰσῆλθε.
833 5174 1051 5239 Καπνὸς
1075 5174 1152 5239 δὲ,
1171 5174 1402 5244 ἐρημίας
1436 5174 1581 5227 ἐστὶν
1612 5173 1795 5227 εἰκών.
1825 5173 1889 5227 Τί
1916 5168 2009 5226 οὖν
2033 5175 2148 5226 ἐστι

575 5264 767 5332 τοῦτο;
794 5264 1024 5337 Προῃδει
1056 5262 1116 5317 τὸ
1148 5261 1373 5331 Πνεῦμα
1413 5260 1473 5313 τὸ
1506 5261 1680 5329 ἅγιον,
1710 5262 1792 5314 ὅτι
1824 5261 1903 5326 τὸ,
1934 5263 2146 5330 Ἄγιος,

575 5358 761 5424 ἅγιος,
813 5355 1001 5425 ἅγιος,
1050 5354 1316 5425 ἥρμοσται
1358 5348 1435 5420 τῷ
1475 5351 1685 5421 κόσμῳ,
1720 5350 1795 5421 τῷ
1837 5350 2149 5422 κηρύγματι

574 5445 681 5497 τῶν
722 5443 1057 5504 ἀποστόλων,
1093 5441 1186 5493 καὶ
1210 5441 1270 5493 οὑ
1295 5438 1508 5509 δέχεται
1538 5438 1668 5491 αὑτὸ
1696 5442 1724 5493 6
1751 5439 1876 5502 ναὸς
1899 5439 2007 5492 τῶν
2024 5438 2150 5491 Ἰου-

577 5534 759 5585 δαίων.
794 5533 953 5600 Λέγει
979 5527 1091 5597 οὑν,
1122 5532 1202 5584 ὅτι
1231 5528 1366 5600 μετά
1396 5528 1457 5581 τὸ
1487 5529 1745 5599 κήρυγμα
1778 5528 1870 5582 τοῦ
1902 5530 2149 5596 Εὑαγγε-

579 5619 690 5672 λίου
747 5619 978 5691 ἐρημίας
1028 5618 1121 5672 καὶ
1155 5616 1360 5671 καπνοῦ
1415 5616 1713 5686 πληροῦται
1768 5618 1800 5685 ἡ
1842 5616 2148 5686 συναγωγή.

590 5708 834 5778 Ἐπήρθη
872 5708 929 5760 δὲ
964 5708 1060 5778 οὑχ
1099 5708 1132 5777 ἡ
1168 5705 1324 5777 θύρα,
1359 5703 1496 5758 ἀλλά
1521 5704 1580 5757 τὸ
1614 5704 1935 5776 ὑπέρθυρον.
1980 5702 2153 5773 Πρόσ-

640 5862 657 5887 ⁸
684 5866 795 5913 Sav.
820 5864 902 5912 καὶ
921 5862 1022 5922 ταῖς
1045 5862 1125 5924 μὶν
1149 5864 1311 5915 δυσὶ...
1339 5863 1440 5919 ταῖς
1463 5863 1512 5912 δὲ
1532 5862 1653 5911 δυσί.

2006 379 2375 437 SEVERIANI

3693 377 3791 436 ιιι

2226 514 2338 569 εχε·
2374 499 2532 553 Πᾶσα
2563 499 2702 570 θύρα
2734 500 2887 554 οὐδὸν
2925 498 3277 570 ὑποκείμενον
3309 498 3441 569 ἔχει,
3495 496 3590 549 καὶ
3632 498 3795 569 ὑπέρ-

2225 588 2385 657 θυρον
2421 586 2571 658 [455]
2622 588 2968 657 ἐπικείμενον
3015 589 3134 650 ταῖς
3177 587 3505 657 παραστάσι·
3550 587 3645 640 καὶ
3677 585 3799 641 οὔτε

2226 676 2415 744 στῆναι
2444 675 2695 729 δύνανται
2728 675 3076 746 παραστάδες
3118 676 3193 745 μὴ
3231 675 3445 745 ἔχουσαι
3475 674 3647 740 ούδὸν,
3682 675 3802 729 οὐδὲ

2226 762 2581 834 στηριχθῆναι
2634 763 2919 816 ἀσάλευτοι
2968 762 3220 816 δύνανται
3286 763 3359 833 μὴ
3420 761 3685 816 λαϐοῦσαι
3742 763 3803 815 τὸ

2226 850 2550 921 ὑπέρθυρον.
2593 851 2837 921 Ἐπήρθη
2861 847 2954 904 οὖν
2978 851 3076 921 τῆς
3102 851 3419 920 συναγωγῆς
3448 850 3507 903 τὸ
3531 852 3644 905 ἄνω
3674 851 3803 921 σκῆ·

2228 957 2322 1008 μα·
2369 941 2465 1009 οὐχ
2508 940 2599 1009 ὅλη
2653 940 2751 1010 μὲν
2803 943 2835 1010 ἡ
2880 938 3189 1009 συναγωγὴ,
3236 938 3405 1010 θύρας
3447 938 3546 1008 μὲν
3583 938 3802 1009 ἔχουσα,

2227 1026 2529 1097 ὑπέρθυρον
2554 1027 2609 1080 δὲ
2640 1028 2740 1080 οὑκ
2765 1027 2979 1097 ἔχουσα.
3018 1027 3091 1080 Τὸ
3118 1026 3421 1098 ὑπέρθυρόν
3454 1028 3601 1081 ἐστιν
3637 1028 3671 1097 ἡ
3698 1026 3806 1080 ἄνω

2225 1114 2502 1183 κρατοῦσα
2521 1114 2764 1184 δύναμις.
2804 1115 3046 1185 Ἐπήρθη
3073 1114 3133 1167 τὸ
3163 1113 3489 1185 ὑπέρθυρον,
3514 1114 3806 1185 ἐγυμνώθη

2223 1202 2325 1271 τῆς
2347 1202 2586 1273 χάριτος.
2615 1202 2731 1271 Ἀφ’
2754 1196 2813 1255 οὑ
2839 1203 2894 1255 δὲ
2917 1203 2977 1255 τὸ
2999 1202 3300 1273 ὑπέρθυρον
3328 1202 3562 1273 ἐπήρθη,
3594 1203 3811 1273 ἀνάγκη

2225 1290 2324 1353 τὰς
2376 1291 2724 1360 παραστάδας
2763 1292 2854 1344 καὶ
2896 1290 3002 1344 ὑπὸ
3047 1293 3145 1362 τῆς
3183 1292 3449 1363 τυχούσης
3490 1292 3677 1363 χειρὸς
3722 1311 3812 1346 σαι

2224 1376 2496 1433 λεύεσθαι.
2534 1379 2634 1431 Διά
2658 1379 2816 1433 τοῦτο
2846 1380 2993 1432 πᾶσα
3022 1380 3143 1450 χεὶρ
3172 1379 3385 1433 σαλεύει
3414 1380 3481 1432 τὰ
3517 1381 3807 1433 Ἰουδαϊκὰ.

2228 1465 2339 1519 Καὶ
2386 1466 2473 1519 διὰ
2517 1467 2676 1520 τοῦτο
2720 1468 3003 1537 προφήτης
3040 1485 3121 1531 τις
3150 1467 3323 1537 ἔλεγε·
3354 1468 3462 1525 Καὶ
3498 1468 3674 1537 θήσω
3702 1468 3813 1534 τὴν

2240 1554 2627 1625 Ἰερουσαλὴμ
2653 1558 2733 1624 ὡς
2764 1561 3029 1626 πρόθυρα
3061 1558 3460 1625 σαλευόμενα.
3504 1556 3620 1611 Καὶ
3662 1560 3696 1611 ό
3736 1552 3815 1610 οἷ-

2230 1659 2357 1709 κος,
2397 1643 2578 1712 φησὶν,
2604 1643 2918 1715 ἐπληρώθη
2948 1646 3204 1700 καπνοῦ.
3238 1647 3347 1699 Καὶ
3368 1643 3473 1697 ποῦ
3496 1646 3530 1716 ἡ
3556 1646 3693 1709 δόξα
3711 1646 3812 1698 ἁπ-

2228 1729 2388 1800 ἧλθε;
2416 1730 2673 1802 Πρόσεχε,
2701 1733 3023 1804 παρακαλῶ·
3048 1734 3209 1802 Λέγει
3250 1734 3496 1797 Ἡσαΐας·
3526 1733 3643 1786 Καὶ
3668 1732 3816 1799 πλή-

2222 1834 2339 1885 ρης
2386 1817 2496 1886 τῆς
2539 1818 2723 1887 δόξης
2775 1824 2808 1873 ό
2861 1817 3024 1887 οἶκος
3079 1820 3286 1875 αὑτοῦ·
3342 1816 3459 1874 εἷτα
3514 1820 3698 1890 λέγει,
3740 1823 3814 1875 ὅτι

2243 1906 2546 1974 Ἐπλήσθη
2582 1909 2837 1963 καπνοῦ.
2873 1908 3216 1972 Εἰσελθόντος
3242 1910 3419 1963 τοίνυν
3457 1908 3553 1963 τοῦ
3581 1907 3814 1971 καπνοῦ,

2231 1994 2443 2067 ἀνάγκῃ
2478 1998 2511 2068 ή
2550 1995 2675 2061 δόξα
2704 1998 2986 2069 μετετέθη.
3018 1999 3129 2052 Καὶ
3153 1998 3255 2052 ποῦ
3289 1999 3588 2070 μετετέθη;
3624 1999 3741 2053 Ούκ
3764 1998 3818 2050 ἐν

2232 2085 2313 2136 ἐνὶ
2349 2085 2502 2156 οἴκῳ,
2538 2085 2652 2139 ἀλλ’
2680 2086 2964 2158 ἐπλήρωσε
2997 2086 3096 2150 τὰς
3135 2086 3460 2157 Ἐκκλησίας
3501 2086 3611 2139 ἀνά
3640 2088 3817 2139 πᾶσαν

2230 2179 2330 2250 τὴν
2371 2176 2711 2245 οἰκουμένην.
2761 2173 2872 2227 Καὶ
2912 2174 2999 2229 ἵνα
3041 2174 3190 2246 δείξῃ
3233 2176 3302 2229 τὰ
3351 2174 3669 2245 Χερουϐεὶμ
3720 2174 3817 2227 ποῦ

2233 2265 2473 2337 ἀπῆλθεν
2499 2267 2531 2334 ἠ
2561 2263 2687 2330 δόξα
2710 2265 2742 2334 ή
2774 2264 2832 2317 ἐν
2858 2262 2938 2334 τῷ
2964 2262 3100 2334 ναῷ,
3121 2263 3282 2332 λέγει·
3306 2261 3555 2331 Πλήρης
3583 2263 3761 2318 πᾶσα
3781 2264 3817 2329 ἡ

2231 2353 2308 2425 γῆ
2352 2353 2462 2421 τῆς
2508 2352 2692 2419 δόξης
2739 2352 2947 2407 αὑτοῦ.
3004 2350 3325 2421 Ἐγυμνὼθη
3375 2351 3433 2403 ἒν
3495 2350 3675 2417 ἔθνος,
3731 2351 3819 2404 καὶ

2233 2441 2506 2511 ἐφωτίσθη
2536 2439 2605 2493 τά
2632 2441 2842 2510 πέρατα
2863 2440 2963 2509 τῆς
2990 2440 3113 2510 γῆς.
3141 2438 3357 2510 Ταύτην
3380 2438 3479 2511 τὴν
3509 2439 3679 2507 ἁγίαν
3713 2458 3821 2509 φω-

2234 2532 2331 2603 νὴν
2372 2529 2599 2599 Κυρίου,
2646 2529 2744 2600 τὴν
2793 2526 3078 2598 βασιλικὴν
3118 2526 3445 2593 δοξολογίαν,
3478 2532 3694 2594 ταύτην
3726 2526 3818 2597 τὴν

2235 2620 2414 2673 ἔνθεον
2440 2617 2846 2689 μυσταγωγίαν,
2872 2616 3022 2685 ἔλεγε
3048 2614 3349 2669 διαὸολικὺν
3369 2614 3565 2685 στόμα,
3599 2632 3671 2667 πε
3680 2615 3822 2685 ρίελε

2236 2709 2344 2761 ἀπὸ
2368 2707 2461 2761 τοῦ
2499 2705 2904 2777 θυσιαστηρίου.
2944 2706 3067 2757 Ὅτι
3107 2703 3163 2757 δὲ
3204 2702 3323 2756 κατ’
3356 2701 3521 2756 αὑτοῦ
3561 2703 3659 2755 τοῦ
3697 2704 3822 2773 Χρι-

2237 2796 2362 2850 στοῦ
2396 2798 2564 2867 χωρεῖ
2594 2796 2626 2866 ἡ
2660 2794 2996 2865 βλασφημία,
3021 2793 3154 2864 δήλη
3179 2794 3212 2864 ή
3247 2792 3535 2863 μαρτυρία.
3571 2793 3712 2845 Τίνα
3742 2788 3822 2845 εἴ·

2234 2886 2322 2939 δεν
2356 2886 2582 2949 Ἡσαΐας
2607 2888 2664 2938 ἐν
2690 2884 2770 2955 τῷ
2804 2883 3012 2953 θρόνῳς
3039 2883 3200 2951 Λέγει
3228 2882 3354 2953 γάρ·
3395 2882 3665 2935 Ἤκουσα
3700 2899 3821 2950 φω-

2236 2977 2354 3042 νὴν
2402 2973 2626 3043 Κυρίου
2663 2973 2970 3043 λέγοντος·
3022 2968 3162 3024 Τίνα
3190 2969 3561 3033 divorsum;
3592 2970 3700 3021 καὶ
3736 2970 3823 3034 τίς

2236 3063 2588 3131 πορεύσεται
2610 3061 2759 3129 πρὸς
2780 3059 2886 3113 τὸν
2907 3059 3060 3113 λαὸν
3081 3058 3296 3112 τοῦτον
3315 3073 3335 3121 ;
3359 3056 3701 3128 Κατηλλάγη
3730 3057 3822 3127 μὲν

2236 3149 2314 3221 τῷ
2349 3148 2540 3220 δούλῳ,
2588 3148 2771 3219 ἀκμὴν
2813 3146 2869 3199 δὲ
2903 3145 3096 3217 ἔφερεν
3128 3146 3577 3215 ἀγανακτήσεως.
3612 3146 3822 3215 Ὠσπερ

2238 3240 2397 3308 ἡμεῖς
2431 3237 2526 3290 ἐὰν
2558 3234 2933 3305 διαλλαγῶμεν
2965 3234 3171 3306 οἰκέτῃ,
3198 3235 3294 3286 οὑκ
3324 3233 3529 3295 εὐθέως
3572 3234 3728 3305 αὑτῷ
3764 3233 3822 3284 τὸ

2237 3327 2355 3379 ὅλον
2378 3326 2530 3397 ὄμμα
2552 3324 2903 3397 χαριζόμεθα,
2927 3323 3061 3378 ἀλλά
3081 3324 3263 3394 ἠρέμα
3288 3322 3713 3393 ὑποκλέπτομεν
3731 3321 3821 3392 τὴν

2238 3416 2378 3485 ὅψιν·
2429 3414 2599 3477 οὑτως
2645 3416 2673 3466 6
2722 3413 2855 3475 Θεὸς
2891 3413 2966 3484 μὴ
3010 3412 3178 3465 θέλων
3203 3410 3370 3476 δεῖξαι
3410 3412 3531 3464 ὅλον
3567 3412 3632 3464 τὸ
3664 3412 3823 3482 πρόσ-

2238 3521 2407 3570 ωπον,
2437 3502 2670 3565 ἑστῶτος
2698 3499 2886 3565 αὑτοῦ,
2916 3500 3084 3568 λέγει·
3123 3500 3260 3554 Τίνα
3290 3500 3679 3564 ἁποστεί.ιω;
3703 3500 3823 3551 ’Ὥσ-

2240 3610 2346 3663 περ
2377 3591 2473 3645 ἐάν
2499 3586 2600 3646 ὦσι
2640 3590 2818 3645 δοῦλοι
2860 3591 3090 3654 ἑστῶτες
3122 3591 3214 3643 ἐπὶ
3249 3590 3537 3655 δεσπότου,
3570 3593 3675 3646 καὶ
3704 3590 3821 3661 θέλῃ

2241 3681 2420 3735 αὑτῶν
2452 3680 2771 3752 μέμψασθαι
2813 3680 2913 3752 τὴν
2961 3679 3253 3751 ῥαθυμίαν,
3288 3680 3456 3748 λέγει·
3514 3681 3663 3734 Τίνα
3689 3682 3824 3735 ἀπο·

2241 3771 2492 3835 στείλως
2512 3771 2607 3833 Εἰς
2626 3769 2783 3838 τήνδε
2805 3768 2904 3840 τὴν
2933 3769 3124 3839 χρείαν
3144 3768 3242 3822 οὑκ
3261 3769 3368 3838 ἔχω
3392 3768 3712 3839 ἄνθρωπον·
3734 3769 3825 3839 οὑχ

2240 3860 2318 3923 ὡς
2347 3860 2421 3931 μὴ
2450 3860 2607 3930 ἔχων,
2638 3859 2752 3913 ἀλλ’
2775 3860 2850 3924 ὡς
2882 3859 3165 3913 σπουδαῖον
3199 3858 3273 3930 μὴ
3298 3859 3457 3928 ἔχων.
3484 3860 3651 3913 Οὕτω
3684 3859 3776 3914 καὶ
3800 3860 3826 3910 ὀ

2242 3950 2394 4013 Θεός·
2420 3949 2553 4002 Τίνα
2572 3948 2873 4002 ἀποστείλω
2896 3949 3015 4001 ἀντὶ
3038 3947 3225 4000 τούτου
3248 3964 3262 4012 ;
3292 3947 3382 3999 τὸν
3410 3951 3593 4017 σιωπή
3605 3947 3824 4010 σανταδ,

2241 4038 2332 4093 τὸν
2365 4036 2703 4108 πολεμοῦντα
2730 4038 2828 4107 τὴν
2855 4036 3185 4108 ἱερωσύνην;
3215 4036 3279 4089 Τί
3304 4032 3397 4089 οὖν
3441 4038 3712 4103 Ἠσαῒας;
3744 4038 3827 4099 Ὠς

2243 4126 2460 4197 οἰκέτης
2496 4127 2552 4178 ἐν
2584 4124 2950 4197 προσκρούσει
2988 4125 3297 4195 γενόμενος,
3332 4126 3428 4177 καὶ
3454 4125 3705 4195 δηχθεὶς,
3739 4126 3831 4179 καὶ

2245 4213 2493 4268 σπεύδων
2540 4213 2681 4284 ὑπὲρ
2723 4212 2832 4266 τῶν
2868 4212 3097 4284 πρώτων
3148 4212 3621 4281 ἀπολογήσασθαι·
3679 4212 3831 4268 Ἰδοὺ

2241 4301 2377 4371 ἐγὼ,
2396 4302 2759 4355 ἀπόστειλόν
2766 4317 2861 4369 με.
2882 4299 3052 4353 Πόθεν
3072 4296 3163 4353 οὖν
3182 4300 3466 4369 δείξωμεν,
3485 4302 3569 4353 ὅτι
3593 4298 3831 4371 Χριστοῦ

2243 4383 2311 4459 ἦν
2333 4393 2365 4458 ή
2396 4389 2549 4455 δόξα;
2584 4387 2745 4456 Λέγει
2784 4387 3031 4457 Ἰωάννης
3062 4391 3089 4440 ὀ
3115 4388 3543 4458 Εὑαγγελιστής·
3585 4388 3836 4443 Τοιαῦτα

2246 4477 2314 4529 δὲ
2348 4478 2565 4546 σημεῖα
2602 4478 2993 4543 πεποιηκότος
3026 4475 3130 4529 τοῦ
3161 4475 3377 4543 Ἰησοῦ,
3402 4478 3516 4529 οὐκ
3546 4478 3831 4531 ἐπίστευ-

2248 4584 2369 4620 σαν
2404 4566 2563 4632 αὐτῷ
2605 4564 2891 4632 Ἰουδαῖοι,
2930 4565 3032 4617 ἵνα
3073 4564 3354 4633 πληρωθῇ
3408 4565 3475 4619 τὸ
3505 4567 3707 4633 ῥηθὲν
3740 4566 3836 4619 διὰ

2260 4655 2520 4708 Ἡσαΐου·
2575 4652 2743 4721 Ἀκοῇ
2793 4653 3106 4715 ἀκούσετε,
3162 4651 3261 4705 καὶ
3316 4654 3387 4705 οὐ
3430 4652 3519 4721 μὴ
3575 4654 3831 4723 συνῆτε.

2257 4744 2445 4797 Ταῦτα
2480 4742 2548 4795 δὲ
2582 4738 2769 4805 εἶπεν,
2800 4741 2898 4795 ὅτε
2922 4737 3081 4795 εἶδεν
3112 4740 3227 4808 τὴν
3262 4740 3454 4805 δόξαν
3488 4744 3709 4809 αὐτοῦ,
3741 4744 3835 4797 καὶ

2250 4831 2519 4897 ἐλάλησε
2551 4830 2683 4899 περὶ
2714 4828 2921 4883 αὐτοῦ.
2955 4825 3105 4891 Εἶδες
3130 4828 3191 4881 τὸ
3219 4829 3516 4898 κεφάλαιον
3544 4832 3709 4901 ἡμῶν
3737 4832 3836 4900 τῆς

2251 4920 2523 4990 σωτηρίας
2556 4918 2646 4971 τὸν
2670 4917 2939 4987 ἁγιασμόν
2966 4935 2979 4981 ;
3011 4916 3306 4988 Ἀγιασμὸς
3337 4919 3433 4972 ἐὰν
3475 4920 3552 4991 μὴ
3582 4924 3836 4993 γένηται,

2246 5007 2367 5060 οὑδὲ
2398 5008 2457 5059 τὸ
2484 5006 2775 5076 μυστήριον
2794 5004 3049 5059 τελεῖται.
3083 5006 3263 5074 Ἔχεις
3293 5007 3391 5075 τὴν
3416 5008 3625 5062 είκόνα.
3659 5010 3837 5063 Μόνον

2248 5090 2367 5147 εἷπε
2410 5094 2478 5147 τὰ
2517 5093 2844 5164 Χερουὸείμ·
2882 5092 3099 5159 Ἄγιος.
3148 5093 3334 5160 ἅγιος,
3375 5093 3545 5163 ἅγιος
3594 5099 3834 5165 Κύριος·

2249 5182 2480 5253 ἡγιάσθη
2514 5184 2546 5252 ἡ
2575 5180 2753 5234 θυσία.
2792 5180 2941 5252 [454]
2975 5181 3081 5234 Καὶ
3116 5182 3458 5249 ἀπεστάλη,
3489 5184 3652 5255 φησὶ,
3687 5185 3838 5253 πρός

2245 5289 2321 5341 με
2347 5270 2417 5325 ἓν
2447 5269 2563 5323 τῶν
2590 5268 2930 5338 Χερουϐεὶμ,
2961 5268 3059 5320 καὶ
3085 5269 3153 5319 ἐν
3182 5267 3255 5335 τῇ
3278 5270 3431 5338 χειρὶ
3456 5273 3647 5325 αὑτοῦ
3677 5270 3839 5340 εἶχεν

2250 5360 2535 5428 ἄνθρακα,
2564 5359 2637 5411 ὃν
2656 5356 2729 5425 τῇ
2748 5356 2946 5411 λαϐίδι
2972 5357 3189 5409 ἔλαϐεν
3216 5358 3336 5409 ἀπὸ
3372 5357 3479 5412 τοῦ
3501 5364 3840 5425 θυσιαστηο

2242 5449 2402 5517 ρίου.
2443 5447 2536 5517 Μὴ
2568 5444 2780 5513 ἔλαϐεν,
2821 5444 2924 5509 ἓως
2966 5439 3027 5497 οὗ
3075 5443 3332 5514 ἡγιάσθη.
3383 5446 3636 5516 Ἥψατο,
3682 5450 3841 5520 φησὶ,

2314 5609 2343 5649 h
2364 5605 2447 5657 Sic
2470 5618 2643 5657 omnes
2661 5620 2777 5656 mss.
2796 5606 2909 5657 Sav.
2933 5608 3199 5671 legendum
3226 5615 3383 5671 putat,
3410 5610 3514 5657 ἀντὶ
3536 5608 3642 5665 τοῦ,
3670 5606 3841 5656 τοῦτον

2253 5673 2334 5720 τὸν
2355 5684 2499 5718 σιωπ.
2546 5676 2600 5717 et
2638 5671 2763 5719 hanc
2788 5671 3053 5720 lectionem
3092 5673 3199 5719 sine
3240 5674 3555 5730 auctoritate,
3590 5672 3715 5718 nihil
3740 5682 3840 5715 mo-

2256 5747 2398 5789 nens,
2419 5732 2467 5781 ln
2492 5738 2682 5781 textum
2700 5734 2889 5781 invexit
2912 5733 3129 5783 Combef.
3154 5734 3250 5781 Sed
3275 5742 3394 5793 pulo
3415 5736 3601 5781 seriem
3623 5734 3841 5791 optime.

2259 5802 2429 5852 mest,
2460 5805 2591 5847 stare
2636 5808 2800 5855 posse.
2824 5808 2934 5843 cum
2971 5797 3182 5843 maxime
3232 5795 3537 5845 Severianus
3577 5807 3676 5844 non
3703 5795 3840 5841 [ante

2260 5860 2491 5921 scrupulo
2514 5856 2660 5909 verba
2691 5855 2793 5906 haec
2820 5859 2896 5906 κει
2925 5856 3017 5906 alia
3039 5856 3332 5907 adhibueri:.
