4074 6308
259 403 358 459 διδ

256 526 445 582 estque
474 511 660 567 honori
687 512 844 567 simul
892 522 948 567 et
989 512 1155 582 quieti
1177 528 1190 565 ;
1215 513 1283 567 ita
1315 523 1369 567 et
1392 514 1483 567 Dei
1514 512 1702 567 solium
1740 524 1829 564 sa-

263 608 457 675 pientia
487 607 537 660 iu
576 622 679 675 qua
708 607 845 660 Deus
891 607 1190 676 requiescit.
1222 605 1343 660 Ideo
1388 606 1553 660 David
1583 606 1657 659 ait
1690 623 1703 659 :
1735 604 1832 671 Qui

260 698 401 751 sedes
424 714 575 766 super
590 690 854 750 Clterubim
877 696 1045 766 (Psal.
1077 696 1161 750 79.
1193 698 1248 750 5.
1274 706 1318 749 et
1352 697 1440 752 98.
1474 696 1522 767 I)
1547 713 1561 761 ;
1588 712 1650 749 ac
1679 696 1722 750 si
1748 695 1831 749 di-

258 796 427 852 ceret,
456 790 545 857 qui
573 788 624 839 in
647 787 798 856 plena
825 788 1079 855 sapientia
1119 788 1367 856 quiescis.
1400 787 1522 842 Ideo
1546 787 1833 843 Clterubim

259 879 418 949 plena
442 889 565 933 sunt
588 879 774 946 oculis,
804 880 854 932 in
876 879 1054 945 dorso,
1108 881 1157 933 in
1192 882 1386 951 capite,
1420 882 1472 935 in
1519 882 1728 950 pennis,
1780 881 1832 934 in

259 970 505 1040 pedibus,
539 971 592 1023 in
620 980 857 1038 pectore,
886 980 939 1025 et
968 981 1073 1025 tota
1097 974 1269 1027 oculis
1296 974 1446 1042 plena
1474 982 1645 1037 erant,
1699 988 1833 1042 quo-

262 1064 402 1116 niam
432 1063 688 1132 sapientia
719 1064 946 1133 undique
972 1065 1249 1133 conspicit,
1282 1075 1335 1119 et
1362 1065 1591 1134 undique
1636 1066 1835 1135 apertis

256 1164 340 1208 cst
368 1155 557 1211 oculis.
586 1174 603 1206 t
622 1156 725 1211 Sex
752 1156 903 1219 alar,»
934 1156 1116 1226 inquit,
1157 1177 1175 1209 t
1203 1159 1310 1225 uni,
1333 1169 1385 1213 et
1406 1174 1497 1213 sex
1520 1159 1615 1212 ala:
1638 1160 1745 1214 uni.
1772 1160 1837 1214 Et

259 1245 467 1301 duabus
489 1247 699 1317 quidem
728 1249 971 1317 tegebant
997 1249 1215 1312 vultum,
1248 1260 1301 1303 et
1320 1250 1525 1304 duabus
1552 1250 1731 1319 pedes,
1785 1261 1838 1305 et

262 1338 473 1393 duabus
524 1340 790 1394 volabant.
842 1341 907 1395 Et
950 1343 1246 1397 clamabant
1290 1344 1424 1398 alter
1475 1345 1541 1398 ad
1590 1346 1834 1411 alterum,

262 1432 507 1497 Sanctus,
539 1442 772 1496 sanctus,
824 1445 1036 1489 sanctus
1067 1436 1316 1491 Dominus
1339 1436 1571 1491 Sabaoth
1611 1457 1629 1489 ι
1664 1439 1681 1505 (
1712 1436 1836 1491 lsai.

264 1523 315 1576 6.
347 1524 400 1576 2.
430 1524 463 1578 5
487 1526 504 1591 )
531 1541 542 1575 :
572 1522 673 1579 hoc
700 1534 801 1591 est,
832 1525 1083 1580 Dominus
1111 1529 1454 1581 exercituum.
1487 1529 1593 1582 Sea:
1616 1530 1835 1595 alwuui,

262 1623 309 1665 et
333 1629 422 1666 sea:
456 1614 553 1667 alte
580 1616 686 1667 uni.
709 1613 841 1668 Octo
866 1616 1131 1671 silentiqu
1174 1627 1369 1681 tenent,
1401 1629 1455 1672 et
1479 1630 1704 1688 quatuor
1730 1620 1837 1673 cla-

266 1714 433 1757 mant.
464 1704 598 1772 Quid
625 1721 752 1775 ergo
782 1706 937 1760 docet
957 1722 1053 1761 uos
1072 1709 1385 1778 Scriptura?
1414 1709 1489 1763 Ne
1536 1726 1693 1765 omne
1750 1726 1838 1765 ra-

268 1797 542 1850 tiocinium
567 1812 874 1852 moveamus
895 1799 1037 1853 circa
1086 1801 1286 1865 Deum;
1343 1802 1435 1855 sed
1485 1802 1587 1855 alia
1631 1803 1841 1856 silentio

265 1889 634 1957 pnedicemus,
661 1890 763 1943 alia
792 1891 893 1945 ﬁde
918 1893 1274 1961 gloriﬁcemus
1299 1904 1354 1948 et
1374 1896 1548 1948 divina
1572 1897 1832 1950 dicamus.

267 1980 372 2034 Cur
398 1990 575 2039 amem
608 1981 767 2049 pedes
796 1984 1053 2051 obtegunt
1077 1994 1131 2037 et
1155 1996 1311 2054 caput
1340 1987 1361 2038 ’Ξ
1389 1987 1521 2054 Quia
1552 2003 1648 2041 nec
1693 1989 1841 2056 priu-

272 2075 467 2138 cipium
496 2088 593 2127 nec
621 2072 738 2127 ﬁnis
782 2077 1061 2142 reperitur.
1094 2077 1303 2130 Duabus
1354 2087 1536 2148 tegunt
1588 2093 1745 2148 caput
1789 2091 1843 2134 et

273 2164 474 2218 duabus
493 2164 673 2233 pedes.
700 2181 889 2235 nempe
905 2167 1107 2221 duabus
1126 2168 1309 2221 mediis
1326 2172 1511 2237 pennis
1526 2170 1724 2233 volant,
1737 2188 1842 2225 non

275 2253 656 2323 superioribus,
679 2272 775 2311 nec
789 2257 1146 2312 inferioribus.
1162 2258 1267 2312 Nos
1285 2260 1424 2313 enim
1438 2260 1503 2314 de
1515 2260 1623 2314 Deo
1636 2262 1845 2330 loquen-

275 2356 377 2411 tes,
413 2348 583 2401 media
612 2347 884 2402 declarare
912 2357 1123 2417 oportet
1147 2368 1158 2403 :
1206 2350 1343 2419 quod
1371 2367 1560 2421 nempe
1585 2352 1654 2405 sit
1686 2354 1843 2419 Dens,

274 2440 411 2507 quod
428 2440 670 2505 Creator,
690 2442 828 2510 quod
846 2443 1116 2508 Dominus,
1136 2443 1276 2512 quod
1298 2443 1586 2499 beneﬁcus.
1606 2445 1728 2499 lltec
1741 2462 1848 2500 om-

273 2535 357 2586 nia
372 2532 540 2586 media
564 2543 705 2587 sunt.
730 2533 786 2588 Si
807 2534 971 2599 dicas,
992 2536 1268 2603 Quomodo
1287 2537 1461 2605 genuit
1479 2538 1502 2589 ?
1518 2548 1674 2606 caput
1694 2538 1846 2593 dete-

272 2624 417 2686 xisti,
447 2625 585 2692 quod
612 2625 897 2679 (Iherubim
948 2637 1147 2695 tegunt.
1178 2629 1229 2683 Si
1275 2644 1433 2698 porro
1478 2630 1696 2691 dixeris,
1750 2631 1847 2685 Ubi

273 2725 356 2766 est
386 2713 478 2769 Dei
510 2716 665 2769 linis?
691 2716 850 2784 pedes
878 2718 1102 2781 nudasti,
1136 2734 1269 2788 quos
1304 2729 1485 2787 tegunt
1532 2721 1843 2773 Cherubim.

273 2808 479 2878 Tegunt
498 2818 671 2862 autem
686 2818 843 2878 caput
864 2819 917 2863 et
949 2811 1127 2879 pedes,
1162 2827 1265 2865 non
1297 2821 1352 2865 ut
1378 2812 1726 2873 abscondant,
1755 2814 1847 2867 sed

277 2910 334 2952 ut
363 2900 588 2953 doceant
617 2900 731 2954 hzec
781 2916 900 2955 esse
948 2902 1305 2956 iuscrutabilia
1331 2945 1346 2966 ,
1400 2904 1854 2972 incomprehensi-

275 2991 423 3042 bilia.
458 2992 648 3059 Accipe
698 2992 935 3061 ﬁguram.
970 2992 1136 3045 Erant
1173 3009 1265 3046 sex
1312 3002 1363 3047 et
1405 3009 1519 3060 sex,
1574 2995 1851 3049 duodecim

275 3097 470 3151 penna:
504 3092 657 3137 :oeto
686 3084 987 3151 quiescunt,
1012 3092 1066 3137 et
1117 3094 1344 3153 quatuor
1380 3096 1678 3141 moventur.
1731 3089 1853 3142 Ila-c

278 3179 443 3243 ﬁgura
472 3185 594 3228 sunt
620 3177 999 3243 apostolorum.
1030 3178 1313 3231 Duodecim
1336 3188 1460 3233 sunt
1484 3183 1731 3250 apostoli,
1760 3182 1853 3236 sed

276 3277 509 3336 quatuor
530 3269 863 3337 evangelista:
891 3270 1138 3322 clamant.
1172 3269 1235 3322 Et
1262 3270 1385 3339 quid
1416 3273 1689 3325 clamant?
1719 3274 1849 3327 Eam

277 3374 464 3412 vocem
492 3376 646 3427 quam
667 3369 911 3413 evertere
956 3370 1165 3415 satanas
1192 3372 1412 3415 conatus
1441 3373 1543 3417 est.
1585 3366 1843 3419 Animad-

277 3460 448 3515 verte,
479 3466 676 3520 qureso.
704 3452 815 3504 Non
846 3452 1154 3520 simpliciter
1181 3453 1450 3519 dicebant,
1485 3465 1540 3508 ut
1562 3471 1677 3518 nos,
1714 3440 1861 3509 San-v

279 3553 409 3605 ctus,
439 3550 662 3605 sanctus,
695 3551 918 3607 sanctus,
946 3542 1039 3595 sed
1068 3544 1205 3596 alter
1233 3544 1299 3596 ad
1340 3545 1565 3599 alterum
1622 3548 1856 3601 vicissim

278 3632 614 3696 emittebant,
656 3642 713 3684 ut
739 3633 989 3701 scriptum
1026 3646 1107 3686 est
1135 3652 1148 3687 ε
1181 3633 1244 3686 Et
1295 3635 1581 3689 clamabant
1616 3637 1743 3689 alter
1791 3639 1858 3691 ad

278 3727 515 3777 alterum.
540 3726 784 3788 Sanctus,
817 3724 1001 3793 inquit,
1040 3725 1205 3779 semel
1232 3726 1517 3780 dicendum
1570 3729 1722 3783 nobis
1750 3738 1851 3783 est.

285 3816 437 3869 Alius
465 3816 591 3868 dicit
616 3815 876 3869 Sanctus:
907 3814 1100 3868 deinde
1140 3816 1291 3880 alius,
1326 3816 1459 3870 adde
1505 3819 1680 3881 tertio,
1726 3820 1857 3873 San-

280 3917 419 3961 ctus.
439 3908 569 3971 Quia
600 3922 726 3977 ergo
754 3915 861 3960 tres
895 3909 1303 3972 numeravimus,
1333 3924 1396 3961 ne
1416 3918 1565 3977 putes
1597 3920 1702 3963 tres
1743 3927 1861 3966 esse

281 4001 434 4054 deos.
461 3998 565 4053 Cur
588 4014 715 4068 ergo
743 4016 754 4052 :
786 3999 1025 4064 Sanctus,
1074 4010 1297 4067 sanctus,
1340 4012 1542 4054 sanctus
1574 4000 1863 4057 Dominus?

283 4091 435 4147 Unus
465 4092 609 4145 enim
639 4100 719 4145 est
762 4092 1036 4159 Dominus,
1070 4108 1170 4145 una
1203 4093 1350 4157 ﬁdes,
1383 4110 1543 4147 unum
1580 4094 1854 4165 baptisma.

281 4185 360 4236 Ac
385 4181 830 4250 quemadmodum
850 4183 1320 4253 iupsalmodiisialii
1349 4184 1465 4237 aliis
1483 4201 1666 4238 versus
1690 4196 1860 4239 trans-

283 4276 522 4338 mittunt,
549 4276 624 4328 sic
650 4290 891 4343 superna:
920 4285 1208 4343 potestates
1235 4286 1446 4330 mutuos
1462 4276 1654 4331 choros
1679 4288 1860 4348 agunt,

286 4381 349 4417 ac
373 4365 535 4418 veluti
565 4381 626 4419 ex
660 4365 885 4419 melodia
919 4366 1154 4421 vicissim
1196 4366 1394 4432 habita,
1424 4368 1861 4437 gloriﬁcationem

285 4457 559 4521 emittunt,
612 4457 831 4511 Deinde.
876 4457 1039 4511 Plena
1071 4468 1196 4523 erat,
1250 4460 1437 4529 inquit,
1477 4460 1654 4514 domus
1704 4462 1865 4531 gloria

282 4550 417 4614 ejus.
447 4546 514 4599 Et
536 4548 775 4600 eleuatum
792 4557 861 4601 est
888 4550 1274 4617 superliminare
1301 4567 1333 4602 a
1382 4566 1498 4603 uoce
1526 4568 1625 4621 qua
1669 4553 1862 4605 clama-

283 4637 427 4703 bant,
458 4648 503 4689 et
523 4638 699 4691 domus
724 4640 913 4708 repleta
935 4649 1008 4692 est
1025 4640 1196 4708 fumo(
1218 4638 1344 4692 Isai.
1377 4642 1430 4695 5.
1460 4642 1493 4696 4
1513 4644 1552 4710 ).

358 4732 413 4785 6.
442 4730 574 4783 Rem
602 4732 946 4793 stupendam!
974 4732 1105 4784 Cum
1138 4742 1256 4799 post
1286 4732 1719 4801 gloriﬁcationem
1747 4734 1864 4805 glo-

285 4825 366 4881 ria
396 4822 637 4877 addenda
677 4823 979 4888 videretur,
1009 4824 1168 4877 etiam
1196 4840 1255 4877 ea
1283 4842 1400 4894 qua:
1443 4836 1558 4880 erat
1596 4828 1782 4896 periit,
1814 4836 1868 4883 et

287 4916 465 4969 l'umus
492 4915 722 4968 intravit.
754 4914 950 4967 Fumus
988 4924 1163 4969 autem
1194 4915 1535 4972 desolationis
1563 4928 1645 4973 est
1672 4921 1862 4990 imago.

287 5008 426 5074 Quid
476 5009 631 5076 igitur
674 5009 773 5061 hoc
810 5008 930 5061 est?
972 5008 1298 5062 Prmvidebat
1339 5009 1568 5078 Spiritus
1615 5023 1862 5079 sanctus,

288 5101 439 5163 illud,
473 5099 692 5152 Sanctus
716 5139 731 5161 ,
761 5108 964 5151 sanctus
987 5139 1000 5161 ,
1038 5108 1236 5151 sanctus
1253 5140 1268 5165 ,
1299 5100 1494 5153 mundo
1515 5117 1632 5156 esse
1655 5106 1868 5157 conciu-

288 5203 493 5254 natum,
520 5190 877 5258 prmdicationi
898 5190 1278 5257 apostolorum,
1304 5200 1357 5243 et
1383 5192 1639 5260 templum
1660 5193 1869 5247 Judaro-

291 5295 407 5337 rum
442 5296 544 5333 nou
574 5280 700 5332 illud
722 5282 981 5348 accipere.
1005 5281 1277 5349 Dicitergo
1303 5292 1418 5348 post
1444 5283 1866 5348 praedicationem

299 5370 929 5441 Evangeliidesolatione
963 5379 1017 5423 et
1054 5369 1195 5423 fumo
1237 5372 1536 5439 replendam
1566 5388 1682 5426 esse
1707 5390 1866 5443 syna-

287 5476 500 5531 gogam.
534 5460 811 5514 Elevatum
841 5471 923 5514 est
948 5476 1050 5513 non
1080 5462 1293 5525 ostium,
1323 5462 1414 5516 sed
1442 5464 1862 5531 superliminare.

289 5556 541 5608 Animum
569 5553 781 5606 adhibe.
811 5552 994 5607 Omnis
1027 5555 1186 5621 janua
1210 5556 1378 5607 solum
1410 5556 1732 5610 substralum
1775 5558 1868 5611 ba-

290 5644 413 5707 bet,
462 5652 516 5697 et
557 5642 961 5709 superliminare
1004 5644 1304 5711 impositum
1345 5648 1622 5713 parastatis
1650 5666 1664 5702 :
1696 5664 1867 5718 neque

292 5744 515 5802 possunt
548 5743 824 5802 parastatzn
865 5745 1038 5798 stare,
1067 5734 1165 5788 nisi
1202 5737 1371 5789 solum
1405 5737 1667 5803 habeant;
1698 5756 1868 5810 neque

293 5826 491 5881 lirinari
517 5825 854 5889 irnmoueque
875 5838 990 5879 esse
1014 5833 1250 5895 possunt,
1276 5825 1376 5879 nisi
1405 5829 1661 5898 accipiant
1681 5845 1862 5899 supcr-

1314 402 1400 457 DE
1438 400 1651 457 MUNDI
1690 396 2076 454 CREATIONE
2114 400 2369 457 ORATIO
2405 400 2467 456 II.

3411 410 3516 463 ιη

1940 508 2199 566 liminare.
2226 512 2445 567 Elevata
2471 521 2554 567 est
2576 528 2703 583 ergo
2727 530 3009 587 synagoga:
3032 519 3276 588 superior
3304 520 3471 574 forma
3500 537 3515 572 ;

1938 618 2041 655 non
2069 610 2176 656 tota
2206 602 2416 672 quidem
2443 619 2727 674 synagoga,
2745 624 2860 675 quae
2888 617 3065 677 portas
3092 611 3305 679 quidem
3337 610 3516 675 habet,

1938 694 2340 761 superliminare
2364 704 2538 749 autem
2568 698 2789 750 nullum.
2812 698 3228 767 Superliminare
3258 717 3414 770 porro
3436 715 3519 756 est

1938 785 2104 839 virtus
2124 800 2349 854 superne
2370 790 2665 841 continens.
2687 788 2957 842 Elevatum
2985 800 3066 844 est
3091 792 3517 860 superliminare,

1941 876 2195 929 nudatum
2223 888 2303 931 est
2329 878 2512 947 gratia.
2548 878 2623 931 Ex
2652 895 2755 946 quo
2784 888 2955 933 autem
2985 883 3384 950 superliminare
3412 882 3521 935 ele-

1940 980 2117 1024 vatum
2157 980 2271 1037 est,
2317 973 2671 1025 necessarium
2712 972 2811 1026 fuit
2848 983 3137 1041 parastatas
3174 976 3309 1028 vela
3357 975 3517 1029 debili

1942 1079 2098 1115 manu
2128 1064 2469 1119 commoveri.
2499 1063 2619 1117 Ideo
2659 1066 2860 1133 quasvis
2900 1082 3086 1119 manus
3121 1066 3338 1121 Judaica
3376 1082 3522 1121 cout-

1942 1164 2118 1207 movet
2145 1170 2160 1209 :
2191 1154 2387 1208 idcirco
2420 1155 2673 1223 propheta
2713 1156 2926 1224 quidam
2956 1156 3199 1210 dicebat:
3242 1156 3306 1210 Et
3336 1174 3521 1227 ponam

1940 1243 2222 1297 Jerusalem
2247 1255 2298 1298 ut
2324 1245 2557 1298 vestibula
2580 1262 2689 1314 qua:
2720 1256 2994 1299 moventur.
3029 1245 3093 1298 Et
3122 1247 3298 1300 domus
3330 1247 3521 1317 repleta

1942 1347 2015 1389 est
2054 1340 2192 1406 [unto
2214 1336 2389 1406 (Zac/t.
2429 1336 2513 1390 12.
2543 1336 2620 1405 2).
2658 1338 2722 1390 Et
2770 1352 2996 1406 quonam
3032 1338 3161 1391 abiit
3192 1338 3353 1407 gloria
3375 1341 3399 1391 '!
3425 1340 3521 1391 Al-

1945 1427 2099 1482 tende
2123 1469 2139 1492 ,
2168 1443 2369 1497 quaeso.
2401 1429 2534 1481 Dicit
2564 1428 2722 1482 Isaias
2748 1472 2760 1491 ,
2793 1428 2856 1481 Et
2898 1430 3045 1499 plena
3077 1441 3180 1482 erat
3207 1430 3384 1483 domus
3414 1430 3523 1501 glo-

1943 1520 2019 1570 ria
2048 1521 2186 1584 eius;
2214 1519 2402 1573 deinde
2432 1520 2598 1573 dicit:
2630 1520 2836 1587 llt'pleta
2868 1531 2935 1574 est
2967 1525 3125 1589 fumo.
3158 1522 3396 1590 Ingresso
3420 1524 3520 1575 ita-

1942 1628 2046 1680 quc
2095 1614 2275 1674 fumo,
2304 1628 2521 1667 necesse
2564 1614 2658 1665 fuit
2710 1624 2765 1666 ut
2810 1615 2976 1683 gloria
3021 1614 3413 1667 transferretur.
3460 1614 3526 1668 Et

1944 1720 2175 1772 quonam
2209 1706 2458 1758 translata
2487 1716 2569 1759 est
2591 1708 2613 1756 ’ἰ
2635 1705 2746 1758 Non
2782 1707 2833 1759 in
2860 1723 3014 1759 unam
3045 1708 3283 1772 domum,
3307 1707 3400 1761 sed
3424 1708 3525 1761 im-

1948 1798 2108 1864 plevit
2153 1798 2414 1851 Eeelesias
2453 1814 2550 1867 per
2590 1808 2755 1851 tottun
2795 1801 2998 1854 orbem.
3046 1800 3111 1855 Et
3147 1810 3202 1855 ut
3249 1801 3529 1859 ostendant
3577 1783 3584 1796 ’

1944 1889 2228 1943 Cherubitn
2256 1906 2485 1960 quonam
2512 1892 2699 1945 abierit
2725 1893 2889 1960 gloria
2916 1910 3035 1963 qua:
3064 1895 3117 1947 in
3150 1894 3346 1964 templo
3390 1904 3525 1959 erat,

1946 1979 2163 2033 dicunt:
2190 1980 2353 2033 Plena
2386 1995 2456 2034 est
2501 1984 2662 2035 omnis
2702 1994 2832 2035 terra
2870 1985 3030 2053 gloria
3058 1988 3185 2055 ejus.
3215 1985 3421 2040 Nudata
3450 1994 3532 2041 est

1947 2086 2074 2139 gens
2098 2088 2219 2136 una,
2247 2084 2297 2126 et
2326 2073 2599 2126 illuminali
2636 2085 2758 2129 sunt
2782 2077 2988 2128 termini
3020 2086 3193 2131 terra).
3225 2077 3370 2133 Ilauc
3400 2094 3525 2133 sau-

1945 2170 2088 2215 ctam
2132 2178 2314 2217 vocem
2368 2164 2615 2231 Domini,
2644 2167 2845 2235 regiam
2887 2168 3322 2236 gloriﬁcationem
3348 2212 3363 2237 ,
3394 2172 3529 2224 hanc

1948 2254 2180 2307 divinam
2222 2256 2497 2325 mysticam
2527 2256 2907 2310 institutionem
2939 2300 2954 2324 ,
2984 2258 3192 2313 dicebat
3221 2275 3281 2313 os
3307 2260 3533 2315 diaboli-

1949 2360 2067 2397 cum
2093 2386 2107 2409 ,
2140 2345 2288 2399 aul‘er
2330 2346 2398 2399 ab
2437 2346 2610 2400 altari.
2638 2348 2789 2413 Quod
2820 2358 2996 2402 autem
3042 2349 3156 2404 hare
3202 2351 3530 2421 blasphemia

1948 2434 2219 2489 Christum
2264 2436 2521 2506 impetat,
2569 2438 2904 2492 manifestum
2951 2441 3307 2495 testimonium
3360 2442 3531 2499 adest.

1953 2526 2245 2592 Quemnam
2280 2528 2407 2579 vidit
2439 2530 2487 2580 in
2517 2528 2652 2581 solio
2686 2530 2888 2583 ls.iias?
2918 2532 3006 2583 Ait
3031 2532 3204 2598 enim,
3237 2534 3418 2586 Audivi
3444 2549 3534 2587 uo-

1951 2634 2056 2669 cem
2082 2617 2277 2671 Domini
2309 2620 2515 2671 dicentis
2541 2636 2559 2673 :
2583 2622 2741 2685 Quem
2770 2624 2961 2675 mittam
2982 2624 3010 2676 .’
3027 2634 3072 2677 et
3097 2626 3208 2694 quis
3234 2627 3322 2678 ibit
3347 2626 3413 2679 ad
3440 2644 3533 2695 po-

1953 2710 2128 2777 pulum
2154 2711 2284 2763 Imnc
2310 2712 2455 2778 (Isui.
2481 2715 2531 2765 (5.
2557 2714 2650 2781 8)?
2680 2714 3069 2769 Ili-conciliatus
3098 2728 3179 2771 est
3202 2732 3378 2781 servo,
3408 2734 3533 2785 Spe-

1952 2802 2087 2853 cicm
2116 2810 2286 2854 tmncu
2318 2804 2629 2871 prad’erebat
2656 2805 3045 2874 imliguationis.
3078 2807 3147 2862 Ut
3188 2823 3286 2861 nos
3325 2812 3535 2878 quando

1955 2907 2110 2945 SBI‘VO
2139 2896 2468 2963 peperi-imus
2497 2939 2509 2961 ,
2541 2912 2644 2951 non
2675 2900 2851 2952 statim
2883 2900 2956 2954 illi
2985 2909 3150 2955 totum
3182 2901 3385 2956 vultum
3412 2919 3539 2972 gra-

1956 2985 2145 3037 tiosum
2189 2986 2500 3040 exhibemus
2523 3029 2535 3051 ,
2568 2989 2659 3042 sed
2690 3001 2962 3060 aspectum
2994 2997 3249 3062 tantisper
3291 2994 3538 3049 subduci-

1957 3092 2074 3129 mus
2094 3076 2189 3131 :ita
2219 3078 2353 3131 Deus
2374 3095 2491 3133 cum
2518 3096 2619 3133 non
2644 3082 2800 3135 vt-llet
2824 3092 2988 3136 totum
3008 3084 3288 3139 ostendere
3314 3087 3535 3154 vultum,

1957 3177 2130 3222 stante
2169 3169 2258 3221 illo
2284 3169 2488 3223 dicebat
2517 3190 2529 3223 :
2558 3174 2714 3237 Quem
2754 3175 2943 3226 mittam
2962 3177 2986 3228 ?
3008 3177 3463 3242 Quemadmodum
3495 3181 3538 3233 si

1959 3260 2098 3313 servi
2136 3270 2338 3314 starent
2362 3278 2541 3315 coram
2572 3264 2700 3317 hero
2725 3308 2738 3330 ,
2766 3276 2819 3319 et
2846 3269 3005 3322 vellet
3034 3269 3146 3338 ipse
3174 3286 3357 3323 eorum
3396 3272 3540 3341 igna-

1958 3351 2098 3404 viam
2134 3353 2395 3420 incusare,
2418 3354 2619 3408 diceret
2645 3374 2657 3409 :
2680 3356 2845 3423 Quem
2877 3359 3079 3413 mittatn
3101 3363 3124 3411 ?
3147 3360 3223 3415 Ad
3254 3362 3353 3416 hoc
3383 3378 3540 3432 nego-

1961 3442 2090 3495 tium
2130 3441 2397 3496 hominem
2440 3460 2545 3497 non
2585 3443 2788 3511 habeo;
2821 3462 2927 3501 non
2973 3450 3113 3517 quod
3160 3468 3263 3504 non
3312 3452 3538 3518 habeat,

1960 3533 2054 3587 sed
2079 3534 2219 3603 quod
2246 3545 2517 3590 strenuum
2547 3552 2649 3590 non
2682 3538 2890 3592 habeat.
2915 3540 3002 3594 Sic
3024 3542 3164 3596 Deus
3186 3562 3197 3595 :
3222 3544 3390 3610 Quem
3420 3545 3541 3597 mit~

1967 3634 2070 3677 tam
2117 3626 2269 3693 hujus
2300 3627 2454 3680 loco?
2482 3644 2548 3681 an
2577 3646 2699 3683 eum
2729 3632 2816 3699 qui
2850 3632 3046 3694 tacuit,
3075 3634 3260 3687 videns
3288 3652 3407 3689 cum
3452 3638 3540 3706 qui

1961 3719 2313 3772 sacerdotium
2368 3720 2747 3790 impugnabat?
2785 3724 2919 3790 Quid
2971 3740 3098 3795 ergo
3151 3727 3347 3781 Isaias?
3384 3728 3543 3795 Quasi

1964 3810 2188 3863 famulus
2219 3812 2271 3864 in
2297 3812 2494 3866 oll'ensa
2523 3814 2905 3883 deprehensus,
2934 3831 2995 3870 ac
3021 3830 3385 3887 compunctus,
3417 3822 3539 3889 qui-

1963 3916 2067 3969 que
2109 3901 2319 3956 studeat
2359 3906 2533 3971 priora
2582 3906 2887 3974 abstergere
2912 3925 2925 3959 :
2950 3906 3080 3961 Ecce
3118 3926 3205 3980 ego
3230 3951 3243 3973 ,
3274 3911 3411 3963 mitte
3446 3928 3540 3964 me.

1967 3993 2118 4049 Unde
2154 4011 2280 4063 ergo
2309 3998 2654 4053 ostendemus
2692 4016 2807 4053 eam
2853 4000 3017 4055 fuisse
3044 4003 3241 4057 Christi
3278 4006 3546 4075 gloriam?

1964 4087 2053 4138 Ait
2084 4086 2314 4142 Joannes
2344 4090 2663 4159 evangelista
2696 4108 2709 4144 :
2747 4111 2765 4143 t
2798 4092 2927 4146 Cum
2959 4103 3100 4147 tanta
3141 4095 3288 4165 signa
3331 4096 3547 4151 fecisset

1966 4176 2141 4242 Jcsus,
2178 4194 2279 4232 non
2310 4181 2651 4235 crediderunt
2679 4184 2724 4236 ei
2756 4182 2926 4237 Judwi
2949 4227 2961 4247 ,
2992 4194 3049 4237 ut
3080 4187 3384 4254 impleretur
3408 4190 3546 4257 quod

1966 4269 2164 4322 dictum
2193 4280 2274 4323 est
2302 4287 2393 4339 per
2422 4272 2604 4325 Isaiam
2636 4291 2649 4326 :
2677 4274 2870 4327 Auditu
2897 4276 3142 4341 audietis,
3173 4286 3226 4330 et
3256 4294 3359 4331 non
3390 4279 3543 4332 intel-

1968 4362 2159 4430 ligetis.
2189 4363 2313 4417 Ilaec
2338 4375 2513 4418 autem
2539 4366 2669 4419 dixit
2694 4367 2905 4436 quando
2933 4369 3060 4421 vidit
3086 4370 3306 4437 gloriam
3333 4371 3467 4438 ejus,
3493 4380 3547 4425 ct

1968 4454 2214 4523 loquutus
2252 4465 2333 4509 est
2382 4457 2448 4509 de
2475 4472 2538 4511 eo
2568 4476 2587 4509 ι
2617 4457 2797 4527 (Joau.
2832 4460 2919 4511 12.
2950 4460 3179 4528 37.41).
3216 4460 3547 4515 Vidistin'ca-

1968 4554 2060 4614 put
2110 4547 2295 4600 salutis
2354 4558 2583 4615 nostrai,
2632 4548 3140 4603 sanctiﬁcationem?
3185 4551 3547 4607 Sanctilicatio

1968 4640 2012 4692 si
2039 4654 2140 4693 non
2173 4639 2360 4701 fuerit,
2393 4656 2561 4709 neque
2586 4641 2895 4710 mysterium
2926 4653 3338 4697 consummatur.
3374 4644 3548 4699 [Iabes

1972 4733 2271 4800 imaginem.
2301 4732 2481 4787 Solum
2509 4733 2689 4787 dixere
2712 4733 2995 4789 Cherubim
3024 4754 3034 4787 :
3064 4733 3301 4801 Sanctus,
3327 4747 3547 4803 sanctus,

1967 4836 2167 4877 sanctus
2192 4824 2435 4877 Dominus
2458 4842 2476 4879 :
2496 4826 2817 4879 sanctilicata
2846 4837 2927 4881 est
2947 4827 3138 4881 hostia.
3166 4829 3228 4880 Et
3253 4832 3432 4881 missus
3452 4838 3542 4893 est,

1972 4916 2156 4984 inquit,
2189 4916 2255 4968 ad
2284 4933 2360 4969 me
2384 4934 2512 4969 unus
2535 4917 2597 4970 tle
2628 4916 2911 4983 Clterubim,
2947 4929 2990 4971 et
3016 4920 3068 4971 in
3096 4937 3250 4973 manu
3276 4937 3367 4972 sua
3398 4921 3548 4972 liabe-

1972 5007 2050 5058 bat
2071 5008 2349 5069 carbonem,
2373 5024 2517 5077 quem
2536 5008 2730 5078 forcipe
2756 5010 2934 5062 tulerat
2957 5010 3018 5062 (le
3043 5009 3192 5063 altari
3214 5009 3364 5081 (Isui.
3388 5010 3440 5063 6.
3466 5010 3547 5078 6).

1971 5098 2084 5151 Non
2113 5100 2249 5163 tulit,
2273 5100 2441 5153 donec
2466 5101 2820 5155 sanctiﬁcatus
2843 5111 2943 5155 est.
2976 5101 3175 5172 Tetigit,
3205 5100 3391 5169 inquit,
3412 5100 3546 5153 labia

1974 5206 2081 5241 mea
2112 5190 2269 5259 (Ibid.
2314 5207 2357 5243 u.
2402 5191 2477 5259 7).
2508 5193 2613 5244 Cur
2650 5193 2826 5245 labia?
2853 5192 3218 5262 Mysteriorum
3268 5191 3546 5244 vestibula.

1971 5283 2102 5349 Quid
2133 5285 2351 5339 dicimus
2375 5287 2586 5341 ﬁdeles?
2612 5287 2720 5341 Iloc
2744 5290 3050 5357 mysterium
3080 5295 3287 5356 peccata
3311 5286 3544 5342 dimittit.

1979 5375 2163 5428 Dicunt
2192 5378 2345 5430 etiam
2378 5378 2659 5433 Cherubitn
2683 5396 2696 5433 :
2724 5380 2853 5433 Ecce
2874 5380 3059 5431 abstuli
3091 5390 3293 5448 peccata
3323 5390 3426 5432 tua.
3454 5380 3546 5432 Vi-

1973 5466 2093 5519 disti
2136 5466 2393 5536 ﬁguram?
2418 5470 2589 5523 vidisti
2632 5471 2994 5539 splendentem
3024 5471 3342 5524 veritatem?
3372 5472 3548 5539 Ipsum

1973 5561 2148 5629 igitur,
2176 5561 2261 5628 qui
2292 5562 2440 5616 sedet
2469 5580 2627 5632 super
2654 5566 2841 5617 solium
2868 5564 3137 5618 excelsum
3170 5573 3222 5617 et
3247 5564 3507 5619 elevatum
3530 5608 3545 5629 ,

1973 5652 2299 5706 sanctiﬁcare
2342 5670 2406 5707 ne
2449 5670 2760 5718 cessemus;
2792 5654 2987 5723 gratias
3028 5668 3153 5707 vero
3198 5668 3412 5721 agamus
3455 5670 3551 5721 pro

1971 5742 2141 5795 anima
2167 5758 2283 5810 qua:
2308 5744 2520 5797 seducta
2548 5744 2718 5797 fuerat
2742 5784 2757 5808 ,
2790 5759 2945 5813 quam
2977 5744 3128 5813 lupus
3154 5743 3356 5810 rapuit,
3385 5759 3544 5813 quam

1973 5832 2165 5885 avulsit
2196 5843 2391 5901 pastor,
2424 5850 2577 5903 quam
2608 5834 2777 5904 rapuit
2800 5834 3058 5903 diabolus,
3091 5833 3182 5889 scd
3209 5832 3425 5887 abstulit
3458 5832 3549 5886 ille
