  <div class='ocr_page' id='page_1' title='image "/cluster/home/n/w/nwhite01/storage/ocr_20150623/56/mdp.39015028574351/439.png"; bbox 0 0 4074 6308; ppageno 0'>
   <div class='ocr_carea' id='block_1_1' title="bbox 544 404 661 479">
    <p class='ocr_par' dir='ltr' id='par_1_1' title="bbox 544 404 661 479">
     <span class='ocr_line' id='line_1_1' title="bbox 544 404 661 479; baseline -0.017 -22"><span class='ocrx_word' id='word_1_1' title='bbox 544 404 661 479; x_wconf 73' lang='lat' dir='ltr'><strong>tsr</strong></span> 
     </span>
    </p>
   </div>
   <div class='ocr_carea' id='block_1_2' title="bbox 542 504 2122 579">
    <p class='ocr_par' dir='ltr' id='par_1_2' title="bbox 542 504 2122 579">
     <span class='ocr_line' id='line_1_2' title="bbox 542 504 2122 579; baseline -0.007 -9"><span class='ocrx_word' id='word_1_2' title='bbox 542 520 775 570; x_wconf 88' lang='lat' dir='ltr'><strong>clemens</strong></span> <span class='ocrx_word' id='word_1_3' title='bbox 802 526 861 567; x_wconf 80' lang='lat' dir='ltr'><strong>ac</strong></span> <span class='ocrx_word' id='word_1_4' title='bbox 888 513 1142 579; x_wconf 76' lang='lat' dir='ltr'><strong>beuiguus</strong></span> <span class='ocrx_word' id='word_1_5' title='bbox 1160 526 1173 571; x_wconf 86' lang='lat'><strong>;</strong></span> <span class='ocrx_word' id='word_1_6' title='bbox 1194 518 1247 560; x_wconf 91' lang='lat' dir='ltr'><strong>ut</strong></span> <span class='ocrx_word' id='word_1_7' title='bbox 1270 523 1329 558; x_wconf 83' lang='lat' dir='ltr'><strong>os</strong></span> <span class='ocrx_word' id='word_1_8' title='bbox 1350 522 1506 559; x_wconf 87' lang='lat' dir='ltr'><strong>omne</strong></span> <span class='ocrx_word' id='word_1_9' title='bbox 1528 504 1853 569; x_wconf 52' lang='lat' dir='ltr'><strong>ha‘reticum,</strong></span> <span class='ocrx_word' id='word_1_10' title='bbox 1878 515 1929 556; x_wconf 89' lang='lat' dir='ltr'><strong>ct</strong></span> <span class='ocrx_word' id='word_1_11' title='bbox 1949 504 2122 574; x_wconf 83' lang='lat' dir='ltr'><strong>lingua</strong></span> 
     </span>
    </p>
   </div>
   <div class='ocr_carea' id='block_1_3' title="bbox 543 596 2123 674">
    <p class='ocr_par' dir='ltr' id='par_1_3' title="bbox 543 596 2123 674">
     <span class='ocr_line' id='line_1_3' title="bbox 543 596 2123 674; baseline -0.006 -14"><span class='ocrx_word' id='word_1_12' title='bbox 543 606 848 674; x_wconf 77' lang='lat' dir='ltr'><strong>bla5phetua</strong></span> <span class='ocrx_word' id='word_1_13' title='bbox 880 604 1073 660; x_wconf 80' lang='lat' dir='ltr'><strong>furens,</strong></span> <span class='ocrx_word' id='word_1_14' title='bbox 1097 599 1266 651; x_wconf 87' lang='lat' dir='ltr'><strong>laudet</strong></span> <span class='ocrx_word' id='word_1_15' title='bbox 1290 598 1498 651; x_wconf 75' lang='lat' dir='ltr'><strong>Patrem</strong></span> <span class='ocrx_word' id='word_1_16' title='bbox 1520 607 1569 650; x_wconf 89' lang='lat' dir='ltr'><strong>et</strong></span> <span class='ocrx_word' id='word_1_17' title='bbox 1592 596 1783 651; x_wconf 82' lang='lat' dir='ltr'><strong>Filium</strong></span> <span class='ocrx_word' id='word_1_18' title='bbox 1804 608 1855 650; x_wconf 91' lang='lat' dir='ltr'><strong>et</strong></span> <span class='ocrx_word' id='word_1_19' title='bbox 1872 597 2123 666; x_wconf 60' lang='lat' dir='ltr'><strong>Spintqu</strong></span> 
     </span>
    </p>
   </div>
   <div class='ocr_carea' id='block_1_4' title="bbox 543 690 1437 759">
    <p class='ocr_par' dir='ltr' id='par_1_4' title="bbox 543 690 1437 759">
     <span class='ocr_line' id='line_1_4' title="bbox 543 690 1437 759; baseline -0.013 -4"><span class='ocrx_word' id='word_1_20' title='bbox 543 709 782 755; x_wconf 83' lang='lat' dir='ltr'><strong>sanctum</strong></span> <span class='ocrx_word' id='word_1_21' title='bbox 817 699 868 750; x_wconf 91' lang='lat' dir='ltr'><strong>itt</strong></span> <span class='ocrx_word' id='word_1_22' title='bbox 899 695 1109 749; x_wconf 70' lang='lat' dir='ltr'><strong>saecula.</strong></span> <span class='ocrx_word' id='word_1_23' title='bbox 1142 696 1307 746; x_wconf 80' lang='lat' dir='ltr'><strong>Amen</strong></span> <span class='ocrx_word' id='word_1_24' title='bbox 1343 690 1437 759; x_wconf 90' lang='lat' dir='ltr'><strong>(a).</strong></span> 
     </span>
    </p>
   </div>
   <div class='ocr_carea' id='block_1_5' title="bbox 545 825 2121 905">
    <p class='ocr_par' dir='ltr' id='par_1_5' title="bbox 545 825 2121 905">
     <span class='ocr_line' id='line_1_5' title="bbox 545 825 2121 905; baseline -0.005 -19"><span class='ocrx_word' id='word_1_25' title='bbox 545 832 786 905; x_wconf 81' lang='lat' dir='ltr'><strong>Ejusdem</strong></span> <span class='ocrx_word' id='word_1_26' title='bbox 808 831 859 883; x_wconf 91' lang='lat' dir='ltr'><strong>in</strong></span> <span class='ocrx_word' id='word_1_27' title='bbox 890 831 1019 882; x_wconf 88' lang='lat' dir='ltr'><strong>diem</strong></span> <span class='ocrx_word' id='word_1_28' title='bbox 1047 831 1247 881; x_wconf 85' lang='lat' dir='ltr'><strong>tertium</strong></span> <span class='ocrx_word' id='word_1_29' title='bbox 1267 826 1529 879; x_wconf 87' lang='lat' dir='ltr'><strong>creationis</strong></span> <span class='ocrx_word' id='word_1_30' title='bbox 1550 866 1564 890; x_wconf 91' lang='lat'><strong>,</strong></span> <span class='ocrx_word' id='word_1_31' title='bbox 1588 825 1717 878; x_wconf 86' lang='lat' dir='ltr'><strong>etde</strong></span> <span class='ocrx_word' id='word_1_32' title='bbox 1740 827 2121 879; x_wconf 77' lang='lat' dir='ltr'><strong>resurrectione.</strong></span> 
     </span>
    </p>
   </div>
   <div class='ocr_carea' id='block_1_6' title="bbox 617 940 2121 1007">
    <p class='ocr_par' dir='ltr' id='par_1_6' title="bbox 617 940 2121 1007">
     <span class='ocr_line' id='line_1_6' title="bbox 617 940 2121 1007; baseline -0.005 -8"><span class='ocrx_word' id='word_1_33' title='bbox 617 949 665 1005; x_wconf 80' lang='grc'><strong>1.</strong></span> <span class='ocrx_word' id='word_1_34' title='bbox 699 946 872 999; x_wconf 84' lang='lat' dir='ltr'><strong>Mundi</strong></span> <span class='ocrx_word' id='word_1_35' title='bbox 908 944 1107 998; x_wconf 79' lang='lat' dir='ltr'><strong>Artiiex</strong></span> <span class='ocrx_word' id='word_1_36' title='bbox 1138 943 1269 1006; x_wconf 83' lang='lat' dir='ltr'><strong>sole,</strong></span> <span class='ocrx_word' id='word_1_37' title='bbox 1305 940 1448 1007; x_wconf 89' lang='lat' dir='ltr'><strong>luna,</strong></span> <span class='ocrx_word' id='word_1_38' title='bbox 1481 941 1648 995; x_wconf 79' lang='lat' dir='ltr'><strong>stellis</strong></span> <span class='ocrx_word' id='word_1_39' title='bbox 1679 940 1865 993; x_wconf 71' lang='lat' dir='ltr'><strong>etclam</strong></span> <span class='ocrx_word' id='word_1_40' title='bbox 1891 942 2121 1005; x_wconf 85' lang='lat' dir='ltr'><strong>ornavit,</strong></span> 
     </span>
    </p>
   </div>
   <div class='ocr_carea' id='block_1_7' title="bbox 545 1034 2124 1109">
    <p class='ocr_par' dir='ltr' id='par_1_7' title="bbox 545 1034 2124 1109">
     <span class='ocr_line' id='line_1_7' title="bbox 545 1034 2124 1109; baseline -0.006 -14"><span class='ocrx_word' id='word_1_41' title='bbox 545 1051 845 1109; x_wconf 77' lang='lat' dir='ltr'><strong>terramque</strong></span> <span class='ocrx_word' id='word_1_42' title='bbox 868 1038 1088 1091; x_wconf 88' lang='lat' dir='ltr'><strong>ﬁoribus</strong></span> <span class='ocrx_word' id='word_1_43' title='bbox 1115 1046 1167 1088; x_wconf 84' lang='lat' dir='ltr'><strong>et</strong></span> <span class='ocrx_word' id='word_1_44' title='bbox 1192 1036 1384 1103; x_wconf 80' lang='lat' dir='ltr'><strong>plantis</strong></span> <span class='ocrx_word' id='word_1_45' title='bbox 1412 1034 1702 1096; x_wconf 97' lang='lat' dir='ltr'><strong>coronavit,</strong></span> <span class='ocrx_word' id='word_1_46' title='bbox 1726 1045 1883 1102; x_wconf 90' lang='lat' dir='ltr'><strong>atque</strong></span> <span class='ocrx_word' id='word_1_47' title='bbox 1910 1049 2124 1086; x_wconf 89' lang='lat' dir='ltr'><strong>omnem</strong></span> 
     </span>
    </p>
   </div>
   <div class='ocr_carea' id='block_1_8' title="bbox 542 1126 2127 1194">
    <p class='ocr_par' dir='ltr' id='par_1_8' title="bbox 542 1126 2127 1194">
     <span class='ocr_line' id='line_1_8' title="bbox 542 1126 2127 1194; baseline -0.006 -6"><span class='ocrx_word' id='word_1_48' title='bbox 542 1144 842 1188; x_wconf 75' lang='lat' dir='ltr'><strong>creaturam</strong></span> <span class='ocrx_word' id='word_1_49' title='bbox 873 1131 1030 1183; x_wconf 84' lang='lat' dir='ltr'><strong>variis</strong></span> <span class='ocrx_word' id='word_1_50' title='bbox 1077 1129 1349 1182; x_wconf 88' lang='lat' dir='ltr'><strong>decoravit</strong></span> <span class='ocrx_word' id='word_1_51' title='bbox 1394 1126 1668 1179; x_wconf 90' lang='lat' dir='ltr'><strong>ornatibus</strong></span> <span class='ocrx_word' id='word_1_52' title='bbox 1704 1143 1715 1177; x_wconf 91' lang='lat'><strong>:</strong></span> <span class='ocrx_word' id='word_1_53' title='bbox 1747 1140 1843 1179; x_wconf 91' lang='lat' dir='ltr'><strong>nos</strong></span> <span class='ocrx_word' id='word_1_54' title='bbox 1872 1142 1999 1179; x_wconf 90' lang='lat' dir='ltr'><strong>vero</strong></span> <span class='ocrx_word' id='word_1_55' title='bbox 2032 1141 2127 1194; x_wconf 91' lang='lat' dir='ltr'><strong>par</strong></span> 
     </span>
    </p>
   </div>
   <div class='ocr_carea' id='block_1_9' title="bbox 542 1216 2123 1291">
    <p class='ocr_par' dir='ltr' id='par_1_9' title="bbox 542 1216 2123 1291">
     <span class='ocr_line' id='line_1_9' title="bbox 542 1216 2123 1291; baseline -0.006 -13"><span class='ocrx_word' id='word_1_56' title='bbox 542 1235 645 1290; x_wconf 88' lang='lat' dir='ltr'><strong>est,</strong></span> <span class='ocrx_word' id='word_1_57' title='bbox 679 1233 949 1291; x_wconf 86' lang='lat' dir='ltr'><strong>resumpto</strong></span> <span class='ocrx_word' id='word_1_58' title='bbox 978 1220 1045 1274; x_wconf 90' lang='lat' dir='ltr'><strong>de</strong></span> <span class='ocrx_word' id='word_1_59' title='bbox 1073 1220 1339 1273; x_wconf 71' lang='lat' dir='ltr'><strong>creatione</strong></span> <span class='ocrx_word' id='word_1_60' title='bbox 1365 1232 1644 1280; x_wconf 87' lang='lat' dir='ltr'><strong>sermone,</strong></span> <span class='ocrx_word' id='word_1_61' title='bbox 1679 1216 1887 1285; x_wconf 86' lang='lat' dir='ltr'><strong>opiﬁcia</strong></span> <span class='ocrx_word' id='word_1_62' title='bbox 1910 1216 2123 1284; x_wconf 90' lang='lat' dir='ltr'><strong>quidem</strong></span> 
     </span>
    </p>
   </div>
   <div class='ocr_carea' id='block_1_10' title="bbox 544 1307 2125 1385">
    <p class='ocr_par' dir='ltr' id='par_1_10' title="bbox 544 1307 2125 1385">
     <span class='ocr_line' id='line_1_10' title="bbox 544 1307 2125 1385; baseline -0.007 -12"><span class='ocrx_word' id='word_1_63' title='bbox 544 1319 760 1383; x_wconf 88' lang='lat' dir='ltr'><strong>mirari,</strong></span> <span class='ocrx_word' id='word_1_64' title='bbox 804 1317 1059 1385; x_wconf 85' lang='lat' dir='ltr'><strong>Upiticent</strong></span> <span class='ocrx_word' id='word_1_65' title='bbox 1105 1323 1280 1365; x_wconf 84' lang='lat' dir='ltr'><strong>autem</strong></span> <span class='ocrx_word' id='word_1_66' title='bbox 1311 1310 1554 1363; x_wconf 89' lang='lat' dir='ltr'><strong>adorare.</strong></span> <span class='ocrx_word' id='word_1_67' title='bbox 1614 1308 1797 1376; x_wconf 83' lang='lat' dir='ltr'><strong>Neque</strong></span> <span class='ocrx_word' id='word_1_68' title='bbox 1826 1308 1968 1362; x_wconf 91' lang='lat' dir='ltr'><strong>enim</strong></span> <span class='ocrx_word' id='word_1_69' title='bbox 2012 1307 2125 1362; x_wconf 82' lang='lat' dir='ltr'><strong>haec</strong></span> 
     </span>
    </p>
   </div>
   <div class='ocr_carea' id='block_1_11' title="bbox 546 1398 2123 1476">
    <p class='ocr_par' dir='ltr' id='par_1_11' title="bbox 546 1398 2123 1476">
     <span class='ocr_line' id='line_1_11' title="bbox 546 1398 2123 1476; baseline -0.006 -13"><span class='ocrx_word' id='word_1_70' title='bbox 546 1410 743 1476; x_wconf 90' lang='lat' dir='ltr'><strong>scripta</strong></span> <span class='ocrx_word' id='word_1_71' title='bbox 770 1416 892 1459; x_wconf 90' lang='lat' dir='ltr'><strong>sunt</strong></span> <span class='ocrx_word' id='word_1_72' title='bbox 920 1406 1089 1457; x_wconf 90' lang='lat' dir='ltr'><strong>solum</strong></span> <span class='ocrx_word' id='word_1_73' title='bbox 1109 1445 1123 1467; x_wconf 83' lang='lat'><strong>,</strong></span> <span class='ocrx_word' id='word_1_74' title='bbox 1172 1411 1230 1456; x_wconf 91' lang='lat' dir='ltr'><strong>ut</strong></span> <span class='ocrx_word' id='word_1_75' title='bbox 1276 1402 1542 1455; x_wconf 86' lang='lat' dir='ltr'><strong>discamus</strong></span> <span class='ocrx_word' id='word_1_76' title='bbox 1579 1400 1666 1453; x_wconf 92' lang='lat' dir='ltr'><strong>illa</strong></span> <span class='ocrx_word' id='word_1_77' title='bbox 1699 1398 1833 1453; x_wconf 79' lang='lat' dir='ltr'><strong>facta</strong></span> <span class='ocrx_word' id='word_1_78' title='bbox 1861 1414 2001 1464; x_wconf 84' lang='lat' dir='ltr'><strong>esse,</strong></span> <span class='ocrx_word' id='word_1_79' title='bbox 2030 1400 2123 1454; x_wconf 88' lang='lat' dir='ltr'><strong>sed</strong></span> 
     </span>
    </p>
   </div>
   <div class='ocr_carea' id='block_1_12' title="bbox 545 1491 2124 1569">
    <p class='ocr_par' dir='ltr' id='par_1_12' title="bbox 545 1491 2124 1569">
     <span class='ocr_line' id='line_1_12' title="bbox 545 1491 2124 1569; baseline -0.005 -16"><span class='ocrx_word' id='word_1_80' title='bbox 545 1509 602 1554; x_wconf 88' lang='lat' dir='ltr'><strong>ttt</strong></span> <span class='ocrx_word' id='word_1_81' title='bbox 630 1500 881 1569; x_wconf 86' lang='lat' dir='ltr'><strong>()piﬁcem</strong></span> <span class='ocrx_word' id='word_1_82' title='bbox 915 1497 1258 1549; x_wconf 79' lang='lat' dir='ltr'><strong>admiremur.</strong></span> <span class='ocrx_word' id='word_1_83' title='bbox 1307 1495 1508 1547; x_wconf 90' lang='lat' dir='ltr'><strong>Dictmn</strong></span> <span class='ocrx_word' id='word_1_84' title='bbox 1562 1501 1645 1547; x_wconf 89' lang='lat' dir='ltr'><strong>est</strong></span> <span class='ocrx_word' id='word_1_85' title='bbox 1668 1492 1814 1545; x_wconf 93' lang='lat' dir='ltr'><strong>illum</strong></span> <span class='ocrx_word' id='word_1_86' title='bbox 1846 1493 2015 1561; x_wconf 85' lang='lat' dir='ltr'><strong>primo</strong></span> <span class='ocrx_word' id='word_1_87' title='bbox 2040 1491 2124 1545; x_wconf 90' lang='lat' dir='ltr'><strong>die</strong></span> 
     </span>
    </p>
   </div>
   <div class='ocr_carea' id='block_1_13' title="bbox 547 1585 2125 1658">
    <p class='ocr_par' dir='ltr' id='par_1_13' title="bbox 547 1585 2125 1658">
     <span class='ocr_line' id='line_1_13' title="bbox 547 1585 2125 1658; baseline -0.007 -12"><span class='ocrx_word' id='word_1_88' title='bbox 547 1603 909 1647; x_wconf 64' lang='lat' dir='ltr'><strong>creaturarum</strong></span> <span class='ocrx_word' id='word_1_89' title='bbox 936 1595 1208 1645; x_wconf 89' lang='lat' dir='ltr'><strong>materiam</strong></span> <span class='ocrx_word' id='word_1_90' title='bbox 1236 1589 1545 1658; x_wconf 84' lang='lat' dir='ltr'><strong>produxisse</strong></span> <span class='ocrx_word' id='word_1_91' title='bbox 1569 1604 1581 1638; x_wconf 94' lang='lat'>:</span> <span class='ocrx_word' id='word_1_92' title='bbox 1607 1586 1841 1641; x_wconf 91' lang='lat' dir='ltr'><strong>secundo</strong></span> <span class='ocrx_word' id='word_1_93' title='bbox 1868 1585 1974 1650; x_wconf 88' lang='lat' dir='ltr'><strong>die,</strong></span> <span class='ocrx_word' id='word_1_94' title='bbox 1994 1600 2125 1654; x_wconf 83' lang='lat' dir='ltr'><strong>quo-</strong></span> 
     </span>
    </p>
   </div>
   <div class='ocr_carea' id='block_1_14' title="bbox 544 1679 2124 1748">
    <p class='ocr_par' dir='ltr' id='par_1_14' title="bbox 544 1679 2124 1748">
     <span class='ocr_line' id='line_1_14' title="bbox 544 1679 2124 1748; baseline -0.007 -8"><span class='ocrx_word' id='word_1_95' title='bbox 544 1685 703 1740; x_wconf 89' lang='lat' dir='ltr'><strong>modo</strong></span> <span class='ocrx_word' id='word_1_96' title='bbox 729 1700 791 1739; x_wconf 85' lang='lat' dir='ltr'><strong>ex</strong></span> <span class='ocrx_word' id='word_1_97' title='bbox 821 1684 1019 1737; x_wconf 88' lang='lat' dir='ltr'><strong>rariore</strong></span> <span class='ocrx_word' id='word_1_98' title='bbox 1052 1683 1398 1748; x_wconf 87' lang='lat' dir='ltr'><strong>molliorcque</strong></span> <span class='ocrx_word' id='word_1_99' title='bbox 1425 1695 1678 1747; x_wconf 91' lang='lat' dir='ltr'><strong>aquarum</strong></span> <span class='ocrx_word' id='word_1_100' title='bbox 1705 1679 1921 1732; x_wconf 92' lang='lat' dir='ltr'><strong>materia</strong></span> <span class='ocrx_word' id='word_1_101' title='bbox 1949 1680 2124 1730; x_wconf 88' lang='lat' dir='ltr'><strong>ﬁrma—</strong></span> 
     </span>
    </p>
   </div>
   <div class='ocr_carea' id='block_1_15' title="bbox 544 1772 2122 1840">
    <p class='ocr_par' dir='ltr' id='par_1_15' title="bbox 544 1772 2122 1840">
     <span class='ocr_line' id='line_1_15' title="bbox 544 1772 2122 1840; baseline -0.005 -10"><span class='ocrx_word' id='word_1_102' title='bbox 544 1788 784 1831; x_wconf 88' lang='lat' dir='ltr'><strong>mentum</strong></span> <span class='ocrx_word' id='word_1_103' title='bbox 813 1775 1164 1838; x_wconf 84' lang='lat' dir='ltr'><strong>constituerit,</strong></span> <span class='ocrx_word' id='word_1_104' title='bbox 1200 1773 1421 1840; x_wconf 64' lang='lat' dir='ltr'><strong>idemque</strong></span> <span class='ocrx_word' id='word_1_105' title='bbox 1456 1772 1847 1825; x_wconf 90' lang='lat' dir='ltr'><strong>ﬁrmamentum</strong></span> <span class='ocrx_word' id='word_1_106' title='bbox 1881 1780 2122 1824; x_wconf 91' lang='lat' dir='ltr'><strong>vocatum</strong></span> 
     </span>
    </p>
   </div>
   <div class='ocr_carea' id='block_1_16' title="bbox 543 1861 2121 1921">
    <p class='ocr_par' dir='ltr' id='par_1_16' title="bbox 543 1861 2121 1921">
     <span class='ocr_line' id='line_1_16' title="bbox 543 1861 2121 1921; baseline -0.005 0"><span class='ocrx_word' id='word_1_107' title='bbox 543 1868 722 1921; x_wconf 82' lang='lat' dir='ltr'><strong>fuerit.</strong></span> <span class='ocrx_word' id='word_1_108' title='bbox 754 1866 951 1920; x_wconf 88' lang='lat' dir='ltr'><strong>Idcirco</strong></span> <span class='ocrx_word' id='word_1_109' title='bbox 982 1866 1138 1917; x_wconf 87' lang='lat' dir='ltr'><strong>etiam</strong></span> <span class='ocrx_word' id='word_1_110' title='bbox 1167 1864 1410 1917; x_wconf 72' lang='lat' dir='ltr'><strong>Christus</strong></span> <span class='ocrx_word' id='word_1_111' title='bbox 1454 1872 1618 1915; x_wconf 89' lang='lat' dir='ltr'><strong>totum</strong></span> <span class='ocrx_word' id='word_1_112' title='bbox 1651 1861 1834 1915; x_wconf 90' lang='lat' dir='ltr'><strong>orbem</strong></span> <span class='ocrx_word' id='word_1_113' title='bbox 1863 1872 2121 1915; x_wconf 88' lang='lat' dir='ltr'><strong>terrarum</strong></span> 
     </span>
    </p>
   </div>
   <div class='ocr_carea' id='block_1_17' title="bbox 542 1951 2121 2021">
    <p class='ocr_par' dir='ltr' id='par_1_17' title="bbox 542 1951 2121 2021">
     <span class='ocr_line' id='line_1_17' title="bbox 542 1951 2121 2021; baseline -0.004 -12"><span class='ocrx_word' id='word_1_114' title='bbox 542 1967 881 2012; x_wconf 74' lang='lat' dir='ltr'><strong>extenuatum</strong></span> <span class='ocrx_word' id='word_1_115' title='bbox 902 1965 955 2008; x_wconf 89' lang='lat' dir='ltr'><strong>et</strong></span> <span class='ocrx_word' id='word_1_116' title='bbox 975 1954 1290 2017; x_wconf 90' lang='lat' dir='ltr'><strong>emollitum,</strong></span> <span class='ocrx_word' id='word_1_117' title='bbox 1315 1952 1627 2021; x_wconf 86' lang='lat' dir='ltr'><strong>diversoth</strong></span> <span class='ocrx_word' id='word_1_118' title='bbox 1651 1951 1879 2020; x_wconf 85' lang='lat' dir='ltr'><strong>plurium</strong></span> <span class='ocrx_word' id='word_1_119' title='bbox 1901 1952 2121 2004; x_wconf 87' lang='lat' dir='ltr'><strong>deorqu</strong></span> 
     </span>
    </p>
   </div>
   <div class='ocr_carea' id='block_1_18' title="bbox 542 2045 2121 2115">
    <p class='ocr_par' dir='ltr' id='par_1_18' title="bbox 542 2045 2121 2115">
     <span class='ocr_line' id='line_1_18' title="bbox 542 2045 2121 2115; baseline -0.006 -11"><span class='ocrx_word' id='word_1_120' title='bbox 542 2066 725 2104; x_wconf 88' lang='lat' dir='ltr'><strong>errore</strong></span> <span class='ocrx_word' id='word_1_121' title='bbox 750 2064 844 2103; x_wconf 90' lang='lat' dir='ltr'><strong>ceu</strong></span> <span class='ocrx_word' id='word_1_122' title='bbox 874 2048 1093 2100; x_wconf 81' lang='lat' dir='ltr'><strong>materia</strong></span> <span class='ocrx_word' id='word_1_123' title='bbox 1125 2047 1473 2114; x_wconf 79' lang='lat' dir='ltr'><strong>dissipatum,</strong></span> <span class='ocrx_word' id='word_1_124' title='bbox 1512 2045 1742 2115; x_wconf 84' lang='lat' dir='ltr'><strong>collegit,</strong></span> <span class='ocrx_word' id='word_1_125' title='bbox 1772 2054 1827 2099; x_wconf 90' lang='lat' dir='ltr'><strong>et</strong></span> <span class='ocrx_word' id='word_1_126' title='bbox 1855 2060 2011 2099; x_wconf 89' lang='lat' dir='ltr'><strong>unam</strong></span> <span class='ocrx_word' id='word_1_127' title='bbox 2058 2047 2121 2096; x_wconf 88' lang='lat' dir='ltr'><strong>ti-</strong></span> 
     </span>
    </p>
   </div>
   <div class='ocr_carea' id='block_1_19' title="bbox 541 2134 2123 2207">
    <p class='ocr_par' dir='ltr' id='par_1_19' title="bbox 541 2134 2123 2207">
     <span class='ocr_line' id='line_1_19' title="bbox 541 2134 2123 2207; baseline -0.004 -12"><span class='ocrx_word' id='word_1_128' title='bbox 541 2143 660 2196; x_wconf 86' lang='lat' dir='ltr'><strong>dem</strong></span> <span class='ocrx_word' id='word_1_129' title='bbox 698 2141 852 2205; x_wconf 77' lang='lat' dir='ltr'><strong>fecit,</strong></span> <span class='ocrx_word' id='word_1_130' title='bbox 901 2154 1058 2207; x_wconf 91' lang='lat' dir='ltr'><strong>quam</strong></span> <span class='ocrx_word' id='word_1_131' title='bbox 1101 2141 1488 2190; x_wconf 84' lang='lat' dir='ltr'><strong>ﬁrmamentum</strong></span> <span class='ocrx_word' id='word_1_132' title='bbox 1534 2144 1689 2190; x_wconf 80' lang='lat' dir='ltr'><strong>vocat</strong></span> <span class='ocrx_word' id='word_1_133' title='bbox 1712 2136 1996 2204; x_wconf 83' lang='lat' dir='ltr'><strong>Apostolus</strong></span> <span class='ocrx_word' id='word_1_134' title='bbox 2041 2134 2123 2189; x_wconf 87' lang='lat' dir='ltr'><strong>his</strong></span> 
     </span>
    </p>
   </div>
   <div class='ocr_carea' id='block_1_20' title="bbox 542 2226 2118 2296">
    <p class='ocr_par' dir='ltr' id='par_1_20' title="bbox 542 2226 2118 2296">
     <span class='ocr_line' id='line_1_20' title="bbox 542 2226 2118 2296; baseline -0.003 -13"><span class='ocrx_word' id='word_1_135' title='bbox 542 2232 716 2285; x_wconf 86' lang='lat' dir='ltr'><strong>verbis</strong></span> <span class='ocrx_word' id='word_1_136' title='bbox 740 2250 751 2284; x_wconf 91' lang='lat'><strong>:</strong></span> <span class='ocrx_word' id='word_1_137' title='bbox 780 2230 1069 2283; x_wconf 87' lang='lat' dir='ltr'><strong>Secundum</strong></span> <span class='ocrx_word' id='word_1_138' title='bbox 1098 2231 1469 2296; x_wconf 80' lang='lat' dir='ltr'><strong>ﬁrmamentum</strong></span> <span class='ocrx_word' id='word_1_139' title='bbox 1491 2228 1608 2295; x_wconf 87' lang='lat' dir='ltr'><strong>[idei</strong></span> <span class='ocrx_word' id='word_1_140' title='bbox 1636 2229 1688 2280; x_wconf 89' lang='lat' dir='ltr'><strong>in</strong></span> <span class='ocrx_word' id='word_1_141' title='bbox 1708 2227 1961 2281; x_wconf 77' lang='lat' dir='ltr'><strong>Christum</strong></span> <span class='ocrx_word' id='word_1_142' title='bbox 1987 2226 2118 2296; x_wconf 87' lang='lat' dir='ltr'><strong>(Col.</strong></span> 
     </span>
    </p>
   </div>
   <div class='ocr_carea' id='block_1_21' title="bbox 540 2320 2121 2391">
    <p class='ocr_par' dir='ltr' id='par_1_21' title="bbox 540 2320 2121 2391">
     <span class='ocr_line' id='line_1_21' title="bbox 540 2320 2121 2391; baseline -0.001 -17"><span class='ocrx_word' id='word_1_143' title='bbox 540 2324 594 2378; x_wconf 75' lang='grc'><strong>2.</strong></span> <span class='ocrx_word' id='word_1_144' title='bbox 618 2324 696 2391; x_wconf 79' lang='grc'><strong>5).</strong></span> <span class='ocrx_word' id='word_1_145' title='bbox 721 2323 895 2375; x_wconf 64' lang='lat' dir='ltr'><strong>Divisa</strong></span> <span class='ocrx_word' id='word_1_146' title='bbox 920 2332 1002 2375; x_wconf 89' lang='lat' dir='ltr'><strong>est</strong></span> <span class='ocrx_word' id='word_1_147' title='bbox 1030 2321 1185 2390; x_wconf 79' lang='lat' dir='ltr'><strong>igitur</strong></span> <span class='ocrx_word' id='word_1_148' title='bbox 1205 2320 1432 2388; x_wconf 80' lang='lat' dir='ltr'><strong>abyssus</strong></span> <span class='ocrx_word' id='word_1_149' title='bbox 1454 2336 1466 2383; x_wconf 89' lang='lat'>;</span> <span class='ocrx_word' id='word_1_150' title='bbox 1492 2329 1710 2388; x_wconf 88' lang='lat' dir='ltr'><strong>eratque</strong></span> <span class='ocrx_word' id='word_1_151' title='bbox 1735 2335 1867 2388; x_wconf 82' lang='lat' dir='ltr'><strong>aqua</strong></span> <span class='ocrx_word' id='word_1_152' title='bbox 1898 2320 1980 2372; x_wconf 86' lang='lat' dir='ltr'><strong>illa</strong></span> <span class='ocrx_word' id='word_1_153' title='bbox 2005 2337 2121 2388; x_wconf 84' lang='lat' dir='ltr'><strong>qua:</strong></span> 
     </span>
    </p>
   </div>
   <div class='ocr_carea' id='block_1_22' title="bbox 543 2412 2120 2484">
    <p class='ocr_par' dir='ltr' id='par_1_22' title="bbox 543 2412 2120 2484">
     <span class='ocr_line' id='line_1_22' title="bbox 543 2412 2120 2484; baseline -0.004 -15"><span class='ocrx_word' id='word_1_154' title='bbox 543 2417 677 2470; x_wconf 79' lang='lat' dir='ltr'><strong>inira</strong></span> <span class='ocrx_word' id='word_1_155' title='bbox 704 2417 948 2469; x_wconf 88' lang='lat' dir='ltr'><strong>manebat</strong></span> <span class='ocrx_word' id='word_1_156' title='bbox 984 2414 1228 2484; x_wconf 88' lang='lat' dir='ltr'><strong>abyssus,</strong></span> <span class='ocrx_word' id='word_1_157' title='bbox 1260 2422 1416 2480; x_wconf 91' lang='lat' dir='ltr'><strong>atque</strong></span> <span class='ocrx_word' id='word_1_158' title='bbox 1451 2413 1609 2465; x_wconf 90' lang='lat' dir='ltr'><strong>etiam</strong></span> <span class='ocrx_word' id='word_1_159' title='bbox 1637 2412 1723 2465; x_wconf 89' lang='lat' dir='ltr'><strong>illa</strong></span> <span class='ocrx_word' id='word_1_160' title='bbox 1763 2427 1879 2481; x_wconf 88' lang='lat' dir='ltr'><strong>qua:</strong></span> <span class='ocrx_word' id='word_1_161' title='bbox 1911 2426 2120 2463; x_wconf 88' lang='lat' dir='ltr'><strong>sursum</strong></span> 
     </span>
    </p>
   </div>
   <div class='ocr_carea' id='block_1_23' title="bbox 540 2502 2119 2575">
    <p class='ocr_par' dir='ltr' id='par_1_23' title="bbox 540 2502 2119 2575">
     <span class='ocr_line' id='line_1_23' title="bbox 540 2502 2119 2575; baseline -0.005 -13"><span class='ocrx_word' id='word_1_162' title='bbox 540 2517 594 2562; x_wconf 87' lang='lat' dir='ltr'><strong>et</strong></span> <span class='ocrx_word' id='word_1_163' title='bbox 614 2506 853 2560; x_wconf 88' lang='lat' dir='ltr'><strong>sublimis</strong></span> <span class='ocrx_word' id='word_1_164' title='bbox 874 2514 989 2559; x_wconf 90' lang='lat' dir='ltr'><strong>erat</strong></span> <span class='ocrx_word' id='word_1_165' title='bbox 1014 2506 1257 2575; x_wconf 86' lang='lat' dir='ltr'><strong>abyssus.</strong></span> <span class='ocrx_word' id='word_1_166' title='bbox 1286 2502 1436 2558; x_wconf 89' lang='lat' dir='ltr'><strong>Unde</strong></span> <span class='ocrx_word' id='word_1_167' title='bbox 1462 2503 1595 2557; x_wconf 86' lang='lat' dir='ltr'><strong>hoc?</strong></span> <span class='ocrx_word' id='word_1_168' title='bbox 1620 2502 1706 2555; x_wconf 89' lang='lat' dir='ltr'><strong>Ait</strong></span> <span class='ocrx_word' id='word_1_169' title='bbox 1734 2502 1895 2555; x_wconf 86' lang='lat' dir='ltr'><strong>David</strong></span> <span class='ocrx_word' id='word_1_170' title='bbox 1920 2520 1933 2554; x_wconf 87' lang='lat'><strong>:</strong></span> <span class='ocrx_word' id='word_1_171' title='bbox 1958 2502 2119 2572; x_wconf 83' lang='lat' dir='ltr'><strong>Abys-</strong></span> 
     </span>
    </p>
   </div>
   <div class='ocr_carea' id='block_1_24' title="bbox 540 2595 2121 2668">
    <p class='ocr_par' dir='ltr' id='par_1_24' title="bbox 540 2595 2121 2668">
     <span class='ocr_line' id='line_1_24' title="bbox 540 2595 2121 2668; baseline -0.004 -16"><span class='ocrx_word' id='word_1_172' title='bbox 540 2616 627 2652; x_wconf 89' lang='lat' dir='ltr'><strong>sus</strong></span> <span class='ocrx_word' id='word_1_173' title='bbox 684 2601 921 2668; x_wconf 80' lang='lat' dir='ltr'><strong>abyssum</strong></span> <span class='ocrx_word' id='word_1_174' title='bbox 975 2598 1168 2649; x_wconf 81' lang='lat' dir='ltr'><strong>invocat</strong></span> <span class='ocrx_word' id='word_1_175' title='bbox 1216 2595 1269 2647; x_wconf 90' lang='lat' dir='ltr'><strong>in</strong></span> <span class='ocrx_word' id='word_1_176' title='bbox 1321 2610 1439 2647; x_wconf 87' lang='lat' dir='ltr'><strong>voce</strong></span> <span class='ocrx_word' id='word_1_177' title='bbox 1493 2604 1861 2647; x_wconf 86' lang='lat' dir='ltr'><strong>caluractarum</strong></span> <span class='ocrx_word' id='word_1_178' title='bbox 1922 2606 2121 2646; x_wconf 85' lang='lat' dir='ltr'><strong>tuarum</strong></span> 
     </span>
    </p>
   </div>
   <div class='ocr_carea' id='block_1_25' title="bbox 541 2686 2118 2765">
    <p class='ocr_par' dir='ltr' id='par_1_25' title="bbox 541 2686 2118 2765">
     <span class='ocr_line' id='line_1_25' title="bbox 541 2686 2118 2765; baseline -0.004 -18"><span class='ocrx_word' id='word_1_179' title='bbox 541 2694 723 2765; x_wconf 86' lang='lat' dir='ltr'><strong>(Psal.</strong></span> <span class='ocrx_word' id='word_1_180' title='bbox 752 2694 836 2747; x_wconf 74' lang='grc'><strong>41.</strong></span> <span class='ocrx_word' id='word_1_181' title='bbox 874 2694 957 2762; x_wconf 83' lang='grc'><strong>8).</strong></span> <span class='ocrx_word' id='word_1_182' title='bbox 997 2690 1171 2745; x_wconf 89' lang='lat' dir='ltr'><strong>Divisa</strong></span> <span class='ocrx_word' id='word_1_183' title='bbox 1204 2700 1283 2742; x_wconf 89' lang='lat' dir='ltr'><strong>est</strong></span> <span class='ocrx_word' id='word_1_184' title='bbox 1324 2690 1501 2757; x_wconf 78' lang='lat' dir='ltr'><strong>itaque</strong></span> <span class='ocrx_word' id='word_1_185' title='bbox 1531 2689 1754 2758; x_wconf 80' lang='lat' dir='ltr'><strong>abyssus</strong></span> <span class='ocrx_word' id='word_1_186' title='bbox 1777 2728 1793 2754; x_wconf 93' lang='lat'><strong>,</strong></span> <span class='ocrx_word' id='word_1_187' title='bbox 1843 2696 1897 2741; x_wconf 93' lang='lat' dir='ltr'><strong>ct</strong></span> <span class='ocrx_word' id='word_1_188' title='bbox 1924 2686 2118 2740; x_wconf 83' lang='lat' dir='ltr'><strong>factum</strong></span> 
     </span>
    </p>
   </div>
   <div class='ocr_carea' id='block_1_26' title="bbox 538 2781 2117 2850">
    <p class='ocr_par' dir='ltr' id='par_1_26' title="bbox 538 2781 2117 2850">
     <span class='ocr_line' id='line_1_26' title="bbox 538 2781 2117 2850; baseline -0.005 -11"><span class='ocrx_word' id='word_1_189' title='bbox 538 2796 621 2839; x_wconf 91' lang='lat' dir='ltr'><strong>est</strong></span> <span class='ocrx_word' id='word_1_190' title='bbox 650 2788 1042 2838; x_wconf 82' lang='lat' dir='ltr'><strong>ﬁrmamentum</strong></span> <span class='ocrx_word' id='word_1_191' title='bbox 1075 2800 1087 2834; x_wconf 92' lang='lat'>:</span> <span class='ocrx_word' id='word_1_192' title='bbox 1121 2781 1373 2850; x_wconf 83' lang='lat' dir='ltr'><strong>deinceps</strong></span> <span class='ocrx_word' id='word_1_193' title='bbox 1415 2790 1554 2833; x_wconf 90' lang='lat' dir='ltr'><strong>terra</strong></span> <span class='ocrx_word' id='word_1_194' title='bbox 1595 2790 1779 2848; x_wconf 88' lang='lat' dir='ltr'><strong>operta</strong></span> <span class='ocrx_word' id='word_1_195' title='bbox 1814 2789 1929 2833; x_wconf 89' lang='lat' dir='ltr'><strong>erat</strong></span> <span class='ocrx_word' id='word_1_196' title='bbox 1962 2794 2117 2849; x_wconf 90' lang='lat' dir='ltr'><strong>aqua.</strong></span> 
     </span>
    </p>
   </div>
   <div class='ocr_carea' id='block_1_27' title="bbox 538 2873 2119 2942">
    <p class='ocr_par' dir='ltr' id='par_1_27' title="bbox 538 2873 2119 2942">
     <span class='ocr_line' id='line_1_27' title="bbox 538 2873 2119 2942; baseline -0.005 -11"><span class='ocrx_word' id='word_1_197' title='bbox 538 2877 607 2931; x_wconf 85' lang='lat' dir='ltr'><strong>Et</strong></span> <span class='ocrx_word' id='word_1_198' title='bbox 636 2878 763 2931; x_wconf 73' lang='lat' dir='ltr'><strong>dixit</strong></span> <span class='ocrx_word' id='word_1_199' title='bbox 796 2876 930 2928; x_wconf 84' lang='lat' dir='ltr'><strong>Dens</strong></span> <span class='ocrx_word' id='word_1_200' title='bbox 949 2917 963 2941; x_wconf 88' lang='lat'><strong>,</strong></span> <span class='ocrx_word' id='word_1_201' title='bbox 1011 2874 1179 2942; x_wconf 90' lang='lat' dir='ltr'><strong>inqttit</strong></span> <span class='ocrx_word' id='word_1_202' title='bbox 1200 2916 1212 2936; x_wconf 90' lang='lat'><strong>,</strong></span> <span class='ocrx_word' id='word_1_203' title='bbox 1245 2873 1584 2942; x_wconf 78' lang='lat' dir='ltr'><strong>Congregetur</strong></span> <span class='ocrx_word' id='word_1_204' title='bbox 1608 2888 1738 2937; x_wconf 85' lang='lat' dir='ltr'><strong>aqua</strong></span> <span class='ocrx_word' id='word_1_205' title='bbox 1763 2886 1874 2939; x_wconf 75' lang='lat' dir='ltr'><strong>qua:</strong></span> <span class='ocrx_word' id='word_1_206' title='bbox 1901 2874 1990 2924; x_wconf 88' lang='lat' dir='ltr'><strong>sub</strong></span> <span class='ocrx_word' id='word_1_207' title='bbox 2019 2886 2119 2924; x_wconf 68' lang='lat' dir='ltr'><strong>ca:-</strong></span> 
     </span>
    </p>
   </div>
   <div class='ocr_carea' id='block_1_28' title="bbox 538 2962 2121 3036">
    <p class='ocr_par' dir='ltr' id='par_1_28' title="bbox 538 2962 2121 3036">
     <span class='ocr_line' id='line_1_28' title="bbox 538 2962 2121 3036; baseline -0.004 -13"><span class='ocrx_word' id='word_1_208' title='bbox 538 2971 589 3023; x_wconf 89' lang='lat' dir='ltr'><strong>lo</strong></span> <span class='ocrx_word' id='word_1_209' title='bbox 631 2978 701 3022; x_wconf 89' lang='lat' dir='ltr'><strong>est</strong></span> <span class='ocrx_word' id='word_1_210' title='bbox 760 2968 811 3018; x_wconf 88' lang='lat' dir='ltr'><strong>in</strong></span> <span class='ocrx_word' id='word_1_211' title='bbox 853 2966 1285 3036; x_wconf 79' lang='lat' dir='ltr'><strong>congregationem</strong></span> <span class='ocrx_word' id='word_1_212' title='bbox 1339 2980 1531 3030; x_wconf 88' lang='lat' dir='ltr'><strong>unam,</strong></span> <span class='ocrx_word' id='word_1_213' title='bbox 1586 2974 1630 3016; x_wconf 85' lang='lat' dir='ltr'><strong>et</strong></span> <span class='ocrx_word' id='word_1_214' title='bbox 1677 2973 1919 3033; x_wconf 83' lang='lat' dir='ltr'><strong>appareat</strong></span> <span class='ocrx_word' id='word_1_215' title='bbox 1974 2962 2121 3016; x_wconf 86' lang='lat' dir='ltr'><strong>arida</strong></span> 
     </span>
    </p>
   </div>
   <div class='ocr_carea' id='block_1_29' title="bbox 542 3059 907 3131">
    <p class='ocr_par' dir='ltr' id='par_1_29' title="bbox 542 3059 907 3131">
     <span class='ocr_line' id='line_1_29' title="bbox 542 3059 907 3131; baseline -0.014 -17"><span class='ocrx_word' id='word_1_216' title='bbox 542 3059 706 3131; x_wconf 77' lang='lat' dir='ltr'><strong>(Gen.</strong></span> <span class='ocrx_word' id='word_1_217' title='bbox 742 3060 791 3112; x_wconf 86' lang='lat' dir='ltr'><strong>l.</strong></span> <span class='ocrx_word' id='word_1_218' title='bbox 822 3059 907 3128; x_wconf 86' lang='lat'><strong>9).</strong></span> 
     </span>
    </p>
   </div>
   <div class='ocr_carea' id='block_1_30' title="bbox 619 3146 2120 3215">
    <p class='ocr_par' dir='ltr' id='par_1_30' title="bbox 619 3146 2120 3215">
     <span class='ocr_line' id='line_1_30' title="bbox 619 3146 2120 3215; baseline -0.001 -11"><span class='ocrx_word' id='word_1_219' title='bbox 619 3151 806 3205; x_wconf 86' lang='lat' dir='ltr'><strong>Contra</strong></span> <span class='ocrx_word' id='word_1_220' title='bbox 850 3146 1672 3215; x_wconf 76' lang='lat' dir='ltr'><strong>Anoma&#39;os.—-Quandoquidem</strong></span> <span class='ocrx_word' id='word_1_221' title='bbox 1707 3147 1885 3201; x_wconf 88' lang='lat' dir='ltr'><strong>omnia</strong></span> <span class='ocrx_word' id='word_1_222' title='bbox 1927 3147 2120 3203; x_wconf 89' lang='lat' dir='ltr'><strong>intelli—</strong></span> 
     </span>
    </p>
   </div>
   <div class='ocr_carea' id='block_1_31' title="bbox 543 3240 2120 3314">
    <p class='ocr_par' dir='ltr' id='par_1_31' title="bbox 543 3240 2120 3314">
     <span class='ocr_line' id='line_1_31' title="bbox 543 3240 2120 3314; baseline 0.001 -19"><span class='ocrx_word' id='word_1_223' title='bbox 543 3261 669 3314; x_wconf 77' lang='lat' dir='ltr'><strong>gere</strong></span> <span class='ocrx_word' id='word_1_224' title='bbox 693 3247 875 3296; x_wconf 86' lang='lat' dir='ltr'><strong>volunt</strong></span> <span class='ocrx_word' id='word_1_225' title='bbox 897 3243 1072 3294; x_wconf 87' lang='lat' dir='ltr'><strong>miseri</strong></span> <span class='ocrx_word' id='word_1_226' title='bbox 1105 3242 1175 3293; x_wconf 89' lang='lat' dir='ltr'><strong>illi</strong></span> <span class='ocrx_word' id='word_1_227' title='bbox 1204 3240 1458 3305; x_wconf 73' lang='lat' dir='ltr'><strong>ha&#39;retici,</strong></span> <span class='ocrx_word' id='word_1_228' title='bbox 1488 3249 1537 3293; x_wconf 88' lang='lat' dir='ltr'><strong>ct</strong></span> <span class='ocrx_word' id='word_1_229' title='bbox 1570 3240 2120 3309; x_wconf 84' lang='lat' dir='ltr'><strong>incmuprehettsibilis</strong></span> 
     </span>
    </p>
   </div>
   <div class='ocr_carea' id='block_1_32' title="bbox 542 3332 2118 3403">
    <p class='ocr_par' dir='ltr' id='par_1_32' title="bbox 542 3332 2118 3403">
     <span class='ocr_line' id='line_1_32' title="bbox 542 3332 2118 3403; baseline -0.003 -11"><span class='ocrx_word' id='word_1_230' title='bbox 542 3347 747 3392; x_wconf 84' lang='lat' dir='ltr'><strong>natura:</strong></span> <span class='ocrx_word' id='word_1_231' title='bbox 776 3335 989 3388; x_wconf 92' lang='lat' dir='ltr'><strong>modum</strong></span> <span class='ocrx_word' id='word_1_232' title='bbox 1018 3342 1350 3395; x_wconf 86' lang='lat' dir='ltr'><strong>scrutantur,</strong></span> <span class='ocrx_word' id='word_1_233' title='bbox 1380 3332 1560 3386; x_wconf 90' lang='lat' dir='ltr'><strong>dicant</strong></span> <span class='ocrx_word' id='word_1_234' title='bbox 1583 3332 1851 3401; x_wconf 90' lang='lat' dir='ltr'><strong>quomodo</strong></span> <span class='ocrx_word' id='word_1_235' title='bbox 1890 3348 2118 3403; x_wconf 83' lang='lat' dir='ltr'><strong>congre-</strong></span> 
     </span>
    </p>
   </div>
   <div class='ocr_carea' id='block_1_33' title="bbox 534 3423 2118 3496">
    <p class='ocr_par' dir='ltr' id='par_1_33' title="bbox 534 3423 2118 3496">
     <span class='ocr_line' id='line_1_33' title="bbox 534 3423 2118 3496; baseline 0 -18"><span class='ocrx_word' id='word_1_236' title='bbox 534 3439 653 3496; x_wconf 83' lang='lat' dir='ltr'><strong>gata</strong></span> <span class='ocrx_word' id='word_1_237' title='bbox 681 3429 748 3481; x_wconf 86' lang='lat' dir='ltr'><strong>sit</strong></span> <span class='ocrx_word' id='word_1_238' title='bbox 773 3442 927 3494; x_wconf 82' lang='lat' dir='ltr'><strong>aqua,</strong></span> <span class='ocrx_word' id='word_1_239' title='bbox 957 3434 1047 3477; x_wconf 90' lang='lat' dir='ltr'><strong>aut</strong></span> <span class='ocrx_word' id='word_1_240' title='bbox 1074 3434 1389 3492; x_wconf 87' lang='lat' dir='ltr'><strong>congregata</strong></span> <span class='ocrx_word' id='word_1_241' title='bbox 1415 3438 1642 3491; x_wconf 91' lang='lat' dir='ltr'><strong>quonam</strong></span> <span class='ocrx_word' id='word_1_242' title='bbox 1672 3427 1972 3477; x_wconf 86' lang='lat' dir='ltr'><strong>recesserit.</strong></span> <span class='ocrx_word' id='word_1_243' title='bbox 2003 3423 2118 3478; x_wconf 87' lang='lat' dir='ltr'><strong>Non</strong></span> 
     </span>
    </p>
   </div>
   <div class='ocr_carea' id='block_1_34' title="bbox 536 3515 2116 3585">
    <p class='ocr_par' dir='ltr' id='par_1_34' title="bbox 536 3515 2116 3585">
     <span class='ocr_line' id='line_1_34' title="bbox 536 3515 2116 3585; baseline -0.003 -11"><span class='ocrx_word' id='word_1_244' title='bbox 536 3522 701 3585; x_wconf 86' lang='lat' dir='ltr'><strong>enim,</strong></span> <span class='ocrx_word' id='word_1_245' title='bbox 733 3518 1024 3573; x_wconf 88' lang='lat' dir='ltr'><strong>secundum</strong></span> <span class='ocrx_word' id='word_1_246' title='bbox 1051 3533 1143 3570; x_wconf 89' lang='lat' dir='ltr'><strong>vos</strong></span> <span class='ocrx_word' id='word_1_247' title='bbox 1169 3557 1183 3580; x_wconf 93' lang='lat'><strong>,</strong></span> <span class='ocrx_word' id='word_1_248' title='bbox 1215 3517 1357 3569; x_wconf 92' lang='lat' dir='ltr'><strong>nullo</strong></span> <span class='ocrx_word' id='word_1_249' title='bbox 1385 3516 1630 3569; x_wconf 76' lang='lat' dir='ltr'><strong>examine</strong></span> <span class='ocrx_word' id='word_1_250' title='bbox 1658 3516 1876 3569; x_wconf 81' lang='lat' dir='ltr'><strong>vocibus</strong></span> <span class='ocrx_word' id='word_1_251' title='bbox 1904 3515 2116 3570; x_wconf 81' lang='lat' dir='ltr'><strong>lueren-</strong></span> 
     </span>
    </p>
   </div>
   <div class='ocr_carea' id='block_1_35' title="bbox 534 3608 2117 3679">
    <p class='ocr_par' dir='ltr' id='par_1_35' title="bbox 534 3608 2117 3679">
     <span class='ocr_line' id='line_1_35' title="bbox 534 3608 2117 3679; baseline -0.003 -10"><span class='ocrx_word' id='word_1_252' title='bbox 534 3619 661 3669; x_wconf 90' lang='lat' dir='ltr'><strong>dutn</strong></span> <span class='ocrx_word' id='word_1_253' title='bbox 692 3622 791 3675; x_wconf 90' lang='lat' dir='ltr'><strong>est,</strong></span> <span class='ocrx_word' id='word_1_254' title='bbox 823 3612 913 3667; x_wconf 89' lang='lat' dir='ltr'><strong>sed</strong></span> <span class='ocrx_word' id='word_1_255' title='bbox 946 3628 1031 3667; x_wconf 89' lang='lat' dir='ltr'><strong>res</strong></span> <span class='ocrx_word' id='word_1_256' title='bbox 1057 3620 1181 3664; x_wconf 86' lang='lat' dir='ltr'><strong>sunt</strong></span> <span class='ocrx_word' id='word_1_257' title='bbox 1219 3610 1539 3679; x_wconf 67' lang='lat' dir='ltr'><strong>quaerendae.</strong></span> <span class='ocrx_word' id='word_1_258' title='bbox 1585 3608 1729 3663; x_wconf 74' lang='lat' dir='ltr'><strong>Dixit</strong></span> <span class='ocrx_word' id='word_1_259' title='bbox 1769 3608 1907 3663; x_wconf 84' lang='lat' dir='ltr'><strong>Deus</strong></span> <span class='ocrx_word' id='word_1_260' title='bbox 1939 3626 1957 3663; x_wconf 91' lang='lat'><strong><em>:</em></strong></span> <span class='ocrx_word' id='word_1_261' title='bbox 1982 3610 2117 3665; x_wconf 76' lang='lat' dir='ltr'><strong>(Ion-</strong></span> 
     </span>
    </p>
   </div>
   <div class='ocr_carea' id='block_1_36' title="bbox 534 3702 2116 3779">
    <p class='ocr_par' dir='ltr' id='par_1_36' title="bbox 534 3702 2116 3779">
     <span class='ocr_line' id='line_1_36' title="bbox 534 3702 2116 3779; baseline -0.001 -18"><span class='ocrx_word' id='word_1_262' title='bbox 534 3717 763 3779; x_wconf 79' lang='lat' dir='ltr'><strong>grcgetur</strong></span> <span class='ocrx_word' id='word_1_263' title='bbox 791 3723 943 3777; x_wconf 89' lang='lat' dir='ltr'><strong>aqua.</strong></span> <span class='ocrx_word' id='word_1_264' title='bbox 975 3704 1216 3771; x_wconf 87' lang='lat' dir='ltr'><strong>Quonam</strong></span> <span class='ocrx_word' id='word_1_265' title='bbox 1246 3712 1563 3772; x_wconf 85' lang='lat' dir='ltr'><strong>congregata</strong></span> <span class='ocrx_word' id='word_1_266' title='bbox 1596 3702 1731 3756; x_wconf 83' lang='lat' dir='ltr'><strong>fuit?</strong></span> <span class='ocrx_word' id='word_1_267' title='bbox 1757 3702 1810 3756; x_wconf 90' lang='lat' dir='ltr'><strong>ltt</strong></span> <span class='ocrx_word' id='word_1_268' title='bbox 1840 3719 2005 3760; x_wconf 87' lang='lat' dir='ltr'><strong>mare.</strong></span> <span class='ocrx_word' id='word_1_269' title='bbox 2035 3707 2116 3759; x_wconf 83' lang='lat' dir='ltr'><strong>An</strong></span> 
     </span>
    </p>
   </div>
   <div class='ocr_carea' id='block_1_37' title="bbox 536 3795 2117 3867">
    <p class='ocr_par' dir='ltr' id='par_1_37' title="bbox 536 3795 2117 3867">
     <span class='ocr_line' id='line_1_37' title="bbox 536 3795 2117 3867; baseline -0.002 -13"><span class='ocrx_word' id='word_1_270' title='bbox 536 3816 684 3855; x_wconf 86' lang='lat' dir='ltr'><strong>mare</strong></span> <span class='ocrx_word' id='word_1_271' title='bbox 713 3809 835 3853; x_wconf 90' lang='lat' dir='ltr'><strong>tunc</strong></span> <span class='ocrx_word' id='word_1_272' title='bbox 862 3799 1072 3867; x_wconf 88' lang='lat' dir='ltr'><strong>plenum</strong></span> <span class='ocrx_word' id='word_1_273' title='bbox 1103 3813 1209 3850; x_wconf 89' lang='lat' dir='ltr'><strong>non</strong></span> <span class='ocrx_word' id='word_1_274' title='bbox 1239 3798 1394 3850; x_wconf 84' lang='lat' dir='ltr'><strong>erat?</strong></span> <span class='ocrx_word' id='word_1_275' title='bbox 1418 3795 1578 3849; x_wconf 82' lang='lat' dir='ltr'><strong>Terra</strong></span> <span class='ocrx_word' id='word_1_276' title='bbox 1608 3796 1757 3863; x_wconf 89' lang='lat' dir='ltr'><strong>plena</strong></span> <span class='ocrx_word' id='word_1_277' title='bbox 1778 3806 1913 3857; x_wconf 88' lang='lat' dir='ltr'><strong>erat.</strong></span> <span class='ocrx_word' id='word_1_278' title='bbox 1939 3799 2117 3866; x_wconf 89' lang='lat' dir='ltr'><strong>utique</strong></span> 
     </span>
    </p>
   </div>
   <div class='ocr_carea' id='block_1_38' title="bbox 533 3889 2113 3957">
    <p class='ocr_par' dir='ltr' id='par_1_38' title="bbox 533 3889 2113 3957">
     <span class='ocr_line' id='line_1_38' title="bbox 533 3889 2113 3957; baseline -0.002 -11"><span class='ocrx_word' id='word_1_279' title='bbox 533 3907 665 3946; x_wconf 82' lang='lat' dir='ltr'><strong>sane</strong></span> <span class='ocrx_word' id='word_1_280' title='bbox 692 3903 745 3946; x_wconf 89' lang='lat' dir='ltr'><strong>et</strong></span> <span class='ocrx_word' id='word_1_281' title='bbox 770 3908 933 3945; x_wconf 89' lang='lat' dir='ltr'><strong>mare.</strong></span> <span class='ocrx_word' id='word_1_282' title='bbox 962 3892 1203 3955; x_wconf 80' lang='lat' dir='ltr'><strong>Quonam</strong></span> <span class='ocrx_word' id='word_1_283' title='bbox 1233 3889 1391 3957; x_wconf 81' lang='lat' dir='ltr'><strong>igitur</strong></span> <span class='ocrx_word' id='word_1_284' title='bbox 1418 3898 1736 3957; x_wconf 85' lang='lat' dir='ltr'><strong>congregata</strong></span> <span class='ocrx_word' id='word_1_285' title='bbox 1764 3892 1881 3943; x_wconf 84' lang='lat' dir='ltr'><strong>est?</strong></span> <span class='ocrx_word' id='word_1_286' title='bbox 1908 3891 2004 3956; x_wconf 82' lang='lat' dir='ltr'><strong>Qui</strong></span> <span class='ocrx_word' id='word_1_287' title='bbox 2028 3890 2113 3945; x_wconf 90' lang='lat' dir='ltr'><strong>illa</strong></span> 
     </span>
    </p>
   </div>
   <div class='ocr_carea' id='block_1_39' title="bbox 535 3980 2117 4053">
    <p class='ocr_par' dir='ltr' id='par_1_39' title="bbox 535 3980 2117 4053">
     <span class='ocr_line' id='line_1_39' title="bbox 535 3980 2117 4053; baseline 0.001 -17"><span class='ocrx_word' id='word_1_288' title='bbox 535 4001 654 4053; x_wconf 70' lang='lat' dir='ltr'><strong>qua:</strong></span> <span class='ocrx_word' id='word_1_289' title='bbox 682 3984 732 4037; x_wconf 89' lang='lat' dir='ltr'><strong>in</strong></span> <span class='ocrx_word' id='word_1_290' title='bbox 758 3984 978 4051; x_wconf 91' lang='lat' dir='ltr'><strong>pedibus</strong></span> <span class='ocrx_word' id='word_1_291' title='bbox 1008 3983 1224 4045; x_wconf 83' lang='lat' dir='ltr'><strong>habent,</strong></span> <span class='ocrx_word' id='word_1_292' title='bbox 1250 3997 1472 4050; x_wconf 70' lang='lat' dir='ltr'><strong>qumque</strong></span> <span class='ocrx_word' id='word_1_293' title='bbox 1493 3980 1737 4035; x_wconf 88' lang='lat' dir='ltr'><strong>videntur</strong></span> <span class='ocrx_word' id='word_1_294' title='bbox 1765 3997 1869 4035; x_wconf 89' lang='lat' dir='ltr'><strong>non</strong></span> <span class='ocrx_word' id='word_1_295' title='bbox 1898 3992 2117 4050; x_wconf 90' lang='lat' dir='ltr'><strong>possunt</strong></span> 
     </span>
    </p>
   </div>
   <div class='ocr_carea' id='block_1_40' title="bbox 534 4071 2112 4144">
    <p class='ocr_par' dir='ltr' id='par_1_40' title="bbox 534 4071 2112 4144">
     <span class='ocr_line' id='line_1_40' title="bbox 534 4071 2112 4144; baseline -0.001 -17"><span class='ocrx_word' id='word_1_296' title='bbox 534 4089 746 4144; x_wconf 88' lang='lat' dir='ltr'><strong>capere,</strong></span> <span class='ocrx_word' id='word_1_297' title='bbox 769 4073 1160 4127; x_wconf 90' lang='lat' dir='ltr'><strong>inscrutabilem</strong></span> <span class='ocrx_word' id='word_1_298' title='bbox 1182 4071 1512 4124; x_wconf 89' lang='lat' dir='ltr'><strong>altitudinem</strong></span> <span class='ocrx_word' id='word_1_299' title='bbox 1541 4072 1754 4125; x_wconf 89' lang='lat' dir='ltr'><strong>curiose</strong></span> <span class='ocrx_word' id='word_1_300' title='bbox 1780 4074 2112 4141; x_wconf 89' lang='lat' dir='ltr'><strong>perquirunt,</strong></span> 
     </span>
    </p>
   </div>
   <div class='ocr_carea' id='block_1_41' title="bbox 535 4161 2116 4235">
    <p class='ocr_par' dir='ltr' id='par_1_41' title="bbox 535 4161 2116 4235">
     <span class='ocr_line' id='line_1_41' title="bbox 535 4161 2116 4235; baseline -0.001 -15"><span class='ocrx_word' id='word_1_301' title='bbox 535 4178 590 4221; x_wconf 91' lang='lat' dir='ltr'><strong>et</strong></span> <span class='ocrx_word' id='word_1_302' title='bbox 633 4165 1220 4235; x_wconf 89' lang='lat' dir='ltr'><strong>incomprehensibilem</strong></span> <span class='ocrx_word' id='word_1_303' title='bbox 1268 4162 1562 4216; x_wconf 83' lang='lat' dir='ltr'><strong>divinitatis</strong></span> <span class='ocrx_word' id='word_1_304' title='bbox 1605 4161 1889 4233; x_wconf 87' lang='lat' dir='ltr'><strong>abyssum,</strong></span> <span class='ocrx_word' id='word_1_305' title='bbox 1942 4180 2116 4234; x_wconf 89' lang='lat' dir='ltr'><strong>neque</strong></span> 
     </span>
    </p>
   </div>
   <div class='ocr_carea' id='block_1_42' title="bbox 536 4253 2114 4326">
    <p class='ocr_par' dir='ltr' id='par_1_42' title="bbox 536 4253 2114 4326">
     <span class='ocr_line' id='line_1_42' title="bbox 536 4253 2114 4326; baseline -0.001 -15"><span class='ocrx_word' id='word_1_306' title='bbox 536 4274 684 4311; x_wconf 88' lang='lat' dir='ltr'><strong>mare</strong></span> <span class='ocrx_word' id='word_1_307' title='bbox 706 4298 720 4323; x_wconf 91' lang='lat'><strong>,</strong></span> <span class='ocrx_word' id='word_1_308' title='bbox 769 4256 908 4326; x_wconf 90' lang='lat' dir='ltr'><strong>quod</strong></span> <span class='ocrx_word' id='word_1_309' title='bbox 937 4266 1015 4309; x_wconf 71' lang='lat' dir='ltr'><strong>est</strong></span> <span class='ocrx_word' id='word_1_310' title='bbox 1057 4253 1591 4323; x_wconf 86' lang='lat' dir='ltr'><strong>incomprehensibile</strong></span> <span class='ocrx_word' id='word_1_311' title='bbox 1612 4294 1626 4318; x_wconf 85' lang='lat'><strong>,</strong></span> <span class='ocrx_word' id='word_1_312' title='bbox 1663 4254 1897 4309; x_wconf 88' lang='lat' dir='ltr'><strong>deterret</strong></span> <span class='ocrx_word' id='word_1_313' title='bbox 1925 4271 2019 4309; x_wconf 88' lang='lat' dir='ltr'><strong>eos</strong></span> <span class='ocrx_word' id='word_1_314' title='bbox 2048 4255 2114 4310; x_wconf 91' lang='lat' dir='ltr'><strong>ab</strong></span> 
     </span>
    </p>
   </div>
   <div class='ocr_carea' id='block_1_43' title="bbox 534 4343 2110 4418">
    <p class='ocr_par' dir='ltr' id='par_1_43' title="bbox 534 4343 2110 4418">
     <span class='ocr_line' id='line_1_43' title="bbox 534 4343 2110 4418; baseline -0.001 -17"><span class='ocrx_word' id='word_1_315' title='bbox 534 4349 860 4418; x_wconf 74' lang='lat' dir='ltr'><strong>explorando</strong></span> <span class='ocrx_word' id='word_1_316' title='bbox 899 4348 1135 4400; x_wconf 82' lang='lat' dir='ltr'><strong>At&#39;tiﬁce.</strong></span> <span class='ocrx_word' id='word_1_317' title='bbox 1184 4344 1304 4397; x_wconf 87' lang='lat' dir='ltr'><strong>ideo</strong></span> <span class='ocrx_word' id='word_1_318' title='bbox 1331 4343 1596 4399; x_wconf 78' lang='lat' dir='ltr'><strong>haereticis</strong></span> <span class='ocrx_word' id='word_1_319' title='bbox 1635 4344 1776 4399; x_wconf 87' lang='lat' dir='ltr'><strong>dicat</strong></span> <span class='ocrx_word' id='word_1_320' title='bbox 1813 4347 2110 4415; x_wconf 85' lang='lat' dir='ltr'><strong>propheta:</strong></span> 
     </span>
    </p>
   </div>
   <div class='ocr_carea' id='block_1_44' title="bbox 534 4435 2112 4505">
    <p class='ocr_par' dir='ltr' id='par_1_44' title="bbox 534 4435 2112 4505">
     <span class='ocr_line' id='line_1_44' title="bbox 534 4435 2112 4505; baseline -0.001 -12"><span class='ocrx_word' id='word_1_321' title='bbox 534 4438 867 4494; x_wconf 86' lang='lat' dir='ltr'><strong>Erubescant</strong></span> <span class='ocrx_word' id='word_1_322' title='bbox 915 4437 1191 4501; x_wconf 63' lang='lat' dir='ltr'><strong>haeretici,</strong></span> <span class='ocrx_word' id='word_1_323' title='bbox 1243 4435 1377 4489; x_wconf 72' lang='lat' dir='ltr'><strong>dixit</strong></span> <span class='ocrx_word' id='word_1_324' title='bbox 1434 4450 1619 4499; x_wconf 83' lang='lat' dir='ltr'><strong>mare;</strong></span> <span class='ocrx_word' id='word_1_325' title='bbox 1668 4437 2112 4505; x_wconf 86' lang='lat' dir='ltr'><strong>quemadmodum</strong></span> 
     </span>
    </p>
   </div>
   <div class='ocr_carea' id='block_1_45' title="bbox 533 4526 2114 4599">
    <p class='ocr_par' dir='ltr' id='par_1_45' title="bbox 533 4526 2114 4599">
     <span class='ocr_line' id='line_1_45' title="bbox 533 4526 2114 4599; baseline 0 -15"><span class='ocrx_word' id='word_1_326' title='bbox 533 4531 702 4585; x_wconf 76' lang='lat' dir='ltr'><strong>dixit:</strong></span> <span class='ocrx_word' id='word_1_327' title='bbox 729 4528 1187 4594; x_wconf 78' lang='lat' dir='ltr'><strong>Erubesce,Sidon,</strong></span> <span class='ocrx_word' id='word_1_328' title='bbox 1208 4528 1335 4581; x_wconf 74' lang='lat' dir='ltr'><strong>dixit</strong></span> <span class='ocrx_word' id='word_1_329' title='bbox 1364 4544 1499 4579; x_wconf 83' lang='lat' dir='ltr'><strong>mare</strong></span> <span class='ocrx_word' id='word_1_330' title='bbox 1519 4530 1534 4557; x_wconf 83' lang='grc'>¹</span> <span class='ocrx_word' id='word_1_331' title='bbox 1572 4526 1720 4597; x_wconf 88' lang='lat' dir='ltr'><strong>(Isai.</strong></span> <span class='ocrx_word' id='word_1_332' title='bbox 1752 4528 1842 4583; x_wconf 70' lang='grc'><strong>25.</strong></span> <span class='ocrx_word' id='word_1_333' title='bbox 1869 4530 1948 4599; x_wconf 79' lang='grc'><strong>4).</strong></span> <span class='ocrx_word' id='word_1_334' title='bbox 1972 4530 2114 4597; x_wconf 86' lang='lat' dir='ltr'><strong>Quo-</strong></span> 
     </span>
    </p>
   </div>
   <div class='ocr_carea' id='block_1_46' title="bbox 534 4623 2113 4693">
    <p class='ocr_par' dir='ltr' id='par_1_46' title="bbox 534 4623 2113 4693">
     <span class='ocr_line' id='line_1_46' title="bbox 534 4623 2113 4693; baseline 0.002 -18"><span class='ocrx_word' id='word_1_335' title='bbox 534 4639 659 4676; x_wconf 89' lang='lat' dir='ltr'><strong>nam</strong></span> <span class='ocrx_word' id='word_1_336' title='bbox 687 4624 843 4691; x_wconf 79' lang='lat' dir='ltr'><strong>igitur</strong></span> <span class='ocrx_word' id='word_1_337' title='bbox 867 4623 985 4677; x_wconf 93' lang='lat' dir='ltr'><strong>loco</strong></span> <span class='ocrx_word' id='word_1_338' title='bbox 1007 4633 1340 4693; x_wconf 76' lang='lat' dir='ltr'><strong>congregata:</strong></span> <span class='ocrx_word' id='word_1_339' title='bbox 1370 4632 1493 4675; x_wconf 91' lang='lat' dir='ltr'><strong>sunt</strong></span> <span class='ocrx_word' id='word_1_340' title='bbox 1522 4623 1716 4691; x_wconf 73' lang='lat' dir='ltr'><strong>aqute?</strong></span> <span class='ocrx_word' id='word_1_341' title='bbox 1744 4623 1899 4677; x_wconf 86' lang='lat' dir='ltr'><strong>Audi.</strong></span> <span class='ocrx_word' id='word_1_342' title='bbox 1931 4624 2113 4691; x_wconf 86' lang='lat' dir='ltr'><strong>Quatt-</strong></span> 
     </span>
    </p>
   </div>
   <div class='ocr_carea' id='block_1_47' title="bbox 534 4714 2111 4779">
    <p class='ocr_par' dir='ltr' id='par_1_47' title="bbox 534 4714 2111 4779">
     <span class='ocr_line' id='line_1_47' title="bbox 534 4714 2111 4779; baseline 0 -11"><span class='ocrx_word' id='word_1_343' title='bbox 534 4714 605 4768; x_wconf 87' lang='lat' dir='ltr'><strong>do</strong></span> <span class='ocrx_word' id='word_1_344' title='bbox 633 4725 826 4768; x_wconf 88' lang='lat' dir='ltr'><strong>terram</strong></span> <span class='ocrx_word' id='word_1_345' title='bbox 855 4714 980 4768; x_wconf 76' lang='lat' dir='ltr'><strong>fecit</strong></span> <span class='ocrx_word' id='word_1_346' title='bbox 1011 4716 1146 4769; x_wconf 91' lang='lat' dir='ltr'><strong>Deus</strong></span> <span class='ocrx_word' id='word_1_347' title='bbox 1168 4756 1182 4779; x_wconf 90' lang='lat'><strong>,</strong></span> <span class='ocrx_word' id='word_1_348' title='bbox 1229 4717 1461 4769; x_wconf 90' lang='lat' dir='ltr'><strong>nondum</strong></span> <span class='ocrx_word' id='word_1_349' title='bbox 1492 4725 1639 4769; x_wconf 89' lang='lat' dir='ltr'><strong>erant</strong></span> <span class='ocrx_word' id='word_1_350' title='bbox 1683 4730 1912 4769; x_wconf 82' lang='lat' dir='ltr'><strong>concava</strong></span> <span class='ocrx_word' id='word_1_351' title='bbox 1957 4733 2111 4769; x_wconf 91' lang='lat' dir='ltr'><strong>mou-</strong></span> 
     </span>
    </p>
   </div>
   <div class='ocr_carea' id='block_1_48' title="bbox 537 4805 2110 4875">
    <p class='ocr_par' dir='ltr' id='par_1_48' title="bbox 537 4805 2110 4875">
     <span class='ocr_line' id='line_1_48' title="bbox 537 4805 2110 4875; baseline 0.001 -16"><span class='ocrx_word' id='word_1_352' title='bbox 537 4808 701 4871; x_wconf 87' lang='lat' dir='ltr'><strong>tium;</strong></span> <span class='ocrx_word' id='word_1_353' title='bbox 732 4805 823 4859; x_wconf 88' lang='lat' dir='ltr'><strong>sed</strong></span> <span class='ocrx_word' id='word_1_354' title='bbox 855 4806 1012 4859; x_wconf 90' lang='lat' dir='ltr'><strong>simul</strong></span> <span class='ocrx_word' id='word_1_355' title='bbox 1038 4815 1197 4875; x_wconf 90' lang='lat' dir='ltr'><strong>atque</strong></span> <span class='ocrx_word' id='word_1_356' title='bbox 1218 4806 1379 4871; x_wconf 77' lang='lat' dir='ltr'><strong>dixit,</strong></span> <span class='ocrx_word' id='word_1_357' title='bbox 1412 4805 1753 4875; x_wconf 84' lang='lat' dir='ltr'><strong>Congregctur</strong></span> <span class='ocrx_word' id='word_1_358' title='bbox 1778 4823 1941 4873; x_wconf 77' lang='lat' dir='ltr'><strong>aqua,</strong></span> <span class='ocrx_word' id='word_1_359' title='bbox 1972 4816 2110 4862; x_wconf 89' lang='lat' dir='ltr'><strong>terra</strong></span> 
     </span>
    </p>
   </div>
   <div class='ocr_carea' id='block_1_49' title="bbox 533 4897 2109 4967">
    <p class='ocr_par' dir='ltr' id='par_1_49' title="bbox 533 4897 2109 4967">
     <span class='ocr_line' id='line_1_49' title="bbox 533 4897 2109 4967; baseline -0.001 -14"><span class='ocrx_word' id='word_1_360' title='bbox 533 4898 747 4967; x_wconf 88' lang='lat' dir='ltr'><strong>dirupta</strong></span> <span class='ocrx_word' id='word_1_361' title='bbox 772 4907 855 4951; x_wconf 89' lang='lat' dir='ltr'><strong>est</strong></span> <span class='ocrx_word' id='word_1_362' title='bbox 880 4938 894 4961; x_wconf 89' lang='lat'><strong>,</strong></span> <span class='ocrx_word' id='word_1_363' title='bbox 926 4912 987 4951; x_wconf 89' lang='lat' dir='ltr'><strong>ac</strong></span> <span class='ocrx_word' id='word_1_364' title='bbox 1024 4898 1171 4951; x_wconf 83' lang='lat' dir='ltr'><strong>sinus</strong></span> <span class='ocrx_word' id='word_1_365' title='bbox 1202 4897 1342 4952; x_wconf 83' lang='lat' dir='ltr'><strong>fecit.</strong></span> <span class='ocrx_word' id='word_1_366' title='bbox 1374 4898 1501 4964; x_wconf 83' lang='lat' dir='ltr'><strong>Qua:</strong></span> <span class='ocrx_word' id='word_1_367' title='bbox 1530 4914 1614 4951; x_wconf 89' lang='lat' dir='ltr'><strong>res</strong></span> <span class='ocrx_word' id='word_1_368' title='bbox 1643 4906 2109 4964; x_wconf 86' lang='lat' dir='ltr'><strong>commoustratur,</strong></span> 
     </span>
    </p>
   </div>
   <div class='ocr_carea' id='block_1_50' title="bbox 536 4988 2113 5061">
    <p class='ocr_par' dir='ltr' id='par_1_50' title="bbox 536 4988 2113 5061">
     <span class='ocr_line' id='line_1_50' title="bbox 536 4988 2113 5061; baseline -0.001 -16"><span class='ocrx_word' id='word_1_369' title='bbox 536 5007 727 5061; x_wconf 80' lang='lat' dir='ltr'><strong>nempe</strong></span> <span class='ocrx_word' id='word_1_370' title='bbox 751 4990 891 5060; x_wconf 91' lang='lat' dir='ltr'><strong>quod</strong></span> <span class='ocrx_word' id='word_1_371' title='bbox 920 4998 1060 5044; x_wconf 87' lang='lat' dir='ltr'><strong>terra</strong></span> <span class='ocrx_word' id='word_1_372' title='bbox 1086 4989 1291 5058; x_wconf 89' lang='lat' dir='ltr'><strong>dirupta</strong></span> <span class='ocrx_word' id='word_1_373' title='bbox 1326 4988 1508 5054; x_wconf 83' lang='lat' dir='ltr'><strong>fuerit,</strong></span> <span class='ocrx_word' id='word_1_374' title='bbox 1536 5006 1599 5043; x_wconf 77' lang='lat' dir='ltr'><strong>ex</strong></span> <span class='ocrx_word' id='word_1_375' title='bbox 1629 4989 1813 5043; x_wconf 91' lang='lat' dir='ltr'><strong>insulis</strong></span> <span class='ocrx_word' id='word_1_376' title='bbox 1836 4999 1890 5043; x_wconf 85' lang='lat' dir='ltr'><strong>et</strong></span> <span class='ocrx_word' id='word_1_377' title='bbox 1918 4991 2113 5043; x_wconf 86' lang='lat' dir='ltr'><strong>monti-</strong></span> 
     </span>
    </p>
   </div>
   <div class='ocr_carea' id='block_1_51' title="bbox 536 5081 2115 5151">
    <p class='ocr_par' dir='ltr' id='par_1_51' title="bbox 536 5081 2115 5151">
     <span class='ocr_line' id='line_1_51' title="bbox 536 5081 2115 5151; baseline -0.001 -13"><span class='ocrx_word' id='word_1_378' title='bbox 536 5084 634 5139; x_wconf 90' lang='lat' dir='ltr'><strong>bus</strong></span> <span class='ocrx_word' id='word_1_379' title='bbox 660 5083 785 5137; x_wconf 90' lang='lat' dir='ltr'><strong>hinc</strong></span> <span class='ocrx_word' id='word_1_380' title='bbox 806 5082 929 5137; x_wconf 91' lang='lat' dir='ltr'><strong>inde</strong></span> <span class='ocrx_word' id='word_1_381' title='bbox 954 5081 1156 5151; x_wconf 89' lang='lat' dir='ltr'><strong>positis.</strong></span> <span class='ocrx_word' id='word_1_382' title='bbox 1190 5082 1416 5151; x_wconf 87' lang='lat' dir='ltr'><strong>Ideoque</strong></span> <span class='ocrx_word' id='word_1_383' title='bbox 1442 5081 1653 5149; x_wconf 88' lang='lat' dir='ltr'><strong>reliquit</strong></span> <span class='ocrx_word' id='word_1_384' title='bbox 1682 5081 1820 5134; x_wconf 91' lang='lat' dir='ltr'><strong>Deus</strong></span> <span class='ocrx_word' id='word_1_385' title='bbox 1842 5081 2038 5136; x_wconf 90' lang='lat' dir='ltr'><strong>insulas</strong></span> <span class='ocrx_word' id='word_1_386' title='bbox 2059 5092 2115 5137; x_wconf 91' lang='lat' dir='ltr'><strong>et</strong></span> 
     </span>
    </p>
   </div>
   <div class='ocr_carea' id='block_1_52' title="bbox 536 5173 2110 5243">
    <p class='ocr_par' dir='ltr' id='par_1_52' title="bbox 536 5173 2110 5243">
     <span class='ocr_line' id='line_1_52' title="bbox 536 5173 2110 5243; baseline -0.001 -12"><span class='ocrx_word' id='word_1_387' title='bbox 536 5187 780 5242; x_wconf 88' lang='lat' dir='ltr'><strong>montes,</strong></span> <span class='ocrx_word' id='word_1_388' title='bbox 831 5184 891 5230; x_wconf 88' lang='lat' dir='ltr'><strong>ut</strong></span> <span class='ocrx_word' id='word_1_389' title='bbox 930 5174 1104 5229; x_wconf 88' lang='lat' dir='ltr'><strong>discas</strong></span> <span class='ocrx_word' id='word_1_390' title='bbox 1133 5188 1195 5227; x_wconf 89' lang='lat' dir='ltr'><strong>ea</strong></span> <span class='ocrx_word' id='word_1_391' title='bbox 1230 5189 1257 5227; x_wconf 93' lang='lat' dir='ltr'><strong>a</strong></span> <span class='ocrx_word' id='word_1_392' title='bbox 1300 5173 1557 5242; x_wconf 82' lang='lat' dir='ltr'><strong>principio</strong></span> <span class='ocrx_word' id='word_1_393' title='bbox 1586 5173 1863 5243; x_wconf 82' lang='lat' dir='ltr'><strong>conjuncta</strong></span> <span class='ocrx_word' id='word_1_394' title='bbox 1904 5173 2065 5229; x_wconf 81' lang='lat' dir='ltr'><strong>fuisse</strong></span> <span class='ocrx_word' id='word_1_395' title='bbox 2094 5192 2110 5230; x_wconf 92' lang='lat'><strong>:</strong></span> 
     </span>
    </p>
   </div>
   <div class='ocr_carea' id='block_1_53' title="bbox 537 5262 2110 5334">
    <p class='ocr_par' dir='ltr' id='par_1_53' title="bbox 537 5262 2110 5334">
     <span class='ocr_line' id='line_1_53' title="bbox 537 5262 2110 5334; baseline -0.004 -11"><span class='ocrx_word' id='word_1_396' title='bbox 537 5270 628 5323; x_wconf 87' lang='lat' dir='ltr'><strong>Dei</strong></span> <span class='ocrx_word' id='word_1_397' title='bbox 654 5277 830 5323; x_wconf 88' lang='lat' dir='ltr'><strong>atttem</strong></span> <span class='ocrx_word' id='word_1_398' title='bbox 853 5266 1072 5320; x_wconf 84' lang='lat' dir='ltr'><strong>verbum</strong></span> <span class='ocrx_word' id='word_1_399' title='bbox 1101 5263 1217 5318; x_wconf 68' lang='lat' dir='ltr'><strong>htec</strong></span> <span class='ocrx_word' id='word_1_400' title='bbox 1246 5264 1561 5332; x_wconf 81' lang='lat' dir='ltr'><strong>segregavit.</strong></span> <span class='ocrx_word' id='word_1_401' title='bbox 1591 5262 1930 5332; x_wconf 84' lang='lat' dir='ltr'><strong>Congregetur</strong></span> <span class='ocrx_word' id='word_1_402' title='bbox 1958 5281 2110 5334; x_wconf 87' lang='lat' dir='ltr'><strong>aqua,</strong></span> 
     </span>
    </p>
   </div>
   <div class='ocr_carea' id='block_1_54' title="bbox 536 5354 2114 5424">
    <p class='ocr_par' dir='ltr' id='par_1_54' title="bbox 536 5354 2114 5424">
     <span class='ocr_line' id='line_1_54' title="bbox 536 5354 2114 5424; baseline -0.001 -11"><span class='ocrx_word' id='word_1_403' title='bbox 536 5360 727 5414; x_wconf 90' lang='lat' dir='ltr'><strong>nudata</strong></span> <span class='ocrx_word' id='word_1_404' title='bbox 755 5368 837 5413; x_wconf 91' lang='lat' dir='ltr'><strong>est</strong></span> <span class='ocrx_word' id='word_1_405' title='bbox 866 5366 1027 5412; x_wconf 89' lang='lat' dir='ltr'><strong>terra.</strong></span> <span class='ocrx_word' id='word_1_406' title='bbox 1053 5354 1338 5411; x_wconf 84' lang='lat' dir='ltr'><strong>Sciendum</strong></span> <span class='ocrx_word' id='word_1_407' title='bbox 1369 5366 1582 5420; x_wconf 88' lang='lat' dir='ltr'><strong>autem,</strong></span> <span class='ocrx_word' id='word_1_408' title='bbox 1634 5364 1827 5408; x_wconf 89' lang='lat' dir='ltr'><strong>terram</strong></span> <span class='ocrx_word' id='word_1_409' title='bbox 1853 5397 1866 5419; x_wconf 89' lang='lat'><strong>,</strong></span> <span class='ocrx_word' id='word_1_410' title='bbox 1894 5373 2011 5424; x_wconf 75' lang='lat' dir='ltr'><strong>qua:</strong></span> <span class='ocrx_word' id='word_1_411' title='bbox 2038 5358 2114 5411; x_wconf 89' lang='lat' dir='ltr'><strong>sic</strong></span> 
     </span>
    </p>
   </div>
   <div class='ocr_carea' id='block_1_55' title="bbox 534 5447 2113 5519">
    <p class='ocr_par' dir='ltr' id='par_1_55' title="bbox 534 5447 2113 5519">
     <span class='ocr_line' id='line_1_55' title="bbox 534 5447 2113 5519; baseline 0 -18"><span class='ocrx_word' id='word_1_412' title='bbox 534 5450 693 5505; x_wconf 85' lang='lat' dir='ltr'><strong>itodie</strong></span> <span class='ocrx_word' id='word_1_413' title='bbox 722 5450 1047 5519; x_wconf 87' lang='lat' dir='ltr'><strong>appellatur,</strong></span> <span class='ocrx_word' id='word_1_414' title='bbox 1076 5464 1103 5501; x_wconf 91' lang='lat' dir='ltr'><strong>a</strong></span> <span class='ocrx_word' id='word_1_415' title='bbox 1132 5448 1239 5501; x_wconf 89' lang='lat' dir='ltr'><strong>Deo</strong></span> <span class='ocrx_word' id='word_1_416' title='bbox 1266 5461 1367 5500; x_wconf 88' lang='lat' dir='ltr'><strong>nec</strong></span> <span class='ocrx_word' id='word_1_417' title='bbox 1408 5456 1599 5499; x_wconf 84' lang='lat' dir='ltr'><strong>terram</strong></span> <span class='ocrx_word' id='word_1_418' title='bbox 1632 5460 1749 5498; x_wconf 87' lang='lat' dir='ltr'><strong>esse</strong></span> <span class='ocrx_word' id='word_1_419' title='bbox 1777 5447 1985 5511; x_wconf 84' lang='lat' dir='ltr'><strong>iactatu,</strong></span> <span class='ocrx_word' id='word_1_420' title='bbox 2020 5464 2113 5501; x_wconf 89' lang='lat' dir='ltr'><strong>ne-</strong></span> 
     </span>
    </p>
   </div>
   <div class='ocr_carea' id='block_1_56' title="bbox 536 5538 2114 5610">
    <p class='ocr_par' dir='ltr' id='par_1_56' title="bbox 536 5538 2114 5610">
     <span class='ocr_line' id='line_1_56' title="bbox 536 5538 2114 5610; baseline 0.001 -17"><span class='ocrx_word' id='word_1_421' title='bbox 536 5558 639 5610; x_wconf 87' lang='lat' dir='ltr'><strong>que</strong></span> <span class='ocrx_word' id='word_1_422' title='bbox 660 5541 761 5596; x_wconf 88' lang='lat' dir='ltr'><strong>hoc</strong></span> <span class='ocrx_word' id='word_1_423' title='bbox 788 5542 1000 5595; x_wconf 89' lang='lat' dir='ltr'><strong>nomine</strong></span> <span class='ocrx_word' id='word_1_424' title='bbox 1036 5552 1278 5595; x_wconf 89' lang='lat' dir='ltr'><strong>vocatam</strong></span> <span class='ocrx_word' id='word_1_425' title='bbox 1314 5557 1326 5592; x_wconf 91' lang='lat'>:</span> <span class='ocrx_word' id='word_1_426' title='bbox 1356 5538 1449 5592; x_wconf 90' lang='lat' dir='ltr'><strong>sed</strong></span> <span class='ocrx_word' id='word_1_427' title='bbox 1471 5553 1501 5591; x_wconf 90' lang='lat' dir='ltr'><strong>a</strong></span> <span class='ocrx_word' id='word_1_428' title='bbox 1533 5538 1789 5607; x_wconf 90' lang='lat' dir='ltr'><strong>principio</strong></span> <span class='ocrx_word' id='word_1_429' title='bbox 1830 5539 2114 5594; x_wconf 86' lang='lat' dir='ltr'><strong>creatiouis</strong></span> 
     </span>
    </p>
   </div>
   <div class='ocr_carea' id='block_1_57' title="bbox 538 5629 2113 5702">
    <p class='ocr_par' dir='ltr' id='par_1_57' title="bbox 538 5629 2113 5702">
     <span class='ocr_line' id='line_1_57' title="bbox 538 5629 2113 5702; baseline -0.001 -15"><span class='ocrx_word' id='word_1_430' title='bbox 538 5649 732 5687; x_wconf 90' lang='lat' dir='ltr'><strong>nomen</strong></span> <span class='ocrx_word' id='word_1_431' title='bbox 754 5636 871 5702; x_wconf 91' lang='lat' dir='ltr'><strong>ejus</strong></span> <span class='ocrx_word' id='word_1_432' title='bbox 893 5632 1340 5697; x_wconf 78' lang='lat' dir='ltr'><strong>fuisse,arida,ut</strong></span> <span class='ocrx_word' id='word_1_433' title='bbox 1362 5631 1434 5684; x_wconf 89' lang='lat' dir='ltr'><strong>ait</strong></span> <span class='ocrx_word' id='word_1_434' title='bbox 1458 5629 1618 5683; x_wconf 86' lang='lat' dir='ltr'><strong>David</strong></span> <span class='ocrx_word' id='word_1_435' title='bbox 1646 5648 1658 5683; x_wconf 91' lang='lat'><strong>:</strong></span> <span class='ocrx_word' id='word_1_436' title='bbox 1684 5630 1932 5697; x_wconf 82' lang='lat' dir='ltr'><strong>Quoniam</strong></span> <span class='ocrx_word' id='word_1_437' title='bbox 1959 5632 2113 5700; x_wconf 85' lang='lat' dir='ltr'><strong>ipsius</strong></span> 
     </span>
    </p>
   </div>
   <div class='ocr_carea' id='block_1_58' title="bbox 597 5741 2112 5805">
    <p class='ocr_par' dir='ltr' id='par_1_58' title="bbox 597 5741 2112 5805">
     <span class='ocr_line' id='line_1_58' title="bbox 597 5741 2112 5805; baseline 0.001 -15"><span class='ocrx_word' id='word_1_438' title='bbox 597 5745 612 5774; x_wconf 87' lang='grc'>¹</span> <span class='ocrx_word' id='word_1_439' title='bbox 644 5750 788 5805; x_wconf 19' lang='grc' dir='ltr'><strong>νιιτρο,</strong></span> <span class='ocrx_word' id='word_1_440' title='bbox 813 5743 1215 5805; x_wconf 79' lang='lat' dir='ltr'><strong>quemadmodum</strong></span> <span class='ocrx_word' id='word_1_441' title='bbox 1251 5742 1481 5791; x_wconf 85' lang='lat' dir='ltr'><strong>di.rit.....</strong></span> <span class='ocrx_word' id='word_1_442' title='bbox 1510 5741 1639 5794; x_wconf 68' lang='lat' dir='ltr'><strong>dixit</strong></span> <span class='ocrx_word' id='word_1_443' title='bbox 1678 5756 1838 5805; x_wconf 85' lang='lat' dir='ltr'><strong>nutre,</strong></span> <span class='ocrx_word' id='word_1_444' title='bbox 1870 5756 2033 5805; x_wconf 86' lang='lat' dir='ltr'><strong>neque</strong></span> <span class='ocrx_word' id='word_1_445' title='bbox 2064 5743 2112 5793; x_wconf 92' lang='lat' dir='ltr'><strong>in</strong></span> 
     </span>
    </p>
   </div>
   <div class='ocr_carea' id='block_1_59' title="bbox 533 5804 1481 5867">
    <p class='ocr_par' dir='ltr' id='par_1_59' title="bbox 533 5804 1481 5867">
     <span class='ocr_line' id='line_1_59' title="bbox 533 5804 1481 5867; baseline 0.003 -16"><span class='ocrx_word' id='word_1_446' title='bbox 533 5804 673 5863; x_wconf 72' lang='lat' dir='ltr'><strong>savil.</strong></span> <span class='ocrx_word' id='word_1_447' title='bbox 700 5804 862 5867; x_wconf 81' lang='lat' dir='ltr'><strong>neque</strong></span> <span class='ocrx_word' id='word_1_448' title='bbox 889 5808 934 5852; x_wconf 91' lang='lat' dir='ltr'><strong>in</strong></span> <span class='ocrx_word' id='word_1_449' title='bbox 954 5805 1207 5867; x_wconf 73' lang='lat' dir='ltr'><strong>Gotnheﬁs.</strong></span> <span class='ocrx_word' id='word_1_450' title='bbox 1236 5805 1481 5867; x_wconf 76' lang='lat' dir='ltr'><strong>leguntur.</strong></span> 
     </span>
    </p>
   </div>
   <div class='ocr_carea' id='block_1_60' title="bbox 598 5866 1273 5927">
    <p class='ocr_par' dir='ltr' id='par_1_60' title="bbox 598 5866 1273 5927">
     <span class='ocr_line' id='line_1_60' title="bbox 598 5866 1273 5927; baseline -0.001 -13"><span class='ocrx_word' id='word_1_451' title='bbox 598 5867 671 5927; x_wconf 70' lang='lat' dir='ltr'><strong>(ai</strong></span> <span class='ocrx_word' id='word_1_452' title='bbox 705 5867 777 5916; x_wconf 76' lang='lat' dir='ltr'><strong>sic</strong></span> <span class='ocrx_word' id='word_1_453' title='bbox 796 5866 976 5917; x_wconf 87' lang='lat' dir='ltr'><strong>desinit</strong></span> <span class='ocrx_word' id='word_1_454' title='bbox 1002 5866 1273 5915; x_wconf 69' lang='lat' dir='ltr'><strong>Vaticanus.</strong></span> 
     </span>
    </p>
   </div>
   <div class='ocr_carea' id='block_1_61' title="bbox 1995 392 2357 448">
    <p class='ocr_par' dir='ltr' id='par_1_61' title="bbox 1995 392 2357 448">
     <span class='ocr_line' id='line_1_61' title="bbox 1995 392 2357 448; baseline 0.003 -2"><span class='ocrx_word' id='word_1_455' title='bbox 1995 392 2357 448; x_wconf 70' lang='lat' dir='ltr'><strong>SEVERIANI</strong></span> 
     </span>
    </p>
   </div>
   <div class='ocr_carea' id='block_1_62' title="bbox 3705 402 3812 457">
    <p class='ocr_par' dir='ltr' id='par_1_62' title="bbox 3705 402 3812 457">
     <span class='ocr_line' id='line_1_62' title="bbox 3705 402 3812 457; baseline 0.019 -2"><span class='ocrx_word' id='word_1_456' title='bbox 3705 402 3812 457; x_wconf 67' lang='lat'><strong>“8</strong></span> 
     </span>
    </p>
   </div>
   <div class='ocr_carea' id='block_1_63' title="bbox 2236 506 3815 577">
    <p class='ocr_par' dir='ltr' id='par_1_63' title="bbox 2236 506 3815 577">
     <span class='ocr_line' id='line_1_63' title="bbox 2236 506 3815 577; baseline 0.004 -18"><span class='ocrx_word' id='word_1_457' title='bbox 2236 516 2309 559; x_wconf 81' lang='lat' dir='ltr'><strong>est</strong></span> <span class='ocrx_word' id='word_1_458' title='bbox 2339 522 2495 569; x_wconf 87' lang='lat' dir='ltr'><strong>mare,</strong></span> <span class='ocrx_word' id='word_1_459' title='bbox 2526 516 2573 559; x_wconf 85' lang='lat' dir='ltr'><strong>et</strong></span> <span class='ocrx_word' id='word_1_460' title='bbox 2597 507 2706 576; x_wconf 84' lang='lat' dir='ltr'><strong>ipse</strong></span> <span class='ocrx_word' id='word_1_461' title='bbox 2729 507 2846 575; x_wconf 80' lang='lat' dir='ltr'><strong>fecit</strong></span> <span class='ocrx_word' id='word_1_462' title='bbox 2870 506 3019 571; x_wconf 79' lang='lat' dir='ltr'><strong>illud,</strong></span> <span class='ocrx_word' id='word_1_463' title='bbox 3052 516 3096 559; x_wconf 88' lang='lat' dir='ltr'><strong>et</strong></span> <span class='ocrx_word' id='word_1_464' title='bbox 3122 508 3321 561; x_wconf 81' lang='lat' dir='ltr'><strong>aridam</strong></span> <span class='ocrx_word' id='word_1_465' title='bbox 3347 509 3687 577; x_wconf 72' lang='lat' dir='ltr'><strong>formaverunt</strong></span> <span class='ocrx_word' id='word_1_466' title='bbox 3707 529 3815 565; x_wconf 86' lang='lat' dir='ltr'><strong>ma-</strong></span> 
     </span>
    </p>
   </div>
   <div class='ocr_carea' id='block_1_64' title="bbox 2233 598 3811 673">
    <p class='ocr_par' dir='ltr' id='par_1_64' title="bbox 2233 598 3811 673">
     <span class='ocr_line' id='line_1_64' title="bbox 2233 598 3811 673; baseline 0.003 -21"><span class='ocrx_word' id='word_1_467' title='bbox 2233 617 2327 652; x_wconf 87' lang='lat' dir='ltr'><strong>nus</strong></span> <span class='ocrx_word' id='word_1_468' title='bbox 2355 601 2462 668; x_wconf 73' lang='lat' dir='ltr'><strong>ejus</strong></span> <span class='ocrx_word' id='word_1_469' title='bbox 2484 600 2501 664; x_wconf 88' lang='lat'><strong>(</strong></span> <span class='ocrx_word' id='word_1_470' title='bbox 2522 598 2668 652; x_wconf 87' lang='lat' dir='ltr'><strong>Psal.</strong></span> <span class='ocrx_word' id='word_1_471' title='bbox 2700 600 2791 654; x_wconf 66' lang='lat' dir='ltr'><strong>9t.</strong></span> <span class='ocrx_word' id='word_1_472' title='bbox 2822 600 2910 668; x_wconf 78' lang='lat'><strong>5).</strong></span> <span class='ocrx_word' id='word_1_473' title='bbox 2951 600 3113 654; x_wconf 86' lang='lat' dir='ltr'><strong>Arida</strong></span> <span class='ocrx_word' id='word_1_474' title='bbox 3143 599 3277 655; x_wconf 76' lang='lat' dir='ltr'><strong>facta</strong></span> <span class='ocrx_word' id='word_1_475' title='bbox 3308 610 3411 664; x_wconf 86' lang='lat' dir='ltr'><strong>est,</strong></span> <span class='ocrx_word' id='word_1_476' title='bbox 3442 605 3811 673; x_wconf 77' lang='lat' dir='ltr'><strong>cognominata</strong></span> 
     </span>
    </p>
   </div>
   <div class='ocr_carea' id='block_1_65' title="bbox 2230 691 3810 762">
    <p class='ocr_par' dir='ltr' id='par_1_65' title="bbox 2230 691 3810 762">
     <span class='ocr_line' id='line_1_65' title="bbox 2230 691 3810 762; baseline 0.004 -17"><span class='ocrx_word' id='word_1_477' title='bbox 2230 703 2406 749; x_wconf 90' lang='lat' dir='ltr'><strong>autem</strong></span> <span class='ocrx_word' id='word_1_478' title='bbox 2447 691 2541 746; x_wconf 83' lang='lat' dir='ltr'><strong>fuit</strong></span> <span class='ocrx_word' id='word_1_479' title='bbox 2570 702 2709 747; x_wconf 85' lang='lat' dir='ltr'><strong>terra</strong></span> <span class='ocrx_word' id='word_1_480' title='bbox 2740 709 2754 745; x_wconf 93' lang='lat'>:</span> <span class='ocrx_word' id='word_1_481' title='bbox 2784 693 3232 762; x_wconf 89' lang='lat' dir='ltr'><strong>quemadmodum</strong></span> <span class='ocrx_word' id='word_1_482' title='bbox 3263 693 3365 749; x_wconf 91' lang='lat' dir='ltr'><strong>hoc</strong></span> <span class='ocrx_word' id='word_1_483' title='bbox 3414 695 3810 755; x_wconf 86' lang='lat' dir='ltr'><strong>ﬁrmamentum</strong></span> 
     </span>
    </p>
   </div>
   <div class='ocr_carea' id='block_1_66' title="bbox 2232 785 3813 859">
    <p class='ocr_par' dir='ltr' id='par_1_66' title="bbox 2232 785 3813 859">
     <span class='ocr_line' id='line_1_66' title="bbox 2232 785 3813 859; baseline 0.004 -21"><span class='ocrx_word' id='word_1_484' title='bbox 2232 785 2502 841; x_wconf 88' lang='lat' dir='ltr'><strong>conditum</strong></span> <span class='ocrx_word' id='word_1_485' title='bbox 2524 794 2643 850; x_wconf 86' lang='lat' dir='ltr'><strong>est,</strong></span> <span class='ocrx_word' id='word_1_486' title='bbox 2692 794 2747 843; x_wconf 88' lang='lat' dir='ltr'><strong>et</strong></span> <span class='ocrx_word' id='word_1_487' title='bbox 2788 796 3030 843; x_wconf 86' lang='lat' dir='ltr'><strong>vocatum</strong></span> <span class='ocrx_word' id='word_1_488' title='bbox 3074 796 3156 841; x_wconf 89' lang='lat' dir='ltr'><strong>est</strong></span> <span class='ocrx_word' id='word_1_489' title='bbox 3194 787 3403 841; x_wconf 78' lang='lat' dir='ltr'><strong>caelum.</strong></span> <span class='ocrx_word' id='word_1_490' title='bbox 3454 789 3615 842; x_wconf 86' lang='lat' dir='ltr'><strong>Facto</strong></span> <span class='ocrx_word' id='word_1_491' title='bbox 3656 790 3813 859; x_wconf 81' lang='lat' dir='ltr'><strong>igitur</strong></span> 
     </span>
    </p>
   </div>
   <div class='ocr_carea' id='block_1_67' title="bbox 2232 876 3811 946">
    <p class='ocr_par' dir='ltr' id='par_1_67' title="bbox 2232 876 3811 946">
     <span class='ocr_line' id='line_1_67' title="bbox 2232 876 3811 946; baseline 0.003 -20"><span class='ocrx_word' id='word_1_492' title='bbox 2232 890 2485 945; x_wconf 86' lang='lat' dir='ltr'><strong>aquarqu</strong></span> <span class='ocrx_word' id='word_1_493' title='bbox 2512 876 2759 943; x_wconf 80' lang='lat' dir='ltr'><strong>divortio,</strong></span> <span class='ocrx_word' id='word_1_494' title='bbox 2793 878 2987 945; x_wconf 88' lang='lat' dir='ltr'><strong>prodiit</strong></span> <span class='ocrx_word' id='word_1_495' title='bbox 3009 878 3176 944; x_wconf 90' lang='lat' dir='ltr'><strong>arida,</strong></span> <span class='ocrx_word' id='word_1_496' title='bbox 3207 879 3439 946; x_wconf 84' lang='lat' dir='ltr'><strong>speciem</strong></span> <span class='ocrx_word' id='word_1_497' title='bbox 3471 879 3671 934; x_wconf 86' lang='lat' dir='ltr'><strong>habens</strong></span> <span class='ocrx_word' id='word_1_498' title='bbox 3696 882 3811 935; x_wconf 81' lang='lat' dir='ltr'><strong>ine-</strong></span> 
     </span>
    </p>
   </div>
   <div class='ocr_carea' id='block_1_68' title="bbox 2232 966 3808 1038">
    <p class='ocr_par' dir='ltr' id='par_1_68' title="bbox 2232 966 3808 1038">
     <span class='ocr_line' id='line_1_68' title="bbox 2232 966 3808 1038; baseline 0.005 -20"><span class='ocrx_word' id='word_1_499' title='bbox 2232 966 2413 1019; x_wconf 64' lang='lat' dir='ltr'><strong>briatus</strong></span> <span class='ocrx_word' id='word_1_500' title='bbox 2437 976 2593 1020; x_wconf 76' lang='lat' dir='ltr'><strong>terra:</strong></span> <span class='ocrx_word' id='word_1_501' title='bbox 2620 983 2807 1036; x_wconf 78' lang='lat' dir='ltr'><strong>:aqute</strong></span> <span class='ocrx_word' id='word_1_502' title='bbox 2834 969 2973 1023; x_wconf 90' lang='lat' dir='ltr'><strong>enim</strong></span> <span class='ocrx_word' id='word_1_503' title='bbox 3002 971 3305 1038; x_wconf 88' lang='lat' dir='ltr'><strong>nuperrime</strong></span> <span class='ocrx_word' id='word_1_504' title='bbox 3334 981 3682 1024; x_wconf 80' lang='lat' dir='ltr'><strong>recesserant.</strong></span> <span class='ocrx_word' id='word_1_505' title='bbox 3712 972 3808 1026; x_wconf 78' lang='lat' dir='ltr'><strong>Ubi</strong></span> 
     </span>
    </p>
   </div>
   <div class='ocr_carea' id='block_1_69' title="bbox 2229 1044 3808 1129">
    <p class='ocr_par' dir='ltr' id='par_1_69' title="bbox 2229 1044 3808 1129">
     <span class='ocr_line' id='line_1_69' title="bbox 2229 1044 3808 1129; baseline 0.004 -18"><span class='ocrx_word' id='word_1_506' title='bbox 2229 1074 2357 1127; x_wconf 84' lang='lat' dir='ltr'><strong>ergo</strong></span> <span class='ocrx_word' id='word_1_507' title='bbox 2394 1058 2602 1114; x_wconf 88' lang='lat' dir='ltr'><strong>detecta</strong></span> <span class='ocrx_word' id='word_1_508' title='bbox 2646 1059 2741 1113; x_wconf 84' lang='lat' dir='ltr'><strong>fuit</strong></span> <span class='ocrx_word' id='word_1_509' title='bbox 2780 1069 2956 1125; x_wconf 84' lang='lat' dir='ltr'><strong>terra,</strong></span> <span class='ocrx_word' id='word_1_510' title='bbox 2994 1044 3144 1129; x_wconf 86' lang='lat' dir='ltr'><strong>jubet</strong></span> <span class='ocrx_word' id='word_1_511' title='bbox 3180 1060 3401 1115; x_wconf 86' lang='lat' dir='ltr'><strong>Creator</strong></span> <span class='ocrx_word' id='word_1_512' title='bbox 3432 1078 3446 1113; x_wconf 92' lang='lat'>:</span> <span class='ocrx_word' id='word_1_513' title='bbox 3480 1080 3498 1113; x_wconf 73' lang='grc' dir='ltr'><strong><em>ι</em></strong></span> <span class='ocrx_word' id='word_1_514' title='bbox 3535 1061 3808 1117; x_wconf 81' lang='lat' dir='ltr'><strong>Germiuet</strong></span> 
     </span>
    </p>
   </div>
   <div class='ocr_carea' id='block_1_70' title="bbox 2233 1147 3809 1223">
    <p class='ocr_par' dir='ltr' id='par_1_70' title="bbox 2233 1147 3809 1223">
     <span class='ocr_line' id='line_1_70' title="bbox 2233 1147 3809 1223; baseline 0.004 -23"><span class='ocrx_word' id='word_1_515' title='bbox 2233 1159 2369 1201; x_wconf 86' lang='lat' dir='ltr'><strong>terra</strong></span> <span class='ocrx_word' id='word_1_516' title='bbox 2393 1147 2610 1207; x_wconf 84' lang='lat' dir='ltr'><strong>herbam</strong></span> <span class='ocrx_word' id='word_1_517' title='bbox 2641 1148 2789 1211; x_wconf 72' lang='lat' dir='ltr'><strong>lieni,</strong></span> <span class='ocrx_word' id='word_1_518' title='bbox 2822 1149 3171 1209; x_wconf 86' lang='lat' dir='ltr'><strong>seminautem</strong></span> <span class='ocrx_word' id='word_1_519' title='bbox 3202 1168 3382 1215; x_wconf 86' lang='lat' dir='ltr'><strong>semen</strong></span> <span class='ocrx_word' id='word_1_520' title='bbox 3406 1153 3693 1215; x_wconf 81' lang='lat' dir='ltr'><strong>secundum</strong></span> <span class='ocrx_word' id='word_1_521' title='bbox 3717 1172 3809 1223; x_wconf 81' lang='lat' dir='ltr'><strong>ge-</strong></span> 
     </span>
    </p>
   </div>
   <div class='ocr_carea' id='block_1_71' title="bbox 2231 1241 3801 1315">
    <p class='ocr_par' dir='ltr' id='par_1_71' title="bbox 2231 1241 3801 1315">
     <span class='ocr_line' id='line_1_71' title="bbox 2231 1241 3801 1315; baseline 0.004 -22"><span class='ocrx_word' id='word_1_522' title='bbox 2231 1256 2329 1294; x_wconf 88' lang='lat' dir='ltr'><strong>nus</strong></span> <span class='ocrx_word' id='word_1_523' title='bbox 2359 1250 2413 1295; x_wconf 91' lang='lat' dir='ltr'><strong>et</strong></span> <span class='ocrx_word' id='word_1_524' title='bbox 2436 1241 2728 1295; x_wconf 90' lang='lat' dir='ltr'><strong>secundum</strong></span> <span class='ocrx_word' id='word_1_525' title='bbox 2758 1243 3161 1299; x_wconf 87' lang='lat' dir='ltr'><strong>similitudinem</strong></span> <span class='ocrx_word' id='word_1_526' title='bbox 3182 1286 3196 1310; x_wconf 84' lang='lat'><strong>,</strong></span> <span class='ocrx_word' id='word_1_527' title='bbox 3238 1254 3291 1299; x_wconf 89' lang='lat' dir='ltr'><strong>et</strong></span> <span class='ocrx_word' id='word_1_528' title='bbox 3320 1246 3518 1315; x_wconf 84' lang='lat' dir='ltr'><strong>lignum</strong></span> <span class='ocrx_word' id='word_1_529' title='bbox 3569 1248 3801 1303; x_wconf 76' lang='lat' dir='ltr'><strong>fructife-</strong></span> 
     </span>
    </p>
   </div>
   <div class='ocr_carea' id='block_1_72' title="bbox 2229 1332 3807 1406">
    <p class='ocr_par' dir='ltr' id='par_1_72' title="bbox 2229 1332 3807 1406">
     <span class='ocr_line' id='line_1_72' title="bbox 2229 1332 3807 1406; baseline 0.006 -23"><span class='ocrx_word' id='word_1_530' title='bbox 2229 1347 2369 1397; x_wconf 88' lang='lat' dir='ltr'><strong>rmn,</strong></span> <span class='ocrx_word' id='word_1_531' title='bbox 2398 1332 2549 1401; x_wconf 91' lang='lat' dir='ltr'><strong>cujus</strong></span> <span class='ocrx_word' id='word_1_532' title='bbox 2570 1348 2755 1387; x_wconf 90' lang='lat' dir='ltr'><strong>semen</strong></span> <span class='ocrx_word' id='word_1_533' title='bbox 2784 1335 2836 1387; x_wconf 92' lang='lat' dir='ltr'><strong>in</strong></span> <span class='ocrx_word' id='word_1_534' title='bbox 2865 1334 2977 1401; x_wconf 91' lang='lat' dir='ltr'><strong>ipso</strong></span> <span class='ocrx_word' id='word_1_535' title='bbox 3006 1336 3095 1400; x_wconf 89' lang='lat' dir='ltr'><strong>sit,</strong></span> <span class='ocrx_word' id='word_1_536' title='bbox 3128 1336 3419 1397; x_wconf 83' lang='lat' dir='ltr'><strong>secundum</strong></span> <span class='ocrx_word' id='word_1_537' title='bbox 3449 1353 3617 1406; x_wconf 85' lang='lat' dir='ltr'><strong>genus</strong></span> <span class='ocrx_word' id='word_1_538' title='bbox 3641 1349 3696 1391; x_wconf 90' lang='lat' dir='ltr'><strong>et</strong></span> <span class='ocrx_word' id='word_1_539' title='bbox 3722 1355 3807 1393; x_wconf 82' lang='lat' dir='ltr'><strong>se-</strong></span> 
     </span>
    </p>
   </div>
   <div class='ocr_carea' id='block_1_73' title="bbox 2228 1423 3808 1497">
    <p class='ocr_par' dir='ltr' id='par_1_73' title="bbox 2228 1423 3808 1497">
     <span class='ocr_line' id='line_1_73' title="bbox 2228 1423 3808 1497; baseline 0.006 -23"><span class='ocrx_word' id='word_1_540' title='bbox 2228 1424 2456 1476; x_wconf 89' lang='lat' dir='ltr'><strong>cundum</strong></span> <span class='ocrx_word' id='word_1_541' title='bbox 2496 1423 2895 1479; x_wconf 87' lang='lat' dir='ltr'><strong>similitudinem</strong></span> <span class='ocrx_word' id='word_1_542' title='bbox 2934 1444 2951 1477; x_wconf 75' lang='grc' dir='ltr'><strong><em>ι</em></strong></span> <span class='ocrx_word' id='word_1_543' title='bbox 2997 1424 3157 1494; x_wconf 81' lang='lat' dir='ltr'><strong>(Gen.</strong></span> <span class='ocrx_word' id='word_1_544' title='bbox 3202 1427 3254 1487; x_wconf 78' lang='grc'><strong>1.</strong></span> <span class='ocrx_word' id='word_1_545' title='bbox 3302 1426 3399 1496; x_wconf 79' lang='grc' dir='ltr'><strong>Η)</strong></span> <span class='ocrx_word' id='word_1_546' title='bbox 3438 1446 3451 1482; x_wconf 90' lang='lat'><strong>:</strong></span> <span class='ocrx_word' id='word_1_547' title='bbox 3484 1429 3664 1497; x_wconf 70' lang='lat' dir='ltr'><strong>Neque</strong></span> <span class='ocrx_word' id='word_1_548' title='bbox 3710 1430 3808 1485; x_wconf 88' lang='lat' dir='ltr'><strong>hoc</strong></span> 
     </span>
    </p>
   </div>
   <div class='ocr_carea' id='block_1_74' title="bbox 2228 1514 3808 1589">
    <p class='ocr_par' dir='ltr' id='par_1_74' title="bbox 2228 1514 3808 1589">
     <span class='ocr_line' id='line_1_74' title="bbox 2228 1514 3808 1589; baseline 0.004 -23"><span class='ocrx_word' id='word_1_549' title='bbox 2228 1514 2433 1582; x_wconf 89' lang='lat' dir='ltr'><strong>pudore</strong></span> <span class='ocrx_word' id='word_1_550' title='bbox 2458 1514 2623 1569; x_wconf 85' lang='lat' dir='ltr'><strong>afﬁcit</strong></span> <span class='ocrx_word' id='word_1_551' title='bbox 2643 1516 2944 1575; x_wconf 64' lang='lat' dir='ltr'><strong>haereticos.</strong></span> <span class='ocrx_word' id='word_1_552' title='bbox 2975 1517 3148 1571; x_wconf 83' lang='lat' dir='ltr'><strong>llerba</strong></span> <span class='ocrx_word' id='word_1_553' title='bbox 3176 1526 3231 1572; x_wconf 84' lang='lat' dir='ltr'><strong>et</strong></span> <span class='ocrx_word' id='word_1_554' title='bbox 3258 1518 3398 1587; x_wconf 86' lang='lat' dir='ltr'><strong>ligna</strong></span> <span class='ocrx_word' id='word_1_555' title='bbox 3422 1529 3475 1573; x_wconf 90' lang='lat' dir='ltr'><strong>et</strong></span> <span class='ocrx_word' id='word_1_556' title='bbox 3498 1519 3699 1583; x_wconf 66' lang='lat' dir='ltr'><strong>[tetrum</strong></span> <span class='ocrx_word' id='word_1_557' title='bbox 3723 1538 3808 1589; x_wconf 85' lang='lat' dir='ltr'><strong>ge-</strong></span> 
     </span>
    </p>
   </div>
   <div class='ocr_carea' id='block_1_75' title="bbox 2228 1609 3805 1676">
    <p class='ocr_par' dir='ltr' id='par_1_75' title="bbox 2228 1609 3805 1676">
     <span class='ocr_line' id='line_1_75' title="bbox 2228 1609 3805 1676; baseline 0.005 -17"><span class='ocrx_word' id='word_1_558' title='bbox 2228 1616 2417 1662; x_wconf 89' lang='lat' dir='ltr'><strong>nerant</strong></span> <span class='ocrx_word' id='word_1_559' title='bbox 2442 1609 2732 1663; x_wconf 88' lang='lat' dir='ltr'><strong>secundum</strong></span> <span class='ocrx_word' id='word_1_560' title='bbox 2763 1610 3165 1666; x_wconf 88' lang='lat' dir='ltr'><strong>similitudinem</strong></span> <span class='ocrx_word' id='word_1_561' title='bbox 3192 1652 3207 1676; x_wconf 88' lang='lat'><strong>,</strong></span> <span class='ocrx_word' id='word_1_562' title='bbox 3252 1622 3306 1666; x_wconf 90' lang='lat' dir='ltr'><strong>et</strong></span> <span class='ocrx_word' id='word_1_563' title='bbox 3336 1613 3473 1667; x_wconf 87' lang='lat' dir='ltr'><strong>Deus</strong></span> <span class='ocrx_word' id='word_1_564' title='bbox 3496 1614 3805 1667; x_wconf 84' lang='lat' dir='ltr'><strong>dissimilem</strong></span> 
     </span>
    </p>
   </div>
   <div class='ocr_carea' id='block_1_76' title="bbox 2225 1699 3808 1775">
    <p class='ocr_par' dir='ltr' id='par_1_76' title="bbox 2225 1699 3808 1775">
     <span class='ocr_line' id='line_1_76' title="bbox 2225 1699 3808 1775; baseline 0.004 -23"><span class='ocrx_word' id='word_1_565' title='bbox 2225 1699 2325 1753; x_wconf 87' lang='lat' dir='ltr'><strong>sibi</strong></span> <span class='ocrx_word' id='word_1_566' title='bbox 2362 1700 2584 1769; x_wconf 80' lang='lat' dir='ltr'><strong>genuit?</strong></span> <span class='ocrx_word' id='word_1_567' title='bbox 2614 1702 2818 1757; x_wconf 88' lang='lat' dir='ltr'><strong>Etcum</strong></span> <span class='ocrx_word' id='word_1_568' title='bbox 2837 1704 3207 1773; x_wconf 87' lang='lat' dir='ltr'><strong>quadrupedes</strong></span> <span class='ocrx_word' id='word_1_569' title='bbox 3236 1721 3451 1759; x_wconf 90' lang='lat' dir='ltr'><strong>rursum</strong></span> <span class='ocrx_word' id='word_1_570' title='bbox 3475 1746 3489 1770; x_wconf 90' lang='lat'><strong>,</strong></span> <span class='ocrx_word' id='word_1_571' title='bbox 3525 1707 3729 1775; x_wconf 81' lang='lat' dir='ltr'><strong>reptilia</strong></span> <span class='ocrx_word' id='word_1_572' title='bbox 3758 1718 3808 1759; x_wconf 80' lang='lat' dir='ltr'><strong>el.</strong></span> 
     </span>
    </p>
   </div>
   <div class='ocr_carea' id='block_1_77' title="bbox 2226 1791 3803 1868">
    <p class='ocr_par' dir='ltr' id='par_1_77' title="bbox 2226 1791 3803 1868">
     <span class='ocr_line' id='line_1_77' title="bbox 2226 1791 3803 1868; baseline 0.006 -25"><span class='ocrx_word' id='word_1_573' title='bbox 2226 1805 2352 1845; x_wconf 88' lang='lat' dir='ltr'><strong>aves</strong></span> <span class='ocrx_word' id='word_1_574' title='bbox 2394 1791 2530 1846; x_wconf 80' lang='lat' dir='ltr'><strong>facta</strong></span> <span class='ocrx_word' id='word_1_575' title='bbox 2556 1801 2713 1860; x_wconf 90' lang='lat' dir='ltr'><strong>sunt,</strong></span> <span class='ocrx_word' id='word_1_576' title='bbox 2758 1794 2886 1848; x_wconf 85' lang='lat' dir='ltr'><strong>dicit</strong></span> <span class='ocrx_word' id='word_1_577' title='bbox 2928 1795 3066 1849; x_wconf 90' lang='lat' dir='ltr'><strong>Deus</strong></span> <span class='ocrx_word' id='word_1_578' title='bbox 3098 1813 3114 1851; x_wconf 90' lang='lat'><strong>:</strong></span> <span class='ocrx_word' id='word_1_579' title='bbox 3145 1795 3384 1850; x_wconf 86' lang='lat' dir='ltr'><strong>Educant</strong></span> <span class='ocrx_word' id='word_1_580' title='bbox 3418 1814 3565 1868; x_wconf 63' lang='lat' dir='ltr'><strong>aqua</strong></span> <span class='ocrx_word' id='word_1_581' title='bbox 3605 1800 3803 1867; x_wconf 82' lang='lat' dir='ltr'><strong>reptih&#39;a</strong></span> 
     </span>
    </p>
   </div>
   <div class='ocr_carea' id='block_1_78' title="bbox 2226 1884 3803 1959">
    <p class='ocr_par' dir='ltr' id='par_1_78' title="bbox 2226 1884 3803 1959">
     <span class='ocr_line' id='line_1_78' title="bbox 2226 1884 3803 1959; baseline 0.006 -25"><span class='ocrx_word' id='word_1_582' title='bbox 2226 1884 2510 1937; x_wconf 87' lang='lat' dir='ltr'><strong>animarum</strong></span> <span class='ocrx_word' id='word_1_583' title='bbox 2533 1886 2794 1939; x_wconf 81' lang='lat' dir='ltr'><strong>viventium</strong></span> <span class='ocrx_word' id='word_1_584' title='bbox 2821 1928 2836 1952; x_wconf 86' lang='lat'><strong>,</strong></span> <span class='ocrx_word' id='word_1_585' title='bbox 2865 1897 2911 1940; x_wconf 89' lang='lat' dir='ltr'><strong>et</strong></span> <span class='ocrx_word' id='word_1_586' title='bbox 2941 1888 3163 1941; x_wconf 86' lang='lat' dir='ltr'><strong>volatilia</strong></span> <span class='ocrx_word' id='word_1_587' title='bbox 3193 1890 3410 1942; x_wconf 83' lang='lat' dir='ltr'><strong>volantia</strong></span> <span class='ocrx_word' id='word_1_588' title='bbox 3439 1906 3595 1959; x_wconf 79' lang='lat' dir='ltr'><strong>super</strong></span> <span class='ocrx_word' id='word_1_589' title='bbox 3620 1899 3803 1943; x_wconf 84' lang='lat' dir='ltr'><strong>terram</strong></span> 
     </span>
    </p>
   </div>
   <div class='ocr_carea' id='block_1_79' title="bbox 2225 1978 3803 2049">
    <p class='ocr_par' dir='ltr' id='par_1_79' title="bbox 2225 1978 3803 2049">
     <span class='ocr_line' id='line_1_79' title="bbox 2225 1978 3803 2049; baseline 0.003 -20"><span class='ocrx_word' id='word_1_590' title='bbox 2225 1978 2499 2030; x_wconf 86' lang='lat' dir='ltr'><strong>secundum</strong></span> <span class='ocrx_word' id='word_1_591' title='bbox 2525 1994 2680 2047; x_wconf 83' lang='lat' dir='ltr'><strong>genus</strong></span> <span class='ocrx_word' id='word_1_592' title='bbox 2712 1978 2875 2048; x_wconf 78' lang='lat' dir='ltr'><strong>(Gen.</strong></span> <span class='ocrx_word' id='word_1_593' title='bbox 2908 1980 2959 2032; x_wconf 85' lang='lat' dir='ltr'><strong>l.</strong></span> <span class='ocrx_word' id='word_1_594' title='bbox 2992 1979 3061 2032; x_wconf 72' lang='lat'><strong>20</strong></span> <span class='ocrx_word' id='word_1_595' title='bbox 3081 1981 3121 2049; x_wconf 94' lang='lat'><strong>).</strong></span> <span class='ocrx_word' id='word_1_596' title='bbox 3152 1979 3326 2046; x_wconf 72' lang='lat' dir='ltr'><strong>Ferae,</strong></span> <span class='ocrx_word' id='word_1_597' title='bbox 3355 1982 3585 2049; x_wconf 89' lang='lat' dir='ltr'><strong>reptilia,</strong></span> <span class='ocrx_word' id='word_1_598' title='bbox 3619 1983 3803 2035; x_wconf 87' lang='lat' dir='ltr'><strong>volati-</strong></span> 
     </span>
    </p>
   </div>
   <div class='ocr_carea' id='block_1_80' title="bbox 2226 2065 3805 2141">
    <p class='ocr_par' dir='ltr' id='par_1_80' title="bbox 2226 2065 3805 2141">
     <span class='ocr_line' id='line_1_80' title="bbox 2226 2065 3805 2141; baseline 0.004 -22"><span class='ocrx_word' id='word_1_599' title='bbox 2226 2065 2316 2131; x_wconf 87' lang='lat' dir='ltr'><strong>lia,</strong></span> <span class='ocrx_word' id='word_1_600' title='bbox 2356 2068 2612 2133; x_wconf 87' lang='lat' dir='ltr'><strong>natatilia,</strong></span> <span class='ocrx_word' id='word_1_601' title='bbox 2642 2068 2823 2131; x_wconf 89' lang='lat' dir='ltr'><strong>herba,</strong></span> <span class='ocrx_word' id='word_1_602' title='bbox 2866 2069 3087 2134; x_wconf 65' lang='lat' dir='ltr'><strong>Renum,</strong></span> <span class='ocrx_word' id='word_1_603' title='bbox 3123 2070 3281 2139; x_wconf 83' lang='lat' dir='ltr'><strong>ligna,</strong></span> <span class='ocrx_word' id='word_1_604' title='bbox 3320 2070 3611 2123; x_wconf 85' lang='lat' dir='ltr'><strong>Secundum</strong></span> <span class='ocrx_word' id='word_1_605' title='bbox 3642 2087 3805 2141; x_wconf 83' lang='lat' dir='ltr'><strong>genus</strong></span> 
     </span>
    </p>
   </div>
   <div class='ocr_carea' id='block_1_81' title="bbox 2226 2158 3806 2233">
    <p class='ocr_par' dir='ltr' id='par_1_81' title="bbox 2226 2158 3806 2233">
     <span class='ocr_line' id='line_1_81' title="bbox 2226 2158 3806 2233; baseline 0.004 -20"><span class='ocrx_word' id='word_1_606' title='bbox 2226 2168 2279 2213; x_wconf 88' lang='lat' dir='ltr'><strong>et</strong></span> <span class='ocrx_word' id='word_1_607' title='bbox 2310 2158 2600 2215; x_wconf 83' lang='lat' dir='ltr'><strong>secundum</strong></span> <span class='ocrx_word' id='word_1_608' title='bbox 2634 2161 3030 2215; x_wconf 90' lang='lat' dir='ltr'><strong>similitudinem</strong></span> <span class='ocrx_word' id='word_1_609' title='bbox 3054 2173 3310 2231; x_wconf 80' lang='lat' dir='ltr'><strong>generant</strong></span> <span class='ocrx_word' id='word_1_610' title='bbox 3343 2182 3355 2216; x_wconf 93' lang='lat'>:</span> <span class='ocrx_word' id='word_1_611' title='bbox 3385 2164 3639 2233; x_wconf 88' lang='lat' dir='ltr'><strong>solusque</strong></span> <span class='ocrx_word' id='word_1_612' title='bbox 3673 2167 3806 2220; x_wconf 86' lang='lat' dir='ltr'><strong>Deus</strong></span> 
     </span>
    </p>
   </div>
   <div class='ocr_carea' id='block_1_82' title="bbox 2225 2249 3802 2323">
    <p class='ocr_par' dir='ltr' id='par_1_82' title="bbox 2225 2249 3802 2323">
     <span class='ocr_line' id='line_1_82' title="bbox 2225 2249 3802 2323; baseline 0.006 -21"><span class='ocrx_word' id='word_1_613' title='bbox 2225 2249 2536 2306; x_wconf 90' lang='lat' dir='ltr'><strong>dissimilem</strong></span> <span class='ocrx_word' id='word_1_614' title='bbox 2564 2253 2788 2321; x_wconf 80' lang='lat' dir='ltr'><strong>genuit?</strong></span> <span class='ocrx_word' id='word_1_615' title='bbox 2815 2252 3057 2323; x_wconf 87' lang='lat' dir='ltr'><strong>Cumque</strong></span> <span class='ocrx_word' id='word_1_616' title='bbox 3084 2270 3180 2308; x_wconf 90' lang='lat' dir='ltr'><strong>nos</strong></span> <span class='ocrx_word' id='word_1_617' title='bbox 3205 2256 3404 2308; x_wconf 80' lang='lat' dir='ltr'><strong>creavit</strong></span> <span class='ocrx_word' id='word_1_618' title='bbox 3439 2257 3596 2321; x_wconf 87' lang='lat' dir='ltr'><strong>Deus,</strong></span> <span class='ocrx_word' id='word_1_619' title='bbox 3630 2258 3757 2310; x_wconf 78' lang='lat' dir='ltr'><strong>dixit</strong></span> <span class='ocrx_word' id='word_1_620' title='bbox 3791 2278 3802 2311; x_wconf 92' lang='lat'><strong>:</strong></span> 
     </span>
    </p>
   </div>
   <div class='ocr_carea' id='block_1_83' title="bbox 2226 2338 3804 2415">
    <p class='ocr_par' dir='ltr' id='par_1_83' title="bbox 2226 2338 3804 2415">
     <span class='ocr_line' id='line_1_83' title="bbox 2226 2338 3804 2415; baseline 0.005 -22"><span class='ocrx_word' id='word_1_621' title='bbox 2226 2338 2501 2395; x_wconf 77' lang='lat' dir='ltr'><strong>Faciamus</strong></span> <span class='ocrx_word' id='word_1_622' title='bbox 2530 2342 2779 2396; x_wconf 82' lang='lat' dir='ltr'><strong>hominem</strong></span> <span class='ocrx_word' id='word_1_623' title='bbox 2819 2345 2887 2396; x_wconf 86' lang='lat' dir='ltr'><strong>ad</strong></span> <span class='ocrx_word' id='word_1_624' title='bbox 2928 2346 3196 2415; x_wconf 80' lang='lat' dir='ltr'><strong>imaginem</strong></span> <span class='ocrx_word' id='word_1_625' title='bbox 3222 2355 3266 2398; x_wconf 85' lang='lat' dir='ltr'><strong>et</strong></span> <span class='ocrx_word' id='word_1_626' title='bbox 3301 2346 3681 2399; x_wconf 87' lang='lat' dir='ltr'><strong>similitudinem</strong></span> <span class='ocrx_word' id='word_1_627' title='bbox 3718 2365 3804 2401; x_wconf 80' lang='lat' dir='ltr'><strong>no—</strong></span> 
     </span>
    </p>
   </div>
   <div class='ocr_carea' id='block_1_84' title="bbox 2223 2434 3801 2507">
    <p class='ocr_par' dir='ltr' id='par_1_84' title="bbox 2223 2434 3801 2507">
     <span class='ocr_line' id='line_1_84' title="bbox 2223 2434 3801 2507; baseline 0.004 -19"><span class='ocrx_word' id='word_1_628' title='bbox 2223 2444 2378 2488; x_wconf 87' lang='lat' dir='ltr'><strong>stram</strong></span> <span class='ocrx_word' id='word_1_629' title='bbox 2412 2434 2573 2505; x_wconf 81' lang='lat' dir='ltr'><strong>(Gen.</strong></span> <span class='ocrx_word' id='word_1_630' title='bbox 2616 2436 2667 2490; x_wconf 81' lang='grc'><strong>1.</strong></span> <span class='ocrx_word' id='word_1_631' title='bbox 2694 2435 2798 2506; x_wconf 72' lang='grc'><strong>26)</strong></span> <span class='ocrx_word' id='word_1_632' title='bbox 2835 2456 2847 2490; x_wconf 93' lang='lat'><strong>:</strong></span> <span class='ocrx_word' id='word_1_633' title='bbox 2880 2453 3014 2507; x_wconf 90' lang='lat' dir='ltr'><strong>opus</strong></span> <span class='ocrx_word' id='word_1_634' title='bbox 3044 2448 3126 2491; x_wconf 91' lang='lat' dir='ltr'><strong>est</strong></span> <span class='ocrx_word' id='word_1_635' title='bbox 3166 2439 3459 2492; x_wconf 90' lang='lat' dir='ltr'><strong>secundum</strong></span> <span class='ocrx_word' id='word_1_636' title='bbox 3502 2440 3801 2494; x_wconf 82' lang='lat' dir='ltr'><strong>similitudi-</strong></span> 
     </span>
    </p>
   </div>
   <div class='ocr_carea' id='block_1_85' title="bbox 2225 2527 3006 2588">
    <p class='ocr_par' dir='ltr' id='par_1_85' title="bbox 2225 2527 3006 2588">
     <span class='ocr_line' id='line_1_85' title="bbox 2225 2527 3006 2588; baseline 0.003 -8"><span class='ocrx_word' id='word_1_637' title='bbox 2225 2542 2369 2588; x_wconf 85' lang='lat' dir='ltr'><strong>nem.</strong></span> <span class='ocrx_word' id='word_1_638' title='bbox 2397 2536 2451 2580; x_wconf 87' lang='lat' dir='ltr'><strong>et</strong></span> <span class='ocrx_word' id='word_1_639' title='bbox 2476 2527 2665 2581; x_wconf 82' lang='lat' dir='ltr'><strong>artifex</strong></span> <span class='ocrx_word' id='word_1_640' title='bbox 2686 2527 3006 2583; x_wconf 83' lang='lat' dir='ltr'><strong>dissimilis?</strong></span> 
     </span>
    </p>
   </div>
   <div class='ocr_carea' id='block_1_86' title="bbox 2293 2618 3802 2693">
    <p class='ocr_par' dir='ltr' id='par_1_86' title="bbox 2293 2618 3802 2693">
     <span class='ocr_line' id='line_1_86' title="bbox 2293 2618 3802 2693; baseline 0.005 -23"><span class='ocrx_word' id='word_1_641' title='bbox 2293 2618 2347 2671; x_wconf 76' lang='grc'><strong>2.</strong></span> <span class='ocrx_word' id='word_1_642' title='bbox 2392 2618 2496 2673; x_wconf 86' lang='lat' dir='ltr'><strong>Sed</strong></span> <span class='ocrx_word' id='word_1_643' title='bbox 2542 2636 2655 2674; x_wconf 89' lang='lat' dir='ltr'><strong>rem</strong></span> <span class='ocrx_word' id='word_1_644' title='bbox 2706 2622 2894 2675; x_wconf 86' lang='lat' dir='ltr'><strong>miram</strong></span> <span class='ocrx_word' id='word_1_645' title='bbox 2926 2621 3045 2676; x_wconf 89' lang='lat' dir='ltr'><strong>vide</strong></span> <span class='ocrx_word' id='word_1_646' title='bbox 3074 2640 3088 2675; x_wconf 89' lang='lat'><strong>:</strong></span> <span class='ocrx_word' id='word_1_647' title='bbox 3120 2636 3262 2692; x_wconf 75' lang='lat' dir='ltr'><strong>szepe</strong></span> <span class='ocrx_word' id='word_1_648' title='bbox 3298 2637 3525 2693; x_wconf 87' lang='lat' dir='ltr'><strong>namque</strong></span> <span class='ocrx_word' id='word_1_649' title='bbox 3561 2623 3802 2679; x_wconf 72' lang='lat' dir='ltr'><strong>htcrctica</strong></span> 
     </span>
    </p>
   </div>
   <div class='ocr_carea' id='block_1_87' title="bbox 2228 2710 3802 2782">
    <p class='ocr_par' dir='ltr' id='par_1_87' title="bbox 2228 2710 3802 2782">
     <span class='ocr_line' id='line_1_87' title="bbox 2228 2710 3802 2782; baseline 0.004 -20"><span class='ocrx_word' id='word_1_650' title='bbox 2228 2710 2465 2779; x_wconf 88' lang='lat' dir='ltr'><strong>nequitia</strong></span> <span class='ocrx_word' id='word_1_651' title='bbox 2492 2710 2767 2765; x_wconf 91' lang='lat' dir='ltr'><strong>latibulum</strong></span> <span class='ocrx_word' id='word_1_652' title='bbox 2799 2713 3012 2780; x_wconf 87' lang='lat' dir='ltr'><strong>reperit.</strong></span> <span class='ocrx_word' id='word_1_653' title='bbox 3038 2712 3129 2778; x_wconf 89' lang='lat' dir='ltr'><strong>Si,</strong></span> <span class='ocrx_word' id='word_1_654' title='bbox 3158 2712 3361 2782; x_wconf 87' lang='lat' dir='ltr'><strong>inquit,</strong></span> <span class='ocrx_word' id='word_1_655' title='bbox 3393 2715 3460 2767; x_wconf 92' lang='lat' dir='ltr'><strong>ita</strong></span> <span class='ocrx_word' id='word_1_656' title='bbox 3491 2714 3691 2769; x_wconf 76' lang='lat' dir='ltr'><strong>dixeris</strong></span> <span class='ocrx_word' id='word_1_657' title='bbox 3716 2715 3802 2768; x_wconf 86' lang='lat' dir='ltr'><strong>Fi-</strong></span> 
     </span>
    </p>
   </div>
   <div class='ocr_carea' id='block_1_88' title="bbox 2223 2799 3803 2870">
    <p class='ocr_par' dir='ltr' id='par_1_88' title="bbox 2223 2799 3803 2870">
     <span class='ocr_line' id='line_1_88' title="bbox 2223 2799 3803 2870; baseline 0.004 -18"><span class='ocrx_word' id='word_1_658' title='bbox 2223 2799 2350 2853; x_wconf 89' lang='lat' dir='ltr'><strong>litttu</strong></span> <span class='ocrx_word' id='word_1_659' title='bbox 2375 2800 2668 2853; x_wconf 89' lang='lat' dir='ltr'><strong>secundum</strong></span> <span class='ocrx_word' id='word_1_660' title='bbox 2697 2800 3115 2868; x_wconf 84' lang='lat' dir='ltr'><strong>similitudinem,</strong></span> <span class='ocrx_word' id='word_1_661' title='bbox 3152 2812 3209 2857; x_wconf 91' lang='lat' dir='ltr'><strong>ut</strong></span> <span class='ocrx_word' id='word_1_662' title='bbox 3236 2812 3292 2858; x_wconf 92' lang='lat' dir='ltr'><strong>et</strong></span> <span class='ocrx_word' id='word_1_663' title='bbox 3326 2820 3421 2857; x_wconf 87' lang='lat' dir='ltr'><strong>nos</strong></span> <span class='ocrx_word' id='word_1_664' title='bbox 3445 2846 3459 2870; x_wconf 88' lang='lat'><strong>,</strong></span> <span class='ocrx_word' id='word_1_665' title='bbox 3496 2804 3546 2857; x_wconf 93' lang='lat' dir='ltr'><strong>id</strong></span> <span class='ocrx_word' id='word_1_666' title='bbox 3573 2806 3803 2858; x_wconf 78' lang='lat' dir='ltr'><strong>admitti-</strong></span> 
     </span>
    </p>
   </div>
   <div class='ocr_carea' id='block_1_89' title="bbox 2228 2891 3798 2963">
    <p class='ocr_par' dir='ltr' id='par_1_89' title="bbox 2228 2891 3798 2963">
     <span class='ocr_line' id='line_1_89' title="bbox 2228 2891 3798 2963; baseline 0.004 -18"><span class='ocrx_word' id='word_1_667' title='bbox 2228 2908 2366 2945; x_wconf 90' lang='lat' dir='ltr'><strong>tuus.</strong></span> <span class='ocrx_word' id='word_1_668' title='bbox 2414 2891 2699 2947; x_wconf 87' lang='lat' dir='ltr'><strong>Enimvero</strong></span> <span class='ocrx_word' id='word_1_669' title='bbox 2729 2893 2869 2947; x_wconf 88' lang='lat' dir='ltr'><strong>aliud</strong></span> <span class='ocrx_word' id='word_1_670' title='bbox 2912 2902 2995 2948; x_wconf 85' lang='lat' dir='ltr'><strong>est</strong></span> <span class='ocrx_word' id='word_1_671' title='bbox 3037 2904 3240 2949; x_wconf 68' lang='lat' dir='ltr'><strong>natura:</strong></span> <span class='ocrx_word' id='word_1_672' title='bbox 3287 2896 3617 2963; x_wconf 85' lang='lat' dir='ltr'><strong>similitudo,</strong></span> <span class='ocrx_word' id='word_1_673' title='bbox 3659 2898 3798 2951; x_wconf 89' lang='lat' dir='ltr'><strong>aliud</strong></span> 
     </span>
    </p>
   </div>
   <div class='ocr_carea' id='block_1_90' title="bbox 2222 2985 3799 3055">
    <p class='ocr_par' dir='ltr' id='par_1_90' title="bbox 2222 2985 3799 3055">
     <span class='ocr_line' id='line_1_90' title="bbox 2222 2985 3799 3055; baseline 0.004 -18"><span class='ocrx_word' id='word_1_674' title='bbox 2222 2988 2427 3055; x_wconf 62' lang='lat' dir='ltr'><strong>gratim</strong></span> <span class='ocrx_word' id='word_1_675' title='bbox 2460 2985 2567 3039; x_wconf 84' lang='lat' dir='ltr'><strong>Nos</strong></span> <span class='ocrx_word' id='word_1_676' title='bbox 2594 2987 2883 3041; x_wconf 82' lang='lat' dir='ltr'><strong>secundum</strong></span> <span class='ocrx_word' id='word_1_677' title='bbox 2914 2988 3314 3044; x_wconf 85' lang='lat' dir='ltr'><strong>similitudinem</strong></span> <span class='ocrx_word' id='word_1_678' title='bbox 3336 3029 3351 3055; x_wconf 91' lang='lat'><strong>,</strong></span> <span class='ocrx_word' id='word_1_679' title='bbox 3398 2989 3486 3043; x_wconf 89' lang='lat' dir='ltr'><strong>ille</strong></span> <span class='ocrx_word' id='word_1_680' title='bbox 3515 2990 3799 3043; x_wconf 91' lang='lat' dir='ltr'><strong>similitudo</strong></span> 
     </span>
    </p>
   </div>
   <div class='ocr_carea' id='block_1_91' title="bbox 2223 3078 3801 3151">
    <p class='ocr_par' dir='ltr' id='par_1_91' title="bbox 2223 3078 3801 3151">
     <span class='ocr_line' id='line_1_91' title="bbox 2223 3078 3801 3151; baseline 0.002 -19"><span class='ocrx_word' id='word_1_681' title='bbox 2223 3089 2303 3132; x_wconf 86' lang='lat' dir='ltr'><strong>est</strong></span> <span class='ocrx_word' id='word_1_682' title='bbox 2332 3094 2346 3130; x_wconf 90' lang='lat'><strong>:</strong></span> <span class='ocrx_word' id='word_1_683' title='bbox 2376 3094 2495 3132; x_wconf 90' lang='lat' dir='ltr'><strong>nam</strong></span> <span class='ocrx_word' id='word_1_684' title='bbox 2522 3078 2623 3145; x_wconf 85' lang='lat' dir='ltr'><strong>Qui</strong></span> <span class='ocrx_word' id='word_1_685' title='bbox 2643 3080 2761 3132; x_wconf 88' lang='lat' dir='ltr'><strong>vidit</strong></span> <span class='ocrx_word' id='word_1_686' title='bbox 2783 3096 2880 3143; x_wconf 88' lang='lat' dir='ltr'><strong>me,</strong></span> <span class='ocrx_word' id='word_1_687' title='bbox 2905 3080 3025 3133; x_wconf 84' lang='lat' dir='ltr'><strong>vidit</strong></span> <span class='ocrx_word' id='word_1_688' title='bbox 3052 3078 3259 3134; x_wconf 87' lang='lat' dir='ltr'><strong>Patrem</strong></span> <span class='ocrx_word' id='word_1_689' title='bbox 3281 3079 3459 3151; x_wconf 88' lang='lat' dir='ltr'><strong>(Joan.</strong></span> <span class='ocrx_word' id='word_1_690' title='bbox 3489 3082 3573 3134; x_wconf 72' lang='grc' dir='ltr'><strong>Η.</strong></span> <span class='ocrx_word' id='word_1_691' title='bbox 3594 3082 3683 3150; x_wconf 86' lang='grc'><strong>9);</strong></span> <span class='ocrx_word' id='word_1_692' title='bbox 3709 3099 3801 3135; x_wconf 85' lang='lat' dir='ltr'><strong>nos</strong></span> 
     </span>
    </p>
   </div>
   <div class='ocr_carea' id='block_1_92' title="bbox 2213 3158 3802 3242">
    <p class='ocr_par' dir='ltr' id='par_1_92' title="bbox 2213 3158 3802 3242">
     <span class='ocr_line' id='line_1_92' title="bbox 2213 3158 3802 3242; baseline 0.002 -17"><span class='ocrx_word' id='word_1_693' title='bbox 2213 3158 2512 3234; x_wconf 80' lang='lat' dir='ltr'><strong>secundum</strong></span> <span class='ocrx_word' id='word_1_694' title='bbox 2552 3170 2970 3225; x_wconf 88' lang='lat' dir='ltr'><strong>similitudinem.</strong></span> <span class='ocrx_word' id='word_1_695' title='bbox 3010 3171 3205 3225; x_wconf 87' lang='lat' dir='ltr'><strong>Servos</strong></span> <span class='ocrx_word' id='word_1_696' title='bbox 3239 3182 3419 3226; x_wconf 87' lang='lat' dir='ltr'><strong>autem</strong></span> <span class='ocrx_word' id='word_1_697' title='bbox 3457 3172 3551 3226; x_wconf 86' lang='lat' dir='ltr'><strong>Dei</strong></span> <span class='ocrx_word' id='word_1_698' title='bbox 3596 3184 3802 3242; x_wconf 84' lang='lat' dir='ltr'><strong>oportet</strong></span> 
     </span>
    </p>
   </div>
   <div class='ocr_carea' id='block_1_93' title="bbox 2222 3263 3799 3335">
    <p class='ocr_par' dir='ltr' id='par_1_93' title="bbox 2222 3263 3799 3335">
     <span class='ocr_line' id='line_1_93' title="bbox 2222 3263 3799 3335; baseline 0 -16"><span class='ocrx_word' id='word_1_699' title='bbox 2222 3266 2510 3320; x_wconf 88' lang='lat' dir='ltr'><strong>dictionum</strong></span> <span class='ocrx_word' id='word_1_700' title='bbox 2536 3264 2841 3319; x_wconf 87' lang='lat' dir='ltr'><strong>discrimina</strong></span> <span class='ocrx_word' id='word_1_701' title='bbox 2867 3281 3125 3335; x_wconf 65' lang='lat' dir='ltr'><strong>quaarere.</strong></span> <span class='ocrx_word' id='word_1_702' title='bbox 3154 3265 3294 3319; x_wconf 79' lang='lat' dir='ltr'><strong>Dixit</strong></span> <span class='ocrx_word' id='word_1_703' title='bbox 3330 3265 3470 3319; x_wconf 90' lang='lat' dir='ltr'><strong>Deus</strong></span> <span class='ocrx_word' id='word_1_704' title='bbox 3504 3283 3516 3318; x_wconf 93' lang='lat'>:</span> <span class='ocrx_word' id='word_1_705' title='bbox 3553 3263 3799 3319; x_wconf 79' lang='lat' dir='ltr'><strong>Germinet</strong></span> 
     </span>
    </p>
   </div>
   <div class='ocr_carea' id='block_1_94' title="bbox 2223 3358 3800 3431">
    <p class='ocr_par' dir='ltr' id='par_1_94' title="bbox 2223 3358 3800 3431">
     <span class='ocr_line' id='line_1_94' title="bbox 2223 3358 3800 3431; baseline 0 -20"><span class='ocrx_word' id='word_1_706' title='bbox 2223 3369 2355 3412; x_wconf 86' lang='lat' dir='ltr'><strong>terra</strong></span> <span class='ocrx_word' id='word_1_707' title='bbox 2382 3358 2587 3413; x_wconf 77' lang='lat' dir='ltr'><strong>herbam</strong></span> <span class='ocrx_word' id='word_1_708' title='bbox 2611 3360 2733 3427; x_wconf 65' lang='lat' dir='ltr'><strong>faeni</strong></span> <span class='ocrx_word' id='word_1_709' title='bbox 2755 3399 2771 3425; x_wconf 91' lang='lat'><strong>,</strong></span> <span class='ocrx_word' id='word_1_710' title='bbox 2802 3370 2848 3411; x_wconf 86' lang='lat' dir='ltr'><strong>et</strong></span> <span class='ocrx_word' id='word_1_711' title='bbox 2878 3360 3069 3429; x_wconf 87' lang='lat' dir='ltr'><strong>lignum</strong></span> <span class='ocrx_word' id='word_1_712' title='bbox 3099 3360 3423 3431; x_wconf 77' lang='lat' dir='ltr'><strong>[ructiferum</strong></span> <span class='ocrx_word' id='word_1_713' title='bbox 3460 3361 3653 3430; x_wconf 78' lang='lat' dir='ltr'><strong>faciens</strong></span> <span class='ocrx_word' id='word_1_714' title='bbox 3697 3363 3800 3431; x_wconf 78' lang='lat' dir='ltr'><strong>fru-</strong></span> 
     </span>
    </p>
   </div>
   <div class='ocr_carea' id='block_1_95' title="bbox 2222 3447 3799 3520">
    <p class='ocr_par' dir='ltr' id='par_1_95' title="bbox 2222 3447 3799 3520">
     <span class='ocr_line' id='line_1_95' title="bbox 2222 3447 3799 3520; baseline 0.002 -19"><span class='ocrx_word' id='word_1_715' title='bbox 2222 3462 2375 3502; x_wconf 80' lang='lat' dir='ltr'><strong>ctum.</strong></span> <span class='ocrx_word' id='word_1_716' title='bbox 2408 3450 2609 3504; x_wconf 87' lang='lat' dir='ltr'><strong>Deinde</strong></span> <span class='ocrx_word' id='word_1_717' title='bbox 2639 3449 2767 3503; x_wconf 88' lang='lat' dir='ltr'><strong>dicit</strong></span> <span class='ocrx_word' id='word_1_718' title='bbox 2795 3466 2809 3502; x_wconf 89' lang='lat'><strong>:</strong></span> <span class='ocrx_word' id='word_1_719' title='bbox 2843 3447 3041 3502; x_wconf 80' lang='lat' dir='ltr'><strong>Educat</strong></span> <span class='ocrx_word' id='word_1_720' title='bbox 3082 3460 3217 3503; x_wconf 88' lang='lat' dir='ltr'><strong>terra</strong></span> <span class='ocrx_word' id='word_1_721' title='bbox 3251 3450 3600 3520; x_wconf 85' lang='lat' dir='ltr'><strong>quadrupedes</strong></span> <span class='ocrx_word' id='word_1_722' title='bbox 3638 3461 3684 3503; x_wconf 83' lang='lat' dir='ltr'><strong>et</strong></span> <span class='ocrx_word' id='word_1_723' title='bbox 3720 3451 3799 3504; x_wconf 84' lang='lat' dir='ltr'><strong>be-</strong></span> 
     </span>
    </p>
   </div>
   <div class='ocr_carea' id='block_1_96' title="bbox 2221 3537 3798 3605">
    <p class='ocr_par' dir='ltr' id='par_1_96' title="bbox 2221 3537 3798 3605">
     <span class='ocr_line' id='line_1_96' title="bbox 2221 3537 3798 3605; baseline 0.002 -14"><span class='ocrx_word' id='word_1_724' title='bbox 2221 3543 2361 3593; x_wconf 88' lang='lat' dir='ltr'><strong>stias.</strong></span> <span class='ocrx_word' id='word_1_725' title='bbox 2393 3538 2498 3594; x_wconf 84' lang='lat' dir='ltr'><strong>Cur</strong></span> <span class='ocrx_word' id='word_1_726' title='bbox 2527 3540 2635 3603; x_wconf 89' lang='lat' dir='ltr'><strong>ibi,</strong></span> <span class='ocrx_word' id='word_1_727' title='bbox 2669 3537 2942 3604; x_wconf 84' lang='lat' dir='ltr'><strong>Cerminet,</strong></span> <span class='ocrx_word' id='word_1_728' title='bbox 2970 3538 3074 3605; x_wconf 91' lang='lat' dir='ltr'><strong>hic,</strong></span> <span class='ocrx_word' id='word_1_729' title='bbox 3116 3537 3334 3604; x_wconf 86' lang='lat' dir='ltr'><strong>Educat,</strong></span> <span class='ocrx_word' id='word_1_730' title='bbox 3363 3539 3528 3594; x_wconf 88' lang='lat' dir='ltr'><strong>dicit?</strong></span> <span class='ocrx_word' id='word_1_731' title='bbox 3555 3539 3798 3594; x_wconf 82' lang='lat' dir='ltr'><strong>Germina</strong></span> 
     </span>
    </p>
   </div>
   <div class='ocr_carea' id='block_1_97' title="bbox 2221 3632 3798 3703">
    <p class='ocr_par' dir='ltr' id='par_1_97' title="bbox 2221 3632 3798 3703">
     <span class='ocr_line' id='line_1_97' title="bbox 2221 3632 3798 3703; baseline 0.001 -17"><span class='ocrx_word' id='word_1_732' title='bbox 2221 3644 2274 3686; x_wconf 91' lang='lat' dir='ltr'><strong>et</strong></span> <span class='ocrx_word' id='word_1_733' title='bbox 2304 3635 2438 3703; x_wconf 86' lang='lat' dir='ltr'><strong>ligna</strong></span> <span class='ocrx_word' id='word_1_734' title='bbox 2464 3632 2771 3703; x_wconf 80' lang='lat' dir='ltr'><strong>fructusque</strong></span> <span class='ocrx_word' id='word_1_735' title='bbox 2796 3633 3077 3703; x_wconf 88' lang='lat' dir='ltr'><strong>quotannis</strong></span> <span class='ocrx_word' id='word_1_736' title='bbox 3117 3635 3436 3702; x_wconf 86' lang='lat' dir='ltr'><strong>germinant.</strong></span> <span class='ocrx_word' id='word_1_737' title='bbox 3480 3633 3615 3701; x_wconf 84' lang='lat' dir='ltr'><strong>Quia</strong></span> <span class='ocrx_word' id='word_1_738' title='bbox 3648 3635 3798 3703; x_wconf 81' lang='lat' dir='ltr'><strong>igitur</strong></span> 
     </span>
    </p>
   </div>
   <div class='ocr_carea' id='block_1_98' title="bbox 2221 3723 3792 3792">
    <p class='ocr_par' dir='ltr' id='par_1_98' title="bbox 2221 3723 3792 3792">
     <span class='ocr_line' id='line_1_98' title="bbox 2221 3723 3792 3792; baseline -0.004 -14"><span class='ocrx_word' id='word_1_739' title='bbox 2221 3726 2423 3779; x_wconf 86' lang='lat' dir='ltr'><strong>semina</strong></span> <span class='ocrx_word' id='word_1_740' title='bbox 2448 3725 2501 3779; x_wconf 92' lang='lat' dir='ltr'><strong>in</strong></span> <span class='ocrx_word' id='word_1_741' title='bbox 2526 3734 2665 3779; x_wconf 90' lang='lat' dir='ltr'><strong>terra</strong></span> <span class='ocrx_word' id='word_1_742' title='bbox 2695 3739 2941 3777; x_wconf 88' lang='lat' dir='ltr'><strong>mansura</strong></span> <span class='ocrx_word' id='word_1_743' title='bbox 2968 3734 3160 3790; x_wconf 91' lang='lat' dir='ltr'><strong>erant,</strong></span> <span class='ocrx_word' id='word_1_744' title='bbox 3206 3734 3259 3777; x_wconf 92' lang='lat' dir='ltr'><strong>et</strong></span> <span class='ocrx_word' id='word_1_745' title='bbox 3286 3739 3350 3777; x_wconf 84' lang='lat' dir='ltr'><strong>ex</strong></span> <span class='ocrx_word' id='word_1_746' title='bbox 3376 3723 3466 3776; x_wconf 89' lang='lat' dir='ltr'><strong>illa</strong></span> <span class='ocrx_word' id='word_1_747' title='bbox 3499 3724 3792 3792; x_wconf 75' lang='lat' dir='ltr'><strong>proditum,</strong></span> 
     </span>
    </p>
   </div>
   <div class='ocr_carea' id='block_1_99' title="bbox 2222 3819 3791 3888">
    <p class='ocr_par' dir='ltr' id='par_1_99' title="bbox 2222 3819 3791 3888">
     <span class='ocr_line' id='line_1_99' title="bbox 2222 3819 3791 3888; baseline -0.003 -15"><span class='ocrx_word' id='word_1_748' title='bbox 2222 3820 2341 3874; x_wconf 89' lang='lat' dir='ltr'><strong>ideo</strong></span> <span class='ocrx_word' id='word_1_749' title='bbox 2369 3819 2477 3887; x_wconf 90' lang='lat' dir='ltr'><strong>ait,</strong></span> <span class='ocrx_word' id='word_1_750' title='bbox 2507 3819 2776 3873; x_wconf 80' lang='lat' dir='ltr'><strong>Germinet.</strong></span> <span class='ocrx_word' id='word_1_751' title='bbox 2810 3819 2874 3872; x_wconf 87' lang='lat' dir='ltr'><strong>Et</strong></span> <span class='ocrx_word' id='word_1_752' title='bbox 2908 3820 3046 3873; x_wconf 88' lang='lat' dir='ltr'><strong>circa</strong></span> <span class='ocrx_word' id='word_1_753' title='bbox 3079 3819 3326 3871; x_wconf 91' lang='lat' dir='ltr'><strong>animalia</strong></span> <span class='ocrx_word' id='word_1_754' title='bbox 3350 3860 3364 3883; x_wconf 89' lang='lat'><strong>,</strong></span> <span class='ocrx_word' id='word_1_755' title='bbox 3402 3819 3599 3872; x_wconf 78' lang='lat' dir='ltr'><strong>Educet</strong></span> <span class='ocrx_word' id='word_1_756' title='bbox 3620 3861 3634 3884; x_wconf 91' lang='lat'><strong>,</strong></span> <span class='ocrx_word' id='word_1_757' title='bbox 3682 3820 3791 3888; x_wconf 87' lang='lat' dir='ltr'><strong>quia</strong></span> 
     </span>
    </p>
   </div>
   <div class='ocr_carea' id='block_1_100' title="bbox 2220 3911 3793 3976">
    <p class='ocr_par' dir='ltr' id='par_1_100' title="bbox 2220 3911 3793 3976">
     <span class='ocr_line' id='line_1_100' title="bbox 2220 3911 3793 3976; baseline -0.001 -11"><span class='ocrx_word' id='word_1_758' title='bbox 2220 3929 2341 3965; x_wconf 75' lang='lat' dir='ltr'><strong>Cb.“</strong></span> <span class='ocrx_word' id='word_1_759' title='bbox 2367 3912 2531 3966; x_wconf 88' lang='lat' dir='ltr'><strong>semel</strong></span> <span class='ocrx_word' id='word_1_760' title='bbox 2556 3927 2620 3965; x_wconf 79' lang='lat' dir='ltr'><strong>ex</strong></span> <span class='ocrx_word' id='word_1_761' title='bbox 2652 3922 2789 3965; x_wconf 87' lang='lat' dir='ltr'><strong>terra</strong></span> <span class='ocrx_word' id='word_1_762' title='bbox 2818 3922 2933 3964; x_wconf 88' lang='lat' dir='ltr'><strong>orta</strong></span> <span class='ocrx_word' id='word_1_763' title='bbox 2957 3920 3154 3976; x_wconf 80' lang='lat' dir='ltr'><strong>essent,</strong></span> <span class='ocrx_word' id='word_1_764' title='bbox 3182 3926 3283 3963; x_wconf 91' lang='lat' dir='ltr'><strong>non</strong></span> <span class='ocrx_word' id='word_1_765' title='bbox 3312 3912 3447 3964; x_wconf 90' lang='lat' dir='ltr'><strong>ultra</strong></span> <span class='ocrx_word' id='word_1_766' title='bbox 3475 3928 3502 3962; x_wconf 90' lang='lat' dir='ltr'><strong>a</strong></span> <span class='ocrx_word' id='word_1_767' title='bbox 3527 3922 3686 3974; x_wconf 81' lang='lat' dir='ltr'><strong>terra,</strong></span> <span class='ocrx_word' id='word_1_768' title='bbox 3705 3911 3793 3963; x_wconf 84' lang='lat' dir='ltr'><strong>sed</strong></span> 
     </span>
    </p>
   </div>
   <div class='ocr_carea' id='block_1_101' title="bbox 2223 4000 3791 4072">
    <p class='ocr_par' dir='ltr' id='par_1_101' title="bbox 2223 4000 3791 4072">
     <span class='ocr_line' id='line_1_101' title="bbox 2223 4000 3791 4072; baseline -0.003 -14"><span class='ocrx_word' id='word_1_769' title='bbox 2223 4021 2314 4072; x_wconf 65' lang='grc' dir='ltr'><strong>ινιτ</strong></span> <span class='ocrx_word' id='word_1_770' title='bbox 2350 4005 2741 4058; x_wconf 89' lang='lat' dir='ltr'><strong>successionem</strong></span> <span class='ocrx_word' id='word_1_771' title='bbox 2772 4003 3074 4072; x_wconf 86' lang='lat' dir='ltr'><strong>gignuntur.</strong></span> <span class='ocrx_word' id='word_1_772' title='bbox 3110 4000 3327 4054; x_wconf 85' lang='lat' dir='ltr'><strong>Factum</strong></span> <span class='ocrx_word' id='word_1_773' title='bbox 3353 4011 3423 4055; x_wconf 88' lang='lat' dir='ltr'><strong>est</strong></span> <span class='ocrx_word' id='word_1_774' title='bbox 3449 4004 3540 4054; x_wconf 85' lang='lat' dir='ltr'><strong>ita.</strong></span> <span class='ocrx_word' id='word_1_775' title='bbox 3569 4001 3791 4055; x_wconf 79' lang='lat' dir='ltr'><strong>Verbum</strong></span> 
     </span>
    </p>
   </div>
   <div class='ocr_carea' id='block_1_102' title="bbox 2220 4094 3795 4166">
    <p class='ocr_par' dir='ltr' id='par_1_102' title="bbox 2220 4094 3795 4166">
     <span class='ocr_line' id='line_1_102' title="bbox 2220 4094 3795 4166; baseline 0.001 -18"><span class='ocrx_word' id='word_1_776' title='bbox 2220 4097 2271 4149; x_wconf 89' lang='lat' dir='ltr'><strong>in</strong></span> <span class='ocrx_word' id='word_1_777' title='bbox 2301 4112 2433 4166; x_wconf 88' lang='lat' dir='ltr'><strong>opus</strong></span> <span class='ocrx_word' id='word_1_778' title='bbox 2454 4095 2689 4150; x_wconf 89' lang='lat' dir='ltr'><strong>decurrit</strong></span> <span class='ocrx_word' id='word_1_779' title='bbox 2715 4113 2729 4161; x_wconf 89' lang='lat'><strong>;</strong></span> <span class='ocrx_word' id='word_1_780' title='bbox 2758 4104 2942 4149; x_wconf 87' lang='lat' dir='ltr'><strong>ornata</strong></span> <span class='ocrx_word' id='word_1_781' title='bbox 2970 4094 3066 4148; x_wconf 82' lang='lat' dir='ltr'><strong>luit</strong></span> <span class='ocrx_word' id='word_1_782' title='bbox 3087 4104 3260 4160; x_wconf 89' lang='lat' dir='ltr'><strong>terra;</strong></span> <span class='ocrx_word' id='word_1_783' title='bbox 3288 4094 3568 4164; x_wconf 84' lang='lat' dir='ltr'><strong>Oportebat</strong></span> <span class='ocrx_word' id='word_1_784' title='bbox 3587 4096 3795 4149; x_wconf 85' lang='lat' dir='ltr'><strong>demum</strong></span> 
     </span>
    </p>
   </div>
   <div class='ocr_carea' id='block_1_103' title="bbox 2218 4188 2637 4245">
    <p class='ocr_par' dir='ltr' id='par_1_103' title="bbox 2218 4188 2637 4245">
     <span class='ocr_line' id='line_1_103' title="bbox 2218 4188 2637 4245; baseline -0.012 0"><span class='ocrx_word' id='word_1_785' title='bbox 2218 4192 2397 4245; x_wconf 92' lang='lat' dir='ltr'><strong>ornari</strong></span> <span class='ocrx_word' id='word_1_786' title='bbox 2424 4188 2637 4244; x_wconf 70' lang='lat' dir='ltr'><strong>caelum.</strong></span> 
     </span>
    </p>
   </div>
   <div class='ocr_carea' id='block_1_104' title="bbox 2289 4276 3795 4348">
    <p class='ocr_par' dir='ltr' id='par_1_104' title="bbox 2289 4276 3795 4348">
     <span class='ocr_line' id='line_1_104' title="bbox 2289 4276 3795 4348; baseline -0.003 -14"><span class='ocrx_word' id='word_1_787' title='bbox 2289 4280 2390 4334; x_wconf 82' lang='lat' dir='ltr'><strong>Cur</strong></span> <span class='ocrx_word' id='word_1_788' title='bbox 2428 4280 2584 4333; x_wconf 89' lang='lat' dir='ltr'><strong>solem</strong></span> <span class='ocrx_word' id='word_1_789' title='bbox 2610 4288 2658 4333; x_wconf 88' lang='lat' dir='ltr'><strong>et</strong></span> <span class='ocrx_word' id='word_1_790' title='bbox 2698 4278 2870 4332; x_wconf 88' lang='lat' dir='ltr'><strong>lunam</strong></span> <span class='ocrx_word' id='word_1_791' title='bbox 2894 4294 2997 4331; x_wconf 88' lang='lat' dir='ltr'><strong>non</strong></span> <span class='ocrx_word' id='word_1_792' title='bbox 3026 4278 3187 4348; x_wconf 83' lang='lat' dir='ltr'><strong>primo</strong></span> <span class='ocrx_word' id='word_1_793' title='bbox 3216 4277 3298 4330; x_wconf 82' lang='lat' dir='ltr'><strong>die</strong></span> <span class='ocrx_word' id='word_1_794' title='bbox 3340 4278 3509 4347; x_wconf 82' lang='lat' dir='ltr'><strong>fecerit</strong></span> <span class='ocrx_word' id='word_1_795' title='bbox 3552 4276 3704 4330; x_wconf 80' lang='lat' dir='ltr'><strong>Deus.</strong></span> <span class='ocrx_word' id='word_1_796' title='bbox 3730 4305 3795 4316; x_wconf 86' lang='lat'><strong>~-</strong></span> 
     </span>
    </p>
   </div>
   <div class='ocr_carea' id='block_1_105' title="bbox 2218 4367 3794 4442">
    <p class='ocr_par' dir='ltr' id='par_1_105' title="bbox 2218 4367 3794 4442">
     <span class='ocr_line' id='line_1_105' title="bbox 2218 4367 3794 4442; baseline -0.005 -14"><span class='ocrx_word' id='word_1_797' title='bbox 2218 4374 2323 4428; x_wconf 86' lang='lat' dir='ltr'><strong>Cur</strong></span> <span class='ocrx_word' id='word_1_798' title='bbox 2353 4373 2498 4442; x_wconf 88' lang='lat' dir='ltr'><strong>prius</strong></span> <span class='ocrx_word' id='word_1_799' title='bbox 2522 4381 2714 4424; x_wconf 89' lang='lat' dir='ltr'><strong>terram</strong></span> <span class='ocrx_word' id='word_1_800' title='bbox 2747 4381 3004 4435; x_wconf 80' lang='lat' dir='ltr'><strong>exornat,</strong></span> <span class='ocrx_word' id='word_1_801' title='bbox 3032 4384 3188 4438; x_wconf 81' lang='lat' dir='ltr'><strong>quam</strong></span> <span class='ocrx_word' id='word_1_802' title='bbox 3215 4369 3401 4422; x_wconf 76' lang='lat' dir='ltr'><strong>etclam</strong></span> <span class='ocrx_word' id='word_1_803' title='bbox 3420 4367 3443 4419; x_wconf 67' lang='grc' dir='ltr'><em>ἲ</em></span> <span class='ocrx_word' id='word_1_804' title='bbox 3464 4368 3686 4437; x_wconf 86' lang='lat' dir='ltr'><strong>Propter</strong></span> <span class='ocrx_word' id='word_1_805' title='bbox 3708 4382 3794 4421; x_wconf 84' lang='lat' dir='ltr'><strong>er-</strong></span> 
     </span>
    </p>
   </div>
   <div class='ocr_carea' id='block_1_106' title="bbox 2218 4462 3795 4534">
    <p class='ocr_par' dir='ltr' id='par_1_106' title="bbox 2218 4462 3795 4534">
     <span class='ocr_line' id='line_1_106' title="bbox 2218 4462 3795 4534; baseline -0.003 -14"><span class='ocrx_word' id='word_1_806' title='bbox 2218 4482 2394 4521; x_wconf 87' lang='lat' dir='ltr'><strong>rorem</strong></span> <span class='ocrx_word' id='word_1_807' title='bbox 2418 4465 2787 4534; x_wconf 89' lang='lat' dir='ltr'><strong>multiplicium</strong></span> <span class='ocrx_word' id='word_1_808' title='bbox 2815 4464 3059 4527; x_wconf 89' lang='lat' dir='ltr'><strong>deorum,</strong></span> <span class='ocrx_word' id='word_1_809' title='bbox 3090 4462 3180 4532; x_wconf 91' lang='lat' dir='ltr'><strong>qui</strong></span> <span class='ocrx_word' id='word_1_810' title='bbox 3212 4464 3513 4517; x_wconf 81' lang='lat' dir='ltr'><strong>esoriturus</strong></span> <span class='ocrx_word' id='word_1_811' title='bbox 3535 4472 3670 4529; x_wconf 86' lang='lat' dir='ltr'><strong>erat,</strong></span> <span class='ocrx_word' id='word_1_812' title='bbox 3694 4476 3795 4531; x_wconf 91' lang='lat' dir='ltr'><strong>quo</strong></span> 
     </span>
    </p>
   </div>
   <div class='ocr_carea' id='block_1_107' title="bbox 2218 4550 3793 4621">
    <p class='ocr_par' dir='ltr' id='par_1_107' title="bbox 2218 4550 3793 4621">
     <span class='ocr_line' id='line_1_107' title="bbox 2218 4550 3793 4621; baseline -0.004 -10"><span class='ocrx_word' id='word_1_813' title='bbox 2218 4559 2385 4611; x_wconf 90' lang='lat' dir='ltr'><strong>solem</strong></span> <span class='ocrx_word' id='word_1_814' title='bbox 2404 4598 2417 4621; x_wconf 92' lang='lat'><strong>,</strong></span> <span class='ocrx_word' id='word_1_815' title='bbox 2446 4557 2623 4609; x_wconf 89' lang='lat' dir='ltr'><strong>lunam</strong></span> <span class='ocrx_word' id='word_1_816' title='bbox 2651 4597 2665 4621; x_wconf 91' lang='lat'><strong>,</strong></span> <span class='ocrx_word' id='word_1_817' title='bbox 2696 4554 2875 4607; x_wconf 90' lang='lat' dir='ltr'><strong>stellas</strong></span> <span class='ocrx_word' id='word_1_818' title='bbox 2904 4554 3199 4607; x_wconf 90' lang='lat' dir='ltr'><strong>coluerunt.</strong></span> <span class='ocrx_word' id='word_1_819' title='bbox 3253 4551 3394 4605; x_wconf 77' lang='lat' dir='ltr'><strong>Dixit</strong></span> <span class='ocrx_word' id='word_1_820' title='bbox 3436 4551 3606 4614; x_wconf 75' lang='lat' dir='ltr'><strong>Deus,</strong></span> <span class='ocrx_word' id='word_1_821' title='bbox 3639 4550 3793 4605; x_wconf 86' lang='lat' dir='ltr'><strong>Fiant</strong></span> 
     </span>
    </p>
   </div>
   <div class='ocr_carea' id='block_1_108' title="bbox 2219 4641 3794 4715">
    <p class='ocr_par' dir='ltr' id='par_1_108' title="bbox 2219 4641 3794 4715">
     <span class='ocr_line' id='line_1_108' title="bbox 2219 4641 3794 4715; baseline -0.006 -11"><span class='ocrx_word' id='word_1_822' title='bbox 2219 4650 2488 4704; x_wconf 86' lang='lat' dir='ltr'><strong>luminaria</strong></span> <span class='ocrx_word' id='word_1_823' title='bbox 2517 4648 2568 4700; x_wconf 90' lang='lat' dir='ltr'><strong>in</strong></span> <span class='ocrx_word' id='word_1_824' title='bbox 2613 4647 2929 4715; x_wconf 84' lang='lat' dir='ltr'><strong>ﬁrmamento</strong></span> <span class='ocrx_word' id='word_1_825' title='bbox 2955 4645 3065 4697; x_wconf 71' lang='grc' dir='ltr'><strong>εωιὶ</strong></span> <span class='ocrx_word' id='word_1_826' title='bbox 3113 4642 3317 4711; x_wconf 68' lang='lat' dir='ltr'><strong>(lienes.</strong></span> <span class='ocrx_word' id='word_1_827' title='bbox 3352 4645 3403 4697; x_wconf 83' lang='grc'><strong>1.</strong></span> <span class='ocrx_word' id='word_1_828' title='bbox 3434 4644 3544 4714; x_wconf 78' lang='lat' dir='ltr'><strong>M).</strong></span> <span class='ocrx_word' id='word_1_829' title='bbox 3575 4641 3683 4697; x_wconf 89' lang='lat' dir='ltr'><strong>Cur</strong></span> <span class='ocrx_word' id='word_1_830' title='bbox 3708 4660 3794 4697; x_wconf 84' lang='lat' dir='ltr'><strong>so-</strong></span> 
     </span>
    </p>
   </div>
   <div class='ocr_carea' id='block_1_109' title="bbox 2220 4734 3805 4805">
    <p class='ocr_par' dir='ltr' id='par_1_109' title="bbox 2220 4734 3805 4805">
     <span class='ocr_line' id='line_1_109' title="bbox 2220 4734 3805 4805; baseline -0.004 -10"><span class='ocrx_word' id='word_1_831' title='bbox 2220 4741 2323 4795; x_wconf 89' lang='lat' dir='ltr'><strong>lem</strong></span> <span class='ocrx_word' id='word_1_832' title='bbox 2351 4751 2403 4793; x_wconf 87' lang='lat' dir='ltr'><strong>et</strong></span> <span class='ocrx_word' id='word_1_833' title='bbox 2431 4741 2605 4792; x_wconf 87' lang='lat' dir='ltr'><strong>lunam</strong></span> <span class='ocrx_word' id='word_1_834' title='bbox 2638 4754 2741 4791; x_wconf 90' lang='lat' dir='ltr'><strong>non</strong></span> <span class='ocrx_word' id='word_1_835' title='bbox 2772 4737 2942 4805; x_wconf 86' lang='lat' dir='ltr'><strong>primo</strong></span> <span class='ocrx_word' id='word_1_836' title='bbox 2987 4737 3073 4789; x_wconf 90' lang='lat' dir='ltr'><strong>die</strong></span> <span class='ocrx_word' id='word_1_837' title='bbox 3102 4735 3267 4788; x_wconf 79' lang='lat' dir='ltr'><strong>fecit?</strong></span> <span class='ocrx_word' id='word_1_838' title='bbox 3290 4735 3422 4800; x_wconf 78' lang='lat' dir='ltr'><strong>Quia</strong></span> <span class='ocrx_word' id='word_1_839' title='bbox 3452 4734 3689 4789; x_wconf 90' lang='lat' dir='ltr'><strong>nondum</strong></span> <span class='ocrx_word' id='word_1_840' title='bbox 3722 4738 3805 4789; x_wconf 50' lang='lat'><strong>‘3‘.</strong></span> 
     </span>
    </p>
   </div>
   <div class='ocr_carea' id='block_1_110' title="bbox 2218 4827 3796 4896">
    <p class='ocr_par' dir='ltr' id='par_1_110' title="bbox 2218 4827 3796 4896">
     <span class='ocr_line' id='line_1_110' title="bbox 2218 4827 3796 4896; baseline -0.001 -10"><span class='ocrx_word' id='word_1_841' title='bbox 2218 4846 2360 4887; x_wconf 85' lang='lat' dir='ltr'><strong>ctum</strong></span> <span class='ocrx_word' id='word_1_842' title='bbox 2392 4831 2564 4884; x_wconf 83' lang='lat' dir='ltr'><strong>fuerat</strong></span> <span class='ocrx_word' id='word_1_843' title='bbox 2592 4830 3001 4891; x_wconf 88' lang='lat' dir='ltr'><strong>ﬁrmamentum,</strong></span> <span class='ocrx_word' id='word_1_844' title='bbox 3028 4829 3079 4880; x_wconf 92' lang='lat' dir='ltr'><strong>in</strong></span> <span class='ocrx_word' id='word_1_845' title='bbox 3109 4844 3214 4896; x_wconf 90' lang='lat' dir='ltr'><strong>quo</strong></span> <span class='ocrx_word' id='word_1_846' title='bbox 3244 4828 3329 4880; x_wconf 90' lang='lat' dir='ltr'><strong>illa</strong></span> <span class='ocrx_word' id='word_1_847' title='bbox 3354 4827 3596 4896; x_wconf 87' lang='lat' dir='ltr'><strong>ponenda</strong></span> <span class='ocrx_word' id='word_1_848' title='bbox 3623 4838 3796 4884; x_wconf 82' lang='lat' dir='ltr'><strong>erant.</strong></span> 
     </span>
    </p>
   </div>
   <div class='ocr_carea' id='block_1_111' title="bbox 2218 4918 3800 4993">
    <p class='ocr_par' dir='ltr' id='par_1_111' title="bbox 2218 4918 3800 4993">
     <span class='ocr_line' id='line_1_111' title="bbox 2218 4918 3800 4993; baseline -0.006 -14"><span class='ocrx_word' id='word_1_849' title='bbox 2218 4924 2400 4993; x_wconf 80' lang='lat' dir='ltr'><strong>Neque</strong></span> <span class='ocrx_word' id='word_1_850' title='bbox 2417 4924 2485 4977; x_wconf 91' lang='lat' dir='ltr'><strong>ob</strong></span> <span class='ocrx_word' id='word_1_851' title='bbox 2504 4924 2639 4976; x_wconf 86' lang='lat' dir='ltr'><strong>hanc</strong></span> <span class='ocrx_word' id='word_1_852' title='bbox 2662 4931 2862 4975; x_wconf 89' lang='lat' dir='ltr'><strong>tantum</strong></span> <span class='ocrx_word' id='word_1_853' title='bbox 2879 4936 3093 4974; x_wconf 89' lang='lat' dir='ltr'><strong>causam</strong></span> <span class='ocrx_word' id='word_1_854' title='bbox 3115 4918 3238 4985; x_wconf 88' lang='lat' dir='ltr'><strong>;scd</strong></span> <span class='ocrx_word' id='word_1_855' title='bbox 3254 4920 3375 4988; x_wconf 91' lang='lat' dir='ltr'><strong>quia</strong></span> <span class='ocrx_word' id='word_1_856' title='bbox 3393 4920 3627 4973; x_wconf 89' lang='lat' dir='ltr'><strong>nondum</strong></span> <span class='ocrx_word' id='word_1_857' title='bbox 3648 4928 3800 4972; x_wconf 81' lang='lat' dir='ltr'><strong>erant</strong></span> 
     </span>
    </p>
   </div>
   <div class='ocr_carea' id='block_1_112' title="bbox 2222 5012 3799 5085">
    <p class='ocr_par' dir='ltr' id='par_1_112' title="bbox 2222 5012 3799 5085">
     <span class='ocr_line' id='line_1_112' title="bbox 2222 5012 3799 5085; baseline -0.002 -15"><span class='ocrx_word' id='word_1_858' title='bbox 2222 5017 2422 5070; x_wconf 80' lang='lat' dir='ltr'><strong>fructus</strong></span> <span class='ocrx_word' id='word_1_859' title='bbox 2446 5057 2459 5080; x_wconf 93' lang='lat'><strong>,</strong></span> <span class='ocrx_word' id='word_1_860' title='bbox 2489 5016 2577 5085; x_wconf 90' lang='lat' dir='ltr'><strong>qui</strong></span> <span class='ocrx_word' id='word_1_861' title='bbox 2608 5014 2676 5068; x_wconf 89' lang='lat' dir='ltr'><strong>ab</strong></span> <span class='ocrx_word' id='word_1_862' title='bbox 2720 5015 2826 5069; x_wconf 92' lang='lat' dir='ltr'><strong>illis</strong></span> <span class='ocrx_word' id='word_1_863' title='bbox 2861 5017 3183 5067; x_wconf 80' lang='lat' dir='ltr'><strong>loverentur.</strong></span> <span class='ocrx_word' id='word_1_864' title='bbox 3230 5012 3407 5069; x_wconf 87' lang='lat' dir='ltr'><strong>Tertio</strong></span> <span class='ocrx_word' id='word_1_865' title='bbox 3453 5028 3686 5082; x_wconf 87' lang='lat' dir='ltr'><strong>namque</strong></span> <span class='ocrx_word' id='word_1_866' title='bbox 3715 5013 3799 5067; x_wconf 88' lang='lat' dir='ltr'><strong>die</strong></span> 
     </span>
    </p>
   </div>
   <div class='ocr_carea' id='block_1_113' title="bbox 2219 5104 3795 5177">
    <p class='ocr_par' dir='ltr' id='par_1_113' title="bbox 2219 5104 3795 5177">
     <span class='ocr_line' id='line_1_113' title="bbox 2219 5104 3795 5177; baseline -0.002 -15"><span class='ocrx_word' id='word_1_867' title='bbox 2219 5108 2421 5162; x_wconf 81' lang='lat' dir='ltr'><strong>fruetus</strong></span> <span class='ocrx_word' id='word_1_868' title='bbox 2468 5108 2854 5177; x_wconf 74' lang='lat' dir='ltr'><strong>germinat-unt.</strong></span> <span class='ocrx_word' id='word_1_869' title='bbox 2887 5109 2964 5160; x_wconf 87' lang='lat' dir='ltr'><strong>Ac</strong></span> <span class='ocrx_word' id='word_1_870' title='bbox 2993 5121 3060 5159; x_wconf 91' lang='lat' dir='ltr'><strong>ne</strong></span> <span class='ocrx_word' id='word_1_871' title='bbox 3087 5114 3361 5173; x_wconf 86' lang='lat' dir='ltr'><strong>putaretur</strong></span> <span class='ocrx_word' id='word_1_872' title='bbox 3404 5105 3530 5159; x_wconf 89' lang='lat' dir='ltr'><strong>illos</strong></span> <span class='ocrx_word' id='word_1_873' title='bbox 3573 5121 3641 5160; x_wconf 75' lang='lat' dir='ltr'><strong>es</strong></span> <span class='ocrx_word' id='word_1_874' title='bbox 3671 5104 3795 5159; x_wconf 91' lang='lat' dir='ltr'><strong>solis</strong></span> 
     </span>
    </p>
   </div>
   <div class='ocr_carea' id='block_1_114' title="bbox 2220 5195 3795 5271">
    <p class='ocr_par' dir='ltr' id='par_1_114' title="bbox 2220 5195 3795 5271">
     <span class='ocr_line' id='line_1_114' title="bbox 2220 5195 3795 5271; baseline -0.004 -16"><span class='ocrx_word' id='word_1_875' title='bbox 2220 5212 2404 5255; x_wconf 76' lang='lat' dir='ltr'><strong>natura</strong></span> <span class='ocrx_word' id='word_1_876' title='bbox 2431 5200 2779 5271; x_wconf 84' lang='lat' dir='ltr'><strong>germinasse,</strong></span> <span class='ocrx_word' id='word_1_877' title='bbox 2811 5207 2933 5268; x_wconf 90' lang='lat' dir='ltr'><strong>post</strong></span> <span class='ocrx_word' id='word_1_878' title='bbox 2956 5198 3255 5252; x_wconf 87' lang='lat' dir='ltr'><strong>absolutam</strong></span> <span class='ocrx_word' id='word_1_879' title='bbox 3280 5198 3605 5252; x_wconf 87' lang='lat' dir='ltr'><strong>creationem</strong></span> <span class='ocrx_word' id='word_1_880' title='bbox 3627 5195 3657 5264; x_wconf 85' lang='grc'><strong>,’</strong></span> <span class='ocrx_word' id='word_1_881' title='bbox 3675 5210 3795 5251; x_wconf 88' lang='lat' dir='ltr'><strong>tunc</strong></span> 
     </span>
    </p>
   </div>
   <div class='ocr_carea' id='block_1_115' title="bbox 2222 5288 3795 5357">
    <p class='ocr_par' dir='ltr' id='par_1_115' title="bbox 2222 5288 3795 5357">
     <span class='ocr_line' id='line_1_115' title="bbox 2222 5288 3795 5357; baseline -0.003 -9"><span class='ocrx_word' id='word_1_882' title='bbox 2222 5295 2362 5348; x_wconf 87' lang='lat' dir='ltr'><strong>Deus</strong></span> <span class='ocrx_word' id='word_1_883' title='bbox 2410 5294 2532 5347; x_wconf 82' lang='lat' dir='ltr'><strong>iecit</strong></span> <span class='ocrx_word' id='word_1_884' title='bbox 2580 5294 2784 5357; x_wconf 88' lang='lat' dir='ltr'><strong>solem,</strong></span> <span class='ocrx_word' id='word_1_885' title='bbox 2817 5292 2995 5345; x_wconf 92' lang='lat' dir='ltr'><strong>lunam</strong></span> <span class='ocrx_word' id='word_1_886' title='bbox 3023 5299 3077 5346; x_wconf 90' lang='lat' dir='ltr'><strong>et</strong></span> <span class='ocrx_word' id='word_1_887' title='bbox 3110 5290 3312 5344; x_wconf 82' lang='lat' dir='ltr'><strong>stellas.</strong></span> <span class='ocrx_word' id='word_1_888' title='bbox 3354 5288 3632 5345; x_wconf 89' lang='lat' dir='ltr'><strong>Undenam</strong></span> <span class='ocrx_word' id='word_1_889' title='bbox 3662 5290 3795 5343; x_wconf 89' lang='lat' dir='ltr'><strong>Deus</strong></span> 
     </span>
    </p>
   </div>
   <div class='ocr_carea' id='block_1_116' title="bbox 2222 5382 3793 5451">
    <p class='ocr_par' dir='ltr' id='par_1_116' title="bbox 2222 5382 3793 5451">
     <span class='ocr_line' id='line_1_116' title="bbox 2222 5382 3793 5451; baseline -0.004 -12"><span class='ocrx_word' id='word_1_890' title='bbox 2222 5385 2310 5439; x_wconf 91' lang='lat' dir='ltr'><strong>illa</strong></span> <span class='ocrx_word' id='word_1_891' title='bbox 2334 5384 2497 5439; x_wconf 79' lang='lat' dir='ltr'><strong>fecit?</strong></span> <span class='ocrx_word' id='word_1_892' title='bbox 2528 5385 2732 5439; x_wconf 90' lang='lat' dir='ltr'><strong>Dictum</strong></span> <span class='ocrx_word' id='word_1_893' title='bbox 2773 5392 2856 5438; x_wconf 88' lang='lat' dir='ltr'><strong>est</strong></span> <span class='ocrx_word' id='word_1_894' title='bbox 2878 5384 3018 5437; x_wconf 90' lang='lat' dir='ltr'><strong>enim</strong></span> <span class='ocrx_word' id='word_1_895' title='bbox 3064 5382 3236 5451; x_wconf 90' lang='lat' dir='ltr'><strong>ipsum</strong></span> <span class='ocrx_word' id='word_1_896' title='bbox 3264 5384 3435 5451; x_wconf 92' lang='lat' dir='ltr'><strong>primo</strong></span> <span class='ocrx_word' id='word_1_897' title='bbox 3465 5382 3551 5436; x_wconf 89' lang='lat' dir='ltr'><strong>die</strong></span> <span class='ocrx_word' id='word_1_898' title='bbox 3596 5398 3663 5437; x_wconf 79' lang='lat' dir='ltr'><strong>ex</strong></span> <span class='ocrx_word' id='word_1_899' title='bbox 3694 5398 3793 5435; x_wconf 91' lang='lat' dir='ltr'><strong>nou</strong></span> 
     </span>
    </p>
   </div>
   <div class='ocr_carea' id='block_1_117' title="bbox 2221 5473 3795 5543">
    <p class='ocr_par' dir='ltr' id='par_1_117' title="bbox 2221 5473 3795 5543">
     <span class='ocr_line' id='line_1_117' title="bbox 2221 5473 3795 5543; baseline -0.003 -12"><span class='ocrx_word' id='word_1_900' title='bbox 2221 5478 2548 5532; x_wconf 75' lang='lat' dir='ltr'><strong>exstantibus</strong></span> <span class='ocrx_word' id='word_1_901' title='bbox 2568 5486 2755 5530; x_wconf 90' lang='lat' dir='ltr'><strong>cuncta</strong></span> <span class='ocrx_word' id='word_1_902' title='bbox 2784 5476 2975 5531; x_wconf 87' lang='lat' dir='ltr'><strong>fecisse</strong></span> <span class='ocrx_word' id='word_1_903' title='bbox 2998 5517 3011 5539; x_wconf 89' lang='lat'><strong>,</strong></span> <span class='ocrx_word' id='word_1_904' title='bbox 3045 5475 3263 5543; x_wconf 84' lang='lat' dir='ltr'><strong>reliquis</strong></span> <span class='ocrx_word' id='word_1_905' title='bbox 3308 5482 3483 5527; x_wconf 90' lang='lat' dir='ltr'><strong>autem</strong></span> <span class='ocrx_word' id='word_1_906' title='bbox 3516 5473 3707 5527; x_wconf 86' lang='lat' dir='ltr'><strong>diebus</strong></span> <span class='ocrx_word' id='word_1_907' title='bbox 3734 5488 3795 5526; x_wconf 78' lang='lat' dir='ltr'><strong>ex</strong></span> 
     </span>
    </p>
   </div>
   <div class='ocr_carea' id='block_1_118' title="bbox 2221 5563 3797 5637">
    <p class='ocr_par' dir='ltr' id='par_1_118' title="bbox 2221 5563 3797 5637">
     <span class='ocr_line' id='line_1_118' title="bbox 2221 5563 3797 5637; baseline -0.004 -12"><span class='ocrx_word' id='word_1_908' title='bbox 2221 5572 2567 5625; x_wconf 80' lang='lat' dir='ltr'><strong>exstantibus.</strong></span> <span class='ocrx_word' id='word_1_909' title='bbox 2596 5568 2746 5624; x_wconf 90' lang='lat' dir='ltr'><strong>Unde</strong></span> <span class='ocrx_word' id='word_1_910' title='bbox 2767 5583 2897 5637; x_wconf 85' lang='lat' dir='ltr'><strong>ergo</strong></span> <span class='ocrx_word' id='word_1_911' title='bbox 2926 5567 3046 5621; x_wconf 89' lang='lat' dir='ltr'><strong>sol?</strong></span> <span class='ocrx_word' id='word_1_912' title='bbox 3070 5568 3146 5620; x_wconf 80' lang='lat' dir='ltr'><strong>Ex</strong></span> <span class='ocrx_word' id='word_1_913' title='bbox 3194 5566 3311 5619; x_wconf 87' lang='lat' dir='ltr'><strong>luce</strong></span> <span class='ocrx_word' id='word_1_914' title='bbox 3336 5580 3455 5635; x_wconf 79' lang='lat' dir='ltr'><strong>quae</strong></span> <span class='ocrx_word' id='word_1_915' title='bbox 3497 5568 3671 5634; x_wconf 89' lang='lat' dir='ltr'><strong>primo</strong></span> <span class='ocrx_word' id='word_1_916' title='bbox 3714 5563 3797 5618; x_wconf 83' lang='lat' dir='ltr'><strong>die</strong></span> 
     </span>
    </p>
   </div>
   <div class='ocr_carea' id='block_1_119' title="bbox 2223 5656 3796 5730">
    <p class='ocr_par' dir='ltr' id='par_1_119' title="bbox 2223 5656 3796 5730">
     <span class='ocr_line' id='line_1_119' title="bbox 2223 5656 3796 5730; baseline -0.006 -13"><span class='ocrx_word' id='word_1_917' title='bbox 2223 5667 2356 5718; x_wconf 79' lang='lat' dir='ltr'><strong>facta</strong></span> <span class='ocrx_word' id='word_1_918' title='bbox 2389 5664 2556 5716; x_wconf 81' lang='lat' dir='ltr'><strong>fuerat</strong></span> <span class='ocrx_word' id='word_1_919' title='bbox 2579 5703 2593 5727; x_wconf 88' lang='lat'><strong>,</strong></span> <span class='ocrx_word' id='word_1_920' title='bbox 2624 5676 2783 5730; x_wconf 87' lang='lat' dir='ltr'><strong>quam</strong></span> <span class='ocrx_word' id='word_1_921' title='bbox 2824 5660 3047 5713; x_wconf 89' lang='lat' dir='ltr'><strong>mutavit</strong></span> <span class='ocrx_word' id='word_1_922' title='bbox 3087 5667 3144 5712; x_wconf 91' lang='lat' dir='ltr'><strong>ut</strong></span> <span class='ocrx_word' id='word_1_923' title='bbox 3172 5658 3338 5713; x_wconf 87' lang='lat' dir='ltr'><strong>voluit</strong></span> <span class='ocrx_word' id='word_1_924' title='bbox 3359 5656 3564 5711; x_wconf 77' lang='lat' dir='ltr'><strong>Artifex</strong></span> <span class='ocrx_word' id='word_1_925' title='bbox 3586 5697 3600 5719; x_wconf 84' lang='lat'><strong>,</strong></span> <span class='ocrx_word' id='word_1_926' title='bbox 3627 5657 3680 5710; x_wconf 92' lang='lat' dir='ltr'><strong>in</strong></span> <span class='ocrx_word' id='word_1_927' title='bbox 3710 5670 3796 5708; x_wconf 78' lang='lat' dir='ltr'><strong>va-</strong></span> 
     </span>
    </p>
   </div>
   <div class='ocr_carea' id='block_1_120' title="bbox 2222 5750 3795 5825">
    <p class='ocr_par' dir='ltr' id='par_1_120' title="bbox 2222 5750 3795 5825">
     <span class='ocr_line' id='line_1_120' title="bbox 2222 5750 3795 5825; baseline -0.004 -15"><span class='ocrx_word' id='word_1_928' title='bbox 2222 5758 2432 5822; x_wconf 64' lang='lat' dir='ltr'><strong>riasque</strong></span> <span class='ocrx_word' id='word_1_929' title='bbox 2474 5755 2679 5825; x_wconf 83' lang='lat' dir='ltr'><strong>species</strong></span> <span class='ocrx_word' id='word_1_930' title='bbox 2710 5754 2971 5806; x_wconf 76' lang='lat' dir='ltr'><strong>convertit</strong></span> <span class='ocrx_word' id='word_1_931' title='bbox 3003 5771 3014 5804; x_wconf 87' lang='lat'><strong>:</strong></span> <span class='ocrx_word' id='word_1_932' title='bbox 3051 5752 3157 5806; x_wconf 84' lang='lat' dir='ltr'><strong>illic</strong></span> <span class='ocrx_word' id='word_1_933' title='bbox 3196 5752 3327 5806; x_wconf 91' lang='lat' dir='ltr'><strong>lucis</strong></span> <span class='ocrx_word' id='word_1_934' title='bbox 3364 5753 3642 5804; x_wconf 87' lang='lat' dir='ltr'><strong>materiam</strong></span> <span class='ocrx_word' id='word_1_935' title='bbox 3667 5791 3681 5815; x_wconf 93' lang='lat'><strong>,</strong></span> <span class='ocrx_word' id='word_1_936' title='bbox 3714 5750 3795 5804; x_wconf 85' lang='lat' dir='ltr'><strong>hic</strong></span> 
     </span>
    </p>
   </div>
   <div class='ocr_carea' id='block_1_121' title="bbox 2229 5844 3793 5920">
    <p class='ocr_par' dir='ltr' id='par_1_121' title="bbox 2229 5844 3793 5920">
     <span class='ocr_line' id='line_1_121' title="bbox 2229 5844 3793 5920; baseline -0.006 -15"><span class='ocrx_word' id='word_1_937' title='bbox 2229 5852 2406 5907; x_wconf 84' lang='lat' dir='ltr'><strong>stellas</strong></span> <span class='ocrx_word' id='word_1_938' title='bbox 2432 5867 2443 5904; x_wconf 92' lang='lat'><strong>:</strong></span> <span class='ocrx_word' id='word_1_939' title='bbox 2469 5846 2912 5920; x_wconf 78' lang='lat' dir='ltr'><strong>quemadmodum</strong></span> <span class='ocrx_word' id='word_1_940' title='bbox 2940 5846 2983 5901; x_wconf 89' lang='lat' dir='ltr'><strong>si</strong></span> <span class='ocrx_word' id='word_1_941' title='bbox 3003 5847 3120 5916; x_wconf 91' lang='lat' dir='ltr'><strong>quis</strong></span> <span class='ocrx_word' id='word_1_942' title='bbox 3146 5846 3487 5916; x_wconf 65' lang='lat' dir='ltr'><strong>praemitteret</strong></span> <span class='ocrx_word' id='word_1_943' title='bbox 3514 5844 3632 5899; x_wconf 87' lang='lat' dir='ltr'><strong>auri</strong></span> <span class='ocrx_word' id='word_1_944' title='bbox 3656 5859 3793 5898; x_wconf 84' lang='lat' dir='ltr'><strong>mas-</strong></span> 
     </span>
    </p>
   </div>
  </div>
