4044 6306
525 275 635 330 649

523 404 573 455 οἱ
605 391 911 463 ὺφείλοντες
948 390 1266 448 θάλπεσθαι.
1290 405 1315 432 ιι
1340 393 1418 463 Τῇ
1447 393 1556 465 γὰρ
1591 393 1746 465 τρίτῃ
1774 393 2112 462 ἐϐλάστησαν

522 483 572 533 οἱ
606 479 824 550 καρποί.
856 480 964 531 Καὶ
1013 479 1098 532 ἵνα
1131 481 1205 550 μὴ
1239 481 1466 550 νομισθῇ
1502 480 1683 534 πάλιν.
1712 483 1792 534 ὅτι
1838 483 1904 550 τῇ
1956 478 2113 548 φύσει

523 567 617 620 τοῦ
649 567 800 638 ήλίου
829 565 1187 636 ἐϐλάστησαν.
1217 568 1304 620 ὅτε
1334 567 1642 638 άπηρτίσθη
1685 569 1718 638 ἡ
1758 567 2110 638 δημιουργία,

523 655 643 707 τότε
675 655 858 708 λοιπὸν
884 658 1028 708 ποιεῖ
1050 658 1078 708 6
1099 656 1230 718 Θεὸς
1256 656 1425 726 ἥλιον,
1448 655 1698 727 σελήνην,
1721 658 1913 727 ἄστρα.
1941 655 2112 708 Πόθεν

522 744 593 795 τά
622 741 760 794 αύτά
788 741 1073 812 ἐπηίησεν;
1105 743 1330 813 Εἴρηται
1365 743 1492 814 γὰρ,
1517 744 1684 812 ὅτιτῇ
1713 741 1902 811 πρώτῃ
1927 741 2112 812 ἡμέρᾳ

524 833 589 882 ἐκ
627 831 699 900 μὴ
735 831 903 882 ὄντων
943 830 1164 898 ἐποίησε
1212 830 1279 883 τὰ
1325 831 1522 893 πάντα,
1555 833 1674 893 ταῖς
1721 831 1777 883 δέ
1824 830 2008 893 ἀλλαις
2052 830 2109 895 ἐξ

521 915 712 966 ὄντων.
750 914 918 966 Πόθεν
951 911 1044 967 οῦν
1071 916 1098 966 6
1127 915 1310 983 ἧλιοςς
1353 916 1446 968 Ἐκ
1477 914 1569 968 τοῦ
1599 917 1890 984 γενομένου
1934 913 2110 983 φωτὸς

523 1001 587 1068 τῇ
635 997 824 1070 πρώτῃ
873 998 1073 1068 ἡμέρᾳ,
1109 998 1136 1050 ὃ
1166 998 1456 1069 μετέϐαλεν
1485 999 1558 1062 ώς
1591 999 1852 1068 ἠθέλησεν
1877 1001 1904 1052 6
1930 997 2107 1067 τεχνίο

524 1099 643 1152 της,
672 1082 768 1135 καὶ
805 1083 884 1146 εἰς
925 1083 1213 1152 διαφόρους
1247 1083 1640 1151 μετεσκεύασεν
1666 1083 1836 1152 ὅψεις,
1871 1085 1986 1135 ἐκεῖ
2011 1081 2107 1150 τὴν

525 1165 657 1235 ὓλην
686 1165 780 1218 τοῦ
809 1167 1004 1232 φωτὸς,
1037 1161 1138 1220 ὦδε
1167 1168 1293 1229 τοὺς
1322 1167 1557 1237 ἀστέρας
1580 1185 1594 1198 ο
1623 1167 1700 1229 ώς
1722 1168 1772 1220 ετ
1798 1185 1878 1229 τις
1904 1165 2107 1236 προϐά-

523 1249 666 1302 λοιτο
700 1249 878 1318 μᾶζαν
910 1250 1133 1318 χρυσοῦ,
1173 1251 1266 1303 καὶ
1301 1249 1436 1318 μετά
1469 1250 1641 1302 ταῦτα
1670 1250 1978 1319 νομίσματα
2010 1267 2109 1302 κα-

523 1333 788 1400 τακόψας,
823 1334 967 1386 οῦτω
992 1333 1200 1401 διαθείη
1233 1331 1326 1385 τοῦ
1369 1333 1544 1400 φωτὸς
1587 1333 1685 1402 τήν
1729 1333 2104 1403 διακόσμησιν.

525 1416 737 1484 ’Ὠσπερ
771 1417 878 1486 γάρ
911 1417 1006 1486 τήν
1037 1416 1267 1470 ἄϐυσσον
1298 1416 1416 1469 τότε
1468 1415 1525 1468 ἓν
1570 1415 1711 1487 ὕδωρ
1756 1416 2108 1486 ὑπάρχουσαν

524 1500 778 1570 ἐμέρισεν
805 1502 884 1562 είς
908 1500 1005 1562 τὰς
1029 1498 1324 1564 θαλάσσας.
1358 1503 1435 1564 είς
1459 1501 1756 1562 ποταμοὺς,
1790 1502 1868 1563 είς
1904 1501 2103 1568 πηγὰς,

525 1585 605 1645 εἰς
643 1583 857 1653 λίμνας,
888 1584 970 1646 είς
1011 1583 1255 1654 φρέαταο
1293 1581 1436 1637 οῦτω
1463 1585 1556 1637 καὶ
1583 1583 1643 1636 τὸ
1669 1583 1801 1652 φῶς,
1839 1583 1895 1635 ἓν
1935 1584 2108 1654 ὑπάρ-

525 1683 640 1736 χον,
684 1665 970 1735 μονοειδὲς,
1017 1664 1341 1734 κατατεμὼν
1373 1668 1400 1719 6
1427 1667 1697 1735 τεχνίτης,
1731 1665 1983 1738 ἐμέρισεν
2029 1668 2106 1729 είς

523 1750 672 1821 ἥλιον
704 1751 798 1803 καὶ
822 1750 1051 1821 σελήνην
1089 1751 1182 1803 καὶ
1222 1749 1416 1820 ἄστρα.
1449 1751 1598 1804 Θέλω
1627 1751 1684 1805 δέ
1713 1751 1967 1822 ζητῆσαι,
1991 1751 2106 1814 πῶς

525 1833 777 1904 ἐποίησεν
801 1835 829 1886 6
853 1833 984 1896 Θεὸς
1013 1834 1136 1896 τοῦς
1171 1833 1464 1906 φωστῆρας
1483 1851 1497 1865 ’
1544 1836 1792 1903 φαίνεται
1818 1835 1925 1903 γὰρ
1953 1835 2107 1906 ποιή-

527 1933 626 1980 σας
671 1917 866 1980 αὐτοὺς
908 1916 1012 1981 ἐξω
1056 1916 1150 1969 τοῦ
1197 1917 1448 1989 οὐρανοῦ,
1478 1919 1570 1971 καὶ
1601 1919 1722 1972 τότε
1768 1917 1945 1990 πήξας
1975 1920 2104 1973 ἀνω.

528 2001 735 2072 Ὥσπερ
765 2000 1032 2072 τεχνίτης,
1061 2001 1281 2055 ἐπειδάν
1312 2003 1588 2075 ἀπαρτίσῃ
1624 2003 1826 2066 εἰκόνα,
1855 2003 1976 2055 τόντε
2006 2002 2109 2072 πή-

523 2101 711 2152 γνυσιν
744 2085 910 2155 αὐτὴν
934 2085 991 2137 ἐν
1020 2086 1184 2156 τοίχῳ
1207 2102 1220 2115 ·
1255 2084 1427 2148 οὕτως
1447 2088 1475 2140 6
1496 2085 1627 2150 Θεὸς
1650 2087 1862 2158 πρῶτον
1886 2086 2108 2155 ἐποίησε

520 2167 648 2226 τοῦς
697 2169 988 2238 φωστῆρας
1035 2167 1139 2231 ἐξω
1187 2167 1282 2220 τοῦ
1333 2167 1586 2239 οὐρανοῦ,
1617 2169 1711 2222 καὶ
1753 2169 1875 2221 τότε
1910 2166 2107 2236 ἔπηξεν

521 2249 653 2312 ἀνω,
695 2249 882 2321 ὥσπερ
923 2250 1189 2320 τεχνίτης,
1219 2250 1296 2313 ώς
1347 2253 1612 2322 μαρτυρεῖ
1654 2253 1688 2322 ἠ
1731 2251 1952 2321 Γραφή·
2000 2249 2107 2304 Καὶ

519 2332 810 2401 ἐποίησεν
839 2337 872 2386 ό
906 2333 1049 2399 Θεὸς
1090 2334 1233 2400 τοὺς
1273 2333 1382 2387 δύο
1424 2333 1762 2403 φωστῆρας.
1801 2333 1898 2387 καὶ
1942 2333 2108 2387 ἔθετο

520 2417 740 2483 αὐτοὺς
769 2418 836 2469 ἑν
859 2417 938 2482 τῷ
963 2417 1215 2485 οὐρανῷ.
1250 2419 1374 2482 Πῶς
1402 2415 1495 2471 οὖν
1521 2420 1716 2480 αὐτοὺς
1745 2418 1976 2488 ἔπηξενς
1999 2414 2108 2488 ἆρα

525 2499 599 2569 μὴ
645 2499 778 2569 ὁμοῦ
823 2495 963 2570 ἦσαν
1010 2501 1058 2552 οί
1097 2497 1190 2552 δύο
1225 2500 1602 2571 πεπηγμένοις
1647 2501 1761 2553 Οὐκ
1791 2501 1904 2570 ἔχει
1927 2500 2103 2565 λόγον.

533 2581 694 2636 Ἀλλά
727 2583 780 2636 τί
799 2601 814 2649 ;
850 2583 1005 2636 Κατά
1034 2583 1134 2654 τὴν
1168 2584 1352 2654 φωνήν
1385 2583 1548 2638 αὑτοῦ
1575 2584 1668 2637 τοῦ
1694 2585 1828 2637 Θεοῦ
1855 2587 1888 2655 ἡ
1923 2585 2104 2654 πῆξις.

525 2666 747 2730 "Ellam,
791 2667 977 2737 φησὶν,
1012 2669 1045 2720 ό
1079 2665 1223 2732 Θεὸς
1275 2665 1417 2732 τοὺς
1452 2667 1795 2736 φωστῆρας,
1838 2667 1945 2720 τὸν
1993 2685 2110 2736 φω-

520 2746 714 2816 στῆρα
735 2747 845 2802 τὸν
875 2747 1067 2818 μέγαν
1107 2751 1190 2814 εὶς
1227 2748 1416 2818 ἀρχὰς
1448 2748 1560 2817 τῆς
1589 2750 1832 2818 ἡμέρας,
1864 2750 1962 2804 καὶ
2002 2751 2108 2802 τὸν

519 2830 808 2899 φωστῆρα
844 2831 950 2884 τὸν
978 2831 1223 2885 ἐλάσσω
1263 2835 1350 2896 είς
1381 2833 1572 2900 ἀρχὰς
1599 2831 1708 2900 τῆς
1730 2833 2108 2898 νυκτός-,Ὅτε

518 2915 550 2968 6
578 2914 729 2985 ἥλιος
764 2914 944 2985 ἐπάγη
978 2914 1059 2978 είς
1085 2913 1372 2985 ἀνατολὴν,
1396 2916 1576 2986 ἐπάγη
1617 2916 1644 2986 ή
1689 2916 1884 2986 σελήνη
1917 2917 1996 2978 είς
2019 2915 2109 2968 δύ-

522 3013 608 3050 σιν
630 3013 643 3026 ·
671 2997 855 3067 ἐπειδὴ
883 2997 1062 3066 ἐκείνη
1096 2997 1194 3064 μὲν
1224 2997 1412 3069 ἄρχειν
1440 2998 1540 3068 τῆς
1571 2998 1764 3061 νυκτὸς
1791 2997 2105 3066 ἐκελεύσθη,

519 3081 548 3133 6
576 3079 632 3132 δέ
658 3079 757 3148 τῆς
791 3079 1022 3150 ἡμέρας.
1041 3080 1289 3148 Ἐγένετο
1319 3076 1414 3134 οῦν
1439 3082 1471 3150 ή
1501 3081 1719 3152 σελήνη,
1739 3081 1833 3135 καὶ
1854 3082 2106 3150 γεννᾶται

518 3164 585 3232 τῇ
613 3161 804 3235 πρώτῃ
836 3163 1020 3234 ἡμέρᾳ
1054 3163 1408 3233 πανσέληνος.
1445 3165 1518 3217 οὐ
1555 3163 1665 3236 γὰρ
1710 3163 1817 3220 ἔδει
1863 3165 2106 3235 ήκρωτη-

520 3245 740 3317 ριάσθαι
771 3245 832 3298 τὸ
862 3244 1021 3316 ἔργον
1045 3245 1268 3308 εὐθέως,
1293 3246 1407 3300 ἀλλ’
1436 3247 1542 3301 ἔδει
1575 3246 1852 3318 δειχθῆναι
1874 3247 1966 3301 τὸν
1992 3265 2107 3315 φω-

521 3329 695 3399 στῆρα
743 3322 854 3392 οἷος
899 3328 1133 3396 ἐγένετο.
1169 3329 1325 3383 Μετά
1380 3328 1439 3382 δὲ
1490 3328 1661 3383 ταῦτα
1711 3332 1777 3400 τῇ
1825 3329 2106 3384 ἀλλοιώσει

521 3411 686 3476 ἔδειξε
735 3411 957 3482 χρόνους
1002 3413 1096 3465 καὶ
1145 3412 1370 3482 καιροὺς
1415 3412 1509 3465 καὶ
1555 3412 1816 3482 διαφορὰς
1860 3413 2102 3485 ἡμερῶν.

521 3495 672 3546 Ποιεῖ
699 3490 791 3547 οὖν
826 3495 994 3565 αὐτὴν
1019 3496 1047 3548 6
1080 3495 1211 3558 Θεὸς
1239 3495 1315 3558 ώς
1335 3496 1878 3549 πεντεκαιδεκαταίαν
1898 3497 2107 3570 πεπλη-

523 3577 791 3648 ρωμένην.
810 3579 868 3631 '0
903 3579 1051 3650 ἥλιος
1087 3577 1366 3632 ἀνέτελλεν
1393 3579 1591 3651 ὄρθρου
1614 3597 1628 3610 ·
1665 3581 1752 3633 ὅτε
1793 3581 1901 3652 γὰρ
1927 3583 2103 3654 ἐπάγη

519 3663 553 3732 ή
589 3661 786 3732 σελήνη
820 3663 877 3714 ἐν
911 3661 990 3732 τῷ
1027 3661 1232 3734 ὄρθρῳ,
1265 3662 1512 3729 ἐφαίνετο
1541 3662 1677 3734 πρὸς
1710 3663 1879 3718 δύσιν.
1896 3665 1984 3726 Ὠς
2013 3661 2106 3718 οῦν

442 3782 447 3786 -
520 3745 738 3816 ἔτρεχεν
767 3747 796 3799 6
823 3745 970 3816 ήλιος
1003 3746 1096 3799 τὸν
1121 3746 1250 3799 ίδιον
1275 3745 1472 3818 δρόμον
1495 3747 1632 3818 πρὸς
1657 3747 1825 3809 δύσιν,
1849 3749 1882 3819 ή
1910 3749 2104 3821 σελήνη

519 3829 719 3901 ήρχετο
747 3828 948 3893 εὐθέως
984 3829 1076 3883 τοῦ
1106 3829 1438 3893 ἀνατέλλειν,
1473 3831 1561 3884 ἵνα
1594 3831 1853 3904 πληρωθῇ
1877 3833 1957 3897 τὸ,
1976 3833 2105 3902 Ἀρι

520 3913 796 3981 χέτωσαν
829 3911 940 3980 τῆς
969 3911 1194 3981 ἡμέρας
1222 3911 1322 3966 καὶ
1350 3912 1462 3980 τῆς
1493 3916 1735 3981 νυκτός.

590 3996 790 4048 Λοιπὸν
817 3996 1120 4066 ζήτημαδ·
1155 3997 1254 4050 Διά
1285 3997 1338 4049 τί
1374 3995 1529 4068 [45η
1573 3999 1602 4050 6
1646 3997 1778 4062 Θεὸς
1814 3998 2105 4071 πεπληρω-

525 4078 693 4148 μένην
724 4079 944 4148 ἐποίησε
977 4079 1074 4150 τὴν
1103 4080 1364 4150 σελήνην;
1397 4081 1636 4151 Πρόσεχε
1656 4098 1670 4111 ·
1708 4081 1768 4134 τὸ
1798 4083 1906 4152 γάρ
1931 4084 2108 4154 νόημα

523 4161 682 4232 βαθύ·
701 4162 897 4232 Ἐχρῆν
924 4162 1094 4234 αὐτὴν
1117 4167 1184 4234 τῇ
1214 4164 1448 4235 τετάρτῃ
1477 4165 1658 4236 ἡμέρα
1685 4167 2009 4237 γεναμένην,
2031 4169 2108 4232 ώς

521 4246 842 4316 τεταρταίαν
888 4246 1194 4314 φαίνεσθαι.
1213 4247 1374 4301 Ἀλλά
1403 4248 1564 4301 πάλιν
1599 4251 1647 4302 εἰ
1675 4245 1742 4320 ἦν
1786 4252 2103 4322 τεταρταία,

520 4329 583 4382 τὸ
602 4329 769 4400 ἄκρον
792 4331 891 4400 τῆς
915 4329 1120 4394 δύσεως
1140 4331 1238 4385 οὐκ
1265 4332 1530 4402 ἀντεῖχεν.
1560 4330 1774 4404 Εὑρέθη
1805 4329 1898 4386 οῦν
1919 4334 2108 4389 πλεον-

523 4411 753 4465 εκτοῦσα
777 4412 968 4466 ἕνδεκα
989 4413 1200 4485 ἡμέρας
1223 4431 1237 4445 ο
1261 4415 1554 4486 τεταρταία
1576 4415 1808 4482 ἐγένετο,
1836 4417 1930 4470 καὶ
1949 4418 2105 4486 ἐφαίυ

521 4513 644 4550 νετο
665 4495 740 4559 ώς
769 4497 1308 4551 πεντεκαιδεκαταίαο
1333 4498 1522 4552 ἕνδεκα
1541 4499 1750 4570 ἡμέρας
1771 4500 2107 4554 ἐπλεονέκτει

523 4577 713 4631 λοιπὸν
755 4580 789 4648 ή
843 4579 1039 4650 σελήνη
1074 4580 1162 4634 τὸν
1197 4582 1365 4651 ἥλιον,
1397 4583 1457 4635 οὐ
1482 4585 1547 4652 τῇ
1583 4585 1819 4654 ποιήσει,
1857 4584 1994 4638 ἀλλὰ
2037 4587 2104 4657 τῇ

524 4660 744 4730 φαύσει.
776 4663 876 4716 Διά
911 4663 1070 4717 τοῦτο
1117 4665 1183 4728 ἀς
1225 4667 1344 4718 τότε
1379 4665 1800 4737 ἐπλεονέκτησεν
1825 4668 1858 4736 ή
1887 4667 2104 4739 σελήνη,

522 4744 818 4799 ἀποδίδωσι
864 4746 942 4815 τῷ
989 4746 1218 4817 ήλίῳ.’0
1244 4749 1354 4819 γάρ
1384 4749 1524 4803 κατά
1570 4750 1800 4821 σελήνην
1843 4751 1937 4804 καὶ
1985 4752 2108 4804 καθ’

523 4830 753 4884 ἕκαστον
781 4829 926 4900 μῆνα
945 4830 1052 4882 ἀπὸ
1076 4831 1246 4884 εἴκοσι
1268 4833 1423 4886 ἐννέα
1445 4833 1614 4904 ἥμισυ
1636 4834 1856 4906 ἡμερῶν
1879 4833 2110 4905 ἀριθμὸς

523 4914 864 4985 γιγνόμενος,
896 4915 1040 4966 ποιεῖ
1067 4915 1127 4966 ἐν
1153 4916 1264 4977 τοῖς
1295 4915 1520 4970 δεκαδύο
1546 4925 1683 4987 μησὶ⁸
1721 4917 1816 4972 τοῦ
1858 4917 2107 4970 ἐνιαυτοῦ

523 4999 740 5070 ἡμέρας
782 4997 1098 5070 τριακοσίας
1146 4999 1482 5068 πεντήκοντα
1526 5001 1816 5071 τέσσαρας.
1835 5001 1959 5054 Ἐάν
2000 5002 2110 5072 γὰρ

525 5082 668 5136 οὕτω
693 5081 936 5155 ψηφίσῃς
969 5081 1058 5134 τὸν
1092 5081 1235 5152 μῆνα
1267 5082 1374 5134 άπὸ
1407 5085 1578 5136 εἰκοσι
1607 5085 1763 5138 ἐννέα
1782 5085 1951 5154 ἥμισυ
1974 5087 2108 5155 ήμε⁹

527 5168 659 5240 ρῶν,
691 5167 962 5236 γίγνονται
1007 5165 1101 5220 τοῦ
1140 5167 1384 5220 ἐνιαυτοῦ
1418 5169 1617 5240 ἡμέραι
1643 5171 1947 5242 τριακόσιαι
1978 5189 2109 5225 πεν-

525 5253 759 5324 τήκοντα
785 5251 1070 5318 τέσσαρες,
1104 5251 1190 5303 ἵνα
1229 5250 1295 5314 ἀς
1323 5251 1709 5322 ἐπλεονέκτησε
1747 5255 1866 5307 τότε
1895 5255 2107 5327 ἡμέρας

526 5337 560 5405 ἡ
593 5333 788 5405 σελήνη
818 5337 938 5388 κατ’
967 5333 1210 5389 ἐνιαυτὸν
1252 5334 1542 5389 ἀποδίδωσι
1575 5337 1653 5408 τῷ
1689 5337 1845 5408 ἡλίῳ.
1861 5339 1921 5392 '0
1947 5341 2108 5410 ψηφι-

534 5420 664 5489 στὴς
689 5418 990 5488 ψηφιξέτω.

598 5507 669 5567 γ’.
707 5501 1150 5570 Γενηθήτωσαν
1181 5501 1496 5572 φωστῆρες
1525 5502 1595 5558 ἐν
1628 5502 1706 5570 τῷ
1753 5508 2108 5578 στερεώματι

598 5596 749 5668 '1ch
767 5600 894 5660 apud
917 5599 1134 5650 Cosmam
1159 5600 1441 5668 [Egyptian
1463 5600 1710 5668 habqntnr
1728 5619 1776 5668 p.
1802 5606 1911 5668 323,
1937 5607 2019 5656 ubi
2046 5609 2105 5657 ad

527 5661 797 5726 δορυ-πράσῳ
819 5661 1388 5726 germana-perﬁdam
1410 5666 1540 5715 male
1559 5661 1788 5720 dicunthr
1807 5666 1857 5718 in
1880 5661 2042 5719 titulo.

590 5718 618 5758 ιο
639 5718 756 5769 Haec
775 5721 924 5773 habes
947 5725 1074 5787 apud
1098 5718 1316 5777 Cbsmam
1339 5740 1388 5811 ρ.
1413 5727 1520 5776 525.

1970 271 2338 330 SEVERIANI

3705 265 3808 322 630

2216 395 2322 449 τοῦ
2347 395 2627 466 οὐρανοῦ,
2654 393 2810 448 ὥστε
2847 392 3084 461 φαίνειν
3111 387 3210 443 ἐπι
3238 388 3346 456 τῆς
3375 387 3511 456 τῆς.
3531 386 3746 458 Ἐπειδὴ
3775 376 3808 444 ἡ

2215 484 2376 552 φύσις
2401 483 2497 536 τοῦ
2527 483 2698 554 πυρὸς
2725 481 3037 552 ἀνώδρομος
3060 475 3148 549 ἦν,
3183 477 3400 548 χαλινὸν
3443 474 3755 544 ἐπιτίθησιν
3782 476 3811 526 6

2214 571 2346 634 Θεὸς
2390 573 2456 642 τῇ
2509 571 2687 638 φύσει,
2719 570 2861 623 ὥστε
2914 569 2987 638 μὴ
3035 569 3146 622 ἀνω
3194 566 3433 636 πέμπειν
3464 563 3566 633 τὴν
3612 562 3806 632 αὐγὴν,

2215 659 2348 711 ἀλλά
2377 660 2547 714 κάτω.
2575 658 2695 728 Πῦρ
2727 657 2836 728 γὰρ
2880 658 2980 710 οὐκ
3028 656 3282 724 ἀνέχεται
3318 652 3606 724 προσέχειν
3633 651 3805 714 κάτω,

2213 746 2326 799 ἀλλ’
2356 746 2632 800 ἀνω.Ἐάν
2677 745 2806 816 ἐχῃς
2833 745 2984 813 δᾷδα.
3027 742 3256 812 στρέψον
3294 741 3461 810 αὐτὴν
3496 739 3671 799 κάτω,
3714 738 3806 792 καὶ

2211 834 2343 905 ὁρᾷς
2377 835 2457 887 ὅτι
2484 835 2587 888 κᾶν
2631 833 2694 886 τὸ
2735 833 2966 902 ὄργανον
3018 829 3275 902 στρέψῃς,
3306 828 3367 880 τὸ
3396 825 3509 897 πῦρ
3534 827 3648 878 ἀνω
3682 825 3809 896 τρέ-

2210 939 2314 992 χει.
2335 921 2550 992 Ἐπειδὴ
2569 915 2659 974 οῦν
2691 921 2808 992 ᾔδει
2833 917 3000 972 αὑτοῦ
3033 917 3288 987 τοιαύτην
3317 912 3455 968 εἶναι
3495 913 3596 985 τὴν
3622 912 3802 983 φύσιν,

2211 1013 2472 1084 ἐπέδησεν
2501 1011 2690 1083 αὐτὴν,
2720 1013 2806 1065 ἴνα
2833 1011 2906 1082 μὴ
2931 1009 3072 1064 κατὰ
3097 1009 3195 1080 τὴν
3229 1007 3390 1076 φύσιν
3426 1006 3643 1079 λάμπῃ,
3672 1006 3806 1060 ἀλλὰ

2210 1100 2351 1154 κατά
2389 1101 2450 1153 τὸ
2503 1101 2850 1171 πρόσταγμα.
2908 1098 2976 1151 EI
3022 1115 3105 1161 τις
3151 1095 3305 1166 ὑμῶν
3357 1093 3804 1164 ωρατηρησάτω

2211 1191 2228 1250 (
2249 1188 2401 1255 sine)
2439 1188 2615 1242 ἔλαιον
2663 1187 2771 1240 ἀπὸ
2820 1186 3036 1256 λύχνου.
3072 1184 3188 1246 πῶς
3230 1184 3688 1249 συγκατασπᾶται
3727 1181 3804 1251 τῷ

2209 1275 2374 1344 ἐλαίῳ
2399 1275 2460 1327 τὸ
2489 1275 2620 1346 πῦρ,
2648 1275 2740 1328 καὶ
2770 1276 2803 1345 ή
2841 1273 2940 1343 μὲν
2988 1272 3076 1342 βία
3115 1271 3209 1324 τοῦ
3241 1270 3418 1324 ἐλαίου
3451 1270 3606 1322 κάτω
3633 1268 3801 1329 ἐλκει,

2207 1365 2239 1431 ἡ
2283 1363 2343 1416 δὲ
2384 1363 2544 1432 φύσις
2589 1361 2684 1415 τοῦ
2736 1361 2907 1431 πυρὸς
2951 1362 3062 1414 ἀνω
3103 1359 3306 1430 τρέχει,
3333 1358 3426 1410 καὶ
3457 1357 3652 1426 ὥσπερ
3687 1355 3804 1426 βίαν

2209 1452 2572 1522 ὑφιστάμενον
2597 1449 2839 1518 καταϐοᾷ
2858 1464 2871 1477 ·
2905 1449 2958 1502 εί
2987 1464 3116 1500 ποτε
3147 1447 3255 1516 γὰρ
3284 1444 3666 1512 ἀναγκάζεται
3696 1442 3804 1513 πῦρ

2207 1538 2420 1608 τρέχειν
2445 1537 2594 1606 παρά
2614 1537 2711 1607 τὴν
2742 1535 3082 1598 ἀκολουθίαν,
3119 1533 3300 1603 φωνὴν
3325 1533 3550 1601 ἀφίησιν
3581 1532 3661 1594 ώς
3686 1531 3804 1600 βίαν

2209 1626 2436 1694 πάσχον,
2466 1625 2541 1688 ώς
2589 1625 2738 1696 παρά
2787 1623 2948 1693 φύσιν
2993 1620 3370 1675 δδεῦον.⁶’οταν
3409 1621 3518 1687 γάρ
3552 1636 3608 1672 τι
3658 1620 3805 1689 παρά

2209 1712 2368 1778 φύσιν
2397 1713 2452 1765 ἐν
2477 1710 2554 1782 τῷ
2591 1711 2837 1782 στοιχείῳ
2866 1711 3110 1781 γένηται,
3139 1706 3421 1780 βοᾷ.Διατί
3438 1724 3452 1770 ;
3485 1706 3662 1758 Ὅταν
3685 1707 3804 1758 ἐπι-

2209 1799 2376 1870 ϐληθῇ
2423 1800 2598 1852 ἔλαιον
2641 1799 2720 1869 τῷ
2773 1799 2929 1868 πυρὶ,
2966 1797 3149 1868 φωνὴν
3196 1796 3295 1848 οὐκ
3335 1795 3585 1864 ἀφίησιν·
3618 1795 3716 1846 ἐὰν
3751 1794 3804 1847 δέ

2209 1887 2353 1957 ὕδωρ
2398 1886 2687 1958 ἐπιϐληθῇ,
2737 1885 2930 1957 τρίζει.
2977 1885 3086 1938 Καὶ
3133 1883 3289 1937 τοῦτο
3333 1883 3523 1952 ὑγρὸν,
3581 1882 3805 1935 κάκεῖνο

2209 1978 2392 2048 ὑγρόν.
2413 1977 2554 2030 Ἀλλ’
2581 1977 2769 2047 ἐπειδὴ
2823 1977 3043 2030 κάκεῖνο
3087 1975 3196 2029 ἀπὸ
3238 1974 3396 2040 ξύλου
3448 1972 3606 2044 ὄψον,
3639 1975 3734 2026 καὶ
3770 1974 3803 2042 ή

2209 2065 2362 2118 ἐλαία
2395 2064 2690 2136 τρέφουσα,
2719 2063 2869 2134 φίλον
2897 2064 2953 2117 δέ
2986 2064 3071 2117 ἀεὶ
3099 2061 3175 2132 τῷ
3223 2059 3362 2132 ξύλῳ
3391 2061 3449 2114 τὸ
3481 2060 3620 2131 πῦρ,
3651 2060 3802 2129 δέχε-

2208 2170 2298 2207 ται
2325 2154 2496 2224 ήδέως
2539 2153 2607 2207 τὰ
2649 2153 2756 2207 ἀπὸ
2786 2153 2880 2207 τοῦ
2913 2151 3227 2221 συγγενοῦς.
3245 2149 3370 2203 Ἐὰν
3403 2148 3462 2202 δέ
3493 2147 3644 2218 ὕδωρ
3674 2149 3806 2218 πυρὶ

2210 2239 2498 2311 ἐπιϐληθῇ,
2523 2241 2734 2312 τρίζει·
2757 2239 2835 2310 τῷ
2877 2240 2986 2311 γάρ
3029 2238 3254 2308 ἐναντίῳ
3287 2237 3542 2308 μάχεται.
3577 2236 3655 2289 Τὸ
3693 2236 3804 2305 πῦρ

2211 2329 2341 2384 ἴδιόν
2382 2331 2499 2384 ἐστι
2548 2329 2642 2383 τοῦ
2686 2329 2880 2401 ἀέρος·
2919 2329 3180 2396 συγγενὲς
3209 2327 3338 2397 γάρ.
3369 2328 3555 2396 Φυσᾷς
3600 2329 3682 2390 είς
3720 2326 3807 2379 λῦ·

2208 2433 2351 2488 χνον,
2385 2415 2479 2471 καὶ
2521 2417 2773 2482 καπνίζει
2800 2419 2828 2470 ὁ
2855 2417 2964 2488 ἀήρ
2991 2416 3052 2468 τὸ
3094 2415 3224 2486 πῦρ,
3252 2415 3346 2468 καὶ
3369 2414 3616 2483 οὐδαμοῦ
3651 2414 3801 2484 εὕρεο

2208 2522 2394 2558 σκεται
2414 2523 2428 2535 ο
2455 2504 2517 2558 τὸ
2543 2504 2652 2576 γὰρ
2682 2505 2941 2573 συγγενὲς
2970 2503 3192 2574 ἔδραμε,
3222 2502 3392 2554 Βλέπε
3413 2501 3508 2554 τοῦ
3539 2502 3804 2572 Τεχνίτου

2204 2592 2302 2664 τὴν
2324 2592 2532 2662 σοφίαν,
2560 2591 2722 2662 βλέπε
2749 2593 2848 2662 τὴν
2871 2589 3330 2661 δύναμιν.¹Ἐθηκε
3354 2591 3480 2653 τοῦς
3501 2589 3805 2661 φωστῆρας

2206 2683 2265 2734 ἐν
2291 2679 2369 2751 τῷ
2394 2677 2631 2752 οὐρανῷ,
2666 2678 2807 2732 ὥστε
2840 2677 3046 2747 φαίνειν
3067 2679 3158 2731 ἐπὶ
3178 2678 3277 2747 τῆς
3309 2677 3436 2747 γῆς·
3468 2677 3580 2730 Καὶ
3617 2677 3807 2730 ἔστω-

2206 2781 2347 2833 σαν,
2395 2767 2580 2838 φησὶν,
2617 2768 2706 2834 εἰς
2751 2765 2970 2836 σημεῖα
3023 2765 3120 2820 καί
3169 2768 3255 2831 εὶς
3303 2764 3524 2834 ἡμέρας
3564 2763 3668 2817 καὶ
3715 2766 3808 2831 εἰς

2205 2856 2538 2922 ἐνιαυτούς.

2277 2944 2344 2996 Τί
2387 2946 2554 3010 ἐστιν,
2588 2945 2694 3010 Είς
2735 2943 2992 3014 σημεῒιι;
3035 2945 3099 2996 Οἱ
3155 2943 3255 3013 μὲν
3289 2939 3637 3012 ματαιολόγοι
3672 2941 3808 3012 ’περὶ⁵

2204 3031 2558 3104 ἀστρολογίας
2587 3023 3104 3085 ἐαυτῶνέκένωσαν
3129 3031 3228 3094 τὰς
3256 3031 3500 3093 ἐλπίδας,
3537 3028 3804 3100 σημειού-

2209 3137 2358 3192 μενοι
2402 3120 2701 3192 πράγματα
2748 3120 3244 3174 ἀνυπόστατα.”οτι
3276 3120 3386 3190 γάρ
3433 3119 3536 3171 οῦκ
3586 3118 3706 3172 ἐστι
3751 3135 3803 3169 τι

2206 3208 2616 3281 σημειώσασθαι
2661 3210 2789 3279 περὶ
2836 3209 2982 3280 ζωῆς
3029 3207 3332 3279 ἀνθρώπων
3385 3207 3497 3260 ἀπὸ
3540 3207 3798 3278 ἄστρων,

2207 3301 2474 3369 μαρτυρεῖ
2507 3298 2734 3359 Ἡσαΐας
2765 3296 2969 3364 λέγων’
3008 3296 3478 3364 Ἀναστήτωσαν
3502 3299 3559 3348 οι
3584 3296 3802 3362 ἀστρο-

2202 3387 2370 3455 λόγοι
2399 3385 2504 3439 τοῦ
2536 3384 2816 3454 οὐρανοῦ,
2845 3385 2945 3440 καὶ
2976 3388 3030 3439 οἱ
3063 3383 3403 3450 βλέποι-τες
3436 3385 3512 3438 τὰ
3549 3383 3795 3452 σημεῖα,

2203 3473 2301 3527 καὶ
2342 3473 2680 3527 είπάτωσάν
2717 3488 2816 3526 σοι
2860 3473 2918 3526 τί
2958 3472 3170 3542 μέλλει
3197 3474 3491 3542 γίνεσθαι.
3531 3472 3671 3543 Περὶ
3702 3473 3796 3542 μὲν

2203 3556 2296 3614 οῦν
2335 3560 2480 3630 ζωῆς
2507 3560 2809 3632 ἀνθρώπων
2842 3560 2994 3614 οῦδὲν
3041 3563 3266 3632 σημεῖον
3295 3560 3514 3612 δίδωσιν
3544 3560 3790 3630 οὐρανός.

2203 3647 2385 3710 Θέλεις
2408 3647 2465 3699 δέ
2491 3647 2682 3716 μαθεῖν
2703 3647 2870 3701 αὑτοῦ
2891 3649 2960 3702 τά
2983 3650 3214 3718 omnia;
3247 3648 3512 3719 Σημαίνει
3532 3647 3789 3718 ὄμϐρους,

2205 3736 2456 3807 ἀνέμους,
2483 3735 2747 3807 χειμῶνα,
2776 3737 2978 3792 εὐδίαν.
3008 3738 3092 3791 Τά
3117 3736 3292 3808 ἄστρα
3321 3735 3498 3790 ταῦτα
3520 3735 3790 3806 σημαίνει,

2205 3825 2300 3878 καὶ
2324 3824 2480 3878 τοῦτο
2501 3824 2587 3879 διὰ
2618 3824 2753 3879 Θεοῦ
2786 3824 3216 3897 φιλανθρωπίαν,
3252 3825 3338 3877 ἵνα
3373 3827 3400 3877 6
3428 3825 3681 3888 ναυτίλος
3710 3822 3790 3892 ἴδῃ

2203 3912 2264 3964 τὸ
2287 3913 2528 3983 σημεῖον,
2557 3913 2652 3968 καὶ
2678 3911 2824 3984 φύγῃ
2852 3911 2942 3964 τὸν
2971 3911 3241 3965 κίνδυνον·
3269 3911 3355 3963 ἵνα
3377 3911 3404 3963 6
3427 3910 3676 3980 γεωργὸς
3712 3909 3792 3978 ἴδῃ

2203 4001 2413 4072 ὀσμὴνά
2438 4001 2726 4072 χειμῶνος,
2748 4000 2843 4054 καὶ
2870 3999 3156 4070 προλαϐὼν
3178 4000 3480 4072 ἀροτριάσῃ
3502 3993 3789 4070 γῆν.[4581

2205 4089 2414 4142 Γίνεται
2461 4092 2684 4160 σημεῖον
2729 4088 2822 4142 καὶ
2865 4087 3102 4158 πολέμου
3137 4088 3230 4140 καὶ
3262 4088 3505 4158 εἰρήνης.
3533 4086 3722 4140 Ταῦτα
3767 4087 3796 4137 6

2205 4175 2396 4246 Σωτὴρ
2427 4174 2774 4237 ἐϐεϐαίωσεν,
2815 4174 2974 4228 ἆτινά
2998 4177 3134 4228 εἰσιν
3163 4175 3308 4227 ἁπλᾶ
3341 4175 3435 4227 καὶ
3462 4173 3792 4244 ἀπερίεργα.

2204 4264 2365 4331 Λέγει
2407 4263 2516 4334 γὰρ
2556 4266 2669 4326 τοῖς
2709 4263 3009 4325 Ἰουδαίοις·
3061 4261 3422 4329 ’Υποκριταλ
3464 4260 3576 4315 ἐὰν
3629 4260 3800 4326 ἴδητε

2204 4353 2471 4422 νεφέλην
2523 4352 2640 4407 ἀπὸ
2709 4351 2959 4422 δυσμῶν
3014 4350 3499 4416 ἀνατέλλουσαν,
3545 4351 3755 4420 λέγετε
3777 4369 3792 4380 ·

2205 4439 2432 4508 Χειμὼν
2461 4440 2685 4509 γίνεται
2702 4456 2716 4469 ·
2747 4439 2844 4494 καὶ
2879 4441 3102 4509 γίνεται
3121 4438 3473 4505 οὕτως.Κᾶν
3492 4437 3656 4505 ἴδητε
3679 4437 3798 4507 ὀψὲ

2206 4525 2572 4596 πυρῤἁζοντα
2608 4527 2716 4580 τὸν
2752 4528 3032 4596 οὐρανὸν,
3063 4529 3290 4596 λέγετε,
3316 4526 3524 4589 Εὐδία,
3557 4526 3658 4580 καὶ
3705 4527 3798 4592 τη·-

2205 4631 2369 4669 νεται
2402 4614 2589 4668 εὐδία.
2613 4615 2740 4668 Κᾶν
2764 4614 2927 4683 ἴδητε
2955 4613 3071 4684 ὀψέ
3105 4611 3510 4684 στυτνάζοντα
3548 4614 3658 4666 τὸν
3694 4615 3798 4669 οὑ-

2199 4700 2409 4768 ρανὸν,
2441 4701 2677 4768 λέγετεο
2707 4701 2938 4770 Χειμὼν
2960 4702 3207 4770 γίνεται.
3241 4701 3350 4755 Καὶ
3394 4701 3594 4769 ἐπάγει
3631 4696 3755 4754 εἶτα
3776 4718 3792 4731 ·

2211 4785 2285 4840 Τὸ
2307 4788 2628 4854 πρόσωπον
2647 4789 2754 4841 τοῦ
2777 4789 3036 4857 οὐρανοῦ
3065 4789 3163 4843 καὶ
3192 4787 3304 4857 τῆς
3328 4786 3440 4859 γῆς
3467 4788 3670 4845 οῖδατε
3699 4789 3798 4844 δο-

2208 4875 2483 4946 κιμάζειν,
2521 4878 2630 4931 τὸν
2651 4877 2720 4930 δὲ
2738 4877 2948 4948 καιρὸν
2968 4878 3181 4933 τοῦτον
3201 4881 3310 4933 οὐκ
3351 4879 3588 4944 amata;
3608 4880 3796 4933 Ταῦτά

2209 4965 2323 5017 ἐστι
2356 4965 2424 5018 τά
2451 4966 2652 5036 σημεῖα
2687 4964 2758 5018 τὰ
2785 4966 3040 5020 ἀκίνδυνα
3070 4967 3586 5039 παρατηρήσασθαι,
3613 4967 3792 5036 θέρος,
3843 4975 3846 4980 ’

2209 5053 2472 5124 χειμῶνα,
2513 5055 2687 5119 ὑετὸν,
2746 5054 2948 5108 εὐδίαν.
2981 5055 3167 5108 Ταῦτα
3213 5043 3307 5109 καί
3358 5056 3460 5126 τῆς
3510 5056 3796 5120 εὐσεϐείας

2208 5145 2308 5196 οῦκ
2332 5143 2604 5215 ἀλλότρια,
2645 5144 2740 5198 καὶ
2781 5144 2874 5198 τοῦ
2901 5143 3039 5198 Θεοῦ
3081 5139 3321 5200 ῐδιαῘΗν
3345 5146 3402 5198 δέ
3434 5145 3563 5218 περὶ
3593 5147 3794 5218 ἀστρο-

2208 5231 2394 5301 λογίας
2438 5232 2603 5286 πολὺν
2635 5233 2914 5286 ἀποτεῖναι
2943 5232 3099 5301 λόγον
3117 5251 3130 5264 ·
3172 5232 3307 5287 ἀλλά
3334 5234 3519 5304 χρείαν
3546 5235 3660 5305 ἔχει
3701 5236 3797 5286 καὶ

2207 5320 2575 5390 τετονωμένης
2625 5321 2829 5390 φωνῆς.
2873 5320 2969 5374 καὶ
3021 5321 3252 5391 ὀργάνου
3305 5323 3379 5392 μὴ
3427 5322 3790 5386 ὀκλάζοντκο

2209 5410 2523 5480 συμϐαδίζει
2552 5410 2661 5482 γὰρ
2683 5411 2760 5480 τῷ
2787 5410 2929 5481 λόγῳ
2955 5413 2988 5480 ή
3019 5411 3242 5474 διάνοια,
3267 5413 3359 5466 καὶ
3387 5414 3709 5468 συνασθενεῖ
3727 5417 3791 5483 τῇ

2206 5498 2421 5570 γλώττῃ
2447 5501 2477 5552 6
2505 5497 2786 5568 λογισμός.
2803 5497 2928 5551 Ἐπὶ
2951 5493 3048 5551 οὖν
3067 5500 3138 5552 τὰ
3161 5498 3506 5570 ἁπλούστερα
3530 5502 3792 5571 χωρήσειας

2267 5607 2292 5634 ⁶
2319 5602 2580 5669 ελενέοηί-
2602 5604 2913 5669 παρατηρήσῃ
2936 5603 3009 5669 τρ.
3054 5603 3311 5669 Combqﬁs.
3336 5605 3476 5654 dedit
3522 5603 3790 5669 πρεπῆ,

2209 5665 2704 5730 «maxuma.qu
2729 5665 3120 5730 παρατηρήσαιτο
3143 5667 3198 5714 τὸ
3222 5667 3290 5714 ελ.

2267 5727 2295 5766 ἂ
2317 5727 2467 5778 Savil.
2490 5728 2616 5789 conj.
2635 5727 2800 5791 ὁρμήν.
