4074 6308
276 365 377 422 “9

278 497 389 536 sam
417 521 433 542 ,
466 474 695 544 indeque
724 478 911 540 postea
956 477 1149 519 aureos
1191 458 1440 520 caderet;
1471 454 1548 508 sic
1599 446 1859 517 diSposuit

278 572 411 627 lucis
438 574 707 622 ornatum.
745 554 1203 627 Quemadmodum
1250 550 1390 604 enim
1423 547 1671 616 abyssum
1693 584 1707 607 ,
1737 554 1855 609 qua:

281 673 407 718 tunc
432 673 536 715 una
562 664 676 711 erat
705 668 861 722 aqua,
889 648 1068 702 divisit
1096 648 1147 699 in
1179 642 1365 704 maria,
1394 638 1631 699 numina,
1664 632 1857 695 fontes,

286 757 464 817 lacus,
493 759 680 820 puteos
714 762 726 798 :
754 744 829 798 sic
856 749 910 795 et
937 742 1107 793 lucem
1126 778 1138 798 ,
1169 750 1287 803 qum
1316 746 1416 785 uua
1442 727 1700 794 uniusque
1740 736 1863 791 spe-

288 847 383 906 :iei
412 818 839 904 erat,dissecans
868 831 1071 888 Artifex
1095 826 1271 882 divisit
1304 825 1354 877 in
1383 822 1573 882 solem,
1606 818 1782 870 lunam
1810 821 1863 867 et

289 937 487 993 stellas.
520 932 687 986 Porro
715 927 843 980 libet
869 922 1137 992 inquirere
1163 958 1176 981 ,
1207 912 1473 985 quomodo
1511 907 1696 963 fecerit
1727 906 1864 958 Deus

290 1024 566 1086 luminaria
597 1040 611 1076 :
641 1019 850 1074 videtur
872 1015 1013 1070 enim
1043 1026 1103 1066 ea
1124 1020 1271 1064 extra
1299 1004 1489 1061 carlum
1520 997 1822 1056 condidisse
1845 1035 1861 1060 ,

290 1132 350 1173 ac
376 1126 485 1170 tum
518 1111 759 1182 superius
786 1108 986 1161 fixisse.
1005 1097 1462 1170 Quemadmodum
1501 1090 1689 1146 artifex
1712 1129 1726 1153 ,
1744 1101 1866 1142 cum

294 1207 515 1281 perfecit
539 1177 852 1273 imaginem,
886 1206 1012 1253 tunc
1053 1195 1104 1248 in
1134 1191 1339 1262 pariete
1365 1185 1532 1255 infigit
1575 1183 1758 1237 illam:
1792 1177 1869 1231 sic

296 1271 437 1358 Deus
466 1271 800 1368 primo‘fecit
832 1289 1014 1347 stellas
1043 1294 1197 1342 extra
1241 1281 1430 1337 caelum
1456 1321 1470 1343 ,
1497 1286 1727 1344 tuncque
1754 1271 1868 1325 fixit

297 1409 388 1450 eas
432 1367 643 1446 sursum
668 1428 682 1453 ,
710 1388 848 1440 sicut
873 1383 1059 1436 artifex
1083 1420 1098 1445 ,
1130 1385 1188 1431 ut
1216 1374 1527 1429 testificatur
1553 1367 1823 1434 Scriptura
1854 1380 1869 1417 :

299 1485 366 1543 Et
387 1486 502 1556 fecit
530 1482 667 1537 Dsus
698 1480 797 1532 duo
827 1474 1117 1535 luminaria,
1147 1478 1191 1525 et
1224 1468 1387 1538 posuit
1410 1465 1499 1517 illa
1525 1464 1578 1515 in
1603 1460 1726 1513 cwlo
1748 1456 1873 1526 (Ge-

300 1553 405 1634 nes.
443 1579 495 1631 i.
550 1574 637 1629 lii.
686 1570 795 1643 17).
827 1566 1104 1636 Quumodo
1148 1571 1323 1618 autem
1377 1559 1464 1612 illa
1516 1553 1873 1611 infixitinum

303 1669 457 1723 ambo
482 1665 636 1721 simul
664 1672 784 1717 ante
805 1669 1079 1728 compacta
1104 1652 1288 1711 erant?
1314 1650 1369 1706 Id
1397 1647 1587 1703 rationi
1609 1653 1691 1701 est
1715 1644 1875 1697 absu-

304 1775 452 1815 num.
498 1756 601 1812 Sed
642 1753 802 1825 quid?
846 1749 1148 1807 Secundum
1188 1745 1281 1799 Dei
1307 1757 1491 1797 vocem
1534 1742 1645 1810 ipsa
1696 1736 1880 1791 infixio

306 1851 422 1907 fuit.
453 1848 655 1913 Posuit,
687 1843 892 1914 inquit,
928 1841 1062 1895 Deus
1091 1836 1394 1898 luminaria,
1426 1832 1673 1887 luminare
1714 1828 1880 1897 majus

306 1942 358 1995 in
403 1938 712 2009 principatus
742 1934 840 1987 diei
866 1974 879 1997 ,
903 1941 948 1985 et
993 1930 1244 1985 luminare
1271 1926 1433 1978 minus
1478 1922 1531 1974 in
1572 1920 1882 1989 principatus

310 2036 487 2090 noctis.
518 2031 649 2087 Cum
675 2029 753 2083 sol
795 2026 929 2080 fixus
955 2033 1037 2079 est
1066 2023 1119 2076 in
1164 2020 1368 2073 oriente
1389 2058 1403 2082 ,
1432 2017 1557 2069 luna
1588 2015 1691 2065 fixa
1721 2010 1879 2064 estin

310 2126 586 2183 occidente
617 2141 629 2176 :
662 2121 910 2192 quoniam
932 2117 1055 2170 huic
1084 2115 1294 2184 quidem
1317 2111 1521 2181 jussum
1548 2108 1713 2159 fuerat
1742 2118 1884 2174 pra:-

312 2234 430 2274 esse
468 2214 648 2279 nocti,
678 2214 753 2267 illi
781 2226 908 2265 vero
950 2209 1075 2263 diei.
1104 2206 1265 2261 Facta
1313 2204 1471 2272 igitur
1522 2208 1604 2253 est
1650 2198 1769 2251 luna
1797 2236 1809 2260 ,
1833 2203 1887 2248 et

313 2309 489 2380 primo
516 2306 604 2361 die
645 2304 800 2376 plena
826 2301 1073 2373 gignitur.
1119 2297 1234 2352 Non
1264 2296 1408 2350 enim
1440 2307 1535 2361 par
1563 2299 1678 2345 erat
1707 2287 1885 2342 statim

274 2378 559 2456 'inutilum
616 2410 748 2466 opus
800 2406 1094 2463 apparere;
1152 2387 1245 2442 sed
1290 2383 1566 2454 oportebat
1631 2378 1889 2432 luminare

314 2488 522 2545 ostendi
569 2488 725 2557 quale
763 2483 960 2537 factum
986 2491 1086 2535 est.
1122 2479 1312 2533 Postea
1355 2489 1479 2528 vero
1506 2488 1570 2527 ex
1600 2468 1890 2525 mutatione

316 2580 548 2638 ostendit
579 2588 815 2646 tempora
842 2583 894 2629 et
938 2580 1278 2639 tempestates
1308 2576 1363 2622 et
1388 2566 1591 2621 dierum
1626 2561 1891 2618 vicissitu-

317 2674 490 2730 dines.
525 2670 671 2724 lllam
707 2668 865 2738 igitur
885 2664 1065 2720 condit
1096 2663 1233 2717 Deus
1262 2659 1409 2731 quasi
1441 2658 1701 2712 decimam
1732 2653 1890 2722 quin-

322 2782 424 2825 tam
466 2768 701 2839 plenam.
742 2764 831 2820 Sol
874 2774 1022 2818 ortus
1066 2772 1147 2816 est
1174 2773 1327 2813 mane
1361 2753 1607 2825 :quando
1636 2750 1776 2804 enim
1810 2749 1891 2801 in-

318 2860 418 2915 ﬁxa
443 2860 541 2913 fuit
563 2860 687 2913 luna
710 2858 761 2910 in
788 2854 1056 2908 matutinis
1077 2851 1241 2913 horis,
1263 2846 1503 2918 apparuit
1521 2845 1573 2899 in
1594 2841 1890 2897 occidente.

324 2954 419 3010 Ubi
448 2955 606 3023 igitur
633 2951 712 3006 sol
738 2963 950 3005 cursum
979 2959 1132 3000 suum
1177 2943 1241 2997 ad
1269 2941 1595 2995 occidentem
1642 2933 1894 2988 conﬁcie-

323 3046 432 3110 bat,
468 3047 591 3099 luna
618 3043 797 3098 statim
813 3040 878 3094 ad
909 3049 1082 3093 ortum
1111 3034 1391 3098 veniebat,
1417 3040 1473 3084 ut
1495 3029 1803 3107 impleretur
1828 3024 1893 3079 il-

323 3104 451 3197 tua:
486 3135 817 3190 Dominentur
838 3133 937 3186 diei
964 3142 1008 3185 et
1034 3129 1166 3183 nocti
1195 3125 1431 3197 (Ibidem.
1460 3139 1505 3176 υ.
1542 3124 1654 3185 18).
1756 3104 1759 3107 ’

394 3227 532 3283 Deus
553 3243 643 3280 cur
665 3225 835 3278 lunam
850 3224 1046 3292 plenam
1066 3221 1224 3290 primo
1248 3213 1668 3288 fecerit.-—Aliud
1683 3211 1895 3271 demum

325 3322 617 3392 quaeritur:
647 3334 742 3372 cur
784 3316 923 3371 Deus
965 3315 1144 3368 lunam
1192 3311 1401 3381 plenam
1446 3307 1608 3362 fecit?
1646 3305 1896 3359 Animum

325 3413 517 3467 adhibe
549 3428 561 3464 :
592 3411 698 3464 alta
753 3409 895 3464 enim
946 3414 1028 3461 est
1078 3403 1361 3459 sententia.
1419 3398 1708 3469 Oportebat
1755 3397 1897 3451 illam

326 3515 509 3576 quarta
540 3503 626 3558 die
656 3503 844 3555 factam
865 3541 879 3564 ,
909 3507 1149 3568 quartam
1174 3497 1365 3549 lucere.
1397 3494 1465 3547 At
1492 3492 1537 3545 si
1561 3498 1745 3560 quarta
1770 3488 1899 3541 fuis-

326 3608 429 3667 Set,
457 3611 727 3654 summum
757 3591 1047 3649 occidentis
1073 3604 1177 3644 non
1205 3593 1534 3656 occupasset.
1560 3584 1777 3637 Inventa
1806 3581 1903 3649 igi-

326 3702 411 3745 tur
445 3699 530 3746 est
556 3687 819 3743 excedens
848 3683 1089 3738 undecim
1133 3681 1247 3734 dies
1275 3696 1288 3730 :
1319 3686 1502 3748 quarta
1535 3676 1667 3729 facta
1707 3683 1818 3736 est,
1851 3685 1905 3726 et

327 3781 621 3852 apparebat
664 3788 718 3832 ut
766 3774 1150 3847 quintadecima
1195 3770 1486 3824 :undecim
1535 3781 1663 3836 ergo
1717 3763 1905 3818 diebus

328 3874 450 3928 luna
488 3871 663 3928 solem
689 3866 1021 3938 praecedebat
1045 3905 1059 3927 ,
1091 3878 1195 3916 non
1221 3859 1509 3917 secundum
1538 3858 1861 3911 creationem
1889 3894 1903 3918 ,

326 3968 418 4021 sed
448 3961 748 4019 secundum
777 3959 908 4012 lucis
934 3956 1291 4025 splendorem.
1333 3948 1687 4017 Quamobrem
1716 3945 1906 4015 quibus

324 4067 447 4111 tunc
476 4057 610 4110 luna
637 4051 926 4106 excedebat
946 4048 1133 4102 diebus
1157 4085 1171 4109 ,
1204 4058 1297 4098 eos
1326 4042 1423 4096 soli
1453 4040 1697 4094 restituit.
1746 4036 1908 4089 Lunae

327 4151 466 4204 enim
494 4162 564 4202 ac
590 4142 789 4199 mensis
808 4141 1065 4209 cujusilue
1094 4149 1363 4199 numerus,
1386 4148 1415 4187 a
1435 4131 1615 4200 viginti
1643 4144 1830 4183 novem
1858 4135 1912 4180 et

332 4242 549 4297 dimidio
576 4238 786 4301 diebus,
817 4233 868 4286 in
891 4231 1167 4286 duodecim
1195 4228 1316 4281 anni
1349 4226 1638 4289 mensibus,
1672 4221 1786 4275 dies
1818 4219 1913 4272 ha-

332 4334 418 4387 bet
467 4337 741 4387 treceutos
768 4324 1142 4393 quinquaginta
1165 4327 1410 4390 quatuor.
1442 4316 1577 4369 Nam
1620 4314 1662 4366 si
1705 4314 1775 4366 ita
1801 4310 1910 4365 cal-

333 4424 509 4478 culum
556 4416 836 4490 posueris,
864 4422 919 4467 ut
946 4411 1142 4466 mensis
1167 4411 1231 4463 sit
1262 4409 1465 4461 dierum
1495 4404 1676 4473 viginti
1720 4416 1909 4455 novem

332 4526 386 4571 et
452 4511 703 4575 dimidii,
743 4507 867 4561 anni
925 4506 1041 4560 dies
1091 4511 1215 4558 sunt
1264 4498 1484 4554 trecenti
1532 4495 1911 4567 quinquaginta

333 4618 580 4678 quatuor,
622 4612 677 4656 ut
705 4616 838 4671 quos
881 4599 1003 4651 luna
1037 4606 1160 4650 tunc
1202 4594 1375 4661 rapuit
1416 4591 1593 4660 plures
1637 4587 1750 4641 dies
1775 4626 1789 4651 ,
1819 4601 1913 4655 per

334 4716 531 4754 annum
580 4695 686 4751 soli
730 4692 936 4748 reddat.
987 4690 1247 4759 Supputet
1299 4686 1385 4754 qui
1432 4684 1546 4752 ejus
1599 4682 1732 4735 artis
1778 4680 1916 4748 peri-

336 4802 421 4845 IUS
446 4799 549 4845 ρει.

409 4886 464 4938 5.
498 4882 656 4935 Fiant
676 4876 948 4933 luminaria
970 4876 1021 4929 in
1035 4875 1347 4943 ﬁrmamento
1368 4871 1475 4923 ca-li
1492 4910 1506 4933 ,
1529 4879 1581 4920 ut
1606 4868 1799 4920 luceant
1830 4881 1915 4918 sn-

338 4994 425 5046 per
450 4986 636 5028 terram
666 4970 817 5039 (Gen.
845 4969 896 5022 1.
924 4968 1010 5021 iis.
1036 4966 1148 5035 15).
1166 4964 1420 5031 Quoniam
1442 4963 1574 5030 ignis
1596 4971 1778 5013 natura
1802 4972 1918 5011 sur-

338 5084 455 5121 sum
487 5065 771 5127 tendebat,
800 5061 1007 5117 frenum
1037 5068 1238 5113 natnrae
1269 5058 1406 5110 Deus
1429 5055 1713 5123 imposuit,
1750 5061 1806 5103 ut
1830 5065 1916 5103 ra-

338 5160 455 5213 dios
482 5174 589 5213 non
617 5170 829 5211 sursum
859 5153 1125 5208 emitteret
1149 5190 1164 5214 ,
1186 5148 1279 5203 sed
1304 5147 1576 5201 deorsum.
1611 5143 1748 5213 Ignis
1774 5141 1915 5193 enim

342 5269 445 5306 non
476 5252 616 5305 solet
663 5248 911 5303 deorsum
966 5244 1217 5307 tendere,
1250 5239 1344 5295 sed
1372 5253 1606 5292 sursum.
1652 5235 1707 5289 Si
1750 5234 1917 5287 facem

338 5344 524 5408 habes,
548 5351 700 5397 verte
728 5341 1011 5402 deorsum,
1044 5347 1095 5389 et
1129 5333 1330 5387 videbis
1359 5330 1561 5385 etiamsi
1595 5330 1911 5381 instrumen—

340 5445 450 5488 tum
481 5432 611 5488 illud
642 5431 890 5485 deorsum
922 5438 1122 5489 vertas,
1151 5428 1321 5494 ignem
1352 5434 1527 5476 tamen
1557 5435 1764 5472 sursum
1799 5428 1915 5470 tcu-

339 5529 486 5582 dere.
519 5526 655 5580 Cum
679 5526 837 5576 sciret
862 5537 988 5590 ergo
1018 5535 1134 5573 eam
1167 5533 1285 5571 esse.
1312 5516 1453 5569 illius
1485 5523 1745 5570 naturam.
1770 5510 1921 5563 cohi—

342 5622 453 5675 buit
483 5619 652 5679 illam,
678 5630 743 5667 ne
771 5613 1062 5668 secundum
1094 5618 1332 5662 naturam
1368 5608 1584 5670 luceret,
1612 5604 1704 5659 sed
1729 5618 1919 5656 secun-

342 5713 465 5765 dum
512 5716 863 5779 punct-plum.
896 5705 950 5758 Si
998 5704 1116 5771 quis
1142 5710 1369 5755 vestrum
1400 5700 1699 5753 observavit
1741 5697 1917 5749 oleum

346 5823 395 5861 tu
427 5807 670 5868 lucerna,
706 5818 804 5869 qua
843 5798 1042 5853 scilicet
1084 5796 1286 5849 ratione
1333 5810 1451 5847 eum
1480 5792 1595 5845 oleo
1640 5790 1913 5850 avellatur,

1336 337 1421 392 DE
1459 329 1668 388 MUNDI
1708 316 2097 381 CREATIONE
2133 311 2389 372 ORATIO
2431 312 2517 367 lll.

3435 296 3540 355 ‘50

1965 446 2019 492 et
2042 437 2121 491 vis
2148 435 2252 489 olei
2284 430 2417 487 infra
2445 428 2639 493 trahat,
2666 433 2853 481 natura
2884 438 3011 478 vero
3041 421 3175 493 ignis
3195 432 3405 476 sursum
3434 426 3543 473 ten-

1965 528 2077 594 dat,
2106 542 2168 581 ac
2200 524 2351 596 quasi
2383 523 2491 576 vim
2522 520 2773 589 patiatur,
2802 517 2999 571 clamat
3028 533 3040 568 :
3074 514 3115 568 si
3156 509 3370 583 quando
3400 510 3541 564 enim

1965 618 2101 689 ignis
2144 623 2363 686 cogatur
2390 625 2633 674 currere,
2660 616 2843 663 contra
2883 620 3083 659 morem
3136 618 3287 657 suum
3315 645 3328 666 ,
3358 616 3542 655 vocem

1966 710 2197 772 emittit,
2243 722 2304 760 ac
2344 705 2387 758 si
2416 704 2520 755 vim
2553 707 2853 770 pateretur,
2886 712 2947 750 ac
2991 696 3034 749 si
3064 704 3247 749 contra
3296 703 3539 745 naturam

1970 801 2232 857 tenderet.
2261 797 2315 853 Si
2346 794 2470 866 quid
2494 793 2633 847 enim
2663 791 2929 844 elemento
2957 797 3149 858 prauer
3177 793 3421 839 naturam
3447 799 3542 837 ac-

1968 892 2137 957 cidat,
2187 891 2357 959 ipsum
2385 887 2600 941 clamat.
2645 882 2857 947 Quare?
2893 882 3078 933 Oleum
3118 894 3237 932 cum
3292 877 3544 945 injectum

1968 984 2126 1038 fuerit
2150 982 2201 1034 in
2234 981 2427 1050 ignem,
2454 990 2638 1030 vocem
2669 988 2773 1026 nou
2802 971 3027 1030 emittit;
3058 984 3191 1037 aqua
3214 1010 3228 1034 ,
3270 969 3316 1021 si
3357 967 3548 1034 injecta

1971 1074 2135 1129 fuerit
2159 1070 2408 1138 ,stridet.
2442 1066 2601 1137 Atqui
2641 1072 2695 1119 et
2740 1064 2843 1117 hoc
2868 1071 2922 1116 et
2973 1061 3097 1113 illud
3129 1070 3209 1114 est
3254 1058 3547 1112 humidum.

1973 1165 2078 1221 Sed
2101 1162 2220 1234 quia
2253 1160 2426 1214 oleum
2469 1174 2538 1212 ex
2586 1156 2728 1225 ligno
2749 1153 3028 1223 opsonium
3073 1153 3326 1216 nascitur,
3358 1160 3412 1205 et
3434 1151 3551 1204 olea

1974 1260 2140 1312 nutrit
2190 1259 2361 1327 ipsum
2392 1298 2406 1321 ,
2450 1254 2690 1324 ignisque
2746 1264 2959 1317 semper
3010 1255 3092 1301 est
3128 1247 3269 1315 ligno
3313 1246 3551 1309 amicus,

1976 1353 2203 1407 libenter
2247 1350 2439 1419 accipit
2480 1346 2620 1417 quod
2668 1360 2733 1399 ex
2780 1342 2923 1395 affini
2978 1348 3164 1394 natura
3195 1346 3292 1391 est.
3334 1336 3424 1391 Sin
3457 1354 3553 1390 au-

1978 1454 2081 1499 tem
2115 1457 2247 1512 aqua
2288 1442 2339 1495 in
2389 1441 2563 1510 ignem
2603 1435 2937 1493 immittatur,
2980 1427 3205 1494 stridet,
3246 1428 3386 1497 quod
3435 1443 3557 1481 cum

1978 1534 2247 1588 contrario
2279 1540 2492 1601 pugnet.
2524 1528 2663 1596 Ignis
2689 1525 2799 1579 aeri
2839 1522 3043 1576 amicus
3060 1529 3167 1583 est;
3203 1519 3376 1572 aflinis
3415 1520 3556 1572 enim

1980 1637 2063 1680 est
2103 1626 2173 1679 ei.
2220 1623 2467 1677 lnsufflas
2504 1621 2554 1673 in
2601 1620 2899 1679 lucernam,
2937 1622 2991 1668 et
3034 1626 3127 1666 aer
3174 1612 3346 1680 ignem
3380 1611 3430 1663 in
3479 1609 3559 1662 fu—

1984 1733 2128 1773 mum
2171 1718 2358 1781 vertit,
2392 1730 2453 1768 ac
2501 1725 2757 1780 nusquam
2805 1715 3077 1776 comparet
3109 1719 3269 1759 :nam
3299 1702 3439 1772 quod
3481 1704 3559 1755 al-

1986 1809 2091 1863 fine
2115 1818 2227 1863 erat
2252 1806 2528 1861 abscessit.
2544 1802 2679 1855 Vide
2704 1799 2936 1855 Artiﬁcis
2959 1796 3295 1867 sapientiam,
3320 1794 3441 1848 vide
3470 1809 3562 1863 po-

1987 1910 2255 1958 testatem.
2283 1899 2465 1955 Posuit
2495 1893 2772 1950 luminaria
2805 1892 2857 1945 in
2887 1889 3038 1952 cit-lo,
3060 1897 3114 1942 ut
3144 1888 3381 1941 lucerent
3406 1901 3565 1955 super

1992 2005 2221 2049 terram:
2255 1990 2320 2044 Et
2369 1993 2498 2051 sint,
2540 1987 2745 2055 inquit,
2786 1985 2839 2037 in
2879 1983 3056 2052 signa,
3099 1989 3147 2035 et
3180 1981 3232 2033 in
3262 1980 3366 2034 dies
3387 2020 3401 2046 ,
3428 1988 3473 2033 et
3514 1980 3568 2032 in

1988 2104 2165 2141 annos.

2062 2174 2344 2242 Astrologia
2360 2185 2633 2239 vanaqnw.
2662 2166 2942 2221 Discrimen
2981 2166 3108 2217 inter
3128 2171 3283 2233 χρόνος
3316 2171 3362 2216 ει
3391 2171 3569 2233 καιρὸς.

1992 2268 2161 2323 Filius
2203 2283 2300 2319 non
2329 2267 2489 2335 [actus
2516 2271 2607 2316 est.
2624 2257 2837 2324 —Quid
2860 2265 2961 2321 est,
2988 2255 3055 2308 In
3082 2252 3377 2324 signa?Qui
3396 2261 3573 2306 astro-

1994 2362 2186 2432 lOgiam
2218 2372 2354 2413 vane
2387 2360 2652 2419 tractant,
2690 2366 2839 2421 spem
2886 2362 3035 2402 suam
3082 2352 3445 2409 evacuarunt,
3488 2356 3574 2397 res

1995 2454 2355 2525 significantes
2404 2462 2522 2518 qua:
2584 2457 2842 2513 nusquam
2884 2440 3161 2494 exsistunt.
3226 2435 3377 2503 Quod
3431 2435 3573 2490 enim

1996 2548 2163 2601 stella.-
2204 2544 2332 2598 nihil
2379 2540 2677 2611 significent
2719 2536 2859 2590 circa
2896 2534 3056 2585 vitam
3111 2530 3384 2584 hominum
3428 2528 3577 2583 testi-

1997 2642 2182 2694 ficatur
2204 2637 2363 2690 lsziias
2394 2633 2607 2686 dicens:
2631 2628 2854 2697 Surgunt
2880 2622 3121 2692 astrologi
3152 2620 3261 2674 ca’li
3277 2664 3291 2684 ,
3317 2633 3360 2672 et
3388 2619 3472 2688 qui
3502 2620 3576 2670 si-

1997 2749 2097 2801 gna
2124 2730 2311 2792 vident;
2331 2736 2375 2780 et
2401 2724 2569 2776 dicant
2592 2721 2677 2773 tibi
2701 2719 2823 2788 quid
2844 2720 3071 2786 futurum
3095 2714 3155 2766 sit
3177 2710 3328 2781 (1εαὶ.
3353 2712 3437 2764 47.
3460 2710 3574 2775 15).

2001 2822 2075 2875 De
2124 2820 2225 2872 vita
2258 2830 2385 2886 ergo
2430 2812 2701 2866 hominum
2737 2807 2937 2861 nullum
2970 2804 3178 2873 signum
3226 2802 3314 2854 dat
3361 2800 3573 2854 emlum.

1998 2912 2091 2966 Vis
2128 2910 2244 2978 ejus
2281 2909 2429 2976 signa
2468 2901 2716 2958 discere?
2745 2896 3021 2967 Significat
3073 2894 3310 2964 pluvias,
3354 2901 3577 2957 ventos,

2002 3004 2207 3057 hiemes
2251 3014 2313 3052 ac
2337 3003 2680 3066 tempestates
2702 3031 2715 3057 ,
2753 2986 3096 3057 tranquillum
3137 2998 3337 3039 acrem.
3368 2981 3491 3034 llaec
3511 2982 3582 3032 si-

1999 3095 2253 3166 gnificant
2280 3090 2446 3143 SlCllil}
2472 3129 2485 3153 ,
2520 3086 2676 3155 idque
2703 3098 2795 3152 per
2826 3081 2915 3134 Dei
2944 3078 3346 3147 benignitatem,
3375 3083 3430 3127 ut
3453 3089 3584 3126 nau-

2000 3188 2176 3241 clerus
2206 3184 2412 3252 signum
2436 3180 2642 3239 videat,
2672 3184 2726 3229 et
2754 3171 3040 3242 periculum
3071 3168 3319 3236 effugiat;
3348 3173 3407 3218 ut
3435 3165 3578 3234 agri—

2001 3279 2116 3332 cola
2165 3274 2355 3328 hiemis
2398 3285 2610 3324 scnsuin
2658 3266 2881 3327 habeat,
2911 3270 2965 3316 et
2998 3269 3337 3314 antevertens
3381 3265 3581 3311 terram

2004 3380 2183 3427 aratro
2211 3367 2397 3421 sulcet.
2429 3363 2524 3416 Est
2551 3369 2605 3415 et
2628 3359 2748 3414 belli
2779 3367 2831 3411 et
2861 3356 3003 3425 pacis
3030 3351 3262 3421 signum.
3293 3349 3418 3403 llaec
3461 3347 3585 3402 Ser-

2003 3473 2156 3518 vator
2182 3456 2459 3515 affirmavit
2485 3495 2498 3520 ,
2530 3466 2647 3523 quae
2676 3449 2855 3518 utique
2900 3453 3025 3500 sunt
3048 3439 3311 3511 simplicia
3336 3480 3350 3505 ,
3380 3447 3435 3491 et
3480 3453 3578 3491 cx-

2007 3557 2214 3627 ploratu
2245 3550 2436 3604 facilia.
2482 3546 2568 3599 Ait
2608 3542 2803 3627 quippe
2842 3535 3039 3592 ludatis
3072 3550 3086 3586 :
3121 3552 3141 3585 ί
3179 3530 3512 3600 Hypocritaz,
3542 3533 3587 3581 si

2010 3644 2245 3701 videritis
2294 3641 2485 3695 nubem
2526 3637 2592 3689 ab
2637 3624 2827 3687 occasu
2857 3630 3114 3684 orientem
3141 3666 3157 3690 ,
3184 3622 3361 3678 dicitis
3385 3662 3399 3687 ,
3432 3620 3590 3675 Venit

2011 3744 2298 3806 tempestas
2328 3752 2345 3783 ι
2372 3728 2578 3803 (Matth.
2609 3722 2871 3791 16.24):
2899 3739 2916 3771 ι
2938 3728 2992 3771 et
3012 3720 3082 3771 ita
3111 3714 3187 3791 fit.
3210 3715 3275 3767 Et
3291 3713 3337 3769 si
3354 3711 3590 3766 videritis

2012 3842 2240 3899 vespere
2287 3821 2639 3879 rubicundum
2692 3816 2880 3871 caelum
2907 3852 2922 3877 ,
2952 3810 3129 3865 dicitis
3157 3825 3171 3861 :
3204 3807 3505 3870 Serenum;
3537 3813 3591 3858 et

2012 3925 2157 3979 venit
2183 3934 2453 3977 serenum.
2486 3916 2553 3969 Et
2582 3917 2626 3966 si
2658 3906 2899 3964 videritis
2928 3920 3052 3959 sero
3085 3903 3236 3956 triste
3266 3900 3473 3964 caelum,
3500 3897 3589 3951 di-

2012 4016 2164 4081 citis,
2195 4014 2508 4081 Tempestas
2529 4006 2674 4060 venit
2706 4022 2724 4055 »
2752 4000 2900 4074 (Luc.
2930 3997 3018 4051 12.
3050 3993 3258 4065 54-56).
3288 3990 3592 4061 Deindeque

2014 4105 2285 4177 subjungit
2314 4121 2326 4156 :
2353 4120 2370 4152 ι
2408 4098 2617 4153 Faciem
2647 4093 2763 4148 cmli
2785 4100 2837 4146 et
2867 4098 3022 4144 terrae
3047 4085 3273 4157 probare
3300 4081 3447 4138 scitis
3477 4123 3490 4148 ,
3522 4081 3591 4135 il-

2014 4201 2105 4257 lud
2144 4207 2319 4253 autem
2361 4206 2566 4260 tempus
2614 4183 2865 4242 nescitis?
2900 4201 2917 4234 ι
2954 4180 3079 4234 Haec
3118 4185 3242 4231 sunt
3282 4176 3429 4246 signa
3472 4190 3593 4243 qua:

2016 4297 2131 4350 sine
2152 4291 2387 4363 pericqu
2416 4286 2783 4345 observantur,
2799 4286 2976 4339 aestas,
3002 4274 3194 4339 hiems,
3218 4271 3418 4340 pluvia,
3444 4282 3590 4323 sere-

2016 4402 2117 4443 nus
2133 4402 2243 4438 aer.
2270 4382 2393 4435 llaec
2411 4395 2511 4432 non
2528 4384 2649 4430 sunt
2665 4388 2693 4425 a
2716 4372 2909 4442 pietate
2928 4367 3120 4428 aliena,
3135 4363 3227 4416 sed
3248 4361 3338 4416 Dei
3356 4360 3590 4431 propria.

2016 4482 2176 4537 Multa
2203 4476 2556 4548 potuissemus
2581 4470 2648 4522 de
2669 4463 2954 4532 astrologia
2971 4458 3168 4523 dicere;
3194 4455 3285 4510 sed
3308 4468 3440 4523 opus
3462 4452 3595 4507 fuis-

2020 4584 2100 4631 set
2128 4583 2183 4628 ct
2228 4566 2559 4625 eontentiore
2588 4574 2717 4615 voce
2742 4599 2756 4623 ,
2778 4565 2832 4612 et
2871 4566 3070 4623 organo
3118 4564 3221 4604 nun
3275 4548 3591 4602 fatiscente:

2020 4685 2138 4723 nam
2167 4680 2285 4719 cum
2313 4672 2559 4715 sermone
2589 4668 2739 4707 mens
2774 4649 2884 4720 pari
2924 4661 3109 4716 gressu
3139 4643 3395 4712 procedit,
3424 4650 3477 4696 et
3506 4657 3593 4695 ra-

2021 4759 2288 4816 tiocinium
2318 4768 2418 4806 una
2440 4764 2558 4803 cum
2590 4746 2762 4813 lingua
2790 4739 3105 4795 infirmatur.
3134 4734 3213 4788 Ad
3236 4749 3297 4787 ea
3321 4748 3449 4801 ergo
3477 4748 3595 4801 qua:

2020 4862 2141 4909 sunt
2184 4846 2501 4915 simpliciora
2546 4834 2915 4907 procedamus.
2950 4829 3063 4882 Sint
3109 4829 3162 4879 in
3203 4828 3348 4895 signa
3384 4833 3431 4878 et
3473 4834 3595 4876 tem-

2022 4961 2165 5018 pora.
2208 4936 2365 4994 Aliud
2408 4934 2549 4987 enim
2588 4937 2671 4982 est
2697 4936 2853 4995 χρόνος
2894 4931 3136 4989 tempus,
3170 4927 3225 4970 et
3248 4915 3389 4970 aliud
3437 4921 3596 4983 καιρός

2022 5014 2408 5107 opportunitas.
2434 5032 2608 5095 Χρόνος
2633 5015 2950 5073 diuturnitas
2975 5021 3056 5067 est
3078 5053 3093 5076 ,
3121 5019 3174 5064 et
3211 5014 3370 5077 καιρός
3395 5020 3594 5074 oppor-

2025 5099 2236 5183 tunitas.
2269 5124 2378 5178 Nec
2406 5128 2485 5172 est
2511 5115 2596 5186 qui
2628 5113 2787 5176 dicat,
2819 5117 2974 5178 χρόνος
3001 5114 3079 5157 est
3101 5099 3410 5160 vindemia};
3440 5112 3597 5149 nemo

2023 5225 2171 5285 dicit,
2202 5228 2355 5290 χρόνος
2382 5223 2462 5268 cst
2485 5210 2738 5280 virginem
2770 5199 2977 5256 locandi
3010 5216 3023 5249 :
3057 5193 3169 5254 sed,
3202 5195 3357 5259 καιρός
3387 5196 3470 5241 est
3487 5190 3597 5241 vir-

2024 5320 2199 5387 ginem
2229 5308 2435 5366 locandi
2460 5348 2475 5372 ,
2502 5312 2660 5373 καιρὸς
2688 5294 2941 5353 sementis
2969 5298 3022 5342 et
3069 5296 3228 5354 καιρὸς
3256 5280 3465 5334 messis.
3498 5279 3600 5333 Sa-

2028 5370 2053 5387 υ
2463 5370 2469 5372 ἡ
2586 5370 2593 5373 .

2028 5414 2309 5475 ionmnqne
2338 5403 2408 5453 ait
2444 5417 2456 5453 :
2484 5398 2640 5465 καιρὸς
2675 5386 2934 5460 pariendi,
2964 5387 3007 5431 el
3041 5384 3200 5442 mea;
3242 5370 3519 5431 moriendi,
3553 5377 3601 5420 et

3119 5466 3147 5475 ..
3185 5462 3196 5475 .
3226 5461 3260 5475 ,ι
3326 5458 3339 5475 ,
3415 5458 3447 5475 .,
3499 5457 3573 5475 οκ

2026 5510 2185 5570 καιρὸς
2228 5457 2519 5559 Ι(υίιίίὶεωιιίἱ
2541 5457 2634 5549 ,Iet
2675 5457 2831 5549 accipe;
2864 5466 3147 5525 destruendi
3178 5458 3387 5533 (Eccle.
3415 5458 3471 5512 3.
3499 5458 3535 5508 2
3555 5457 3597 5527 ).

2032 5548 2208 5663 Recipe»
2232 5548 2359 5643 dicit
2394 5575 2861 5650 Opportunitalem.
2895 5564 3018 5616 [hec
3052 5570 3188 5657 vero
3235 5552 3401 5606 stella:
3435 5548 3601 5648 signi-

2030 5639 2222 5747 ficant;
2254 5691 2375 5752 puta
2401 5720 2416 5745 ,
2440 5668 2702 5745 pleiadum
2742 5668 2914 5714 ortum
2954 5647 3160 5704 initium
3213 5658 3331 5700 esse
3354 5639 3596 5752 ‘messis;

2034 5728 2186 5743 μω...
2209 5728 2222 5747 ,
2276 5728 2375 5736 ...η
2402 5728 2416 5745 ,
2441 5728 2465 5745 τ
2510 5728 2515 5729 γ

2034 5728 2292 5851 pleiaduln
2344 5779 2609 5830 occasum,
2639 5754 2843 5813 initium
2876 5738 3148 5801 sementis.
3176 5738 3296 5791 llzL‘C
3324 5733 3389 5787 ab
3415 5728 3599 5798 impie-
