  <div class='ocr_page' id='page_1' title='image "/cluster/home/n/w/nwhite01/storage/ocr_20150623/56/mdp.39015028574351/443.png"; bbox 0 0 4074 6308; ppageno 0'>
   <div class='ocr_carea' id='block_1_1' title="bbox 520 247 620 304">
    <p class='ocr_par' dir='ltr' id='par_1_1' title="bbox 520 247 620 304">
     <span class='ocr_line' id='line_1_1' title="bbox 520 247 620 304; baseline -0.01 0"><span class='ocrx_word' id='word_1_1' title='bbox 520 247 620 304; x_wconf 80' lang='grc'><strong>451</strong></span> 
     </span>
    </p>
   </div>
   <div class='ocr_carea' id='block_1_2' title="bbox 518 350 2093 430">
    <p class='ocr_par' dir='ltr' id='par_1_2' title="bbox 518 350 2093 430">
     <span class='ocr_line' id='line_1_2' title="bbox 518 350 2093 430; baseline -0.007 -15"><span class='ocrx_word' id='word_1_2' title='bbox 518 370 626 415; x_wconf 87' lang='lat' dir='ltr'><strong>tate</strong></span> <span class='ocrx_word' id='word_1_3' title='bbox 649 358 819 414; x_wconf 90' lang='lat' dir='ltr'><strong>aliena</strong></span> <span class='ocrx_word' id='word_1_4' title='bbox 840 399 853 421; x_wconf 91' lang='lat'><strong>,</strong></span> <span class='ocrx_word' id='word_1_5' title='bbox 877 354 1165 430; x_wconf 86' lang='lat' dir='ltr'><strong>pictatique</strong></span> <span class='ocrx_word' id='word_1_6' title='bbox 1192 355 1405 424; x_wconf 83' lang='lat' dir='ltr'><strong>propria</strong></span> <span class='ocrx_word' id='word_1_7' title='bbox 1441 361 1587 408; x_wconf 89' lang='lat' dir='ltr'><strong>sunt.</strong></span> <span class='ocrx_word' id='word_1_8' title='bbox 1615 359 1793 418; x_wconf 68' lang='lat' dir='ltr'><strong>K&#39;mpct</strong></span> <span class='ocrx_word' id='word_1_9' title='bbox 1821 350 1932 405; x_wconf 85' lang='lat' dir='ltr'><strong>sive</strong></span> <span class='ocrx_word' id='word_1_10' title='bbox 1957 361 2093 404; x_wconf 83' lang='lat' dir='ltr'><strong>tem-</strong></span> 
     </span>
    </p>
   </div>
   <div class='ocr_carea' id='block_1_3' title="bbox 514 437 2098 524">
    <p class='ocr_par' dir='ltr' id='par_1_3' title="bbox 514 437 2098 524">
     <span class='ocr_line' id='line_1_3' title="bbox 514 437 2098 524; baseline -0.004 -20"><span class='ocrx_word' id='word_1_11' title='bbox 514 467 640 524; x_wconf 86' lang='lat' dir='ltr'><strong>pora</strong></span> <span class='ocrx_word' id='word_1_12' title='bbox 684 450 811 505; x_wconf 88' lang='lat' dir='ltr'><strong>festa</strong></span> <span class='ocrx_word' id='word_1_13' title='bbox 851 463 1060 519; x_wconf 80' lang='lat' dir='ltr'><strong>quoque</strong></span> <span class='ocrx_word' id='word_1_14' title='bbox 1107 457 1386 500; x_wconf 81' lang='lat' dir='ltr'><strong>vocamur.</strong></span> <span class='ocrx_word' id='word_1_15' title='bbox 1439 437 1528 500; x_wconf 78' lang='lat' dir='ltr'><strong>Ait</strong></span> <span class='ocrx_word' id='word_1_16' title='bbox 1576 446 1716 500; x_wconf 87' lang='lat' dir='ltr'><strong>Deus</strong></span> <span class='ocrx_word' id='word_1_17' title='bbox 1753 463 1767 499; x_wconf 88' lang='lat'><strong>:</strong></span> <span class='ocrx_word' id='word_1_18' title='bbox 1807 443 1931 498; x_wconf 90' lang='lat' dir='ltr'><strong>Tria</strong></span> <span class='ocrx_word' id='word_1_19' title='bbox 1975 447 2098 498; x_wconf 82' lang='lat' dir='ltr'><strong>anni</strong></span> 
     </span>
    </p>
   </div>
   <div class='ocr_carea' id='block_1_4' title="bbox 513 536 2096 612">
    <p class='ocr_par' dir='ltr' id='par_1_4' title="bbox 513 536 2096 612">
     <span class='ocr_line' id='line_1_4' title="bbox 513 536 2096 612; baseline -0.004 -18"><span class='ocrx_word' id='word_1_20' title='bbox 513 553 739 612; x_wconf 74' lang='lat' dir='ltr'><strong>tempora</strong></span> <span class='ocrx_word' id='word_1_21' title='bbox 784 538 1092 592; x_wconf 79' lang='lat' dir='ltr'><strong>Celebrabitis</strong></span> <span class='ocrx_word' id='word_1_22' title='bbox 1134 537 1294 602; x_wconf 82' lang='lat' dir='ltr'><strong>mihi,</strong></span> <span class='ocrx_word' id='word_1_23' title='bbox 1335 536 1516 606; x_wconf 77' lang='lat' dir='ltr'><strong>festum</strong></span> <span class='ocrx_word' id='word_1_24' title='bbox 1544 537 1848 607; x_wconf 75' lang='lat' dir='ltr'><strong>Azyntorum</strong></span> <span class='ocrx_word' id='word_1_25' title='bbox 1871 577 1886 602; x_wconf 95' lang='lat'><strong>,</strong></span> <span class='ocrx_word' id='word_1_26' title='bbox 1915 539 2096 606; x_wconf 77' lang='lat' dir='ltr'><strong>festum</strong></span> 
     </span>
    </p>
   </div>
   <div class='ocr_carea' id='block_1_5' title="bbox 519 628 2094 703">
    <p class='ocr_par' dir='ltr' id='par_1_5' title="bbox 519 628 2094 703">
     <span class='ocr_line' id='line_1_5' title="bbox 519 628 2094 703; baseline -0.003 -14"><span class='ocrx_word' id='word_1_27' title='bbox 519 635 863 699; x_wconf 75' lang='lat' dir='ltr'><strong>l’entecostes,</strong></span> <span class='ocrx_word' id='word_1_28' title='bbox 892 642 939 686; x_wconf 89' lang='lat' dir='ltr'><strong>et</strong></span> <span class='ocrx_word' id='word_1_29' title='bbox 975 635 1154 703; x_wconf 78' lang='lat' dir='ltr'><strong>festum</strong></span> <span class='ocrx_word' id='word_1_30' title='bbox 1181 629 1607 701; x_wconf 86' lang='lat' dir='ltr'><strong>Scenopegiorum</strong></span> <span class='ocrx_word' id='word_1_31' title='bbox 1651 628 1822 702; x_wconf 84' lang='lat' dir='ltr'><strong>(Dent.</strong></span> <span class='ocrx_word' id='word_1_32' title='bbox 1859 629 1945 684; x_wconf 89' lang='grc'><strong>16.</strong></span> <span class='ocrx_word' id='word_1_33' title='bbox 1982 628 2094 700; x_wconf 91' lang='grc'><strong>16).</strong></span> 
     </span>
    </p>
   </div>
   <div class='ocr_carea' id='block_1_6' title="bbox 509 721 2088 796">
    <p class='ocr_par' dir='ltr' id='par_1_6' title="bbox 509 721 2088 796">
     <span class='ocr_line' id='line_1_6' title="bbox 509 721 2088 796; baseline -0.004 -15"><span class='ocrx_word' id='word_1_34' title='bbox 509 726 633 782; x_wconf 87' lang='lat' dir='ltr'><strong>Tria</strong></span> <span class='ocrx_word' id='word_1_35' title='bbox 663 735 920 796; x_wconf 88' lang='lat' dir='ltr'><strong>tempora.</strong></span> <span class='ocrx_word' id='word_1_36' title='bbox 956 725 1092 778; x_wconf 82' lang='lat' dir='ltr'><strong>Ecce</strong></span> <span class='ocrx_word' id='word_1_37' title='bbox 1119 724 1288 792; x_wconf 86' lang='lat' dir='ltr'><strong>signa,</strong></span> <span class='ocrx_word' id='word_1_38' title='bbox 1316 732 1370 777; x_wconf 90' lang='lat' dir='ltr'><strong>et</strong></span> <span class='ocrx_word' id='word_1_39' title='bbox 1391 732 1648 791; x_wconf 86' lang='lat' dir='ltr'><strong>tempora.</strong></span> <span class='ocrx_word' id='word_1_40' title='bbox 1683 721 1807 776; x_wconf 89' lang='lat' dir='ltr'><strong>Dies</strong></span> <span class='ocrx_word' id='word_1_41' title='bbox 1827 736 2012 776; x_wconf 86' lang='lat' dir='ltr'><strong>rursus</strong></span> <span class='ocrx_word' id='word_1_42' title='bbox 2036 722 2088 776; x_wconf 93' lang='lat' dir='ltr'><strong>in</strong></span> 
     </span>
    </p>
   </div>
   <div class='ocr_carea' id='block_1_7' title="bbox 510 799 2094 889">
    <p class='ocr_par' dir='ltr' id='par_1_7' title="bbox 510 799 2094 889">
     <span class='ocr_line' id='line_1_7' title="bbox 510 799 2094 889; baseline -0.003 -18"><span class='ocrx_word' id='word_1_43' title='bbox 510 817 730 873; x_wconf 87' lang='lat' dir='ltr'><strong>sabbato</strong></span> <span class='ocrx_word' id='word_1_44' title='bbox 749 825 803 870; x_wconf 92' lang='lat' dir='ltr'><strong>et</strong></span> <span class='ocrx_word' id='word_1_45' title='bbox 824 831 1034 870; x_wconf 86' lang='lat' dir='ltr'><strong>menses</strong></span> <span class='ocrx_word' id='word_1_46' title='bbox 1067 813 1190 889; x_wconf 68' lang='lat' dir='ltr'><strong>facit</strong></span> <span class='ocrx_word' id='word_1_47' title='bbox 1218 814 1361 867; x_wconf 91' lang='lat' dir='ltr'><strong>luna.</strong></span> <span class='ocrx_word' id='word_1_48' title='bbox 1386 813 1479 868; x_wconf 91' lang='lat' dir='ltr'><strong>Sol</strong></span> <span class='ocrx_word' id='word_1_49' title='bbox 1500 799 1759 866; x_wconf 85' lang='lat' dir='ltr'><strong>annorum</strong></span> <span class='ocrx_word' id='word_1_50' title='bbox 1782 813 2094 867; x_wconf 88' lang='lat' dir='ltr'><strong>conversio-</strong></span> 
     </span>
    </p>
   </div>
   <div class='ocr_carea' id='block_1_8' title="bbox 511 906 2093 975">
    <p class='ocr_par' dir='ltr' id='par_1_8' title="bbox 511 906 2093 975">
     <span class='ocr_line' id='line_1_8' title="bbox 511 906 2093 975; baseline -0.002 -12"><span class='ocrx_word' id='word_1_51' title='bbox 511 926 606 964; x_wconf 85' lang='lat' dir='ltr'><strong>nes</strong></span> <span class='ocrx_word' id='word_1_52' title='bbox 627 909 891 973; x_wconf 86' lang='lat' dir='ltr'><strong>observat,</strong></span> <span class='ocrx_word' id='word_1_53' title='bbox 919 923 1154 972; x_wconf 90' lang='lat' dir='ltr'><strong>vernam,</strong></span> <span class='ocrx_word' id='word_1_54' title='bbox 1185 906 1607 975; x_wconf 64' lang='lat' dir='ltr'><strong>aequinoctialem</strong></span> <span class='ocrx_word' id='word_1_55' title='bbox 1630 907 1669 970; x_wconf 81' lang='grc' dir='ltr'><strong>ί,</strong></span> <span class='ocrx_word' id='word_1_56' title='bbox 1698 906 1934 960; x_wconf 67' lang='lat' dir='ltr'><strong>aestivam</strong></span> <span class='ocrx_word' id='word_1_57' title='bbox 1959 947 1976 970; x_wconf 92' lang='lat'><strong>,</strong></span> <span class='ocrx_word' id='word_1_58' title='bbox 2000 922 2093 960; x_wconf 87' lang='lat' dir='ltr'><strong>att-</strong></span> 
     </span>
    </p>
   </div>
   <div class='ocr_carea' id='block_1_9' title="bbox 511 997 2089 1069">
    <p class='ocr_par' dir='ltr' id='par_1_9' title="bbox 511 997 2089 1069">
     <span class='ocr_line' id='line_1_9' title="bbox 511 997 2089 1069; baseline -0.003 -12"><span class='ocrx_word' id='word_1_59' title='bbox 511 1002 821 1057; x_wconf 88' lang='lat' dir='ltr'><strong>tumnalcm.</strong></span> <span class='ocrx_word' id='word_1_60' title='bbox 850 999 1002 1056; x_wconf 87' lang='lat' dir='ltr'><strong>Stant</strong></span> <span class='ocrx_word' id='word_1_61' title='bbox 1031 999 1174 1069; x_wconf 80' lang='lat' dir='ltr'><strong>leges</strong></span> <span class='ocrx_word' id='word_1_62' title='bbox 1201 997 1454 1052; x_wconf 69' lang='lat' dir='ltr'><strong>immotas.</strong></span> <span class='ocrx_word' id='word_1_63' title='bbox 1490 998 1670 1061; x_wconf 78' lang='lat' dir='ltr'><strong>Dixit,</strong></span> <span class='ocrx_word' id='word_1_64' title='bbox 1702 1007 1757 1053; x_wconf 89' lang='lat' dir='ltr'><strong>et</strong></span> <span class='ocrx_word' id='word_1_65' title='bbox 1801 998 1900 1052; x_wconf 84' lang='lat' dir='ltr'><strong>ﬁxa</strong></span> <span class='ocrx_word' id='word_1_66' title='bbox 1931 1009 2089 1066; x_wconf 89' lang='lat' dir='ltr'><strong>sunt;</strong></span> 
     </span>
    </p>
   </div>
   <div class='ocr_carea' id='block_1_10' title="bbox 510 1088 2093 1154">
    <p class='ocr_par' dir='ltr' id='par_1_10' title="bbox 510 1088 2093 1154">
     <span class='ocr_line' id='line_1_10' title="bbox 510 1088 2093 1154; baseline -0.004 -6"><span class='ocrx_word' id='word_1_67' title='bbox 510 1093 782 1148; x_wconf 82' lang='lat' dir='ltr'><strong>mandavit</strong></span> <span class='ocrx_word' id='word_1_68' title='bbox 802 1132 816 1154; x_wconf 94' lang='lat'><strong>,</strong></span> <span class='ocrx_word' id='word_1_69' title='bbox 849 1100 904 1146; x_wconf 88' lang='lat' dir='ltr'><strong>et</strong></span> <span class='ocrx_word' id='word_1_70' title='bbox 931 1089 1148 1144; x_wconf 88' lang='lat' dir='ltr'><strong>fundata</strong></span> <span class='ocrx_word' id='word_1_71' title='bbox 1177 1099 1318 1144; x_wconf 90' lang='lat' dir='ltr'><strong>sunt.</strong></span> <span class='ocrx_word' id='word_1_72' title='bbox 1365 1089 1459 1143; x_wconf 86' lang='lat' dir='ltr'><strong>llic</strong></span> <span class='ocrx_word' id='word_1_73' title='bbox 1483 1088 1697 1143; x_wconf 88' lang='lat' dir='ltr'><strong>demum</strong></span> <span class='ocrx_word' id='word_1_74' title='bbox 1737 1091 1971 1145; x_wconf 89' lang='lat' dir='ltr'><strong>animntn</strong></span> <span class='ocrx_word' id='word_1_75' title='bbox 1999 1090 2093 1143; x_wconf 85' lang='lat' dir='ltr'><strong>ad-</strong></span> 
     </span>
    </p>
   </div>
   <div class='ocr_carea' id='block_1_11' title="bbox 510 1182 2092 1254">
    <p class='ocr_par' dir='ltr' id='par_1_11' title="bbox 510 1182 2092 1254">
     <span class='ocr_line' id='line_1_11' title="bbox 510 1182 2092 1254; baseline -0.001 -16"><span class='ocrx_word' id='word_1_76' title='bbox 510 1187 722 1242; x_wconf 89' lang='lat' dir='ltr'><strong>vertite.</strong></span> <span class='ocrx_word' id='word_1_77' title='bbox 765 1185 893 1252; x_wconf 85' lang='lat' dir='ltr'><strong>Quis</strong></span> <span class='ocrx_word' id='word_1_78' title='bbox 924 1184 1110 1237; x_wconf 90' lang='lat' dir='ltr'><strong>horum</strong></span> <span class='ocrx_word' id='word_1_79' title='bbox 1155 1182 1386 1239; x_wconf 82' lang='lat' dir='ltr'><strong>artifex?</strong></span> <span class='ocrx_word' id='word_1_80' title='bbox 1411 1187 1529 1254; x_wconf 86' lang='lat' dir='ltr'><strong>quis</strong></span> <span class='ocrx_word' id='word_1_81' title='bbox 1561 1183 1676 1238; x_wconf 77' lang='lat' dir='ltr'><strong>inec</strong></span> <span class='ocrx_word' id='word_1_82' title='bbox 1700 1183 1866 1238; x_wconf 83' lang='lat' dir='ltr'><strong>fecit?</strong></span> <span class='ocrx_word' id='word_1_83' title='bbox 1896 1183 2092 1238; x_wconf 87' lang='lat' dir='ltr'><strong>Pater?</strong></span> 
     </span>
    </p>
   </div>
   <div class='ocr_carea' id='block_1_12' title="bbox 509 1274 2088 1341">
    <p class='ocr_par' dir='ltr' id='par_1_12' title="bbox 509 1274 2088 1341">
     <span class='ocr_line' id='line_1_12' title="bbox 509 1274 2088 1341; baseline -0.003 -9"><span class='ocrx_word' id='word_1_84' title='bbox 509 1278 678 1334; x_wconf 89' lang='lat' dir='ltr'><strong>Nemo</strong></span> <span class='ocrx_word' id='word_1_85' title='bbox 706 1277 990 1330; x_wconf 89' lang='lat' dir='ltr'><strong>inﬁciatur.</strong></span> <span class='ocrx_word' id='word_1_86' title='bbox 1021 1275 1224 1330; x_wconf 87' lang='lat' dir='ltr'><strong>Filius?</strong></span> <span class='ocrx_word' id='word_1_87' title='bbox 1252 1276 1421 1329; x_wconf 82' lang='lat' dir='ltr'><strong>Etiam</strong></span> <span class='ocrx_word' id='word_1_88' title='bbox 1443 1275 1676 1330; x_wconf 83' lang='lat' dir='ltr'><strong>haeretici</strong></span> <span class='ocrx_word' id='word_1_89' title='bbox 1704 1274 1958 1341; x_wconf 82' lang='lat' dir='ltr'><strong>fatentur,</strong></span> <span class='ocrx_word' id='word_1_90' title='bbox 1987 1276 2088 1330; x_wconf 85' lang='lat' dir='ltr'><strong>etsi</strong></span> 
     </span>
    </p>
   </div>
   <div class='ocr_carea' id='block_1_13' title="bbox 509 1365 2091 1432">
    <p class='ocr_par' dir='ltr' id='par_1_13' title="bbox 509 1365 2091 1432">
     <span class='ocr_line' id='line_1_13' title="bbox 509 1365 2091 1432; baseline -0.001 -9"><span class='ocrx_word' id='word_1_91' title='bbox 509 1382 619 1424; x_wconf 87' lang='lat' dir='ltr'><strong>non</strong></span> <span class='ocrx_word' id='word_1_92' title='bbox 664 1377 808 1422; x_wconf 90' lang='lat' dir='ltr'><strong>recte</strong></span> <span class='ocrx_word' id='word_1_93' title='bbox 836 1384 848 1419; x_wconf 92' lang='lat'><strong>:</strong></span> <span class='ocrx_word' id='word_1_94' title='bbox 872 1367 1054 1422; x_wconf 89' lang='lat' dir='ltr'><strong>dicunt</strong></span> <span class='ocrx_word' id='word_1_95' title='bbox 1094 1367 1234 1421; x_wconf 91' lang='lat' dir='ltr'><strong>enim</strong></span> <span class='ocrx_word' id='word_1_96' title='bbox 1262 1407 1276 1429; x_wconf 94' lang='lat'><strong>,</strong></span> <span class='ocrx_word' id='word_1_97' title='bbox 1307 1367 1464 1420; x_wconf 87' lang='lat' dir='ltr'><strong>Pater</strong></span> <span class='ocrx_word' id='word_1_98' title='bbox 1507 1365 1696 1421; x_wconf 84' lang='lat' dir='ltr'><strong>Filium</strong></span> <span class='ocrx_word' id='word_1_99' title='bbox 1738 1366 1900 1432; x_wconf 71' lang='lat' dir='ltr'><strong>fecit,</strong></span> <span class='ocrx_word' id='word_1_100' title='bbox 1927 1366 2091 1422; x_wconf 86' lang='lat' dir='ltr'><strong>Filius</strong></span> 
     </span>
    </p>
   </div>
   <div class='ocr_carea' id='block_1_14' title="bbox 511 1457 2090 1526">
    <p class='ocr_par' dir='ltr' id='par_1_14' title="bbox 511 1457 2090 1526">
     <span class='ocr_line' id='line_1_14' title="bbox 511 1457 2090 1526; baseline -0.001 -11"><span class='ocrx_word' id='word_1_101' title='bbox 511 1471 689 1516; x_wconf 88' lang='lat' dir='ltr'><strong>autem</strong></span> <span class='ocrx_word' id='word_1_102' title='bbox 728 1461 927 1513; x_wconf 86' lang='lat' dir='ltr'><strong>omnia.</strong></span> <span class='ocrx_word' id='word_1_103' title='bbox 952 1457 1314 1513; x_wconf 80' lang='lat' dir='ltr'><strong>Admittamnc</strong></span> <span class='ocrx_word' id='word_1_104' title='bbox 1344 1458 1712 1526; x_wconf 83' lang='lat' dir='ltr'><strong>impietatem?</strong></span> <span class='ocrx_word' id='word_1_105' title='bbox 1737 1458 1866 1526; x_wconf 87' lang='lat' dir='ltr'><strong>Quia</strong></span> <span class='ocrx_word' id='word_1_106' title='bbox 1889 1459 2090 1513; x_wconf 83' lang='lat' dir='ltr'><strong>insolu—</strong></span> 
     </span>
    </p>
   </div>
   <div class='ocr_carea' id='block_1_15' title="bbox 509 1549 2090 1619">
    <p class='ocr_par' dir='ltr' id='par_1_15' title="bbox 509 1549 2090 1619">
     <span class='ocr_line' id='line_1_15' title="bbox 509 1549 2090 1619; baseline 0 -15"><span class='ocrx_word' id='word_1_107' title='bbox 509 1552 636 1605; x_wconf 84' lang='lat' dir='ltr'><strong>bilia</strong></span> <span class='ocrx_word' id='word_1_108' title='bbox 667 1552 872 1604; x_wconf 89' lang='lat' dir='ltr'><strong>vincula</strong></span> <span class='ocrx_word' id='word_1_109' title='bbox 904 1549 1273 1605; x_wconf 77' lang='lat' dir='ltr'><strong>haereticorum</strong></span> <span class='ocrx_word' id='word_1_110' title='bbox 1319 1559 1549 1603; x_wconf 89' lang='lat' dir='ltr'><strong>mentem</strong></span> <span class='ocrx_word' id='word_1_111' title='bbox 1581 1551 1984 1619; x_wconf 82' lang='lat' dir='ltr'><strong>constringunt,</strong></span> <span class='ocrx_word' id='word_1_112' title='bbox 2009 1551 2090 1604; x_wconf 90' lang='lat' dir='ltr'><strong>in-</strong></span> 
     </span>
    </p>
   </div>
   <div class='ocr_carea' id='block_1_16' title="bbox 517 1640 2086 1712">
    <p class='ocr_par' dir='ltr' id='par_1_16' title="bbox 517 1640 2086 1712">
     <span class='ocr_line' id='line_1_16' title="bbox 517 1640 2086 1712; baseline 0 -16"><span class='ocrx_word' id='word_1_113' title='bbox 517 1653 850 1712; x_wconf 90' lang='lat' dir='ltr'><strong>terrogemus</strong></span> <span class='ocrx_word' id='word_1_114' title='bbox 891 1640 1373 1710; x_wconf 80' lang='lat' dir='ltr'><strong>prophetasznum</strong></span> <span class='ocrx_word' id='word_1_115' title='bbox 1427 1641 1504 1704; x_wconf 89' lang='lat' dir='ltr'><strong>is,</strong></span> <span class='ocrx_word' id='word_1_116' title='bbox 1557 1641 1644 1710; x_wconf 90' lang='lat' dir='ltr'><strong>qui</strong></span> <span class='ocrx_word' id='word_1_117' title='bbox 1698 1641 1874 1695; x_wconf 88' lang='lat' dir='ltr'><strong>omnia</strong></span> <span class='ocrx_word' id='word_1_118' title='bbox 1929 1640 2086 1707; x_wconf 81' lang='lat' dir='ltr'><strong>fecit,</strong></span> 
     </span>
    </p>
   </div>
   <div class='ocr_carea' id='block_1_17' title="bbox 508 1732 2086 1804">
    <p class='ocr_par' dir='ltr' id='par_1_17' title="bbox 508 1732 2086 1804">
     <span class='ocr_line' id='line_1_17' title="bbox 508 1732 2086 1804; baseline -0.001 -14"><span class='ocrx_word' id='word_1_119' title='bbox 508 1735 809 1804; x_wconf 86' lang='lat' dir='ltr'><strong>quempiam</strong></span> <span class='ocrx_word' id='word_1_120' title='bbox 837 1733 1028 1788; x_wconf 90' lang='lat' dir='ltr'><strong>habeat</strong></span> <span class='ocrx_word' id='word_1_121' title='bbox 1053 1732 1326 1801; x_wconf 88' lang='lat' dir='ltr'><strong>majorem,</strong></span> <span class='ocrx_word' id='word_1_122' title='bbox 1345 1747 1411 1785; x_wconf 90' lang='lat' dir='ltr'><strong>an</strong></span> <span class='ocrx_word' id='word_1_123' title='bbox 1442 1732 1687 1787; x_wconf 89' lang='lat' dir='ltr'><strong>omnibus</strong></span> <span class='ocrx_word' id='word_1_124' title='bbox 1711 1732 1782 1786; x_wconf 91' lang='lat' dir='ltr'><strong>sit</strong></span> <span class='ocrx_word' id='word_1_125' title='bbox 1806 1733 2086 1802; x_wconf 83' lang='lat' dir='ltr'><strong>superior:</strong></span> 
     </span>
    </p>
   </div>
   <div class='ocr_carea' id='block_1_18' title="bbox 508 1824 1929 1895">
    <p class='ocr_par' dir='ltr' id='par_1_18' title="bbox 508 1824 1929 1895">
     <span class='ocr_line' id='line_1_18' title="bbox 508 1824 1929 1895; baseline -0.004 -13"><span class='ocrx_word' id='word_1_126' title='bbox 508 1842 603 1882; x_wconf 90' lang='lat' dir='ltr'><strong>sua</strong></span> <span class='ocrx_word' id='word_1_127' title='bbox 624 1827 766 1882; x_wconf 92' lang='lat' dir='ltr'><strong>enim</strong></span> <span class='ocrx_word' id='word_1_128' title='bbox 797 1826 895 1895; x_wconf 86' lang='lat' dir='ltr'><strong>ipsi</strong></span> <span class='ocrx_word' id='word_1_129' title='bbox 924 1825 1281 1894; x_wconf 91' lang='lat' dir='ltr'><strong>propositione</strong></span> <span class='ocrx_word' id='word_1_130' title='bbox 1308 1824 1528 1881; x_wconf 88' lang='lat' dir='ltr'><strong>cadunt.</strong></span> <span class='ocrx_word' id='word_1_131' title='bbox 1922 1867 1929 1876; x_wconf 95' lang='lat'><strong>.</strong></span> 
     </span>
    </p>
   </div>
   <div class='ocr_carea' id='block_1_19' title="bbox 581 1916 2084 1987">
    <p class='ocr_par' dir='ltr' id='par_1_19' title="bbox 581 1916 2084 1987">
     <span class='ocr_line' id='line_1_19' title="bbox 581 1916 2084 1987; baseline -0.001 -14"><span class='ocrx_word' id='word_1_132' title='bbox 581 1919 637 1974; x_wconf 75' lang='grc'><strong>4.</strong></span> <span class='ocrx_word' id='word_1_133' title='bbox 673 1919 858 1973; x_wconf 90' lang='lat' dir='ltr'><strong>Dicunt</strong></span> <span class='ocrx_word' id='word_1_134' title='bbox 883 1959 898 1982; x_wconf 94' lang='lat'><strong>,</strong></span> <span class='ocrx_word' id='word_1_135' title='bbox 926 1917 1114 1972; x_wconf 88' lang='lat' dir='ltr'><strong>Omnia</strong></span> <span class='ocrx_word' id='word_1_136' title='bbox 1156 1917 1283 1972; x_wconf 88' lang='lat' dir='ltr'><strong>fecit</strong></span> <span class='ocrx_word' id='word_1_137' title='bbox 1307 1917 1473 1971; x_wconf 88' lang='lat' dir='ltr'><strong>Filius</strong></span> <span class='ocrx_word' id='word_1_138' title='bbox 1493 1959 1508 1982; x_wconf 94' lang='lat'><strong>,</strong></span> <span class='ocrx_word' id='word_1_139' title='bbox 1538 1916 1708 1987; x_wconf 88' lang='lat' dir='ltr'><strong>ipsum</strong></span> <span class='ocrx_word' id='word_1_140' title='bbox 1738 1931 1867 1972; x_wconf 91' lang='lat' dir='ltr'><strong>vero</strong></span> <span class='ocrx_word' id='word_1_141' title='bbox 1903 1918 2084 1973; x_wconf 87' lang='lat' dir='ltr'><strong>Pater.</strong></span> 
     </span>
    </p>
   </div>
   <div class='ocr_carea' id='block_1_20' title="bbox 509 2005 2082 2079">
    <p class='ocr_par' dir='ltr' id='par_1_20' title="bbox 509 2005 2082 2079">
     <span class='ocr_line' id='line_1_20' title="bbox 509 2005 2082 2079; baseline -0.001 -15"><span class='ocrx_word' id='word_1_142' title='bbox 509 2009 773 2079; x_wconf 83' lang='lat' dir='ltr'><strong>Propitius</strong></span> <span class='ocrx_word' id='word_1_143' title='bbox 798 2009 948 2063; x_wconf 90' lang='lat' dir='ltr'><strong>nobis</strong></span> <span class='ocrx_word' id='word_1_144' title='bbox 981 2009 1056 2062; x_wconf 86' lang='lat' dir='ltr'><strong>sit</strong></span> <span class='ocrx_word' id='word_1_145' title='bbox 1079 2019 1179 2077; x_wconf 85' lang='lat' dir='ltr'><strong>pro</strong></span> <span class='ocrx_word' id='word_1_146' title='bbox 1199 2006 1526 2077; x_wconf 83' lang='lat' dir='ltr'><strong>blasphemia</strong></span> <span class='ocrx_word' id='word_1_147' title='bbox 1558 2025 1571 2061; x_wconf 92' lang='lat'><strong>:</strong></span> <span class='ocrx_word' id='word_1_148' title='bbox 1601 2008 1756 2076; x_wconf 82' lang='lat' dir='ltr'><strong>plane</strong></span> <span class='ocrx_word' id='word_1_149' title='bbox 1776 2005 1921 2063; x_wconf 88' lang='lat' dir='ltr'><strong>enim</strong></span> <span class='ocrx_word' id='word_1_150' title='bbox 1947 2007 2082 2063; x_wconf 78' lang='lat' dir='ltr'><strong>hor-</strong></span> 
     </span>
    </p>
   </div>
   <div class='ocr_carea' id='block_1_21' title="bbox 505 2102 2085 2172">
    <p class='ocr_par' dir='ltr' id='par_1_21' title="bbox 505 2102 2085 2172">
     <span class='ocr_line' id='line_1_21' title="bbox 505 2102 2085 2172; baseline -0.001 -14"><span class='ocrx_word' id='word_1_151' title='bbox 505 2118 597 2158; x_wconf 89' lang='lat' dir='ltr'><strong>ror</strong></span> <span class='ocrx_word' id='word_1_152' title='bbox 639 2113 720 2159; x_wconf 89' lang='lat' dir='ltr'><strong>est</strong></span> <span class='ocrx_word' id='word_1_153' title='bbox 757 2103 1040 2172; x_wconf 90' lang='lat' dir='ltr'><strong>impiorum</strong></span> <span class='ocrx_word' id='word_1_154' title='bbox 1085 2103 1247 2158; x_wconf 84' lang='lat' dir='ltr'><strong>verba</strong></span> <span class='ocrx_word' id='word_1_155' title='bbox 1294 2103 1529 2167; x_wconf 88' lang='lat' dir='ltr'><strong>iterare;</strong></span> <span class='ocrx_word' id='word_1_156' title='bbox 1583 2111 1816 2157; x_wconf 86' lang='lat' dir='ltr'><strong>attamen</strong></span> <span class='ocrx_word' id='word_1_157' title='bbox 1849 2102 2085 2156; x_wconf 92' lang='lat' dir='ltr'><strong>medicos</strong></span> 
     </span>
    </p>
   </div>
   <div class='ocr_carea' id='block_1_22' title="bbox 505 2194 2090 2262">
    <p class='ocr_par' dir='ltr' id='par_1_22' title="bbox 505 2194 2090 2262">
     <span class='ocr_line' id='line_1_22' title="bbox 505 2194 2090 2262; baseline -0.002 -12"><span class='ocrx_word' id='word_1_158' title='bbox 505 2196 792 2262; x_wconf 75' lang='lat' dir='ltr'><strong>imitemur,</strong></span> <span class='ocrx_word' id='word_1_159' title='bbox 812 2195 1157 2250; x_wconf 90' lang='lat' dir='ltr'><strong>immittentes</strong></span> <span class='ocrx_word' id='word_1_160' title='bbox 1177 2195 1228 2248; x_wconf 91' lang='lat' dir='ltr'><strong>in</strong></span> <span class='ocrx_word' id='word_1_161' title='bbox 1254 2195 1468 2249; x_wconf 82' lang='lat' dir='ltr'><strong>vulnera</strong></span> <span class='ocrx_word' id='word_1_162' title='bbox 1495 2209 1703 2257; x_wconf 89' lang='lat' dir='ltr'><strong>manus,</strong></span> <span class='ocrx_word' id='word_1_163' title='bbox 1725 2203 1781 2247; x_wconf 91' lang='lat' dir='ltr'><strong>ut</strong></span> <span class='ocrx_word' id='word_1_164' title='bbox 1801 2194 1977 2248; x_wconf 86' lang='lat' dir='ltr'><strong>ulcera</strong></span> <span class='ocrx_word' id='word_1_165' title='bbox 2001 2208 2090 2248; x_wconf 81' lang='lat' dir='ltr'><strong>cu-</strong></span> 
     </span>
    </p>
   </div>
   <div class='ocr_carea' id='block_1_23' title="bbox 501 2285 2083 2355">
    <p class='ocr_par' dir='ltr' id='par_1_23' title="bbox 501 2285 2083 2355">
     <span class='ocr_line' id='line_1_23' title="bbox 501 2285 2083 2355; baseline -0.003 -13"><span class='ocrx_word' id='word_1_166' title='bbox 501 2297 962 2342; x_wconf 87' lang='lat' dir='ltr'><strong>remus:coactus</strong></span> <span class='ocrx_word' id='word_1_167' title='bbox 988 2287 1147 2341; x_wconf 90' lang='lat' dir='ltr'><strong>etiam</strong></span> <span class='ocrx_word' id='word_1_168' title='bbox 1194 2285 1600 2355; x_wconf 78' lang='lat' dir='ltr'><strong>fuitApostolus</strong></span> <span class='ocrx_word' id='word_1_169' title='bbox 1640 2300 1725 2339; x_wconf 74' lang='lat' dir='ltr'><strong>res</strong></span> <span class='ocrx_word' id='word_1_170' title='bbox 1749 2285 2083 2354; x_wconf 87' lang='lat' dir='ltr'><strong>turpissimas</strong></span> 
     </span>
    </p>
   </div>
   <div class='ocr_carea' id='block_1_24' title="bbox 501 2375 2086 2446">
    <p class='ocr_par' dir='ltr' id='par_1_24' title="bbox 501 2375 2086 2446">
     <span class='ocr_line' id='line_1_24' title="bbox 501 2375 2086 2446; baseline -0.003 -14"><span class='ocrx_word' id='word_1_171' title='bbox 501 2393 922 2434; x_wconf 83' lang='lat' dir='ltr'><strong>commemorare</strong></span> <span class='ocrx_word' id='word_1_172' title='bbox 945 2420 960 2442; x_wconf 92' lang='lat'><strong>,</strong></span> <span class='ocrx_word' id='word_1_173' title='bbox 993 2393 1098 2432; x_wconf 91' lang='lat' dir='ltr'><strong>non</strong></span> <span class='ocrx_word' id='word_1_174' title='bbox 1126 2386 1182 2431; x_wconf 93' lang='lat' dir='ltr'><strong>ut</strong></span> <span class='ocrx_word' id='word_1_175' title='bbox 1221 2377 1448 2446; x_wconf 80' lang='lat' dir='ltr'><strong>linguam</strong></span> <span class='ocrx_word' id='word_1_176' title='bbox 1480 2376 1724 2440; x_wconf 73' lang='lat' dir='ltr'><strong>ﬁedaret,</strong></span> <span class='ocrx_word' id='word_1_177' title='bbox 1752 2375 1844 2430; x_wconf 92' lang='lat' dir='ltr'><strong>sed</strong></span> <span class='ocrx_word' id='word_1_178' title='bbox 1878 2383 1933 2428; x_wconf 89' lang='lat' dir='ltr'><strong>ut</strong></span> <span class='ocrx_word' id='word_1_179' title='bbox 1959 2389 2086 2444; x_wconf 87' lang='lat' dir='ltr'><strong>pec-</strong></span> 
     </span>
    </p>
   </div>
   <div class='ocr_carea' id='block_1_25' title="bbox 499 2466 2084 2536">
    <p class='ocr_par' dir='ltr' id='par_1_25' title="bbox 499 2466 2084 2536">
     <span class='ocr_line' id='line_1_25' title="bbox 499 2466 2084 2536; baseline -0.001 -13"><span class='ocrx_word' id='word_1_180' title='bbox 499 2480 617 2524; x_wconf 81' lang='lat' dir='ltr'><strong>cata</strong></span> <span class='ocrx_word' id='word_1_181' title='bbox 647 2470 903 2524; x_wconf 85' lang='lat' dir='ltr'><strong>ablueret.</strong></span> <span class='ocrx_word' id='word_1_182' title='bbox 934 2469 1145 2533; x_wconf 89' lang='lat' dir='ltr'><strong>Dicunt,</strong></span> <span class='ocrx_word' id='word_1_183' title='bbox 1175 2467 1364 2522; x_wconf 83' lang='lat' dir='ltr'><strong>Omnia</strong></span> <span class='ocrx_word' id='word_1_184' title='bbox 1389 2467 1516 2522; x_wconf 87' lang='lat' dir='ltr'><strong>fecit</strong></span> <span class='ocrx_word' id='word_1_185' title='bbox 1541 2466 1726 2532; x_wconf 84' lang='lat' dir='ltr'><strong>Filius,</strong></span> <span class='ocrx_word' id='word_1_186' title='bbox 1760 2466 1932 2536; x_wconf 86' lang='lat' dir='ltr'><strong>ipsum</strong></span> <span class='ocrx_word' id='word_1_187' title='bbox 1955 2481 2084 2522; x_wconf 89' lang='lat' dir='ltr'><strong>vero</strong></span> 
     </span>
    </p>
   </div>
   <div class='ocr_carea' id='block_1_26' title="bbox 503 2557 2082 2630">
    <p class='ocr_par' dir='ltr' id='par_1_26' title="bbox 503 2557 2082 2630">
     <span class='ocr_line' id='line_1_26' title="bbox 503 2557 2082 2630; baseline 0 -16"><span class='ocrx_word' id='word_1_188' title='bbox 503 2561 676 2616; x_wconf 83' lang='lat' dir='ltr'><strong>Pater.</strong></span> <span class='ocrx_word' id='word_1_189' title='bbox 711 2561 1056 2630; x_wconf 87' lang='lat' dir='ltr'><strong>Interrogabo</strong></span> <span class='ocrx_word' id='word_1_190' title='bbox 1083 2559 1369 2630; x_wconf 88' lang='lat' dir='ltr'><strong>prophetas</strong></span> <span class='ocrx_word' id='word_1_191' title='bbox 1390 2601 1404 2625; x_wconf 93' lang='lat'><strong>,</strong></span> <span class='ocrx_word' id='word_1_192' title='bbox 1436 2559 1553 2629; x_wconf 86' lang='lat' dir='ltr'><strong>quis</strong></span> <span class='ocrx_word' id='word_1_193' title='bbox 1578 2568 1630 2613; x_wconf 92' lang='lat' dir='ltr'><strong>et</strong></span> <span class='ocrx_word' id='word_1_194' title='bbox 1673 2567 1904 2629; x_wconf 87' lang='lat' dir='ltr'><strong>quantus</strong></span> <span class='ocrx_word' id='word_1_195' title='bbox 1941 2558 2011 2614; x_wconf 92' lang='lat' dir='ltr'><strong>sit</strong></span> <span class='ocrx_word' id='word_1_196' title='bbox 2035 2557 2082 2614; x_wconf 87' lang='lat' dir='ltr'><strong>is</strong></span> 
     </span>
    </p>
   </div>
   <div class='ocr_carea' id='block_1_27' title="bbox 500 2651 2083 2724">
    <p class='ocr_par' dir='ltr' id='par_1_27' title="bbox 500 2651 2083 2724">
     <span class='ocr_line' id='line_1_27' title="bbox 500 2651 2083 2724; baseline -0.002 -15"><span class='ocrx_word' id='word_1_197' title='bbox 500 2657 589 2724; x_wconf 91' lang='lat' dir='ltr'><strong>qui</strong></span> <span class='ocrx_word' id='word_1_198' title='bbox 636 2657 823 2709; x_wconf 74' lang='lat' dir='ltr'><strong>caelum</strong></span> <span class='ocrx_word' id='word_1_199' title='bbox 870 2654 1016 2709; x_wconf 90' lang='lat' dir='ltr'><strong>fecit.</strong></span> <span class='ocrx_word' id='word_1_200' title='bbox 1046 2654 1135 2708; x_wconf 86' lang='lat' dir='ltr'><strong>Ait</strong></span> <span class='ocrx_word' id='word_1_201' title='bbox 1180 2653 1342 2708; x_wconf 87' lang='lat' dir='ltr'><strong>Isaias</strong></span> <span class='ocrx_word' id='word_1_202' title='bbox 1394 2651 1691 2723; x_wconf 87' lang='lat' dir='ltr'><strong>propheta:</strong></span> <span class='ocrx_word' id='word_1_203' title='bbox 1729 2671 1750 2704; x_wconf 75' lang='grc' dir='ltr'>ι</span> <span class='ocrx_word' id='word_1_204' title='bbox 1785 2651 1910 2707; x_wconf 67' lang='lat' dir='ltr'><strong>llaec</strong></span> <span class='ocrx_word' id='word_1_205' title='bbox 1955 2652 2083 2707; x_wconf 83' lang='lat' dir='ltr'><strong>dicit</strong></span> 
     </span>
    </p>
   </div>
   <div class='ocr_carea' id='block_1_28' title="bbox 501 2741 2081 2815">
    <p class='ocr_par' dir='ltr' id='par_1_28' title="bbox 501 2741 2081 2815">
     <span class='ocr_line' id='line_1_28' title="bbox 501 2741 2081 2815; baseline -0.003 -16"><span class='ocrx_word' id='word_1_206' title='bbox 501 2745 756 2800; x_wconf 90' lang='lat' dir='ltr'><strong>Dominus</strong></span> <span class='ocrx_word' id='word_1_207' title='bbox 779 2787 794 2810; x_wconf 92' lang='lat'><strong>,</strong></span> <span class='ocrx_word' id='word_1_208' title='bbox 843 2745 931 2815; x_wconf 91' lang='lat' dir='ltr'><strong>qui</strong></span> <span class='ocrx_word' id='word_1_209' title='bbox 963 2745 1085 2798; x_wconf 81' lang='lat' dir='ltr'><strong>fecit</strong></span> <span class='ocrx_word' id='word_1_210' title='bbox 1122 2744 1310 2798; x_wconf 70' lang='lat' dir='ltr'><strong>ozelum</strong></span> <span class='ocrx_word' id='word_1_211' title='bbox 1333 2784 1347 2805; x_wconf 97' lang='lat'><strong>,</strong></span> <span class='ocrx_word' id='word_1_212' title='bbox 1378 2751 1432 2798; x_wconf 91' lang='lat' dir='ltr'><strong>et</strong></span> <span class='ocrx_word' id='word_1_213' title='bbox 1473 2743 1586 2796; x_wconf 81' lang='lat' dir='ltr'><strong>fixit</strong></span> <span class='ocrx_word' id='word_1_214' title='bbox 1622 2741 1748 2796; x_wconf 89' lang='lat' dir='ltr'><strong>illud</strong></span> <span class='ocrx_word' id='word_1_215' title='bbox 1795 2759 1811 2796; x_wconf 91' lang='lat'><strong>:</strong></span> <span class='ocrx_word' id='word_1_216' title='bbox 1839 2742 1929 2812; x_wconf 87' lang='lat' dir='ltr'><strong>qui</strong></span> <span class='ocrx_word' id='word_1_217' title='bbox 1961 2741 2081 2796; x_wconf 84' lang='lat' dir='ltr'><strong>fun-</strong></span> 
     </span>
    </p>
   </div>
   <div class='ocr_carea' id='block_1_29' title="bbox 498 2833 2078 2905">
    <p class='ocr_par' dir='ltr' id='par_1_29' title="bbox 498 2833 2078 2905">
     <span class='ocr_line' id='line_1_29' title="bbox 498 2833 2078 2905; baseline -0.003 -15"><span class='ocrx_word' id='word_1_218' title='bbox 498 2837 640 2890; x_wconf 89' lang='lat' dir='ltr'><strong>davit</strong></span> <span class='ocrx_word' id='word_1_219' title='bbox 667 2846 882 2901; x_wconf 89' lang='lat' dir='ltr'><strong>terram,</strong></span> <span class='ocrx_word' id='word_1_220' title='bbox 911 2846 1102 2905; x_wconf 74' lang='lat' dir='ltr'><strong>etqua:</strong></span> <span class='ocrx_word' id='word_1_221' title='bbox 1130 2834 1291 2888; x_wconf 86' lang='lat' dir='ltr'><strong>in&#39;illa</strong></span> <span class='ocrx_word' id='word_1_222' title='bbox 1314 2843 1437 2889; x_wconf 90' lang='lat' dir='ltr'><strong>sunt</strong></span> <span class='ocrx_word' id='word_1_223' title='bbox 1469 2834 1593 2904; x_wconf 92' lang='lat' dir='ltr'><strong>:qui</strong></span> <span class='ocrx_word' id='word_1_224' title='bbox 1623 2833 1716 2888; x_wconf 89' lang='lat' dir='ltr'><strong>dat</strong></span> <span class='ocrx_word' id='word_1_225' title='bbox 1735 2835 2078 2904; x_wconf 86' lang='lat' dir='ltr'><strong>spirationem</strong></span> 
     </span>
    </p>
   </div>
   <div class='ocr_carea' id='block_1_30' title="bbox 498 2925 2076 2998">
    <p class='ocr_par' dir='ltr' id='par_1_30' title="bbox 498 2925 2076 2998">
     <span class='ocr_line' id='line_1_30' title="bbox 498 2925 2076 2998; baseline -0.003 -16"><span class='ocrx_word' id='word_1_226' title='bbox 498 2928 692 2998; x_wconf 69' lang='lat' dir='ltr'><strong>populo</strong></span> <span class='ocrx_word' id='word_1_227' title='bbox 720 2927 809 2998; x_wconf 87' lang='lat' dir='ltr'><strong>qui</strong></span> <span class='ocrx_word' id='word_1_228' title='bbox 838 2929 887 2980; x_wconf 95' lang='lat' dir='ltr'><strong>in</strong></span> <span class='ocrx_word' id='word_1_229' title='bbox 919 2927 1006 2980; x_wconf 91' lang='lat' dir='ltr'><strong>illa</strong></span> <span class='ocrx_word' id='word_1_230' title='bbox 1039 2934 1120 2980; x_wconf 86' lang='lat' dir='ltr'><strong>est</strong></span> <span class='ocrx_word' id='word_1_231' title='bbox 1145 2967 1160 2993; x_wconf 92' lang='lat'><strong>,</strong></span> <span class='ocrx_word' id='word_1_232' title='bbox 1193 2934 1246 2981; x_wconf 91' lang='lat' dir='ltr'><strong>et</strong></span> <span class='ocrx_word' id='word_1_233' title='bbox 1285 2926 1525 2994; x_wconf 87' lang='lat' dir='ltr'><strong>spiritum</strong></span> <span class='ocrx_word' id='word_1_234' title='bbox 1555 2925 1883 2980; x_wconf 89' lang='lat' dir='ltr'><strong>calcantibus</strong></span> <span class='ocrx_word' id='word_1_235' title='bbox 1908 2940 2027 2980; x_wconf 88' lang='lat' dir='ltr'><strong>eam</strong></span> <span class='ocrx_word' id='word_1_236' title='bbox 2061 2941 2076 2978; x_wconf 89' lang='lat'><strong>:</strong></span> 
     </span>
    </p>
   </div>
   <div class='ocr_carea' id='block_1_31' title="bbox 502 3017 2077 3090">
    <p class='ocr_par' dir='ltr' id='par_1_31' title="bbox 502 3017 2077 3090">
     <span class='ocr_line' id='line_1_31' title="bbox 502 3017 2077 3090; baseline -0.003 -16"><span class='ocrx_word' id='word_1_237' title='bbox 502 3022 610 3090; x_wconf 71' lang='lat' dir='ltr'><strong>ligo</strong></span> <span class='ocrx_word' id='word_1_238' title='bbox 632 3022 885 3074; x_wconf 87' lang='lat' dir='ltr'><strong>Dominus</strong></span> <span class='ocrx_word' id='word_1_239' title='bbox 917 3038 935 3071; x_wconf 75' lang='grc' dir='ltr'><strong>ι</strong></span> <span class='ocrx_word' id='word_1_240' title='bbox 965 3017 1133 3090; x_wconf 84' lang='lat' dir='ltr'><strong>(Isai.</strong></span> <span class='ocrx_word' id='word_1_241' title='bbox 1163 3018 1252 3072; x_wconf 71' lang='grc'><strong>42.</strong></span> <span class='ocrx_word' id='word_1_242' title='bbox 1286 3017 1339 3072; x_wconf 93' lang='grc'><strong>5.</strong></span> <span class='ocrx_word' id='word_1_243' title='bbox 1368 3018 1448 3087; x_wconf 85' lang='grc'><strong>6).</strong></span> <span class='ocrx_word' id='word_1_244' title='bbox 1485 3035 1504 3068; x_wconf 79' lang='lat' dir='ltr'><strong>t</strong></span> <span class='ocrx_word' id='word_1_245' title='bbox 1531 3021 1667 3071; x_wconf 87' lang='lat' dir='ltr'><strong>Ante</strong></span> <span class='ocrx_word' id='word_1_246' title='bbox 1694 3031 1779 3070; x_wconf 91' lang='lat' dir='ltr'><strong>me</strong></span> <span class='ocrx_word' id='word_1_247' title='bbox 1807 3017 1945 3072; x_wconf 90' lang='lat' dir='ltr'><strong>Deus</strong></span> <span class='ocrx_word' id='word_1_248' title='bbox 1967 3030 2077 3070; x_wconf 88' lang='lat' dir='ltr'><strong>non</strong></span> 
     </span>
    </p>
   </div>
   <div class='ocr_carea' id='block_1_32' title="bbox 495 3107 2072 3183">
    <p class='ocr_par' dir='ltr' id='par_1_32' title="bbox 495 3107 2072 3183">
     <span class='ocr_line' id='line_1_32' title="bbox 495 3107 2072 3183; baseline -0.007 -15"><span class='ocrx_word' id='word_1_249' title='bbox 495 3123 597 3179; x_wconf 84' lang='lat' dir='ltr'><strong>est,</strong></span> <span class='ocrx_word' id='word_1_250' title='bbox 613 3123 796 3183; x_wconf 75' lang='lat' dir='ltr'><strong>etpost</strong></span> <span class='ocrx_word' id='word_1_251' title='bbox 819 3127 902 3165; x_wconf 88' lang='lat' dir='ltr'><strong>me</strong></span> <span class='ocrx_word' id='word_1_252' title='bbox 931 3112 1070 3165; x_wconf 91' lang='lat' dir='ltr'><strong>Deus</strong></span> <span class='ocrx_word' id='word_1_253' title='bbox 1082 3126 1186 3164; x_wconf 87' lang='lat' dir='ltr'><strong>non</strong></span> <span class='ocrx_word' id='word_1_254' title='bbox 1200 3117 1300 3164; x_wconf 89' lang='lat' dir='ltr'><strong>est.</strong></span> <span class='ocrx_word' id='word_1_255' title='bbox 1321 3109 1434 3179; x_wconf 87' lang='lat' dir='ltr'><strong>Ego</strong></span> <span class='ocrx_word' id='word_1_256' title='bbox 1449 3124 1587 3175; x_wconf 90' lang='lat' dir='ltr'><strong>sum,</strong></span> <span class='ocrx_word' id='word_1_257' title='bbox 1602 3117 1657 3164; x_wconf 88' lang='lat' dir='ltr'><strong>et</strong></span> <span class='ocrx_word' id='word_1_258' title='bbox 1675 3124 1779 3161; x_wconf 86' lang='lat' dir='ltr'><strong>non</strong></span> <span class='ocrx_word' id='word_1_259' title='bbox 1799 3116 1882 3162; x_wconf 89' lang='lat' dir='ltr'><strong>est</strong></span> <span class='ocrx_word' id='word_1_260' title='bbox 1893 3107 2029 3162; x_wconf 90' lang='lat' dir='ltr'><strong>alius</strong></span> <span class='ocrx_word' id='word_1_261' title='bbox 2052 3124 2072 3157; x_wconf 69' lang='grc' dir='ltr'>ι</span> 
     </span>
    </p>
   </div>
   <div class='ocr_carea' id='block_1_33' title="bbox 499 3201 2072 3279">
    <p class='ocr_par' dir='ltr' id='par_1_33' title="bbox 499 3201 2072 3279">
     <span class='ocr_line' id='line_1_33' title="bbox 499 3201 2072 3279; baseline -0.003 -20"><span class='ocrx_word' id='word_1_262' title='bbox 499 3206 652 3279; x_wconf 82' lang='lat' dir='ltr'><strong>(Isai.</strong></span> <span class='ocrx_word' id='word_1_263' title='bbox 685 3207 773 3260; x_wconf 75' lang='grc'><strong>45.</strong></span> <span class='ocrx_word' id='word_1_264' title='bbox 803 3205 891 3260; x_wconf 91' lang='grc'><strong>10.</strong></span> <span class='ocrx_word' id='word_1_265' title='bbox 922 3206 1031 3274; x_wconf 90' lang='grc'><strong>11).</strong></span> <span class='ocrx_word' id='word_1_266' title='bbox 1084 3203 1207 3257; x_wconf 78' lang='grc' dir='ltr'><strong>11ωο</strong></span> <span class='ocrx_word' id='word_1_267' title='bbox 1241 3202 1373 3256; x_wconf 89' lang='lat' dir='ltr'><strong>dicit</strong></span> <span class='ocrx_word' id='word_1_268' title='bbox 1415 3201 1506 3271; x_wconf 89' lang='lat' dir='ltr'><strong>qui</strong></span> <span class='ocrx_word' id='word_1_269' title='bbox 1531 3201 1869 3257; x_wconf 62' lang='lat' dir='ltr'><strong>fecitcmlum</strong></span> <span class='ocrx_word' id='word_1_270' title='bbox 1887 3209 2072 3257; x_wconf 86' lang='lat' dir='ltr'><strong>etter-</strong></span> 
     </span>
    </p>
   </div>
   <div class='ocr_carea' id='block_1_34' title="bbox 493 3291 2072 3366">
    <p class='ocr_par' dir='ltr' id='par_1_34' title="bbox 493 3291 2072 3366">
     <span class='ocr_line' id='line_1_34' title="bbox 493 3291 2072 3366; baseline -0.004 -14"><span class='ocrx_word' id='word_1_271' title='bbox 493 3314 607 3352; x_wconf 91' lang='lat' dir='ltr'><strong>ram</strong></span> <span class='ocrx_word' id='word_1_272' title='bbox 639 3297 952 3366; x_wconf 88' lang='lat' dir='ltr'><strong>Unigenitus</strong></span> <span class='ocrx_word' id='word_1_273' title='bbox 972 3337 986 3359; x_wconf 96' lang='lat'><strong>,</strong></span> <span class='ocrx_word' id='word_1_274' title='bbox 1009 3296 1096 3364; x_wconf 89' lang='lat' dir='ltr'><strong>qui</strong></span> <span class='ocrx_word' id='word_1_275' title='bbox 1123 3294 1415 3350; x_wconf 90' lang='lat' dir='ltr'><strong>secundum</strong></span> <span class='ocrx_word' id='word_1_276' title='bbox 1448 3293 1728 3366; x_wconf 65' lang='lat' dir='ltr'><strong>hmreticos</strong></span> <span class='ocrx_word' id='word_1_277' title='bbox 1753 3291 1924 3347; x_wconf 87' lang='lat' dir='ltr'><strong>factus</strong></span> <span class='ocrx_word' id='word_1_278' title='bbox 1951 3300 2034 3346; x_wconf 88' lang='lat' dir='ltr'><strong>est</strong></span> <span class='ocrx_word' id='word_1_279' title='bbox 2056 3333 2072 3358; x_wconf 94' lang='lat'><strong>,</strong></span> 
     </span>
    </p>
   </div>
   <div class='ocr_carea' id='block_1_35' title="bbox 491 3383 2074 3458">
    <p class='ocr_par' dir='ltr' id='par_1_35' title="bbox 491 3383 2074 3458">
     <span class='ocr_line' id='line_1_35' title="bbox 491 3383 2074 3458; baseline -0.004 -14"><span class='ocrx_word' id='word_1_280' title='bbox 491 3399 548 3444; x_wconf 90' lang='lat' dir='ltr'><strong>ct</strong></span> <span class='ocrx_word' id='word_1_281' title='bbox 599 3398 779 3458; x_wconf 86' lang='lat' dir='ltr'><strong>postea</strong></span> <span class='ocrx_word' id='word_1_282' title='bbox 825 3389 1046 3443; x_wconf 90' lang='lat' dir='ltr'><strong>creavit.</strong></span> <span class='ocrx_word' id='word_1_283' title='bbox 1076 3386 1270 3441; x_wconf 84' lang='lat' dir='ltr'><strong>Verum</strong></span> <span class='ocrx_word' id='word_1_284' title='bbox 1326 3387 1379 3441; x_wconf 94' lang='lat' dir='ltr'><strong>in</strong></span> <span class='ocrx_word' id='word_1_285' title='bbox 1430 3383 1767 3440; x_wconf 88' lang='lat' dir='ltr'><strong>sermonibus</strong></span> <span class='ocrx_word' id='word_1_286' title='bbox 1813 3384 2074 3439; x_wconf 91' lang='lat' dir='ltr'><strong>lahiorum</strong></span> 
     </span>
    </p>
   </div>
   <div class='ocr_carea' id='block_1_36' title="bbox 491 3475 2078 3550">
    <p class='ocr_par' dir='ltr' id='par_1_36' title="bbox 491 3475 2078 3550">
     <span class='ocr_line' id='line_1_36' title="bbox 491 3475 2078 3550; baseline -0.003 -14"><span class='ocrx_word' id='word_1_287' title='bbox 491 3497 708 3536; x_wconf 86' lang='lat' dir='ltr'><strong>suorum</strong></span> <span class='ocrx_word' id='word_1_288' title='bbox 755 3479 1156 3550; x_wconf 81' lang='lat' dir='ltr'><strong>Comprehensus</strong></span> <span class='ocrx_word' id='word_1_289' title='bbox 1185 3489 1258 3533; x_wconf 82' lang='lat' dir='ltr'><strong>est</strong></span> <span class='ocrx_word' id='word_1_290' title='bbox 1287 3488 1520 3548; x_wconf 79' lang='lat' dir='ltr'><strong>peccator</strong></span> <span class='ocrx_word' id='word_1_291' title='bbox 1563 3475 1734 3549; x_wconf 86' lang='lat' dir='ltr'><strong>(Psal.</strong></span> <span class='ocrx_word' id='word_1_292' title='bbox 1758 3475 1811 3530; x_wconf 89' lang='lat'><strong>9.</strong></span> <span class='ocrx_word' id='word_1_293' title='bbox 1846 3477 1956 3546; x_wconf 89' lang='grc'><strong>17).</strong></span> <span class='ocrx_word' id='word_1_294' title='bbox 1988 3477 2078 3532; x_wconf 87' lang='lat' dir='ltr'><strong>Ait</strong></span> 
     </span>
    </p>
   </div>
   <div class='ocr_carea' id='block_1_37' title="bbox 444 3566 2072 3638">
    <p class='ocr_par' dir='ltr' id='par_1_37' title="bbox 444 3566 2072 3638">
     <span class='ocr_line' id='line_1_37' title="bbox 444 3566 2072 3638; baseline -0.004 -8"><span class='ocrx_word' id='word_1_295' title='bbox 444 3592 447 3596; x_wconf 92' lang='grc'><strong>·</strong></span> <span class='ocrx_word' id='word_1_296' title='bbox 491 3575 677 3631; x_wconf 82' lang='lat' dir='ltr'><strong>beatus</strong></span> <span class='ocrx_word' id='word_1_297' title='bbox 703 3572 963 3630; x_wconf 85' lang='lat' dir='ltr'><strong>Jeremias</strong></span> <span class='ocrx_word' id='word_1_298' title='bbox 995 3589 1010 3627; x_wconf 92' lang='lat'><strong>:</strong></span> <span class='ocrx_word' id='word_1_299' title='bbox 1039 3570 1129 3628; x_wconf 83' lang='lat' dir='ltr'><strong>Sic</strong></span> <span class='ocrx_word' id='word_1_300' title='bbox 1159 3570 1326 3626; x_wconf 85' lang='lat' dir='ltr'><strong>dicite.</strong></span> <span class='ocrx_word' id='word_1_301' title='bbox 1356 3569 1724 3638; x_wconf 79' lang='lat' dir='ltr'><strong>Quibusnam?</strong></span> <span class='ocrx_word' id='word_1_302' title='bbox 1748 3566 2072 3634; x_wconf 87' lang='lat' dir='ltr'><strong>Gentilibus;</strong></span> 
     </span>
    </p>
   </div>
   <div class='ocr_carea' id='block_1_38' title="bbox 489 3662 2076 3738">
    <p class='ocr_par' dir='ltr' id='par_1_38' title="bbox 489 3662 2076 3738">
     <span class='ocr_line' id='line_1_38' title="bbox 489 3662 2076 3738; baseline -0.004 -18"><span class='ocrx_word' id='word_1_303' title='bbox 489 3665 580 3721; x_wconf 87' lang='lat' dir='ltr'><strong>Dii</strong></span> <span class='ocrx_word' id='word_1_304' title='bbox 627 3668 713 3738; x_wconf 85' lang='lat' dir='ltr'><strong>qui</strong></span> <span class='ocrx_word' id='word_1_305' title='bbox 766 3667 947 3721; x_wconf 63' lang='lat' dir='ltr'><strong>caelum</strong></span> <span class='ocrx_word' id='word_1_306' title='bbox 992 3675 1041 3718; x_wconf 91' lang='lat' dir='ltr'><strong>et</strong></span> <span class='ocrx_word' id='word_1_307' title='bbox 1095 3673 1280 3718; x_wconf 88' lang='lat' dir='ltr'><strong>terram</strong></span> <span class='ocrx_word' id='word_1_308' title='bbox 1333 3680 1434 3716; x_wconf 91' lang='lat' dir='ltr'><strong>non</strong></span> <span class='ocrx_word' id='word_1_309' title='bbox 1484 3666 1742 3732; x_wconf 76' lang='lat' dir='ltr'><strong>fecerunt,</strong></span> <span class='ocrx_word' id='word_1_310' title='bbox 1790 3662 2076 3731; x_wconf 82' lang='lat' dir='ltr'><strong>dispereunt</strong></span> 
     </span>
    </p>
   </div>
   <div class='ocr_carea' id='block_1_39' title="bbox 488 3756 2076 3835">
    <p class='ocr_par' dir='ltr' id='par_1_39' title="bbox 488 3756 2076 3835">
     <span class='ocr_line' id='line_1_39' title="bbox 488 3756 2076 3835; baseline -0.005 -20"><span class='ocrx_word' id='word_1_311' title='bbox 488 3762 552 3815; x_wconf 82' lang='lat' dir='ltr'><strong>de</strong></span> <span class='ocrx_word' id='word_1_312' title='bbox 579 3772 712 3817; x_wconf 86' lang='lat' dir='ltr'><strong>terra</strong></span> <span class='ocrx_word' id='word_1_313' title='bbox 738 3761 870 3835; x_wconf 85' lang='lat' dir='ltr'><strong>(Jcr.</strong></span> <span class='ocrx_word' id='word_1_314' title='bbox 905 3760 992 3816; x_wconf 92' lang='grc'><strong>10.</strong></span> <span class='ocrx_word' id='word_1_315' title='bbox 1027 3760 1143 3829; x_wconf 87' lang='grc'><strong>11).</strong></span> <span class='ocrx_word' id='word_1_316' title='bbox 1171 3757 1447 3822; x_wconf 86' lang='lat' dir='ltr'><strong>Dominus,</strong></span> <span class='ocrx_word' id='word_1_317' title='bbox 1484 3756 1582 3824; x_wconf 83' lang='lat' dir='ltr'><strong>Qui</strong></span> <span class='ocrx_word' id='word_1_318' title='bbox 1605 3757 1724 3827; x_wconf 79' lang='lat' dir='ltr'><strong>fecit</strong></span> <span class='ocrx_word' id='word_1_319' title='bbox 1751 3756 1900 3810; x_wconf 67' lang='lat' dir='ltr'><strong>calas</strong></span> <span class='ocrx_word' id='word_1_320' title='bbox 1925 3757 1977 3809; x_wconf 89' lang='lat' dir='ltr'><strong>in</strong></span> <span class='ocrx_word' id='word_1_321' title='bbox 2002 3757 2076 3808; x_wconf 90' lang='lat' dir='ltr'><strong>in-</strong></span> 
     </span>
    </p>
   </div>
   <div class='ocr_carea' id='block_1_40' title="bbox 488 3849 2072 3924">
    <p class='ocr_par' dir='ltr' id='par_1_40' title="bbox 488 3849 2072 3924">
     <span class='ocr_line' id='line_1_40' title="bbox 488 3849 2072 3924; baseline -0.004 -16"><span class='ocrx_word' id='word_1_322' title='bbox 488 3855 688 3910; x_wconf 86' lang='lat' dir='ltr'><strong>tellectu</strong></span> <span class='ocrx_word' id='word_1_323' title='bbox 729 3854 901 3924; x_wconf 84' lang='lat' dir='ltr'><strong>(Psal.</strong></span> <span class='ocrx_word' id='word_1_324' title='bbox 949 3854 1071 3908; x_wconf 88' lang='grc'><strong>155.</strong></span> <span class='ocrx_word' id='word_1_325' title='bbox 1102 3850 1198 3923; x_wconf 87' lang='lat'><strong>5),</strong></span> <span class='ocrx_word' id='word_1_326' title='bbox 1227 3853 1340 3921; x_wconf 87' lang='lat' dir='ltr'><strong>ipse</strong></span> <span class='ocrx_word' id='word_1_327' title='bbox 1377 3851 1516 3906; x_wconf 85' lang='lat' dir='ltr'><strong>Deus</strong></span> <span class='ocrx_word' id='word_1_328' title='bbox 1541 3849 1690 3904; x_wconf 90' lang='lat' dir='ltr'><strong>vivus</strong></span> <span class='ocrx_word' id='word_1_329' title='bbox 1727 3859 1782 3904; x_wconf 91' lang='lat' dir='ltr'><strong>et</strong></span> <span class='ocrx_word' id='word_1_330' title='bbox 1807 3863 1982 3904; x_wconf 90' lang='lat' dir='ltr'><strong>verus.</strong></span> <span class='ocrx_word' id='word_1_331' title='bbox 2015 3849 2072 3905; x_wconf 89' lang='lat' dir='ltr'><strong>Si</strong></span> 
     </span>
    </p>
   </div>
   <div class='ocr_carea' id='block_1_41' title="bbox 487 3940 2070 4013">
    <p class='ocr_par' dir='ltr' id='par_1_41' title="bbox 487 3940 2070 4013">
     <span class='ocr_line' id='line_1_41' title="bbox 487 3940 2070 4013; baseline -0.004 -13"><span class='ocrx_word' id='word_1_332' title='bbox 487 3961 646 4001; x_wconf 87' lang='lat' dir='ltr'><strong>verus</strong></span> <span class='ocrx_word' id='word_1_333' title='bbox 668 3954 752 4000; x_wconf 89' lang='lat' dir='ltr'><strong>est</strong></span> <span class='ocrx_word' id='word_1_334' title='bbox 779 3945 918 4000; x_wconf 89' lang='lat' dir='ltr'><strong>Deus</strong></span> <span class='ocrx_word' id='word_1_335' title='bbox 935 3945 1026 4000; x_wconf 88' lang='lat' dir='ltr'><strong>ille</strong></span> <span class='ocrx_word' id='word_1_336' title='bbox 1045 3943 1135 4013; x_wconf 86' lang='lat' dir='ltr'><strong>qui</strong></span> <span class='ocrx_word' id='word_1_337' title='bbox 1162 3942 1286 3998; x_wconf 88' lang='lat' dir='ltr'><strong>fecit</strong></span> <span class='ocrx_word' id='word_1_338' title='bbox 1309 3942 1521 4006; x_wconf 68' lang='lat' dir='ltr'><strong>cazlum,</strong></span> <span class='ocrx_word' id='word_1_339' title='bbox 1544 3940 1643 4009; x_wconf 91' lang='lat' dir='ltr'><strong>ipsi</strong></span> <span class='ocrx_word' id='word_1_340' title='bbox 1673 3956 1802 3995; x_wconf 91' lang='lat' dir='ltr'><strong>vero</strong></span> <span class='ocrx_word' id='word_1_341' title='bbox 1833 3940 2070 3995; x_wconf 69' lang='lat' dir='ltr'><strong>hmretici</strong></span> 
     </span>
    </p>
   </div>
   <div class='ocr_carea' id='block_1_42' title="bbox 486 4032 2067 4102">
    <p class='ocr_par' dir='ltr' id='par_1_42' title="bbox 486 4032 2067 4102">
     <span class='ocr_line' id='line_1_42' title="bbox 486 4032 2067 4102; baseline -0.003 -12"><span class='ocrx_word' id='word_1_342' title='bbox 486 4037 809 4091; x_wconf 90' lang='lat' dir='ltr'><strong>conﬁtentur</strong></span> <span class='ocrx_word' id='word_1_343' title='bbox 826 4035 1018 4090; x_wconf 89' lang='lat' dir='ltr'><strong>Filium</strong></span> <span class='ocrx_word' id='word_1_344' title='bbox 1035 4049 1154 4088; x_wconf 89' lang='lat' dir='ltr'><strong>esse</strong></span> <span class='ocrx_word' id='word_1_345' title='bbox 1168 4048 1288 4088; x_wconf 88' lang='lat' dir='ltr'><strong>eum</strong></span> <span class='ocrx_word' id='word_1_346' title='bbox 1306 4034 1395 4102; x_wconf 88' lang='lat' dir='ltr'><strong>qui</strong></span> <span class='ocrx_word' id='word_1_347' title='bbox 1417 4032 1543 4087; x_wconf 84' lang='lat' dir='ltr'><strong>fecit</strong></span> <span class='ocrx_word' id='word_1_348' title='bbox 1561 4033 1748 4086; x_wconf 70' lang='lat' dir='ltr'><strong>ctelttm</strong></span> <span class='ocrx_word' id='word_1_349' title='bbox 1774 4043 1830 4086; x_wconf 93' lang='lat' dir='ltr'><strong>et</strong></span> <span class='ocrx_word' id='word_1_350' title='bbox 1850 4041 2067 4098; x_wconf 90' lang='lat' dir='ltr'><strong>terram,</strong></span> 
     </span>
    </p>
   </div>
   <div class='ocr_carea' id='block_1_43' title="bbox 487 4109 2080 4198">
    <p class='ocr_par' dir='ltr' id='par_1_43' title="bbox 487 4109 2080 4198">
     <span class='ocr_line' id='line_1_43' title="bbox 487 4109 2080 4198; baseline -0.005 -16"><span class='ocrx_word' id='word_1_351' title='bbox 487 4144 607 4198; x_wconf 65' lang='lat' dir='ltr'><strong>qua:</strong></span> <span class='ocrx_word' id='word_1_352' title='bbox 635 4142 809 4198; x_wconf 85' lang='lat' dir='ltr'><strong>pugna</strong></span> <span class='ocrx_word' id='word_1_353' title='bbox 837 4142 958 4181; x_wconf 92' lang='lat' dir='ltr'><strong>cum</strong></span> <span class='ocrx_word' id='word_1_354' title='bbox 986 4125 1389 4190; x_wconf 90' lang='lat' dir='ltr'><strong>dicitChristus,</strong></span> <span class='ocrx_word' id='word_1_355' title='bbox 1422 4122 1487 4176; x_wconf 78' lang='lat' dir='ltr'><strong>Ut</strong></span> <span class='ocrx_word' id='word_1_356' title='bbox 1514 4135 1816 4194; x_wconf 84' lang='lat' dir='ltr'><strong>cognoscant</strong></span> <span class='ocrx_word' id='word_1_357' title='bbox 1844 4133 1890 4176; x_wconf 86' lang='lat' dir='ltr'><strong>te</strong></span> <span class='ocrx_word' id='word_1_358' title='bbox 1909 4109 2080 4177; x_wconf 67' lang='lat' dir='ltr'><strong>solum&#39;</strong></span> 
     </span>
    </p>
   </div>
   <div class='ocr_carea' id='block_1_44' title="bbox 487 4213 2067 4287">
    <p class='ocr_par' dir='ltr' id='par_1_44' title="bbox 487 4213 2067 4287">
     <span class='ocr_line' id='line_1_44' title="bbox 487 4213 2067 4287; baseline -0.004 -14"><span class='ocrx_word' id='word_1_359' title='bbox 487 4219 652 4273; x_wconf 84' lang='lat' dir='ltr'><strong>Deum</strong></span> <span class='ocrx_word' id='word_1_360' title='bbox 671 4235 857 4282; x_wconf 85' lang='lat' dir='ltr'><strong>verum,</strong></span> <span class='ocrx_word' id='word_1_361' title='bbox 878 4227 923 4271; x_wconf 86' lang='lat' dir='ltr'><strong>et</strong></span> <span class='ocrx_word' id='word_1_362' title='bbox 945 4233 1090 4287; x_wconf 80' lang='lat' dir='ltr'><strong>quem</strong></span> <span class='ocrx_word' id='word_1_363' title='bbox 1111 4217 1288 4271; x_wconf 89' lang='lat' dir='ltr'><strong>misisti</strong></span> <span class='ocrx_word' id='word_1_364' title='bbox 1305 4215 1482 4270; x_wconf 83' lang='lat' dir='ltr'><strong>Jesum</strong></span> <span class='ocrx_word' id='word_1_365' title='bbox 1503 4214 1758 4269; x_wconf 84' lang='lat' dir='ltr'><strong>Christum</strong></span> <span class='ocrx_word' id='word_1_366' title='bbox 1776 4213 1952 4284; x_wconf 88' lang='lat' dir='ltr'><strong>(Joan.</strong></span> <span class='ocrx_word' id='word_1_367' title='bbox 1981 4215 2067 4268; x_wconf 87' lang='grc'><strong>17.</strong></span> 
     </span>
    </p>
   </div>
   <div class='ocr_carea' id='block_1_45' title="bbox 487 4308 2069 4389">
    <p class='ocr_par' dir='ltr' id='par_1_45' title="bbox 487 4308 2069 4389">
     <span class='ocr_line' id='line_1_45' title="bbox 487 4308 2069 4389; baseline -0.004 -19"><span class='ocrx_word' id='word_1_368' title='bbox 487 4315 568 4389; x_wconf 78' lang='grc'><strong>5).</strong></span> <span class='ocrx_word' id='word_1_369' title='bbox 599 4315 731 4370; x_wconf 79' lang='lat' dir='ltr'><strong>Cum</strong></span> <span class='ocrx_word' id='word_1_370' title='bbox 758 4313 1015 4369; x_wconf 89' lang='lat' dir='ltr'><strong>Servator</strong></span> <span class='ocrx_word' id='word_1_371' title='bbox 1042 4321 1133 4366; x_wconf 89' lang='lat' dir='ltr'><strong>aut</strong></span> <span class='ocrx_word' id='word_1_372' title='bbox 1160 4326 1255 4382; x_wconf 91' lang='lat' dir='ltr'><strong>per</strong></span> <span class='ocrx_word' id='word_1_373' title='bbox 1281 4309 1572 4380; x_wconf 89' lang='lat' dir='ltr'><strong>prophetas</strong></span> <span class='ocrx_word' id='word_1_374' title='bbox 1592 4345 1607 4374; x_wconf 88' lang='lat'><strong>,</strong></span> <span class='ocrx_word' id='word_1_375' title='bbox 1635 4317 1726 4362; x_wconf 86' lang='lat' dir='ltr'><strong>aut</strong></span> <span class='ocrx_word' id='word_1_376' title='bbox 1749 4324 1842 4376; x_wconf 88' lang='lat' dir='ltr'><strong>per</strong></span> <span class='ocrx_word' id='word_1_377' title='bbox 1868 4323 1927 4362; x_wconf 91' lang='lat' dir='ltr'><strong>se</strong></span> <span class='ocrx_word' id='word_1_378' title='bbox 1955 4308 2069 4363; x_wconf 78' lang='lat' dir='ltr'><strong>haec</strong></span> 
     </span>
    </p>
   </div>
   <div class='ocr_carea' id='block_1_46' title="bbox 487 4399 2071 4473">
    <p class='ocr_par' dir='ltr' id='par_1_46' title="bbox 487 4399 2071 4473">
     <span class='ocr_line' id='line_1_46' title="bbox 487 4399 2071 4473; baseline -0.006 -11"><span class='ocrx_word' id='word_1_379' title='bbox 487 4407 724 4470; x_wconf 88' lang='lat' dir='ltr'><strong>dicebat,</strong></span> <span class='ocrx_word' id='word_1_380' title='bbox 755 4420 862 4460; x_wconf 91' lang='lat' dir='ltr'><strong>non</strong></span> <span class='ocrx_word' id='word_1_381' title='bbox 885 4404 952 4459; x_wconf 90' lang='lat' dir='ltr'><strong>ad</strong></span> <span class='ocrx_word' id='word_1_382' title='bbox 979 4403 1428 4473; x_wconf 86' lang='lat' dir='ltr'><strong>comparationem</strong></span> <span class='ocrx_word' id='word_1_383' title='bbox 1453 4416 1573 4456; x_wconf 91' lang='lat' dir='ltr'><strong>cum</strong></span> <span class='ocrx_word' id='word_1_384' title='bbox 1597 4401 1753 4455; x_wconf 88' lang='lat' dir='ltr'><strong>Patre</strong></span> <span class='ocrx_word' id='word_1_385' title='bbox 1785 4399 1897 4453; x_wconf 85' lang='lat' dir='ltr'><strong>haec</strong></span> <span class='ocrx_word' id='word_1_386' title='bbox 1925 4399 2071 4453; x_wconf 90' lang='lat' dir='ltr'><strong>dice-</strong></span> 
     </span>
    </p>
   </div>
   <div class='ocr_carea' id='block_1_47' title="bbox 486 4491 2068 4567">
    <p class='ocr_par' dir='ltr' id='par_1_47' title="bbox 486 4491 2068 4567">
     <span class='ocr_line' id='line_1_47' title="bbox 486 4491 2068 4567; baseline -0.004 -15"><span class='ocrx_word' id='word_1_387' title='bbox 486 4499 607 4563; x_wconf 86' lang='lat' dir='ltr'><strong>bat,</strong></span> <span class='ocrx_word' id='word_1_388' title='bbox 639 4496 705 4552; x_wconf 89' lang='lat' dir='ltr'><strong>Ut</strong></span> <span class='ocrx_word' id='word_1_389' title='bbox 734 4504 1036 4567; x_wconf 82' lang='lat' dir='ltr'><strong>cognoscant</strong></span> <span class='ocrx_word' id='word_1_390' title='bbox 1063 4505 1109 4548; x_wconf 87' lang='lat' dir='ltr'><strong>te</strong></span> <span class='ocrx_word' id='word_1_391' title='bbox 1134 4493 1296 4549; x_wconf 85' lang='lat' dir='ltr'><strong>solum</strong></span> <span class='ocrx_word' id='word_1_392' title='bbox 1339 4493 1504 4547; x_wconf 86' lang='lat' dir='ltr'><strong>Deum</strong></span> <span class='ocrx_word' id='word_1_393' title='bbox 1527 4508 1548 4558; x_wconf 84' lang='lat'><strong>,°</strong></span> <span class='ocrx_word' id='word_1_394' title='bbox 1577 4491 1671 4547; x_wconf 86' lang='lat' dir='ltr'><strong>sed</strong></span> <span class='ocrx_word' id='word_1_395' title='bbox 1700 4491 1767 4547; x_wconf 91' lang='lat' dir='ltr'><strong>ad</strong></span> <span class='ocrx_word' id='word_1_396' title='bbox 1815 4491 2068 4549; x_wconf 69' lang='lat' dir='ltr'><strong>differen-</strong></span> 
     </span>
    </p>
   </div>
   <div class='ocr_carea' id='block_1_48' title="bbox 487 4585 2064 4656">
    <p class='ocr_par' dir='ltr' id='par_1_48' title="bbox 487 4585 2064 4656">
     <span class='ocr_line' id='line_1_48' title="bbox 487 4585 2064 4656; baseline -0.004 -13"><span class='ocrx_word' id='word_1_397' title='bbox 487 4589 614 4643; x_wconf 89' lang='lat' dir='ltr'><strong>tiam</strong></span> <span class='ocrx_word' id='word_1_398' title='bbox 641 4603 847 4654; x_wconf 83' lang='lat' dir='ltr'><strong>eorum,</strong></span> <span class='ocrx_word' id='word_1_399' title='bbox 879 4588 968 4656; x_wconf 89' lang='lat' dir='ltr'><strong>qui</strong></span> <span class='ocrx_word' id='word_1_400' title='bbox 999 4586 1133 4641; x_wconf 81' lang='lat' dir='ltr'><strong>falso</strong></span> <span class='ocrx_word' id='word_1_401' title='bbox 1153 4587 1225 4643; x_wconf 93' lang='lat' dir='ltr'><strong>dii</strong></span> <span class='ocrx_word' id='word_1_402' title='bbox 1261 4585 1616 4655; x_wconf 89' lang='lat' dir='ltr'><strong>appellantur,</strong></span> <span class='ocrx_word' id='word_1_403' title='bbox 1642 4585 2064 4654; x_wconf 86' lang='lat' dir='ltr'><strong>significandam.</strong></span> 
     </span>
    </p>
   </div>
   <div class='ocr_carea' id='block_1_49' title="bbox 486 4674 2069 4748">
    <p class='ocr_par' dir='ltr' id='par_1_49' title="bbox 486 4674 2069 4748">
     <span class='ocr_line' id='line_1_49' title="bbox 486 4674 2069 4748; baseline -0.004 -14"><span class='ocrx_word' id='word_1_404' title='bbox 486 4679 846 4748; x_wconf 85' lang='lat' dir='ltr'><strong>Quamobrem</strong></span> <span class='ocrx_word' id='word_1_405' title='bbox 877 4678 1071 4733; x_wconf 86' lang='lat' dir='ltr'><strong>Paulus</strong></span> <span class='ocrx_word' id='word_1_406' title='bbox 1116 4692 1328 4748; x_wconf 88' lang='lat' dir='ltr'><strong>quoque</strong></span> <span class='ocrx_word' id='word_1_407' title='bbox 1366 4677 1496 4731; x_wconf 89' lang='lat' dir='ltr'><strong>dicit</strong></span> <span class='ocrx_word' id='word_1_408' title='bbox 1528 4693 1542 4728; x_wconf 90' lang='lat'><strong>:</strong></span> <span class='ocrx_word' id='word_1_409' title='bbox 1576 4674 1810 4730; x_wconf 80' lang='lat' dir='ltr'><strong>Conversi</strong></span> <span class='ocrx_word' id='word_1_410' title='bbox 1852 4677 1970 4730; x_wconf 85' lang='lat' dir='ltr'><strong>estis</strong></span> <span class='ocrx_word' id='word_1_411' title='bbox 2004 4675 2069 4729; x_wconf 76' lang='lat' dir='ltr'><strong>ab</strong></span> 
     </span>
    </p>
   </div>
   <div class='ocr_carea' id='block_1_50' title="bbox 486 4767 2068 4842">
    <p class='ocr_par' dir='ltr' id='par_1_50' title="bbox 486 4767 2068 4842">
     <span class='ocr_line' id='line_1_50' title="bbox 486 4767 2068 4842; baseline -0.005 -12"><span class='ocrx_word' id='word_1_412' title='bbox 486 4776 658 4842; x_wconf 81' lang='lat' dir='ltr'><strong>idolis,</strong></span> <span class='ocrx_word' id='word_1_413' title='bbox 683 4774 868 4828; x_wconf 85' lang='lat' dir='ltr'><strong>servire</strong></span> <span class='ocrx_word' id='word_1_414' title='bbox 897 4772 1005 4826; x_wconf 89' lang='lat' dir='ltr'><strong>Deo</strong></span> <span class='ocrx_word' id='word_1_415' title='bbox 1030 4773 1138 4825; x_wconf 79' lang='lat' dir='ltr'><strong>vivo</strong></span> <span class='ocrx_word' id='word_1_416' title='bbox 1161 4781 1206 4826; x_wconf 87' lang='lat' dir='ltr'><strong>et</strong></span> <span class='ocrx_word' id='word_1_417' title='bbox 1231 4787 1350 4828; x_wconf 82' lang='lat' dir='ltr'><strong>vero</strong></span> <span class='ocrx_word' id='word_1_418' title='bbox 1377 4771 1456 4840; x_wconf 90' lang='grc'><strong>(1.</strong></span> <span class='ocrx_word' id='word_1_419' title='bbox 1486 4769 1661 4823; x_wconf 84' lang='lat' dir='ltr'><strong>Thess.</strong></span> <span class='ocrx_word' id='word_1_420' title='bbox 1689 4769 1740 4822; x_wconf 94' lang='grc'><strong>1.</strong></span> <span class='ocrx_word' id='word_1_421' title='bbox 1770 4767 1849 4835; x_wconf 86' lang='grc'><strong>0).</strong></span> <span class='ocrx_word' id='word_1_422' title='bbox 1868 4767 2068 4822; x_wconf 80' lang='lat' dir='ltr'><strong>Verum</strong></span> 
     </span>
    </p>
   </div>
   <div class='ocr_carea' id='block_1_51' title="bbox 484 4859 2070 4930">
    <p class='ocr_par' dir='ltr' id='par_1_51' title="bbox 484 4859 2070 4930">
     <span class='ocr_line' id='line_1_51' title="bbox 484 4859 2070 4930; baseline -0.007 -8"><span class='ocrx_word' id='word_1_423' title='bbox 484 4877 660 4930; x_wconf 89' lang='lat' dir='ltr'><strong>vocat,</strong></span> <span class='ocrx_word' id='word_1_424' title='bbox 688 4873 747 4919; x_wconf 90' lang='lat' dir='ltr'><strong>ut</strong></span> <span class='ocrx_word' id='word_1_425' title='bbox 773 4862 934 4918; x_wconf 84' lang='lat' dir='ltr'><strong>falsos</strong></span> <span class='ocrx_word' id='word_1_426' title='bbox 955 4861 1194 4918; x_wconf 81' lang='lat' dir='ltr'><strong>confutet</strong></span> <span class='ocrx_word' id='word_1_427' title='bbox 1215 4878 1230 4926; x_wconf 86' lang='lat'><strong>;</strong></span> <span class='ocrx_word' id='word_1_428' title='bbox 1249 4861 1448 4928; x_wconf 83' lang='lat' dir='ltr'><strong>vivunt,</strong></span> <span class='ocrx_word' id='word_1_429' title='bbox 1473 4871 1530 4914; x_wconf 91' lang='lat' dir='ltr'><strong>ut</strong></span> <span class='ocrx_word' id='word_1_430' title='bbox 1560 4869 1768 4914; x_wconf 89' lang='lat' dir='ltr'><strong>mortua</strong></span> <span class='ocrx_word' id='word_1_431' title='bbox 1795 4859 1933 4914; x_wconf 81' lang='lat' dir='ltr'><strong>idola</strong></span> <span class='ocrx_word' id='word_1_432' title='bbox 1963 4869 2070 4912; x_wconf 88' lang='lat' dir='ltr'><strong>tra-</strong></span> 
     </span>
    </p>
   </div>
   <div class='ocr_carea' id='block_1_52' title="bbox 485 4951 2070 5025">
    <p class='ocr_par' dir='ltr' id='par_1_52' title="bbox 485 4951 2070 5025">
     <span class='ocr_line' id='line_1_52' title="bbox 485 4951 2070 5025; baseline -0.005 -13"><span class='ocrx_word' id='word_1_433' title='bbox 485 4960 666 5012; x_wconf 87' lang='lat' dir='ltr'><strong>ducat.</strong></span> <span class='ocrx_word' id='word_1_434' title='bbox 700 4957 810 5025; x_wconf 83' lang='lat' dir='ltr'><strong>Ego</strong></span> <span class='ocrx_word' id='word_1_435' title='bbox 834 4969 962 5009; x_wconf 91' lang='lat' dir='ltr'><strong>vero</strong></span> <span class='ocrx_word' id='word_1_436' title='bbox 988 4961 1136 5024; x_wconf 88' lang='lat' dir='ltr'><strong>puto,</strong></span> <span class='ocrx_word' id='word_1_437' title='bbox 1167 4953 1273 5007; x_wconf 89' lang='lat' dir='ltr'><strong>imo</strong></span> <span class='ocrx_word' id='word_1_438' title='bbox 1295 4953 1473 5022; x_wconf 88' lang='lat' dir='ltr'><strong>potius</strong></span> <span class='ocrx_word' id='word_1_439' title='bbox 1500 4953 1684 5017; x_wconf 91' lang='lat' dir='ltr'><strong>credo,</strong></span> <span class='ocrx_word' id='word_1_440' title='bbox 1715 4960 1952 5006; x_wconf 88' lang='lat' dir='ltr'><strong>mortuos</strong></span> <span class='ocrx_word' id='word_1_441' title='bbox 1976 4951 2070 5004; x_wconf 91' lang='lat' dir='ltr'><strong>ad-</strong></span> 
     </span>
    </p>
   </div>
   <div class='ocr_carea' id='block_1_53' title="bbox 486 5041 2068 5111">
    <p class='ocr_par' dir='ltr' id='par_1_53' title="bbox 486 5041 2068 5111">
     <span class='ocr_line' id='line_1_53' title="bbox 486 5041 2068 5111; baseline -0.004 -8"><span class='ocrx_word' id='word_1_442' title='bbox 486 5065 698 5105; x_wconf 89' lang='lat' dir='ltr'><strong>versum</strong></span> <span class='ocrx_word' id='word_1_443' title='bbox 752 5062 851 5103; x_wconf 90' lang='lat' dir='ltr'><strong>nos</strong></span> <span class='ocrx_word' id='word_1_444' title='bbox 875 5046 1067 5110; x_wconf 89' lang='lat' dir='ltr'><strong>irasci,</strong></span> <span class='ocrx_word' id='word_1_445' title='bbox 1111 5044 1156 5098; x_wconf 90' lang='lat' dir='ltr'><strong>si</strong></span> <span class='ocrx_word' id='word_1_446' title='bbox 1204 5042 1422 5097; x_wconf 88' lang='lat' dir='ltr'><strong>audiant</strong></span> <span class='ocrx_word' id='word_1_447' title='bbox 1473 5057 1571 5098; x_wconf 91' lang='lat' dir='ltr'><strong>nos</strong></span> <span class='ocrx_word' id='word_1_448' title='bbox 1615 5043 1753 5096; x_wconf 88' lang='lat' dir='ltr'><strong>idola</strong></span> <span class='ocrx_word' id='word_1_449' title='bbox 1797 5041 2068 5111; x_wconf 88' lang='lat' dir='ltr'><strong>appellare</strong></span> 
     </span>
    </p>
   </div>
   <div class='ocr_carea' id='block_1_54' title="bbox 487 5131 2068 5210">
    <p class='ocr_par' dir='ltr' id='par_1_54' title="bbox 487 5131 2068 5210">
     <span class='ocr_line' id='line_1_54' title="bbox 487 5131 2068 5210; baseline -0.006 -14"><span class='ocrx_word' id='word_1_450' title='bbox 487 5152 717 5196; x_wconf 84' lang='lat' dir='ltr'><strong>mortua.</strong></span> <span class='ocrx_word' id='word_1_451' title='bbox 752 5138 998 5210; x_wconf 89' lang='lat' dir='ltr'><strong>lnjuriam</strong></span> <span class='ocrx_word' id='word_1_452' title='bbox 1019 5179 1035 5206; x_wconf 97' lang='lat'><strong>,</strong></span> <span class='ocrx_word' id='word_1_453' title='bbox 1063 5137 1230 5198; x_wconf 86' lang='lat' dir='ltr'><strong>aiunt,</strong></span> <span class='ocrx_word' id='word_1_454' title='bbox 1261 5135 1504 5203; x_wconf 86' lang='lat' dir='ltr'><strong>irrogatis</strong></span> <span class='ocrx_word' id='word_1_455' title='bbox 1530 5143 1712 5188; x_wconf 84' lang='lat' dir='ltr'><strong>nostro</strong></span> <span class='ocrx_word' id='word_1_456' title='bbox 1737 5133 1931 5186; x_wconf 88' lang='lat' dir='ltr'><strong>ordini.</strong></span> <span class='ocrx_word' id='word_1_457' title='bbox 1959 5131 2068 5186; x_wconf 88' lang='lat' dir='ltr'><strong>Nos</strong></span> 
     </span>
    </p>
   </div>
   <div class='ocr_carea' id='block_1_55' title="bbox 487 5224 2067 5299">
    <p class='ocr_par' dir='ltr' id='par_1_55' title="bbox 487 5224 2067 5299">
     <span class='ocr_line' id='line_1_55' title="bbox 487 5224 2067 5299; baseline -0.008 -11"><span class='ocrx_word' id='word_1_458' title='bbox 487 5235 684 5290; x_wconf 86' lang='lat' dir='ltr'><strong>mortui</strong></span> <span class='ocrx_word' id='word_1_459' title='bbox 723 5247 1009 5298; x_wconf 86' lang='lat' dir='ltr'><strong>vocamur,</strong></span> <span class='ocrx_word' id='word_1_460' title='bbox 1039 5231 1128 5299; x_wconf 89' lang='lat' dir='ltr'><strong>qui</strong></span> <span class='ocrx_word' id='word_1_461' title='bbox 1167 5226 1453 5296; x_wconf 89' lang='lat' dir='ltr'><strong>aliquando</strong></span> <span class='ocrx_word' id='word_1_462' title='bbox 1502 5226 1727 5279; x_wconf 77' lang='lat' dir='ltr'><strong>viximus</strong></span> <span class='ocrx_word' id='word_1_463' title='bbox 1755 5243 1768 5277; x_wconf 94' lang='lat'>:</span> <span class='ocrx_word' id='word_1_464' title='bbox 1800 5224 1888 5294; x_wconf 90' lang='lat' dir='ltr'><strong>qui</strong></span> <span class='ocrx_word' id='word_1_465' title='bbox 1922 5240 2067 5277; x_wconf 91' lang='lat' dir='ltr'><strong>num-</strong></span> 
     </span>
    </p>
   </div>
   <div class='ocr_carea' id='block_1_56' title="bbox 485 5315 2066 5394">
    <p class='ocr_par' dir='ltr' id='par_1_56' title="bbox 485 5315 2066 5394">
     <span class='ocr_line' id='line_1_56' title="bbox 485 5315 2066 5394; baseline -0.008 -14"><span class='ocrx_word' id='word_1_466' title='bbox 485 5339 648 5394; x_wconf 88' lang='lat' dir='ltr'><strong>quam</strong></span> <span class='ocrx_word' id='word_1_467' title='bbox 687 5324 898 5388; x_wconf 78' lang='lat' dir='ltr'><strong>vixere,</strong></span> <span class='ocrx_word' id='word_1_468' title='bbox 943 5337 1039 5376; x_wconf 86' lang='lat' dir='ltr'><strong>cur</strong></span> <span class='ocrx_word' id='word_1_469' title='bbox 1083 5319 1277 5374; x_wconf 86' lang='lat' dir='ltr'><strong>mortui</strong></span> <span class='ocrx_word' id='word_1_470' title='bbox 1321 5315 1698 5386; x_wconf 85' lang='lat' dir='ltr'><strong>appellantur?</strong></span> <span class='ocrx_word' id='word_1_471' title='bbox 1730 5315 1814 5368; x_wconf 82' lang='lat' dir='ltr'><strong>Dii</strong></span> <span class='ocrx_word' id='word_1_472' title='bbox 1852 5316 2066 5384; x_wconf 69' lang='lat' dir='ltr'><strong>quiete-</strong></span> 
     </span>
    </p>
   </div>
   <div class='ocr_carea' id='block_1_57' title="bbox 487 5409 2064 5485">
    <p class='ocr_par' dir='ltr' id='par_1_57' title="bbox 487 5409 2064 5485">
     <span class='ocr_line' id='line_1_57' title="bbox 487 5409 2064 5485; baseline -0.007 -13"><span class='ocrx_word' id='word_1_473' title='bbox 487 5421 592 5472; x_wconf 83' lang='lat' dir='ltr'><strong>lum</strong></span> <span class='ocrx_word' id='word_1_474' title='bbox 617 5426 663 5472; x_wconf 91' lang='lat' dir='ltr'><strong>et</strong></span> <span class='ocrx_word' id='word_1_475' title='bbox 692 5427 878 5471; x_wconf 85' lang='lat' dir='ltr'><strong>terram</strong></span> <span class='ocrx_word' id='word_1_476' title='bbox 904 5432 1006 5470; x_wconf 88' lang='lat' dir='ltr'><strong>non</strong></span> <span class='ocrx_word' id='word_1_477' title='bbox 1045 5417 1267 5485; x_wconf 74' lang='lat' dir='ltr'><strong>fecerunt</strong></span> <span class='ocrx_word' id='word_1_478' title='bbox 1289 5452 1304 5477; x_wconf 96' lang='lat'><strong>,</strong></span> <span class='ocrx_word' id='word_1_479' title='bbox 1335 5412 1621 5480; x_wconf 79' lang='lat' dir='ltr'><strong>dispereunt</strong></span> <span class='ocrx_word' id='word_1_480' title='bbox 1676 5409 1807 5482; x_wconf 84' lang='lat' dir='ltr'><strong>(Jer.</strong></span> <span class='ocrx_word' id='word_1_481' title='bbox 1837 5410 1921 5465; x_wconf 89' lang='grc'><strong>10.</strong></span> <span class='ocrx_word' id='word_1_482' title='bbox 1950 5409 2064 5480; x_wconf 92' lang='grc'><strong>11).</strong></span> 
     </span>
    </p>
   </div>
   <div class='ocr_carea' id='block_1_58' title="bbox 549 5567 2066 5639">
    <p class='ocr_par' dir='ltr' id='par_1_58' title="bbox 549 5567 2066 5639">
     <span class='ocr_line' id='line_1_58' title="bbox 549 5567 2066 5639; baseline -0.008 -10"><span class='ocrx_word' id='word_1_483' title='bbox 549 5580 570 5614; x_wconf 78' lang='grc' dir='ltr'>ί</span> <span class='ocrx_word' id='word_1_484' title='bbox 602 5581 675 5630; x_wconf 82' lang='lat' dir='ltr'><strong>sic</strong></span> <span class='ocrx_word' id='word_1_485' title='bbox 694 5578 871 5639; x_wconf 63' lang='lat' dir='ltr'><strong>Vatia,</strong></span> <span class='ocrx_word' id='word_1_486' title='bbox 894 5576 1032 5627; x_wconf 86' lang='lat' dir='ltr'><strong>Savil.</strong></span> <span class='ocrx_word' id='word_1_487' title='bbox 1052 5583 1122 5639; x_wconf 77' lang='lat' dir='ltr'><strong>et</strong></span> <span class='ocrx_word' id='word_1_488' title='bbox 1151 5579 1458 5639; x_wconf 63' lang='lat' dir='ltr'><strong>omneslttss.</strong></span> <span class='ocrx_word' id='word_1_489' title='bbox 1494 5567 1962 5639; x_wconf 75' lang='lat' dir='ltr'><strong>Combeﬁsiusvero</strong></span> <span class='ocrx_word' id='word_1_490' title='bbox 2000 5580 2066 5639; x_wconf 78' lang='lat' dir='ltr'><strong>ex</strong></span> 
     </span>
    </p>
   </div>
   <div class='ocr_carea' id='block_1_59' title="bbox 485 5630 2067 5704">
    <p class='ocr_par' dir='ltr' id='par_1_59' title="bbox 485 5630 2067 5704">
     <span class='ocr_line' id='line_1_59' title="bbox 485 5630 2067 5704; baseline -0.006 -14"><span class='ocrx_word' id='word_1_491' title='bbox 485 5642 782 5702; x_wconf 72' lang='lat' dir='ltr'><strong>conjectura,</strong></span> <span class='ocrx_word' id='word_1_492' title='bbox 809 5630 1212 5704; x_wconf 63' lang='lat' dir='ltr'><strong>aequinoctialem,</strong></span> <span class='ocrx_word' id='word_1_493' title='bbox 1231 5637 1302 5694; x_wconf 91' lang='lat' dir='ltr'><strong>in,</strong></span> <span class='ocrx_word' id='word_1_494' title='bbox 1327 5635 1610 5704; x_wconf 56' lang='lat' dir='ltr'><strong>Maeniam,</strong></span> <span class='ocrx_word' id='word_1_495' title='bbox 1633 5633 1865 5682; x_wconf 85' lang='lat' dir='ltr'><strong>mutavit:</strong></span> <span class='ocrx_word' id='word_1_496' title='bbox 1888 5644 1981 5681; x_wconf 91' lang='lat' dir='ltr'><strong>nec</strong></span> <span class='ocrx_word' id='word_1_497' title='bbox 2001 5630 2067 5681; x_wconf 85' lang='lat' dir='ltr'><strong>de</strong></span> 
     </span>
    </p>
   </div>
   <div class='ocr_carea' id='block_1_60' title="bbox 488 5700 1378 5752">
    <p class='ocr_par' dir='ltr' id='par_1_60' title="bbox 488 5700 1378 5752">
     <span class='ocr_line' id='line_1_60' title="bbox 488 5700 1378 5752; baseline -0.002 -3"><span class='ocrx_word' id='word_1_498' title='bbox 488 5700 611 5751; x_wconf 67' lang='lat' dir='ltr'><strong>tacta</strong></span> <span class='ocrx_word' id='word_1_499' title='bbox 633 5700 897 5752; x_wconf 86' lang='lat' dir='ltr'><strong>mutatione</strong></span> <span class='ocrx_word' id='word_1_500' title='bbox 922 5703 1156 5750; x_wconf 84' lang='lat' dir='ltr'><strong>lectorem</strong></span> <span class='ocrx_word' id='word_1_501' title='bbox 1178 5700 1378 5747; x_wconf 88' lang='lat' dir='ltr'><strong>monuit.</strong></span> 
     </span>
    </p>
   </div>
   <div class='ocr_carea' id='block_1_61' title="bbox 1932 229 2296 287">
    <p class='ocr_par' dir='ltr' id='par_1_61' title="bbox 1932 229 2296 287">
     <span class='ocr_line' id='line_1_61' title="bbox 1932 229 2296 287; baseline -0.003 0"><span class='ocrx_word' id='word_1_502' title='bbox 1932 229 2296 287; x_wconf 70' lang='lat' dir='ltr'><strong>SEVERIANI</strong></span> 
     </span>
    </p>
   </div>
   <div class='ocr_carea' id='block_1_62' title="bbox 3667 226 3784 306">
    <p class='ocr_par' dir='ltr' id='par_1_62' title="bbox 3667 226 3784 306">
     <span class='ocr_line' id='line_1_62' title="bbox 3667 226 3784 306; baseline -0.017 -10"><span class='ocrx_word' id='word_1_503' title='bbox 3667 226 3784 306; x_wconf 55' lang='lat' dir='ltr'><strong>ass</strong></span> 
     </span>
    </p>
   </div>
   <div class='ocr_carea' id='block_1_63' title="bbox 2205 348 3777 430">
    <p class='ocr_par' dir='ltr' id='par_1_63' title="bbox 2205 348 3777 430">
     <span class='ocr_line' id='line_1_63' title="bbox 2205 348 3777 430; baseline 0.004 -26"><span class='ocrx_word' id='word_1_504' title='bbox 2205 350 2480 418; x_wconf 90' lang='lat' dir='ltr'><strong>Dominus,</strong></span> <span class='ocrx_word' id='word_1_505' title='bbox 2511 348 2610 418; x_wconf 83' lang='lat' dir='ltr'><strong>Qui</strong></span> <span class='ocrx_word' id='word_1_506' title='bbox 2635 353 2749 426; x_wconf 72' lang='lat' dir='ltr'><strong>fecit</strong></span> <span class='ocrx_word' id='word_1_507' title='bbox 2775 353 2922 408; x_wconf 71' lang='lat' dir='ltr'><strong>caios</strong></span> <span class='ocrx_word' id='word_1_508' title='bbox 2948 355 3000 408; x_wconf 87' lang='lat' dir='ltr'><strong>in</strong></span> <span class='ocrx_word' id='word_1_509' title='bbox 3022 355 3274 410; x_wconf 77' lang='lat' dir='ltr'><strong>intellectu</strong></span> <span class='ocrx_word' id='word_1_510' title='bbox 3300 351 3522 430; x_wconf 86' lang='lat' dir='ltr'><strong>(Psalm.</strong></span> <span class='ocrx_word' id='word_1_511' title='bbox 3548 356 3670 411; x_wconf 86' lang='grc'><strong>155.</strong></span> <span class='ocrx_word' id='word_1_512' title='bbox 3699 355 3777 428; x_wconf 88' lang='grc'><strong>5),</strong></span> 
     </span>
    </p>
   </div>
   <div class='ocr_carea' id='block_1_64' title="bbox 2202 441 3780 513">
    <p class='ocr_par' dir='ltr' id='par_1_64' title="bbox 2202 441 3780 513">
     <span class='ocr_line' id='line_1_64' title="bbox 2202 441 3780 513; baseline 0.004 -19"><span class='ocrx_word' id='word_1_513' title='bbox 2202 441 2315 510; x_wconf 90' lang='lat' dir='ltr'><strong>ipse</strong></span> <span class='ocrx_word' id='word_1_514' title='bbox 2358 443 2507 496; x_wconf 90' lang='lat' dir='ltr'><strong>vivus</strong></span> <span class='ocrx_word' id='word_1_515' title='bbox 2551 442 2688 497; x_wconf 89' lang='lat' dir='ltr'><strong>Dens</strong></span> <span class='ocrx_word' id='word_1_516' title='bbox 2717 452 2772 499; x_wconf 92' lang='lat' dir='ltr'><strong>et</strong></span> <span class='ocrx_word' id='word_1_517' title='bbox 2799 459 2979 500; x_wconf 92' lang='lat' dir='ltr'><strong>verus.</strong></span> <span class='ocrx_word' id='word_1_518' title='bbox 3012 445 3140 513; x_wconf 90' lang='lat' dir='ltr'><strong>Quis</strong></span> <span class='ocrx_word' id='word_1_519' title='bbox 3166 454 3248 500; x_wconf 90' lang='lat' dir='ltr'><strong>est</strong></span> <span class='ocrx_word' id='word_1_520' title='bbox 3275 446 3464 500; x_wconf 91' lang='lat' dir='ltr'><strong>vivus?</strong></span> <span class='ocrx_word' id='word_1_521' title='bbox 3507 445 3609 513; x_wconf 90' lang='lat' dir='ltr'><strong>Qui</strong></span> <span class='ocrx_word' id='word_1_522' title='bbox 3651 443 3780 502; x_wconf 88' lang='lat' dir='ltr'><strong>fecit</strong></span> 
     </span>
    </p>
   </div>
   <div class='ocr_carea' id='block_1_65' title="bbox 2198 533 3778 614">
    <p class='ocr_par' dir='ltr' id='par_1_65' title="bbox 2198 533 3778 614">
     <span class='ocr_line' id='line_1_65' title="bbox 2198 533 3778 614; baseline 0.004 -28"><span class='ocrx_word' id='word_1_523' title='bbox 2198 533 2407 587; x_wconf 79' lang='lat' dir='ltr'><strong>caelum.</strong></span> <span class='ocrx_word' id='word_1_524' title='bbox 2437 533 2572 589; x_wconf 91' lang='lat' dir='ltr'><strong>Num</strong></span> <span class='ocrx_word' id='word_1_525' title='bbox 2599 544 2743 590; x_wconf 93' lang='lat' dir='ltr'><strong>stant</strong></span> <span class='ocrx_word' id='word_1_526' title='bbox 2775 534 3149 592; x_wconf 74' lang='lat' dir='ltr'><strong>hrcreticorum</strong></span> <span class='ocrx_word' id='word_1_527' title='bbox 3191 536 3574 593; x_wconf 87' lang='lat' dir='ltr'><strong>deﬁnitiones?</strong></span> <span class='ocrx_word' id='word_1_528' title='bbox 3601 550 3778 614; x_wconf 80' lang='lat' dir='ltr'><strong>annon</strong></span> 
     </span>
    </p>
   </div>
   <div class='ocr_carea' id='block_1_66' title="bbox 2197 624 3777 700">
    <p class='ocr_par' dir='ltr' id='par_1_66' title="bbox 2197 624 3777 700">
     <span class='ocr_line' id='line_1_66' title="bbox 2197 624 3777 700; baseline 0.006 -22"><span class='ocrx_word' id='word_1_529' title='bbox 2197 624 2339 678; x_wconf 85' lang='lat' dir='ltr'><strong>cadit</strong></span> <span class='ocrx_word' id='word_1_530' title='bbox 2363 638 2548 680; x_wconf 90' lang='lat' dir='ltr'><strong>eorum</strong></span> <span class='ocrx_word' id='word_1_531' title='bbox 2577 627 2858 697; x_wconf 89' lang='lat' dir='ltr'><strong>impietas?</strong></span> <span class='ocrx_word' id='word_1_532' title='bbox 2887 644 3063 682; x_wconf 91' lang='lat' dir='ltr'><strong>annon</strong></span> <span class='ocrx_word' id='word_1_533' title='bbox 3108 629 3447 700; x_wconf 79' lang='lat' dir='ltr'><strong>redarguitur</strong></span> <span class='ocrx_word' id='word_1_534' title='bbox 3469 646 3658 686; x_wconf 88' lang='lat' dir='ltr'><strong>eorum</strong></span> <span class='ocrx_word' id='word_1_535' title='bbox 3688 645 3777 687; x_wconf 86' lang='lat' dir='ltr'><strong>re-</strong></span> 
     </span>
    </p>
   </div>
   <div class='ocr_carea' id='block_1_67' title="bbox 2197 716 3774 794">
    <p class='ocr_par' dir='ltr' id='par_1_67' title="bbox 2197 716 3774 794">
     <span class='ocr_line' id='line_1_67' title="bbox 2197 716 3774 794; baseline 0.005 -24"><span class='ocrx_word' id='word_1_536' title='bbox 2197 716 2358 787; x_wconf 82' lang='lat' dir='ltr'><strong>ligio?</strong></span> <span class='ocrx_word' id='word_1_537' title='bbox 2406 733 2580 772; x_wconf 88' lang='lat' dir='ltr'><strong>anuon</strong></span> <span class='ocrx_word' id='word_1_538' title='bbox 2628 719 2940 773; x_wconf 83' lang='lat' dir='ltr'><strong>dissolvitur</strong></span> <span class='ocrx_word' id='word_1_539' title='bbox 2985 720 3587 792; x_wconf 85' lang='lat' dir='ltr'><strong>pravitas?Conditoris</strong></span> <span class='ocrx_word' id='word_1_540' title='bbox 3615 736 3774 794; x_wconf 79' lang='lat' dir='ltr'><strong>opera</strong></span> 
     </span>
    </p>
   </div>
   <div class='ocr_carea' id='block_1_68' title="bbox 2196 811 3777 882">
    <p class='ocr_par' dir='ltr' id='par_1_68' title="bbox 2196 811 3777 882">
     <span class='ocr_line' id='line_1_68' title="bbox 2196 811 3777 882; baseline 0.004 -18"><span class='ocrx_word' id='word_1_541' title='bbox 2196 811 2652 880; x_wconf 83' lang='lat' dir='ltr'><strong>comprehendere</strong></span> <span class='ocrx_word' id='word_1_542' title='bbox 2683 828 2787 865; x_wconf 90' lang='lat' dir='ltr'><strong>non</strong></span> <span class='ocrx_word' id='word_1_543' title='bbox 2819 822 2971 882; x_wconf 89' lang='lat' dir='ltr'><strong>potes</strong></span> <span class='ocrx_word' id='word_1_544' title='bbox 2994 853 3009 879; x_wconf 95' lang='lat'><strong>,</strong></span> <span class='ocrx_word' id='word_1_545' title='bbox 3041 822 3098 868; x_wconf 90' lang='lat' dir='ltr'><strong>et</strong></span> <span class='ocrx_word' id='word_1_546' title='bbox 3123 813 3395 868; x_wconf 86' lang='lat' dir='ltr'><strong>Artiﬁcem</strong></span> <span class='ocrx_word' id='word_1_547' title='bbox 3443 815 3654 870; x_wconf 86' lang='lat' dir='ltr'><strong>curiose</strong></span> <span class='ocrx_word' id='word_1_548' title='bbox 3699 817 3777 871; x_wconf 85' lang='lat' dir='ltr'><strong>in-</strong></span> 
     </span>
    </p>
   </div>
   <div class='ocr_carea' id='block_1_69' title="bbox 2197 903 3776 974">
    <p class='ocr_par' dir='ltr' id='par_1_69' title="bbox 2197 903 3776 974">
     <span class='ocr_line' id='line_1_69' title="bbox 2197 903 3776 974; baseline 0.004 -20"><span class='ocrx_word' id='word_1_549' title='bbox 2197 905 2362 972; x_wconf 87' lang='lat' dir='ltr'><strong>quiris</strong></span> <span class='ocrx_word' id='word_1_550' title='bbox 2391 912 2443 958; x_wconf 92' lang='lat' dir='ltr'><strong>et</strong></span> <span class='ocrx_word' id='word_1_551' title='bbox 2467 903 2750 973; x_wconf 78' lang='lat' dir='ltr'><strong>exploras?</strong></span> <span class='ocrx_word' id='word_1_552' title='bbox 2775 903 2910 972; x_wconf 90' lang='lat' dir='ltr'><strong>Quid</strong></span> <span class='ocrx_word' id='word_1_553' title='bbox 2940 905 3134 958; x_wconf 91' lang='lat' dir='ltr'><strong>clamat</strong></span> <span class='ocrx_word' id='word_1_554' title='bbox 3159 905 3363 959; x_wconf 86' lang='lat' dir='ltr'><strong>David?</strong></span> <span class='ocrx_word' id='word_1_555' title='bbox 3396 906 3560 974; x_wconf 83' lang='lat' dir='ltr'><strong>Quam</strong></span> <span class='ocrx_word' id='word_1_556' title='bbox 3592 909 3776 974; x_wconf 75' lang='lat' dir='ltr'><strong>magni-</strong></span> 
     </span>
    </p>
   </div>
   <div class='ocr_carea' id='block_1_70' title="bbox 2196 997 3772 1071">
    <p class='ocr_par' dir='ltr' id='par_1_70' title="bbox 2196 997 3772 1071">
     <span class='ocr_line' id='line_1_70' title="bbox 2196 997 3772 1071; baseline 0.004 -24"><span class='ocrx_word' id='word_1_557' title='bbox 2196 997 2347 1066; x_wconf 82' lang='lat' dir='ltr'><strong>ﬁcata</strong></span> <span class='ocrx_word' id='word_1_558' title='bbox 2371 1007 2487 1050; x_wconf 86' lang='lat' dir='ltr'><strong>sunt</strong></span> <span class='ocrx_word' id='word_1_559' title='bbox 2517 1013 2669 1068; x_wconf 73' lang='lat' dir='ltr'><strong>Opera</strong></span> <span class='ocrx_word' id='word_1_560' title='bbox 2700 1007 2787 1050; x_wconf 90' lang='lat' dir='ltr'><strong>tua</strong></span> <span class='ocrx_word' id='word_1_561' title='bbox 2811 1037 2828 1061; x_wconf 89' lang='lat'><strong>,</strong></span> <span class='ocrx_word' id='word_1_562' title='bbox 2852 997 3101 1052; x_wconf 86' lang='lat' dir='ltr'><strong>Domine!</strong></span> <span class='ocrx_word' id='word_1_563' title='bbox 3132 997 3318 1052; x_wconf 87' lang='lat' dir='ltr'><strong>Omnia</strong></span> <span class='ocrx_word' id='word_1_564' title='bbox 3345 999 3398 1052; x_wconf 85' lang='lat' dir='ltr'><strong>in</strong></span> <span class='ocrx_word' id='word_1_565' title='bbox 3421 1000 3674 1069; x_wconf 81' lang='lat' dir='ltr'><strong>sapientia</strong></span> <span class='ocrx_word' id='word_1_566' title='bbox 3698 1005 3772 1071; x_wconf 80' lang='lat' dir='ltr'><strong>fe-</strong></span> 
     </span>
    </p>
   </div>
   <div class='ocr_carea' id='block_1_71' title="bbox 2196 1085 3772 1163">
    <p class='ocr_par' dir='ltr' id='par_1_71' title="bbox 2196 1085 3772 1163">
     <span class='ocr_line' id='line_1_71' title="bbox 2196 1085 3772 1163; baseline 0.004 -23"><span class='ocrx_word' id='word_1_567' title='bbox 2196 1089 2306 1141; x_wconf 79' lang='lat' dir='ltr'><strong>cisti</strong></span> <span class='ocrx_word' id='word_1_568' title='bbox 2339 1087 2563 1152; x_wconf 85' lang='lat' dir='ltr'><strong>(Psalm.</strong></span> <span class='ocrx_word' id='word_1_569' title='bbox 2594 1089 2717 1144; x_wconf 88' lang='grc'><strong>105.</strong></span> <span class='ocrx_word' id='word_1_570' title='bbox 2744 1085 2857 1155; x_wconf 71' lang='grc'><strong>24).</strong></span> <span class='ocrx_word' id='word_1_571' title='bbox 2893 1088 3172 1159; x_wconf 70' lang='lat' dir='ltr'><strong>Prophetas</strong></span> <span class='ocrx_word' id='word_1_572' title='bbox 3201 1097 3366 1159; x_wconf 82' lang='lat' dir='ltr'><strong>opera</strong></span> <span class='ocrx_word' id='word_1_573' title='bbox 3396 1093 3772 1163; x_wconf 83' lang='lat' dir='ltr'><strong>magnificam,</strong></span> 
     </span>
    </p>
   </div>
   <div class='ocr_carea' id='block_1_72' title="bbox 2197 1178 3777 1251">
    <p class='ocr_par' dir='ltr' id='par_1_72' title="bbox 2197 1178 3777 1251">
     <span class='ocr_line' id='line_1_72' title="bbox 2197 1178 3777 1251; baseline 0.005 -19"><span class='ocrx_word' id='word_1_574' title='bbox 2197 1178 2430 1234; x_wconf 78' lang='lat' dir='ltr'><strong>haeretici</strong></span> <span class='ocrx_word' id='word_1_575' title='bbox 2473 1179 2730 1250; x_wconf 89' lang='lat' dir='ltr'><strong>Opiﬁcem</strong></span> <span class='ocrx_word' id='word_1_576' title='bbox 2767 1181 3035 1234; x_wconf 64' lang='lat' dir='ltr'><strong>minuunt.</strong></span> <span class='ocrx_word' id='word_1_577' title='bbox 3082 1182 3300 1251; x_wconf 84' lang='lat' dir='ltr'><strong>Magnus</strong></span> <span class='ocrx_word' id='word_1_578' title='bbox 3344 1184 3433 1238; x_wconf 85' lang='lat' dir='ltr'><strong>ille</strong></span> <span class='ocrx_word' id='word_1_579' title='bbox 3475 1185 3699 1239; x_wconf 91' lang='lat' dir='ltr'><strong>consilio</strong></span> <span class='ocrx_word' id='word_1_580' title='bbox 3722 1193 3777 1240; x_wconf 88' lang='lat' dir='ltr'><strong>et</strong></span> 
     </span>
    </p>
   </div>
   <div class='ocr_carea' id='block_1_73' title="bbox 2197 1273 3775 1346">
    <p class='ocr_par' dir='ltr' id='par_1_73' title="bbox 2197 1273 3775 1346">
     <span class='ocr_line' id='line_1_73' title="bbox 2197 1273 3775 1346; baseline 0.004 -23"><span class='ocrx_word' id='word_1_581' title='bbox 2197 1283 2382 1340; x_wconf 88' lang='lat' dir='ltr'><strong>potens</strong></span> <span class='ocrx_word' id='word_1_582' title='bbox 2406 1273 2654 1341; x_wconf 81' lang='lat' dir='ltr'><strong>operibus</strong></span> <span class='ocrx_word' id='word_1_583' title='bbox 2675 1315 2688 1334; x_wconf 83' lang='lat'><strong>,</strong></span> <span class='ocrx_word' id='word_1_584' title='bbox 2711 1275 2799 1344; x_wconf 88' lang='lat' dir='ltr'><strong>qtti</strong></span> <span class='ocrx_word' id='word_1_585' title='bbox 2821 1276 3008 1329; x_wconf 70' lang='lat' dir='ltr'><strong>caelum</strong></span> <span class='ocrx_word' id='word_1_586' title='bbox 3039 1273 3284 1330; x_wconf 77' lang='lat' dir='ltr'><strong>formavit</strong></span> <span class='ocrx_word' id='word_1_587' title='bbox 3308 1287 3361 1330; x_wconf 90' lang='lat' dir='ltr'><strong>et</strong></span> <span class='ocrx_word' id='word_1_588' title='bbox 3383 1277 3496 1331; x_wconf 80' lang='lat' dir='ltr'><strong>ﬁxit</strong></span> <span class='ocrx_word' id='word_1_589' title='bbox 3517 1292 3583 1332; x_wconf 82' lang='lat' dir='ltr'><strong>ex</strong></span> <span class='ocrx_word' id='word_1_590' title='bbox 3605 1276 3775 1346; x_wconf 84' lang='lat' dir='ltr'><strong>aquis;</strong></span> 
     </span>
    </p>
   </div>
   <div class='ocr_carea' id='block_1_74' title="bbox 2197 1365 3776 1438">
    <p class='ocr_par' dir='ltr' id='par_1_74' title="bbox 2197 1365 3776 1438">
     <span class='ocr_line' id='line_1_74' title="bbox 2197 1365 3776 1438; baseline 0.004 -23"><span class='ocrx_word' id='word_1_591' title='bbox 2197 1381 2300 1416; x_wconf 82' lang='lat' dir='ltr'><strong>non</strong></span> <span class='ocrx_word' id='word_1_592' title='bbox 2332 1365 2472 1417; x_wconf 82' lang='lat' dir='ltr'><strong>enini</strong></span> <span class='ocrx_word' id='word_1_593' title='bbox 2511 1380 2540 1418; x_wconf 89' lang='lat' dir='ltr'><strong>a</strong></span> <span class='ocrx_word' id='word_1_594' title='bbox 2582 1366 2836 1420; x_wconf 88' lang='lat' dir='ltr'><strong>miraculo</strong></span> <span class='ocrx_word' id='word_1_595' title='bbox 2867 1366 3117 1424; x_wconf 76' lang='lat' dir='ltr'><strong>abscedo.</strong></span> <span class='ocrx_word' id='word_1_596' title='bbox 3153 1368 3228 1421; x_wconf 80' lang='lat' dir='ltr'><strong>Ex</strong></span> <span class='ocrx_word' id='word_1_597' title='bbox 3255 1367 3411 1438; x_wconf 87' lang='lat' dir='ltr'><strong>aquis</strong></span> <span class='ocrx_word' id='word_1_598' title='bbox 3463 1380 3776 1423; x_wconf 88' lang='lat' dir='ltr'><strong>concretum</strong></span> 
     </span>
    </p>
   </div>
   <div class='ocr_carea' id='block_1_75' title="bbox 2195 1462 3776 1530">
    <p class='ocr_par' dir='ltr' id='par_1_75' title="bbox 2195 1462 3776 1530">
     <span class='ocr_line' id='line_1_75' title="bbox 2195 1462 3776 1530; baseline 0.002 -18"><span class='ocrx_word' id='word_1_599' title='bbox 2195 1467 2311 1521; x_wconf 90' lang='lat' dir='ltr'><strong>est,</strong></span> <span class='ocrx_word' id='word_1_600' title='bbox 2340 1470 2394 1513; x_wconf 93' lang='lat' dir='ltr'><strong>et</strong></span> <span class='ocrx_word' id='word_1_601' title='bbox 2431 1471 2621 1529; x_wconf 89' lang='lat' dir='ltr'><strong>aquam</strong></span> <span class='ocrx_word' id='word_1_602' title='bbox 2661 1470 2877 1530; x_wconf 77' lang='lat' dir='ltr'><strong>gestat:</strong></span> <span class='ocrx_word' id='word_1_603' title='bbox 2923 1476 2988 1515; x_wconf 80' lang='lat' dir='ltr'><strong>ex</strong></span> <span class='ocrx_word' id='word_1_604' title='bbox 3031 1462 3184 1530; x_wconf 86' lang='lat' dir='ltr'><strong>aquis</strong></span> <span class='ocrx_word' id='word_1_605' title='bbox 3213 1470 3518 1515; x_wconf 90' lang='lat' dir='ltr'><strong>concretum</strong></span> <span class='ocrx_word' id='word_1_606' title='bbox 3567 1469 3682 1525; x_wconf 75' lang='lat' dir='ltr'><strong>est,</strong></span> <span class='ocrx_word' id='word_1_607' title='bbox 3723 1469 3776 1515; x_wconf 90' lang='lat' dir='ltr'><strong>et</strong></span> 
     </span>
    </p>
   </div>
   <div class='ocr_carea' id='block_1_76' title="bbox 2195 1552 3776 1623">
    <p class='ocr_par' dir='ltr' id='par_1_76' title="bbox 2195 1552 3776 1623">
     <span class='ocr_line' id='line_1_76' title="bbox 2195 1552 3776 1623; baseline -0.001 -19"><span class='ocrx_word' id='word_1_608' title='bbox 2195 1553 2446 1623; x_wconf 80' lang='lat' dir='ltr'><strong>abyssum</strong></span> <span class='ocrx_word' id='word_1_609' title='bbox 2471 1561 2646 1622; x_wconf 65' lang='lat' dir='ltr'><strong>gestat</strong></span> <span class='ocrx_word' id='word_1_610' title='bbox 2675 1570 2689 1618; x_wconf 90' lang='lat'><strong>;</strong></span> <span class='ocrx_word' id='word_1_611' title='bbox 2722 1552 2939 1607; x_wconf 89' lang='lat' dir='ltr'><strong>omnino</strong></span> <span class='ocrx_word' id='word_1_612' title='bbox 2967 1563 3143 1606; x_wconf 90' lang='lat' dir='ltr'><strong>autem</strong></span> <span class='ocrx_word' id='word_1_613' title='bbox 3169 1553 3414 1622; x_wconf 82' lang='lat' dir='ltr'><strong>exemplo</strong></span> <span class='ocrx_word' id='word_1_614' title='bbox 3441 1554 3607 1608; x_wconf 67' lang='lat' dir='ltr'><strong>haeret</strong></span> <span class='ocrx_word' id='word_1_615' title='bbox 3628 1596 3640 1615; x_wconf 84' lang='grc'><em>,</em></span> <span class='ocrx_word' id='word_1_616' title='bbox 3676 1568 3776 1605; x_wconf 82' lang='lat' dir='ltr'><strong>tm-</strong></span> 
     </span>
    </p>
   </div>
   <div class='ocr_carea' id='block_1_77' title="bbox 2195 1643 3774 1714">
    <p class='ocr_par' dir='ltr' id='par_1_77' title="bbox 2195 1643 3774 1714">
     <span class='ocr_line' id='line_1_77' title="bbox 2195 1643 3774 1714; baseline 0.001 -18"><span class='ocrx_word' id='word_1_617' title='bbox 2195 1659 2354 1710; x_wconf 89' lang='lat' dir='ltr'><strong>vum,</strong></span> <span class='ocrx_word' id='word_1_618' title='bbox 2382 1643 2596 1714; x_wconf 87' lang='lat' dir='ltr'><strong>inquam</strong></span> <span class='ocrx_word' id='word_1_619' title='bbox 2623 1683 2639 1711; x_wconf 87' lang='lat'><strong>,</strong></span> <span class='ocrx_word' id='word_1_620' title='bbox 2673 1643 2775 1698; x_wconf 88' lang='lat' dir='ltr'><strong>hoc</strong></span> <span class='ocrx_word' id='word_1_621' title='bbox 2817 1645 3153 1699; x_wconf 80' lang='lat' dir='ltr'><strong>miraculum.</strong></span> <span class='ocrx_word' id='word_1_622' title='bbox 3198 1643 3441 1699; x_wconf 82' lang='lat' dir='ltr'><strong>Vidistin‘</strong></span> <span class='ocrx_word' id='word_1_623' title='bbox 3475 1644 3684 1698; x_wconf 89' lang='lat' dir='ltr'><strong>tabulas</strong></span> <span class='ocrx_word' id='word_1_624' title='bbox 3709 1643 3774 1697; x_wconf 88' lang='lat' dir='ltr'><strong>ab</strong></span> 
     </span>
    </p>
   </div>
   <div class='ocr_carea' id='block_1_78' title="bbox 2194 1733 3772 1805">
    <p class='ocr_par' dir='ltr' id='par_1_78' title="bbox 2194 1733 3772 1805">
     <span class='ocr_line' id='line_1_78' title="bbox 2194 1733 3772 1805; baseline -0.001 -15"><span class='ocrx_word' id='word_1_625' title='bbox 2194 1750 2330 1805; x_wconf 89' lang='lat' dir='ltr'><strong>aqua</strong></span> <span class='ocrx_word' id='word_1_626' title='bbox 2363 1744 2626 1805; x_wconf 82' lang='lat' dir='ltr'><strong>gestatas,</strong></span> <span class='ocrx_word' id='word_1_627' title='bbox 2673 1745 2728 1790; x_wconf 91' lang='lat' dir='ltr'><strong>et</strong></span> <span class='ocrx_word' id='word_1_628' title='bbox 2753 1735 2983 1805; x_wconf 89' lang='lat' dir='ltr'><strong>desuper</strong></span> <span class='ocrx_word' id='word_1_629' title='bbox 3015 1738 3190 1790; x_wconf 90' lang='lat' dir='ltr'><strong>nivem</strong></span> <span class='ocrx_word' id='word_1_630' title='bbox 3229 1735 3482 1804; x_wconf 80' lang='lat' dir='ltr'><strong>gestare?</strong></span> <span class='ocrx_word' id='word_1_631' title='bbox 3510 1733 3695 1789; x_wconf 80' lang='lat' dir='ltr'><strong>Hiems</strong></span> <span class='ocrx_word' id='word_1_632' title='bbox 3722 1733 3772 1788; x_wconf 88' lang='lat' dir='ltr'><strong>id</strong></span> 
     </span>
    </p>
   </div>
   <div class='ocr_carea' id='block_1_79' title="bbox 2194 1825 3773 1897">
    <p class='ocr_par' dir='ltr' id='par_1_79' title="bbox 2194 1825 3773 1897">
     <span class='ocr_line' id='line_1_79' title="bbox 2194 1825 3773 1897; baseline 0 -17"><span class='ocrx_word' id='word_1_633' title='bbox 2194 1825 2340 1893; x_wconf 88' lang='lat' dir='ltr'><strong>fecit,</strong></span> <span class='ocrx_word' id='word_1_634' title='bbox 2372 1836 2427 1882; x_wconf 91' lang='lat' dir='ltr'><strong>et</strong></span> <span class='ocrx_word' id='word_1_635' title='bbox 2452 1827 2592 1882; x_wconf 89' lang='lat' dir='ltr'><strong>Deus</strong></span> <span class='ocrx_word' id='word_1_636' title='bbox 2613 1842 2719 1882; x_wconf 89' lang='lat' dir='ltr'><strong>non</strong></span> <span class='ocrx_word' id='word_1_637' title='bbox 2749 1828 2936 1884; x_wconf 81' lang='lat' dir='ltr'><strong>faciet?</strong></span> <span class='ocrx_word' id='word_1_638' title='bbox 2961 1827 3111 1885; x_wconf 83' lang='lat' dir='ltr'><strong>Fecit</strong></span> <span class='ocrx_word' id='word_1_639' title='bbox 3137 1828 3350 1894; x_wconf 68' lang='lat' dir='ltr'><strong>crelum,</strong></span> <span class='ocrx_word' id='word_1_640' title='bbox 3382 1842 3489 1883; x_wconf 91' lang='lat' dir='ltr'><strong>non</strong></span> <span class='ocrx_word' id='word_1_641' title='bbox 3519 1837 3578 1883; x_wconf 79' lang='lat' dir='ltr'><strong>ut.</strong></span> <span class='ocrx_word' id='word_1_642' title='bbox 3601 1827 3773 1897; x_wconf 71' lang='lat' dir='ltr'><strong>aphae-</strong></span> 
     </span>
    </p>
   </div>
   <div class='ocr_carea' id='block_1_80' title="bbox 2192 1919 3770 1994">
    <p class='ocr_par' dir='ltr' id='par_1_80' title="bbox 2192 1919 3770 1994">
     <span class='ocr_line' id='line_1_80' title="bbox 2192 1919 3770 1994; baseline -0.001 -18"><span class='ocrx_word' id='word_1_643' title='bbox 2192 1935 2307 1976; x_wconf 87' lang='lat' dir='ltr'><strong>ram</strong></span> <span class='ocrx_word' id='word_1_644' title='bbox 2356 1919 2471 1994; x_wconf 82' lang='grc' dir='ltr'><strong>(ιι),</strong></span> <span class='ocrx_word' id='word_1_645' title='bbox 2517 1931 2576 1975; x_wconf 92' lang='lat' dir='ltr'><strong>ut</strong></span> <span class='ocrx_word' id='word_1_646' title='bbox 2617 1921 3059 1992; x_wconf 89' lang='lat' dir='ltr'><strong>philosophantur</strong></span> <span class='ocrx_word' id='word_1_647' title='bbox 3083 1936 3314 1992; x_wconf 89' lang='lat' dir='ltr'><strong>nugaces</strong></span> <span class='ocrx_word' id='word_1_648' title='bbox 3343 1922 3440 1976; x_wconf 84' lang='lat' dir='ltr'><strong>illi.</strong></span> <span class='ocrx_word' id='word_1_649' title='bbox 3473 1921 3587 1976; x_wconf 91' lang='lat' dir='ltr'><strong>Non</strong></span> <span class='ocrx_word' id='word_1_650' title='bbox 3629 1921 3770 1976; x_wconf 89' lang='lat' dir='ltr'><strong>enim</strong></span> 
     </span>
    </p>
   </div>
   <div class='ocr_carea' id='block_1_81' title="bbox 2191 2001 3769 2086">
    <p class='ocr_par' dir='ltr' id='par_1_81' title="bbox 2191 2001 3769 2086">
     <span class='ocr_line' id='line_1_81' title="bbox 2191 2001 3769 2086; baseline 0.001 -18"><span class='ocrx_word' id='word_1_651' title='bbox 2191 2001 2456 2086; x_wconf 75' lang='lat' dir='ltr'><strong>Splueram</strong></span> <span class='ocrx_word' id='word_1_652' title='bbox 2485 2014 2608 2069; x_wconf 90' lang='lat' dir='ltr'><strong>fecit</strong></span> <span class='ocrx_word' id='word_1_653' title='bbox 2635 2029 2755 2085; x_wconf 70' lang='lat' dir='ltr'><strong>quae</strong></span> <span class='ocrx_word' id='word_1_654' title='bbox 2780 2015 3040 2070; x_wconf 87' lang='lat' dir='ltr'><strong>volvatur.</strong></span> <span class='ocrx_word' id='word_1_655' title='bbox 3064 2015 3287 2079; x_wconf 79' lang='lat' dir='ltr'><strong>Verum,</strong></span> <span class='ocrx_word' id='word_1_656' title='bbox 3317 2025 3377 2070; x_wconf 93' lang='lat' dir='ltr'><strong>ut</strong></span> <span class='ocrx_word' id='word_1_657' title='bbox 3401 2013 3769 2084; x_wconf 83' lang='lat' dir='ltr'><strong>aitpropheta,</strong></span> 
     </span>
    </p>
   </div>
   <div class='ocr_carea' id='block_1_82' title="bbox 2192 2107 3766 2180">
    <p class='ocr_par' dir='ltr' id='par_1_82' title="bbox 2192 2107 3766 2180">
     <span class='ocr_line' id='line_1_82' title="bbox 2192 2107 3766 2180; baseline -0.004 -15"><span class='ocrx_word' id='word_1_658' title='bbox 2192 2110 2273 2165; x_wconf 88' lang='lat' dir='ltr'><strong>sol</strong></span> <span class='ocrx_word' id='word_1_659' title='bbox 2295 2109 2563 2180; x_wconf 90' lang='lat' dir='ltr'><strong>quomodo</strong></span> <span class='ocrx_word' id='word_1_660' title='bbox 2590 2107 2800 2164; x_wconf 85' lang='lat' dir='ltr'><strong>currit?</strong></span> <span class='ocrx_word' id='word_1_661' title='bbox 2825 2109 2924 2174; x_wconf 80' lang='lat' dir='ltr'><strong>Qui</strong></span> <span class='ocrx_word' id='word_1_662' title='bbox 2943 2111 3118 2163; x_wconf 85' lang='lat' dir='ltr'><strong>statuit</strong></span> <span class='ocrx_word' id='word_1_663' title='bbox 3140 2109 3320 2163; x_wconf 79' lang='lat' dir='ltr'><strong>ccelum</strong></span> <span class='ocrx_word' id='word_1_664' title='bbox 3344 2109 3473 2161; x_wconf 87' lang='lat' dir='ltr'><strong>sicut</strong></span> <span class='ocrx_word' id='word_1_665' title='bbox 3501 2108 3766 2178; x_wconf 79' lang='lat' dir='ltr'><strong>fornicem,</strong></span> 
     </span>
    </p>
   </div>
   <div class='ocr_carea' id='block_1_83' title="bbox 2191 2205 3763 2278">
    <p class='ocr_par' dir='ltr' id='par_1_83' title="bbox 2191 2205 3763 2278">
     <span class='ocr_line' id='line_1_83' title="bbox 2191 2205 3763 2278; baseline 0.001 -19"><span class='ocrx_word' id='word_1_666' title='bbox 2191 2213 2239 2259; x_wconf 89' lang='lat' dir='ltr'><strong>et</strong></span> <span class='ocrx_word' id='word_1_667' title='bbox 2279 2206 2501 2260; x_wconf 72' lang='lat' dir='ltr'><strong>extendit</strong></span> <span class='ocrx_word' id='word_1_668' title='bbox 2551 2205 2682 2260; x_wconf 80' lang='lat' dir='ltr'><strong>illud</strong></span> <span class='ocrx_word' id='word_1_669' title='bbox 2719 2207 2852 2260; x_wconf 86' lang='lat' dir='ltr'><strong>velut</strong></span> <span class='ocrx_word' id='word_1_670' title='bbox 2895 2208 3272 2262; x_wconf 87' lang='lat' dir='ltr'><strong>tabernaculum</strong></span> <span class='ocrx_word' id='word_1_671' title='bbox 3316 2206 3486 2278; x_wconf 86' lang='lat' dir='ltr'><strong>(Isai.</strong></span> <span class='ocrx_word' id='word_1_672' title='bbox 3518 2208 3606 2263; x_wconf 70' lang='grc'><strong>40.</strong></span> <span class='ocrx_word' id='word_1_673' title='bbox 3634 2207 3763 2277; x_wconf 70' lang='lat'><strong>22).</strong></span> 
     </span>
    </p>
   </div>
   <div class='ocr_carea' id='block_1_84' title="bbox 2189 2297 3764 2371">
    <p class='ocr_par' dir='ltr' id='par_1_84' title="bbox 2189 2297 3764 2371">
     <span class='ocr_line' id='line_1_84' title="bbox 2189 2297 3764 2371; baseline 0.001 -19"><span class='ocrx_word' id='word_1_674' title='bbox 2189 2297 2358 2352; x_wconf 87' lang='lat' dir='ltr'><strong>Nemo</strong></span> <span class='ocrx_word' id='word_1_675' title='bbox 2385 2307 2624 2352; x_wconf 91' lang='lat' dir='ltr'><strong>nostrum</strong></span> <span class='ocrx_word' id='word_1_676' title='bbox 2656 2299 2726 2353; x_wconf 89' lang='lat' dir='ltr'><strong>ita</strong></span> <span class='ocrx_word' id='word_1_677' title='bbox 2753 2298 2945 2369; x_wconf 88' lang='lat' dir='ltr'><strong>impius</strong></span> <span class='ocrx_word' id='word_1_678' title='bbox 2965 2308 3049 2354; x_wconf 87' lang='lat' dir='ltr'><strong>est</strong></span> <span class='ocrx_word' id='word_1_679' title='bbox 3076 2309 3135 2354; x_wconf 89' lang='lat' dir='ltr'><strong>ut</strong></span> <span class='ocrx_word' id='word_1_680' title='bbox 3161 2299 3448 2371; x_wconf 83' lang='lat' dir='ltr'><strong>nugacibus</strong></span> <span class='ocrx_word' id='word_1_681' title='bbox 3479 2300 3586 2355; x_wconf 86' lang='lat' dir='ltr'><strong>illis</strong></span> <span class='ocrx_word' id='word_1_682' title='bbox 3613 2298 3764 2354; x_wconf 86' lang='lat' dir='ltr'><strong>ﬁdem</strong></span> 
     </span>
    </p>
   </div>
   <div class='ocr_carea' id='block_1_85' title="bbox 2193 2392 3765 2462">
    <p class='ocr_par' dir='ltr' id='par_1_85' title="bbox 2193 2392 3765 2462">
     <span class='ocr_line' id='line_1_85' title="bbox 2193 2392 3765 2462; baseline -0.003 -16"><span class='ocrx_word' id='word_1_683' title='bbox 2193 2392 2406 2447; x_wconf 90' lang='lat' dir='ltr'><strong>habeat.</strong></span> <span class='ocrx_word' id='word_1_684' title='bbox 2439 2393 2720 2462; x_wconf 73' lang='lat' dir='ltr'><strong>Propheta:</strong></span> <span class='ocrx_word' id='word_1_685' title='bbox 2741 2393 2922 2448; x_wconf 90' lang='lat' dir='ltr'><strong>dicunt</strong></span> <span class='ocrx_word' id='word_1_686' title='bbox 2949 2394 3137 2448; x_wconf 64' lang='lat' dir='ltr'><strong>caelum</strong></span> <span class='ocrx_word' id='word_1_687' title='bbox 3167 2393 3376 2448; x_wconf 90' lang='lat' dir='ltr'><strong>initium</strong></span> <span class='ocrx_word' id='word_1_688' title='bbox 3406 2403 3460 2448; x_wconf 89' lang='lat' dir='ltr'><strong>et</strong></span> <span class='ocrx_word' id='word_1_689' title='bbox 3487 2394 3646 2447; x_wconf 87' lang='lat' dir='ltr'><strong>linem</strong></span> <span class='ocrx_word' id='word_1_690' title='bbox 3675 2392 3765 2445; x_wconf 88' lang='lat' dir='ltr'><strong>ha-</strong></span> 
     </span>
    </p>
   </div>
   <div class='ocr_carea' id='block_1_86' title="bbox 2189 2483 3765 2556">
    <p class='ocr_par' dir='ltr' id='par_1_86' title="bbox 2189 2483 3765 2556">
     <span class='ocr_line' id='line_1_86' title="bbox 2189 2483 3765 2556; baseline 0 -17"><span class='ocrx_word' id='word_1_691' title='bbox 2189 2484 2337 2540; x_wconf 87' lang='lat' dir='ltr'><strong>bere.</strong></span> <span class='ocrx_word' id='word_1_692' title='bbox 2361 2485 2484 2540; x_wconf 82' lang='lat' dir='ltr'><strong>Ideo</strong></span> <span class='ocrx_word' id='word_1_693' title='bbox 2511 2485 2591 2540; x_wconf 91' lang='lat' dir='ltr'><strong>sol</strong></span> <span class='ocrx_word' id='word_1_694' title='bbox 2622 2501 2724 2539; x_wconf 93' lang='lat' dir='ltr'><strong>non</strong></span> <span class='ocrx_word' id='word_1_695' title='bbox 2748 2484 3009 2551; x_wconf 88' lang='lat' dir='ltr'><strong>ascendit,</strong></span> <span class='ocrx_word' id='word_1_696' title='bbox 3040 2484 3134 2540; x_wconf 89' lang='lat' dir='ltr'><strong>sed</strong></span> <span class='ocrx_word' id='word_1_697' title='bbox 3165 2486 3425 2556; x_wconf 89' lang='lat' dir='ltr'><strong>procedit.</strong></span> <span class='ocrx_word' id='word_1_698' title='bbox 3455 2485 3598 2540; x_wconf 85' lang='lat' dir='ltr'><strong>Dicit</strong></span> <span class='ocrx_word' id='word_1_699' title='bbox 3622 2483 3765 2540; x_wconf 86' lang='lat' dir='ltr'><strong>Scri-</strong></span> 
     </span>
    </p>
   </div>
   <div class='ocr_carea' id='block_1_87' title="bbox 2191 2581 3764 2654">
    <p class='ocr_par' dir='ltr' id='par_1_87' title="bbox 2191 2581 3764 2654">
     <span class='ocr_line' id='line_1_87' title="bbox 2191 2581 3764 2654; baseline 0.001 -19"><span class='ocrx_word' id='word_1_700' title='bbox 2191 2591 2344 2652; x_wconf 89' lang='lat' dir='ltr'><strong>ptura</strong></span> <span class='ocrx_word' id='word_1_701' title='bbox 2375 2599 2389 2635; x_wconf 87' lang='lat'><strong>:</strong></span> <span class='ocrx_word' id='word_1_702' title='bbox 2423 2581 2517 2636; x_wconf 84' lang='lat' dir='ltr'><strong>Sol</strong></span> <span class='ocrx_word' id='word_1_703' title='bbox 2542 2599 2768 2653; x_wconf 80' lang='lat' dir='ltr'><strong>egressus</strong></span> <span class='ocrx_word' id='word_1_704' title='bbox 2795 2592 2868 2636; x_wconf 90' lang='lat' dir='ltr'><strong>est</strong></span> <span class='ocrx_word' id='word_1_705' title='bbox 2897 2597 3049 2651; x_wconf 82' lang='lat' dir='ltr'><strong>super</strong></span> <span class='ocrx_word' id='word_1_706' title='bbox 3077 2592 3296 2650; x_wconf 80' lang='lat' dir='ltr'><strong>terram,</strong></span> <span class='ocrx_word' id='word_1_707' title='bbox 3322 2591 3368 2638; x_wconf 87' lang='lat' dir='ltr'><strong>et</strong></span> <span class='ocrx_word' id='word_1_708' title='bbox 3389 2581 3488 2636; x_wconf 86' lang='lat' dir='ltr'><strong>Lot</strong></span> <span class='ocrx_word' id='word_1_709' title='bbox 3512 2582 3764 2654; x_wconf 73' lang='lat' dir='ltr'><strong>ingressus</strong></span> 
     </span>
    </p>
   </div>
   <div class='ocr_carea' id='block_1_88' title="bbox 2189 2672 3766 2746">
    <p class='ocr_par' dir='ltr' id='par_1_88' title="bbox 2189 2672 3766 2746">
     <span class='ocr_line' id='line_1_88' title="bbox 2189 2672 3766 2746; baseline 0.002 -20"><span class='ocrx_word' id='word_1_710' title='bbox 2189 2681 2259 2728; x_wconf 82' lang='lat' dir='ltr'><strong>est</strong></span> <span class='ocrx_word' id='word_1_711' title='bbox 2285 2674 2336 2726; x_wconf 90' lang='lat' dir='ltr'><strong>in</strong></span> <span class='ocrx_word' id='word_1_712' title='bbox 2364 2673 2526 2743; x_wconf 85' lang='lat' dir='ltr'><strong>Segor</strong></span> <span class='ocrx_word' id='word_1_713' title='bbox 2551 2672 2716 2744; x_wconf 83' lang='lat' dir='ltr'><strong>(Gen.</strong></span> <span class='ocrx_word' id='word_1_714' title='bbox 2752 2674 2839 2729; x_wconf 84' lang='grc'><strong>19.</strong></span> <span class='ocrx_word' id='word_1_715' title='bbox 3044 2674 3229 2730; x_wconf 88' lang='lat' dir='ltr'><strong>Palam</strong></span> <span class='ocrx_word' id='word_1_716' title='bbox 3259 2689 3387 2746; x_wconf 83' lang='lat' dir='ltr'><strong>ergo</strong></span> <span class='ocrx_word' id='word_1_717' title='bbox 3416 2683 3500 2730; x_wconf 88' lang='lat' dir='ltr'><strong>est</strong></span> <span class='ocrx_word' id='word_1_718' title='bbox 3525 2691 3594 2730; x_wconf 80' lang='lat' dir='ltr'><strong>ex</strong></span> <span class='ocrx_word' id='word_1_719' title='bbox 3620 2675 3766 2732; x_wconf 88' lang='lat' dir='ltr'><strong>Scri-</strong></span> 
     </span>
    </p>
   </div>
   <div class='ocr_carea' id='block_1_89' title="bbox 2187 2765 3767 2836">
    <p class='ocr_par' dir='ltr' id='par_1_89' title="bbox 2187 2765 3767 2836">
     <span class='ocr_line' id='line_1_89' title="bbox 2187 2765 3767 2836; baseline 0.004 -19"><span class='ocrx_word' id='word_1_720' title='bbox 2187 2773 2341 2835; x_wconf 88' lang='lat' dir='ltr'><strong>ptura</strong></span> <span class='ocrx_word' id='word_1_721' title='bbox 2371 2765 2539 2820; x_wconf 85' lang='lat' dir='ltr'><strong>solent</strong></span> <span class='ocrx_word' id='word_1_722' title='bbox 2571 2781 2844 2836; x_wconf 86' lang='lat' dir='ltr'><strong>egressum</strong></span> <span class='ocrx_word' id='word_1_723' title='bbox 2874 2781 3014 2832; x_wconf 90' lang='lat' dir='ltr'><strong>esse,</strong></span> <span class='ocrx_word' id='word_1_724' title='bbox 3047 2783 3153 2822; x_wconf 93' lang='lat' dir='ltr'><strong>non</strong></span> <span class='ocrx_word' id='word_1_725' title='bbox 3183 2766 3490 2824; x_wconf 89' lang='lat' dir='ltr'><strong>ascendisse</strong></span> <span class='ocrx_word' id='word_1_726' title='bbox 3516 2785 3530 2822; x_wconf 91' lang='lat'>:</span> <span class='ocrx_word' id='word_1_727' title='bbox 3563 2783 3627 2824; x_wconf 82' lang='lat' dir='ltr'><strong>ae</strong></span> <span class='ocrx_word' id='word_1_728' title='bbox 3649 2783 3767 2824; x_wconf 90' lang='lat' dir='ltr'><strong>rur-</strong></span> 
     </span>
    </p>
   </div>
   <div class='ocr_carea' id='block_1_90' title="bbox 2187 2861 3761 2934">
    <p class='ocr_par' dir='ltr' id='par_1_90' title="bbox 2187 2861 3761 2934">
     <span class='ocr_line' id='line_1_90' title="bbox 2187 2861 3761 2934; baseline 0.001 -18"><span class='ocrx_word' id='word_1_729' title='bbox 2187 2876 2328 2923; x_wconf 89' lang='lat' dir='ltr'><strong>sum,</strong></span> <span class='ocrx_word' id='word_1_730' title='bbox 2357 2862 2397 2914; x_wconf 83' lang='lat' dir='ltr'><strong><em>A</em></strong></span> <span class='ocrx_word' id='word_1_731' title='bbox 2423 2877 2619 2915; x_wconf 77' lang='lat' dir='ltr'><strong>suntme</strong></span> <span class='ocrx_word' id='word_1_732' title='bbox 2642 2861 2766 2915; x_wconf 78' lang='lat' dir='ltr'><strong>caelo</strong></span> <span class='ocrx_word' id='word_1_733' title='bbox 2785 2863 3004 2932; x_wconf 78' lang='lat' dir='ltr'><strong>egressio</strong></span> <span class='ocrx_word' id='word_1_734' title='bbox 3023 2862 3134 2932; x_wconf 77' lang='lat' dir='ltr'><strong>eius</strong></span> <span class='ocrx_word' id='word_1_735' title='bbox 3162 2861 3331 2934; x_wconf 86' lang='lat' dir='ltr'><strong>(Psal.</strong></span> <span class='ocrx_word' id='word_1_736' title='bbox 3361 2862 3450 2919; x_wconf 89' lang='grc'><strong>18.</strong></span> <span class='ocrx_word' id='word_1_737' title='bbox 3473 2862 3551 2934; x_wconf 88' lang='lat'><strong>7),</strong></span> <span class='ocrx_word' id='word_1_738' title='bbox 3575 2862 3761 2934; x_wconf 85' lang='lat' dir='ltr'><strong>inquit,</strong></span> 
     </span>
    </p>
   </div>
   <div class='ocr_carea' id='block_1_91' title="bbox 2186 2953 3759 3024">
    <p class='ocr_par' dir='ltr' id='par_1_91' title="bbox 2186 2953 3759 3024">
     <span class='ocr_line' id='line_1_91' title="bbox 2186 2953 3759 3024; baseline 0.001 -17"><span class='ocrx_word' id='word_1_739' title='bbox 2186 2969 2292 3008; x_wconf 89' lang='lat' dir='ltr'><strong>non</strong></span> <span class='ocrx_word' id='word_1_740' title='bbox 2339 2968 2612 3008; x_wconf 89' lang='lat' dir='ltr'><strong>ascensus.</strong></span> <span class='ocrx_word' id='word_1_741' title='bbox 2657 2953 2712 3009; x_wconf 91' lang='lat' dir='ltr'><strong>Si</strong></span> <span class='ocrx_word' id='word_1_742' title='bbox 2737 2954 2945 3024; x_wconf 70' lang='lat' dir='ltr'><strong>sphaera</strong></span> <span class='ocrx_word' id='word_1_743' title='bbox 2984 2963 3099 3020; x_wconf 89' lang='lat' dir='ltr'><strong>est,</strong></span> <span class='ocrx_word' id='word_1_744' title='bbox 3137 2970 3405 3011; x_wconf 89' lang='lat' dir='ltr'><strong>summum</strong></span> <span class='ocrx_word' id='word_1_745' title='bbox 3449 2970 3558 3010; x_wconf 90' lang='lat' dir='ltr'><strong>non</strong></span> <span class='ocrx_word' id='word_1_746' title='bbox 3585 2956 3759 3010; x_wconf 83' lang='lat' dir='ltr'><strong>habet.</strong></span> 
     </span>
    </p>
   </div>
   <div class='ocr_carea' id='block_1_92' title="bbox 2185 3047 3758 3116">
    <p class='ocr_par' dir='ltr' id='par_1_92' title="bbox 2185 3047 3758 3116">
     <span class='ocr_line' id='line_1_92' title="bbox 2185 3047 3758 3116; baseline 0.001 -15"><span class='ocrx_word' id='word_1_747' title='bbox 2185 3047 2337 3114; x_wconf 91' lang='lat' dir='ltr'><strong>Quod</strong></span> <span class='ocrx_word' id='word_1_748' title='bbox 2369 3049 2514 3102; x_wconf 91' lang='lat' dir='ltr'><strong>enim</strong></span> <span class='ocrx_word' id='word_1_749' title='bbox 2543 3047 2779 3116; x_wconf 90' lang='lat' dir='ltr'><strong>undique</strong></span> <span class='ocrx_word' id='word_1_750' title='bbox 2807 3048 3092 3104; x_wconf 85' lang='lat' dir='ltr'><strong>rotundum</strong></span> <span class='ocrx_word' id='word_1_751' title='bbox 3123 3058 3224 3115; x_wconf 87' lang='lat' dir='ltr'><strong>est,</strong></span> <span class='ocrx_word' id='word_1_752' title='bbox 3255 3047 3468 3104; x_wconf 89' lang='lat' dir='ltr'><strong>ubinam</strong></span> <span class='ocrx_word' id='word_1_753' title='bbox 3497 3063 3758 3103; x_wconf 90' lang='lat' dir='ltr'><strong>summum</strong></span> 
     </span>
    </p>
   </div>
   <div class='ocr_carea' id='block_1_93' title="bbox 2185 3127 3789 3210">
    <p class='ocr_par' dir='ltr' id='par_1_93' title="bbox 2185 3127 3789 3210">
     <span class='ocr_line' id='line_1_93' title="bbox 2185 3127 3789 3210; baseline 0.001 -17"><span class='ocrx_word' id='word_1_754' title='bbox 2185 3140 2384 3194; x_wconf 86' lang='lat' dir='ltr'><strong>habet?</strong></span> <span class='ocrx_word' id='word_1_755' title='bbox 2415 3140 2548 3194; x_wconf 88' lang='lat' dir='ltr'><strong>Nutn</strong></span> <span class='ocrx_word' id='word_1_756' title='bbox 2577 3155 2706 3210; x_wconf 86' lang='lat' dir='ltr'><strong>ergo</strong></span> <span class='ocrx_word' id='word_1_757' title='bbox 2726 3140 2871 3195; x_wconf 91' lang='lat' dir='ltr'><strong>solus</strong></span> <span class='ocrx_word' id='word_1_758' title='bbox 2899 3139 3062 3195; x_wconf 86' lang='lat' dir='ltr'><strong>David</strong></span> <span class='ocrx_word' id='word_1_759' title='bbox 3091 3140 3250 3206; x_wconf 92' lang='lat' dir='ltr'><strong>dicit,</strong></span> <span class='ocrx_word' id='word_1_760' title='bbox 3279 3157 3344 3195; x_wconf 91' lang='lat' dir='ltr'><strong>an</strong></span> <span class='ocrx_word' id='word_1_761' title='bbox 3371 3143 3532 3195; x_wconf 89' lang='lat' dir='ltr'><strong>etiam</strong></span> <span class='ocrx_word' id='word_1_762' title='bbox 3569 3141 3757 3196; x_wconf 87' lang='lat' dir='ltr'><strong>Serva-</strong></span> <span class='ocrx_word' id='word_1_763' title='bbox 3785 3127 3789 3130; x_wconf 61' lang='grc'><em>’</em></span> 
     </span>
    </p>
   </div>
   <div class='ocr_carea' id='block_1_94' title="bbox 2183 3233 3760 3304">
    <p class='ocr_par' dir='ltr' id='par_1_94' title="bbox 2183 3233 3760 3304">
     <span class='ocr_line' id='line_1_94' title="bbox 2183 3233 3760 3304; baseline -0.001 -16"><span class='ocrx_word' id='word_1_764' title='bbox 2183 3235 2306 3289; x_wconf 88' lang='lat' dir='ltr'><strong>tor?</strong></span> <span class='ocrx_word' id='word_1_765' title='bbox 2334 3233 2469 3288; x_wconf 86' lang='lat' dir='ltr'><strong>Audi</strong></span> <span class='ocrx_word' id='word_1_766' title='bbox 2493 3235 2664 3304; x_wconf 87' lang='lat' dir='ltr'><strong>ipsum</strong></span> <span class='ocrx_word' id='word_1_767' title='bbox 2691 3233 2953 3289; x_wconf 89' lang='lat' dir='ltr'><strong>dicentem</strong></span> <span class='ocrx_word' id='word_1_768' title='bbox 2978 3250 2993 3286; x_wconf 86' lang='lat'><strong>:</strong></span> <span class='ocrx_word' id='word_1_769' title='bbox 3026 3253 3044 3287; x_wconf 74' lang='grc' dir='ltr'>ι</span> <span class='ocrx_word' id='word_1_770' title='bbox 3074 3234 3208 3288; x_wconf 90' lang='lat' dir='ltr'><strong>Cum</strong></span> <span class='ocrx_word' id='word_1_771' title='bbox 3241 3234 3445 3289; x_wconf 90' lang='lat' dir='ltr'><strong>venerit</strong></span> <span class='ocrx_word' id='word_1_772' title='bbox 3471 3233 3636 3288; x_wconf 78' lang='lat' dir='ltr'><strong>Filius</strong></span> <span class='ocrx_word' id='word_1_773' title='bbox 3665 3233 3760 3287; x_wconf 87' lang='lat' dir='ltr'><strong>ho-</strong></span> 
     </span>
    </p>
   </div>
   <div class='ocr_carea' id='block_1_95' title="bbox 2185 3325 3754 3397">
    <p class='ocr_par' dir='ltr' id='par_1_95' title="bbox 2185 3325 3754 3397">
     <span class='ocr_line' id='line_1_95' title="bbox 2185 3325 3754 3397; baseline -0.002 -15"><span class='ocrx_word' id='word_1_774' title='bbox 2185 3328 2342 3383; x_wconf 91' lang='lat' dir='ltr'><strong>minis</strong></span> <span class='ocrx_word' id='word_1_775' title='bbox 2367 3329 2417 3384; x_wconf 88' lang='lat' dir='ltr'><strong>in</strong></span> <span class='ocrx_word' id='word_1_776' title='bbox 2439 3327 2717 3397; x_wconf 83' lang='lat' dir='ltr'><strong>majestate</strong></span> <span class='ocrx_word' id='word_1_777' title='bbox 2745 3342 2862 3393; x_wconf 80' lang='lat' dir='ltr'><strong>sua,</strong></span> <span class='ocrx_word' id='word_1_778' title='bbox 2895 3328 3068 3381; x_wconf 88' lang='lat' dir='ltr'><strong>mittet</strong></span> <span class='ocrx_word' id='word_1_779' title='bbox 3090 3327 3308 3397; x_wconf 84' lang='lat' dir='ltr'><strong>angelos</strong></span> <span class='ocrx_word' id='word_1_780' title='bbox 3337 3342 3464 3380; x_wconf 91' lang='lat' dir='ltr'><strong>suos</strong></span> <span class='ocrx_word' id='word_1_781' title='bbox 3488 3341 3608 3381; x_wconf 87' lang='lat' dir='ltr'><strong>cum</strong></span> <span class='ocrx_word' id='word_1_782' title='bbox 3641 3325 3754 3380; x_wconf 86' lang='lat' dir='ltr'><strong>tuba</strong></span> 
     </span>
    </p>
   </div>
   <div class='ocr_carea' id='block_1_96' title="bbox 2180 3419 3756 3491">
    <p class='ocr_par' dir='ltr' id='par_1_96' title="bbox 2180 3419 3756 3491">
     <span class='ocr_line' id='line_1_96' title="bbox 2180 3419 3756 3491; baseline -0.003 -15"><span class='ocrx_word' id='word_1_783' title='bbox 2180 3431 2235 3476; x_wconf 90' lang='lat' dir='ltr'><strong>et</strong></span> <span class='ocrx_word' id='word_1_784' title='bbox 2261 3436 2393 3482; x_wconf 85' lang='lat' dir='ltr'><strong>voce</strong></span> <span class='ocrx_word' id='word_1_785' title='bbox 2415 3435 2602 3491; x_wconf 84' lang='lat' dir='ltr'><strong>magna</strong></span> <span class='ocrx_word' id='word_1_786' title='bbox 2622 3461 2637 3486; x_wconf 92' lang='lat'><strong>,</strong></span> <span class='ocrx_word' id='word_1_787' title='bbox 2673 3431 2728 3475; x_wconf 93' lang='lat' dir='ltr'><strong>et</strong></span> <span class='ocrx_word' id='word_1_788' title='bbox 2751 3420 3146 3490; x_wconf 83' lang='lat' dir='ltr'><strong>congregabunt</strong></span> <span class='ocrx_word' id='word_1_789' title='bbox 3170 3420 3370 3474; x_wconf 89' lang='lat' dir='ltr'><strong>electos</strong></span> <span class='ocrx_word' id='word_1_790' title='bbox 3395 3419 3510 3489; x_wconf 86' lang='lat' dir='ltr'><strong>ejus</strong></span> <span class='ocrx_word' id='word_1_791' title='bbox 3544 3436 3576 3474; x_wconf 86' lang='lat' dir='ltr'><strong>a</strong></span> <span class='ocrx_word' id='word_1_792' title='bbox 3614 3434 3756 3472; x_wconf 83' lang='lat' dir='ltr'><strong>sunt-</strong></span> 
     </span>
    </p>
   </div>
   <div class='ocr_carea' id='block_1_97' title="bbox 2180 3509 3751 3584">
    <p class='ocr_par' dir='ltr' id='par_1_97' title="bbox 2180 3509 3751 3584">
     <span class='ocr_line' id='line_1_97' title="bbox 2180 3509 3751 3584; baseline -0.004 -16"><span class='ocrx_word' id='word_1_793' title='bbox 2180 3530 2268 3569; x_wconf 89' lang='lat' dir='ltr'><strong>mo</strong></span> <span class='ocrx_word' id='word_1_794' title='bbox 2296 3516 2428 3569; x_wconf 68' lang='lat' dir='ltr'><strong>cmlo</strong></span> <span class='ocrx_word' id='word_1_795' title='bbox 2459 3528 2623 3584; x_wconf 86' lang='lat' dir='ltr'><strong>usque</strong></span> <span class='ocrx_word' id='word_1_796' title='bbox 2648 3513 2714 3567; x_wconf 88' lang='lat' dir='ltr'><strong>ad</strong></span> <span class='ocrx_word' id='word_1_797' title='bbox 2740 3527 3005 3567; x_wconf 89' lang='lat' dir='ltr'><strong>summum</strong></span> <span class='ocrx_word' id='word_1_798' title='bbox 3034 3511 3222 3565; x_wconf 61' lang='lat' dir='ltr'><strong>caelum</strong></span> <span class='ocrx_word' id='word_1_799' title='bbox 3246 3509 3493 3581; x_wconf 70' lang='lat' dir='ltr'><strong>i(Matth.</strong></span> <span class='ocrx_word' id='word_1_800' title='bbox 3524 3510 3615 3565; x_wconf 60' lang='grc' dir='ltr'><strong>Ἡ.</strong></span> <span class='ocrx_word' id='word_1_801' title='bbox 3646 3510 3751 3582; x_wconf 84' lang='grc'><strong>51).</strong></span> 
     </span>
    </p>
   </div>
   <div class='ocr_carea' id='block_1_98' title="bbox 2252 3605 3755 3676">
    <p class='ocr_par' dir='ltr' id='par_1_98' title="bbox 2252 3605 3755 3676">
     <span class='ocr_line' id='line_1_98' title="bbox 2252 3605 3755 3676; baseline -0.005 -10"><span class='ocrx_word' id='word_1_802' title='bbox 2252 3611 2307 3666; x_wconf 86' lang='grc'><strong>5.</strong></span> <span class='ocrx_word' id='word_1_803' title='bbox 2339 3607 2526 3662; x_wconf 82' lang='lat' dir='ltr'><strong>Futilis</strong></span> <span class='ocrx_word' id='word_1_804' title='bbox 2548 3605 2808 3661; x_wconf 80' lang='lat' dir='ltr'><strong>Seueriani</strong></span> <span class='ocrx_word' id='word_1_805' title='bbox 2830 3605 3125 3674; x_wconf 77' lang='lat' dir='ltr'><strong>sphwricam</strong></span> <span class='ocrx_word' id='word_1_806' title='bbox 3144 3605 3277 3658; x_wconf 84' lang='lat' dir='ltr'><strong>orbis</strong></span> <span class='ocrx_word' id='word_1_807' title='bbox 3298 3609 3515 3674; x_wconf 77' lang='lat' dir='ltr'><strong>formam</strong></span> <span class='ocrx_word' id='word_1_808' title='bbox 3534 3605 3755 3676; x_wconf 86' lang='lat' dir='ltr'><strong>negantis</strong></span> 
     </span>
    </p>
   </div>
   <div class='ocr_carea' id='block_1_99' title="bbox 2178 3697 3753 3771">
    <p class='ocr_par' dir='ltr' id='par_1_99' title="bbox 2178 3697 3753 3771">
     <span class='ocr_line' id='line_1_99' title="bbox 2178 3697 3753 3771; baseline -0.003 -15"><span class='ocrx_word' id='word_1_809' title='bbox 2178 3701 2371 3771; x_wconf 79' lang='lat' dir='ltr'><strong>Opinio.</strong></span> <span class='ocrx_word' id='word_1_810' title='bbox 2421 3731 2493 3740; x_wconf 89' lang='lat'><strong>—</strong></span> <span class='ocrx_word' id='word_1_811' title='bbox 2529 3699 2825 3766; x_wconf 69' lang='lat' dir='ltr'><strong>Qumrimus</strong></span> <span class='ocrx_word' id='word_1_812' title='bbox 2870 3707 3047 3752; x_wconf 89' lang='lat' dir='ltr'><strong>autem</strong></span> <span class='ocrx_word' id='word_1_813' title='bbox 3113 3697 3200 3751; x_wconf 91' lang='lat' dir='ltr'><strong>ubi</strong></span> <span class='ocrx_word' id='word_1_814' title='bbox 3266 3697 3347 3752; x_wconf 88' lang='lat' dir='ltr'><strong>sol</strong></span> <span class='ocrx_word' id='word_1_815' title='bbox 3391 3697 3639 3764; x_wconf 84' lang='lat' dir='ltr'><strong>occidat,</strong></span> <span class='ocrx_word' id='word_1_816' title='bbox 3702 3707 3753 3752; x_wconf 93' lang='lat' dir='ltr'><strong>et</strong></span> 
     </span>
    </p>
   </div>
   <div class='ocr_carea' id='block_1_100' title="bbox 2179 3791 3755 3856">
    <p class='ocr_par' dir='ltr' id='par_1_100' title="bbox 2179 3791 3755 3856">
     <span class='ocr_line' id='line_1_100' title="bbox 2179 3791 3755 3856; baseline -0.004 -6"><span class='ocrx_word' id='word_1_817' title='bbox 2179 3796 2265 3851; x_wconf 89' lang='lat' dir='ltr'><strong>ubi</strong></span> <span class='ocrx_word' id='word_1_818' title='bbox 2293 3804 2454 3850; x_wconf 90' lang='lat' dir='ltr'><strong>noctu</strong></span> <span class='ocrx_word' id='word_1_819' title='bbox 2479 3802 2677 3848; x_wconf 92' lang='lat' dir='ltr'><strong>currat.</strong></span> <span class='ocrx_word' id='word_1_820' title='bbox 2721 3791 3028 3848; x_wconf 90' lang='lat' dir='ltr'><strong>Secundum</strong></span> <span class='ocrx_word' id='word_1_821' title='bbox 3073 3799 3287 3845; x_wconf 86' lang='lat' dir='ltr'><strong>exteros</strong></span> <span class='ocrx_word' id='word_1_822' title='bbox 3327 3791 3426 3846; x_wconf 91' lang='lat' dir='ltr'><strong>sub</strong></span> <span class='ocrx_word' id='word_1_823' title='bbox 3475 3799 3647 3856; x_wconf 87' lang='lat' dir='ltr'><strong>terra;</strong></span> <span class='ocrx_word' id='word_1_824' title='bbox 3673 3805 3755 3845; x_wconf 88' lang='lat' dir='ltr'><strong>se-</strong></span> 
     </span>
    </p>
   </div>
   <div class='ocr_carea' id='block_1_101' title="bbox 2177 3883 3754 3953">
    <p class='ocr_par' dir='ltr' id='par_1_101' title="bbox 2177 3883 3754 3953">
     <span class='ocr_line' id='line_1_101' title="bbox 2177 3883 3754 3953; baseline -0.003 -12"><span class='ocrx_word' id='word_1_825' title='bbox 2177 3886 2408 3941; x_wconf 88' lang='lat' dir='ltr'><strong>cundum</strong></span> <span class='ocrx_word' id='word_1_826' title='bbox 2460 3900 2558 3941; x_wconf 92' lang='lat' dir='ltr'><strong>nos</strong></span> <span class='ocrx_word' id='word_1_827' title='bbox 2600 3893 2816 3948; x_wconf 87' lang='lat' dir='ltr'><strong>autem,</strong></span> <span class='ocrx_word' id='word_1_828' title='bbox 2845 3883 2934 3953; x_wconf 90' lang='lat' dir='ltr'><strong>qui</strong></span> <span class='ocrx_word' id='word_1_829' title='bbox 2981 3883 3169 3938; x_wconf 68' lang='lat' dir='ltr'><strong>cazlum</strong></span> <span class='ocrx_word' id='word_1_830' title='bbox 3215 3883 3613 3938; x_wconf 89' lang='lat' dir='ltr'><strong>tabernaculum</strong></span> <span class='ocrx_word' id='word_1_831' title='bbox 3639 3896 3754 3937; x_wconf 87' lang='lat' dir='ltr'><strong>esse</strong></span> 
     </span>
    </p>
   </div>
   <div class='ocr_carea' id='block_1_102' title="bbox 2176 3979 3754 4050">
    <p class='ocr_par' dir='ltr' id='par_1_102' title="bbox 2176 3979 3754 4050">
     <span class='ocr_line' id='line_1_102' title="bbox 2176 3979 3754 4050; baseline -0.003 -14"><span class='ocrx_word' id='word_1_832' title='bbox 2176 3982 2400 4036; x_wconf 87' lang='lat' dir='ltr'><strong>dicimus</strong></span> <span class='ocrx_word' id='word_1_833' title='bbox 2418 4023 2433 4046; x_wconf 98' lang='lat'><strong>,</strong></span> <span class='ocrx_word' id='word_1_834' title='bbox 2461 3980 2754 4050; x_wconf 89' lang='lat' dir='ltr'><strong>quidnam?</strong></span> <span class='ocrx_word' id='word_1_835' title='bbox 2792 3981 3043 4034; x_wconf 85' lang='lat' dir='ltr'><strong>Animum</strong></span> <span class='ocrx_word' id='word_1_836' title='bbox 3063 3979 3275 4045; x_wconf 89' lang='lat' dir='ltr'><strong>adhibe,</strong></span> <span class='ocrx_word' id='word_1_837' title='bbox 3307 3993 3508 4048; x_wconf 71' lang='lat' dir='ltr'><strong>qttmso,</strong></span> <span class='ocrx_word' id='word_1_838' title='bbox 3539 3992 3663 4032; x_wconf 90' lang='lat' dir='ltr'><strong>num</strong></span> <span class='ocrx_word' id='word_1_839' title='bbox 3688 3979 3754 4033; x_wconf 92' lang='lat' dir='ltr'><strong>sit</strong></span> 
     </span>
    </p>
   </div>
   <div class='ocr_carea' id='block_1_103' title="bbox 2177 4069 3749 4141">
    <p class='ocr_par' dir='ltr' id='par_1_103' title="bbox 2177 4069 3749 4141">
     <span class='ocr_line' id='line_1_103' title="bbox 2177 4069 3749 4141; baseline -0.001 -16"><span class='ocrx_word' id='word_1_840' title='bbox 2177 4073 2306 4128; x_wconf 87' lang='lat' dir='ltr'><strong>falsa</strong></span> <span class='ocrx_word' id='word_1_841' title='bbox 2349 4071 2655 4126; x_wconf 89' lang='lat' dir='ltr'><strong>sententia:</strong></span> <span class='ocrx_word' id='word_1_842' title='bbox 2687 4071 2780 4126; x_wconf 91' lang='lat' dir='ltr'><strong>sed</strong></span> <span class='ocrx_word' id='word_1_843' title='bbox 2806 4071 2850 4126; x_wconf 88' lang='lat' dir='ltr'><strong>si</strong></span> <span class='ocrx_word' id='word_1_844' title='bbox 2903 4069 3099 4126; x_wconf 89' lang='lat' dir='ltr'><strong>habeas</strong></span> <span class='ocrx_word' id='word_1_845' title='bbox 3143 4071 3472 4141; x_wconf 80' lang='lat' dir='ltr'><strong>signaculum</strong></span> <span class='ocrx_word' id='word_1_846' title='bbox 3513 4070 3749 4125; x_wconf 86' lang='lat' dir='ltr'><strong>veritatis</strong></span> 
     </span>
    </p>
   </div>
   <div class='ocr_carea' id='block_1_104' title="bbox 2177 4161 3750 4232">
    <p class='ocr_par' dir='ltr' id='par_1_104' title="bbox 2177 4161 3750 4232">
     <span class='ocr_line' id='line_1_104' title="bbox 2177 4161 3750 4232; baseline -0.002 -14"><span class='ocrx_word' id='word_1_847' title='bbox 2177 4163 2480 4218; x_wconf 88' lang='lat' dir='ltr'><strong>testimonio</strong></span> <span class='ocrx_word' id='word_1_848' title='bbox 2528 4162 2795 4218; x_wconf 87' lang='lat' dir='ltr'><strong>ﬁrmatum</strong></span> <span class='ocrx_word' id='word_1_849' title='bbox 2821 4204 2837 4230; x_wconf 92' lang='lat'><strong>,</strong></span> <span class='ocrx_word' id='word_1_850' title='bbox 2887 4163 3161 4218; x_wconf 91' lang='lat' dir='ltr'><strong>concurrit</strong></span> <span class='ocrx_word' id='word_1_851' title='bbox 3200 4177 3321 4217; x_wconf 92' lang='lat' dir='ltr'><strong>cum</strong></span> <span class='ocrx_word' id='word_1_852' title='bbox 3367 4161 3551 4232; x_wconf 87' lang='lat' dir='ltr'><strong>phrasi</strong></span> <span class='ocrx_word' id='word_1_853' title='bbox 3592 4170 3647 4218; x_wconf 90' lang='lat' dir='ltr'><strong>et</strong></span> <span class='ocrx_word' id='word_1_854' title='bbox 3670 4161 3750 4216; x_wconf 90' lang='lat' dir='ltr'><strong>lo-</strong></span> 
     </span>
    </p>
   </div>
   <div class='ocr_carea' id='block_1_105' title="bbox 2173 4254 3751 4327">
    <p class='ocr_par' dir='ltr' id='par_1_105' title="bbox 2173 4254 3751 4327">
     <span class='ocr_line' id='line_1_105' title="bbox 2173 4254 3751 4327; baseline 0 -17"><span class='ocrx_word' id='word_1_855' title='bbox 2173 4271 2290 4311; x_wconf 86' lang='lat' dir='ltr'><strong>cus.</strong></span> <span class='ocrx_word' id='word_1_856' title='bbox 2336 4256 2519 4327; x_wconf 82' lang='lat' dir='ltr'><strong>Cogita</strong></span> <span class='ocrx_word' id='word_1_857' title='bbox 2560 4257 2945 4326; x_wconf 91' lang='lat' dir='ltr'><strong>supcrpositam</strong></span> <span class='ocrx_word' id='word_1_858' title='bbox 2991 4255 3260 4320; x_wconf 82' lang='lat' dir='ltr'><strong>fornicem</strong></span> <span class='ocrx_word' id='word_1_859' title='bbox 3307 4256 3401 4326; x_wconf 75' lang='grc' dir='ltr'><strong>(ὁ).</strong></span> <span class='ocrx_word' id='word_1_860' title='bbox 3446 4254 3638 4310; x_wconf 88' lang='lat' dir='ltr'><strong>Oriens</strong></span> <span class='ocrx_word' id='word_1_861' title='bbox 3665 4254 3751 4310; x_wconf 87' lang='lat' dir='ltr'><strong>hic</strong></span> 
     </span>
    </p>
   </div>
   <div class='ocr_carea' id='block_1_106' title="bbox 2173 4346 3749 4420">
    <p class='ocr_par' dir='ltr' id='par_1_106' title="bbox 2173 4346 3749 4420">
     <span class='ocr_line' id='line_1_106' title="bbox 2173 4346 3749 4420; baseline -0.003 -15"><span class='ocrx_word' id='word_1_862' title='bbox 2173 4359 2289 4416; x_wconf 88' lang='lat' dir='ltr'><strong>est,</strong></span> <span class='ocrx_word' id='word_1_863' title='bbox 2319 4359 2377 4404; x_wconf 90' lang='lat' dir='ltr'><strong>ut</strong></span> <span class='ocrx_word' id='word_1_864' title='bbox 2407 4352 2571 4420; x_wconf 86' lang='lat' dir='ltr'><strong>ﬁgura</strong></span> <span class='ocrx_word' id='word_1_865' title='bbox 2601 4349 2952 4419; x_wconf 76' lang='lat' dir='ltr'><strong>exprimitur:</strong></span> <span class='ocrx_word' id='word_1_866' title='bbox 3001 4348 3295 4419; x_wconf 88' lang='lat' dir='ltr'><strong>septentrio</strong></span> <span class='ocrx_word' id='word_1_867' title='bbox 3321 4363 3449 4404; x_wconf 86' lang='lat' dir='ltr'><strong>vero</strong></span> <span class='ocrx_word' id='word_1_868' title='bbox 3504 4346 3615 4402; x_wconf 89' lang='lat' dir='ltr'><strong>illic</strong></span> <span class='ocrx_word' id='word_1_869' title='bbox 3635 4389 3652 4414; x_wconf 93' lang='lat'><strong>,</strong></span> <span class='ocrx_word' id='word_1_870' title='bbox 3680 4362 3749 4403; x_wconf 79' lang='lat' dir='ltr'><strong>ex</strong></span> 
     </span>
    </p>
   </div>
   <div class='ocr_carea' id='block_1_107' title="bbox 2177 4433 3752 4513">
    <p class='ocr_par' dir='ltr' id='par_1_107' title="bbox 2177 4433 3752 4513">
     <span class='ocr_line' id='line_1_107' title="bbox 2177 4433 3752 4513; baseline -0.001 -17"><span class='ocrx_word' id='word_1_871' title='bbox 2177 4433 2426 4513; x_wconf 84' lang='lat' dir='ltr'><strong>opposito</strong></span> <span class='ocrx_word' id='word_1_872' title='bbox 2453 4441 2703 4497; x_wconf 89' lang='lat' dir='ltr'><strong>meridies</strong></span> <span class='ocrx_word' id='word_1_873' title='bbox 2726 4483 2741 4502; x_wconf 87' lang='lat'><strong>.</strong></span> <span class='ocrx_word' id='word_1_874' title='bbox 2774 4442 2883 4496; x_wconf 89' lang='lat' dir='ltr'><strong>illic</strong></span> <span class='ocrx_word' id='word_1_875' title='bbox 2924 4441 3198 4496; x_wconf 90' lang='lat' dir='ltr'><strong>occidens.</strong></span> <span class='ocrx_word' id='word_1_876' title='bbox 3225 4439 3322 4495; x_wconf 88' lang='lat' dir='ltr'><strong>Sol</strong></span> <span class='ocrx_word' id='word_1_877' title='bbox 3348 4439 3530 4494; x_wconf 90' lang='lat' dir='ltr'><strong>oriens</strong></span> <span class='ocrx_word' id='word_1_878' title='bbox 3550 4454 3672 4494; x_wconf 87' lang='lat' dir='ltr'><strong>cum</strong></span> <span class='ocrx_word' id='word_1_879' title='bbox 3699 4439 3752 4494; x_wconf 80' lang='lat' dir='ltr'><strong>iu</strong></span> 
     </span>
    </p>
   </div>
   <div class='ocr_carea' id='block_1_108' title="bbox 2171 4529 3749 4605">
    <p class='ocr_par' dir='ltr' id='par_1_108' title="bbox 2171 4529 3749 4605">
     <span class='ocr_line' id='line_1_108' title="bbox 2171 4529 3749 4605; baseline -0.005 -13"><span class='ocrx_word' id='word_1_880' title='bbox 2171 4551 2420 4592; x_wconf 89' lang='lat' dir='ltr'><strong>occasum</strong></span> <span class='ocrx_word' id='word_1_881' title='bbox 2451 4535 2618 4605; x_wconf 86' lang='lat' dir='ltr'><strong>vergit</strong></span> <span class='ocrx_word' id='word_1_882' title='bbox 2637 4576 2652 4600; x_wconf 97' lang='lat'><strong>,</strong></span> <span class='ocrx_word' id='word_1_883' title='bbox 2678 4550 2780 4588; x_wconf 91' lang='lat' dir='ltr'><strong>non</strong></span> <span class='ocrx_word' id='word_1_884' title='bbox 2823 4532 2922 4588; x_wconf 91' lang='lat' dir='ltr'><strong>sub</strong></span> <span class='ocrx_word' id='word_1_885' title='bbox 2951 4541 3094 4587; x_wconf 85' lang='lat' dir='ltr'><strong>terra</strong></span> <span class='ocrx_word' id='word_1_886' title='bbox 3121 4531 3349 4597; x_wconf 89' lang='lat' dir='ltr'><strong>occidit,</strong></span> <span class='ocrx_word' id='word_1_887' title='bbox 3387 4529 3482 4585; x_wconf 90' lang='lat' dir='ltr'><strong>sed</strong></span> <span class='ocrx_word' id='word_1_888' title='bbox 3503 4545 3749 4601; x_wconf 84' lang='lat' dir='ltr'><strong>egressus</strong></span> 
     </span>
    </p>
   </div>
   <div class='ocr_carea' id='block_1_109' title="bbox 2172 4625 3753 4698">
    <p class='ocr_par' dir='ltr' id='par_1_109' title="bbox 2172 4625 3753 4698">
     <span class='ocr_line' id='line_1_109' title="bbox 2172 4625 3753 4698; baseline -0.005 -12"><span class='ocrx_word' id='word_1_889' title='bbox 2172 4631 2240 4686; x_wconf 82' lang='lat' dir='ltr'><strong>ad</strong></span> <span class='ocrx_word' id='word_1_890' title='bbox 2265 4631 2381 4686; x_wconf 69' lang='grc' dir='ltr'><strong>εωιί</strong></span> <span class='ocrx_word' id='word_1_891' title='bbox 2405 4629 2537 4684; x_wconf 91' lang='lat' dir='ltr'><strong>ﬁnes</strong></span> <span class='ocrx_word' id='word_1_892' title='bbox 2561 4671 2575 4693; x_wconf 95' lang='lat'><strong>,</strong></span> <span class='ocrx_word' id='word_1_893' title='bbox 2607 4637 2784 4698; x_wconf 88' lang='lat' dir='ltr'><strong>partes</strong></span> <span class='ocrx_word' id='word_1_894' title='bbox 2804 4626 3047 4681; x_wconf 88' lang='lat' dir='ltr'><strong>boreales</strong></span> <span class='ocrx_word' id='word_1_895' title='bbox 3091 4625 3388 4696; x_wconf 90' lang='lat' dir='ltr'><strong>percurrit,</strong></span> <span class='ocrx_word' id='word_1_896' title='bbox 3419 4626 3572 4695; x_wconf 83' lang='lat' dir='ltr'><strong>quasi</strong></span> <span class='ocrx_word' id='word_1_897' title='bbox 3602 4638 3753 4679; x_wconf 86' lang='lat' dir='ltr'><strong>muro</strong></span> 
     </span>
    </p>
   </div>
   <div class='ocr_carea' id='block_1_110' title="bbox 2171 4718 3750 4796">
    <p class='ocr_par' dir='ltr' id='par_1_110' title="bbox 2171 4718 3750 4796">
     <span class='ocr_line' id='line_1_110' title="bbox 2171 4718 3750 4796; baseline -0.004 -18"><span class='ocrx_word' id='word_1_898' title='bbox 2171 4725 2402 4796; x_wconf 89' lang='lat' dir='ltr'><strong>quodam</strong></span> <span class='ocrx_word' id='word_1_899' title='bbox 2430 4723 2745 4786; x_wconf 90' lang='lat' dir='ltr'><strong>occultatus,</strong></span> <span class='ocrx_word' id='word_1_900' title='bbox 2775 4721 2926 4790; x_wconf 77' lang='lat' dir='ltr'><strong>aquis</strong></span> <span class='ocrx_word' id='word_1_901' title='bbox 2952 4735 3057 4773; x_wconf 92' lang='lat' dir='ltr'><strong>non</strong></span> <span class='ocrx_word' id='word_1_902' title='bbox 3084 4718 3386 4773; x_wconf 89' lang='lat' dir='ltr'><strong>sinentibus</strong></span> <span class='ocrx_word' id='word_1_903' title='bbox 3408 4729 3466 4772; x_wconf 92' lang='lat' dir='ltr'><strong>ut</strong></span> <span class='ocrx_word' id='word_1_904' title='bbox 3491 4719 3608 4786; x_wconf 71' lang='lat' dir='ltr'><strong>eius</strong></span> <span class='ocrx_word' id='word_1_905' title='bbox 3627 4733 3750 4772; x_wconf 42' lang='lat' dir='ltr'><strong>cure</strong></span> 
     </span>
    </p>
   </div>
   <div class='ocr_carea' id='block_1_111' title="bbox 2173 4809 3749 4888">
    <p class='ocr_par' dir='ltr' id='par_1_111' title="bbox 2173 4809 3749 4888">
     <span class='ocr_line' id='line_1_111' title="bbox 2173 4809 3749 4888; baseline -0.006 -15"><span class='ocrx_word' id='word_1_906' title='bbox 2173 4834 2267 4873; x_wconf 91' lang='lat' dir='ltr'><strong>sus</strong></span> <span class='ocrx_word' id='word_1_907' title='bbox 2314 4825 2603 4888; x_wconf 88' lang='lat' dir='ltr'><strong>appareat,</strong></span> <span class='ocrx_word' id='word_1_908' title='bbox 2635 4816 2910 4884; x_wconf 90' lang='lat' dir='ltr'><strong>curritque</strong></span> <span class='ocrx_word' id='word_1_909' title='bbox 2951 4827 3049 4883; x_wconf 87' lang='lat' dir='ltr'><strong>per</strong></span> <span class='ocrx_word' id='word_1_910' title='bbox 3077 4821 3255 4882; x_wconf 89' lang='lat' dir='ltr'><strong>partes</strong></span> <span class='ocrx_word' id='word_1_911' title='bbox 3296 4811 3576 4876; x_wconf 85' lang='lat' dir='ltr'><strong>boreales,</strong></span> <span class='ocrx_word' id='word_1_912' title='bbox 3604 4819 3659 4864; x_wconf 92' lang='lat' dir='ltr'><strong>et</strong></span> <span class='ocrx_word' id='word_1_913' title='bbox 3685 4809 3749 4864; x_wconf 90' lang='lat' dir='ltr'><strong>ad</strong></span> 
     </span>
    </p>
   </div>
   <div class='ocr_carea' id='block_1_112' title="bbox 2172 4904 3749 4976">
    <p class='ocr_par' dir='ltr' id='par_1_112' title="bbox 2172 4904 3749 4976">
     <span class='ocr_line' id='line_1_112' title="bbox 2172 4904 3749 4976; baseline -0.008 -8"><span class='ocrx_word' id='word_1_914' title='bbox 2172 4917 2433 4970; x_wconf 87' lang='lat' dir='ltr'><strong>orientem</strong></span> <span class='ocrx_word' id='word_1_915' title='bbox 2458 4911 2621 4965; x_wconf 84' lang='lat' dir='ltr'><strong>venit.</strong></span> <span class='ocrx_word' id='word_1_916' title='bbox 2663 4907 2940 4964; x_wconf 87' lang='lat' dir='ltr'><strong>Undenam</strong></span> <span class='ocrx_word' id='word_1_917' title='bbox 2967 4907 3069 4961; x_wconf 91' lang='lat' dir='ltr'><strong>hoc</strong></span> <span class='ocrx_word' id='word_1_918' title='bbox 3093 4907 3265 4976; x_wconf 88' lang='lat' dir='ltr'><strong>palam</strong></span> <span class='ocrx_word' id='word_1_919' title='bbox 3293 4905 3418 4962; x_wconf 87' lang='lat' dir='ltr'><strong>est?</strong></span> <span class='ocrx_word' id='word_1_920' title='bbox 3443 4906 3535 4959; x_wconf 79' lang='lat' dir='ltr'><strong>Ait</strong></span> <span class='ocrx_word' id='word_1_921' title='bbox 3565 4904 3749 4960; x_wconf 87' lang='lat' dir='ltr'><strong>beatus</strong></span> 
     </span>
    </p>
   </div>
   <div class='ocr_carea' id='block_1_113' title="bbox 2173 4996 3748 5071">
    <p class='ocr_par' dir='ltr' id='par_1_113' title="bbox 2173 4996 3748 5071">
     <span class='ocr_line' id='line_1_113' title="bbox 2173 4996 3748 5071; baseline -0.01 -7"><span class='ocrx_word' id='word_1_922' title='bbox 2173 5011 2428 5064; x_wconf 89' lang='lat' dir='ltr'><strong>Salomon</strong></span> <span class='ocrx_word' id='word_1_923' title='bbox 2467 5006 2518 5060; x_wconf 93' lang='lat' dir='ltr'><strong>in</strong></span> <span class='ocrx_word' id='word_1_924' title='bbox 2546 5003 2901 5064; x_wconf 84' lang='lat' dir='ltr'><strong>Ecclesiaste,</strong></span> <span class='ocrx_word' id='word_1_925' title='bbox 2935 5015 3055 5071; x_wconf 78' lang='lat' dir='ltr'><strong>quae</strong></span> <span class='ocrx_word' id='word_1_926' title='bbox 3089 5008 3174 5054; x_wconf 87' lang='lat' dir='ltr'><strong>est</strong></span> <span class='ocrx_word' id='word_1_927' title='bbox 3201 4999 3464 5069; x_wconf 85' lang='lat' dir='ltr'><strong>scriptura</strong></span> <span class='ocrx_word' id='word_1_928' title='bbox 3493 5007 3654 5053; x_wconf 79' lang='lat' dir='ltr'><strong>certze</strong></span> <span class='ocrx_word' id='word_1_929' title='bbox 3685 4996 3748 5049; x_wconf 83' lang='lat' dir='ltr'><strong>ﬁ-</strong></span> 
     </span>
    </p>
   </div>
   <div class='ocr_carea' id='block_1_114' title="bbox 2171 5091 3750 5169">
    <p class='ocr_par' dir='ltr' id='par_1_114' title="bbox 2171 5091 3750 5169">
     <span class='ocr_line' id='line_1_114' title="bbox 2171 5091 3750 5169; baseline -0.01 -11"><span class='ocrx_word' id='word_1_930' title='bbox 2171 5103 2296 5169; x_wconf 91' lang='lat' dir='ltr'><strong>dei,</strong></span> <span class='ocrx_word' id='word_1_931' title='bbox 2354 5115 2460 5154; x_wconf 87' lang='lat' dir='ltr'><strong>non</strong></span> <span class='ocrx_word' id='word_1_932' title='bbox 2508 5097 2801 5153; x_wconf 87' lang='lat' dir='ltr'><strong>adulterata</strong></span> <span class='ocrx_word' id='word_1_933' title='bbox 2833 5113 2844 5147; x_wconf 93' lang='lat'><strong>:</strong></span> <span class='ocrx_word' id='word_1_934' title='bbox 2879 5094 3094 5160; x_wconf 73' lang='lat' dir='ltr'><strong>Oritur,</strong></span> <span class='ocrx_word' id='word_1_935' title='bbox 3125 5092 3334 5164; x_wconf 91' lang='lat' dir='ltr'><strong>inquit,</strong></span> <span class='ocrx_word' id='word_1_936' title='bbox 3360 5093 3437 5148; x_wconf 83' lang='lat' dir='ltr'><strong>sol</strong></span> <span class='ocrx_word' id='word_1_937' title='bbox 3457 5134 3472 5158; x_wconf 91' lang='lat'><strong>,</strong></span> <span class='ocrx_word' id='word_1_938' title='bbox 3499 5102 3548 5146; x_wconf 85' lang='lat' dir='ltr'><strong>et</strong></span> <span class='ocrx_word' id='word_1_939' title='bbox 3570 5091 3750 5145; x_wconf 85' lang='lat' dir='ltr'><strong>occidit</strong></span> 
     </span>
    </p>
   </div>
   <div class='ocr_carea' id='block_1_115' title="bbox 2171 5184 3744 5261">
    <p class='ocr_par' dir='ltr' id='par_1_115' title="bbox 2171 5184 3744 5261">
     <span class='ocr_line' id='line_1_115' title="bbox 2171 5184 3744 5261; baseline -0.007 -13"><span class='ocrx_word' id='word_1_940' title='bbox 2171 5196 2267 5248; x_wconf 86' lang='lat' dir='ltr'><strong>sol.</strong></span> <span class='ocrx_word' id='word_1_941' title='bbox 2311 5192 2491 5246; x_wconf 86' lang='lat' dir='ltr'><strong>Oriens</strong></span> <span class='ocrx_word' id='word_1_942' title='bbox 2535 5190 2697 5261; x_wconf 82' lang='lat' dir='ltr'><strong>pergit</strong></span> <span class='ocrx_word' id='word_1_943' title='bbox 2736 5189 2805 5242; x_wconf 85' lang='lat' dir='ltr'><strong>ad</strong></span> <span class='ocrx_word' id='word_1_944' title='bbox 2830 5200 3090 5251; x_wconf 81' lang='lat' dir='ltr'><strong>austrum,</strong></span> <span class='ocrx_word' id='word_1_945' title='bbox 3123 5196 3169 5240; x_wconf 89' lang='lat' dir='ltr'><strong>et</strong></span> <span class='ocrx_word' id='word_1_946' title='bbox 3195 5187 3375 5238; x_wconf 82' lang='lat' dir='ltr'><strong>circuit</strong></span> <span class='ocrx_word' id='word_1_947' title='bbox 3403 5186 3472 5238; x_wconf 87' lang='lat' dir='ltr'><strong>ad</strong></span> <span class='ocrx_word' id='word_1_948' title='bbox 3512 5184 3744 5238; x_wconf 79' lang='lat' dir='ltr'><strong>boream:</strong></span> 
     </span>
    </p>
   </div>
   <div class='ocr_carea' id='block_1_116' title="bbox 2172 5275 3742 5347">
    <p class='ocr_par' dir='ltr' id='par_1_116' title="bbox 2172 5275 3742 5347">
     <span class='ocr_line' id='line_1_116' title="bbox 2172 5275 3742 5347; baseline -0.01 -7"><span class='ocrx_word' id='word_1_949' title='bbox 2172 5287 2347 5340; x_wconf 87' lang='lat' dir='ltr'><strong>circuit</strong></span> <span class='ocrx_word' id='word_1_950' title='bbox 2374 5281 2729 5336; x_wconf 85' lang='lat' dir='ltr'><strong>circumeundo</strong></span> <span class='ocrx_word' id='word_1_951' title='bbox 2749 5323 2764 5347; x_wconf 97' lang='lat'><strong>,</strong></span> <span class='ocrx_word' id='word_1_952' title='bbox 2793 5290 2838 5334; x_wconf 86' lang='lat' dir='ltr'><strong>et</strong></span> <span class='ocrx_word' id='word_1_953' title='bbox 2859 5281 2913 5334; x_wconf 87' lang='lat' dir='ltr'><strong>in</strong></span> <span class='ocrx_word' id='word_1_954' title='bbox 2940 5281 3050 5334; x_wconf 84' lang='lat' dir='ltr'><strong>loco</strong></span> <span class='ocrx_word' id='word_1_955' title='bbox 3073 5295 3165 5334; x_wconf 77' lang='lat' dir='ltr'><strong>suo</strong></span> <span class='ocrx_word' id='word_1_956' title='bbox 3203 5279 3363 5332; x_wconf 77' lang='lat' dir='ltr'><strong>oritur</strong></span> <span class='ocrx_word' id='word_1_957' title='bbox 3383 5275 3582 5344; x_wconf 82' lang='lat' dir='ltr'><strong>(Eccle.</strong></span> <span class='ocrx_word' id='word_1_958' title='bbox 3601 5277 3654 5332; x_wconf 91' lang='grc'><strong>1.</strong></span> <span class='ocrx_word' id='word_1_959' title='bbox 3671 5279 3742 5347; x_wconf 86' lang='grc'><strong>5).</strong></span> 
     </span>
    </p>
   </div>
   <div class='ocr_carea' id='block_1_117' title="bbox 2235 5433 3208 5545">
    <p class='ocr_par' dir='ltr' id='par_1_117' title="bbox 2235 5433 3208 5545">
     <span class='ocr_line' id='line_1_117' title="bbox 2235 5433 3208 5545; baseline -0.006 -57"><span class='ocrx_word' id='word_1_960' title='bbox 2235 5441 2310 5545; x_wconf 51' lang='lat' dir='ltr'><strong>sa)</strong></span> <span class='ocrx_word' id='word_1_961' title='bbox 2341 5437 2466 5488; x_wconf 81' lang='lat' dir='ltr'><strong>Vide</strong></span> <span class='ocrx_word' id='word_1_962' title='bbox 2488 5436 2708 5509; x_wconf 61' lang='lat' dir='ltr'><strong>(Iamnam</strong></span> <span class='ocrx_word' id='word_1_963' title='bbox 2729 5435 3005 5498; x_wconf 64' lang='lat' dir='ltr'><strong>Egyptium</strong></span> <span class='ocrx_word' id='word_1_964' title='bbox 3029 5448 3076 5496; x_wconf 91' lang='lat' dir='ltr'><strong>p.</strong></span> <span class='ocrx_word' id='word_1_965' title='bbox 3101 5433 3208 5483; x_wconf 73' lang='lat'><strong>525.</strong></span> 
     </span>
     <span class='ocr_line' id='line_1_118' title="bbox 2260 5498 3208 5545; baseline 0 0"><span class='ocrx_word' id='word_1_966' title='bbox 2260 5502 2288 5545; x_wconf 86' lang='lat' dir='ltr'><strong><em>b</em></strong></span> <span class='ocrx_word' id='word_1_967' title='bbox 2345 5509 2410 5545; x_wconf 85' lang='lat' dir='ltr'><strong>De</strong></span> <span class='ocrx_word' id='word_1_968' title='bbox 2433 5512 2662 5545; x_wconf 89' lang='lat' dir='ltr'><strong>ommone</strong></span> <span class='ocrx_word' id='word_1_969' title='bbox 2685 5498 3000 5545; x_wconf 88' lang='lat' dir='ltr'><strong>uuorumdam</strong></span> <span class='ocrx_word' id='word_1_970' title='bbox 3035 5505 3208 5545; x_wconf 86' lang='lat' dir='ltr'><strong>veteru</strong></span> 
     </span>
    </p>
   </div>
   <div class='ocr_carea' id='block_1_118' title="bbox 2244 5493 3747 5565">
    <p class='ocr_par' dir='ltr' id='par_1_118' title="bbox 2244 5493 3747 5565">
     <span class='ocr_line' id='line_1_119' title="bbox 2244 5493 3747 5565; baseline -0.007 -15"><span class='ocrx_word' id='word_1_971' title='bbox 2244 5493 2310 5565; x_wconf 62' lang='lat' dir='ltr'><strong>ib)</strong></span> <span class='ocrx_word' id='word_1_972' title='bbox 2328 5509 2410 5565; x_wconf 81' lang='lat' dir='ltr'><strong>De</strong></span> <span class='ocrx_word' id='word_1_973' title='bbox 2433 5500 2662 5562; x_wconf 89' lang='lat' dir='ltr'><strong>opinione</strong></span> <span class='ocrx_word' id='word_1_974' title='bbox 2685 5493 3000 5565; x_wconf 67' lang='lat' dir='ltr'><strong>quorumdam</strong></span> <span class='ocrx_word' id='word_1_975' title='bbox 3030 5493 3260 5565; x_wconf 68' lang='lat' dir='ltr'><strong>veterum</strong></span> <span class='ocrx_word' id='word_1_976' title='bbox 3291 5498 3417 5565; x_wconf 77' lang='lat' dir='ltr'><strong>circa</strong></span> <span class='ocrx_word' id='word_1_977' title='bbox 3449 5493 3679 5565; x_wconf 76' lang='lat' dir='ltr'><strong>mundum</strong></span> <span class='ocrx_word' id='word_1_978' title='bbox 3701 5495 3747 5565; x_wconf 76' lang='lat' dir='ltr'><strong>in</strong></span> 
     </span>
    </p>
   </div>
   <div class='ocr_carea' id='block_1_119' title="bbox 2171 5555 3748 5621">
    <p class='ocr_par' dir='ltr' id='par_1_119' title="bbox 2171 5555 3748 5621">
     <span class='ocr_line' id='line_1_120' title="bbox 2171 5555 3748 5621; baseline -0.006 -8"><span class='ocrx_word' id='word_1_979' title='bbox 2171 5555 2364 5614; x_wconf 76' lang='lat' dir='ltr'><strong>fornicis</strong></span> <span class='ocrx_word' id='word_1_980' title='bbox 2386 5555 2572 5610; x_wconf 74' lang='lat' dir='ltr'><strong>moi-em</strong></span> <span class='ocrx_word' id='word_1_981' title='bbox 2595 5555 2829 5610; x_wconf 81' lang='lat' dir='ltr'><strong>structum</strong></span> <span class='ocrx_word' id='word_1_982' title='bbox 2868 5560 2978 5608; x_wconf 89' lang='lat' dir='ltr'><strong>vide</strong></span> <span class='ocrx_word' id='word_1_983' title='bbox 3013 5571 3125 5621; x_wconf 68' lang='lat' dir='ltr'><strong>qua:</strong></span> <span class='ocrx_word' id='word_1_984' title='bbox 3159 5558 3369 5621; x_wconf 76' lang='lat' dir='ltr'><strong>diximus</strong></span> <span class='ocrx_word' id='word_1_985' title='bbox 3402 5560 3453 5607; x_wconf 89' lang='lat' dir='ltr'><strong>in</strong></span> <span class='ocrx_word' id='word_1_986' title='bbox 3473 5558 3661 5621; x_wconf 81' lang='lat' dir='ltr'><strong>_Monito</strong></span> <span class='ocrx_word' id='word_1_987' title='bbox 3689 5555 3748 5605; x_wconf 79' lang='lat' dir='ltr'><strong>ad</strong></span> 
     </span>
    </p>
   </div>
   <div class='ocr_carea' id='block_1_120' title="bbox 2170 5616 3747 5685">
    <p class='ocr_par' dir='ltr' id='par_1_120' title="bbox 2170 5616 3747 5685">
     <span class='ocr_line' id='line_1_121' title="bbox 2170 5616 3747 5685; baseline -0.007 -8"><span class='ocrx_word' id='word_1_988' title='bbox 2170 5627 2408 5677; x_wconf 79' lang='lat' dir='ltr'><strong>Cosmam.</strong></span> <span class='ocrx_word' id='word_1_989' title='bbox 2432 5623 2525 5672; x_wconf 90' lang='lat' dir='ltr'><strong>Sed</strong></span> <span class='ocrx_word' id='word_1_990' title='bbox 2550 5623 2654 5671; x_wconf 67' lang='lat' dir='ltr'><strong>haec</strong></span> <span class='ocrx_word' id='word_1_991' title='bbox 2678 5621 2896 5685; x_wconf 88' lang='lat' dir='ltr'><strong>pluribus</strong></span> <span class='ocrx_word' id='word_1_992' title='bbox 2917 5616 3177 5685; x_wconf 73' lang='lat' dir='ltr'><strong>agitantur</strong></span> <span class='ocrx_word' id='word_1_993' title='bbox 3199 5619 3421 5685; x_wconf 74' lang='lat' dir='ltr'><strong>a_(_losma</strong></span> <span class='ocrx_word' id='word_1_994' title='bbox 3454 5616 3677 5681; x_wconf 63' lang='lat' dir='ltr'><strong>Egyptio</strong></span> <span class='ocrx_word' id='word_1_995' title='bbox 3700 5621 3747 5666; x_wconf 78' lang='lat' dir='ltr'><strong>iu</strong></span> 
     </span>
    </p>
   </div>
   <div class='ocr_carea' id='block_1_121' title="bbox 2172 5680 3364 5750">
    <p class='ocr_par' dir='ltr' id='par_1_121' title="bbox 2172 5680 3364 5750">
     <span class='ocr_line' id='line_1_122' title="bbox 2172 5680 3364 5750; baseline -0.005 -14"><span class='ocrx_word' id='word_1_996' title='bbox 2172 5685 2502 5750; x_wconf 82' lang='lat' dir='ltr'><strong>&#39;ropographia</strong></span> <span class='ocrx_word' id='word_1_997' title='bbox 2525 5697 2627 5743; x_wconf 90' lang='lat' dir='ltr'><strong>sua,</strong></span> <span class='ocrx_word' id='word_1_998' title='bbox 2652 5680 2795 5747; x_wconf 73' lang='lat' dir='ltr'><strong>quam</strong></span> <span class='ocrx_word' id='word_1_999' title='bbox 2821 5680 3058 5733; x_wconf 80' lang='lat' dir='ltr'><strong>edidimus</strong></span> <span class='ocrx_word' id='word_1_1000' title='bbox 3079 5694 3204 5732; x_wconf 83' lang='lat' dir='ltr'><strong>anno</strong></span> <span class='ocrx_word' id='word_1_1001' title='bbox 3229 5680 3364 5730; x_wconf 81' lang='grc'><strong>1700.</strong></span> 
     </span>
    </p>
   </div>
  </div>
