4074 6308
592 396 695 451 155

593 511 748 577 βίαια
798 512 913 561 sunt
966 517 1119 570 Opera
1166 513 1251 555 tua
1274 542 1291 568 ,
1335 500 1597 555 Domine!
1642 499 1827 553 Urania
1870 498 1925 552 in
1964 499 2173 564 sapien-

593 603 667 657 tia
710 598 873 672 fecisti
909 594 1105 670 (Psal.
1152 594 1277 651 103.
1327 592 1402 648 24
1428 593 1466 665 ).
1510 592 1756 648 Vidistin‘
1798 589 1895 646 Dei
1938 591 2173 645 creatio-

594 693 760 749 nem?
788 688 1025 745 vidistin’
1047 686 1318 758 quomodo
1354 686 1598 741 obstruat
1644 683 2018 738 haereticorum
2043 696 2136 737 ora
2153 723 2170 748 ,

590 784 685 856 qui
711 781 1036 839 creationem
1081 780 1363 849 ignorant,
1394 786 1456 832 et
1500 776 1808 831 Creatorem
1845 774 2055 830 curiose
2078 789 2175 828 ex-

590 879 804 949 plorant
824 873 1062 931 ?Omnia
1092 873 1186 928 Dei
1226 873 1330 943 legi
1370 871 1765 941 obsequuntur.
1794 869 1910 925 Stat
1939 867 2127 924 caelum
2154 909 2172 935 ,

591 989 698 1028 non
728 987 824 1028 sua
856 984 1018 1026 manu
1047 976 1311 1039 gestatum
1331 1007 1347 1030 ,
1377 965 1473 1020 sed
1513 964 1692 1019 divina
1733 963 1851 1034 lege
1881 962 2171 1017 ﬁrmatum.

591 1065 726 1120 Cum
775 1063 921 1118 enim
963 1062 1315 1124 dubitavero,
1360 1056 1628 1128 quomodo
1670 1071 1742 1111 ex
1796 1056 1949 1127 aquis
1985 1054 2172 1109 calum

588 1164 898 1211 concretum
924 1154 1013 1217 sit,
1044 1149 1429 1206 dubitationem
1452 1162 1630 1201 meam
1657 1147 1817 1201 solvit
1847 1146 2032 1200 beatus
2064 1145 2173 1199 Da-

590 1245 682 1301 vid
710 1245 897 1301 dicens
925 1262 939 1296 :
976 1241 1136 1297 Verbo
1154 1241 1362 1295 Domini
1387 1239 1495 1294 ccli
1527 1237 1714 1306 ﬁrmati
1732 1246 1849 1291 sunt
1871 1238 1889 1305 (
1908 1235 2052 1290 Psal.
2077 1234 2171 1289 52.

592 1338 671 1410 6).
708 1337 823 1392 Cur
845 1336 988 1390 enim
1020 1333 1214 1388 ﬁrmati
1243 1330 1404 1387 sunt?
1428 1330 1693 1397 Quoniam
1723 1344 1789 1382 ex
1820 1327 1970 1397 aquis
1997 1334 2170 1380 erant.

584 1431 889 1500 Numquam
911 1428 979 1485 de
1016 1426 1189 1482 solido
1217 1434 1272 1479 et
1301 1424 1455 1478 ﬁrmo
1478 1422 1705 1488 dicitur,
1733 1420 2029 1475 Firmatum
2067 1429 2169 1473 est.

592 1524 775 1593 Neque
797 1529 973 1591 potest
1000 1518 1262 1589 quispiam
1276 1516 1476 1581 dicere,
1504 1524 1711 1585 petram
1740 1514 2001 1568 firmatam
2028 1525 2167 1567 esse.

592 1612 749 1670 Aliud
766 1619 858 1667 est
879 1610 1149 1665 ﬁrmatum
1174 1623 1324 1671 esse,
1357 1605 1501 1659 aliud
1530 1618 1651 1677 esse
1684 1602 1920 1657 ﬁrmum.
1962 1601 2171 1656 Firma-

584 1713 707 1757 tum
726 1700 1107 1771 dicitur,'quod
1132 1714 1251 1753 eum
1281 1713 1460 1752 rarum
1482 1705 1541 1751 et
1570 1694 1729 1749 molle
1749 1702 1918 1760 esset,
1946 1708 2170 1749 concrc-

594 1805 706 1849 tum
737 1793 857 1848 fuit.
890 1792 1015 1847 Ideo
1043 1790 1252 1855 Petrus,
1283 1787 1500 1858 quando
1537 1786 1886 1858 paralytieum
1928 1786 2131 1840 sanavit
2152 1827 2168 1852 ,

591 1886 775 1942 dixit:
827 1902 847 1935 ι
882 1883 995 1939 Viri
1041 1881 1319 1947 Israelita),
1347 1878 1472 1949 quid
1502 1877 1775 1932 miramini
1819 1877 1871 1932 in
1912 1876 2013 1931 hoc
2035 1916 2051 1942 ,
2083 1884 2173 1929 aut

500 1995 503 1997 ί
592 1992 694 2034 nos
716 1975 845 2047 quid
868 1973 1175 2037 intuemini,
1209 1971 1360 2042 quasi
1407 1980 1589 2024 nostra
1619 1969 1819 2023 virtute
1858 1976 1949 2022 aut
1976 1968 2172 2038 pietate

592 2070 879 2127 fecerimus
906 2067 1050 2122 hunc
1074 2063 1387 2119 ambulare?
1414 2062 1554 2117 Deus
1589 2070 1798 2131 patrum
1837 2067 2167 2125 nostrorum,

595 2165 738 2218 Deus
766 2159 1036 2216 Abraham
1065 2166 1119 2212 ct
1163 2155 1309 2210 Isaac
1353 2165 1406 2209 et
1432 2153 1619 2216 Jacoh,
1649 2152 1965 2222 glorilicavit
2005 2151 2171 2205 ﬁlium

590 2270 748 2311 suum
775 2253 992 2309 Jesum:
1025 2260 1082 2306 et
1109 2251 1160 2304 in
1190 2248 1293 2303 ﬁde
1318 2248 1554 2302 nominis
1582 2247 1703 2317 ejus
1728 2245 1870 2300 hunc
1902 2259 2059 2315 quem
2087 2243 2170 2297 vi-

594 2347 733 2401 detis
760 2354 815 2399 ct
839 2343 1031 2410 nostis,
1071 2340 1408 2396 conﬁrmavit
1436 2352 1628 2392 nomen
1655 2337 1772 2407 eius
1811 2337 1828 2406 (
1860 2335 1973 2390 Act.
1997 2337 2051 2391 5.
2080 2334 2168 2389 12.

590 2437 681 2490 15.
715 2434 784 2489 16
810 2434 833 2506 )
857 2450 872 2499 ;
903 2445 1098 2501 nempe
1125 2429 1472 2501 paralytieum
1488 2427 1841 2481 conﬁrmavit.
1862 2425 1986 2481 ldeo
2012 2423 2170 2479 Verbo

590 2526 798 2580 Domini
836 2524 949 2579 steti
996 2521 1185 2593 ﬁrmati
1230 2528 1345 2574 sunt
1385 2517 1405 2592 (
1435 2516 1580 2573 Psal.
1614 2517 1711 2573 53.
1732 2518 1834 2587 6);
1870 2532 1934 2571 ex
1962 2517 2097 2571 raris
2116 2525 2171 2571 et

582 2614 867 2672 dissolutis
894 2613 1049 2684 aquis
1072 2611 1237 2666 verbo
1264 2610 1473 2665 Domini
1515 2608 1683 2663 nubes
1728 2609 1780 2663 in
1809 2606 2040 2663 sublime
2064 2609 2172 2664 tol-

591 2709 791 2763 luntur.
814 2706 972 2773 Vide,
998 2717 1211 2775 quaso.
1239 2703 1388 2772 Aqua
1415 2716 1533 2772 qua:
1558 2715 1741 2755 amara
1760 2708 1896 2767 erat,
1915 2709 2166 2755 mutatur.

590 2800 670 2854 Ex
710 2798 845 2854 mari
877 2797 1133 2853 haurth
1177 2795 1348 2851 nubes
1369 2835 1386 2862 ,
1415 2804 1471 2848 et
1496 2808 1622 2848 eam
1647 2807 1771 2862 quae
1812 2808 1879 2847 ex
1907 2791 2170 2862 profundo

592 2890 849 2945 hauritur
884 2903 1064 2943 amara
1091 2927 1108 2954 ,
1139 2886 1350 2941 dulcem
1396 2894 1452 2940 et
1492 2883 1779 2955 potabilem
1807 2881 2069 2938 efﬁciunt.
2094 2882 2170 2939 De

591 2981 869 3051 profundis
897 2993 996 3033 nos
1034 2978 1241 3050 abyssis
1261 2976 1513 3032 excitavit
1534 2974 1801 3043 Christus,
1823 2982 1883 3030 et
1906 2972 2169 3031 amaritu-

580 3075 769 3128 dinem
797 3079 1165 3126 nostramnoo
1191 3069 1525 3139 deponimus.

660 3165 893 3220 Christus
930 3165 987 3217 in
1023 3162 1252 3217 omnibus
1286 3161 1549 3216 elementis
1593 3158 1844 3213 miracula
1872 3160 1988 3229 fecit
2008 3200 2024 3226 ,
2053 3159 2170 3215 hinc

591 3256 833 3329 probatur
860 3255 1014 3309 Deus.
1056 3285 1126 3295 —
1148 3254 1278 3320 Quis
1304 3263 1393 3308 est
1420 3253 1465 3308 is
1493 3254 1580 3324 qui
1610 3252 1737 3309 fecit
1759 3254 1946 3308 czelum
1968 3261 2031 3307 et
2056 3263 2168 3308 ter-

590 3348 747 3403 ram?
778 3348 888 3418 Ego
914 3347 1041 3402 dico
1083 3345 1354 3401 Christum
1384 3358 1529 3401 esse.
1574 3345 1648 3400 Et
1681 3346 1823 3400 unde
1866 3343 2008 3400 hoc?
2032 3345 2168 3413 Quia

589 3444 634 3497 si
663 3457 768 3497 non
797 3452 941 3496 esset
972 3440 1225 3494 Dominus
1254 3439 1600 3503 omnium,-in
1622 3438 1901 3508 evangelio
1928 3453 2036 3493 non
2069 3438 2171 3493 mi.

589 3536 765 3590 racnla
795 3541 1055 3603 patrasset
1076 3533 1128 3585 in
1148 3531 1394 3585 omnibus
1410 3531 1687 3585 creaturis.
1710 3529 1811 3585 Per
1828 3530 2004 3584 omnia
2026 3530 2168 3585 enim

588 3627 853 3682 elementa
884 3624 1149 3679 mirabilia
1194 3623 1350 3688 fecit;
1386 3638 1483 3693 per
1510 3631 1723 3682 terram.
1756 3637 1857 3693 per
1884 3637 2171 3693 mare,per

584 3735 789 3784 aerem,
820 3732 917 3789 per
938 3718 1116 3789 ignem
1138 3724 1224 3782 ;ut
1244 3717 1590 3786 conspicuum
1620 3716 1689 3769 ait
1709 3716 1882 3784 ipsum
1908 3730 2028 3770 esse
2044 3731 2167 3770 om-

588 3814 737 3867 nium
761 3820 1125 3867 creaturarum
1150 3808 1452 3864 Dominum.
1484 3808 1593 3863 Diei
1616 3809 1720 3864 luci
1745 3794 2054 3879 supervenit
2078 3824 2173 3865 ve-

590 3920 762 3975 sperae
788 3904 900 3957 lux.
943 3902 1033 3958 Sol
1077 3902 1239 3966 lucet,
1266 3911 1322 3956 et
1350 3900 1566 3955 lucerna
1592 3900 1763 3956 facem
1792 3900 2176 3970 prmiert:diei~

590 3996 735 4060 ﬁnis,
761 4011 826 4051 ac
853 3996 1023 4051 noctis
1050 3993 1351 4051 exordium.
1390 3994 1493 4049 Sed
1523 4003 1600 4054 tu.
1632 4008 1752 4047 eum
1779 3993 1975 4050 videris
1997 3993 2171 4049 lucer-

588 4100 715 4140 nam
738 4095 794 4140 et
820 4085 989 4139 solem
1016 4124 1033 4150 ,
1065 4084 1228 4139 dicito
1256 4101 1273 4139 :
1302 4081 1442 4138 Tuus
1470 4094 1541 4139 est
1564 4083 1674 4138 dies
1693 4125 1707 4148 ,
1739 4094 1785 4137 et
1812 4093 1898 4137 tua
1923 4092 1993 4138 est
2026 4099 2169 4149 nos;

590 4186 645 4229 tu
669 4175 945 4247 fabricatus
972 4192 1027 4231 es
1043 4175 1199 4246 jubar
1227 4184 1273 4230 et
1297 4175 1490 4245 solem(
1520 4173 1663 4229 Psal.
1697 4175 1785 4230 75.
1818 4173 1940 4245 16).
1974 4174 2175 4230 Verum

588 4270 677 4325 fax
720 4268 836 4332 illa,
860 4282 981 4339 qua:
1016 4267 1331 4338 prtefertur,
1368 4281 1677 4321 sermonem
1705 4280 1812 4321 non
1844 4266 2167 4337 interpellat.

588 4363 812 4430 Oportet
846 4360 993 4414 ettim
1035 4358 1203 4413 solem
1255 4372 1475 4413 currere
1517 4355 1586 4411 ad
1621 4357 1742 4427 ejus
1770 4357 1975 4426 iussum
2006 4358 2169 4427 (nam

586 4450 929 4521 Solcog‘nooit
954 4466 1189 4504 occasum
1217 4466 1365 4504 suum
1386 4446 1575 4521 [PsaL
1596 4446 1871 4522 105.1ο]),
1902 4456 1962 4503 ιιι
1984 4457 2170 4504 esten»

589 4540 748 4595 datur
762 4540 1039 4596 Christum
1060 4540 1297 4596 omnium
1334 4551 1700 4596 creaturarum
1717 4539 2007 4596 Dominum
2024 4554 2168 4597 esse.

588 4632 647 4686 Id
671 4631 905 4688 Joaan
933 4632 1207 4702 pra-dicat,
1242 4634 1433 4687 (inuria
1457 4633 1733 4703 ρει-ἄρσενι
1758 4635 1896 4704 facta
1918 4642 2043 4687 sunt
2066 4674 2081 4699 ,
2121 4643 2169 4689 et

587 4728 697 4780 sine
715 4727 827 4794 ipso
854 4725 1042 4794 factum
1062 4736 1139 4780 est
1164 4726 1292 4781 nihil
1318 4725 1454 4797 quod
1472 4729 1660 4797 factum
1681 4734 1757 4780 est
1778 4724 1972 4793 (Iouis.
1998 4726 2052 4779 1.
2075 4724 2167 4797 3).

592 4818 787 4874 Verum
812 4818 1092 4888 oportebat
1116 4819 1287 4887 ipsum
1316 4833 1423 4873 non
1446 4833 1695 4873 semone
1722 4827 1926 4871 tantum
1953 4817 2131 4873 lucere
2149 4859 2165 4884 ,

591 4909 689 4966 sed
714 4909 875 4965 etiam
905 4923 1089 4979 opere.
1114 4908 1428 4972 Dixitmari,
1469 4907 1619 4974 Tace,
1650 4907 1969 4977 obmutesoe(
2000 4906 2164 4964 lore.

585 5005 640 5059 4.
668 5003 783 5074 59);
810 5012 863 5058 et
888 5001 1174 5065 obmutuit,
1196 5003 1520 5072 agnovitque
1535 5016 1677 5071 Opus
1716 4999 1997 5070 Opitlcem.
2026 5001 2169 5058 Dixit

582 5098 732 5151 enim
777 5094 933 5158 mari,
965 5102 1020 5148 et
1050 5093 1251 5157 tacuit;
1284 5093 1417 5147 dixit
1444 5103 1622 5156 vento,
1649 5102 1707 5149 et
1740 5092 2039 5149 refrenatus
2058 5102 2161 5149 est.

588 5186 643 5243 Si
668 5202 773 5241 non
802 5186 1246 5255 obtemperasset,
1276 5183 1393 5251 ejus
1410 5183 1667 5239 Conditor
1703 5198 1811 5238 non
1852 5183 2016 5240 fuisse
2042 5199 2166 5255 pro-

584 5280 846 5344 deretur;
878 5277 980 5332 nisi
1005 5276 1261 5331 Dominus
1291 5287 1433 5331 esset
1460 5291 1630 5345 aquae,
1661 5292 1767 5331 non
1795 5275 1939 5332 illam
1967 5287 2168 5332 mutas-

588 5381 672 5426 set
696 5372 747 5427 in
772 5371 978 5434 vinum;
999 5370 1099 5424 nisi
1129 5377 1271 5424 esset
1296 5368 1410 5424 ειεὶί
1441 5368 1714 5435 Dominus,
1740 5384 1847 5425 non
1874 5386 1995 5426 eum
2013 5371 2166 5426 stella

591 5464 657 5518 de
695 5462 829 5517 casio
853 5460 1232 5532 prmdicasset;
1279 5461 1380 5515 nisi
1409 5471 1553 5516 esset
1594 5461 1722 5517 solis
1752 5463 2027 5531 Dominus,
2059 5478 2166 5519 non

591 5556 825 5611 tenebris
855 5569 913 5610 se
939 5554 1242 5610 ohvelasset
1272 5555 1323 5609 in
1345 5570 1527 5609 cruce.
1558 5554 1804 5611 Christus
1832 5558 1884 5611 in
1907 5573 2083 5623 cruce,
2114 5567 2168 5613 et

590 5647 670 5702 sol
696 5646 1075 5702 obtenebratus
1103 5654 1205 5702 est.
1234 5644 1280 5701 0
1306 5647 1655 5702 miraculum!
1684 5645 1935 5703 Creatum
1956 5662 2060 5703 non
2089 5659 2170 5702 tu-

591 5736 652 5791 lit
693 5738 1070 5793 contumeliam
1120 5738 1351 5794 Domini.
1399 5736 1793 5794 Obtencbratus
1836 5748 1920 5794 est
1966 5741 2085 5805 sul,
2111 5749 2170 5795 ut

590 5826 645 5881 in
683 5828 796 5894 ipsa
824 5842 983 5884 cruce
1024 5828 1151 5885 solis
1183 5829 1464 5886 Dominum
1508 5833 1744 5887 noveris.
1783 5832 2059 5888 Commota
2085 5842 2168 5887 est

2018 381 2380 439 SEVERIANI

3759 380 3867 445 450

2291 509 2451 564 terra,
2476 508 2533 554 ut
2558 498 2731 555 discas
2756 500 2824 555 de
2850 501 2969 571 ipso
2990 499 3252 557 Davidem
3290 500 3493 557 dixisse
3524 519 3537 554 :
3569 502 3673 569 Qui
3702 520 3866 570 respu-

2279 593 2347 646 cit
2376 601 2561 647 terram
2589 604 2635 647 et
2664 595 2785 663 facit
2812 610 2922 648 cam
2963 603 3171 648 tremere
3199 592 3370 665 (Psal.
3400 595 3524 652 103.
3546 594 3619 650 32
3634 598 3674 665 ).
3727 597 3865 651 Scis-

2279 698 2355 738 sa:
2385 693 2507 739 sunt
2534 694 2719 755 petrar,
2739 696 2795 739 ut
2818 686 2993 741 discas
3017 685 3085 742 de
3109 698 3338 758 quonam
3365 687 3557 743 dixerit
3586 688 3868 758 propheta:

2281 772 2453 829 Furor
2477 777 2586 847 ejus
2611 777 2859 831 tabescere
2879 778 3002 848 facit
3026 779 3360 847 principatus,
3384 789 3429 832 et
3451 790 3607 849 petra:
3630 783 3864 851 perfora-

2279 874 2345 920 tae
2360 876 2475 921 sunt
2495 866 2557 920 ab
2584 883 2642 921 eo
2660 867 2919 938 (Notium.
2943 869 2996 923 1.
3015 868 3091 938 6).
3123 869 3461 924 Monumenta
3490 880 3678 940 aperta
3704 880 3862 933 sunt.

2279 965 2338 1012 ut
2384 967 2666 1029 appareret
2694 961 3057 1028 resurrectio,
3103 970 3159 1017 et
3193 962 3285 1032 qui
3335 962 3555 1017 suscitat
3592 963 3740 1018 Data
3769 978 3866 1034 per

2254 1061 2471 1107 cuncta
2497 1052 2824 1122 splenderet.

2350 1147 2403 1200 7.
2456 1145 2672 1200 Moralis
2699 1147 2960 1200 conclusio
2982 1164 3001 1212 ,°
3020 1146 3330 1217 sacriﬁcium
3352 1148 3699 1218 ‘tvespertinum
3721 1149 3861 1219 quid.

2275 1271 2347 1281 -—
2383 1239 2571 1311 Opera:
2622 1241 2847 1308 pretium
2874 1252 3002 1295 vero
3039 1249 3124 1295 est
3160 1249 3218 1293 ut
3246 1240 3510 1295 moralem
3550 1254 3863 1295 moveamus

2277 1348 2602 1387 sermonem.
2622 1328 2863 1387 Lucerna
2880 1340 3043 1387 vocat
3070 1346 3191 1399 nos,
3223 1340 3283 1386 ut
3310 1332 3551 1387 dicamus
3583 1348 3600 1385 :
3634 1330 3864 1386 Lucerna

2279 1424 2487 1495 pedibus
2511 1424 2631 1478 meis
2658 1424 2861 1478 verbum
2892 1434 3057 1491 tuum,
3079 1433 3127 1477 et
3144 1424 3310 1477 lumen
3334 1422 3525 1479 sentias
3548 1423 3671 1477 meis
3688 1421 3860 1494 (Pal.

2279 1517 2401 1570 118.
2436 1516 2601 1585 105).
2648 1516 2877 1572 Advenit
2894 1526 3124 1585 vespera
3170 1524 3229 1570 ut
3274 1515 3560 1571 dicamus:
3600 1514 3863 1588 Dirigatur

2277 1609 2439 1662 oratio
2482 1625 2593 1662 utea
2630 1609 2760 1662 sicut
2804 1609 3062 1663 incensum
3099 1610 3153 1663 in
3201 1619 3471 1679 conspectu
3499 1619 3623 1675 tuo,
3654 1611 3868 1665 elevatis

2272 1713 2517 1753 "manuum
2547 1712 2772 1755 mearum
2811 1700 3117 1769 sacri/icium
3153 1700 3487 1769 vespertith
3517 1700 3537 1770 (
3572 1690 3713 1754 Ibid.
3738 1701 3861 1759 NO.

2276 1788 2359 1859 2).
2385 1788 2492 1843 Cur
2512 1804 2617 1843 non
2640 1790 3008 1844 matutinum?
3032 1790 3136 1845 llic
3163 1791 3398 1845 animum
3422 1790 3679 1847 adhibete
3703 1810 3718 1846 :
3742 1808 3862 1849 nam

2278 1898 2401 1952 qnze
2435 1881 2727 1951 psallimus,
2763 1884 2902 1938 scire
2926 1883 3205 1939 debemus.
3237 1883 3385 1939 ‘Dielt
3410 1881 3575 1938 David
3608 1881 3865 1939 :Psallite

2276 1978 2549 2044 sapienter.
2577 1973 2803 2030 Elwatio
2823 1992 3064 2030 manuum
3089 1992 3318 2029 mearum
3333 1977 3638 2044 sacriﬁcium
3657 1993 3861 2045 vesper

2278 2067 2617 2135 tinumUbid.
2649 2066 2739 2123 46.
2763 2067 2839 2139 8).
2865 2066 2978 2123 Duo
3003 2067 3261 2123 sacriﬁcia
3297 2067 3457 2138 jussit
3488 2067 3605 2123 ﬁeri
3627 2067 3860 2139 Moyses,

2277 2161 2386 2215 imo
2417 2161 2579 2227 Deus,
2619 2177 2781 2216 unum
2813 2161 3150 2227 matutinum,
3181 2170 3235 2216 et
3273 2177 3435 2215 unum
3470 2161 3856 2230 vespertinum.

2277 2252 2528 2308 Matutina
2595 2256 2883 2324 gratiarum
2910 2254 3051 2309 actio
3085 2268 3180 2324 pro
3221 2264 3380 2309 nocte
3424 2262 3561 2309 erat.
3598 2252 3741 2308 Nam
3774 2256 3860 2324 qui

2278 2345 2329 2399 in
2370 2356 2528 2400 nocte
2558 2355 2801 2401 servatus
2824 2356 2910 2400 est
2932 2386 2949 2412 ,
2995 2346 3047 2400 in
3076 2345 3162 2401 die
3188 2346 3385 2418 gratias
3423 2345 3550 2415 agit.
3580 2345 3859 2413 Vesperti-

2277 2452 2405 2491 nutu
2438 2438 2757 2492 sacrificium
2788 2453 2884 2508 pro
2910 2438 2999 2494 die
3028 2449 3161 2495 erat.
3193 2437 3346 2507 Quia,
3367 2438 3557 2508 inquit,
3586 2439 3638 2493 in
3665 2438 3755 2494 die
3776 2454 3860 2493 me

2277 2528 2525 2591 servasti,
2557 2545 2650 2597 pro
2675 2538 2785 2583 toto
2812 2528 2899 2583 die
2927 2530 3125 2597 gratias
3153 2545 3252 2599 ago
3280 2528 3394 2583 tibi.
3428 2529 3747 2584 Matutiuum
3772 2544 3858 2583 sa-

2274 2619 2534 2673 crificium
2559 2634 2663 2673 non
2686 2635 2808 2674 eum
2830 2620 3036 2688 recipit,
3065 2622 3154 2692 qui
3187 2622 3238 2675 in
3268 2630 3425 2676 nocte
3442 2622 3714 2692 peccavit.
3737 2621 3862 2677 Ideo

2273 2708 2439 2764 dicit:
2473 2707 2705 2765 Elevatio
2744 2728 2985 2765 manuum
3014 2727 3238 2767 mearum
3274 2712 3584 2782 sacriﬁcium
3614 2715 3859 2786 uesperti-

2275 2821 2414 2858 num.
2448 2805 2750 2874 lugrederis
2770 2820 3076 2876 vesperam,
3100 2805 3356 2876 expandis
3387 2820 3616 2869 manus;
3647 2806 3694 2861 si
3725 2807 3859 2861 ﬁdu-

2273 2897 2410 2952 ciam
2432 2897 3037 2968 babent,expaudantur
3069 2916 3082 2953 :
3109 2898 3153 2953 si
3185 2911 3289 2953 non
3316 2897 3859 2970 scripserunt‘iniquin-

2274 2997 2437 3044 tatem
2467 3032 2483 3054 ,
2524 2990 2569 3044 si
2593 3002 2861 3060 pauperes
2895 3005 3003 3046 non
3044 2989 3339 3059 spoliarunt
3360 3032 3379 3059 ,
3404 2990 3449 3046 si
3480 2990 3713 3061 pupillos
3754 3006 3856 3047 non

2270 3090 2676 3150 oppressenmt,
2705 3091 2764 3136 ut
2803 3097 2922 3152 quae
2951 3092 3233 3151 personam
3279 3082 3478 3138 habent
3509 3083 3863 3138 extollantur.

2282 3169 2508 3225 Eleuatio
2537 3187 2778 3225 manuum
2820 3188 3045 3226 mearum
3069 3188 3088 3236 ,'
3122 3187 3191 3227 ac
3231 3174 3276 3227 si
3314 3172 3537 3233 diceret,
3565 3172 3727 3238 Vide,
3750 3174 3859 3229 Do-

2276 3262 2421 3317 mine
2442 3302 2456 3323 ,
2488 3263 2701 3317 mundze
2739 3273 2863 3317 sunt
2901 3279 3111 3318 manus.
3141 3262 3600 3332 Quemadmodum
3641 3266 3859 3321 enim-is

2268 3354 2364 3422 'qui
2395 3355 2636 3423 peccavit
2664 3355 2866 3409 vulttun
2898 3356 3159 3411 extollere
3180 3370 3292 3411 non
3321 3365 3516 3427 potest,
3545 3357 3640 3413 sed
3680 3375 3712 3413 a
3736 3374 3861 3414 con-

2276 3445 2497 3499 scientia
2530 3446 2839 3501 incurvatur
2864 3465 2877 3500 :
2906 3448 2985 3502 sic
3007 3462 3198 3502 manus
3220 3448 3441 3518 polluta,
3457 3464 3537 3504 'ne
3556 3449 3720 3506 audet
3745 3451 3861 3520 qui-

2272 3535 2396 3589 dem
2422 3551 2602 3591 curam
2626 3538 2733 3592 Deo
2757 3538 3073 3593 cons'mere.
3100 3537 3272 3594 Vide:
3301 3540 3345 3593 si
3374 3554 3562 3595 manus
3582 3540 3692 3597 sint
3709 3556 3861 3597 mun-

2268 3628 2357 3683 da-
2377 3630 2445 3684 ah
2466 3631 2761 3699 iniquitate,
2789 3632 3177 3701 expandantur.
3207 3630 3331 3687 Ideo
3352 3633 3662 3703 patriarcha
3693 3634 3858 3689 Abra-

2268 3723 2399 3777 ltmn
2426 3732 2582 3795 turpe
2608 3725 2811 3780 lucrum
2843 3726 3126 3789 recusavit,
3154 3739 3274 3780 eum
3302 3725 3507 3781 diceret
3543 3726 3593 3781 ei
3625 3742 3724 3782 rex
3762 3726 3859 3782 So-

2274 3814 2555 3870 domorum
2600 3833 2612 3869 :
2660 3815 2843 3886 Accipe
2891 3817 3100 3882 omnia,
3142 3816 3383 3871 mulieres
3426 3826 3620 3871 tantum
3668 3819 3860 3871 dimitte

2279 3906 2428 3980 (Gen.
2459 3909 2545 3963 14.
2574 3907 2665 3962 2|.
2692 3907 2811 3979 2‘2).
2844 3907 2913 3964 Ut
2951 3909 3127 3979 itaque
3164 3909 3406 3965 ﬁduciam
3435 3910 3657 3967 haberet
3681 3952 3695 3975 .
3730 3911 3865 3966 nihil

2275 4001 2480 4069 accepit
2508 4019 2523 4064 ;
2556 4000 2648 4055 sed
2675 4016 2795 4055 cum
2827 4002 2972 4070 puris
2998 4001 3240 4057 manibus
3264 4012 3426 4066 esset,
3455 4002 3671 4058 dicebat
3708 4014 3723 4056 τ
3752 4002 3859 4057 Ea:-

2277 4092 2479 4146 tentlam
2512 4109 2690 4146 manus
2728 4109 2866 4147 meas
2895 4092 2964 4146 att
2991 4092 3174 4158 Deum,
3202 4095 3288 4164 qui
3314 4094 3430 4163 fecit
3467 4095 3651 4148 catlum
3679 4106 3728 4149 et
3758 4106 3858 4150 ter-

2268 4198 2387 4235 ram
2411 4198 2431 4236 :
2457 4190 2513 4237 et
2554 4182 2819 4250 extendit,
2845 4183 2967 4254 quia
3004 4198 3109 4238 non
3134 4194 3288 4239 erant
3316 4184 3531 4256 polluta:
3562 4184 3764 4256 iniusto
3784 4186 3863 4241 lu-

2270 4290 2389 4331 cro.
2417 4274 2647 4331 Elevatio
2663 4292 2904 4330 manuum
2921 4293 3175 4334 mearum.
3196 4277 3347 4345 Illud,
3368 4277 3602 4334 Eleuatio
3615 4295 3861 4335 manum

2269 4382 2523 4431 mearum,
2551 4366 2932 4438 interpretatur
2952 4366 3177 4424 Paulus:
3215 4367 3343 4424 Volo
3368 4371 3526 4441 igitur
3550 4370 3688 4425 uiros
3716 4386 3863 4425 orare

2275 4461 2330 4511 tu
2354 4458 2491 4511 omni
2534 4456 2642 4513 loco
2669 4457 2887 4513 levantes
2922 4468 3125 4515 sanctas
3165 4476 3347 4515 manus
3386 4461 3496 4515 sine
3522 4461 3601 4514 ira
3624 4472 3677 4516 et
3702 4462 3860 4516 disce-

2267 4548 2633 4621 ptationibus(
2671 4550 2724 4605 1.
2757 4548 2890 4605 Tim.
2906 4549 2973 4604 ’2.
3016 4548 3122 4622 8).
3163 4549 3401 4621 Vespera
3438 4566 3469 4606 a
3500 4549 3658 4607 nobis
3701 4552 3858 4621 exigit

2274 4654 2517 4711 vespera
2535 4654 2717 4711 opera.
2750 4639 3024 4711 Expandis
3062 4654 3287 4707 manus,
3318 4649 3590 4697 scrutatur
3631 4642 3857 4697 Artifex.

2274 4733 2505 4789 Mvcnit
2526 4732 2846 4789 matutinum
2868 4741 3107 4803 tempus,
3142 4742 3198 4789 et
3224 4733 3269 4789 si
3299 4746 3486 4804 puram
3512 4746 3625 4789 non
3663 4733 3860 4789 habeas

2273 4834 2328 4880 et
2355 4839 2570 4879 manum
2587 4833 2643 4880 et
2659 4834 2912 4892 mentem,
2933 4824 3249 4881 matutinum
3272 4834 3481 4895 tempus
3502 4839 3568 4880 ne
3595 4826 3861 4895 respicere

2274 4915 2490 4985 quidem
2515 4915 2719 4971 audes:
2743 4916 3072 4987 experientia
3094 4916 3357 4986 magistra
3382 4926 3488 4972 est.
3515 4914 3709 4986 Cogita
3738 4930 3857 4972 cum

2274 5016 2468 5077 quanta
2489 5006 2682 5061 ﬁducia
2715 5007 3041 5078 ingrediatur
3068 5007 3115 5063 is
3136 5008 3228 5079 qui
3253 5022 3418 5078 purus
3436 5017 3673 5073 maneat,
3707 5007 3865 5078 quasi

2272 5098 2328 5152 in
2360 5098 2571 5167 propria
2595 5098 2756 5153 domo
2780 5098 3035 5155 ambulet.
3064 5098 3338 5155 Fiduciam
3375 5099 3470 5155 dat
3516 5099 3591 5153 illi
3638 5100 3858 5154 matuti-

2274 5188 2359 5245 nis
2382 5190 2525 5245 horis
2554 5206 2656 5245 nox
2686 5190 2736 5245 in
2754 5192 3081 5248 continentia
3108 5204 3314 5249 exacta.
3338 5191 3469 5248 'ldeo
3496 5190 3668 5249 David
3696 5192 3853 5249 dicit:

2272 5270 2339 5334 'Si
2357 5296 2545 5335 tuemur
2569 5283 2645 5354 fui
2674 5283 2747 5336 tui
2773 5298 2927 5353 super
2950 5294 3166 5338 stratum
3189 5300 3374 5350 meum,
3392 5284 3447 5338 in
3472 5284 3740 5339 matutinis
3760 5300 3852 5338 nte-

2274 5371 2473 5425 ditabar
2488 5373 2548 5426 in
2577 5383 2622 5427 te
2651 5372 2671 5443 (
2703 5370 2848 5427 Psol.
2877 5372 2967 5429 62.
2994 5374 3031 5429 ’1
3060 5374 3102 5442 ).
3133 5372 3344 5430 Gratias
3370 5388 3471 5443 ago
3499 5373 3610 5429 Deo
3634 5393 3648 5428 :
3682 5388 3851 5429 recoe

2275 5464 2377 5521 dor
2408 5465 2739 5521 fatiscentem
2768 5480 2953 5521 vocem
2984 5482 3015 5523 a
3058 5467 3154 5523 Dei
3191 5467 3354 5525 verbo
3372 5477 3684 5538 reparatam
3704 5480 3824 5522 esse

2276 5571 2382 5610 non
2426 5572 2522 5627 pro
2551 5558 2752 5613 nostris
2796 5559 3036 5627 meritis,
3085 5559 3180 5616 sed
3226 5573 3325 5630 pro
3360 5569 3545 5615 vestro
3568 5558 3857 5615 desiderio.

2276 5647 2564 5704 Preoemur
2602 5666 2738 5722 ergo
2767 5651 2819 5707 in
2851 5653 3075 5708 veritate
3111 5640 3313 5719 cordis,
3354 5662 3412 5708 ut
3439 5668 3569 5725 pace
3592 5653 3857 5717 fruamur,

2275 5749 2332 5794 et
2360 5740 2410 5793 in
2443 5742 2716 5799 matutinis
2738 5743 2986 5800 ﬁduciam
3031 5744 3342 5810 habeamus,
3376 5744 3755 5800 haereticorum
3779 5743 3859 5796 ltr-

2277 5849 2454 5889 roretu
2510 5833 2815 5892 devitemus
2849 5878 2866 5904 ,
2921 5836 3079 5894 ﬁdem
3130 5837 3481 5895 orthodosam
3534 5852 3857 5908 sequamur,
