4044 6306
577 353 702 427 157'
753 391 766 400 -

569 479 722 558 [465]
770 483 877 540 Τοῦ
910 483 1097 540 αὐτοῦ
1132 487 1218 551 εις
1267 484 1382 554 τὴν
1428 489 1717 559 τετάρτην
1771 485 2001 557 ἡμέραν
2038 485 2148 553 τῆς

1133 571 1545 636 κοσμοποιιάς.

636 651 704 705 α’.
739 651 1070 722 Κάμνουσαν
1095 655 1228 723 ἡμῖν
1254 655 1352 726 τὴν
1375 657 1558 726 φωνὴν
1580 659 1643 728 τῇ
1669 657 1972 728 προτεραίᾳ
1994 659 2026 728 ἡ
2053 653 2148 708 τοῦ

565 735 701 790 Θεοῦ
736 736 897 808 χάρις
935 736 1022 789 διά
1044 737 1142 800 τάς
1168 739 1438 810 ὑμετέρας
1465 741 1629 810 εὑχάς
1650 741 1853 794 καὶτὸν
1887 741 2149 811 ὑμέτερον

566 821 730 875 πόθον
761 821 1113 892 ἐστερέωσεν.
1136 823 1282 894 Αὑτῇ
1309 823 1489 876 τοίνυν
1510 825 1856 894 χρησάμενος
1881 827 1946 895 τῇ
1985 823 2150 893 πείρᾳ

564 907 892 977 διδασκάλῳ,
927 907 1049 959 ὅσον
1097 907 1272 978 ίσχύει
1316 908 1477 971 πόθος
1515 911 1608 960 καὶ
1647 907 1809 978 ζῆλος
1852 908 2145 978 φιλοθεῒας,

565 989 659 1041 ἐπὶ
681 988 778 1060 τὴν
803 989 974 1060 αὐτὴν
999 989 1344 1059 παράκλησιν
1367 991 1506 1060 ἥκω,
1532 991 1694 1044 πάλιν
1727 991 1878 1061 ὑμῶν
1897 991 2148 1060 δεόμενος

564 1073 662 1142 τὴν
686 1073 855 1143 αὐτὴν
887 1072 1028 1144 ὑπὲρ
1059 1072 1212 1142 ὑμῶν
1245 1073 1570 1142 αἰτήσασθαι
1612 1075 1792 1145 χάριν.
1837 1076 1899 1128 El
1929 1075 2038 1145 γὰρ
2087 1073 2148 1125 τὸ

567 1152 757 1217 σκεῦος
790 1154 891 1225 τῆς
932 1155 1162 1224 ἐκλογῆς
1197 1156 1226 1206 6
1259 1154 1489 1218 Παῦλος.
1538 1157 1566 1208 6
1610 1155 1872 1210 λαλοῦντα
1904 1157 2044 1228 ἔχων
2087 1159 2145 1211 ἐν

564 1238 742 1309 ἐαυτῷ
764 1238 856 1291 τὸν
884 1239 1137 1309 Χριστὸν,
1160 1240 1187 1290 6
1213 1239 1490 1309 Πνεύματι
1520 1241 1660 1310 ἀγίῳ
1693 1235 2142 1314 κυϐερνούμενος,

562 1325 660 1398 τὴν
716 1324 869 1396 παρά
911 1324 1020 1376 τῶν
1062 1324 1348 1393 ἀκροατῶν
1391 1325 1802 1396 ὴρῥαϐωνίζετο
1837 1327 2145 1398 προσευχὴν

562 1410 770 1478 λέγων’
831 1407 1128 1476 Ἀδελφοί,
1182 1409 1600 1476 προσεύχεσθε
1655 1411 1787 1477 περὶ
1831 1409 1996 1479 ἐμοῦ,
2044 1412 2145 1464 ἵνα

556 1509 658 1562 μοι
694 1489 844 1558 δοθῇ
891 1493 1075 1560 λόγος
1110 1491 1179 1543 ἐν
1219 1490 1447 1555 ἀνοίξει
1492 1493 1597 1546 τοῦ
1654 1493 1950 1562 στόματός
1983 1511 2102 1562 μου
2125 1510 2138 1524 ·

565 1577 714 1644 πόσῳ
757 1575 956 1646 μᾶλλον
1007 1576 1167 1644 ἡμεῖς
1213 1575 1263 1626 οἱ
1308 1577 1550 1628 ταπεινοὶ
1597 1577 1689 1630 καὶ
1733 1578 1793 1630 16
1836 1578 2024 1648 μηδὲν,
2066 1578 2144 1642 ὡς

560 1662 758 1723 εἰπεῖν,
788 1658 940 1720 ὄντες
965 1657 1223 1728 αἰτοῦμεν
1247 1657 1347 1727 τὴν
1379 1660 1507 1729 παρ’
1532 1658 1686 1729 ὑμῶν
1719 1661 2034 1731 πρεσϐείαν,
2057 1661 2144 1714 ἵνα

561 1743 695 1812 λυθῇ
728 1742 827 1812 μὲν
861 1743 890 1793 6
915 1741 1110 1811 δεσμὸς
1139 1741 1238 1811 τῆς
1275 1740 1541 1811 γλώττης,
1576 1744 1766 1813 ἀνοιγῇ
1794 1744 1852 1797 δὲ
1876 1745 1974 1814 τῆς
1996 1747 2141 1817 παῤ-

565 1825 759 1895 τζησίας
800 1827 830 1878 6
881 1824 1038 1893 λόγος
1063 1839 1077 1852 ·
1126 1826 1220 1878 καὶ
1267 1825 1406 1896 αὑτὴ
1433 1824 1490 1877 δὲ
1537 1828 1571 1897 ἡ
1615 1827 1733 1880 θεία
1765 1827 1925 1898 χάρις
1955 1829 2141 1882 καὶτὸ

559 1908 790 1979 ὄργανον
837 1907 1231 1978 ἀνεμπόδιστον
1277 1908 1510 1981 φυλάξῃ,
1557 1913 1650 1963 καὶ
1699 1911 1807 1964 τῶν
1855 1913 2140 1982 νοημάτων

557 1995 659 2062 τὴν
691 1990 954 2063 χορηγίαν
1005 1992 1318 2063 ἀφθονήσῃ·
1371 1995 1470 2062 οὑχ
1507 1992 1595 2047 ἵνα
1637 1995 1666 2045 6
1708 1993 1882 2062 λέγων
1924 1995 1992 2048 τά
2021 1995 2140 2049 θεῖα

559 2075 792 2146 κερδάνῃ
848 2075 1028 2145 μόνος,
1074 2074 1190 2127 ἀλλ’
1246 2076 1330 2131 ἵνα
1385 2074 1505 2146 μεθ’
1549 2077 1704 2147 ὑμῶν
1749 2078 1841 2130 τὸν
1888 2079 2138 2150 οὐράνιον

558 2157 786 2210 πλοῦτον
814 2159 1076 2229 ἀντλήσῃ.
1113 2159 1251 2229 Φέρε
1278 2160 1480 2224 τοίνυν,
1516 2161 1614 2231 τῆς
1647 2161 1966 2226 ἀκολουθίας
1999 2163 2142 2233 ἁψώ-

561 2241 720 2312 μεθα.
752 2241 960 2312 Πρέπει
982 2242 1112 2311 γὰρ,
1146 2236 1320 2312 οἶμαι,
1347 2242 1535 2314 ῶσπερ
1567 2243 1730 2307 αὑτὸς
1774 2247 1801 2298 6
1845 2247 2138 2317 νομοθέτης

555 2325 794 2394 Ivi-(05371;
836 2324 1128 2396 ἀκολουθίᾳ
1179 2325 1274 2377 καὶ
1315 2326 1466 2392 τάξει
1515 2327 1607 2379 τὸν
1653 2329 1753 2397 τῆς
1781 2329 2136 2400 δημιουργίας

558 2410 890 2478 συνεπέρανε
925 2407 1103 2476 λόγον,
1134 2407 1277 2462 οὕτω
1318 2411 1412 2461 καὶ
1454 2411 1600 2480 ἡμᾶς
1639 2413 1753 2474 τοῖς
1795 2410 2034 2481 πρώτοις
2070 2413 2138 2464 τὰ

553 2490 805 2562 δεύτερα,
838 2492 931 2544 καὶ
967 2495 1078 2556 τοῖς
1103 2491 1376 2564 δευτέροις
1404 2494 1470 2547 τά
1501 2493 1658 2564 τρίτα
1690 2495 2056 2558 συνάπτοντας
2075 2493 2135 2548 εὖ

555 2577 760 2644 κρῖναι,
783 2575 877 2628 καὶ
904 2575 1208 2645 ἀσύγχυτον
1231 2577 1358 2646 ὑμῖν
1382 2575 1718 2646 παραδοῦναι
1745 2576 1836 2629 τοῦ
1861 2577 2017 2646 λόγου
2039 2581 2138 2651 τὴν

555 2659 860 2728 εἰσήγησιν·
894 2658 1152 2728 ΙΙέπηκτο
1171 2660 1198 2710 6
1214 2660 1460 2729 οὐρανὸς,
1488 2659 1724 2729 ἡδραστο
1745 2660 1807 2713 τὸ
1827 2662 2133 2732 στερέωμα,

553 2743 837 2811 ἀφώριστο
872 2743 906 2812 ἡ
953 2741 1214 2808 θάλασσα,
1245 2741 1571 2812 γεγύμνωτο
1617 2745 1649 2814 ἡ
1688 2744 1780 2814 γῆ,
1823 2745 2137 2799 πεποίκιλτο

554 2829 807 2898 καρποῖς,
833 2829 1038 2894 φυτοῖς,
1072 2827 1329 2893 δένδροις,
1369 2829 1594 2895 πηγαῖς,
1638 2827 1728 2880 καὶ
1769 2830 1932 2882 πᾶσιν
1959 2830 2135 2895 ἀπαξ-

553 2911 738 2974 απλῶς
764 2906 844 2973 οἷς
866 2910 1031 2980 ἐχρῆν
1065 2909 1495 2964 κεκαλλώπιστο.
1547 2909 1683 2963 Οὑτε
1716 2911 1826 2982 γὰρ
1873 2913 2016 2984 ἀπλῆ
2052 2932 2135 2978 τις

549 2990 620 3066 ἦν
645 2998 676 3066 ή
709 2998 772 3046 ἐκ
795 2993 995 3063 ταύτης
1017 2994 1266 3055 ἀνάδοσις
1292 2994 1588 3066 γεναμένη,
1607 2995 1742 3048 ἀλλά
1766 2998 2020 3069 διάφορος
2042 3002 2136 3053 καὶ

553 3079 794 3147 ποικίλη.
823 3078 902 3128 Τά
939 3077 1036 3146 μὲν
1071 3076 1178 3147 γάρ
1206 3077 1374 3147 αὑτὴν
1400 3077 1622 3146 ἐκόσμει
1674 3079 1770 3149 τὴν
1799 3081 1921 3151 γῆν,
1966 3083 2035 3135 τὰ
2079 3083 2134 3136 δὲ

553 3164 632 3223 είς
663 3161 960 3230 διατροφὴν
987 3161 1099 3222 τοῖς
1119 3159 1430 3229 ἀνθρώποις
1459 3159 1492 3229 ἢ
1527 3164 1641 3224 τοῖς
1661 3162 1875 3231 ἀλόγοις
1905 3166 2132 3232 ἐγίνετο,

550 3245 624 3298 τὰ
667 3243 724 3296 δέ
775 3246 939 3313 ἕτερα
976 3245 1201 3313 παρεῖχε
1228 3245 1324 3314 τὴν
1355 3245 1548 3314 χρῆσιν
1601 3249 1712 3309 τοῖς
1763 3248 2134 3318 προλεχθεῖσιν

552 3327 880 3399 ἀνθρώποις.
935 3328 1008 3378 Οὑ
1039 3328 1148 3397 γὰρ
1175 3325 1270 3378 τοῦ
1307 3327 1572 3397 παρόντος
1601 3329 1718 3380 ἐστὶ
1761 3333 1978 3400 καιροῦ,
2025 3333 2133 3384 τῶν

551 3411 822 3481 διαφόρων
854 3424 880 3450 α
914 3409 1023 3462 τῶν
1053 3411 1117 3462 ἐκ
1155 3411 1254 3481 τῆς
1287 3411 1388 3480 γῆς
1434 3409 1801 3464 ἀναδοθέντων
1837 3414 2129 3481 ἐπεξιέναι,

553 3495 696 3564 ὑπὲρ
748 3493 840 3546 τοῦ
892 3493 967 3564 μὴ
1008 3494 1089 3562 τῷ
1133 3495 1298 3563 μήκει
1352 3493 1448 3544 τοῦ
1492 3493 1651 3562 λόγου
1713 3495 1810 3557 τὰς
1863 3497 2132 3570 ὑμετέρας

554 3579 723 3642 ἀκοὰς
742 3579 1020 3632 ἀποκνεῖν.
1068 3576 1380 3646 ’Λπειλήφει
1416 3578 1510 3628 καὶ
1553 3578 1581 3629 6
1613 3578 1841 3648 οὐρανὸς
1881 3580 1973 3634 τὸν
2005 3584 2132 3636 ἴδιον

555 3662 778 3732 κόσμον.
809 3663 990 3732 Χωρεῖ
1014 3659 1195 3712 λοιπὸν
1226 3662 1254 3713 6
1285 3659 1416 3723 Θεὸς
1444 3661 1536 3712 ἐπὶ
1560 3661 1630 3713 τά
1661 3660 1849 3729 ὕδατα,
1867 3665 1961 3717 καὶ
1992 3670 2136 3719 ποιεῖ

551 3745 727 3798 ταῦτα
755 3745 1117 3816 προσενέγκαι
1145 3742 1320 3813 ψυχὴν
1349 3743 1548 3806 ζῶσαν,
1591 3746 1618 3796 6
1653 3745 1827 3814 μέγας
1864 3749 1956 3799 καὶ
1996 3750 2130 3802 πάν-

557 3844 719 3898 σοφος
747 3828 1107 3898 Δημιουργδς,
1137 3827 1166 3877 6
1195 3827 1422 3896 νεύματι
1466 3827 1711 3897 ἀϐιάστῳ
1747 3831 1838 3881 καὶ
1875 3831 2034 3903 Λόγῳ
2056 3833 2132 3904 τῷ

551 3914 695 3982 ἁγίῳ
720 3913 786 3965 τὰ
811 3912 983 3964 πάντα
1012 3910 1403 3982 ἐργασάμενος,
1431 3911 1506 3972 ὼς
1531 3911 1589 3975 ἐξ
1613 3912 1784 3982 αὐτῆς
1831 3914 1923 3966 τοῦ
1955 3919 2130 3985 Λόγου

551 3998 649 4066 τῆς
667 3996 920 4065 ἀληθείας
942 3995 1048 4050 τῶν
1073 3995 1409 4065 πραγμάτων
1434 3995 1530 4066 τὴν
1553 3996 1808 4066 ἀλήθειαν
1836 4000 2128 4067 ἐπέγνωτε,

553 4082 641 4133 ὅτε
680 4079 905 4148 ἠκούετε
934 4079 1098 4132 αὑτοῦ
1137 4079 1416 4146 λέγοντοςο
1444 4080 1804 4149 Συναχθήτω
1829 4084 1900 4136 τὰ
1919 4084 2127 4138 ὕδατα·

554 4164 646 4217 καὶ
673 4163 872 4226 εὐθέως
902 4162 1182 4230 ἡκολούθει
1207 4162 1267 4214 τὸ
1299 4163 1458 4232 ἔργον
1486 4162 1563 4232 τῷ
1590 4164 1765 4234 λόγῳ·
1804 4165 1897 4219 καὶ
1936 4169 2124 4222 πάλιν

565 4245 931 4316 Ἐξαγαγέτω
967 4247 1006 4314 ἠ
1061 4246 1168 4316 γῆ·
1217 4247 1332 4310 καὶ,
1389 4246 1754 4317 Ἐξαγαγέτω
1793 4250 1865 4302 τὰ
1901 4251 2088 4305 ὕδατα
2112 4269 2127 4283 ·

551 4333 668 4398 καὶ,
717 4329 1157 4397 Γενηθήτωσαν
1207 4328 1537 4398 φωστῆρες.
1579 4331 1685 4384 Καὶ
1733 4334 1898 4399 πολὺς
1939 4337 2006 4390 ἂν
2041 4338 2124 4410 εἴη

551 4417 646 4468 νῦν
670 4417 698 4467 6
718 4414 812 4466 τοῦ
841 4414 1102 4486 παρόντος
1131 4414 1318 4484 καιρὸς
1345 4414 1390 4474 b.
1424 4418 1556 4467 πᾶσι
1578 4419 1690 4479 τοῖς
1716 4417 1873 4488 Λόγῳ
1899 4423 2128 4491 γεναμέ-

551 4514 664 4560 νοις
701 4495 991 4561 ἐπεξιέναι.
1025 4497 1142 4550 Ἵνα
1190 4499 1298 4566 γάρ
1331 4499 1400 4550 τά
1446 4499 1584 4551 κατά
1622 4501 1716 4569 τὴν
1765 4508 2000 4556 παλαιάν
2036 4506 2129 4575 δη-

557 4582 841 4650 μιουργίαν
864 4581 1296 4650 καταλείψωμεν,
1330 4581 1572 4651 ἔλθωμεν
1603 4583 1695 4635 ἐπὶ
1727 4583 1794 4636 τὰ
1823 4587 1881 4638 ἐν
1912 4589 1977 4656 τῇ

551 4664 793 4734 Διαθὴκη
828 4664 957 4734 παρ’
1000 4664 1164 4716 αὑτοῦ
1202 4667 1358 4735 Λόγῳ
1409 4666 1566 4734 μόνον
1611 4669 1901 4738 γενάμενα.
1960 4666 2126 4736 Οὗτος

551 4750 660 4818 γάρ
693 4748 844 4798 ἐστιν
883 4749 912 4799 6
953 4749 1021 4800 τά
1067 4747 1272 4800 παλαιά
1320 4750 1750 4819 δημιουργήσας,
1798 4755 1890 4804 καὶ
1931 4755 1999 4807 τά
2031 4757 2125 4808 νέα

553 4833 806 4904 ποιήσας,
841 4833 981 4886 κατὰ
1019 4832 1268 4903 Ἰωάννην
1301 4833 1390 4884 τὸν
1417 4832 1642 4902 λέγοντα
1660 4852 1673 4864 ·
1701 4835 1904 4890 Πάντα
1931 4839 2003 4890 δι’
2029 4843 2127 4893 αὺ-

552 4916 659 4970 τοῦ
689 4915 943 4985 ἐγένετο,
979 4915 1099 4989 ,καὶ
1140 4915 1317 4982 χωρὶς
1362 4917 1548 4969 αὑτοῦ
1580 4917 1815 4987 ἐγένετο
1861 4920 2002 4973 ιύδὲ
2033 4923 2121 4977 ἓν.

551 5004 709 5063 Moto;
734 5000 842 5070 ἄρα
876 4999 1246 5068 ἐξηγήσασθαι
1274 4999 1445 5052 ταῦτα
1489 5003 1605 5053 κατ’
1643 5003 1925 5073 ἀκρίϐειαν
1967 5005 2125 5078 δυνή-

554 5101 706 5138 σεται
731 5083 915 5152 λόγος;
968 5081 1128 5135 Ἀλλά
1169 5082 1264 5150 τῆς
1302 5082 1620 5146 ἀκολουθίας
1657 5086 1926 5155 ἐχώμεθα.
1959 5084 2125 5155 Οὗτος

548 5169 728 5222 τοίνυν
755 5171 784 5222 6
817 5170 1090 5236 πάνσοφος
1117 5167 1474 5237 Δημιουργὸς,
1499 5167 1681 5231 καθὼς
1707 5169 1856 5241 [466]
1885 5172 2124 5237 φθάσαν-

548 5271 640 5318 τες
667 5255 921 5325 εἴπαμεν,
949 5253 976 5304 ὃ
1009 5252 1223 5323 πρῶτον
1251 5254 1493 5318 ἐποίησε,
1522 5253 1680 5306 τοῦτο
1709 5255 1802 5306 καὶ
1827 5257 2120 5329 ἐκόσμησε·

547 5334 702 5402 οὗτος
735 5341 828 5395 καὶ
863 5338 942 5407 τῷ
983 5337 1222 5409 δευτέρῳ
1265 5338 1560 5407 γενομένῳ,
1610 5339 1846 5410 δευτέρῳ
1885 5345 1977 5395 καὶ
2029 5347 2121 5399 τὸν

549 5423 752 5492 κόσμον
805 5423 1116 5476 ἀπέδωκεν·
1163 5422 1360 5491 ὁμοίως
1409 5421 1502 5474 καὶ
1553 5421 1628 5492 ἰᾠ
1688 5425 1872 5495 τρίτῳ,
1918 5429 2006 5481 καὶ
2044 5431 2122 5499 τῷ

613 5551 631 5572 ⁸
652 5550 800 5615 Savil.
827 5552 948 5614 conj.
975 5553 1058 5608 τὰς
1091 5552 1331 5615 διαφοράς,
1356 5552 1485 5612 quod
1517 5555 1709 5615 recepit
1730 5556 1911 5605 Combe
1947 5572 1986 5605 ε.
2013 5560 2118 5609 Mox

548 5611 700 5705 Savgil.
727 5615 779 5661 iu
800 5611 940 5662 ιριιίι
967 5622 1020 5662 el.
1038 5611 1293 5666 Comm-lis.
1315 5611 1559 5675 ἐπεξιέναι,
1582 5611 1806 5678 IIl-marg.
1824 5633 1854 5668 e
1879 5632 1977 5668 Var.
2004 5625 2118 5673 lect.

548 5690 678 5727 νπες.

619 5734 644 5770 ιι
668 5734 776 5803 8.1".
804 5737 926 5812 σιτῇ.
967 5737 1134 5812 καιροῦ
1179 5739 1328 5800 λόγος.
1372 5737 1629 5790 Combcﬁs.
1668 5742 1846 5791 omisso
1889 5743 1969 5792 νῦν
2014 5753 2122 5808 post

549 5799 810 5857 γενομένοις
835 5799 964 5846 addit
991 5799 1225 5862 ἐλόμενος.

2020 364 2386 423 SEVERIANI

3720 387 3827 444 458

2251 486 2515 556 τετάρτῳ,
2569 488 2664 540 καὶ
2711 491 2826 552 τοῖς
2869 489 3072 555 λοιποῖς
3108 491 3303 561 ἐφεξῆς
3342 493 3513 547 ἅπασι
3557 498 3699 552 κατὰ
3739 501 3834 573 τὴν

2246 568 2398 633 τάξιν
2431 569 2793 640 δημιουργίας
2825 573 2920 626 καὶ
2955 574 3052 646 τὴν
3101 574 3399 645 εὐκοσμίαν
3439 580 3731 651 παρέσχεν.
3767 568 3834 638 ’Ῠί

2244 651 2301 704 δὲ
2330 651 2418 704 διά
2444 653 2635 706 τούτου
2669 660 3224 729 πραγματευόμενοςς
3263 660 3295 730 ἢ
3329 662 3471 732 τάχα
3518 664 3613 716 καὶ
3657 668 3835 721 αὐτῶν

2244 732 2353 786 τῶν
2409 736 2688 804 στοιχείων
2737 740 2885 809 ἡμᾶς
2950 740 3158 804 διδάξαι
3213 741 3535 814 βουλόμενος
3575 747 3736 816 ὅρους
3775 766 3837 806 τε

2243 818 2428 887 τιμᾷν,
2453 819 2545 870 καὶ
2567 819 2720 884 τάξιν
2741 821 3155 889 ἐπιγινώσκεινς
3181 825 3400 897 Πρῶτον
3421 828 3597 882 τοίνυν
3613 831 3832 903 ἐποίησε

2242 898 2333 950 τὸν
2359 900 2587 971 οὐρανὸν
2607 902 2697 954 τὸν
2735 903 2940 970 ἐπάνω,
2977 906 3227 976 δεύτερον
3262 908 3360 979 τὴν
3391 909 3516 980 γῆν,
3560 898 3834 982 τρίτον-τὸ

2246 984 2552 1052 στερέωμα,
2589 985 2848 1057 τέταρτον
2877 989 3154 1059 ἀφώρισεν
3182 991 3250 1044 τὰ
3291 991 3482 1047 ὕδατα.
3513 995 3578 1048 Ὂ
3620 997 3833 1065 πρῶτον

2243 1066 2488 1137 ἐποίησε,
2525 1067 2683 1120 τοῦτο
2713 1069 2928 1138 πρῶτον
2972 1072 3269 1142 ἐκόσμησε.
3306 1073 3432 1139 Πῶς
3472 1071 3584 1140 οὖν,
3614 1081 3834 1143 πάντως

2244 1150 2360 1219 ἐρεῖ
2383 1168 2466 1214 τις
2491 1151 2598 1203 τῶν
2642 1152 3068 1223 ἀκριϐεστέρων,
3097 1156 3356 1227 δευτέραν
3397 1154 3564 1213 οὖσαν
3599 1161 3704 1232 τὴν
3732 1163 3833 1232 γῆν

2243 1234 2466 1303 πρώτην
2527 1235 2833 1305 ἐκόσμησε,
2887 1238 2980 1290 καὶ
3029 1240 3106 1301 ὡς
3150 1241 3460 1311 μαχομένου
3520 1243 3705 1316 ἐαυτῴ
3741 1245 3831 1300 τοῦ

2241 1315 2400 1384 λόγου
2453 1333 2554 1385 μου
2625 1317 2943 1390 βουλήσεται
3006 1319 3494 1392 ἐπιλαμϐάνεσθαι.
3559 1315 3712 1398 Πρὸς
3777 1329 3833 1384 ὃν

2241 1398 2480 1462 λεκτέον,
2505 1401 2580 1464 ώς
2602 1401 2753 1455 οὐδὲν
2784 1403 3026 1457 ἐναντίον
3053 1408 3182 1476 παρ’
3205 1407 3363 1476 ἡμῶν
3395 1410 3486 1463 ἐπὶ
3507 1409 3600 1464 τοῦ
3634 1413 3835 1483 παρόν-

2239 1500 2334 1546 τος
2361 1483 2575 1555 ἐλέχθη,
2605 1484 2740 1539 ἀλλά
2779 1486 2874 1540 καὶ
2909 1487 3053 1540 πάνυ
3089 1489 3268 1559 ἐαυτῷ
3310 1491 3567 1562 ἁρμόζων
3604 1495 3636 1547 6
3683 1495 3833 1565 λόγος

2238 1567 2515 1635 τυγχάνει,
2566 1568 2679 1639 Πρὸ
2726 1569 2836 1640 γάρ
2881 1569 2973 1622 τοῦ
3024 1572 3404 1644 στερεώματος
3459 1576 3679 1643 τούτου,
3741 1582 3832 1634 τοῦ

2243 1651 2379 1718 μετά
2407 1649 2498 1701 τὸν
2528 1650 2756 1723 οὐρανὸν
2783 1651 2874 1706 τὸν
2901 1651 3013 1706 ἄνω
3035 1655 3349 1726 γενομένου,
3389 1658 3701 1734 ἐκοσμήθη,
3742 1663 3831 1715 τοῦ

2239 1734 2334 1817 καί
2373 1734 2430 1786 ἐν
2471 1737 2536 1817 τῇ
2581 1734 2811 1808 δευτέρᾳ
2861 1737 3047 1809 ἡμέρᾳ
3087 1738 3187 1810 τὴν
3219 1739 3475 1794 σύστασιν
3507 1745 3828 1817 ἐσχηκότος.

2241 1815 2390 1869 Ἔδει
2425 1815 2535 1888 γὰρ
2573 1818 2643 1871 τὰ
2679 1819 2949 1888 πρεσϐεῖα
2989 1831 3011 1859 ο
3046 1821 3384 1894 φυλαχθῆναι
3409 1829 3475 1897 τῇ
3517 1815 3828 1902 ἀκολουθίᾳ.

2240 1899 2369 1953 Ὅτε
2401 1900 2500 1972 τὴν
2535 1902 2640 1972 γῆν
2669 1903 2942 1975 ἐκόσμησε
2993 1908 3181 1974 φυτοῖς
3210 1907 3304 1960 καὶ
3333 1912 3588 1981 καρποῖς,
3622 1913 3717 1967 ὅτε
3745 1899 3831 1967 16v

2236 1983 2466 2068 οὑρανᾲν
2490 1986 2864 2068 ἐκαλλώπισεν
2895 1989 3032 2061 ἡλίῳ
3065 1994 3162 2044 καὶ
3203 1992 3402 2068 σελήνῃ
3432 1996 3626 2066 καὶτῷ
3661 1999 3830 2068 λοιπῷ

2234 2066 2344 2119 τῶν
2382 2067 2600 2139 ἄστρων
2644 2070 2809 2142 χορῷ,
2842 2067 3008 2144 ἦλθεν
3036 2074 3128 2128 ἐπὶ
3174 2075 3244 2129 τά
3296 2066 3487 2132 ὕδατα.
3539 2081 3657 2133 Καὶ
3707 2082 3759 2134 τί
3801 2066 3829 2134 6

2239 2149 2675 2234 ἱστοριογράφος
2703 2155 2810 2209 Καὶ
2833 2152 2984 2224 εἷπε,
3012 2157 3198 2228 φησὶν,
3217 2161 3251 2213 ό
3277 2162 3440 2227 Θεός·
3459 2162 3828 2234 Ἐξαγαγέτω

2235 2234 2308 2286 τὰ
2333 2233 2521 2288 ὕδατα
2549 2235 2765 2304 ἑρπετὰ
2798 2239 3018 2308 ψυχῶν
3061 2241 3284 2308 ζωσῶν,
3323 2246 3422 2298 καὶ
3452 2233 3700 2302 πετεινά
3723 2264 3824 2300 πε-

2235 2311 2456 2380 τόμενα
2497 2312 2596 2366 ἐπὶ
2634 2313 2746 2383 τῆς
2785 2315 2902 2385 τῆς
2927 2319 3078 2372 κατὰ
3117 2318 3184 2374 τὸ
3229 2323 3538 2393 στερέωμα
3574 2325 3687 2380 τοῦ
3727 2328 3826 2380 οὐ·

2229 2395 2441 2463 ραν-οῦ.
2485 2395 2658 2450 Βλέπε
2703 2398 2840 2453 Θεοῦ
2889 2400 3045 2471 λόγον
3093 2402 3232 2475 ἔργα
3278 2408 3390 2470 τοῖς
3434 2409 3682 2480 ῥήμασιν
3725 2413 3822 2462 ἐπ-

2236 2481 2457 2565 άγοντος
2474 2480 2524 2547 ἀ,
2571 2484 2666 2535 καὶ
2702 2483 2769 2537 τὰ
2820 2486 3040 2557 ῥήματα
3085 2490 3450 2546 ἀποτελοῦντα
3493 2495 3818 2565 πράγματα.

2234 2564 2380 2634 Ὅρα
2429 2565 2565 2620 Θεοῦ
2601 2566 2872 2632 συλλαϐάς
2905 2571 3002 2623 καὶ
3043 2573 3264 2643 ῥήματα
3305 2575 3476 2647 μικρὰ
3523 2564 3682 2641 θείας
3729 2595 3821 2630 πε-

2233 2647 2567 2719 πληρωμένα
2626 2649 2929 2722 δυνάμεως.
2998 2652 3358 2726 Ἐξατιιγέτω
3402 2659 3475 2713 τὰ
3520 2659 3753 2714 ὕδατα·
3792 2663 3822 2712 6

2231 2731 2386 2801 λόγος
2409 2736 2437 2786 ό
2464 2734 2556 2787 τοῦ
2585 2733 2720 2787 Θεοῦ
2767 2736 2954 2800 κόπος.
2997 2739 3137 2807 Ἐγὼ
3167 2741 3392 2812 νομίζω,
3422 2744 3502 2796 ὅτι
3532 2744 3819 2815 προελάμ-

2232 2815 2362 2868 ϐανε
2392 2816 2459 2870 τά
2490 2817 2627 2888 ἔργα
2649 2818 2740 2871 τὸν
2764 2818 2921 2888 λόγον
2941 2837 2955 2850 °
2980 2821 3209 2894 ὀξυτέρα
3235 2825 3345 2896 γάρ
3370 2821 3438 2896 ἦν
3471 2826 3580 2878 τῶν
3616 2826 3819 2892 λέξεων

2230 2903 2264 2970 ἡ
2297 2899 2544 2972 δύναμις.
2580 2903 2807 2957 Οὐδέπω
2849 2907 3036 2977 εἴρητο
3073 2909 3102 2960 6
3131 2908 3310 2978 λόγος,
3339 2911 3509 2964 καὶτὸ
3529 2911 3695 2982 ἔργον
3720 2914 3818 2982 τὴν

2235 2983 2370 3037 ἰδίαν
2390 2984 2690 3055 εὐκοσμίαν
2714 2986 2986 3057 ἐλάμϐανε
3003 3006 3016 3019 ·
3044 2991 3220 3044 καὶτὸ
3239 2993 3568 3064 θαυμαστὸν,
3603 2997 3820 3067 ἑκάστῳ

2231 3067 2338 3120 τῶν
2376 3068 2652 3138 στοιχείων
2684 3069 2888 3152 τούτων
2910 3074 2938 3124 6
2965 3072 3097 3137 Θεὸς
3118 3074 3310 3147 διπλῆν
3343 3078 3646 3149 εὐκοσμίαν
3679 3097 3814 3152 παρ-

2233 3149 2408 3219 έσχεν.
2448 3151 2663 3237 ¹Ἰᾇδωκε
2681 3151 2758 3224 τῷ
2780 3155 3119 3227 στερεώματι
3141 3160 3437 3231 φωστῆρας
3472 3163 3571 3215 καὶ
3607 3149 3810 3237 δρόσον.

2243 3234 2403 3287 Ἀλλά
2433 3235 2526 3288 καὶ
2570 3235 2777 3291 τούτων
2829 3239 2990 3294 πάλιν
3022 3241 3131 3295 τῶν
3181 3246 3489 3314 φωστήρων
3534 3248 3570 3317 ’θ
3621 3234 3812 3317 λρῆσίς

2229 3317 2506 3388 διάφορος,
2550 3318 2626 3383 ὡς
2676 3321 2768 3373 καὶ
2799 3321 2856 3388 ἐξ
2903 3323 3090 3402 αὑτῶν
3122 3325 3280 3397 δῆλον
3300 3327 3402 3398 τῆς
3445 3329 3486 3381 Γ
3489 3333 3674 3402 ραφῆς
3709 3330 3812 3384 τῶν

2231 3403 2494 3484 ῥημάτων
2534 3402 2863 3475 καθέστηκε,
2911 3408 3040 3478 περὶ
3067 3401 3140 3461 ὧν
3179 3410 3319 3465 κατὰ
3354 3411 3610 3484 δύναμιν,
3631 3401 3688 3467 εί
3726 3416 3812 3468 καὶ

2233 3481 2320 3568 μὴ-
2340 3484 2459 3537 κατ’
2498 3484 2656 3568 ἀξίαν
2694 3485 3013 3560 διελάϐομεν
3043 3490 3256 3564 πρώην,
3289 3495 3374 3547 ὅτε
3399 3481 3529 3566 ὑμῖν
3569 3498 3664 3552 τὸν
3692 3500 3812 3568 περὶ

2230 3565 2436 3620 τούτων
2473 3567 2824 3638 ἐξετιθέμεθα
2853 3571 3029 3640 λόγον,
3060 3576 3188 3645 περὶ
3221 3569 3296 3630 ὧν
3324 3565 3488 3631 πάλιν
3517 3579 3699 3634 λαλεῖν
3726 3565 3810 3632 ἐπὶ

2230 3648 2323 3702 τοῦ
2353 3651 2622 3720 παρόντος
2650 3653 2711 3706 οὑ
2736 3655 3026 3725 χρήσιμον.

2303 3733 2365 3803 β’.
2409 3735 2488 3804 Τῇ
2516 3736 2587 3806 γῇ
2615 3738 2831 3808 σπαρτά
2855 3739 2948 3790 καὶ
2974 3738 3135 3808 φυτά,
3166 3743 3279 3806 τοῖς
3303 3742 3456 3797 ὕδασι
3475 3757 3500 3785 ο
3525 3750 3702 3817 νηκτά
3723 3747 3808 3800 καὶ

2231 3818 2474 3871 πετεινά.
2522 3818 2888 3890 Ἐξαγαγέτω
2915 3823 2986 3876 τὰ
3014 3822 3201 3878 ὕδατα
3228 3825 3444 3894 ἑρπετὰ
3468 3830 3692 3898 ψυχῶν
3715 3831 3807 3892 ζω-

2229 3899 2376 3965 σῶν,
2412 3901 2510 3955 καὶ
2555 3903 2795 3956 πετεινὰ
2841 3905 3154 3975 πετόμενα.
3199 3909 3435 3980 Ἐρπετά
3491 3915 3651 3968 καλεί
3690 3917 3809 3978 τοὺς

2233 3983 2451 4052 ἰχθύας,
2500 3985 2688 4057 ἐπειδὴ
2745 3987 2944 4057 μᾶλλον
2989 3988 3168 4058 ἕρπει,
3213 3991 3245 4064 ἡ
3293 4000 3609 4065 περιπατεῖ.
3653 3998 3809 4050 Ὅθεν

2230 4067 2324 4118 καὶ
2357 4069 2386 4120 6
2414 4069 2681 4153 μακάριος
2706 4071 2868 4125 Δαυῒδ
2893 4073 3204 4129 ἀκολουθῶν
3230 4077 3306 4148 τῷ
3333 4080 3606 4153 νομοθέτῃ
3635 4083 3806 4151 λέγει·

2229 4149 2389 4218 Αὕτη
2431 4151 2470 4219 ἡ
2507 4149 2796 4233 θάλασσα
2823 4156 2860 4222 ἠ
2902 4157 3136 4226 μεγάλη
3170 4160 3268 4213 καὶ
3291 4149 3664 4233 εἰιρύχωρᾶσ
3692 4149 3813 4219 ἐκεῖ

2230 4236 2445 4305 ἑρπετὰ
2489 4231 2577 4324 ὧν
2617 4241 2728 4324 οὐκ
2781 4241 2950 4296 ἔστιν
2999 4245 3264 4316 ἀριθμός.
3319 4231 3480 4304 Ξένον
3522 4231 3804 4324 πρᾶγμα,

2233 4320 2356 4390 ξένη
2385 4322 2645 4389 διάταξις,
2670 4323 2817 4389 ξένον
2847 4327 2940 4380 τοῦ
2965 4328 3123 4397 λόγου
3151 4331 3212 4384 16
3231 4333 3553 4405 ἐπάγγελμα
3577 4320 3598 4391 ί
3623 4320 3805 4399 Διατί;

2234 4405 2353 4457 ’Ότι
2380 4407 2594 4461 πάντων
2633 4411 2859 4480 ποιητής
2879 4426 2892 4438 ·
2929 4411 3102 4477 οὑτως
3124 4413 3236 4485 ἔχει
3281 4417 3384 4487 πρὸ
3415 4418 3715 4490 ὀφθαλμῶν
3746 4422 3812 4473 τά

2229 4506 2288 4541 τε
2317 4489 2677 4561 προλαϐόντα,
2719 4495 2815 4546 καὶ
2853 4495 2922 4548 τά
2955 4498 3244 4562 ἐνεστῶτα,
3277 4504 3370 4554 καὶ
3411 4503 3481 4556 τὰ
3522 4489 3810 4574 μέλλοντα,

2226 4572 2302 4635 ὡς
2322 4573 2445 4659 οὔτε
2467 4575 2628 4659 ἡμεῖς
2645 4578 2756 4639 τοῖς
2783 4577 3082 4649 ὀφθαλμοῖς
3104 4582 3280 4652 ἡμῶν.
3321 4585 3474 4638 Ἐπεὶ
3496 4572 3594 4640 οὑν
3621 4590 3809 4659 ἔμελλε

2225 4656 2484 4745 τὴνῃζωὴν
2505 4658 2728 4745 πρώτην
2754 4660 2841 4714 διά
2855 4663 2963 4717 τῶν
2991 4665 3200 4719 ὑδάτων
3214 4673 3472 4739 χορηγεῖν
3494 4672 3574 4742 τῷ
3597 4656 3804 4745 κόσμῳ,

2225 4739 2461 4810 πρώτοις
2499 4743 2784 4814 ἐπιτρέπει
2823 4749 2937 4811 τοῖς
2975 4748 3130 4804 ὕδασι
3177 4751 3440 4821 ζωογόνον
3473 4739 3808 4826 προενέγκαι

2225 4823 2417 4908 φύσιν·
2446 4825 2530 4878 ἵνα
2556 4826 2732 4898 μάθῃς
2757 4829 2924 4884 πόθεν
2958 4835 2992 4902 ἡ
3021 4833 3145 4903 ῥίζα
3173 4837 3272 4906 τῆς
3303 4837 3466 4908 ζωῆς.
3506 4823 3658 4908 Ἐγὼ
3683 4823 3812 4895 ὅταν

2349 4908 2477 4971 τοὺς
2520 4911 2921 4982 φωτιζομένους
2959 4905 3348 4988 ἐξερχομένους
3385 4905 3451 4973 ἐκ
3495 4905 3608 4978 τῶν
3636 4926 3810 4993 ἁγίων

2223 4991 2453 5077 ὑδάτων,
2477 4993 2817 5077 εἰσελθόντας
2856 4999 2955 5068 μὲν
2985 5001 3068 5064 είς
3098 5001 3160 5054 16
3189 5004 3472 5076 βάπτισμα
3505 5009 3650 5077 μετά
3685 4991 3810 5062 πολ·

2223 5074 2330 5162 λῶν
2358 5076 2545 5162 κακῶν
2576 5077 2653 5142 ὡς
2699 5080 2927 5152 ἐρπετά,
2960 5083 3353 5158 ἐξερχομένους
3397 5074 3455 5143 δὲ
3486 5074 3632 5161 μετὰ
3664 5092 3809 5162 ζωῆς

2223 5159 2463 5244 αίωνίου,
2501 5162 2612 5232 ὁρῶ
2641 5163 2731 5218 τὸν
2759 5169 3054 5240 νομοθέτην
3077 5171 3321 5239 λέγοντα·
3359 5159 3714 5244 Ἐξαγαγέτω
3742 5159 3810 5230 τά

2225 5239 2374 5327 [όϐη
2404 5243 2570 5327 ὕδατα
2591 5246 2660 5299 τά
2688 5249 2818 5301 ποτέ
2839 5252 3064 5322 ἑρπετὰ,
3089 5253 3185 5308 νῦν
3204 5254 3380 5326 ψυχὴν
3405 5239 3610 5327 ζῶσαν,
3638 5259 3807 5313 Πόθεν

2221 5323 2376 5413 τοῦτο
2425 5325 2582 5413 δῆλον
2627 5331 2756 5400 ἡμῖν
2801 5334 3060 5408 γένηταις
3113 5323 3237 5391 Ὅτι
3280 5323 3347 5391 δι’
3377 5325 3808 5413 προσερχόμενοι

2220 5407 2298 5477 τῷ
2349 5407 2556 5483 λουτρῷ
2589 5413 2675 5467 διὰ
2720 5417 2819 5480 τάς
2871 5420 3144 5491 προτέρας
3185 5424 3496 5493 ἁμαρτίας,
3545 5429 3648 5502 τὴν
3699 5426 3806 5480 τῶν

2224 5493 2470 5562 ἑρπετῶν
2498 5494 2832 5566 λαμϐάνουσι
2859 5501 3067 5572 κλῆσιν.
3111 5504 3357 5575 Ἐξῆλθον
3384 5509 3478 5561 ἐπὶ
3514 5510 3574 5562 16
3601 5493 3806 5580 ’βάπτιο

2223 5591 2335 5644 σμα
2389 5576 2636 5631 Ἰωάννου
2677 5583 2887 5636 πολλοί·
2920 5585 3067 5654 λέγει
3107 5590 3217 5651 τοῖς
3243 5589 3522 5644 ἐλθοῦσιν·
3575 5597 3807 5667 Ὀρειςι

2285 5695 2307 5772 ξ
2333 5694 2922 5772 ξαι’.ὶτὸι.παραπρέσϐεια.
2951 5705 3101 5758 Yalic.
3129 5710 3185 5757 τὰ
3210 5711 3455 5772 πρέσϐεια.

2282 5753 2311 5824 εξ
2331 5756 2586 5824 (Epmbglis.
2611 5753 2861 5824 ἐπάγοντα.

2291 5822 2314 5847 υ
2340 5817 2454 5867 Post
2470 5821 2611 5872 ὕδασι
2633 5817 2741 5874 Sa":
2771 5840 2798 5874 ει
2817 5832 2940 5892 conj.
2967 5833 3160 5894 suppfcl
3186 5834 3352 5883 ἔδωκε.
