4074 6308
271 470 605 545 gloriamque
660 458 955 522 referamus
989 462 1168 527 Patri,
1210 460 1350 516 Filio
1376 465 1431 513 et
1461 453 1679 526 Spiritui
1726 466 1852 505 san-

273 574 360 619 cto
387 576 528 617 nunc
554 568 610 615 et
636 572 868 627 semper,
900 563 956 610 et
979 556 1031 609 in
1058 553 1253 609 saecula
1279 550 1615 605 saeculorum.
1658 546 1851 601 Amen.

441 653 686 724 Ejusdem
709 652 762 705 in
787 658 1016 722 quartam
1033 648 1163 701 diem
1189 644 1454 698 creationis
1473 639 1676 694 mandi.

349 750 404 804 l.
432 745 727 802 Labantem
773 757 960 797 vocem
1007 748 1241 795 nostram
1274 736 1439 805 pridie
1467 749 1563 805 per
1587 731 1855 788 orationes

275 851 483 898 vestras
511 853 710 909 perque
738 844 973 891 vestrum
1000 831 1323 887 desiderium
1357 829 1446 883 Dei
1473 826 1647 897 gratia
1672 825 1855 878 ﬁrma-

275 934 371 989 vit.
404 933 523 1002 Ipsa
561 930 721 1001 igitur
758 927 1006 997 magistra
1039 938 1166 978 usus
1204 920 1531 991 experientia
1554 960 1569 983 ,
1598 927 1853 988 quantmn

277 1039 429 1080 amor
455 1021 757 1090 divinaeque
775 1018 987 1086 pietatis
1012 1015 1246 1070 Studium
1278 1019 1485 1081 potest,
1512 1008 1577 1063 ad
1612 1006 1853 1062 eamdem

277 1114 702 1171 obsecrationem
733 1108 947 1173 accedo,
977 1120 1162 1161 rursus
1182 1117 1374 1174 rogans
1397 1110 1456 1155 ut
1481 1098 1722 1156 eamdem
1761 1112 1857 1165 pro

279 1207 434 1261 nobis
462 1204 687 1274 gratiam
730 1200 943 1271 petatis.
984 1197 1114 1252 Nam
1146 1197 1189 1249 si
1221 1210 1315 1249 vas
1346 1190 1621 1249 electionis
1638 1187 1854 1250 Paulus,

277 1301 366 1368 qui
388 1298 659 1353 Christum
710 1295 766 1349 in
808 1294 986 1361 seipse
1028 1292 1329 1360 loquentem
1375 1284 1621 1348 habebat,
1652 1282 1774 1352 quia
1826 1296 1854 1333 a

276 1393 479 1464 Spiritu
504 1396 691 1446 sancto
716 1386 1019 1457 regebatur,
1038 1383 1337 1437 auditorum
1360 1378 1717 1449 precationem
1736 1389 1853 1426 mu-

280 1487 527 1542 tuabatur
564 1483 748 1538 dicens
779 1499 793 1534 :
824 1478 1052 1544 Fratres,
1084 1486 1230 1531 orate
1260 1491 1351 1544 pro
1375 1488 1454 1526 me
1477 1511 1492 1537 ,
1521 1480 1575 1523 ut
1617 1469 1736 1521 mihi
1765 1467 1855 1519 de-

280 1589 363 1632 tur
390 1577 591 1630 verbum
644 1574 699 1627 in
752 1571 1010 1641 apertione
1055 1568 1158 1622 oris
1211 1566 1309 1619 mei
1347 1564 1368 1633 (
1398 1563 1589 1635 Ephes.
1616 1560 1672 1615 6.
1715 1556 1855 1629 l9):

280 1676 478 1739 quanto
507 1664 675 1734 magis
720 1677 819 1717 nos
849 1662 980 1715 viles
1001 1702 1014 1727 ,
1046 1666 1101 1713 et
1127 1658 1252 1728 qui,
1284 1664 1344 1710 ut
1388 1655 1459 1709 ita
1484 1653 1656 1707 dicam
1682 1692 1697 1716 ,
1730 1649 1857 1704 nihil

282 1774 494 1823 sumus,
530 1755 966 1812 intercessionem
1013 1760 1247 1806 vestram
1292 1755 1553 1818 petemus,
1585 1752 1642 1797 ut
1668 1743 1860 1811 lingua:

281 1850 550 1906 vinculum
592 1847 826 1902 solvatur
849 1885 865 1911 ,
889 1842 1160 1914 aperiatur
1187 1838 1426 1895 veritatis
1470 1849 1687 1898 sermo;
1715 1833 1860 1900 ipsa-

282 1963 385 2017 que
411 1945 587 2001 divina
611 1942 781 2015 gratia
811 1938 1119 2009 expeditum
1142 1949 1397 2006 organum
1425 1929 1707 1991 custodiat,
1741 1942 1863 1980 seu-

282 2037 674 2105 tentiarumque
700 2033 907 2102 copiam
932 2028 1268 2100 suppeditet;
1301 2040 1404 2079 non
1432 2031 1491 2077 ut
1517 2022 1661 2076 solus
1683 2027 1867 2073 orator

283 2129 458 2184 divina
509 2129 776 2188 lucretur,
823 2123 919 2178 sed
948 2131 1004 2177 ut
1043 2121 1314 2176 vobiscum
1358 2117 1626 2172 czelestem
1657 2111 1863 2165 hauriat

285 2223 617 2277 thesaurum.
647 2221 758 2288 Age
787 2232 916 2287 ergo
942 2257 957 2280 ,
998 2215 1147 2284 prius
1175 2212 1437 2266 dictorum
1467 2205 1626 2261 seriei
1657 2204 1853 2257 haerea-

285 2329 422 2368 tuus.
453 2314 553 2366 Par
584 2320 665 2365 cst
689 2310 853 2373 enim,
884 2306 1136 2369 arbitror,
1171 2312 1229 2357 ut
1268 2296 1716 2373 quemadmodum
1752 2295 1864 2364 ipse

284 2407 555 2478 legislator
583 2405 790 2475 Moyses
826 2401 967 2455 serie
1014 2407 1173 2467 atque
1216 2394 1404 2450 ordine
1432 2389 1717 2447 creationis
1753 2402 1866 2442 scr-

285 2516 498 2555 monem
529 2496 775 2558 absolvit,
804 2495 881 2548 sic
925 2502 979 2547 et
1006 2506 1103 2545 nos
1131 2488 1318 2560 primis
1344 2483 1596 2548 secunda,
1618 2479 1866 2535 secundis

285 2594 437 2649 tertia
471 2590 781 2660 c0pulemus
802 2594 856 2641 et
880 2585 1285 2653 distinguamus,
1313 2577 1570 2646 vobisque
1598 2589 1702 2627 non
1725 2586 1862 2642 prae-

284 2695 554 2757 posteram
581 2680 846 2736 sermonis
884 2676 1277 2731 enarrationem
1309 2669 1598 2724 tradamus.
1635 2665 1865 2733 Compa-

284 2786 429 2831 etum
454 2790 573 2830 erat
599 2773 807 2835 carlum,
840 2770 1010 2823 solide
1035 2777 1293 2821 structum
1322 2764 1710 2817 firmamentum
1736 2798 1751 2823 ,
1777 2770 1866 2810 se-

285 2876 559 2940 gregatum
593 2879 758 2925 mare,
799 2862 1003 2916 detecta
1034 2868 1193 2923 terra,
1220 2856 1495 2919 fructibus,
1539 2850 1749 2922 plantis,
1777 2864 1867 2902 aro

286 2962 507 3017 boribus
532 3001 546 3023 ,
575 2957 806 3011 fontibus
846 2955 990 3007 varie
1020 2962 1227 3011 ornata,
1260 2959 1314 3004 et
1356 2957 1413 3002 ut
1458 2943 1761 3000 summatim
1792 2940 1870 2993 di-

287 3070 427 3117 cam,
458 3052 700 3106 omnibus
742 3050 841 3103 sibi
880 3045 1293 3116 congruentibus
1320 3043 1565 3097 decorata
1597 3046 1731 3094 erat.
1768 3036 1869 3091 Nc-

289 3162 396 3217 que
422 3146 564 3199 enim
595 3144 814 3212 simplex
847 3141 1086 3211 qua-dam
1116 3138 1366 3192 feracitas
1395 3136 1488 3190 fuit
1512 3178 1526 3200 ,
1559 3134 1651 3190 sed
1680 3132 1870 3187 distin-

289 3250 375 3294 cta
403 3247 459 3293 et
497 3236 662 3290 varia.
706 3234 836 3289 Nam
864 3233 965 3286 alia
1010 3232 1176 3301 ipsam
1203 3229 1463 3283 ornabant
1505 3236 1699 3280 terram
1727 3241 1741 3288 ;
1771 3224 1870 3275 alia

294 3335 346 3389 in
392 3346 568 3386 escam
600 3329 905 3383 hominibus
937 3336 989 3381 et
1023 3324 1190 3379 brutis
1218 3320 1574 3376 animantibus
1616 3316 1870 3387 producta

294 3433 436 3488 sunt,
459 3432 650 3477 cmtera
680 3419 981 3473 hominibus
1002 3430 1154 3469 usum
1180 3410 1504 3482 pnebcbant.
1534 3408 1713 3477 Neque
1732 3407 1870 3459 enim

295 3516 575 3586 pra-sentis
601 3525 681 3568 est
706 3512 983 3580 temporis,
1009 3509 1213 3562 diversa
1236 3507 1318 3558 illa
1349 3521 1466 3573 quin
1494 3518 1556 3556 ex
1594 3510 1731 3554 terra
1762 3514 1873 3566 pro-

297 3610 453 3663 ducta
482 3618 605 3661 sunt
636 3620 919 3661 recensere
944 3645 956 3667 ,
991 3619 1055 3655 ne
1078 3598 1340 3653 sermonis
1364 3593 1633 3663 longitudo
1659 3590 1874 3644 auribus

299 3700 487 3755 vestris
518 3698 737 3751 molesta
770 3697 857 3748 sit.
892 3695 1184 3761 Acecperat
1204 3689 1360 3743 etiam
1392 3686 1576 3739 cat-lum
1604 3681 1877 3751 preprinm

301 3793 401 3846 sibi
431 3800 696 3845 ornatum.
731 3788 978 3843 Procedit
1004 3786 1112 3854 jam
1147 3784 1283 3837 Deus
1306 3780 1370 3833 ad
1392 3792 1576 3848 aquas,
1606 3774 1873 3843 efficitque

304 3893 361 3938 ut
383 3884 485 3937 illa:
510 3883 741 3935 animam
779 3881 1043 3933 viventem
1074 3876 1387 3945 producant,
1419 3884 1642 3940 magnus
1669 3869 1878 3936 sapien-

307 3976 647 4043 tissimusque
696 3973 918 4025 Creator
941 4012 954 4034 ,
987 3970 1073 4039 qui
1125 3968 1292 4021 libero
1321 3979 1418 4019 suo
1464 3974 1593 4016 nutu
1622 3968 1677 4015 et
1707 3959 1877 4015 Verbo

304 4078 487 4123 sancto
512 4082 610 4121 suo
633 4064 807 4118 omnia
838 4064 987 4127 fecit,
1032 4071 1091 4115 ut
1114 4076 1175 4115 ex
1210 4061 1320 4129 ipsa
1354 4057 1516 4112 Verbi
1544 4055 1767 4110 veritate
1795 4069 1879 4106 rc-

305 4177 418 4214 rum
446 4160 722 4213 veritatem
754 4158 939 4218 nostis,
972 4170 1091 4208 cum
1123 4152 1396 4206 audivistis
1424 4166 1544 4204 eum
1575 4148 1874 4204 dicentem;

306 4253 681 4325 Cougregentur
708 4265 852 4320 aqua:
879 4265 897 4312 ;
925 4257 978 4301 et
1007 4246 1183 4300 statim
1213 4258 1345 4312 opus
1370 4250 1649 4310 sequutum
1682 4248 1761 4293 est
1783 4256 1795 4298 ;
1820 4252 1881 4289 ac

307 4362 537 4409 rursum,
575 4342 774 4397 Educet
820 4352 992 4403 terra;
1032 4348 1104 4405 et,
1133 4337 1366 4391 Educant
1405 4350 1582 4404 aquw;
1612 4341 1694 4394 et,
1729 4330 1882 4383 Fiant

310 4437 594 4490 luminaria.
622 4433 875 4501 Multique
900 4430 1053 4483 fuerit
1085 4428 1356 4495 temporis,
1377 4426 1551 4478 omnia
1570 4440 1688 4494 qua:
1708 4422 1882 4475 Verbo

310 4527 442 4581 facta
470 4535 594 4579 sunt
614 4539 751 4578 nunc
782 4536 1027 4576 sermone
1057 4518 1321 4586 prosequi.
1346 4515 1415 4571 Ut
1445 4517 1584 4569 enim
1615 4513 1881 4581 antiquam

312 4621 452 4675 illam
481 4618 805 4673 creationem
835 4617 1121 4673 mittamus,
1150 4612 1258 4680 jam
1284 4609 1557 4662 veniamus
1586 4607 1651 4659 ad
1679 4621 1739 4659 ea
1766 4620 1883 4672 qua:

313 4714 363 4767 in
392 4713 539 4767 Novo
569 4710 909 4764 Testamento
937 4706 1051 4761 solo
1080 4704 1258 4758 Verbo
1278 4702 1344 4756 ab
1364 4717 1428 4756 eo
1455 4709 1577 4755 sunt
1603 4699 1758 4753 facta.
1794 4698 1885 4752 llic

314 4819 541 4873 namque
564 4812 644 4855 est
663 4802 750 4871 qui
774 4808 950 4854 vetera
977 4797 1193 4861 creavit,
1216 4805 1268 4849 et
1285 4808 1420 4847 nova
1450 4791 1574 4846 fecit
1596 4789 1882 4845 secundum

312 4896 570 4951 Joannem
609 4892 869 4946 dicentem
904 4906 917 4943 :
964 4889 1152 4963 _Umnia
1182 4903 1269 4957 per
1298 4887 1462 4955 ipsum
1505 4886 1639 4954 facta
1663 4892 1781 4936 sunt
1804 4922 1819 4947 ,
1846 4890 1877 4934 θ’

312 4990 420 5043 sine
456 4988 568 5056 ipso
612 4986 797 5055 factum
842 4991 912 5036 est
960 4982 1087 5034 nillil
1134 4978 1331 5050 (Joan.
1360 4978 1408 5031 l.
1438 4974 1537 5046 3).
1565 4976 1694 5042 Quae
1736 4973 1895 5043 igitur

318 5081 489 5135 oratio
517 5080 905 5133 hrecaccurate
936 5072 1184 5144 prosequi
1234 5070 1447 5141 possit?
1476 5069 1578 5123 Sed
1624 5068 1777 5122 seriei
1808 5068 1892 5119 in-

319 5174 589 5226 sistamus.
623 5170 718 5222 llic
760 5168 920 5237 igitur
960 5164 1382 5235 sapientissimus
1419 5159 1673 5221 Creator,
1699 5166 1757 5210 ut
1786 5156 1893 5225 jam

320 5265 571 5327 diximus,
598 5262 735 5331 quod
769 5263 996 5330 primum
1041 5258 1273 5320 fecerat,
1304 5254 1407 5307 hoc
1446 5263 1499 5308 et
1527 5252 1772 5314 ornavit;
1812 5249 1899 5303 hic

321 5359 481 5411 etiam
515 5354 590 5415 id,
623 5353 761 5423 quod
805 5351 1094 5407 secundum
1137 5349 1331 5402 factum
1365 5346 1567 5411 fuerat,
1600 5344 1786 5398 ordine
1816 5358 1901 5397 sc-

329 5451 562 5506 cundum
586 5449 898 5509 exornavit;
931 5446 1161 5512 itemque
1192 5441 1428 5505 tertium,
1463 5446 1705 5508 quartum
1733 5444 1786 5490 et
1812 5450 1900 5489 rc-

324 5542 468 5613 liqua
498 5540 752 5606 deinceps
779 5534 957 5588 omnia
1000 5532 1289 5587 secundum
1330 5528 1571 5583 ordinem
1616 5526 1900 5579 creationis

327 5641 518 5685 ornatu
545 5644 642 5684 suo
672 5625 962 5682 decoravit.
983 5623 1097 5690 Quo
1122 5632 1297 5677 autem
1316 5619 1492 5673 animo
1513 5617 1563 5670 id
1595 5616 1754 5671 fecit?
1776 5629 1901 5668 num

331 5723 563 5778 fortasse
587 5719 774 5774 volens
806 5716 999 5770 docere
1029 5722 1217 5779 nus,ut
1237 5711 1619 5766 elementorum
1650 5706 1904 5760 terminos

333 5815 590 5880 colamus,
639 5810 981 5876 ordinemque
1024 5802 1407 5876 agnoscamus?
1435 5802 1609 5857 Primo
1648 5798 1803 5869 igitur
1829 5796 1903 5852 fe-

1293 343 1383 401 DE
1413 339 1626 398 MUNDI
1663 334 2051 395 CREATIONE
2086 336 2339 393 ORATIO
2377 337 2469 393 IV.

3444 330 3555 390 εδδ.

1962 450 2034 504 cit
2060 450 2248 505 caelum
2299 450 2579 521 superius;
2611 449 2845 505 secundo
2894 458 3123 514 terram;
3177 448 3332 502 tertio
3356 446 3541 502 ﬁrma-

1961 552 2232 607 mentum;
2257 550 2455 610 quarto
2471 540 2767 609 segregavit
2791 554 2976 609 aquas.
3013 539 3165 607 Quod
3203 538 3437 607 primum
3459 540 3535 591 fe-

1962 633 2054 698 cit,
2085 635 2315 702 primum
2341 633 2573 687 ornavit.
2603 631 2882 696 Quomodo
2908 646 3071 701 ergo,
3103 630 3249 685 dicet
3272 631 3538 699 quispiam

1960 741 2026 780 ex
2057 724 2486 789 studiosioribus,
2513 738 2633 777 cum
2662 723 2892 777 secunda
2921 732 3064 777 esset
3102 732 3273 787 terra,
3310 723 3533 791 primam

1962 817 2103 871 illam
2128 817 2369 872 ornavit?
2406 831 2469 870 ac
2491 817 2641 886 quasi
2682 831 2866 870 secum
2893 824 3155 885 pugnante
3193 815 3496 870 narratione
3515 854 3544 877 ,.

1960 926 2249 980 coarguere
2278 910 2436 964 volet.
2466 909 2568 979 lpsi
2598 909 3046 978 reSpondendum,
3070 908 3202 962 nihil
3232 922 3413 961 secum
3446 923 3542 975 pn-

1959 1018 2129 1073 gnaus
2154 1018 2183 1055 a
2213 1003 2367 1057 nobis
2399 1002 2451 1057 in
2484 1003 2733 1072 praesenti
2764 1002 2960 1056 dictum
2986 1000 3148 1055 fuisse
3168 1041 3185 1065 ,
3218 999 3313 1055 sed
3335 1001 3537 1054 oratio-

1964 1111 2085 1149 nem
2127 1095 2225 1149 sibi
2256 1095 2476 1149 omnino
2501 1110 2621 1149 esse
2652 1094 3098 1150 consentientem.
3128 1093 3258 1148 Nam
3285 1102 3409 1147 ante
3438 1092 3553 1147 hoe

1966 1190 2384 1255 ﬁrmamentum,
2409 1185 2549 1257 quod
2579 1194 2701 1258 post
2722 1186 2907 1241 caelum
2936 1186 3179 1255 superius
3206 1185 3397 1239 factum
3424 1193 3501 1240 est
3521 1225 3540 1250 ,

1963 1289 2122 1345 atque
2168 1279 2399 1333 secunda
2446 1278 2534 1333 die
2581 1278 2965 1341 constitutum,
3008 1286 3193 1331 ornata
3239 1287 3376 1332 terra
3421 1276 3540 1331 fuit.

1966 1370 2649 1439 Oportebatcnimordinis
2679 1372 2873 1425 seriem
2902 1370 3127 1425 servari.
3170 1368 3303 1423 Cum
3344 1380 3558 1424 terram.

1965 1464 2160 1531 plantis
2184 1472 2238 1518 et
2261 1463 2518 1517 fructibus
2542 1473 2811 1528 ornasset,
2844 1478 2965 1517 cum
2992 1464 3186 1518 cadum
3215 1465 3346 1525 sole.
3380 1464 3499 1517 luna
3529 1505 3543 1526 ,

1964 1572 2027 1610 ae
2056 1556 2271 1624 reliquo
2285 1556 2559 1611 stellarum
2584 1557 2749 1611 choro
2777 1556 3107 1621 decorasset,
3136 1556 3201 1610 ad
3224 1572 3386 1624 aquas
3417 1571 3542 1624 pro-

1964 1652 2147 1705 cessit.
2183 1652 2253 1706 Et
2276 1653 2400 1722 quid
2431 1653 2666 1706 historiae
2708 1651 2976 1721 scriptor?
3002 1650 3069 1703 Et
3099 1650 3227 1704 dixit
3256 1649 3394 1703 Deus
3415 1691 3430 1715 ,
3465 1651 3546 1703 in-

1964 1743 2110 1810 quit,
2146 1743 2387 1797 Edueant‘
2425 1760 2584 1811 aquae
2611 1744 2811 1813 reptilia
2853 1742 3138 1796 animarum
3180 1741 3466 1806 viventium,
3498 1750 3565 1794 etv

1966 1848 2079 1886 aves
2117 1834 2346 1887 volantes
2383 1851 2533 1903 super
2580 1844 2799 1897 terram,
2850 1833 3125 1887 secundum
3171 1832 3555 1902 firmamentum

1966 1927 2078 1980 caeli
2106 1926 2124 1997 (
2154 1926 2279 1980 Gen.
2308 1928 2356 1981 l.
2388 1926 2460 1981 20
2488 1927 2528 1998 ).
2563 1926 2698 1981 Vide
2721 1926 2813 1980 Dei
2844 1939 3169 1989 sermonem,
3202 1940 3363 1994 opera
3391 1924 3569 1978 dictis.

1967 2020 2274 2085 addentem,
2326 2028 2381 2073 et
2411 2018 2571 2074 verba
2626 2019 2678 2072 in
2715 2032 2874 2086 opera
2919 2026 3233 2072 vertentem.
3268 2016 3403 2071 Vide
3448 2016 3543 2069 Dei

1966 2112 2198 2184 syllabas
2225 2112 2492 2182 verbaque
2516 2111 2721 2176 brevia,
2754 2111 2947 2165 divina-
2967 2111 3164 2166 virtute
3196 2110 3372 2180 plena.
3399 2108 3564 2164 Edu-.

1968 2217 2083 2260 cant
2110 2223 2257 2277 aqate
2277 2223 2295 2259 :
2321 2221 2499 2261 sermo
2526 2205 2676 2259 labor
2701 2214 2754 2259 et
2778 2219 2911 2273 opus
2929 2204 3022 2259 Dei
3053 2213 3153 2257 est.
3181 2203 3426 2258 Arbitror
3448 2218 3551 2271 ego

1968 2315 2127 2370 opera
2177 2314 2478 2353 sermonem
2507 2299 2855 2353 antevertissc
2884 2316 2897 2351 :
2944 2297 3179 2351 velocior
3221 2297 3364 2352 enim
3393 2295 3551 2350 dictis

1970 2394 2221 2463 potentia.
2248 2392 2493 2447 Nondum
2523 2392 2758 2460 prolatus
2778 2406 2957 2446 sermo
2979 2389 3169 2458 fuerat,
3185 2401 3239 2443 et
3267 2404 3400 2459 Optls
3430 2404 3573 2457 protr

1972 2485 2141 2553 prium
2173 2485 2468 2553 accipiebat
2494 2494 2738 2537 ornatmn
2770 2500 2785 2538 :
2818 2481 3067 2552 quodque
3087 2481 3280 2535 mirum
3306 2490 3408 2547 est,
3441 2481 3573 2534 siu-

1969 2578 2105 2648 gulis
2131 2578 2281 2631 hisee
2301 2579 2578 2632 elementis
2613 2578 2748 2631 Deus
2785 2578 3048 2646 duplicem
3083 2576 3354 2647 prmbebat
3395 2592 3553 2631 orna-

1974 2680 2101 2723 tum.
2163 2670 2317 2723 Dedit
2364 2669 2698 2723 firmamento
2757 2669 3034 2723 luminaria
3083 2677 3153 2724 ct‘
3190 2685 3387 2724 rorem.
3442 2668 3582 2722 lino.

1974 2762 2133 2815 ctiam
2182 2760 2368 2815 horum
2417 2762 2757 2816 luminarium
2791 2761 3033 2816 diversus
3073 2771 3379 2827 eratusus;
3407 2771 3462 2815 ut
3484 2776 3570 2815 ex.

1976 2852 2102 2921 ipsis
2130 2852 2417 2922 Scripturze
2465 2854 2619 2908 dictis
2666 2863 2874 2907 constat
2899 2895 2913 2917 ,
2941 2853 3007 2907 de
3036 2853 3226 2923 quibus
3254 2870 3351 2923 pro
3392 2854 3551 2919 virili,

1976 2943 2075 2998 etsi
2122 2960 2227 2997 non
2271 2959 2369 3014 pro
2413 2944 2700 3013 dignitate,
2746 2960 2914 3014 nuper
2946 2944 3110 2998 verba
3146 2944 3399 3011 fecimus,
3431 2960 3581 2998 cum.

1980 3036 2132 3089 vobis
2157 3035 2347 3089 horum
2379 3037 2636 3091 rationem
2672 3036 3069 3105 exponebamus
3102 3050 3115 3088 :
3148 3036 3214 3091 de
3241 3037 3431 3106 quibus
3458 3037 3558 3092 ite-

1975 3145 2092 3184 rum
2124 3129 2176 3183 in
2200 3129 2449 3197 praesenti
2495 3144 2797 3183 sermonem
2832 3130 3026 3185 habere
3057 3130 3243 3184 inutile
3269 3130 3423 3185 foret:

2045 3221 2100 3273 2.
2140 3219 2278 3273 Deus
2305 3220 2558 3287 praeterita
2582 3261 2595 3283 ,
2628 3221 2893 3289 praesentia
2922 3229 2967 3273 et
2995 3224 3170 3291 futura
3196 3221 3343 3274 videt.
3373 3220 3557 3289 Bapti-

1976 3329 2111 3366 smus
2149 3311 2443 3365 emundata
2484 3312 2697 3379 peccatis
2734 3310 2982 3365 erunibus.
3022 3310 3270 3381 Baptismi
3311 3311 3483 3382 ﬁgura
3510 3321 3584 3366 et”

1976 3409 2067 3460 vis.
2095 3436 2166 3445 —
2194 3405 2374 3459 Terra:
2400 3405 2600 3460 semina
2630 3404 2779 3459 dedit
2805 3413 2858 3458 ct
2889 3403 3092 3473 plantas
3116 3422 3130 3469 ;
3161 3404 3334 3473 aquis,
3362 3404 3556 3458 natati.

1978 3500 2047 3553 lia
2076 3508 2129 3553 et
2157 3498 2407 3552 volatilia.
2436 3496 2666 3551 Educant
2686 3512 2830 3563 aqua:
2853 3497 3054 3565 reptilia
3079 3496 3362 3549 animarum
3388 3496 3555 3549 viven-

1981 3592 2102 3644 tium
2127 3632 2139 3651 ,
2171 3600 2221 3643 ετ
2242 3589 2467 3643 volatilia
2495 3588 2733 3641 volantia.
2767 3586 2993 3656 lleptilia
3025 3587 3195 3655 pisces
3219 3593 3407 3652 vocat,
3435 3587 3555 3655 quia

1982 3682 2154 3749 potius
2195 3690 2425 3749 repunt,
2463 3694 2618 3748 quam
2659 3678 2950 3731 ambulant.
2986 3677 3338 3742 Quamobrem
3371 3676 3557 3732 beatus

1982 3772 2144 3825 David
2187 3771 2540 3839 legislatorcm
2578 3784 2804 3839 sequens
2846 3769 2919 3822 ait
2950 3786 2963 3822 :
2996 3767 3109 3821 Hoc
3144 3784 3280 3821 mare
3319 3785 3571 3839 magnum-

1983 3874 2033 3918 et
2073 3863 2349 3932 spatiosum
2383 3882 2401 3915 .-
2428 3860 2536 3914 illic
2570 3858 2773 3930 reptilia
2815 3876 3027 3929 quorum
3072 3876 3172 3912 non
3213 3867 3286 3912 est
3325 3874 3569 3911 numeras

1984 3962 2001 4028 (
2029 3958 2169 4011 l’sal.
2199 3957 2319 4011 103.
2348 3955 2419 4010 25
2440 3956 2480 4026 ).
2509 3955 2644 4009 Rem
2668 3953 2983 4023 stupendam
3012 3955 3026 4007 ε
3068 3951 3392 4021 stupendum
3414 3951 3559 4005 ordi-

1984 4052 2147 4105 nem!
2196 4047 2438 4118 stupendi
2485 4046 2631 4100 verbi
2674 4045 3116 4115 promissionem!
3158 4044 3383 4111 Quare?
3429 4042 3582 4108 Quia.

1984 4142 2221 4197 omnium
2252 4138 2439 4208 Opifex
2468 4146 2551 4193 est
2576 4155 2590 4203 ;
2619 4138 2696 4191 sic
2733 4151 2843 4206 prae
2873 4137 3039 4191 oculis
3071 4134 3230 4189 habet
3257 4136 3519 4205 prteterita
3546 4176 3561 4197 ,

1986 4232 2264 4303 prmsentia
2297 4239 2351 4285 et
2394 4231 2563 4283 futura
2590 4270 2605 4295 ,
2647 4237 2704 4282 ut
2744 4243 2913 4298 neque
2948 4241 3045 4281 nos
3080 4242 3142 4282 ea
3173 4228 3284 4296 ipsa
3310 4243 3426 4297 qum
3455 4243 3581 4297 prte—

1986 4327 2153 4381 oculis
2175 4333 2314 4377 sunt.
2336 4323 2468 4389 Quia
2496 4322 2654 4392 igitur
2678 4336 2771 4390 per
2795 4335 2959 4391 aquas
2982 4320 3152 4389 primo
3177 4320 3336 4374 vitam
3369 4320 3566 4374 mundo

1988 4422 2206 4474 daturus
2235 4425 2368 4481 erat,
2397 4416 2569 4485 primo
2598 4414 2749 4484 aquis
2780 4413 3039 4485 praecipit,
3067 4421 3125 4467 ut
3151 4413 3439 4481 viviparam
3470 4428 3565 4465 na-

1992 4520 2163 4580 turam
2195 4508 2488 4579 producant
2518 4525 2530 4561 :
2564 4514 2621 4560 ut
2645 4506 2819 4560 discas
2849 4504 2988 4559 unde
3016 4504 3163 4558 radix
3192 4505 3310 4558 vitae
3340 4505 3427 4558 sit.
3458 4505 3566 4573 Ego

1991 4614 2111 4659 cum
2140 4601 2295 4656 video
2324 4615 2418 4655 eos
2461 4600 2549 4670 qui
2589 4597 2871 4653 illuminati
2903 4596 3051 4652 fuere
3095 4612 3161 4650 ex
3192 4597 3386 4651 sanctis
3417 4597 3566 4666 aquis

1993 4697 2156 4761 exire,
2181 4694 2269 4764 qui
2295 4694 2347 4748 in
2374 4691 2693 4760 baptismum
2714 4704 2833 4743 cum
2862 4687 3040 4742 multis
3062 4687 3213 4741 malis
3234 4688 3380 4757 quasi
3406 4687 3568 4757 repti-

1993 4787 2063 4842 lia
2088 4782 2310 4855 ingressi
2335 4791 2477 4846 sunt,
2508 4789 2561 4835 et
2586 4795 2705 4834 cum
2733 4779 2837 4833 vita
2867 4787 3066 4833 interna
3093 4789 3215 4832 sunt
3250 4778 3469 4848 egressi,
3492 4778 3573 4831 vi-

1996 4879 2093 4933 deo
2124 4875 2500 4946 Legislatorem
2541 4871 2804 4926 dicentem
2834 4888 2846 4925 ε
2879 4870 3119 4925 Educant
3151 4885 3301 4940 aqua:
3330 4885 3389 4923 ea
3412 4910 3425 4933 ,
3458 4885 3577 4939 qua:

1998 4982 2121 5027 tunc
2144 4969 2351 5037 reptilia
2371 4974 2542 5030 erant,
2571 4980 2710 5019 nunc
2738 4965 2912 5018 anima
2934 4965 3115 5018 vivens
3136 4972 3278 5017 sunt.
3304 4962 3575 5017 Undcnam

2000 5065 2101 5119 hoc
2126 5062 2280 5117 nobis
2306 5060 2481 5132 palam
2511 5059 2650 5114 erit?
2680 5057 2813 5124 Quia
2857 5057 2890 5110 ii
2919 5056 3008 5126 qui
3038 5054 3297 5109 accedunt
3339 5052 3404 5105 ad
3436 5052 3580 5105 lava-

1999 5171 2147 5209 crum
2176 5154 2229 5208 in
2255 5154 2433 5223 priora
2474 5159 2686 5220 peccata
2711 5192 2725 5215 ,
2754 5149 3019 5219 reptilimn
3060 5162 3250 5202 nomen
3282 5145 3576 5213 accipiunt.

2002 5247 2268 5301 Exierunt
2291 5246 2442 5300 multi
2471 5245 2535 5299 ad
2566 5245 2888 5312 baptismum
2912 5240 3131 5297 Joannis
3162 5256 3178 5291 ι
3207 5238 3583 5293 accedentibus

2002 5339 2130 5393 dicit
2160 5355 2174 5392 :
2208 5339 2510 5407 Serpentes,
2554 5338 2809 5408 genimina
2849 5337 3132 5404 viperarum
3161 5374 3176 5399 ,
3211 5333 3322 5401 quis
3364 5331 3591 5385 ostendit

2004 5430 2139 5484 vobis
2164 5434 2335 5500 fugere
2355 5446 2387 5482 a
2406 5438 2614 5482 ventura
2643 5431 2721 5481 ira
2750 5430 2766 5496 (
2790 5428 2975 5480 Matth.
3002 5427 3052 5481 '5.
3080 5425 3147 5497 7)
3170 5425 3193 5478 ’ἓ
3221 5424 3351 5479 Cum
3383 5420 3581 5490 anima,

2007 5536 2123 5590 quae
2139 5522 2316 5575 multis
2339 5520 2495 5574 annis
2524 5520 2576 5573 in
2611 5518 2840 5587 nequitia
2869 5518 3035 5582 vixit,
3069 5517 3120 5570 in
3152 5516 3470 5585 baptismum
3503 5514 3588 5567 iu-

2010 5620 2116 5665 trat
2140 5652 2154 5676 ,
2194 5619 2248 5666 et
2284 5611 2622 5681 improbitate
2660 5608 2898 5678 deposita
2938 5608 3226 5678 egreditur,
3253 5606 3375 5661 vide
3412 5622 3588 5661 annon

2010 5702 2258 5772 operibus
2281 5702 2617 5772 reSplendcat
2639 5701 2727 5753 illa
2749 5715 2853 5754 vox
2875 5699 3160 5765 dominica,
3187 5713 3306 5767 quae
3331 5697 3425 5759 ait,
3450 5695 3594 5749 Eda-

2016 5802 2131 5848 cant
2155 5808 2300 5863 aqua
2328 5791 2527 5865 reptilia
2554 5792 2833 5846 animarum
2865 5790 3149 5859 viventium,
3182 5798 3227 5844 et
3253 5787 3476 5843 volatilia
3506 5802 3597 5839 vo.
