4074 6308
491 336 607 391 ‘59

485 453 691 508 lentia!
721 451 990 520 Duplicem
1038 463 1266 520 namque
1307 450 1530 519 gratiam
1559 448 1756 518 accipit
1779 447 1826 501 is
1850 448 1937 518 qui
1968 462 2062 500 sa-

487 549 648 599 lutem
678 544 1041 613 consequitur.
1070 557 1266 612 nempe
1287 551 1342 596 et
1371 539 1666 596 viviﬁcatur
1683 540 1878 604 anima,
1901 548 1954 594 et
1974 554 2067 594 vo-

485 637 642 692 latilis
669 636 915 702 efﬁcitur,
944 645 1003 691 et
1022 635 1090 690 ad
1115 635 1367 690 cazlorum
1400 633 1634 688 fornices
1661 633 1871 703 attingit
1896 674 1912 696 ,
1939 647 2063 686 cum

485 728 686 800 angelis
713 737 978 793 versatur,
1005 734 1061 782 et
1086 742 1207 780 cum
1233 725 1438 780 cailesti-
1460 724 1649 780 ordine
1675 724 1853 778 locum
1883 723 2062 776 habet.

489 821 552 876 Et
581 821 806 875 volatilia
831 820 1052 874 uolantia
1079 835 1232 890 super
1253 829 1438 871 terram
1464 815 1740 871 secundum
1767 817 2061 884 ﬁrmamen-

485 923 592 965 ινα
616 911 747 966 ccli.
779 909 949 980 Super
967 920 1151 963 terram
1173 949 1190 976 ,
1217 923 1464 977 corpore,
1494 907 1546 961 in
1572 906 1736 972 cadis,
1767 907 1888 959 vitae
1915 904 2064 958 insti-

483 1013 614 1060 tuto.
647 1004 772 1059 Hree
799 1019 902 1058 non
936 1019 1032 1073 per
1058 1002 1364 1072 allegoriam
1395 1000 1694 1055 inducimus
1717 1040 1734 1063 ,
1767 998 1860 1053 sed
1892 1000 1944 1053 in
1976 998 2060 1051 bi-

481 1098 646 1152 storia
671 1097 1056 1167 conspicimus.
1079 1094 1241 1150 Aliud
1263 1103 1345 1150 est
1373 1094 1679 1164 allegoriam
1707 1093 1758 1146 in
1787 1092 2060 1147 historiam

483 1189 540 1244 vi
569 1189 858 1252 inducere;
892 1189 1032 1242 aliud
1073 1187 1292 1242 historia
1321 1197 1528 1242 servata
1556 1186 1866 1255 allegoriam
1894 1200 2061 1240 exco-

480 1281 667 1346 gitare.
709 1281 885 1349 Atque
918 1287 976 1332 ut
1012 1277 1264 1334 ostendat
1301 1292 1361 1332 se
1389 1277 1597 1348 reptilia
1623 1276 1800 1332 dicere
1827 1276 2060 1330 volatilia

483 1381 710 1438 pennata
733 1411 747 1432 ,
777 1385 896 1438 qtue
925 1379 1050 1423 sunt
1086 1369 1138 1423 in
1176 1368 1306 1423 mari
1330 1410 1344 1431 ,
1371 1368 1550 1423 subdit
1574 1386 1590 1433 ;
1629 1387 1646 1420 ι
1676 1368 1743 1423 Ει
1771 1367 1894 1422 fecit
1922 1368 2061 1422 Deus

480 1471 599 1515 rete
623 1460 862 1531 grandia,
891 1470 946 1515 ct
973 1475 1187 1515 omnem
1215 1461 1448 1515 animam
1473 1461 1738 1516 viventem
1769 1461 2058 1530 reptilium,

477 1567 595 1621 qua:
618 1551 796 1607 eduxit
818 1566 952 1620 aqua
975 1568 989 1614 ;
1012 1560 1066 1606 et
1091 1551 1301 1606 volatile
1331 1559 1616 1622 pennatam
1643 1570 1667 1603 ι
1698 1551 1846 1622 (Gen.
1872 1552 1922 1606 1.
1943 1552 2056 1622 21).

479 1642 644 1696 Estne
673 1657 801 1712 ergo
837 1642 1050 1696 volatile
1087 1657 1192 1696 non
1230 1643 1559 1712 pennatam?
1601 1642 1726 1714 quid
1768 1658 1902 1713 opus
1943 1652 2062 1698 erat

477 1732 676 1795 dicere,
709 1731 926 1786 Volatile
953 1732 1273 1802 pennatam?
1302 1733 1491 1788 Volare
1519 1732 1604 1789 hic
1623 1733 1817 1788 dicitur
1843 1733 1895 1788 id
1915 1734 2058 1805 quod

478 1832 562 1877 est
606 1823 907 1892 expandere
955 1838 1164 1878 manus.
1219 1823 1402 1878 Potest
1441 1825 1602 1879 etiam
1652 1826 1771 1894 quis
1814 1825 2058 1881 manibus

477 1924 725 1981 πιτᾶσθαι,
757 1925 814 1969 ut
837 1916 912 1969 ait
938 1915 1196 1985 prapheta
1220 1933 1233 1968 :
1266 1915 1392 1969 Tota
1417 1917 1499 1970 die
1517 1923 1806 1982 ἐξεπέτασα,
1835 1918 2058 1987 expandi

475 2022 654 2060 manus
683 2023 819 2060 ineas
842 2007 908 2059 ad
930 2008 1173 2077 populum
1200 2023 1301 2062 non
1327 2007 1609 2061 credentem
1634 2019 1680 2062 et
1703 2010 2056 2064 contradicen-

477 2110 574 2152 tent
604 2097 755 2170 (Isai.
787 2099 874 2154 65.
899 2099 958 2171 2)
992 2118 1006 2153 :
1037 2114 1142 2154 non
1170 2099 1309 2169 quod
1340 2115 1527 2154 manus
1556 2115 1762 2170 pennas
1787 2100 2056 2168 habeant,

474 2190 569 2245 scd
590 2191 710 2260 quia
733 2199 960 2244 τητᾶσθαι
980 2191 1280 2262 expandere
1297 2192 1576 2261 signiﬁcat.
1599 2192 1748 2261 Quod
1775 2194 1911 2262 repit
1929 2209 2058 2264 ergo

475 2281 686 2336 volatile
709 2281 808 2336 dici
843 2291 1031 2352 potest,
1057 2281 1197 2352 quod
1225 2291 1576 2352 repat,seque
1596 2283 1890 2352 expandat:
1916 2285 2057 2340 unde

475 2384 530 2430 et
555 2375 716 2430 David
744 2376 819 2429 ait
847 2392 861 2432 :
895 2375 1162 2444 Serpentes
1188 2385 1234 2429 et
1254 2376 1478 2430 volatilia
1503 2387 1744 2446 pennata.
1771 2375 1913 2430 Fecit
1929 2392 2056 2446 ergo

475 2466 612 2521 Deus
649 2478 753 2521 cete
791 2469 1006 2538 grandia
1050 2468 1068 2537 (
1097 2467 1186 2521 Ps.
1217 2467 1339 2522 148.
1374 2467 1478 2537 10)
1509 2484 1524 2532 ;
1557 2468 1607 2521 id
1638 2477 1720 2523 est
1747 2509 1764 2534 ,
1795 2468 2055 2525 dracones

474 2572 694 2624 magnos
735 2558 786 2612 in
837 2558 987 2611 mari.
1041 2557 1247 2628 Reliqui
1295 2559 1435 2612 cnim
1483 2559 1798 2626 interpretes
1824 2559 2051 2614 dicunt:

483 2651 619 2704 Fecit
647 2649 781 2704 Deus
821 2651 1061 2704 dracones
1089 2666 1297 2720 magnos
1323 2651 1421 2719 (a).
1467 2650 1582 2704 Non
1610 2651 1884 2714 dixerunt,
1917 2650 2051 2717 Cete,

473 2742 589 2806 scd,
622 2743 894 2796 Dracones.
924 2740 1060 2796 Nihil
1093 2742 1144 2794 in
1174 2743 1303 2795 mari
1334 2741 1528 2796 factum
1555 2751 1637 2796 est
1663 2742 1801 2796 inter
1826 2742 2053 2804 viventia

477 2834 622 2900 prius
651 2849 808 2902 quam
839 2834 1020 2887 draco.
1052 2831 1176 2887 ldco
1204 2832 1280 2885 ait
1309 2831 1470 2886 David
1501 2849 1514 2886 :
1550 2850 1568 2882 ι
1605 2832 1838 2886 Laudate
1870 2833 2054 2886 Domi-

474 2942 598 2981 num
620 2925 687 2980 de
705 2935 864 2990 terra,
881 2925 1141 2980 dracones
1156 2935 1210 2979 et
1229 2939 1413 2979 omnes
1428 2925 1599 2996 abyssi
1624 2944 1642 2976 ι
1668 2923 1784 2998 (Ps.
1808 2925 1928 2980 1-18.
1961 2927 2016 2996 7)
2035 2944 2051 2990 ;

471 3029 529 3076 et
555 3019 679 3074 alibi
711 3038 724 3072 :
759 3039 778 3071 ι
806 3019 918 3074 Hoc
950 3034 1098 3074 mare
1124 3034 1369 3089 magnum
1394 3029 1448 3073 et
1473 3021 1763 3087 spatiosum
1785 3062 1800 3085 ,
1830 3021 1934 3074 illic
1965 3037 2052 3075 re-

473 3111 619 3181 ptilia
645 3126 871 3180 quorum
903 3125 1006 3165 non
1030 3119 1113 3166 est
1133 3125 1382 3165 numerus
1406 3127 1420 3162 :
1448 3113 1694 3166 animalia
1723 3113 1909 3182 pusilla
1931 3129 2052 3168 cum

473 3205 678 3274 Magnis
707 3222 719 3257 :
749 3204 857 3259 illic
883 3219 1041 3259 naves
1070 3204 1481 3272 pertransibunt.
1529 3204 1696 3257 Draco
1729 3205 1826 3259 iste
1847 3247 1860 3261 .
1890 3222 2046 3276 quem

467 3295 709 3350 fortnasti
759 3295 824 3349 ad
869 3295 1191 3350 illudendum
1234 3295 1281 3348 ei
1310 3313 1329 3346 ι
1377 3293 1511 3360 (Ps.
1546 3294 1670 3352 105.
1699 3295 1787 3350 25.
1816 3295 1884 3350 ‘26
1909 3297 1949 3365 ).
1986 3298 2051 3352 Et

469 3386 596 3440 alibi
623 3394 680 3439 ut
707 3384 954 3439 ostendat
983 3401 1088 3438 non
1121 3400 1280 3438 unum
1299 3425 1313 3447 ,
1348 3384 1439 3437 sed
1471 3385 1666 3438 multos
1695 3385 1762 3439 ibi
1790 3386 2052 3442 draeoncs

467 3493 590 3533 CSse
610 3519 624 3542 ,
653 3479 725 3532 ait
754 3494 770 3531 :
797 3476 878 3531 Tu
904 3478 1182 3534 contrivisti
1204 3479 1370 3546 capita
1391 3478 1666 3534 draconum
1695 3479 1745 3531 in
1771 3496 1904 3550 aqua
1931 3478 2048 3551 (Ps.

469 3569 566 3624 75.
589 3571 699 3639 13).
732 3567 874 3623 Fecit
901 3569 1057 3640 igitur
1084 3580 1189 3623 cete
1216 3569 1450 3639 grandia.
1482 3568 1547 3622 Et
1574 3570 1694 3623 vidit
1726 3569 1862 3624 Deus
1884 3610 1902 3642 η
1931 3571 2055 3639 quia

468 3661 636 3715 omnia
665 3660 815 3713 bona.
845 3659 1020 3728 Quare
1050 3659 1218 3726 dixit,
1257 3659 1403 3714 Bona
1423 3662 1449 3714 ?
1474 3661 1726 3729 numquid
1757 3661 1892 3715 bona
1925 3676 2048 3730 pro-

469 3763 589 3824 pter
618 3753 1052 3808 multitudinem?
1079 3752 1236 3821 Atqui
1267 3752 1480 3822 quando
1509 3753 1689 3806 stellas
1724 3752 1848 3806 fecit
1874 3761 1932 3806 ct
1958 3766 2048 3811 so-

468 3853 574 3900 lem
603 3854 659 3901 ct
688 3847 866 3900 lunam
891 3887 906 3911 ,
943 3846 1105 3900 multa
1151 3845 1276 3900 licet
1312 3855 1491 3908 essent
1521 3861 1643 3916 qua:
1673 3845 1806 3899 facta
1840 3845 2052 3899 fuerant

466 3939 628 3994 dicit:
664 3937 798 3992 Vidit
818 3937 955 3992 Deus
975 3939 1109 4008 quod
1123 3949 1247 3996 esset
1274 3939 1457 3993 bonum
1479 3937 1631 4008 (Gen.
1662 3939 1846 4007 1.10).
1874 3939 2049 4001 Multa:

466 4039 592 4084 sunt
617 4030 808 4098 stellze,
831 4045 1120 4099 earumque
1151 4030 1312 4086 millia
1343 4031 1650 4085 innumera:
1673 4046 1842 4100 neque
1873 4039 2046 4086 tamen

465 4121 636 4173 dixit:
661 4119 802 4173 Vidit
824 4120 962 4174 Deus
984 4119 1125 4190 quod
1156 4119 1293 4175 bona
1315 4129 1532 4185 essent;
1566 4121 1657 4176 sed
1693 4121 1841 4189 Quod
1863 4123 2048 4180 bonum

465 4223 612 4268 esset.
637 4213 850 4280 Quare?
871 4212 1000 4280 Quia
1022 4214 1119 4269 etsi
1140 4214 1300 4276 multa
1328 4214 1630 4282 luminaria,
1654 4230 1720 4280 ex
1742 4231 1844 4270 una
1871 4226 2045 4272 tamen

463 4305 584 4358 luce
614 4314 758 4370 sunt,
791 4312 848 4358 et
868 4304 933 4357 ad
963 4305 1208 4359 eumdem
1239 4306 1419 4360 omnia
1444 4321 1597 4360 usum
1630 4323 1642 4358 :
1675 4322 1795 4360 nam
1827 4308 1894 4362 ad
1921 4308 2046 4366 illit-

465 4397 772 4473 minandum
802 4397 980 4471 posita
1022 4407 1163 4451 sunt.
1196 4397 1293 4454 Hic
1317 4412 1445 4456 vero
1473 4397 1594 4467 quia
1637 4398 1822 4465 ingens
1845 4409 1930 4454 est
1955 4416 2047 4454 re-

462 4489 669 4556 ptilium
698 4487 992 4543 dilferentia
1018 4528 1034 4554 ,
1061 4498 1114 4544 et
1139 4489 1452 4552 volatilium,
1485 4490 1889 4560 natatiliumque
1923 4492 2044 4562 (alia

462 4580 658 4648 quippe
685 4580 821 4634 ratio
846 4588 932 4635 est
958 4581 1279 4646 natatilium,
1297 4581 1397 4636 alia
1422 4582 1736 4650 v-olatilium,
1754 4583 1856 4638 alia
1882 4585 2047 4654 repti—

461 4671 635 4738 lium),
659 4680 712 4723 et
735 4671 785 4723 in
814 4671 1035 4740 singulis
1062 4672 1342 4740 generibus
1369 4672 1532 4728 multa
1553 4673 1868 4744 diversaque
1897 4684 2042 4742 sunt,

457 4763 586 4818 dicit
609 4780 621 4814 :
661 4760 798 4815 Vidit
827 4761 966 4816 Deus
985 4764 1118 4830 quod
1143 4773 1303 4817 essent
1327 4763 1477 4818 bona.
1503 4764 1607 4818 Pro
1633 4769 1886 4819 varietate
1915 4780 2042 4833 ope-

453 4871 574 4909 rum
613 4855 729 4908 laus
769 4855 1026 4924 sequitur.
1062 4854 1126 4908 Et
1155 4854 1402 4910 benedixit
1431 4873 1490 4910 ea
1516 4855 1652 4912 Deus
1679 4857 1847 4912 dicens
1870 4872 1891 4910 :
1914 4854 2040 4911 Cre-

454 4949 578 5000 scite
604 4957 650 5002 et
673 4946 1098 5015 multiplicamini,
1119 4956 1165 4998 et
1183 4948 1368 5017 replete
1388 4965 1578 5018 aquas,
1597 4958 1642 5002 et
1665 4948 1889 5004 volatiﬁa
1913 4947 2044 5010 inul-

457 5041 748 5109 tiplicenlur
778 5037 929 5112 (Gen.
964 5039 1015 5092 1.
1040 5037 1154 5109 22).

527 5133 578 5187 5.
602 5132 776 5185 Stellis
790 5147 880 5184 cur
900 5146 999 5191 non
1018 5129 1321 5183 benedixerit
1342 5128 1492 5182 Deus.
1505 5161 1575 5170 —
1596 5129 1703 5184 Cur
1721 5145 1840 5184 cum
1863 5131 2042 5187 stellas

455 5225 596 5281 fecit.
618 5240 718 5276 non
738 5222 1043 5286 benedixit?
1066 5236 1162 5276 cur
1175 5236 1294 5275 cum
1319 5221 1508 5276 herbas
1525 5231 1580 5276 et
1601 5221 1738 5291 ligna
1767 5222 1912 5286 fecit,
1937 5239 2040 5278 non

453 5315 756 5370 benedixit?
770 5316 882 5369 Alia
901 5313 1192 5379 benedixit,
1207 5314 1306 5367 alia
1323 5328 1424 5366 non
1440 5313 1724 5368 benedicit.
1739 5315 1866 5381 ριιεῑι
1883 5330 2042 5371 causa

451 5407 659 5460 virtutis
679 5407 833 5474 hujus
848 5415 1103 5462 creaturae
1121 5405 1250 5459 fuit?
1276 5404 1521 5459 Attende.
1538 5406 1713 5460 Stella:
1731 5415 1858 5475 quot
1887 5406 2040 5461 factae

450 5511 574 5553 sunt
597 5501 663 5552 ah
691 5500 840 5554 initio
858 5541 873 5566 ,
903 5509 980 5554 tot
1008 5509 1225 5556 manent
1249 5540 1266 5566 ,
1295 5515 1359 5554 ac
1385 5515 1555 5569 neque
1583 5516 1805 5556 nmncro
1829 5543 1842 5567 ,
1869 5517 2040 5572 neque

451 5592 812 5662 magnitudine
851 5603 1072 5662 possunt
1106 5593 1287 5664 augeri
1316 5608 1332 5657 ;
1373 5607 1566 5662 nempe
1607 5609 1726 5648 cum
1761 5594 1813 5648 in
1843 5594 2038 5648 identi-

515 5721 589 5778 (αἱ
623 5729 733 5791 flave
754 5725 1052 5791 reliquorum
1084 5731 1404 5791 interpretum
1444 5723 1588 5776 lectio
1625 5739 1718 5778 non
1757 5735 1947 5779 mtatur
1987 5734 2036 5780 in

457 5781 680 5844 hexaplts
705 5781 896 5836 nostris.

1915 332 2281 391 SEVERIANI

3643 348 3755 408 4110

2175 457 2284 503 me
2325 457 2527 505 natura
2573 463 2936 510 permansura:
2974 461 3188 518 essent.
3227 452 3598 522 benedictione
3636 474 3756 529 qua

2171 539 2314 606 ipsas
2333 539 2710 609 multiplicaret
2735 556 2842 597 non
2863 543 3108 613 egebant.
3138 543 3270 614 Qua:
3293 562 3424 602 vero
3444 563 3512 604 ex
3536 565 3754 608 succes—

2169 628 2320 684 sione
2344 640 2634 700 augentur,
2657 647 2754 687 nec
2777 633 2880 688 alio
2912 643 3131 702 possunt
3157 637 3338 706 augeri
3365 638 3558 706 modo,
3587 640 3756 696 bene-

2168 718 2456 775 dictionem
2488 723 2793 778 necessario
2817 726 3168 794 accipiebant.
3200 726 3342 790 idem
3370 745 3582 785 rursum
3609 731 3756 799 dico,

2169 821 2229 866 ut
2249 812 2447 868 dictum
2475 815 2643 884 magis
2668 815 2911 886 inligatur
2932 819 3115 885 menti.
3139 817 3322 888 Neque
3343 821 3508 887 enim,
3540 821 3753 887 fratres,

2170 903 2368 971 planta,
2391 920 2510 975 qua:
2532 915 2732 961 temere
2752 915 2806 961 et
2835 909 3190 976 perfunctorie
3221 910 3274 964 in
3301 919 3458 966 terrae
3489 913 3751 972 scissuras

2168 995 2453 1058 inducitur,
2483 997 2687 1052 ﬁrmam
2719 997 2877 1054 habet
2904 1000 3121 1064 sedem;
3166 1001 3260 1056 sed
3298 1018 3417 1072 qua:
3447 1003 3498 1062 in
3531 1004 3754 1073 profun-

2167 1085 2292 1140 dum
2323 1087 2440 1156 ejus
2468 1104 2592 1144 cum
2619 1089 2762 1144 omni
2792 1090 3062 1160 diligentia
3093 1093 3415 1148 immittitur.
3445 1092 3627 1151 Stella:
3654 1096 3752 1152 he-

2167 1177 2467 1234 nedictione
2491 1194 2630 1248 opus
2654 1195 2760 1234 non
2790 1181 3058 1244 habebant
3085 1200 3100 1238 :
3133 1198 3304 1253 neque
3329 1185 3479 1240 enim.
3501 1186 3617 1242 haec
3647 1187 3755 1245 illis

2167 1269 2551 1340 multiplicandi
2583 1271 2689 1326 vim
2728 1273 3012 1327 tribuebat.
3039 1274 3282 1329 Volatilia
3313 1286 3492 1332 autem
3517 1287 3576 1333 et
3602 1289 3754 1334 nata-

2168 1363 2276 1416 tilia
2306 1371 2464 1432 atque
2500 1363 2662 1418 homo
2701 1364 2840 1419 hanc
2879 1365 3315 1422 benedictionem.
3339 1368 3746 1437 desiderabant,

2164 1454 2523 1510 successionis
2539 1470 2718 1511 causa.
2744 1457 2917 1527 Atque
2939 1459 3026 1512 ubi
3057 1459 3213 1516 aliter
3239 1461 3610 1531 multiplicatio
3634 1462 3756 1520 ﬁeri

2166 1546 2367 1616 nequit,
2393 1546 2464 1600 ibi
2491 1546 2666 1602 locum
2695 1547 2854 1604 habet
2882 1550 3181 1605 benedictio
3205 1568 3220 1607 :
3249 1552 3336 1607 ubi
3365 1569 3557 1624 nempe
3584 1569 3752 1623 pauca

2163 1637 2605 1708 multiplicantur,
2637 1647 2691 1693 et
2724 1655 2886 1708 parva
2915 1651 3256 1711 augmentum
3284 1643 3586 1698 admittunt.
3614 1646 3747 1712 Quia

2164 1729 2321 1799 igitur
2341 1744 2554 1784 causam
2571 1731 2886 1802 agnovimus
2900 1747 2998 1791 cur
3017 1732 3132 1788 bzec
3146 1732 3516 1791 benedictione
3537 1735 3748 1806 dignata

2163 1821 2375 1888 fuerint,
2394 1837 2571 1890 operai
2597 1823 2822 1892 pretium
2853 1822 3010 1878 fuerit
3031 1825 3095 1878 ad
3125 1825 3258 1879 alias
3279 1826 3491 1881 demum
3514 1827 3749 1897 Scriptus

2161 1928 2340 1968 rarum
2375 1913 2634 1970 dictiones
2682 1931 2780 1970 nos
2817 1916 3081 1972 conferre.
3111 1917 3328 1974 Crescite
3349 1959 3371 1985 ,
3393 1921 3512 1989 quia
3544 1935 3704 1991 parva
3731 1938 3746 1987 ;

2162 2003 2582 2075 Multiplicamini
2604 2046 2622 2072 ,
2651 2007 2772 2076 quia
2804 2022 2969 2077 pauca
2996 2024 3012 2074 ;
3045 2007 3262 2079 Implete
3303 2026 3461 2079 aquas
3483 2052 3499 2077 ,
3530 2017 3653 2082 quia
3696 2012 3748 2081 in

2161 2110 2331 2167 parte.
2362 2097 2590 2154 Necesse
2616 2110 2794 2154 autem
2814 2112 2918 2166 est,
2952 2102 3137 2156 utalio
3157 2113 3397 2172 tempore
3420 2120 3744 2174 qumramus,

2159 2203 2255 2243 cur
2282 2189 2456 2259 pisces
2493 2201 2548 2245 et
2574 2190 2811 2250 volatilia.
2846 2202 2901 2249 et
2930 2192 3198 2248 hominem
3227 2195 3506 2250 dumtaxat
3532 2197 3749 2253 benedi-

2159 2279 2336 2334 ctione
2359 2279 2605 2349 dignatus
2626 2280 2728 2346 sit;
2751 2282 2960 2339 caeteris
2979 2299 3112 2338 vero
3127 2300 3232 2338 non
3260 2300 3378 2340 eam
3407 2287 3745 2357 iinpertierit.

2159 2369 2374 2426 interim
2400 2379 2578 2426 autem
2603 2412 2619 2436 ,
2651 2382 2708 2426 ut
2737 2373 2958 2442 polliciti
2987 2389 3171 2430 sumus
3189 2416 3203 2440 ,
3237 2377 3396 2431 seriei
3427 2377 3745 2444 hazreaums.

2158 2461 2227 2514 Et
2249 2463 2375 2517 dixit
2399 2463 2540 2518 Deus
2565 2479 2582 2517 :
2610 2463 2809 2520 Educat
2841 2476 2974 2519 terra
2997 2468 3219 2524 animam
3244 2469 3481 2522 viventem
3508 2471 3663 2539 (Gen.
3693 2472 3744 2537 l.

2157 2552 2269 2620 24).
2287 2553 2503 2608 Terram
2527 2555 2666 2610 Deus
2685 2556 2879 2628 duplici
2897 2559 3058 2614 allicit
3071 2559 3295 2616 honore.
3314 2562 3491 2619 Primo.
3502 2564 3644 2620 enim
3661 2561 3752 2626 illa

2159 2646 2361 2700 semina
2391 2648 2556 2716 gignit
2582 2657 2635 2702 et
2664 2649 2889 2716 plantas,
2921 2660 2974 2703 et
3003 2659 3183 2718 postea
3210 2654 3487 2719 animalia;
3513 2671 3612 2710 nec
3634 2657 3749 2714 sine

2158 2752 2338 2803 causa,
2369 2738 2461 2792 sed
2490 2739 2611 2808 quia
2635 2738 2867 2794 hominis
2897 2740 3222 2796 domicilium
3259 2742 3432 2798 futura
3463 2756 3576 2800 erat
3606 2763 3621 2801 :
3655 2762 3746 2802 ne-

2158 2843 2263 2898 que
2291 2827 2342 2882 id
2375 2838 2576 2884 tantum
2600 2847 2613 2893 ;
2637 2830 2729 2885 sed
2754 2832 2874 2900 quia
2899 2846 2963 2886 ex
2995 2831 3081 2885 illa
3109 2833 3222 2901 ipsa
3248 2833 3410 2890 homo
3434 2835 3745 2891 alimentum

2156 2934 2473 2990 accepturus
2497 2931 2611 2978 erat
2634 2965 2648 2991 ,
2682 2924 2821 2978 illam
2856 2933 2911 2979 ut
2936 2927 3194 2980 nutricem
3224 2935 3279 2980 et
3310 2939 3534 2984 matrem
3566 2931 3747 3000 magni

2159 3017 2318 3083 hujus
2347 3017 2593 3072 animalis
2622 3059 2639 3082 ,
2680 3017 2890 3072 honore
2918 3016 3099 3072 afﬁcit.
3136 3018 3232 3074 Hic
3260 3019 3381 3075 vide
3409 3036 3511 3090 qua
3541 3022 3746 3079 ordinis

2155 3110 2294 3164 serie
2315 3110 2383 3165 sit
2403 3123 2547 3162 usus.
2581 3109 2757 3164 Primo
2783 3109 3031 3164 alimenta
3061 3119 3210 3180 parat
3235 3127 3249 3174 ;
3282 3113 3516 3170 secundo
3545 3113 3746 3172 inducit

2156 3216 2217 3255 ea
2258 3216 2375 3271 qua:
2414 3201 2678 3256 alimentis
2722 3200 2996 3266 fruantur,
3037 3211 3097 3257 ut
3137 3219 3261 3272 erga
3293 3203 3561 3259 hominem
3596 3205 3742 3260 fecit.

2156 3292 2335 3346 Primo
2351 3291 2565 3346 domum
2589 3291 2828 3362 perfecit,
2859 3301 2913 3347 et
2934 3293 3008 3347 sic
3037 3295 3470 3362 patremfamilias
3499 3297 3742 3353 introduc

2155 3385 2249 3440 xit.
2279 3385 2470 3443 Educet
2492 3394 2625 3439 terra
2643 3386 2866 3437 animam
2883 3385 3141 3439 viventem.
3180 3384 3411 3441 lnanima
3439 3396 3577 3442 terra
3606 3404 3742 3459 quo—

2155 3475 2314 3530 modo
2353 3476 2520 3545 gignit
2547 3475 2779 3529 animam
2811 3475 3117 3529 viventem?
3146 3476 3286 3530 unde
3313 3477 3508 3545 prodiit
3537 3478 3620 3532 leo
3653 3494 3741 3532 ru-

2153 3572 2324 3640 giens,
2352 3579 2443 3626 aut
2468 3584 2634 3639 equus
2659 3583 2896 3635 currens,
2925 3580 3013 3622 aut
3040 3570 3136 3623 bos
3167 3569 3482 3638 laboriosus,
3512 3581 3603 3625 aut
3627 3587 3742 3625 sar-

2152 3664 2287 3720 cinis
2311 3669 2466 3730 aptus
2494 3662 2711 3715 asinus?
2733 3660 2872 3715 unde
2893 3661 3200 3714 animalium
3227 3661 3577 3717 diﬁerentiae?
3604 3665 3744 3719 unde

2153 3770 2218 3808 cx
2242 3754 2473 3807 inanima
2502 3763 2580 3809 tot
2603 3752 2793 3810 anima:
2813 3753 2840 3808 τν
2863 3752 2973 3808 Nec
2999 3754 3160 3823 pudet
3186 3753 3463 3809 hmrcticos
3484 3756 3576 3825 (a),
3603 3757 3742 3826 quod

2154 3844 2383 3899 inanima
2403 3853 2540 3900 terra
2562 3860 2718 3916 quam
2737 3861 2842 3898 non
2860 3843 3019 3899 habet
3033 3846 3261 3898 animam
3287 3845 3517 3914 proferat
3537 3863 3551 3910 ;
3575 3847 3740 3902 Deum

2152 3952 2281 3992 vero
2303 3937 2346 3991 si
2374 3939 2620 4007 genuisse
2644 3936 2862 3992 audiant
2888 3951 2953 3992 ex
2986 3937 3194 4006 propria
3220 3938 3531 4003 substantia,
3559 3941 3736 3993 statim

2151 4031 2548 4086 ratiociniorum
2572 4030 2733 4086 tricas
2758 4038 3042 4095 moveant,
3063 4039 3119 4085 et
3139 4030 3367 4085 inferant
3393 4043 3408 4079 :
3436 4030 3579 4102 Ergo
3606 4031 3740 4088 divi-

2153 4137 2244 4177 sus
2273 4131 2356 4178 est
2381 4163 2398 4186 ,
2440 4137 2567 4192 ergo
2609 4122 2903 4185 dissectus,
2931 4137 3059 4191 ergo
3089 4136 3277 4190 passus
3304 4131 3420 4187 est,
3462 4133 3520 4175 et
3546 4122 3738 4178 similia

2152 4230 2273 4284 qua:
2299 4214 2477 4268 dicere
2505 4213 2699 4268 solent.
2731 4213 2910 4282 Neque
2937 4213 3078 4266 enim
3107 4213 3385 4282 prmscntis
3415 4223 3499 4268 est
3529 4225 3738 4284 tempo-

2151 4310 2226 4361 ris
2254 4305 2430 4360 omnia
2462 4321 2581 4376 quae
2610 4313 2795 4359 contra
2825 4304 3160 4373 Unigenitum
3186 4346 3202 4372 ,
3236 4305 3342 4358 imo
3371 4314 3557 4359 contra
3589 4321 3736 4359 suam

2151 4398 2376 4454 salutem
2427 4397 2647 4463 dicunt,
2677 4397 2973 4451 confutare.
3009 4397 3148 4450 Deus
3176 4396 3319 4450 enim
3352 4410 3449 4450 nec
3478 4397 3521 4450 si
3556 4397 3736 4450 laude-

2152 4498 2254 4555 tur,
2279 4489 2474 4559 aliquid
2497 4489 2626 4552 lucri
2654 4489 2897 4559 percipit,
2923 4503 3021 4544 nec
3049 4490 3090 4542 si
3116 4487 3410 4544 maledictis
3432 4492 3735 4559 impetatur,

2150 4580 2347 4650 aliquid
2370 4581 2550 4635 damni
2579 4599 2590 4634 :
2619 4579 2719 4637 nisi
2753 4581 2976 4635 fortasse
3003 4580 3217 4644 dixeris,
3250 4581 3470 4636 salutem
3499 4592 3737 4640 nostram

2150 4672 2355 4732 lucrum
2387 4687 2508 4728 esse
2541 4672 2653 4727 Dei.
2689 4670 2804 4741 Ipse
2832 4686 3060 4740 namque
3084 4670 3271 4740 plenus
3296 4681 3378 4726 est
3397 4673 3542 4726 omni
3572 4673 3730 4735 bono,

2149 4766 2399 4836 nullaque
2428 4781 2485 4826 rc
2512 4773 2630 4835 eget
2652 4780 2667 4820 ε
2691 4763 2778 4835 qui
2808 4779 2994 4819 omnes
3021 4763 3174 4830 dilet,
3204 4764 3455 4834 nulloque
3481 4781 3615 4836 opus
3647 4766 3736 4818 lia-

2149 4858 2288 4914 beat.
2322 4858 2611 4913 Enimvero
2637 4859 2755 4927 quis
2780 4855 2985 4912 dederit
3005 4856 3270 4926 quidpiam
3296 4858 3366 4919 ei,
3388 4858 3477 4927 qui
3499 4860 3738 4914 omnium

2148 4960 2232 5006 est
2260 4950 2376 5005 fons
2405 4949 2664 5009 bonorum
2691 4989 2706 5014 ,
2737 4963 2804 5002 ex
2832 4949 2988 5015 cujus
3014 4948 3168 5001 unius
3203 4947 3528 5017 benignitate
3557 4949 3736 5004 omnia

2148 5042 2457 5116 pendeant?
2501 5040 2958 5108 Quemadmodum
3006 5039 3082 5093 ait
3131 5038 3294 5094 David
3324 5056 3337 5092 :
3371 5039 3556 5094 Omnia
3593 5039 3662 5093 ad
3689 5051 3736 5094 te

2147 5147 2454 5208 exspectant,
2486 5137 2524 5189 Α
2533 5136 2662 5206 peris
2684 5144 2736 5188 tu
2761 5150 2970 5187 manum
2996 5144 3155 5196 tuam,
3186 5141 3233 5186 et
3259 5131 3434 5202 imples
3456 5149 3604 5187 omne
3625 5134 3736 5186 ani-

2146 5234 2248 5285 mal
2275 5230 2610 5284 benedictione
2637 5228 2657 5297 (
2675 5225 2766 5282 Ps.
2791 5226 2912 5281 105.
2935 5226 3024 5280 27.
3057 5236 3102 5278 et
3127 5226 3250 5280 144.
3275 5225 3399 5296 16
3438 5225 3542 5280 Sed
3573 5241 3731 5297 quem

2145 5323 2378 5394 aggressi
2417 5336 2601 5376 sumus
2643 5332 2946 5375 sermonem
2992 5318 3057 5371 ad
3101 5317 3256 5371 ﬁnem
3301 5317 3577 5372 ducamus.
3621 5317 3734 5375 Hoc

2145 5416 2287 5471 enim
2319 5425 2372 5468 et
2399 5414 2554 5468 nobis
2581 5422 2788 5483 gratum
2817 5420 2934 5474 est,
2966 5419 3020 5464 et
3046 5409 3179 5464 ordo
3206 5409 3459 5478 postulat.
3502 5409 3558 5463 ld
3591 5409 3732 5478 quod

2146 5521 2254 5560 non
2284 5505 2442 5558 habet
2469 5512 2608 5557 terra
2641 5502 2858 5570 profert,
2882 5499 3120 5569 jubentis
3149 5500 3371 5567 imperio
3396 5498 3728 5569 obsequens;

2143 5607 2200 5652 et
2226 5595 2274 5650 id
2313 5592 2454 5664 quod
2480 5593 2639 5647 habet
2663 5591 2840 5645 divina
2870 5600 2924 5647 et
2963 5591 3270 5645 intemerata
3303 5598 3485 5643 natura
3515 5605 3620 5642 non
3650 5591 3729 5658 gi-

2142 5688 2296 5762 gnit?
2323 5685 2518 5740 Verum
2550 5699 2617 5738 ne
2654 5683 2773 5752 quis
2816 5697 3024 5737 rursum
3056 5696 3240 5736 vocem
3271 5679 3466 5736 habere
3495 5679 3730 5736 humano

2210 5781 2287 5848 (α)
2319 5779 2521 5829 Arianos
2543 5773 2787 5839 intelligit.
