4044 6306
484 361 584 418 ιϐι

485 474 656 549 πέρας
693 475 1006 544 ἀγάγωμεν.
1052 468 1224 524 Τοῦτο
1253 470 1359 545 γὰρ
1392 467 1486 522 καὶ
1515 467 1646 537 ἡμῖν
1674 463 1825 549 φίλον
1858 460 1954 514 καὶ
1984 464 2051 549 τῇ

480 544 631 628 τάξει
674 560 1032 628 καθέστηκεν.
1077 559 1143 608 Ὃ
1180 556 1279 609 οὐκ
1321 544 1432 626 ἔχει
1467 555 1498 623 ή
1540 551 1610 620 γῆ
1654 546 1946 618 προφέρει,
1977 544 2056 612 τῷ

483 644 864 717 προστάγματι
894 639 1187 709 πειθομένη
1213 656 1226 669 ·
1259 638 1287 690 ὃ
1315 639 1427 708 ἔχει
1460 638 1494 706 ή
1525 634 1644 686 θεία
1676 632 1770 684 καὶ
1792 629 2058 717 ἄχραντος

482 711 583 783 οῦκ
628 711 900 795 ἀπογεννᾷ
949 722 1142 790 φύσις;
1196 721 1356 774 Ἀλλά
1403 717 1564 772 πάλιν
1615 717 1688 785 μή
1721 731 1804 776 τις
1831 712 1890 764 τὸ
1914 711 2057 795 ἔχειν

482 794 964 882 ἀνθρωπινώτερον
982 805 1303 876 λαμϐανέτω
1340 804 1544 871 λέγων’
1601 800 1763 870 Ὁρᾷς
1802 795 1918 882 πῶς
1962 794 2058 847 καὶ

482 880 646 956 αὐτὸς
686 893 714 945 ὁ
758 890 1077 952 διδάσκαλος
1122 888 1288 941 ἔδωκε
1328 884 1753 958 προγενέστερον
1794 880 2056 950 ὑπάρχειν

482 979 577 1032 τοῦ
614 978 744 1030 Υίοῦ
770 977 863 1029 τὸν
894 975 1142 1044 Πατέρα;
1179 970 1313 1024 ἀλλά
1346 969 1540 1039 μᾶλλον
1572 963 1899 1034 συγγνώμην
1926 960 2059 1014 ἀπό-

483 1078 665 1132 νειμαι
688 1059 765 1127 τῷ
805 1057 964 1126 λόγῳ,
992 1055 1298 1125 ἀνθρώποις
1330 1049 1448 1105 οὖσι
1476 1052 1571 1104 καὶ
1605 1049 1836 1119 πηλίνην
1862 1063 2059 1115 κεκτη-

486 1129 670 1214 μένοις
709 1141 989 1209 γλῶσσαν,
1034 1139 1127 1190 καὶ
1166 1137 1301 1205 πρὸς
1346 1133 1663 1205 ἀνθρώπους
1719 1129 2058 1214 ποιουμένοις

482 1212 638 1295 λόγον
690 1228 819 1295 περὶ
859 1223 1009 1285 θείας
1054 1220 1148 1274 καὶ
1202 1220 1378 1273 πάντα
1414 1219 1571 1285 λόγον
1623 1212 2058 1284 ὑπερϐαινούσης

484 1310 716 1379 φύσεως.
746 1306 1053 1375 ’Ἄνθρωποι
1091 1304 1199 1372 γὰρ
1237 1302 1409 1364 ὄντες,
1453 1301 1528 1362 ὡς
1567 1298 1842 1368 ἅνθρωποι
1876 1295 2057 1379 λαλεῖν

484 1375 861 1463 ἐδιδάχθημεν.
898 1389 988 1460 Μὴ
1018 1388 1127 1457 γὰρ
1166 1386 1343 1438 ἴσασιν
1370 1386 1417 1436 οἱ
1439 1383 1632 1447 ἄθλιοι,
1662 1383 1741 1434 ὅτι
1771 1382 1898 1463 περὶ
1924 1375 2056 1463 Θεοῦ

484 1460 847 1544 διαλέγονται,
894 1472 1258 1543 προφέροντες
1302 1468 1491 1535 λόγους
1529 1467 1654 1528 τοὺς
1695 1464 1787 1516 ἐπί⁵
1818 1460 1951 1515 Θεοῦ
1983 1460 2056 1544 μὴ

487 1543 821 1631 ἁρμόζοντας
860 1555 1130 1623 λέγεσθαι.
1167 1551 1273 1605 Καὶ
1310 1554 1411 1621 ὅρα
1450 1543 2062 1631 κακουργίανςοτε-τὰ

485 1625 775 1713 ζητήματα
818 1639 1221 1708 προτείνουσιν,
1267 1634 1375 1688 ἀπὸ
1429 1632 1538 1685 τῶν
1571 1628 1925 1713 ἀνθρωπίνων
1969 1625 2059 1679 λο-

485 1709 699 1795 γισμῶν
729 1720 1013 1776 λαλοῦσιν·
1055 1715 1194 1772 οἷον·
1242 1718 1378 1780 Πᾶν,
1430 1715 1583 1784 φησί,
1632 1714 1693 1765 τὸ
1725 1709 2060 1795 γεννώμενον

486 1792 661 1878 ἀρχὴν
695 1807 806 1876 ἔχει
837 1805 931 1857 τοῦ
965 1799 1122 1856 εἶναι.
1156 1800 1266 1854 Καὶ
1311 1798 1511 1863 πόθεν;
1546 1796 1714 1850 Τοῦτο
1745 1794 1946 1857 εὐθέως
1974 1792 2060 1846 λέ-

487 1907 645 1959 γουσι
671 1906 683 1918 '
717 1891 789 1942 Σὺ
817 1887 1093 1958 γεννηθεὶς
1116 1885 1216 1937 οὐκ
1257 1883 1432 1954 ἀρχὴν
1459 1881 1648 1951 ἐσχες;
1679 1879 1707 1931 6
1737 1880 1916 1948 πατήρ
1943 1893 2058 1939 σου,

487 1977 517 2027 6
548 1975 769 2036 πάππος
792 1989 917 2035 σου;
964 1971 1087 2023 Ἐὰν
1112 1967 1471 2038 παραστήσῃς
1498 1963 1645 2033 αύτῷ
1671 1962 1731 2026 ἐξ
1756 1960 1934 2015 αὐτῶν
1955 1960 2061 2011 τῶν

488 2058 761 2128 λογισμῶν
786 2053 1040 2124 λογισμὸν
1066 2052 1252 2120 ἕτερον
1276 2047 1524 2101 διαλῦσαι
1550 2045 1713 2098 αὐτοῦ
1733 2044 1829 2116 τὴν
1868 2042 2062 2114 μανίαν

487 2126 806 2210 δυνάμενον,
845 2137 1007 2199 εὐθὺς
1048 2133 1356 2203 σοφίζεται’
1412 2129 1548 2200 Περ)⁸
1590 2128 1724 2180 Θεοῦ
1764 2127 1939 2210 λόγος,
1972 2126 2065 2210 καὶ

489 2207 864 2295 ἀνθρωπίνους
910 2238 998 2291 μοι
1044 2214 1337 2286 λογισμοὺς
1393 2211 1780 2282 παρεισάγεις;
1827 2209 1927 2295 καί
1968 2207 2065 2279 τὴν

492 2293 778 2377 μὲνίρίζαν
812 2302 920 2356 τῶν
964 2300 1147 2355 κακῶν
1176 2297 1282 2351 ἀπὸ
1328 2295 1521 2348 κοινῶν
1557 2295 1887 2364 προφέρουσι
1917 2293 2066 2360 λογι-

492 2375 645 2458 σμῶν
666 2405 678 2417 ·
718 2387 816 2457 τὴν
843 2385 900 2438 δὲ
946 2383 1185 2436 διάλυσιν
1224 2379 1333 2433 τῶν
1356 2377 1543 2431 κακῶν
1568 2377 1628 2429 οὐ
1656 2376 1934 2447 βούλονται
1958 2375 2065 2429 ἀπὸ

489 2472 599 2524 τῶν
621 2471 796 2524 αὐτῶν
826 2467 1073 2540 δέχεσθαι
1098 2462 1392 2534 λογισμῶν.

560 2628 623 2682 δ’.
649 2627 811 2695 Λέγει
828 2624 1106 2688 πολλάκις·
1125 2622 1358 2676 Δύναταί
1379 2639 1462 2684 τις
1478 2620 1616 2673 εἶναι
1635 2618 1729 2672 καὶ
1744 2616 2030 2686 γεννᾶσθαι
2048 2634 2065 2684 ;

501 2712 629 2764 Ἐὰν
658 2706 769 2773 οὖν,
794 2709 952 2774 δείξω
984 2707 1083 2778 τὴν
1116 2706 1336 2777 Γραφήν
1361 2705 1443 2756 ὅτι
1470 2704 1569 2756 ούκ
1614 2703 1705 2754 ἐπὶ
1722 2699 1855 2753 Θεοῦ
1888 2700 2064 2770 μόνον,

493 2794 631 2847 ἀλλά
669 2794 764 2846 καὶ
813 2793 906 2844 ἐπὶ
952 2788 1252 2860 ἀνθρώπων
1298 2789 1558 2857 εἰσήγαγε
1609 2784 1669 2838 τὸ
1716 2784 1988 2848 τοιοῦτον,
2017 2784 2068 2835 τί

495 2882 697 2942 ποιεῖς;
735 2877 872 2938 Τοὺς
903 2874 997 2927 τοῦ
1040 2873 1308 2943 μακαρίου
1355 2870 1608 2941 Ἀϐραὰμ
1641 2870 1835 2931 παῖδας
1864 2870 1960 2938 οὐχ
1995 2869 2070 2932 ὼς

496 2961 574 3033 μὴ
599 2961 752 3023 ὄντας
778 2961 810 3028 ή
846 2956 1036 3028 Γραφὴ
1075 2956 1220 3023 λέγει
1266 2954 1594 3023 γεννᾶσθαι,
1628 2952 1740 3006 ἀλλ’
1771 2952 1847 3016 ὼς
1878 2952 2072 3022 προόν-

494 3062 614 3107 τας.
648 3045 705 3095 '0
735 3044 842 3113 γάρ
881 3040 1129 3110 Ἀϐραάμ
1170 3039 1427 3108 ἐγέννησε
1452 3038 1542 3090 τὸν
1581 3036 1795 3090 Ἰσαάκ·
1822 3037 1851 3088 6
1887 3034 2070 3087 Ἰσαάκ

495 3127 751 3197 ἐγέννησε
803 3125 895 3178 τὸν
948 3122 1139 3176 Ἰακώϐ
1161 3139 1174 3153 ·
1220 3120 1414 3175 Ἰακὼϐ
1442 3120 1534 3173 τὸν
1564 3120 1713 3184 Λευὶ,
1743 3118 1803 3185 ἐξ
1844 3113 1904 3172 οὗ
1937 3120 1969 3188 ή
2000 3119 2073 3170 ἱε-

494 3211 695 3283 ρατικὴ
717 3209 877 3279 φυλή.
904 3205 1123 3277 Ἐπειδὴ
1159 3206 1335 3259 τοίνυν
1366 3204 1443 3275 τῷ
1472 3202 1804 3275 Μελχισεδὲκ
1835 3204 2073 3274 ἀπήντη-

498 3312 589 3348 σεν
621 3290 770 3357 οῦτος
792 3334 806 3356 ,
837 3292 979 3360 λέγω
1020 3290 1083 3360 δή
1134 3289 1384 3361 Ἀϐραὰμ
1407 3331 1419 3352 ,
1458 3289 1666 3350 Παῦλος
1712 3290 1740 3341 6
1777 3286 2069 3350 ἀπόστολος

492 3376 810 3451 ἑρμηνεύων
858 3373 956 3444 τὴν
1003 3374 1133 3426 ποτὲ
1167 3373 1403 3443 ἱστορίαν
1446 3373 1524 3434 εἰς
1567 3370 1840 3438 θεολογίαν
1876 3369 2068 3439 λέγεις

495 3461 850 3528 Συνήντησε
903 3457 971 3511 δὲ
1019 3460 1052 3511 ό
1103 3455 1477 3523 Μελχισεδὲκ
1522 3452 1602 3519 τῷ
1655 3454 1898 3522 Ἀϐραὰμ
1928 3493 1943 3518 ,
1972 3452 2072 3506 καὶ

490 3545 838 3615 ηὐλόγησεν
888 3543 1092 3594 αὐτόν.
1145 3541 1254 3592 Καὶ
1304 3540 1496 3606 ἐπάγει
1546 3538 1745 3600 εὐθέως
1780 3553 1793 3567 ·
1825 3536 1937 3589 Καὶ
1991 3538 2071 3602 ὡς

494 3630 640 3694 ἔπος
665 3626 854 3681 εἰπεῖν
870 3623 1041 3696 [670],
1070 3624 1141 3677 δι’
1171 3621 1426 3691 Ἀϐραὰμ
1452 3620 1549 3674 καὶ
1579 3621 1720 3674 Λευὶ
1755 3623 1787 3674 ὀ
1818 3619 2072 3684 δεκάτας

495 3710 814 3781 λαμϐάνων
842 3707 1259 3762 δεδεκάτωται·
1305 3705 1393 3757 ἐτι
1426 3704 1535 3775 γὰρ
1555 3703 1624 3756 ἐν
1650 3702 1723 3772 τῇ
1764 3704 1953 3772 ὀσφύϊ
1966 3704 2070 3758 τοῦ

496 3794 718 3864 πατρὸς
746 3790 825 3864 ἦν
868 3792 1132 3861 Ἁϐραάμ.
1160 3791 1270 3844 Καὶ
1297 3792 1323 3843 6
1351 3788 1542 3859 θνητὸς
1577 3788 1705 3858 πρὶν
1751 3788 2070 3857 γεννηθῆναι

496 3875 583 3949 ἦν.
625 3876 840 3948 Ἐπειδὴ
862 3876 997 3938 ὅλως
1029 3877 1062 3945 ή
1099 3874 1224 3944 ρίςα
1266 3872 1385 3942 ἔζη,
1415 3871 1506 3924 τὸν
1552 3872 1761 3942 καρπὸν
1793 3872 1930 3942 μετά
1971 3872 2070 3941 τῆς

496 3960 679 4029 ζώσης
707 3960 861 4030 ῥίζης
885 3960 1196 4026 εἰσήγαγεν.
1227 3954 1493 4007 Ἐνταῦθα
1526 3954 1749 4018 δέ,ὃπου
1788 3956 1850 4007 οὐ
1879 3953 2069 4019 πάθος,

500 4045 562 4097 οὐ
615 4042 862 4112 διαδοχῆς
900 4042 1119 4111 τρόπος,
1151 4038 1211 4091 ού
1261 4040 1522 4107 κυοφορία
1543 4076 1559 4101 ,
1591 4038 1690 4090 οὐκ
1717 4038 2070 4109 ἀνθρωπίνων

502 4126 689 4182 παθῶν
711 4125 1018 4188 ἀκολουθία,
1051 4124 1112 4176 οὐ
1142 4122 1285 4174 θέλει
1318 4123 1492 4174 εἰπεῖν
1518 4121 1649 4174 ὄντα
1685 4122 1743 4187 ἐξ
1772 4122 1923 4185 ὄντος
1949 4138 2073 4189 γεν-

496 4211 748 4283 νηθέντα,
778 4209 1001 4280 μένοντα
1029 4207 1085 4259 δὲ
1119 4205 1321 4267 ἀϊδίως.
1366 4204 1503 4257 Ἀλλ’
1529 4206 1576 4257 εί
1607 4205 1888 4275 ἐγεννήθη,
1915 4204 2068 4276 φησὶ,

500 4295 618 4358 πῶς
648 4296 735 4348 ἀεὶ
762 4290 831 4364 ἦν
862 4308 875 4358 ;
903 4293 1016 4355 Πᾶς
1036 4290 1143 4362 γὰρ
1165 4291 1193 4341 6
1223 4285 1557 4357 γεννώμενος
1586 4286 1757 4359 ἀρχὴν
1783 4288 2066 4359 λαμϐάνει.

497 4381 574 4433 Τὸ
600 4379 768 4448 ὄνομα
798 4375 893 4431 τοῦ
922 4374 1123 4446 πατρὸς
1158 4373 1287 4443 παρ’
1317 4371 1477 4442 ήμῶν
1502 4371 1589 4426 διά
1616 4371 1826 4425 πολλῶν
1854 4373 2070 4442 ἔρχεται

499 4462 782 4534 περιόδων.
825 4455 983 4514 Οἷονο
1027 4458 1230 4513 ὑπόθου
1265 4460 1542 4512 νεανίσκον
1574 4456 1941 4527 ἐπιθυμοῦντα
1970 4457 2071 4527 γά-

497 4563 625 4617 μου.
670 4544 889 4616 Πρῶτον
939 4544 1148 4614 γίνεται
1183 4544 1466 4615 μνηστήρ,
1515 4537 1635 4595 εἶτα
1670 4541 1919 4612 νυμφίος,
1953 4537 2071 4595 εἶτα

498 4631 635 4700 ἀνήρ
653 4646 667 4657 ·
693 4628 795 4681 κᾶν
817 4629 973 4698 τέκῃ,
1007 4626 1126 4679 τότε
1147 4626 1363 4694 λέγεται
1382 4626 1567 4696 πατήρ
1588 4642 1602 4655 °
1635 4624 1736 4678 κᾶν
1770 4626 1845 4696 μὴ
1868 4625 1930 4678 τὸ
1950 4641 2071 4693 γεν-

496 4712 737 4783 νώμενον
770 4709 989 4778 αὑτῷτὸ
1017 4711 1187 4780 ὄνομα
1232 4710 1546 4781 χαρίσηται,
1580 4708 1749 4779 μυρία
1792 4708 1888 4776 ἐτη
1932 4708 2070 4777 μετά

495 4797 596 4867 τῆς
621 4794 875 4862 γυναικὸς
895 4793 989 4846 ἐὰν
1012 4795 1233 4866 ποιήσῃ,
1264 4796 1325 4846 οὐ
1350 4794 1590 4847 καλεῖται
1620 4795 1822 4862 πατήρ.
1839 4793 2071 4861 Ὀμοίως

498 4883 532 4951 ή
556 4880 759 4950 μήτηρ,
780 4876 991 4948 πρῶτον
1018 4876 1302 4946 παρθένος,
1323 4872 1441 4930 εἶτα
1471 4876 1700 4946 μνηστὴ,
1719 4871 1835 4927 εἶτα
1859 4876 2065 4944 νύμφη,

497 4961 615 5016 εἶτα
641 4963 811 5033 γυνή’
846 4961 1138 5029 κυοφορεῖ,
1166 4958 1422 5028 βαστάζει
1461 4958 1553 5012 τὸν
1590 4958 1798 5029 καρπόν
1819 4974 1831 4986 ·
1868 4956 1970 5009 κᾶν
1994 4959 2069 5028 μὴ

491 5046 636 5101 οὕτω
684 5044 940 5118 προέλθῃ,
989 5044 1171 5114 μήτηρ
1217 5042 1278 5094 οὐ
1327 5043 1563 5111 λέγεται·
1597 5041 1716 5095 Κᾶν
1759 5040 2067 5113 ﬁam”

494 5131 621 5201 ῥίζα
651 5132 742 5181 τὸν
774 5127 1003 5198 καρπὸν,
1029 5125 1123 5178 ἐάν
1156 5126 1231 5195 μή
1252 5124 1528 5195 προελθὼν
1556 5126 1584 5176 6
1620 5126 1746 5186 παῖς
1779 5124 2067 5196 χαρίσηται

493 5214 631 5284 αὐτῇ
668 5212 897 5283 ἀμοιϐὴν
932 5210 1040 5263 τῶν
1074 5209 1250 5262 πόνων
1304 5209 1401 5278 τήν
1439 5206 1838 5279 προσηγορίαν,
1874 5209 1932 5260 οὐ
1983 5209 2069 5261 λέ-

490 5314 648 5363 γεται
684 5298 886 5367 μήτηρ.
915 5295 1023 5347 Καὶ
1054 5292 1212 5346 τοῦτο
1240 5292 1493 5361 ἐποίησεν
1540 5292 1616 5354 ὼς
1664 5290 1825 5359 σοφὸς
1856 5292 1884 5342 6
1913 5292 2065 5356 Θεὸς,

492 5381 577 5432 ἵνα
610 5379 685 5450 μὴ
714 5382 760 5433 οἱ
792 5379 1024 5448 πατέρες
1051 5375 1192 5430 κατὰ
1227 5375 1334 5429 τῶν
1380 5375 1584 5427 παίδων
1616 5374 1920 5444 καυχῶνται
1943 5391 1957 5406 ο
1980 5377 2066 5428 ἵνα

491 5465 568 5533 μὴ
590 5464 722 5535 λέγῃ
742 5466 770 5517 ὁ
801 5462 981 5533 πατὴρ
1011 5460 1089 5531 τῷ
1113 5460 1279 5524 παιδὶ,
1327 5458 1467 5528 Ἐγώ
1494 5476 1575 5512 σοι
1597 5458 1658 5511 τὸ
1690 5457 1789 5529 ζῇν
1807 5461 2065 5530 ἐχαρισά-

492 5565 602 5616 μην
623 5563 635 5575 ’
667 5547 733 5599 δι’
763 5546 863 5617 ἐμὲ
901 5545 1192 5615 ἐγεννήθης
1224 5561 1237 5574 ’
1284 5543 1351 5596 δι’
1385 5541 1517 5614 ἐμοῦ
1549 5545 1629 5606 εἰς
1658 5542 1719 5595 τὸ
1751 5538 1889 5596 εἶναι
1922 5561 2065 5613 παρ-

489 5630 683 5699 ήχθης·
715 5631 827 5683 ἀλλ’
850 5631 936 5684 ἴνα
961 5631 1064 5684 κάν
1094 5631 1224 5701 εἴπῃ
1242 5629 1434 5692 ταῦτα,
1456 5628 1656 5691 εὐθέως
1682 5627 1906 5698 ἀκούσῃ·
1927 5627 2066 5695 Ἐγὼ

486 5711 575 5764 διὰ
610 5714 668 5765 σέ
714 5714 1006 5785 ἐγεννήθην
1034 5754 1048 5777 ,
1078 5714 1143 5766 δι’
1177 5713 1277 5783 ἐμὲ
1324 5713 1419 5767 καὶ
1462 5714 1524 5766 σὺ
1578 5711 1780 5781 πατήρ.
1836 5711 2064 5781 Ὁμοίως

486 5796 583 5853 καὶ
606 5796 695 5851 ἐπὶ
724 5799 821 5868 τῆς
852 5799 1071 5870 μητρός·
1107 5797 1374 5870 Ἐχαρίσω
1410 5816 1499 5871 μοι
1528 5797 1588 5852 τὸ
1621 5796 1759 5851 εἶναι
1782 5796 1916 5865 υίὸς,
1936 5798 2065 5867 ἐχα-

1930 334 2300 394 SEVERIANI

3626 338 3743 396 ωε

2169 460 2408 533 ρισάμην
2450 478 2532 515 σοι
2577 462 2638 515 τὸ
2679 480 2818 516 ειναι
2868 464 3070 534 μήτηρ.
3110 465 3228 532 Ἐφ’
3266 462 3424 534 ήμῶν
3468 461 3744 532 λαμϐάνει

2160 544 2336 597 ταῦτα
2374 545 2535 616 χάριν
2567 546 2688 599 τινὰ
2716 548 2811 599 καὶ
2839 548 3129 602 ἀντίδοσιν.
3171 546 3399 617 Ὁμοίως
3424 548 3517 600 καὶ
3547 549 3576 599 6
3599 549 3735 613 υἱὸςτ

2158 632 2258 682 οὐκ
2279 629 2477 693 εὐθέως
2508 631 2641 693 υἱὸς,
2671 631 2806 685 ἀλλά
2832 631 3048 701 πρῶτον
3074 633 3315 702 σπέρμα,
3341 626 3459 683 εἶτα
3478 630 3745 701 ἔμϐρυον,

2158 714 2252 767 καὶ
2280 715 2367 767 ὅτε
2393 714 2661 786 γεννηθῇ,
2690 716 2811 768 τότε
2844 716 2978 778 υἱός.
3017 715 3201 769 Ταῦτα
3234 714 3440 785 χρόνων
3472 715 3746 783 ἀνάγκαις

2157 796 2395 850 δουλεύει
2434 814 2448 827 ·
2478 798 2649 851 ταῦτα
2686 797 2915 850 πάθεσιν
2962 797 3258 851 ὑποπίπτει
3290 814 3307 827 ι
3340 796 3512 850 ταῦτα
3560 815 3746 867 σωμα-

2156 880 2315 949 τικῆς
2373 882 2488 933 ἐστι
2559 880 2962 943 καταστάσεως.
3015 880 3188 934 Ὅπου
3254 878 3314 934 δὲ
3364 878 3653 949 ἀσώματος
3704 884 3751 951 ή

2158 962 2319 1031 φύσις
2350 964 2383 1032 ή
2433 963 2704 1030 γεννῶσα,
2732 963 2865 1015 ὃπου
2903 960 3194 1032 ἀσώματος
3236 966 3265 1017 6
3298 963 3510 1034 καρπὸς
3552 965 3579 1016 ὁ
3616 980 3749 1029 γεν-

2157 1044 2414 1116 νώμενος,
2449 1049 2598 1099 ποῖον
2626 1046 2930 1115 ἐπιδέχεται
2960 1046 3141 1114 λόγον,
3168 1047 3249 1100 δτι
3276 1042 3343 1118 ἦν
3373 1064 3503 1099 ποτε
3524 1047 3612 1098 ὅτε
3638 1047 3749 1099 θύη

2156 1124 2256 1198 ἦν,
2288 1129 2382 1182 καὶ
2429 1129 2653 1201 ὕστερον
2697 1129 2995 1200 ἐγεννήθη;
3033 1131 3142 1182 Καί
3181 1147 3363 1201 φαμεν
3390 1129 3562 1190 οὕτως
3582 1146 3595 1159 ·
3625 1141 3654 1169 α
3678 1130 3752 1182 Εἰ-

2157 1212 2245 1264 άεί
2276 1210 2448 1276 οὕτως
2479 1213 2589 1282 ἔχει
2619 1213 2770 1279 Θεὸς,
2802 1215 2848 1265 εί
2884 1213 3049 1284 μηδὲν
3079 1213 3418 1284 προσκτᾶται
3458 1230 3609 1275 ποτε,
3655 1214 3744 1266 ἀεί

2160 1295 2275 1347 ἐστι
2327 1297 2420 1349 καὶ
2463 1298 2673 1369 Πατήρ.
2708 1296 2771 1350 Εἰ
2802 1297 2858 1349 δέ
2886 1298 2973 1351 ἀεί
3002 1300 3117 1350 ἐστι
3145 1298 3333 1367 Πατήρ
3353 1338 3368 1361 ,
3400 1297 3490 1350 ἀεὶ
3525 1295 3753 1365 δέχεται-

2159 1378 2249 1431 τὸν
2276 1379 2403 1434 Υίόν
2430 1394 2443 1410 ’
2474 1381 2736 1446 συναῖδιος
2776 1382 2883 1452 ἀρα
2908 1384 2938 1434 6
2967 1380 3096 1445 Υἱὸς
3138 1381 3218 1451 τῷ
3247 1380 3442 1450 Πατρί.
3497 1379 3625 1432 Υἱὸν
3657 1380 3747 1432 λέ-

2160 1478 2330 1532 γομεν
2350 1464 2674 1534 γεννηθέντα
2706 1464 2805 1535 μὲν
2834 1464 3086 1531 ἀπαθῶς,
3119 1465 3210 1518 τὸν
3233 1465 3289 1518 δὲ
3313 1464 3413 1533 τῆς
3435 1465 3757 1532 γεννήσεως.

2158 1545 2357 1617 τρόπον
2387 1548 2709 1618 ἑρμηνεύειν
2742 1549 2842 1602 ούκ
2865 1548 3225 1619 ἐπιστάμεθα.
3272 1548 3339 1601 Ἥ
3367 1546 3577 1618 ἀληθὴς
3602 1546 3750 1614 γνῶ-

2162 1644 2247 1691 σις
2285 1627 2423 1700 αὕτη
2454 1631 2622 1694 ἐστὶν,
2663 1631 2726 1684 τὸ
2762 1622 2833 1684 τά
2862 1632 3256 1702 ὑπερϐαίνοντα
3274 1631 3374 1701 τὴν
3393 1630 3555 1699 φύσιν
3588 1630 3759 1699 ήμῶν»

2159 1717 2440 1785 ὁμολογεῖν
2459 1719 2534 1789 μὴ
2554 1720 2772 1774 εἰδέναι.
2795 1720 2868 1773 T6
2892 1721 2989 1790 μέν
3019 1715 3111 1773 οὖν
3141 1719 3385 1788 γέννημα
3410 1718 3752 1788 προσκυνοῦο

2164 1818 2287 1871 μεν,
2311 1802 2407 1874 τήν
2439 1804 2496 1857 δέ
2522 1803 2683 1872 φύσιν
2719 1806 2780 1858 οὐ
2805 1803 3389 1875 πολυπραγμονοῦμεν.
3425 1803 3490 1855 El
3524 1803 3624 1873 μὲν
3652 1798 3763 1855 οὖν·

2160 1884 2229 1959 ἦν
2259 1889 2584 1961 ἄνθρωποςό
2602 1893 2888 1964 γεννήσας,
2910 1891 3257 1962 ἀνθρωπίνην
3282 1891 3506 1961 ἐποίησε
3534 1892 3629 1944 καὶ
3648 1892 3765 1960 τὴν·

2161 1972 2511 2043 γέννησιν.Εί
2545 1975 2705 2045 σῶμα
2730 1972 2893 2046 εἶχεν,
2917 1976 3205 2045 ἐγέννησεν
3246 1974 3322 2037 ὡς
3368 1975 3549 2043 σῶμα.
3594 1975 3659 2026 Εἰ
3691 1975 3751 2027 δὲ

2164 2054 2413 2126 σώματος
2442 2058 2805 2129 ἀπήλλακται,
2828 2058 2900 2130 μή
2928 2060 3194 2133 περίαπτε
3220 2057 3469 2128 σώματος
3500 2057 3646 2127 πάθη
3670 2056 3751 2126 τῷ

2163 2141 2461 2211 ἀσωμάτῳ.
2503 2141 2641 2194 Ἀλλ’
2664 2143 2939 2213 ἐγέννησε,
2973 2142 3156 2212 φησὶν,
3175 2143 3239 2193 ἐκ
3279 2142 3381 2211 τῆς
3415 2142 3571 2204 ἰδίας,
3604 2142 3754 2195 κατά

2164 2224 2334 2287 πάθος
2364 2223 2639 2295 ἐγέννησε,
2661 2225 2800 2279 κατά
2830 2224 3176 2296 τομὴν,κατά
3199 2224 3402 2296 ρεῦσιν.
3425 2225 3608 2277 Πείσω
3637 2225 3751 2277 ἀπὸ

2163 2307 2270 2360 τῶν
2305 2309 2529 2377 γηΐνων.
2557 2310 2725 2380 Γεννᾷ
2744 2311 2779 2380 ἡ
2804 2309 3048 2379 ἄμπελος
3070 2349 3085 2373 ,
3110 2310 3277 2379 γεννᾷ
3306 2309 3340 2379 ή
3368 2308 3547 2369 ἐλαία,
3580 2309 3753 2377 γεννᾷ

2166 2392 2260 2446 καὶ
2302 2393 2363 2447 τὸ
2409 2392 2581 2465 ὕδωρ,
2626 2395 2685 2445 ού
2718 2392 2860 2446 κατά
2899 2392 2998 2464 τὴν
3051 2392 3325 2462 ήμετέραν
3383 2390 3574 2460 φύσιν,
3608 2391 3752 2445 ἀλλά

2166 2476 2307 2529 κατά
2327 2475 2425 2546 τήν
2455 2477 2588 2529 ἰδίαν
2612 2476 2780 2542 τάξιν.
2806 2475 2956 2548 [471]
2984 2476 3138 2529 Πᾶσα
3162 2475 3323 2543 γυνὴ,
3344 2472 3565 2526 ἐπειδάν
3593 2473 3759 2544 παρὰ

2164 2558 2302 2613 Θεοῦ
2331 2559 2471 2633 λάϐῃ
2492 2559 2550 2613 τὸ
2571 2558 2819 2624 γενέσθαι
2847 2560 3049 2630 μήτηρ,
3068 2557 3415 2628 κυοφοροῦσα
3443 2556 3541 2627 μὲν
3560 2554 3753 2625 ὠγκω-

2165 2657 2291 2695 ται·
2328 2642 2637 2713 ἀποθεμένη
2681 2642 2738 2695 δὲ
2777 2642 2867 2696 τὸν
2899 2642 3111 2713 καρπὸν
3142 2641 3505 2695 συστέλλεται.
3542 2641 3665 2694 Ἐπὶ
3690 2640 3754 2695 δὲ

2166 2727 2276 2780 τῶν
2296 2727 2528 2799 δένδρων
2547 2727 2614 2780 τὰ
2649 2726 2865 2779 ἐναντία
2891 2725 3037 2779 ἔστιν
3076 2727 3277 2798 εὑρεῖν.
3326 2726 3460 2795 Πρὶν
3502 2724 3746 2795 γεννηθῇ

2166 2811 2270 2864 οὐκ
2302 2810 2588 2878 ῶγκωται·
2623 2812 2750 2863 ὅταν
2767 2811 3023 2880 γεννήσῃ,
3052 2815 3172 2862 τότε
3206 2808 3514 2880 παχύνεται,
3544 2810 3572 2860 ό
3605 2826 3748 2877 καρ-

2171 2893 2271 2956 πὸς
2302 2892 2540 2957 αὔξεται,
2577 2894 2673 2946 καὶ
2706 2894 2739 2963 ἡ
2769 2892 2893 2963 ῥίζα
2938 2892 3290 2964 πληθύνεται,
3318 2893 3408 2945 καὶ
3430 2890 3551 2943 οὔτε
3578 2892 3751 2961 μείω-

2172 2992 2255 3039 σις
2289 2980 2356 3046 τῇ
2386 2975 2630 3046 γεννώσῃ
2664 2978 2808 3047 ῥίζῃ,
2839 2976 2961 3029 οὕτε
2998 2976 3293 3039 ἐλάττωσις
3324 2974 3399 3045 τῷ
3429 2974 3750 3044 γεννηθέντι

2171 3059 2546 3130 προσγίνεται.
2584 3061 2647 3112 Ἡ
2675 3059 2916 3130 ἄμπελος
2944 3061 3107 3130 γεννᾷ
3132 3060 3193 3112 οὐ
3240 3058 3362 3111 καθ’
3402 3058 3580 3127 ήμᾶς·
3613 3056 3749 3109 Θεὸν

2172 3142 2268 3198 ἐὰν
2316 3144 2552 3213 ἀκούσῃς
2581 3144 2662 3196 ὅτι
2693 3141 2981 3213 ἐγέννησεν
3004 3183 3018 3206 ,
3042 3141 3355 3213 ἀνθρώπινα
3392 3140 3545 3211 πάθη
3589 3156 3750 3211 περι-

2170 3226 2364 3289 άπτεις
2387 3225 2463 3297 τῷ
2495 3228 2672 3280 πᾶσαν
2698 3225 3041 3299 ἀνθρωπίνην
3069 3225 3451 3297 ὑπερϐαίνοντι
3479 3225 3672 3294 φύσιν;

2243 3385 2303 3438 ε’.
2344 3384 2454 3439 Καὶ
2483 3384 2653 3438 εἶπεν
2687 3386 2720 3438 ό
2759 3385 2936 3451 Θεός’
2968 3384 3335 3455 Ἐξαγναγέτω
3362 3386 3401 3455 ἡ
3432 3384 3509 3456 γῆ
3534 3385 3767 3455 ψυχὴν

2170 3470 2367 3533 ζῶσαν
2395 3469 2543 3523 κατὰ
2581 3467 2775 3537 γένος,
2805 3466 3153 3537 τετράποδα,
3185 3468 3423 3535 ἑρπετὰ,
3448 3472 3641 3537 θηρία.
3667 3472 3748 3523 Τά

2168 3552 2474 3626 τετράποδα
2519 3554 2687 3622 κτήνη
2732 3552 2914 3604 ἐστίν⁹
2957 3552 3183 3622 ἑρπετὰ,
3216 3551 3399 3622 θηρία,
3440 3553 3599 3622 δφις,
3626 3554 3752 3623 δράμ

2171 3656 2282 3692 κων
2308 3654 2321 3667 ο
2358 3638 2417 3689 οὑ
2459 3636 2569 3706 γάρ
2600 3635 2758 3706 μόνον
2778 3636 2846 3688 τά
2878 3635 3037 3706 θηρία
3074 3637 3144 3689 τά
3170 3637 3548 3691 ὑποπίπτοντα
3574 3642 3748 3709 κτήνη

2171 3721 2407 3789 λέγεται,
2446 3719 2581 3773 ἀλλά
2631 3718 2727 3771 καὶ
2770 3718 2839 3771 τά
2869 3719 3166 3789 ἀχθοφόρα.
3199 3720 3314 3771 Πᾶν
3366 3722 3704 3789 χορτοφ-άγον
3727 3763 3743 3783 ,

2171 3806 2283 3858 εἴτε
2333 3804 2478 3875 βοῦς,
2524 3804 2633 3856 εἴτε
2667 3802 2935 3873 πρόϐατον
2961 3842 2974 3865 ,
3010 3803 3206 3871 κτῆνος
3253 3802 3530 3865 καλεῖται,
3554 3805 3750 3872 κτῆνος

2170 3887 2324 3958 παρά
2349 3886 2410 3941 τὸ
2457 3885 2644 3955 κτῆμα
2673 3881 2810 3938 εἶναι
2848 3884 2944 3937 τοῦ
2985 3884 3293 3956 ἀνθρώπου.
3334 3887 3459 3938 Ὅτι
3487 3887 3544 3939 δὲ
3576 3891 3748 3956 κτήνη

2169 3972 2412 4025 καλεῖται
2446 3971 2542 4023 καὶ¹
2569 3968 2812 4041 πρόϐατα
2850 3969 2944 4021 καὶ
2988 3967 3127 4036 βόες,
3161 3972 3483 4039 μαρτυρεῖή
3514 3970 3705 4041 Γραφή
3732 3988 3746 4000 ’

2169 4054 2279 4108 Καὶ
2323 4051 2598 4121 ἐγένοντο
2629 4051 2789 4117 αὐτῷ
2840 4050 3030 4119 κτήνη
3054 4053 3362 4119 προϐάτων
3408 4053 3509 4105 καὶ
3556 4054 3749 4121 κτήνη
3862 4094 3871 4115 ,

2164 4136 2352 4202 βοῶν.
2399 4135 2719 4207 Ἐπληρώθη
2753 4137 2785 4206 ή
2815 4136 2915 4205 γῆ,
2940 4135 3115 4204 ἐκόμα
3147 4138 3259 4197 τοῖς
3291 4138 3547 4206 καρποῖς,
3578 4142 3754 4209 προή-

2170 4238 2332 4289 νεγκε
2358 4220 2427 4273 τά
2454 4219 2568 4284 ζῶα
2592 4236 2606 4249 ο
2633 4218 2813 4271 ἔλειπε
2845 4219 3028 4271 λοιπὸν
3072 4221 3101 4272 6
3139 4220 3526 4290 οἰκοδεσπότης
3545 4236 3562 4251 ⁶
3590 4223 3621 4273 6
3660 4224 3753 4274 ού-

2175 4304 2334 4376 ρανὸς
2366 4301 2820 4367 ἐκεκαλλώπιστο,
2849 4305 2881 4372 ή
2919 4303 2990 4373 γῆ
3019 4303 3366 4356 ἐπεποίκιλτο
3390 4343 3405 4366 ,
3428 4306 3461 4372 ή
3502 4304 3753 4360 θάλασσα

2170 4387 2550 4458 ἐπεπλήρωτο,
2601 4388 2630 4439 6
2683 4387 2793 4457 ἀὴρ
2846 4386 3074 4457 ὀρνίθων
3131 4388 3473 4457 ἐκεκόσμητο
3528 4388 3748 4459 πλήθει.

2158 4474 2354 4526 Πάντα
2377 4468 2445 4543 ἦν
2472 4472 2795 4540 ἐτοιμα,και
2824 4470 3033 4523 ἔλειπεν
3059 4473 3087 4523 6
3119 4470 3425 4542 ἄνθρωπος.
3455 4473 3568 4542 Οὐχ
3594 4472 3756 4538 ὐδρι.

2164 4556 2318 4622 ζεται
2354 4555 2412 4608 δὲ
2455 4553 2533 4624 τῷ
2566 4549 2704 4606 εἶναι
2734 4553 3054 4619 τελευταῖος,
3098 4552 3235 4606 ἀλλά
3278 4556 3537 4623 τιμᾶται·
3578 4572 3755 4625 παρα-

2170 4639 2493 4702 σκευάζεται
2513 4636 2621 4707 γὰρ
2644 4638 2673 4689 6
2692 4632 2858 4700 οἶκος,
2876 4637 2971 4690 καὶ
2994 4636 3271 4704 εἰσάγεται
3291 4639 3320 4690 6
3338 4637 3757 4707 οἰκοδεσπότης,

2162 4722 2335 4775 Οὐδὲν
2370 4721 2477 4792 γάρ
2507 4721 2679 4783 όΘεὸς
2709 4719 2834 4773 οὕτε
2859 4719 3122 4792 ἀκαίρως,
3146 4719 3271 4773 οὔτε
3299 4721 3555 4789 ἀμέτρως
3581 4727 3747 4783 ποιεῐι,

2168 4804 2304 4859 ἀλλά
2348 4806 2525 4859 πάντα
2569 4804 2656 4858 διὰ
2700 4802 2800 4874 τὴν
2838 4803 3044 4874 χρείαν.
3082 4805 3192 4857 Καὶ
3240 4804 3404 4873 βλέπε
3442 4805 3541 4875 τήν
3568 4806 3747 4871 τάξιν.

2168 4889 2391 4962 Πρῶτον
2442 4888 2696 4960 ἐποίησεν
2724 4888 2751 4938 6
2789 4885 2921 4951 Θεὸς
2975 4886 3205 4957 βοτάνην
3246 4888 3343 4941 καὶ
3391 4888 3617 4959 χόρτον,
3650 4891 3749 4941 καὶ

2158 4973 2286 5025 τότε
2320 4969 2389 5024 τὰ
2410 4970 2573 5041 θηρία
2594 4970 2919 5040 τρεφόμενα.
2939 4972 3049 5024 Καὶ
3073 4973 3121 5024 εἰ
3152 4971 3251 5023 οὐκ
3266 4966 3334 5041 ἦν
3352 4972 3421 5023 τὰ
3453 4973 3750 5041 τρέφοντα,

2167 5059 2392 5126 ἄκαιρος
2412 5050 2479 5125 ἧν
2510 5058 2542 5124 ή
2573 5054 2899 5126 δημιουργία
2919 5052 3029 5106 τῶν
3059 5054 3232 5119 ζώων,
3261 5054 3603 5126 ζημιουμένη
3635 5057 3748 5108 τῶν

2168 5138 2397 5210 καρπῶν
2419 5139 2518 5208 τήν
2547 5137 2771 5190 ἔνδειαν.
2816 5137 3068 5208 Ἐποίησε
3088 5137 3158 5190 τά
3189 5142 3477 5208 τρέφοντα,
3506 5139 3602 5192 καὶ
3621 5138 3745 5191 τότε

2166 5224 2235 5276 τά
2256 5223 2561 5294 τρεφόμενα
2584 5220 3100 5294 προπαρασκευάζει
3118 5239 3131 5251 ·
3157 5222 3371 5293 πρῶτον
3403 5223 3504 5286 τὰς
3531 5224 3744 5293 χρείας,

2169 5309 2263 5361 καὶ
2299 5308 2469 5371 οὕτως
2507 5309 2712 5375 εἰσάγει
2751 5307 2820 5359 τά
2860 5307 2959 5376 τῆς
3003 5308 3191 5377 χρείας
3237 5305 3551 5375 μεθέξοντα.
3585 5307 3748 5361 Οῦτω

2168 5392 2259 5444 καὶ
2283 5392 2375 5443 ἐπὶ
2398 5392 2505 5443 τῶν
2528 5390 2756 5462 Γραφῶν
2773 5390 3015 5459 ἐποίησε.
3048 5390 3355 5460 Προέλαϐον
3384 5392 3475 5443 τὸν
3507 5392 3750 5462 Χριστὸν

2167 5477 2224 5527 αί
2262 5475 2475 5545 Γραφαί
2520 5474 2734 5545 πρῶτον
2784 5474 3147 5543 κηρύττουσαι
3176 5514 3191 5536 ,
3224 5474 3317 5526 καὶ
3361 5474 3486 5527 τότε
3535 5472 3752 5545 ἧλθενὰ

2171 5557 2629 5629 μαρτυρούμενος.
2673 5558 2975 5628 Προέλαϐον
3030 5560 3085 5611 αί
3137 5558 3471 5629 μαρτυρίαι,
3513 5560 3603 5611 ἴνα
3649 5576 3747 5610 ττι-

2232 5737 2254 5764 ⁸
2277 5736 2604 5803 Πίεμηυξειῑειη
2633 5738 2813 5803 desunt
2834 5740 2883 5788 in
2905 5738 3156 5789 Vaticano.
3181 5739 3341 5803 (Fort.
3370 5742 3520 5793 verba
3558 5740 3638 5790 καί
3658 5756 3741 5803 ται

2167 5813 2305 5859 μεν...
2330 5800 2399 5862 τῷ
2428 5800 2593 5862 “arpi,
2614 5814 2725 5861 quae
2748 5802 2858 5851 Sav.
2887 5805 3077 5852 uncinis
3101 5802 3341 5865 inclusit.)
