4074 6308
331 361 425 417 461
1392 363 1478 418 DE
1517 362 1727 419 MUNDI
1765 358 2151 420 CliEATlONE
2188 364 2441 422 ORATIO
2476 367 2567 425 IV.

330 476 554 545 accipiat
596 490 746 531 more.
789 475 1017 532 dicens:
1046 473 1236 530 Viden’
1275 475 1543 545 quomodo
1574 476 1685 546 ipse
1729 476 1915 531 doctor

329 569 655 647 concesserit
701 568 907 623 Patrem
951 567 1087 623 Filio
1128 570 1359 638 priorem
1399 570 1561 624 esse?
1604 568 1698 624 sed
1741 569 1915 639 potius

328 664 560 717 sermoni
582 662 791 717 veniam
809 663 1030 726 tribuas,
1050 677 1171 715 cum
1199 661 1440 715 homines
1460 662 1647 727 simus,
1668 664 1914 730 luteaque

328 757 503 825 lingua
542 766 752 809 utamur
775 798 790 820 ,
821 764 980 826 atque
1027 754 1333 810 hominibus
1363 755 1519 809 verba
1568 754 1820 809 faciamus
1849 755 1915 809 de

326 848 501 901 divina
531 864 850 917 omnemque
881 849 1139 903 rationem
1170 859 1455 918 superante
1484 859 1691 903 natura.
1728 850 1911 903 Homi-

327 953 421 993 nes
443 940 585 993 enim
611 954 729 993 cum
752 940 938 1007 simus,
964 948 1018 994 ut
1041 939 1282 995 homines
1311 940 1450 1008 loqui
1475 940 1772 994 didicimus.
1797 940 1911 995 Non

324 1030 465 1084 enim
491 1030 666 1084 sciunt
696 1032 896 1095 miseri,
922 1046 981 1085 se
1005 1030 1073 1085 de
1096 1031 1203 1085 Deo
1231 1030 1514 1094 disserere,
1548 1032 1705 1085 verba
1740 1031 1914 1098 profe-

325 1131 521 1187 rentes,
554 1136 671 1192 quae
696 1122 761 1175 de
793 1122 901 1176 Deo
930 1122 1106 1177 dicere
1139 1137 1243 1176 non
1271 1131 1689 1176 consentaneum
1721 1133 1819 1175 est.
1852 1123 1913 1175 Et

322 1212 442 1267 vide
463 1228 648 1266 eorum
676 1213 956 1266 vafritiem.
982 1213 1114 1267 Cum
1143 1213 1463 1282 qumstiones
1492 1221 1811 1281 proponunt,
1843 1228 1906 1265 ex

324 1305 568 1359 humanis
594 1305 877 1376 loquuntur
904 1305 1227 1370 ratiociniis;
1259 1306 1487 1374 exempli
1524 1321 1679 1359 causa
1706 1324 1719 1360 :
1743 1307 1911 1359 Omne

321 1396 461 1468 quod
485 1397 738 1466 gignitur,
773 1398 1033 1467 inquiunt,
1059 1396 1351 1451 exsistendi
1382 1398 1694 1465 principium
1727 1396 1906 1450 habet.

322 1487 597 1542 Uudenam
630 1504 756 1544 vero
782 1490 802 1542 ?
842 1489 1031 1543 Statim
1063 1497 1330 1557 reponunt
1359 1506 1372 1542 :
1405 1488 1483 1542 Tu
1512 1488 1601 1556 qui
1634 1497 1787 1541 natus
1816 1502 1874 1541 es
1893 1528 1906 1549 ,

320 1598 496 1635 annon
523 1583 833 1651 principium
856 1582 1117 1637 habuisti:
1142 1597 1266 1634 num
1290 1589 1436 1648 pater
1455 1581 1609 1632 tuus?
1640 1596 1760 1632 nunt
1782 1594 1909 1634 avus

322 1674 475 1726 tuus?
496 1674 549 1728 Si
576 1672 810 1741 proferas
838 1673 910 1727 illi
929 1688 993 1727 ex
1016 1673 1133 1742 ipso
1150 1687 1333 1727 eorum
1354 1671 1626 1725 ratiocinio
1651 1671 1907 1723 rationem

319 1768 498 1832 aliam,
522 1783 639 1837 quae
662 1769 903 1821 insanum
928 1767 1069 1821 illius
1086 1777 1445 1822 commentum
1477 1764 1641 1833 possit
1659 1764 1905 1827 obruere.

320 1860 497 1912 statim
521 1859 756 1928 captiose
785 1859 911 1913 dicit
940 1877 953 1910 τ
982 1859 1057 1913 De
1089 1858 1197 1912 Deo
1222 1857 1409 1927 agitur,
1444 1866 1497 1910 et
1525 1857 1748 1908 humana
1780 1855 1906 1911 mihi

321 1952 591 2003 ratiocinia
624 1950 863 2005 inducis?
886 1958 937 2004 et
964 1948 1042 2004 illi
1064 1949 1275 2018 quidem
1295 1947 1524 2001 radicem
1552 1946 1808 1999 malorum
1839 1962 1906 2000 ex

320 2042 688 2095 communibus
705 2041 995 2095 ratiociniis
1018 2040 1292 2110 proferunt
1325 2059 1336 2093 :
1371 2040 1629 2092 malorum
1658 2053 1786 2092 vero
1812 2052 1902 2091 so-

321 2132 572 2187 lutionem
598 2134 779 2186 nolunt
804 2149 867 2187 ex
900 2133 1085 2186 iisdem
1111 2129 1399 2184 ratiociniis
1427 2129 1723 2182 admittere.

348 2282 351 2285 _
391 2226 444 2280 4.
481 2227 569 2278 Ait
599 2240 739 2293 saepe
785 2223 1066 2277 haereticus
1100 2240 1113 2276 :
1146 2223 1227 2275 An
1276 2230 1446 2289 potest
1474 2220 1662 2287 aliquis
1704 2234 1822 2273 esse
1850 2228 1903 2273 et

323 2318 502 2371 nasci?
532 2317 586 2372 Si
615 2316 772 2387 igitur
798 2324 1186 2379 monstravere,
1218 2313 1544 2382 Scripturam
1575 2330 1676 2364 non
1701 2311 1766 2365 de
1792 2312 1900 2364 Deo

323 2420 551 2472 tantum,
584 2409 675 2461 sed
704 2409 860 2461 etiam
893 2408 958 2461 de
988 2406 1293 2460 hominibus
1324 2404 1497 2459 simile
1527 2403 1792 2473 quidpiam
1822 2403 1901 2456 iu-

316 2502 535 2565 ducere,
576 2502 698 2568 quid
748 2499 913 2568 ages?
943 2499 1084 2553 Beati
1122 2497 1352 2552 Abraha:
1396 2497 1554 2559 ﬁlios,
1601 2511 1704 2550 non
1747 2495 1897 2565 quasi

318 2610 420 2647 non
449 2597 573 2655 sint,
598 2594 689 2647 sed
716 2594 863 2661 quasi
900 2592 1298 2660 precexsistant,
1320 2590 1591 2658 Scriptura
1632 2590 1773 2642 nasci
1812 2588 1898 2642 di-

314 2688 406 2741 cit.
440 2686 569 2740 Nam
596 2685 861 2738 Abraham
888 2684 1068 2753 genuit
1112 2684 1285 2749 Isaac,
1317 2682 1463 2736 Isaac
1487 2682 1667 2752 genuit
1698 2680 1861 2735 Jacob
1879 2722 1895 2747 ,

315 2777 479 2830 Jacob
518 2777 679 2841 Levi,
714 2791 777 2830 ex
806 2792 911 2843 quo
953 2776 1120 2828 tribus
1161 2772 1525 2828 sacerdotalis.
1563 2772 1697 2839 Quia
1741 2772 1899 2842 igitur

316 2868 423 2932 hic,
471 2883 660 2937 nempe
707 2866 1002 2928 Abraham,
1053 2865 1438 2920 Mclchisedeeo
1477 2864 1686 2918 obviam
1728 2865 1890 2929 venit,

315 2961 510 3015 Paulus
530 2959 799 3029 apostolus
830 2958 880 3012 id
907 2960 1043 3028 quod
1074 2968 1196 3013 tmte
1224 2968 1428 3028 gestum
1463 2957 1562 3011 fuit
1600 2958 1895 3027 theologico

311 3066 463 3105 more
508 3050 860 3118 interpretans
900 3052 974 3103 ait
1008 3068 1019 3102 :
1059 3069 1077 3099 ε
1115 3050 1335 3104 Obviam
1373 3051 1516 3104 venit
1559 3058 1734 3103 autem
1765 3049 1893 3103 Mel-

310 3141 562 3196 chisedec
600 3142 861 3206 Abralne,
908 3152 962 3195 et
1005 3142 1271 3195 benedixit
1299 3140 1383 3205 ei;
1425 3160 1442 3192 ι
1466 3150 1519 3194 et
1562 3142 1738 3194 statim
1770 3140 1895 3194 sub-

306 3220 479 3303 jungit
508 3252 520 3286 :
552 3252 569 3283 ι
610 3232 676 3287 Ει
720 3242 775 3286 ιιι
812 3235 880 3286 ita
923 3234 1120 3286 dictum
1162 3232 1249 3294 sit,
1292 3247 1385 3301 per
1420 3232 1685 3286 Abraham
1734 3233 1891 3287 etiam

309 3325 458 3389 Levi,
483 3326 569 3394 qui
591 3326 823 3380 decimas
848 3325 1058 3394 accipit,
1088 3323 1377 3378 decimatus
1402 3333 1484 3379 est
1507 3342 1519 3378 :
1549 3324 1722 3379 adhuc
1750 3326 1893 3378 enim

310 3418 360 3469 iu
392 3417 584 3470 lumbis
626 3428 741 3471 erat
783 3417 1012 3471 Abrahae
1049 3416 1266 3484 »(Ηεὺτ.
1299 3417 1351 3469 7.
1382 3417 1432 3469 Ι.
1481 3417 1532 3471 9.
1572 3418 1681 3485 10).
1720 3419 1891 3486 Atque

307 3510 441 3562 adeo
470 3511 707 3564 mortalis
733 3512 893 3564 homo
922 3519 1204 3579 antequam
1224 3518 1530 3563 nasceretur
1556 3519 1690 3564 erat.
1710 3512 1888 3577 Quan-

308 3601 592 3672 doquidem
640 3604 789 3657 radix
832 3604 1071 3669 vivebat,
1119 3601 1346 3656 fructum
1393 3618 1514 3655 eum
1556 3603 1766 3657 vivente
1808 3620 1890 3655 ra-

308 3692 393 3745 dix
428 3692 651 3746 induxit.
687 3694 780 3746 llic
821 3709 975 3755 vero,
1012 3693 1098 3746 ubi
1137 3693 1280 3745 nulla
1321 3693 1516 3761 passio,
1550 3694 1725 3746 nullus
1769 3711 1888 3748 suc-

305 3784 564 3838 cessionis
612 3784 833 3849 modus,
892 3783 1035 3837 nulla
1087 3785 1221 3838 uteri
1275 3785 1533 3853 gestatio,
1589 3784 1730 3837 nulla
1784 3785 1884 3837 hu-

308 3891 583 3928 manarum
640 3875 944 3944 passionum
979 3876 1173 3941 series,
1222 3891 1327 3928 non
1371 3876 1484 3928 vult
1538 3875 1715 3930 dicere
1762 3892 1882 3929 eum

308 3967 395 4033 qui
426 3976 541 4020 erat
566 3967 633 4020 ab
659 3967 946 4021 exsistente
974 3967 1149 4035 gigni,
1179 3976 1233 4021 et
1277 3968 1327 4020 in
1358 3977 1611 4022 internum
1644 3986 1878 4023 manere.

307 4061 375 4112 At
410 4060 452 4112 si
500 4060 710 4129 genitus
757 4058 884 4125 fuit,
936 4059 1125 4128 inquit,
1174 4044 1441 4128 quomodo
1479 4074 1691 4129 semper
1730 4063 1882 4114 erat?

307 4151 557 4221 Quisquis
600 4151 740 4205 enim
786 4152 1038 4220 gignitur,
1087 4151 1402 4220 principium
1452 4153 1662 4221 accipit.
1711 4153 1881 4207 Patris

306 4260 499 4300 nomen
524 4243 664 4313 apud
693 4258 792 4298 nos
820 4260 915 4312 per
946 4243 1144 4298 multos
1170 4244 1418 4298 circuitus
1439 4244 1693 4298 decurrit.
1721 4244 1877 4299 Verbi

304 4337 492 4405 gratia,
525 4351 767 4404 suppone
791 4337 1043 4404 juvenem
1076 4350 1295 4389 uxorem
1326 4334 1523 4390 ducere
1553 4338 1873 4403 cupientem.

305 4426 536 4481 Primum
572 4428 626 4480 lit
654 4441 845 4495 procos
864 4466 879 4492 ,
911 4426 1104 4480 deinde
1134 4440 1381 4496 sponsus,
1415 4437 1594 4495 postea
1624 4431 1874 4492 maritus;

301 4520 342 4571 si
374 4520 571 4589 gignat,
600 4520 792 4574 dicitur
812 4527 994 4590 pater;
1017 4520 1099 4573 sin
1127 4519 1302 4587 proles
1324 4519 1424 4573 hoc
1454 4520 1524 4573 illi
1554 4535 1743 4573 nomen
1774 4537 1874 4572 non

300 4610 563 4675 tribuerit,
591 4609 797 4663 etiamsi
819 4618 1101 4663 sexcentos
1127 4622 1295 4662 annos
1320 4622 1440 4662 cum
1474 4624 1637 4661 uxore
1664 4608 1872 4670 vixerit.

301 4715 402 4754 non
436 4713 583 4770 pater
609 4701 901 4755 vocabitur.
931 4700 1291 4769 Similiterque
1312 4710 1502 4764 mater,
1536 4701 1706 4768 primo
1729 4701 1877 4769 virgo

301 4793 422 4847 hinc
449 4795 735 4863 postulata,
758 4806 946 4863 postea
966 4794 1306 4862 desponsata,
1331 4792 1544 4847 demum
1573 4810 1732 4859 uxor;
1764 4806 1877 4848 ute—

298 4903 413 4940 rum
465 4898 657 4957 gestat,
708 4888 936 4941 fructum
990 4896 1189 4956 portat;
1239 4886 1332 4940 sed
1380 4887 1423 4939 si
1479 4903 1583 4940 non
1631 4889 1869 4956 prodeat,

296 4991 465 5034 mater
496 4996 599 5034 non
629 4990 861 5035 vocatur.
896 4980 1117 5034 Etiamsi
1150 4980 1298 5033 radix
1328 4980 1556 5034 fructum
1589 4981 1741 5043 ferat,
1773 4982 1870 5034 nisi

296 5088 575 5140 progressa
610 5074 787 5141 proles
830 5075 1070 5127 labormn
1114 5073 1452 5139 mercedem,
1490 5074 1627 5127 hanc
1668 5074 1873 5127 scilicet

292 5166 817 5231 denominationem,
850 5167 1124 5231 retulerit,
1176 5177 1345 5220 mater
1392 5184 1496 5221 non
1554 5168 1867 5235 appellatur.

293 5258 526 5325 ldipsum
578 5259 748 5325 Deus,
798 5269 976 5329 utpote
1028 5259 1240 5327 sapiens
1290 5258 1446 5323 fecit,
1506 5276 1571 5313 ne
1618 5261 1871 5312 adversus

295 5351 433 5403 liiios
458 5351 812 5418 gloriarentur
841 5360 1181 5419 patres,neve
1211 5350 1410 5404 diceret
1434 5361 1579 5420 pater
1602 5352 1727 5416 lilio,
1762 5351 1870 5419 Ego

292 5444 384 5496 tibi
427 5444 589 5495 vitam
639 5443 857 5512 largitus
900 5460 1054 5508 sum,
1083 5452 1298 5512 propter
1326 5459 1410 5496 me
1447 5452 1598 5494 natus
1631 5458 1710 5508 es,
1750 5457 1867 5495 mea

292 5549 458 5599 opera
487 5534 537 5585 in
580 5548 758 5587 rerum
793 5544 1031 5587 naturam
1073 5533 1358 5602 productus
1397 5548 1453 5586 es
1483 5552 1495 5586 :
1524 5532 1615 5585 sed
1659 5533 1866 5587 etiamsi

293 5623 405 5676 lm-c
445 5624 666 5686 diceret,
704 5625 881 5677 statim
930 5623 1174 5677 audiret:
1223 5624 1333 5692 Ego
1375 5633 1589 5692 propter
1618 5633 1667 5677 te
1710 5634 1866 5679 natus

291 5732 430 5775 sum,
469 5725 519 5767 tu
552 5714 710 5767 etiam
744 5722 958 5782 propter
1003 5730 1086 5767 me
1116 5724 1263 5782 pater
1303 5729 1381 5769 es.
1418 5713 1645 5783 ldipsutu
1675 5722 1729 5767 et
1754 5731 1866 5768 ma-

292 5808 357 5860 tri
392 5823 401 5858 :
433 5805 688 5861 Tribuisti
716 5805 844 5859 mihi
882 5817 938 5861 ut
976 5820 1148 5861 essem
1178 5807 1345 5872 filius,
1376 5815 1428 5862 et
1457 5822 1553 5875 ego
1582 5806 1737 5861 tribtti
1769 5808 1860 5864 tibi

3497 380 3613 437 δεῖ

2019 488 2077 533 ut
2101 493 2248 534 esses
2276 491 2465 535 mater.
2497 480 2620 535 Haec
2645 480 2783 552 apud
2815 500 2911 540 nos
2936 490 3155 560 gratiam
3200 492 3483 559 quamdam
3518 495 3601 550 vi-

2019 585 2241 641 cemque
2284 572 2652 627 retributionis
2678 589 2787 643 pra:
2814 591 2873 631 se
2921 576 3114 631 ferunt.
3143 579 3506 654 Similiterque
3534 584 3600 640 li-

2019 661 2155 727 lius,
2203 679 2307 716 non
2362 664 2538 716 statim
2586 664 2756 727 filius,
2796 667 2889 721 sed
2939 670 3109 737 primo
3143 687 3357 737 semen,
3406 675 3600 732 deinde

2017 750 2177 816 fetus,
2206 762 2259 807 et
2284 770 2400 807 cum
2430 765 2724 841 natusest,
2764 766 2887 811 tunc
2914 769 2996 813 est
3036 761 3195 816 filius.
3239 764 3365 818 Ilaec
3392 774 3600 836 tempo-

2016 858 2133 897 rum
2176 846 2579 899 necessitatibus
2624 847 2853 901 obnoxia
2905 860 3074 905 sunt:
3108 852 3221 907 hare
3262 857 3597 923 passionibus

2016 933 2253 1001 subjecta
2288 951 2300 985 :
2329 934 2441 988 haec
2466 950 2742 1004 corporea:
2772 949 2894 991 sunt
2923 944 3337 999 constitutionis.
3369 946 3466 1001 Ubi
3496 964 3597 1001 au-

2018 1032 2120 1077 tem
2149 1025 2457 1092 incorporea
2477 1033 2561 1081 est
2581 1036 2767 1080 natura
2786 1045 2903 1097 qua:
2928 1030 3113 1100 gignit,
3144 1035 3227 1087 ubi
3248 1036 3595 1105 incorporeus

2016 1126 2095 1169 est
2124 1115 2324 1171 fructus
2369 1118 2455 1186 qui
2483 1119 2748 1187 gignitur,
2777 1136 2877 1189 qua
2928 1125 3131 1178 ratione
3172 1125 3376 1181 dicatur
3416 1131 3540 1183 illud
3576 1150 3590 1185 :

2017 1207 2143 1257 Erat
2173 1206 2386 1274 quando
2420 1222 2524 1261 non
2554 1218 2692 1274 erat,
2724 1220 2774 1263 et
2802 1219 2981 1278 postea
3011 1215 3221 1282 genitus
3246 1219 3370 1272 est?
3398 1221 3465 1272 At
3496 1236 3594 1275 nos

2013 1295 2239 1351 dicimus
2265 1316 2276 1351 :
2306 1298 2361 1353 Si
2395 1300 2532 1354 Deus
2564 1301 2633 1354 ita
2675 1316 2888 1369 semper
2918 1319 2977 1357 se
3012 1304 3197 1372 habet,
3238 1308 3282 1361 si
3313 1310 3441 1363 nihil
3471 1327 3591 1365 um-

2012 1404 2168 1459 quam
2192 1394 2451 1462 acquirat,
2476 1410 2690 1465 semper
2715 1397 2876 1450 etiatn
2906 1406 2990 1450 est
3011 1397 3184 1453 Pater.
3211 1400 3359 1468 Quod
3388 1403 3428 1456 si
3451 1418 3591 1458 sem-

2014 1498 2108 1551 per
2136 1495 2216 1537 est
2244 1485 2420 1552 Pater,
2435 1500 2648 1556 semper
2667 1487 2858 1543 Filium
2881 1490 3069 1559 recipit
3101 1508 3114 1543 :
3144 1507 3272 1561 ergo
3297 1506 3591 1551 coaeternus

2013 1585 2096 1630 est
2124 1578 2262 1631 Patri
2289 1578 2477 1635 Filius.
2508 1580 2699 1634 Filium
2726 1582 2953 1636 dicimus
2973 1584 3087 1637 sine
3114 1584 3358 1653 passione
3385 1599 3587 1652 natum,

2013 1670 2375 1738 generationis
2402 1687 2530 1726 vero
2572 1672 2787 1726 modum
2825 1675 3095 1743 explicare
3138 1693 3243 1730 non
3286 1693 3587 1747 possumus.

2017 1761 2155 1815 Vera
2186 1762 2301 1817 haec
2320 1772 2403 1817 est
2426 1764 2671 1829 scientia,
2700 1774 2758 1817 ut
2780 1765 3039 1820 fateamur
3068 1782 3166 1820 nos
3191 1782 3251 1822 ea
3273 1784 3378 1823 non
3409 1784 3586 1835 nosse,

2010 1868 2129 1922 qute
2166 1865 2407 1908 naturam
2433 1864 2671 1908 nostram
2708 1864 2979 1923 superant.
3013 1856 3222 1909 Prolcm
3255 1858 3433 1925 itaque
3460 1859 3589 1913 ado-

2009 1959 2189 1997 ramus
2240 1954 2483 1998 naturam
2512 1960 2638 1999 vero
2656 1960 2762 2000 non
2785 1946 2994 2001 curiose
3015 1959 3334 2003 scrutamur.
3355 1948 3407 2003 Si
3429 1949 3593 2004 homo

2010 2047 2153 2090 esset
2180 2038 2225 2091 is
2246 2039 2334 2106 qui
2362 2039 2565 2107 genuit,
2598 2039 2884 2092 humanam
2907 2051 3053 2095 certe
3073 2040 3470 2109 generationem
3494 2041 3589 2095 ha-

2008 2128 2232 2183 buisset.
2262 2130 2315 2183 Si
2340 2145 2536 2200 corpus
2559 2130 2850 2194 habuisset,
2880 2133 3150 2201 genuisset
3170 2143 3224 2187 ut
3252 2148 3465 2204 corpus.
3490 2135 3584 2189 Sin

2008 2234 2138 2273 vero
2170 2219 2421 2274 immunis
2450 2221 2521 2273 sit
2549 2235 2578 2273 a
2618 2236 2843 2289 corpore
2865 2264 2878 2286 ,
2915 2238 2982 2275 ne
3012 2224 3253 2292 corporis
3280 2226 3587 2279 atfeetiones

2016 2308 2333 2379 ineorporeo
2374 2310 2667 2365 adscrihas.
2705 2315 2772 2364 At
2799 2312 3007 2381 genuit,
3045 2313 3211 2382 inquit
3233 2356 3247 2381 ,
3276 2331 3339 2369 ex
3373 2318 3585 2386 propria

2006 2410 2213 2465 natura,
2246 2416 2365 2455 cum
2399 2402 2646 2471 passione
2676 2404 2880 2472 genuit,
2917 2418 3009 2473 per
3038 2405 3352 2471 sectionem,
3386 2423 3481 2476 per
3508 2408 3588 2461 ef-

2004 2489 2225 2545 fluxnm.
2260 2493 2337 2547 Ex
2368 2496 2597 2549 terrenis
2625 2496 2957 2551 contrarium
2988 2496 3173 2564 probo.
3220 2497 3400 2567 Gignit
3427 2500 3580 2565 vilis,

2002 2586 2167 2654 gignit
2187 2586 2325 2651 olea,
2351 2587 2519 2656 gignit
2540 2589 2699 2641 etiam
2716 2603 2875 2657 aqua,
2897 2604 3001 2641 non
3024 2589 3315 2643 secundum
3338 2603 3579 2647 naturam

2002 2687 2273 2741 nostram,
2317 2676 2410 2729 sed
2448 2678 2738 2732 secundum
2769 2680 3040 2747 proprium
3071 2680 3333 2735 ordinem.
3366 2682 3578 2749 Quaavis

2001 2767 2194 2820 mulier
2218 2768 2429 2836 quando
2452 2768 2501 2822 id
2525 2785 2553 2822 a
2588 2770 2697 2824 Deo
2716 2779 3044 2840 consequuta
3073 2781 3175 2839 est,
3206 2782 3263 2827 ut
3287 2775 3358 2829 sit
3385 2786 3577 2842 mater,

2003 2867 2211 2913 uterum
2238 2870 2430 2929 gestat,
2463 2861 2772 2915 intumescit
2801 2878 2816 2915 :
2845 2864 3040 2916 emisso
3065 2874 3241 2919 autem
3272 2863 3465 2930 fructu,
3497 2877 3578 2921 tu-

2001 2967 2205 3005 morem
2236 2952 2405 3022 ponit.
2435 2951 2490 3005 ln
2523 2953 2806 3006 arboribus
2831 2969 2985 3008 secus
3015 2956 3225 3009 accidit.
3263 2956 3573 3026 Priusquam

1997 3046 2241 3114 genuerit
2283 3045 2443 3097 arbor
2492 3061 2599 3097 non
2641 3046 2946 3099 intumescit
2981 3063 2992 3098 :
3022 3062 3142 3101 cum
3183 3050 3427 3117 genuerit
3465 3059 3575 3103 tum

1998 3138 2232 3189 crassior
2261 3135 2510 3199 efficitur,
2544 3135 2746 3189 fructus
2776 3146 3031 3206 augetur,
3063 3148 3117 3192 et
3144 3139 3291 3193 radix
3325 3140 3581 3209 multipli-

1997 3238 2168 3293 catur,
2218 3242 2389 3297 neque
2429 3228 2727 3282 imminutio
2775 3236 2858 3282 est
2896 3229 3129 3298 gignenti
3172 3231 3355 3294 radici,
3403 3247 3577 3300 neque

1998 3332 2124 3375 nato
2154 3321 2364 3375 fructui.
2388 3321 2569 3390 Gignit
2589 3321 2709 3375 vitis
2732 3338 2837 3375 non
2864 3337 3015 3376 more
3041 3332 3227 3375 nostro
3252 3337 3266 3375 :
3304 3324 3576 3393 Deumque

1997 3413 2041 3467 si
2064 3413 2293 3467 audieris
2317 3414 2585 3483 genuisse,
2614 3414 2871 3468 humanas
2902 3414 3176 3483 passiones
3196 3414 3453 3470 adscribis
3481 3432 3577 3469 na-

1997 3514 2168 3560 turam
2192 3521 2405 3561 omnem
2432 3506 2715 3560 humanam
2742 3506 3054 3575 superanti?

2066 3598 2118 3651 5.
2153 3596 2218 3650 Et
2248 3598 2376 3651 dixit
2403 3596 2535 3651 Deus
2562 3613 2579 3649 :
2608 3596 2811 3651 Educat
2835 3608 2968 3651 terra
2987 3601 3213 3651 animant
3237 3599 3474 3653 viventem
3493 3617 3575 3656 cc-

1993 3691 2215 3743 candum
2255 3708 2445 3762 genus,
2484 3692 2871 3760 quadrupedes,
2913 3694 3149 3761 reptilia,
3192 3696 3373 3747 bestias
3414 3695 3567 3763 (lien.

1993 3783 2042 3836 l.
2075 3782 2187 3845 9.4).
2222 3781 2606 3851 Quadrupedes
2630 3783 2867 3852 jumenta
2895 3786 3322 3853 sunt;.reptiles,
3357 3786 3567 3855 besdaa,

1992 3889 2215 3943 serpens
2253 3882 2307 3926 et
2333 3874 2533 3938 draco;
2562 3890 2731 3943 neque
2756 3874 2897 3928 enim
2940 3876 3125 3930 bestia:
3167 3877 3339 3930 solum
3382 3878 3570 3945 subju-

1990 3968 2157 4037 gales,
2191 3966 2283 4021 scd
2316 3968 2473 4021 etiam
2502 3982 2620 4037 qua:
2645 3967 2893 4023 oneribus
2924 3967 3189 4035 ferendis,
3216 3970 3455 4040 jumenta
3482 3972 3567 4024 di-

1989 4071 2200 4113 cuntur.
2232 4059 2497 4128 Quidquid
2530 4060 2672 4114 fceno
2699 4061 2932 4116 vescitur
2953 4102 2968 4127 ,
2997 4064 3109 4118 sive
3137 4064 3262 4128 bos,
3293 4065 3403 4118 sive
3429 4066 3564 4127 ovis,

1986 4168 2150 4223 pecus
2191 4163 2447 4207 vocatur:
2492 4171 2654 4217 κτῆνος
2695 4154 2805 4208 sive
2843 4170 3003 4222 pecus
3045 4155 3270 4220 dicitur,
3312 4156 3432 4225 quia
3484 4167 3567 4210 est

1985 4263 2145 4313 κτῆμα
2191 4246 2304 4301 sive
2334 4249 2600 4316 possessio
2640 4248 2889 4303 hominis.
2933 4246 3084 4313 Quod
3130 4255 3308 4300 autem
3357 4263 3484 4301 oves
3509 4256 3565 4301 et

1986 4340 2151 4394 boves
2179 4353 2368 4406 pecora
2398 4348 2655 4393 vocentur
2676 4339 2985 4393 testilicatur
3006 4337 3277 4407 Scriptura
3309 4356 3323 4392 :
3358 4338 3418 4391 Et
3448 4341 3562 4409 fue-

1983 4440 2101 4483 runt
2125 4430 2203 4483 illi
2229 4446 2411 4499 pecora
2460 4432 2623 4483 ovium
2661 4439 2705 4483 et
2742 4446 2920 4499 pecora
2958 4429 3105 4482 boum
3129 4429 3147 4500 (
3171 4428 3296 4482 Gen.
3323 4429 3411 4483 9.6.
3448 4430 3562 4498 H).

1985 4522 2207 4591 Repleta
2237 4530 2320 4575 est
2353 4531 2525 4586 terra,
2566 4521 2822 4575 vernabat
2868 4520 3143 4585 fructibus,
3195 4521 3411 4589 protulit
3447 4522 3579 4575 ani-.

1986 4615 2177 4678 malia;
2210 4613 2614 4668 desiderabatur
2646 4613 2859 4667 demum
2902 4621 3051 4680 pater
3078 4612 3339 4675 familias;
3372 4616 3561 4667 caelum

1983 4714 2229 4760 ornatum
2267 4705 2458 4770 fuerat,
2493 4715 2634 4759 terra
2677 4706 2824 4757 vario
2858 4704 3053 4758 decore
3095 4704 3443 4774 Splendebat,
3475 4722 3561 4760 re-

1982 4797 2181 4866 plctum
2228 4805 2343 4851 erat
2385 4812 2552 4862 mare,
2598 4811 2691 4849 aer
2730 4796 2903 4849 avium
2953 4797 3289 4855 multitudine
3336 4807 3561 4850 ornatus

1981 4900 2116 4942 erat.
2146 4889 2333 4943 Omnia
2378 4898 2558 4957 parata
2605 4898 2794 4953 erant,
2823 4901 2877 4943 et
2925 4888 3331 4944 desiderabatur
3373 4890 3554 4941 homo.

1981 4981 2094 5035 Non
2123 4982 2195 5034 illi
2228 4983 2563 5036 contumelia:
2589 4992 2689 5045 est,
2726 4982 2864 5051 quod
2893 4983 2961 5035 sit
2985 4992 3303 5050 postremus,
3334 4981 3425 5033 sed
3457 4982 3558 5033 hoc

1980 5072 2054 5126 illi
2086 5074 2228 5127 cedit
2255 5074 2441 5127 honori
2478 5092 2490 5127 :
2522 5086 2854 5142 praeparatur
2880 5075 3019 5128 enim
3048 5074 3266 5135 domus,
3301 5079 3354 5124 et
3400 5071 3547 5123 indu-

1979 5165 2118 5218 citur
2147 5174 2295 5234 pater
2327 5165 2575 5220 familias.
2609 5166 2745 5219 Nihil
2778 5167 2972 5235 quippe
3005 5166 3145 5219 Deus
3184 5163 3555 5230 intempestive

1984 5266 2038 5311 et
2064 5259 2180 5313 sine
2210 5260 2369 5313 modo
2401 5260 2551 5324 facit,
2596 5261 2687 5314 sed
2716 5269 2903 5313 cuncta
2933 5259 2997 5311 ad
3029 5266 3230 5311 certum
3268 5271 3442 5308 usum.
3477 5258 3555 5309 Ac

1980 5348 2097 5402 vide
2119 5350 2380 5404 ordinem.
2416 5352 2590 5405 Primo
2622 5352 2743 5403 fecit
2768 5353 2903 5403 Deus
2929 5349 3144 5401 herbam
3174 5356 3223 5401 et
3250 5347 3470 5413 faenum,
3498 5357 3555 5401 et

1977 5452 2160 5511 postea
2186 5437 2431 5497 animalia
2455 5462 2572 5513 quas
2601 5444 2683 5497 his
2708 5443 3051 5496 nutrirentur.
3080 5440 3187 5493 Nisi
3210 5440 3349 5493 enim
3372 5450 3555 5494 essent

1975 5534 2255 5601 alimenta,
2310 5534 2675 5605 intempestiva
2722 5535 2909 5587 fuisset
2956 5533 3262 5586 animalium
3307 5534 3551 5598 creatio,

1974 5641 2092 5693 qua:
2136 5627 2355 5694 penuria
2393 5625 2655 5681 fructuum
2689 5626 2971 5679 laboraret.
3007 5623 3152 5677 Fecit
3180 5622 3431 5677 alimenta
3453 5665 3467 5687 ,
3496 5635 3551 5678 et

1974 5726 2093 5787 post
2117 5732 2179 5771 ea
2213 5734 2331 5787 quae
2375 5719 2437 5771 iis
2472 5720 2745 5772 alerentur
2791 5714 3055 5779 condidit;
3086 5715 3255 5784 primo
3297 5716 3361 5768 ad
3395 5731 3550 5770 usmn

1972 5809 2293 5879 necessaria,
2337 5807 2531 5864 deinde
2589 5807 2786 5863 inducit
2825 5823 2883 5861 ea
2935 5824 3052 5876 qua:
3107 5806 3215 5861 illis
3251 5816 3546 5861 uterentur.
