4074 6308
424 402 538 457 ‘65.

430 513 628 568 finitam
661 512 821 568 modo
866 528 928 568 se
974 513 1026 567 in
1053 512 1343 583 Scripturis
1380 512 1563 583 gessit.
1592 515 2011 573 Antecesserunt

426 605 698 660 Christum
724 606 1011 674 Scriptura:
1033 605 1205 674 ipsum
1233 603 1605 674 praedicantes,
1629 613 1683 659 et
1713 614 1838 659 tunc
1862 607 2008 663 venit

427 699 482 753 is
512 714 672 767 quem
722 698 1107 767 praedicabant.
1150 698 1552 755 Praecesserunt
1586 700 1917 764 testimonia,
1951 710 2007 756 ut

425 791 735 847 crederetur
759 790 832 854 ei,
860 789 930 845 de
971 806 1080 860 quo
1119 790 1482 845 testimonium
1534 790 1819 845 ferebatur.
1865 791 2008 846 Prte-

426 890 597 943 cessit
623 889 728 953 les,
762 895 821 942 ut
848 886 1162 957 praedicaret
1192 887 1574 957 legislatorem.
1605 887 2007 943 Praecesserunt

428 980 741 1051 prophetae,
785 988 842 1035 ut
884 979 1032 1034 illum
1076 978 1450 1044 declararent,
1488 978 1555 1034 de
1597 994 1704 1049 quo
1746 978 2005 1033 vaticina-

425 1072 641 1128 banlm‘.

500 1162 785 1233 Scriptura
803 1177 892 1216 cur
910 1159 1109 1215 ludatis
1135 1159 1340 1215 relicta.
1358 1188 1433 1202 --
1452 1160 1535 1214 Ac
1548 1159 1670 1215 vide
1688 1159 2006 1229 sapientiam

431 1255 547 1309 Dei.
590 1254 898 1324 Scripturas
942 1251 1323 1323 prophetarum
1370 1266 1475 1306 non
1519 1251 1643 1306 sivit
1683 1252 1736 1306 in
1766 1251 2007 1307 Ecclesia

430 1348 600 1401 solum
622 1362 765 1413 esse,
790 1346 885 1402 sed
910 1355 969 1401 et
985 1346 1124 1417 apud
1145 1345 1385 1402 Judaeos:
1406 1356 1465 1401 ut
1480 1347 1553 1401 illi
1571 1356 2005 1418 coarguerentur,

426 1438 647 1507 reliquit
667 1452 761 1493 eas
783 1436 923 1507 apud
946 1436 1161 1493 Judaeos
1186 1436 1455 1508 indignos,
1480 1438 1575 1493 Dei
1591 1438 1793 1501 hostes,
1809 1436 2007 1493 Christi

428 1528 818 1585 iuimicos.Cur
836 1544 965 1599 ergo
990 1529 1041 1583 id
1064 1528 1208 1594 fecit,
1232 1544 1332 1584 nec
1350 1530 1420 1585 ab
1442 1530 1547 1585 illis
1566 1529 1868 1600 Scriptores
1888 1530 2009 1585 abs—

428 1621 588 1677 tulit?
620 1621 852 1676 Evidens
879 1636 1037 1677 causa
1062 1630 1165 1686 est,
1196 1636 1294 1677 nec
1332 1622 1495 1676 multa
1536 1622 1848 1690 probatione
1872 1638 2008 1692 opus

430 1712 609 1769 habet.
642 1712 714 1769 Ut
738 1713 1044 1784 pradicatio
1066 1728 1183 1768 mea
1207 1730 1311 1768 non
1333 1724 1582 1783 suspecta
1601 1723 1768 1772 esset.
1788 1714 1843 1769 Si
1865 1714 2009 1770 solus

430 1805 727 1876 prophetas
752 1805 1006 1861 haberem
1022 1846 1038 1870 ,
1070 1816 1251 1875 posset
1278 1806 1583 1861 incredulus
1617 1806 2013 1863 contradicere.

428 1898 678 1958 Aususne
697 1912 871 1953 essem
897 1913 999 1968 ego
1018 1897 1219 1961 dicere.
1242 1897 1384 1952 Dixit
1409 1898 1644 1971 Moyses.
1667 1900 1801 1955 dixit
1821 1900 2011 1966 Isaias,

428 1999 520 2044 aut
546 1989 685 2044 dixit
715 1989 953 2060 reliquus
980 1988 1359 2058 prophetarum
1387 1990 1555 2055 ordo,
1589 1990 1656 2045 de
1681 1990 1921 2057 Christo,
1952 1999 2013 2046 et

429 2081 498 2135 de
524 2081 589 2135 iis
617 2096 736 2151 quae
774 2089 1017 2150 tempore
1059 2081 1323 2138 adventus
1348 2082 1466 2152 ejus
1510 2092 1768 2141 eventura
1811 2084 2007 2138 erant?

432 2171 645 2230 Poterat
669 2170 839 2241 quivis
862 2172 1223 2241 respondere:
1249 2172 1523 2229 Undenam
1553 2174 1751 2228 scimus
1770 2174 2007 2246 Moysem

432 2263 597 2318 fuisse
626 2264 977 2334 prophetam,
1010 2273 1067 2318 et
1109 2264 1225 2320 hrec
1254 2266 1481 2331 dixisse,
1521 2275 1611 2319 aut
1662 2266 2004 2334 praedicasse,

431 2354 881 2423 quemadmodum
914 2355 1067 2409 vobis
1088 2355 1407 2411 Christianis
1442 2355 1507 2410 ad
1544 2358 2006 2413 confirmationem

427 2444 689 2499 doctrina:
706 2454 896 2499 vestrae
917 2445 1181 2501 blaterare
1197 2447 1367 2501 visum
1388 2457 1487 2511 cst,
1511 2447 1795 2517 prophetas
1818 2463 2008 2519 nempe

432 2536 656 2604 tingere,
684 2546 740 2591 et
784 2537 999 2591 nomina
1030 2537 1270 2594 fabulose
1313 2540 1681 2594 comminisci?
1720 2556 1889 2599 nosne
1916 2542 2017 2596 de-

430 2629 618 2683 bemus
645 2630 783 2686 hanc
808 2633 1179 2689 auctoritatem
1207 2633 1524 2690 admittere?
1550 2634 1701 2693 Nunc
1729 2652 1859 2691 vero
1882 2652 2011 2691 con-

433 2720 745 2785 tradicenti,
786 2723 999 2779 etiamsi
1042 2726 1251 2795 magnis
1301 2727 1536 2781 munitus
1589 2727 1659 2781 sit
1696 2728 2016 2796 ratiociniis,

425 2814 602 2868 omnis
644 2814 859 2871 sublata.
892 2817 1104 2872 oemsio
1142 2827 1244 2884 est,
1295 2832 1371 2873 eo
1397 2819 1538 2890 quod
1579 2819 1677 2875 illa.
1709 2821 2015 2876 testimonia

427 2907 569 2975 apud
601 2909 748 2977 ipsos
769 2908 1008 2977 deposita
1035 2910 1162 2977 sint,
1191 2926 1309 2980 quae
1335 2926 1434 2966 nos
1473 2910 1539 2965 ad
1562 2911 1875 2982 dogmatum.
1906 2928 2015 2968 noon

428 3012 662 3055 strtmim
696 3001 1058 3057 defensionem
1096 3003 1381 3059 efferimus.
1422 3004 1577 3060 Unde
1614 3005 1755 3059 enim
1793 3006 2011 3076 coargui

426 3107 533 3148 non
554 3094 727 3163 possit
741 3110 925 3149 eorum
946 3095 1165 3150 levitas?
1186 3095 1264 3151 Ne
1289 3096 1449 3167 igitur
1469 3096 1584 3152 haec
1598 3096 1861 3163 dicantur,
1886 3114 2015 3168 per-r

429 3186 576 3241 misit
618 3196 675 3243 ut
703 3188 824 3243 libri
869 3187 1261 3259 Scripturarum
1304 3189 1444 3259 apud
1472 3190 1593 3244 illos
1636 3198 1849 3253 essent,
1879 3191 2013 3247 utsi

430 3278 557 3334 mihi
599 3279 741 3334 fides
776 3289 1016 3350 negetur,
1044 3281 1193 3350 quasi
1235 3281 1302 3336 ad
1327 3280 1662 3351 propriorum
1700 3281 2011 3353 dogmatum

427 3373 650 3442 gratiam
681 3373 768 3428 illa
796 3375 1145 3429 confinxerim
1165 3416 1185 3441 ,
1205 3374 1310 3430 illis
1338 3374 1470 3430 fides
1496 3375 1790 3443 habeatur,
1820 3376 1908 3447 qui
1939 3375 2010 3431 ab

428 3464 533 3519 illis
573 3464 910 3536 dogmatibus
953 3467 1261 3522 abhorrent.
1288 3467 1343 3523 Si
1389 3467 1628 3524 Judtcum
1675 3471 2011 3540 interroges,

427 3571 535 3613 non
562 3556 683 3611 dico
713 3558 995 3626 quemdam
1022 3558 1090 3613 de
1119 3558 1275 3628 plebe
1299 3574 1363 3613 ac
1399 3558 1467 3615 de
1501 3560 1685 3625 turba,
1714 3562 1810 3615 sed
1835 3562 1923 3632 qui
1953 3570 2009 3616 et

428 3650 590 3705 verbo
614 3648 810 3719 polleat
836 3659 893 3704 et
917 3651 1090 3721 legem
1118 3658 1316 3716 teneas,
1341 3650 1507 3705 Estne
1525 3652 1804 3707 Christus?
1823 3662 1877 3706 et
1897 3667 2003 3707 non

424 3740 567 3797 dicat
594 3758 701 3796 non
739 3757 896 3808 esse,
921 3742 1015 3798 sed
1045 3757 1165 3799 esse
1205 3742 1445 3813 quidem,
1468 3754 1524 3799 at
1550 3760 1654 3799 non
1694 3761 1813 3801 esse
1839 3745 2007 3813 hunc,

424 3848 582 3903 quem
609 3847 705 3888 vos
743 3831 950 3899 dicitis,
976 3833 1075 3888 sed
1096 3833 1257 3887 alium
1288 3849 1304 3888 :
1335 3833 1590 3890 hactenus
1617 3836 1703 3891 ille
1745 3852 1858 3892 rem
1894 3852 2005 3893 non

422 3924 636 3989 evertit,
667 3922 764 3979 sed
785 3938 1064 3993 personam
1087 3924 1141 3978 in
1165 3923 1383 3979 dubiam
1414 3927 1639 3980 vocavit.
1667 3926 1818 3981 Aliud
1842 3942 2005 3997 porro

421 4025 505 4069 est
534 4030 650 4069 rem
691 4029 906 4086 negare,
937 4015 1081 4071 aliud
1130 4032 1262 4072 vero
1300 4032 1603 4087 personam.
1647 4018 1711 4075 Ut
1754 4021 1798 4075 si
1828 4022 1946 4092 quis
1971 4036 2005 4077 a

423 4120 510 4161 me
534 4106 773 4161 debitum
799 4117 1062 4176 reposcat,
1094 4107 1236 4163 aliud
1259 4118 1342 4163 est
1364 4108 1565 4175 dicere,
1581 4109 1696 4164 Non
1727 4110 1915 4176 debeo,
1948 4122 2004 4167 et

421 4196 563 4250 aliud
588 4196 787 4264 dicere,
807 4196 921 4252 Non
949 4198 1064 4261 tibi,
1087 4198 1181 4254 sed
1202 4200 1288 4253 alii
1311 4198 1501 4255 debeo.
1526 4200 1740 4256 Interim
1761 4201 2000 4259 debitum

420 4288 475 4344 in
504 4289 753 4346 confesso
777 4300 877 4345 est.
905 4290 1057 4358 Quod
1077 4292 1233 4362 igitur
1259 4290 1503 4348 Christus
1527 4293 1619 4359 sit,
1644 4294 1701 4348 id
1726 4295 1800 4349 illi
1831 4296 2000 4350 conﬁ-

424 4390 625 4446 tentur,
649 4380 896 4437 dubitaut
919 4392 1096 4439 autem
1126 4399 1192 4437 an
1221 4383 1311 4439 hic
1333 4384 1422 4449 sit,
1453 4385 1541 4455 qui
1572 4400 1603 4439 a
1627 4385 1779 4440 nobis
1803 4386 2001 4457 prmdi-

417 4481 590 4539 catur,
609 4484 664 4529 et
678 4489 802 4529 eum
828 4476 918 4543 qui
944 4492 1049 4530 non
1071 4476 1279 4532 exsistit
1303 4476 1610 4542 admittunt,
1625 4478 1750 4548 quia
1766 4494 1887 4535 eum
1908 4479 2001 4549 qui

420 4581 551 4622 vere
578 4578 661 4624 est
688 4578 967 4638 negarunt.
996 4570 1065 4625 Et
1086 4570 1334 4627 advertas
1366 4571 1552 4635 velim,
1582 4572 1752 4641 ipsum
1781 4571 1996 4643 legisla-

419 4666 591 4712 mrem
632 4657 867 4731 Moysen
904 4660 1018 4730 ipsa
1059 4659 1288 4717 hominis
1317 4660 1635 4723 formatione
1669 4662 1861 4719 Filium
1908 4665 1995 4719 in-

415 4750 633 4815 ducere,
651 4751 1263 4824 ejusquecognitiouem.
1281 4754 1440 4821 Dixit,
1460 4755 1580 4812 Fiat
1595 4758 1997 4828 ﬁrmamentum,-

416 4842 569 4907 dixit,
597 4841 852 4897 Gemuinet
889 4853 1060 4907 terra;
1084 4846 1247 4911 dixit,
1281 4846 1514 4901 Educant
1541 4864 1703 4917 aqua.
1732 4849 1865 4905 Cum
1895 4864 1995 4906 au-

417 4944 524 4989 tem
545 4936 693 4991 venit
735 4935 803 4990 ad
829 4935 1097 4990 hominem
1124 4940 1199 4992 ait
1227 4957 1239 4991 :
1272 4938 1337 4992 Et
1364 4941 1490 4993 dixit
1517 4940 1686 5004 Deus,
1721 4940 1994 4996 Faciamus

415 5030 686 5090 hominem.
714 5029 983 5098 Interrogo
1002 5029 1272 5084 Judaeum:
1296 5030 1352 5086 Si
1371 5033 1516 5086 solus
1536 5044 1639 5098 est,
1662 5047 1760 5087 nec
1776 5041 1855 5087 est
1869 5048 1989 5087 cum

414 5138 479 5179 co
527 5123 713 5188 Filius,
757 5138 914 5192 quem
964 5132 1343 5192 pradicamiis,
1392 5126 1437 5180 si
1485 5141 1591 5180 non
1636 5134 1720 5181 est
1762 5125 1994 5195 Spiritus

411 5225 647 5282 sanctus,
675 5230 833 5285 quem
857 5214 1159 5279 adoramus,
1186 5215 1397 5269 cuinam
1425 5216 1577 5280 dixit,
1601 5215 1872 5272 Faciamus
1897 5218 1991 5272 Ito-

414 5305 637 5360 minem?
663 5306 865 5361 Caelum
890 5306 1042 5376 jussu
1074 5307 1187 5360 solo
1216 5304 1360 5370 facit,
1389 5315 1582 5361 terram
1609 5315 1663 5362 et
1687 5308 1886 5378 reliqua
1915 5308 1987 5363 si-

412 5398 639 5452 militer:
665 5413 787 5453 cum
810 5398 1080 5453 hominem
1098 5408 1264 5463 creat,
1288 5396 1617 5453 divinitatem
1640 5399 1756 5454 Filii
1773 5400 1987 5456 demum

413 5490 599 5545 valcas
615 5493 763 5561 quasi
785 5508 880 5561 per
898 5492 1156 5547 fenestras
1175 5491 1604 5561 conspiciendam
1625 5493 1882 5563 przebere,
1900 5494 1985 5548 di-

1872 399 2248 458 SEVERIANI

3597 413 3698 473 ιω

2113 514 2365 573 dictionis
2407 527 2649 573 naturam
2695 528 2880 589 aperte
2921 535 3116 592 negare
3145 537 3251 579 non
3293 534 3551 593 possunt,
3594 528 3702 583 alio

2113 610 2275 663 modo
2327 610 2664 687 negationem
2720 611 2862 665 illam
2915 612 3203 670 insinuant.
3259 615 3481 673 Cuinam
3542 618 3703 690 igitur

2112 699 2266 763 dixit,
2296 698 2613 756 Faciamus?
2637 704 2877 774 Angelis,
2903 704 3164 775 inquiunt.
3195 707 3389 775 Quaero
3406 751 3421 775 ,
3444 707 3562 765 Utri
3590 726 3702 766 ma-v

2106 789 2255 860 jores
2284 800 2429 855 sunt,
2475 793 2671 863 angeli,
2717 809 2783 848 au
2836 794 3283 853 homines?Sane
3329 800 3521 870 angeli.
3565 800 3699 860 Nam

2112 881 2325 951 quando
2366 883 2526 937 etiam
2576 884 2863 940 admodum
2909 887 2960 941 in
3006 887 3200 942 virtute
3246 888 3598 959 profecimus,
3633 906 3700 948 ne

2115 982 2240 1029 tunc
2267 975 2483 1044 quidem
2515 976 2636 1032 illos
2675 992 3019 1047 superamus,
3055 978 3150 1035 sed
3177 996 3332 1050 pares
3372 981 3451 1038 eis
3492 998 3696 1037 sumus.

2112 1064 2264 1120 Nunc
2296 1081 2427 1122 vero
2467 1066 2531 1124 iis
2558 1076 2747 1124 natura
2784 1069 2941 1141 longe
2978 1071 3257 1128 inferiores
3283 1086 3487 1141 sumus,
3520 1074 3699 1132 incor-

2111 1159 2395 1230 poreisque
2419 1160 2619 1230 angelis
2641 1176 2824 1217 sumus
2854 1163 3106 1219 minores.

2183 1249 2239 1305 6.
2271 1251 2408 1306 Audi
2438 1253 2691 1308 Davidem
2717 1253 2817 1309 hac
2838 1254 2909 1311 de
2931 1270 2992 1311 re
3017 1254 3393 1313 testiﬁcatem
3422 1275 3436 1312 :
3464 1258 3602 1327 Quid
3625 1269 3698 1322 est

2113 1343 2283 1406 homo,
2310 1343 2445 1414 quod
2464 1360 2654 1401 memor
2678 1362 2731 1399 es
2752 1347 2881 1417 ejus,
2915 1357 3005 1401 aut
3030 1346 3168 1417 filius
3198 1349 3435 1415 hominis,
3456 1351 3699 1421 quonim

2111 1435 2283 1488 uisitas
2328 1451 2441 1489 eum
2458 1436 2484 1490 ?
2528 1436 2763 1492 Minuisti
2806 1454 2923 1493 eum
2973 1440 3128 1509 paulo
3177 1440 3346 1495 minus
3389 1439 3453 1495 ali
3502 1442 3697 1513 angelis

2112 1524 2285 1595 (Psal.
2311 1526 2366 1581 8.
2388 1527 2442 1583 5.
2464 1526 2540 1600 6).
2563 1526 2721 1584 Certe
2741 1528 2975 1586 minores
2998 1531 3200 1602 angelis
3225 1544 3410 1587 sumus
3437 1548 3452 1587 :
3492 1548 3591 1588 nos
3618 1533 3700 1588 im

2113 1614 2367 1684 feriores,
2396 1619 2568 1688 angeli
2596 1618 2853 1689 majores.
2881 1619 2938 1677 Si
2962 1635 3084 1675 cum
3116 1620 3387 1677 hominem
3415 1622 3565 1677 illum
3596 1623 3696 1678 mi-

2112 1722 2298 1762 norem
2349 1707 2570 1775 faceret,
2613 1725 2748 1780 opus
2793 1709 2981 1767 habuit
3027 1712 3233 1784 angelis
3279 1714 3600 1770 consiliariis
3642 1723 3698 1771 et

2112 1797 2466 1867 adjutoribus,
2495 1815 2614 1855 cum
2644 1801 2875 1872 majores
2903 1802 3136 1870 faceret,
3178 1819 3284 1859 non
3311 1820 3475 1860 unum
3504 1821 3699 1877 nempe

2112 1890 2398 1960 angelum,
2444 1893 2539 1947 sed
2586 1892 2674 1947 illa
2720 1894 2884 1949 millia
2923 1894 3150 1951 millium
3196 1895 3695 1965 innumerabilium;

2112 1981 2563 2051 quemadmodum
2594 1984 2736 2039 enim
2761 1985 3038 2041 luminaria
3066 1987 3224 2043 simul
3245 1987 3427 2047 omnia
3450 1986 3596 2054 fecit,
3619 1990 3698 2046 sic

2110 2082 2166 2128 et
2193 2074 2413 2144 angelos
2439 2083 2494 2130 et
2528 2076 2879 2147 archangelos
2922 2077 3113 2144 simul;
3144 2087 3200 2133 et
3227 2088 3306 2134 tot
3346 2087 3469 2135 sunt
3495 2088 3554 2135 ut
3577 2095 3698 2135 om.

2112 2181 2236 2221 nem
2278 2178 2533 2237 superent
2576 2184 2881 2236 numerum,
2927 2171 3229 2242 clamatque
3258 2171 3441 2228 Daniel
3474 2190 3490 2227 :
3520 2170 3726 2228 Decies.

2111 2259 2295 2314 millies
2322 2260 2454 2315 dena
2476 2261 2637 2315 millia
2656 2263 3007 2318 ministrabant
3025 2265 3091 2331 ei,
3111 2273 3161 2319 et
3180 2263 3342 2319 millia
3368 2264 3584 2319 millium
3603 2265 3697 2319 uda

2112 2352 2311 2407 stabant
2337 2353 2383 2407 ei
2408 2352 2566 2425 (Dan.
2598 2355 2651 2410 7.
2676 2353 2788 2425 10).
2819 2355 2965 2410 Dena
2991 2356 3153 2411 millia
3182 2355 3443 2413 denorum
3468 2357 3694 2412 millium

2112 2445 2428 2517 angelorum
2471 2446 2617 2514 fecit,
2660 2448 2931 2519 milliaque
2972 2448 3195 2505 millium
3231 2449 3693 2519 archangelorum,

2111 2552 2211 2593 nec
2251 2553 2386 2608 Opus
2431 2539 2614 2594 habuit
2658 2542 2964 2597 consiliario
3009 2550 3102 2596 aut
3138 2541 3421 2611 adjutore,
3468 2553 3525 2597 et
3570 2557 3692 2599 cum

2112 2645 2276 2685 unum
2301 2630 2502 2687 faceret
2529 2632 2730 2687 luteum
2763 2633 3065 2699 hominem,
3097 2634 3320 2689 consilio
3351 2635 3547 2701 utitur,
3580 2650 3695 2689 ser-

2113 2738 2325 2778 monem
2348 2724 2574 2790 confert,
2606 2725 2885 2779 consilium
2909 2724 3044 2779 init?
3071 2725 3197 2797 Quis
3221 2735 3294 2778 est
3316 2725 3499 2779 homo?
3522 2740 3697 2780 nonne

2113 2825 2255 2871 terra
2283 2826 2337 2870 et
2361 2816 2429 2873 de
2464 2816 2645 2872 terra?
2670 2832 2849 2875 nonne
2876 2817 3012 2872 cinis
3056 2825 3111 2871 ct
3136 2816 3348 2873 favilla?
3383 2816 3694 2884 Clamatque

2111 2907 2379 2964 Abraham
2405 2923 2555 2963 suam
2589 2908 2888 2977 prazdicaus
2909 2908 3165 2963 vilitatem
3199 2926 3213 2963 :
3246 2906 3359 2980 Ego
3384 2918 3553 2962 autem
3582 2925 3694 2961 sum

2112 3009 2248 3054 terra
2275 3009 2322 3055 et
2347 3001 2473 3054 cinis
2502 2999 2655 3070 (Gen.
2690 3001 2777 3058 18.
2807 3002 2924 3073 27).
2955 3000 3094 3071 Quid
3121 3011 3246 3056 sunt
3275 3001 3488 3072 angeli?
3517 3016 3693 3056 nonne

2111 3091 2366 3163 spiritus?
2410 3108 2588 3149 nonne
2629 3094 2809 3163 ignis?
2848 3094 2983 3149 Audi
3024 3094 3281 3150 Davidem
3321 3093 3642 3148 clamantem
3676 3110 3689 3147 :

2114 3186 2217 3252 Qui
2243 3190 2368 3257 facit
2394 3185 2601 3258 angelos
2626 3204 2744 3243 suos
2772 3187 3009 3259 spiritus,
3027 3196 3074 3241 et
3102 3187 3367 3240 ministros
3382 3202 3504 3241 suos
3529 3186 3692 3256 ignem

2111 3287 2333 3330 urentem
2359 3276 2529 3350 (Psal.
2559 3277 2683 3333 105.
2711 3278 2792 3347 4).
2821 3278 2953 3333 Cum
2979 3278 3114 3349 ignis
3141 3287 3387 3331 naturam
3411 3278 3702 3340 conderet,

2110 3368 2469 3438 intelligentes
2497 3378 2553 3424 et
2578 3370 2922 3440 incorporeos
2946 3371 3186 3440 spiritus,
3215 3385 3319 3424 non
3345 3383 3482 3439 opus
3511 3369 3690 3424 habuit

2108 3461 2436 3526 consiliario,
2487 3476 2592 3516 non
2636 3463 2800 3526 socio,
2850 3477 2955 3517 non
2998 3462 3105 3519 alio
3149 3461 3399 3533 qu0piam
3440 3461 3495 3516 in
3529 3475 3692 3530 opere

2108 3551 2353 3620 adjutore
2383 3571 2396 3606 :
2429 3562 2484 3608 et
2512 3568 2633 3608 cum
2665 3568 2787 3610 eum
2809 3554 2898 3624 qui
2930 3553 2998 3611 de
3025 3562 3166 3609 terra
3193 3564 3274 3610 est
3301 3553 3505 3620 condit,
3534 3554 3690 3608 mise-

2109 3657 2225 3695 rum
2254 3642 2425 3708 illum,
2455 3643 2645 3710 vilem,
2676 3646 2765 3715 qui
2793 3645 2940 3700 brevi
2972 3654 3152 3715 postea
3195 3656 3435 3715 tempore
3472 3662 3579 3699 non
3608 3644 3689 3698 fu-

2109 3740 2260 3789 turus
2287 3743 2390 3800 est,
2425 3735 2513 3805 qui
2545 3737 2597 3790 in
2644 3735 2891 3806 sepulcro
2935 3737 3288 3801 dissolvetur,
3317 3740 3404 3806 qui
3451 3745 3688 3808 tempore

2105 3835 2472 3894 Consumetur,
2523 3828 2805 3885 consilium
2851 3828 2967 3896 init,
3009 3831 3318 3885 consultat?
3365 3830 3562 3893 Etiam,
3610 3831 3689 3881 in-

2109 3919 2278 3990 quiet,
2303 3919 2455 3977 decet
2483 3921 2768 3977 Dominum
2798 3922 2868 3977 ob
2896 3937 3159 3978 summam
3182 3940 3332 3979 suam
3364 3925 3650 3980 bonitatem
3667 3963 3689 3991 ,ι

2106 4011 2287 4068 dicere
2318 4013 2526 4068 famulis
2549 4015 2902 4083 praesentibus
2923 4057 2940 4084 ,
2970 4016 3108 4085 Quid
3136 4016 3253 4071 ﬁeri
3284 4016 3536 4087 oportet?
3563 4018 3685 4086 quid

2106 4104 2401 4163 faciemus?
2424 4106 2535 4162 iloc
2564 4123 2777 4178 quoque
2800 4110 3039 4166 concedo
3058 4151 3072 4174 ,
3102 4126 3163 4165 ac
3193 4121 3311 4180 post
3339 4120 3542 4165 tantum
3570 4126 3687 4166 cer—

2106 4205 2305 4263 tamen,
2332 4197 2556 4253 admitto
2576 4239 2593 4265 ,
2619 4200 2769 4265 illud,
2799 4199 3103 4267 Faciamus,
3135 4202 3202 4256 ad
3240 4204 3459 4273 angelos
3483 4203 3683 4258 dictum

2102 4289 2285 4345 fuisse.
2319 4290 2473 4357 Illud,
2501 4290 2798 4359 Faciamus,
2825 4294 3052 4361 audisti;
3077 4295 3202 4350 illud
3221 4311 3367 4363 vero,
3392 4296 3684 4351 Secundum

2102 4381 2370 4454 imaginem
2393 4393 2441 4438 et
2463 4384 2842 4441 similitudinem
2861 4401 2965 4441 non
2988 4386 3202 4443 vidisti?
3228 4387 3336 4443 lloc
3360 4391 3501 4442 enim
3523 4390 3688 4441 verbo

2102 4473 2407 4531 Iudaeorum
2430 4484 2486 4531 et
2506 4477 2876 4533 haereticorum
2902 4495 2995 4533 ora
3020 4481 3309 4535 obstruam.
3333 4480 3519 4550 Neque
3540 4481 3681 4535 enim

2101 4565 2339 4634 Iudaeus,
2378 4583 2553 4639 neque
2579 4585 2789 4624 rursum
2828 4570 3108 4627 haereticus
3127 4612 3141 4636 ,
3173 4574 3287 4642 ipse
3319 4589 3530 4644 quoque
3559 4588 3683 4628 vere

2100 4656 2348 4725 Judxeus;
2383 4660 2489 4714 imo
2516 4660 2666 4730 pejor
2697 4679 2711 4718 :
2743 4661 2815 4716 illi
2848 4678 3077 4733 namque
3104 4678 3299 4733 corpus
3334 4665 3540 4719 \‘isibile
3561 4680 3682 4718 cru-

2102 4748 2417 4815 citixerunt;
2466 4749 2519 4805 hi
2572 4765 2699 4806 vero
2754 4752 3082 4808 divinitatem
3135 4754 3452 4809 invisibilcm
3507 4756 3680 4823 ilnptt-

2100 4852 2263 4913 gnant
2282 4859 2296 4906 ;
2314 4843 2420 4897 imo
2438 4844 2811 4913 veroipsorum
2826 4846 3071 4901 salutem.
3092 4846 3289 4901 Verum
3317 4857 3370 4902 ct
3390 4848 3464 4901 illi
3484 4848 3681 4915 impos-

2098 4936 2273 4990 sibilia
2312 4937 2524 5006 aggredi
2564 4937 2914 4993 demonstrati
2945 4950 3085 4994 sunt.
3109 4940 3444 5009 Quapropter
3487 4942 3677 5011 partim

2098 5042 2285 5097 pteuas
2324 5026 2480 5097 hujus
2520 5027 2768 5084 facinoris
2808 5031 2861 5086 in
2900 5032 3146 5101 praesenti
3188 5032 3469 5097 dederunt,
3510 5047 3683 5102 genus

2098 5135 2253 5177 suum
2282 5118 2526 5174 videntes
2558 5136 2653 5190 per
2684 5130 2849 5176 totum
2880 5123 3063 5177 orbem
3104 5123 3426 5194 dispersum.
3454 5125 3685 5179 Demum

2097 5222 2279 5265 autem
2318 5212 2420 5266 illis
2458 5221 2694 5269 extrema
2724 5214 2852 5267 ultio
2888 5224 2971 5268 est
3001 5212 3312 5283 iuﬂigenda,
3341 5216 3553 5285 quando
3581 5232 3683 5270 ex-

2100 5313 2329 5359 tremum
2376 5306 2615 5359 omnium
2656 5306 2914 5374 judicium
2961 5307 3289 5361 reddendum
3337 5310 3459 5363 erit.
3502 5310 3689 5375 Atque

2095 5396 2163 5450 ab
2206 5397 2335 5465 ipsis
2361 5411 2458 5450 suo
2500 5406 2742 5466 tempore
2784 5399 3087 5467 promeritae
3131 5408 3437 5468 repetentur
3476 5413 3681 5469 pinum.

2092 5489 2227 5556 Quid
2255 5503 2431 5543 causa:
2457 5489 2615 5557 igitur
2636 5499 2739 5550 est.
2767 5504 2862 5544 cur
2884 5488 2983 5545 bos
3002 5505 3192 5545 omnes
3213 5505 3490 5545 sermones
3522 5492 3685 5547 vobis

410 5579 503 5643 cit,
526 5579 795 5635 Faciamus
816 5584 1183 5648 Ιιοηιὶπιηιμιι
1201 5583 1448 5638 ostendat
1472 5583 1616 5638 illum
1642 5586 1694 5639 in
1721 5586 1988 5654 prioribus
2091 5583 2498 5652 proposuerim?
2536 5583 2670 5638 Volo
2715 5585 2859 5638 enim
2908 5600 3118 5639 rursum
3167 5586 3358 5641 seriem
3402 5598 3684 5657 repetere.

411 5670 572 5728 etiam
595 5674 843 5729 creandis
863 5676 962 5730 sibi
989 5678 1194 5731 socium
1217 5675 1398 5730 fuisse.
1429 5675 1590 5731 Aiunt
1610 5676 1789 5747 itaque
1813 5676 1989 5733 Judzei

411 5760 463 5813 in
493 5771 773 5829 angustum
813 5766 1049 5830 redacti,
1082 5782 1182 5821 nec
1224 5767 1463 5823 valentes
1509 5768 1581 5822 ita
1620 5777 1856 5838 apertam
1897 5767 1983 5823 di-

407 5852 638 5909 ctionem
669 5865 901 5925 mutare,
933 5858 1103 5931 ipsum
1133 5858 1187 5915 id
1211 5859 1411 5932 angelis
1451 5859 1647 5921 dixisse
1674 5875 1687 5914 :
1730 5859 1986 5932 quoniam

2088 5672 2206 5730 Non
2229 5675 2385 5729 audet
2409 5674 2714 5742 haareticus,
2736 5692 2838 5731 nec
2867 5676 3025 5731 audet
3042 5675 3257 5732 Judznus
3282 5676 3483 5745 dicere,
3514 5695 3689 5737 unam

2089 5781 2209 5823 esse
2240 5767 2333 5823 Dei
2372 5776 2427 5823 et
2453 5769 2760 5838 angelorum
2806 5768 3111 5841 imaginem.
3159 5768 3295 5824 Num
3329 5772 3531 5841 angeli,
3578 5774 3691 5841 qui

2094 5858 2218 5919 iacti
2238 5867 2381 5930 sunt,
2404 5859 2675 5932 adjutores
2696 5860 2791 5919 Dei
2811 5859 3043 5918 fuerint?
3056 5858 3286 5921 Mio'utri
3297 5862 3470 5920 solum
3494 5874 3691 5934 erant.
