4044 6306
425 445 429 454 ι
454 387 536 439 ὅτι
565 382 826 449 ἐγένοντο,
849 381 930 434 ὅτι
961 379 1069 450 πρὸ
1095 380 1281 434 τούτου
1303 380 1403 434 οὐκ
1432 375 1595 451 ἦσαν,
1626 380 1718 434 καὶ
1750 377 2020 450 πνεύματι

455 467 787 535 ἀγαθότητος
833 463 1156 531 ἐγένοντοι·
1189 466 1283 516 καὶ
1327 465 1588 533 ἑστήκασι
1636 461 1860 532 θεωροὶ,
1904 460 2023 530 βλέ-

455 567 645 611 ποντες
683 548 750 600 τὰ
792 547 1047 616 γινόμενα
1104 548 1218 616 μετ’
1250 546 1464 609 αὐτούς.
1498 545 1761 598 Ἐϐλεπον
1797 544 2024 615 οὐρανὸν

455 637 520 687 ἐκ
549 632 641 684 τοῦ
678 631 750 701 μὴ
796 629 946 692 ὄντος
992 630 1296 698 γινόμενον,
1346 631 1440 682 καὶ
1477 628 1893 699 ἐξεπλήττοντο·
1927 626 2025 680 θά-

455 718 659 770 λασσαν
684 713 1101 784 ἀφοριζομένην,
1131 715 1224 765 καὶ
1258 711 1590 783 ἐθαύμαζον·
1621 711 1889 781 ἐθεώρουν
1924 711 2026 780 γῆν

455 799 853 870 κοσμουμένην,
905 797 1000 849 καὶ
1050 796 1319 868 ἔφριττον.
1349 796 1472 849 Ὅτι
1521 795 1576 848 δὲ
1609 796 1707 848 οὐκ
1746 791 1884 864 ἦσαν
1928 794 2027 862 ἅγ-

457 882 604 950 γελοι
647 879 916 948 συνεργοὶ,
944 878 1078 931 ἀλλά
1113 879 1442 948 θαυμασταὶ,
1473 877 1620 945 λέγει
1661 880 1688 930 6
1720 876 1851 938 Θεὸς
1893 877 2028 947 πρὸς

457 964 548 1018 τὸν
582 962 701 1016 ’1ώὸ
719 979 733 992 ·
767 963 896 1015 Ὅτε
922 963 1179 1028 ἐποίησα
1203 961 1413 1028 ἄστρα,
1444 961 1675 1030 ῇνεσὰν
1697 976 1775 1028 με
1807 958 2029 1024 πάντες

459 1048 696 1118 ἄγγελοι
727 1045 828 1100 καὶ
852 1045 1152 1115 ὕμνησαν.

532 1207 684 1281 [474]
714 1206 1067 1276 Ποιήσωμεν
1099 1206 1428 1273 ἄνθρωπον.
1465 1205 1538 1259 T6
1583 1207 1730 1276 ῥῆμα
1768 1205 1915 1274 δηλοῖ
1942 1205 2030 1260 τὸν

461 1293 684 1361 λέγοντα
726 1293 820 1344 καὶ
865 1292 955 1344 τὸν
1000 1290 1282 1344 ἀκούοντα.
1310 1291 1451 1360 Ὅρα
1483 1291 1580 1360 τῆς
1621 1290 1896 1358 όρθοδόξου
1938 1289 2028 1341 πί-

464 1393 631 1438 στεως
661 1373 758 1445 τὴν
791 1375 984 1426 ἀκτῖνα
1013 1373 1330 1443 λάμπουσαν
1364 1372 1477 1424 ἀεί·
1513 1373 1605 1425 καὶ
1642 1374 1790 1443 ἥλιος
1829 1374 2031 1441 φαίνων

461 1461 561 1530 τὴν
588 1458 781 1513 ἐαυτοῦ
813 1461 1006 1512 ἀκτῖνα
1044 1457 1297 1526 συνῆψεν.
1332 1456 1681 1526 Ποιήσωμεν
1723 1457 2035 1524 ἄνθρωπον

463 1543 590 1598 κατ’
617 1543 822 1596 εἰκόνα
851 1540 1146 1610 ἡμετέραν
1176 1541 1271 1593 καὶ
1304 1541 1608 1609 ὁμοίωσιν.
1652 1540 1907 1609 Ἐφύλαξε
1942 1540 2035 1593 καὶ

461 1627 572 1680 τῶν
612 1625 959 1678 ὐποστάσεων
1000 1626 1097 1695 τὴν
1141 1623 1311 1688 τάξιν,
1359 1624 1581 1693 καὶτῆς
1614 1625 1800 1687 οὐσίας
1841 1624 1902 1675 τὸ
1938 1640 2034 1694 μο-

463 1709 685 1773 νοειδές.
734 1708 1085 1777 Ποιήσωμεν
1145 1708 1459 1776 ἄνθρωπον
1523 1709 1648 1760 κατ’
1688 1709 1910 1760 εἰκόνα.
1959 1705 2033 1758 Οὐ

465 1795 586 1847 κατ’
611 1793 851 1854 εἰκόνας·
881 1792 980 1844 οὐκ
1012 1791 1142 1861 ἄλλη
1176 1790 1284 1860 γὰρ
1313 1790 1476 1843 εἰκὼν
1510 1789 1743 1861 Πατρὺς,
1772 1790 1866 1842 καὶ
1901 1789 2032 1859 άλλη

467 1874 618 1929 Υἱοῦ.
650 1877 1024 1942 Ποιήσωμεν·
1057 1875 1145 1935 ἵνα
1170 1875 1230 1927 τὸ
1269 1873 1626 1943 πληθυντικὸν
1661 1873 1771 1925 τῶν
1803 1873 2038 1926 ὑποστά-

469 1978 605 2013 σεων
641 1957 820 2030 δείξῃ·
857 1958 990 2012 Κατ’
1023 1958 1227 2011 εὶκόνα
1274 1955 1596 2026 ἡμετέραν·
1630 1956 1716 2010 ἵνα
1748 1956 1808 2009 16
1843 1955 2037 2026 δμοού-

470 2061 581 2096 σιον
616 2039 946 2114 ἑρμηνεύσῃ.
985 2041 1080 2102 Τίς
1111 2042 1226 2092 ἐστι
1266 2039 1454 2092 τούτου
1487 2037 1578 2090 τοῦ
1610 2039 1847 2109 μεγάλου
1877 2039 2033 2106 λόγου

467 2127 686 2196 καὶτῆς
721 2125 1037 2197 θαυμαστῆς
1079 2123 1435 2194 δημιουργίας
1473 2123 1758 2187 κοινωνός;
1799 2123 2038 2176 Ἰουδαῖοι

470 2212 844 2279 ἀντιλέγουσι,
892 2211 986 2262 καὶ
1038 2208 1508 2278 ἐπιστομιζόμενοι
1558 2209 2034 2278 ἐπαισχυντοῦσιν·

468 2297 734 2368 αἱρετικοὶ
765 2296 1064 2364 μαίνονται,
1095 2293 1129 2362 ἡ
1157 2291 1381 2362 ἀλήθεια
1411 2291 1747 2360 πολεμεῖται,
1773 2292 1802 2344 6
1831 2295 1928 2363 τῆς
1958 2292 2041 2344 εὐ-

471 2380 682 2442 σεεείας
711 2379 866 2445 λόγος
897 2377 1160 2444 ἀήττητον
1190 2373 1302 2443 ἔχει
1325 2376 1422 2443 τὴν
1448 2375 1754 2445 ὁμολογίαν.

540 2538 603 2602 ζ’.
630 2538 798 2592 Πόθεν
818 2532 909 2590 οῦν
927 2536 1344 2605 παραστήσομεν
1369 2534 1472 2588 τίνι
1503 2529 1671 2596 εἶπεν,
1693 2533 2042 2604 Ποιήσωμεν

467 2621 816 2690 ἀνθρωπον;
854 2619 886 2691 ἢ
919 2621 1000 2682 τίς
1045 2621 1189 2672 ἐστιν
1223 2617 1383 2670 αὐτοῦ
1429 2617 1759 2688 σύμϐουλος;
1791 2618 1864 2670 Τὸ
1910 2619 2037 2690 γὰρ,

469 2706 846 2774 Ποιήσωμεν,
888 2705 1008 2772 ὄψιν
1039 2703 1260 2756 ἀπαιτεῖ
1303 2701 1626 2772 συμϐούλου.
1659 2702 1822 2770 Λέγει
1863 2702 2041 2754 τοίνυν

469 2793 498 2843 ὁ
535 2789 800 2860 μακάριος
839 2787 1063 2849 Ἡσαΐας
1104 2786 1230 2856 περὶ
1269 2784 1361 2837 τοῦ
1415 2784 1733 2856 μονογενοῦς
1767 2783 1900 2836 Υίοῦ
1947 2784 2062 2837 τοῦ.

468 2870 627 2934 Θεοῦ,
658 2871 751 2924 τοῦ
781 2869 846 2923 δι’
875 2872 1020 2940 ἡμᾶς
1049 2871 1286 2940 σχήματι
1321 2867 1398 2939 τῷ
1430 2867 1551 2921 καθ’
1591 2870 1737 2940 ἡμᾶς
1777 2868 2043 2939 ἐπιδημή-

471 2975 680 3022 σαντος,
709 2958 790 3009 ὅτι
825 2955 1068 3008 Παιδίον
1093 2952 1382 3022 ἐγεννήθη
1422 2952 1583 3022 ἡμῖν,
1617 2955 1749 3016 υίὸς
1776 2951 1872 3006 καὶ
1910 2969 2044 3006 νεα-

469 3041 685 3105 νίσκος
714 3039 910 3104 ἐδόθη.
942 3038 1015 3089 Τὸ
1050 3036 1123 3106 μὴ
1153 3037 1211 3088 ὃν
1255 3036 1462 3088 παιδίον
1494 3035 1784 3107 ἐγεννήθη·
1814 3037 1841 3088 6
1873 3035 1930 3088 δὲ
1967 3033 2042 3087 ὢν

472 3124 600 3186 Υἱὸς
629 3122 804 3192 ἐδόθη.
831 3119 875 3172 Κ
883 3120 942 3173 αὶ
971 3120 1231 3173 καλεῖται
1261 3118 1328 3171 τὸ
1362 3119 1545 3187 ὄνομα
1571 3117 1756 3171 αὑτοῦ
1774 3116 2043 3187 μεγάλης

467 3205 711 3274 ,βουλῆς
766 3205 1038 3274 ἄγγελος,
1073 3201 1168 3256 τοῦ
1209 3202 1442 3264 παιδίου,
1494 3201 1624 3254 Υίοῦ
1684 3202 1780 3272 μὲν
1823 3202 1911 3254 διὰ
1946 3201 2042 3274 τὴν

473 3292 718 3359 θεάτητα,
747 3289 958 3342 παιδίου
986 3288 1043 3341 δέ
1073 3285 1162 3340 διὰ
1186 3286 1284 3358 τὴν
1321 3285 1730 3357 ἀνθρωπὸτητα.
1763 3285 2042 3356 Μεγάλης

465 3374 711 3442 ,βουλῆς
763 3372 1036 3443 ἅγγελος,
1087 3369 1428 3439 θαυμαστὸς
1476 3369 1839 3437 σύμϐουλος.
1882 3368 1945 3420 Et
1986 3367 2043 3419 δὲ

470 3459 562 3512 τὸν
594 3455 914 3527 σύμϐουλον,
936 3449 980 3522 ᾧ
1005 3450 1176 3519 εἶπεν,
1205 3452 1555 3520 Ποιήσωμεν
1577 3451 1888 3519 ἄνθρωπον
1914 3449 2041 3504 κατ’

471 3542 675 3596 εἰκόνα
711 3539 805 3594 καί
835 3538 960 3592 καθ’
987 3538 1272 3607 ὁμοίωσιν
1299 3534 1609 3604 ἡμετέραν,
1645 3535 1886 3604 μεγάλης
1916 3533 2044 3604 βου-

472 3626 568 3694 λῆς
598 3623 824 3693 ἄγγελον
862 3621 1063 3684 καλεῖς,
1102 3620 1329 3681 οὐδέπω,
1367 3618 1638 3688 προφῆτα,
1670 3617 1948 3687 ἐμήνυσας
1983 3617 2044 3670 τδ

475 3708 690 3777 ἀξίωμα
740 3704 834 3759 τοῦ
892 3703 1042 3775 παρά
1093 3701 1186 3754 σοῦ
1243 3701 1647 3772 κηρυσσομένου
1719 3699 2041 3768 συμϐούλου.

488 3792 733 3858 Ἐγένετο
754 3789 860 3858 γάρ
882 3790 973 3840 καὶ
987 3786 1224 3850 Μωῦσῆς
1242 3783 1303 3837 σύ
1312 3782 1538 3854 μϐουλος
1552 3799 1565 3811 ο
1587 3781 1758 3834 ἐδόκει
1779 3781 1885 3851 γὰρ
1915 3798 1979 3832 συ
1987 3799 2048 3851 μ-

476 3873 744 3926 ϐουλεύειν
782 3872 978 3938 λέγων·
1016 3869 1111 3937 Μὴ
1141 3865 1501 3932 ἀποκτείνῃς
1541 3864 1781 3930 αὐτοὺς,
1804 3863 2041 3933 μήποτε

473 3960 685 4012 εἴπωσι
719 3957 788 4010 τὰ
819 3956 992 4023 ἔθνη·
1024 3953 1126 4007 Διὰ
1155 3953 1220 4005 τὸ
1249 3951 1333 4020 μὴ
1362 3951 1654 4004 δύνασθαι
1692 3948 1914 4015 αὐτοὺς
1945 3965 2035 4000 τεο

477 4039 725 4113 κνῶσαι,
769 4037 1114 4092 ἀπέκτεινεν
1147 4034 1387 4099 αὐτούς.
1428 4031 1586 4084 ’Λλλά
1624 4030 1696 4101 μὴ
1749 4035 1951 4102 στήσῃς
1985 4030 2046 4084 16

477 4123 658 4193 θαῦμα
715 4122 876 4192 μέχρι
919 4118 1009 4173 τοῦ
1063 4116 1400 4189 συμϐούλου·
1447 4115 1520 4185 μὴ
1570 4115 1949 4184 κοινοποιήσῃς
1985 4115 2046 4167 τὸ

475 4207 664 4276 ὄνομα.
716 4205 776 4257 Εἰ
815 4203 908 4256 καὶ
945 4201 1127 4255 πολλοὶ
1181 4197 1503 4269 σύμϐουλοι,
1561 4198 1634 4267 μὴ
1683 4195 1985 4267 ὐὸριζέσθω
2017 4199 2046 4250 ὁ

481 4291 660 4359 μόνος.
696 4287 836 4341 Ἀλλ’
862 4285 1070 4339 οὐδέπω
1114 4283 1358 4352 ἐνόησας,
1399 4281 1553 4351 φησι,
1587 4279 1646 4332 τὸ
1690 4279 1904 4348 ἀξίωμα
1950 4278 2044 4333 τοῦ

477 4371 901 4441 κηρυττομένου.
930 4371 1125 4421 Ἀκουε
1163 4365 1293 4436 περὶ
1328 4364 1422 4417 τοῦ
1453 4363 1766 4434 θαυμαστοῦ
1809 4361 2047 4433 συμϐού-

475 4453 598 4508 λου·
637 4453 922 4524 ἐρμηνεύει
955 4452 1060 4523 γὰρ
1083 4454 1110 4504 6
1133 4450 1355 4512 Ἡσαΐας
1385 4447 1491 4500 ἀπὸ
1517 4446 1608 4500 τοῦ
1637 4445 2046 4518 προεξελθόντος

477 4535 539 4588 16
573 4536 850 4604 ἑπόμενον.
885 4535 1254 4604 Θαυμαστὸς,
1294 4531 1454 4602 φησὶ,
1493 4531 1856 4599 σύμϐουλος,
1903 4529 2046 4594 Θεὸς

481 4615 995 4687 ίσχιιρός.’Καλῶς
1061 4616 1363 4688 προσέθηκε
1417 4613 1496 4684 τῷ
1541 4613 1659 4684 Θεῷ
1695 4613 1756 4665 τὸ
1809 4613 2042 4684 ἰσχυρόν.

479 4702 662 4766 Διατί;
698 4703 908 4770 ’Ὠσπερ
950 4701 1058 4769 γὰρ
1104 4699 1346 4766 ἐγένοντο
1379 4697 1561 4749 πολλοὶ
1601 4695 1911 4765 σύμϐουλοι,
1953 4694 2045 4746 καὶ

477 4787 538 4841 οὐ
568 4785 654 4838 διά
689 4784 845 4838 τοῦτο
882 4772 985 4835 ἔδει
1009 4781 1281 4852 τρωθῆναι
1310 4781 1370 4833 16
1397 4781 1613 4849 ἀξίωμα
1635 4777 1730 4831 τοῦ
1762 4777 1880 4839 ἐνὸς
1913 4793 2048 4846 συμ-

479 4871 669 4924 ϐούλου
693 4884 708 4900 ·
751 4867 918 4929 οὕτως
967 4865 1152 4935 ἐπειδὴ
1195 4864 1378 4916 πολλοὶ
1425 4863 1670 4930 ἐγένοντο
1721 4860 1831 4913 θεολ¹
1873 4859 2047 4929 (Ἐγὼ

478 4953 588 5025 γὰρ
616 4950 773 5016 εἶπα,
818 4949 950 5003 Θεοί
980 4949 1139 5004 ἐστε.
1172 4947 1270 5000 καὶ
1299 4945 1415 5000 υἱοὶ
1455 4946 1747 5013 Ὑψίστου
1790 4941 2044 5006 πάντες·

477 5041 572 5091 καὶ
605 5037 765 5090 πάλιν
789 5031 956 5087 εἶπεν
993 5031 1022 5084 6
1057 5031 1189 5093 Θεὸς
1233 5031 1310 5101 τῷ
1343 5031 1579 5088 Μωῦσεῖ,
1623 5026 1774 5082 Ἰδοὺ
1815 5025 2046 5079 τέθεικά

477 5134 552 5174 σε
581 5123 668 5186 εἰς
696 5117 834 5173 θεὸν
876 5115 956 5182 τῷ
989 5113 1238 5184 Φαραώ),
1266 5108 1417 5176 οὗτος
1451 5113 1480 5164 6
1506 5110 1905 5182 κηρυττόμενος
1947 5110 2047 5163 οὐκ

478 5202 705 5271 ὤφειλεν
750 5199 1088 5271 ὑϐρισθῆναι.
1126 5199 1236 5250 Καὶ
1271 5196 1358 5249 ἴνα
1405 5194 1479 5265 μὴ
1506 5195 1755 5265 νομίσῃς,
1785 5194 1865 5245 ὅτι
1905 5192 2042 5257 θεὸς,

476 5286 552 5347 ὡς
579 5288 606 5337 ὁ
643 5285 908 5352 Μωῦσῆς,
953 5283 986 5352 ἢ
1031 5281 1105 5344 ὡς
1147 5281 1194 5332 οί
1229 5277 1532 5342 ἀπόστολοι,
1587 5277 1852 5346 ἐπήγαγε,
1902 5277 2046 5340 Θεὸς

479 5369 746 5436 ισχιζρός.
795 5366 1030 5435 Μωύσῆς
1059 5364 1197 5427 θεὸς,
1229 5365 1326 5417 οὐκ
1369 5361 1616 5432 ἰσχυρὸς,
1661 5360 1772 5413 ἀλλ’
1803 5359 2045 5428 ὲνισχυό-

481 5467 656 5521 μενος.
715 5451 878 5503 ’Λλλο
928 5449 1075 5504 ἐστὶν
1133 5446 1548 5519 ἐνισχυὸμενος,
1614 5443 1740 5499 ἄλλο
1802 5442 2040 5516 ἰσχυρός.

540 5642 728 5708 ξιιως,
764 5644 837 5708 ὅτι
858 5646 948 5708 πρὸ
990 5663 1096 5694 τ....
1145 5645 1374 5706 ἐγένοντο,
1398 5643 1579 5692 desunt
1605 5638 1652 5688 in
1678 5638 1826 5690 Savil.
1870 5635 2036 5686 Montf.

476 5706 667 5764 νεύματι
690 5704 868 5765 legisse
889 5704 1084 5757 videtur
1127 5704 1256 5756 Ευιτ.

1904 257 2272 318 SEVERIANI

3586 255 3692 310 666

2124 377 2287 430 Ἀλλο
2315 375 2572 438 δανείζων
2615 377 2794 446 χάριν,
2833 372 2961 429 ἄλλο
2997 373 3304 446 λαμϐάνων.
3339 374 3484 441 Θεὸς
3515 377 3700 444 ισχυο

2110 462 2241 528 ρός.
2309 459 2548 528 Μωῦσῆς
2609 459 2731 522 θεὸς
2801 457 3214 528 ἐνιηυόμενος,
3277 457 3381 510 κᾶν
3441 457 3702 528 μεγάλων

2119 539 2152 617 ᾗ
2193 541 2484 612 θαυμάτων
2543 543 2818 611 ἐργάτης,
2871 540 3010 594 ἀλλά
3055 540 3321 610 λαμϐάνει
3366 539 3466 610 τὴν
3512 541 3699 612 χάριν.

2132 626 2470 692 ’Υπεξούσιοι
2497 627 2544 680 οἱ
2582 624 2888 687 ἀπόστολοι,
2919 622 3268 693 ἐξουσιαστὴς
3288 624 3316 675 6
3350 625 3560 694 Σωτὴρ,
3603 625 3706 678 καὶ

2122 708 2322 762 δίδωσι.
2360 707 2504 773 Θεὸς
2537 711 2805 776 ἰσχυρός.
2839 707 2952 759 Οὐκ
2981 706 3224 777 ἠρκέσθη
3255 707 3310 760 δὲ
3338 707 3458 760 οὐδὲ
3496 707 3702 776 τούτῳ,

2124 792 2237 844 ἀλλ’
2259 792 2473 860 ἐπάγει,
2504 793 2555 844 Ὀ
2578 789 3004 858 ἐξουσιαστὴς,
3033 791 3120 843 ἵνα
3147 789 3409 862 παιδεύσῃ
3437 791 3528 844 καὶ
3548 792 3707 861 ἡμᾶς

2125 877 2219 928 καὶ
2250 877 2580 945 αἱρετικοὺς,
2613 877 2688 946 μὴ
2731 874 3049 941 ὐπεξούσιον
3080 873 3258 942 λέγειν
3291 874 3382 927 τὸν
3413 875 3513 944 τῆς
3546 874 3711 938 ἐξουο

2127 961 2246 1022 σίας
2279 960 2533 1030 ἄρχοντα.
2561 960 2721 1012 Ἀλλο
2760 959 3110 1026 ὐπεξούσιος,
3153 958 3281 1013 ἄλλο
3325 958 3707 1031 ἐξουσιαστής.

2127 1041 2278 1114 [475]
2309 1043 2492 1106 Θέλεις
2528 1043 2719 1112 μαθεῖν
2748 1043 3093 1109 αὐτεξουσίου
3111 1044 3216 1095 ’καὶ
3239 1042 3556 1107 ὐπεξουσίου
3585 1043 3714 1095 δια-

2128 1127 2326 1197 φοράν;
2373 1128 2436 1179 Οί
2483 1126 2767 1179 ἀπόστολοι
2813 1125 3145 1191 ὐπεξούσιοι,
3177 1128 3206 1178 6
3238 1126 3430 1196 Σωτὴρ
3457 1125 3716 1190 ἐξουσια-

2130 1210 2279 1278 στής.
2312 1208 2522 1272 Παῦλος
2554 1205 2690 1261 εἶδεν
2715 1212 2773 1262 ἐν
2802 1212 2869 1280 τῇ
2900 1208 3207 1279 Μακεδονίᾳ
3235 1208 3524 1278 παιδίσκην
3552 1208 3716 1278 ἐχου-

2132 1308 2230 1344 σαν
2286 1291 2501 1361 πνεῦμα
2539 1291 2824 1356 Πύθωνος,
2873 1291 2969 1345 καὶ
3013 1291 3276 1359 λέγουσαν
3311 1291 3404 1344 ἐπὶ
3447 1292 3669 1344 πάντων
3693 1306 3714 1322 ο

2134 1370 2308 1428 Οὗτοι
2340 1377 2392 1428 οί
2424 1375 2717 1442 ἅνθρωποι
2755 1374 2966 1428 δοῦλοι
2990 1374 3095 1428 τοῦ
3126 1373 3273 1428 Θεοῦ
3301 1373 3407 1427 τοῦ
3434 1374 3715 1442 ὑψίστου

2129 1459 2305 1511 εἰσίν.
2337 1459 2720 1526 Διαπονηθείς
2751 1457 2820 1510 δὲ
2853 1462 2887 1512 ὁ
2911 1458 3151 1524 Παῦλος
3180 1457 3278 1511 καὶ
3311 1457 3714 1526 ἐπιστρέψας,

2129 1538 2258 1594 εἷπε
2286 1540 2364 1607 τῷ
2392 1543 2704 1610 πνεύματι,
2731 1542 2791 1593 οὐ
2821 1544 2888 1613 τῇ
2931 1542 3318 1612 ἐνεργουμένη,
3351 1539 3487 1594 ἀλλά
3515 1539 3591 1610 τῷ
3619 1539 3718 1591 ἐν-

2131 1625 2408 1697 εργοῦντι,
2458 1624 2856 1694 Παραγγέλλω
2915 1642 3012 1679 σοι
3072 1626 3142 1678 ἐν
3193 1626 3437 1692 ὀνόματι
3484 1623 3719 1690 Κυρίου

2146 1710 2344 1778 Ἰησοῦ
2383 1709 2642 1778 Χριστοῦ
2693 1708 2964 1774 ἐξελθεῖν
3007 1709 3106 1763 ἀπ’
3133 1708 3342 1776 αὐτῆς.
3389 1707 3561 1761 Καλεῖ
3596 1707 3722 1759 Κύ-

2137 1811 2268 1866 ριον,
2309 1794 2395 1848 ἵνα
2431 1793 2580 1864 δείξῃ
2617 1794 2806 1847 ἐαυτὸν
2842 1792 3045 1846 δοῦλον.
3082 1792 3299 1864 Ἐπειδὴ
3330 1791 3389 1845 16
3423 1791 3610 1862 θαῦμα
3640 1786 3721 1862 ἦν

2135 1878 2274 1950 ὑπὲρ
2307 1877 2613 1949 ἄνθρωπον,
2659 1878 2720 1930 16
2762 1877 3018 1948 δαίμονας
3051 1876 3346 1929 ὑπακούειν
3377 1873 3712 1944 ἀνθρώποις,

2137 1961 2222 2014 ἵνα
2253 1961 2326 2032 μὴ
2355 1961 2476 2030 ὄψις
2519 1959 2740 2033 ἁρπάσῃ
2777 1959 2875 2031 τὴν
2907 1959 3110 2030 φωνὴν,
3142 1960 3234 2012 καὶ
3266 1957 3565 2029 νομισθῶσι
3596 1956 3719 2011 θεοὶ

2135 2047 2184 2098 οι
2215 2043 2308 2097 τοῦ
2361 2043 2495 2098 Θεοῦ
2545 2044 2852 2114 ὑπηρέται,
2903 2041 3304 2112 Παραγγέλλω
3351 2059 3472 2104 σοι,
3521 2041 3712 2112 φησὶν,

2136 2130 2204 2183 ἑν
2231 2127 2310 2194 τῷ
2357 2128 2599 2196 ὀνόματι
2643 2127 2748 2181 τοῦ
2797 2128 3038 2195 Κυρίου.
3069 2127 3262 2180 Δούλου
3298 2125 3359 2179 16
3396 2127 3718 2195 παραγγέλο

2136 2211 2268 2274 λειν,
2297 2211 2565 2264 Δεσπότου
2597 2210 2659 2263 16
2690 2209 3041 2274 ἐξουσιάζειν.
3070 2207 3219 2272 Εἶδες
3245 2209 3464 2279 οἰκέτην
3494 2227 3718 2280 παραγ-

2136 2295 2410 2364 γέλλοντα,
2438 2293 2599 2364 βλέπε
2641 2293 2914 2363 Δεσπότην
2951 2294 3327 2347 ἐπιτάσσοντα.
3360 2293 3715 2364 Προσηνέχθη

2136 2397 2217 2442 τις
2245 2379 2322 2449 τῷ
2369 2372 2611 2448 Δεσπότῃ
2650 2376 2960 2447 δαιμονιῶν,
2990 2375 3170 2446 κωφὸς
3215 2378 3309 2430 καὶ
3338 2375 3552 2441 ἄλαλος.
3598 2378 3719 2430 Οὐκ

2137 2459 2287 2515 εἶπεν
2329 2463 2357 2514 6
2395 2460 2702 2530 Δεσπότης,
2739 2458 3110 2528 Παραγγέλλω
3149 2476 3252 2524 σοι,
3283 2458 3344 2512 16
3379 2459 3577 2513 ἄλαλον
3617 2459 3717 2513 καὶ

2137 2544 2317 2613 κωφὸν
2361 2543 2666 2613 δαιμόνιον·
2721 2542 2856 2603 ἀλλ’,
2907 2540 3046 2610 Ἐγώ
3097 2557 3196 2595 σοι
3252 2541 3580 2594 ἐπιτάσσω.
3636 2542 3716 2595 T6

2139 2627 2502 2698 παράγγελμα
2529 2625 2764 2690 Παύλου,
2790 2624 2884 2677 τοῦ
2910 2620 3258 2690 ἐξουσιαστοῦ
3287 2627 3348 2678 τὸ
3377 2627 3714 2682 ἐπιτάσσειν.

2151 2708 2298 2780 Ἐγώ
2329 2726 2427 2762 σοι
2457 2707 2782 2769 ἐπιτάσσω,
2830 2708 3039 2772 ἔξελθε
3082 2709 3182 2761 ἀπ’
3210 2709 3415 2774 αὑτοῦ,
3462 2709 3558 2761 καὶ
3595 2727 3717 2778 μη-

2139 2791 2262 2846 κέτι
2305 2791 2604 2858 εἰσέλθῃς.
2641 2791 2979 2861 Ὑπήκουσεν
3020 2793 3049 2844 ὁ
3089 2790 3318 2860 δαίμων,
3354 2792 3563 2858 ἐπέγνω
3599 2793 3716 2862 γὰρ

2137 2877 2234 2948 τὴν
2261 2876 2526 2943 ἐξουσίαν.
2551 2875 2769 2943 Λεγέτω
2795 2876 2823 2928 6
2852 2876 3119 2945 μακάριος
3158 2875 3414 2946 Ἰεζεκιὴλ
3446 2874 3581 2946 πρὸς
3611 2877 3719 2947 τὴν

2139 2960 2418 3034 αἱρετικὴν
2449 2961 2768 3030 συναγωγήν
2789 2977 2802 2990 ·
2835 2959 2926 3012 Ζῶ
2963 2957 3098 3027 ἐγὼ,
3137 2959 3300 3028 λέγει
3337 2959 3574 3026 Κύριος,
3596 2959 3719 3013 ἐδι-

2139 3043 2354 3110 καιώθη
2381 3045 2418 3110 ἡ
2465 3042 2696 3110 ἀδελφή
2735 3058 2852 3096 σου
2893 3041 3127 3112 Σόδομα
3175 3042 3328 3109 ὑπὲρ
3374 3042 3470 3094 σέ.
3521 3043 3638 3095 Καὶ
3667 3040 3723 3096 τί

2139 3130 2283 3180 ἐστιν
2309 3127 2336 3178 6
2365 3127 2542 3193 λέγεις
2583 3125 2707 3179 Ἐὰν
2745 3126 2853 3196 γὰρ
2897 3126 2971 3197 μὴ
3006 3123 3183 3196 μάθῃς
3218 3125 3245 3178 ὃ
3276 3125 3446 3192 λέγει,
3477 3124 3538 3177 οὐ
3589 3125 3719 3198 δύνῃ

2140 3207 2515 3280 ἐφοδιασθῗγιαι
2557 3207 2693 3279 πρὸς
2722 3206 2817 3277 τὴν
2864 3208 2962 3277 τῆς
2995 3206 3227 3279 θεωρίας
3270 3207 3603 3280 κατάληψιν.
3650 3212 3715 3263 Οἱ

2139 3290 2422 3361 Σοδομῖται
2481 3290 2836 3360 ἀπειρημένοι
2877 3289 2907 3328 ιι
2955 3291 3345 3359 τυγχάνοντες,
3400 3293 3722 3363 παρανομία

2140 3374 2248 3444 γὰρ
2277 3373 2536 3438 συνέζων·
2565 3373 2644 3426 διὸ
2676 3373 2768 3426 καὶ
2799 3371 3043 3442 θεηλάτῳ
3073 3373 3718 3446 κατηναλὼθησανπυρί.

2141 3458 2251 3510 Καὶ
2283 3453 2351 3527 ἦν
2388 3455 2740 3526 Ἰερουσαλὴμ
2796 3455 2934 3526 μετά
2982 3455 3080 3526 τὴν
3131 3455 3354 3509 ἐκείνων
3413 3459 3716 3529 ἀναίρεσιν,

2142 3541 2234 3592 καὶ
2263 3539 2362 3605 τῆς
2389 3539 2593 3602 πόλεως
2623 3538 2800 3592 αὐτῶν
2829 3540 2930 3608 τὴν
2956 3538 3317 3609 πυρπόλησιν,
3351 3539 3491 3609 μετά
3518 3540 3722 3602 πολλάς

2141 3623 2352 3691 γενεὰς,
2395 3623 2633 3676 ἀνθοῦσα
2669 3621 2767 3692 μὲν
2803 3625 2870 3692 τῇ
2901 3621 3053 3690 ὄψει,
3085 3623 3150 3692 τῇ
3185 3622 3244 3674 δέ
3283 3621 3454 3693 κακίᾳ
3496 3623 3720 3690 μείζονα

2145 3709 2389 3762 ποιοῦσα.
2421 3709 2553 3763 Ὅτε
2598 3707 2776 3760 τοίνυν
2810 3707 2908 3776 τὴν
2939 3706 3045 3758 τῶν
3082 3705 3329 3776 Σοδόμων
3370 3705 3719 3776 ὑπερέϐησαν

2142 3785 2285 3845 οὗτοι
2314 3791 2527 3854 κακίαν,
2557 3791 2781 3860 δμνυσιν
2805 3791 2833 3842 6
2855 3789 2986 3853 Θεὸς
3010 3788 3099 3842 διὰ
3126 3788 3220 3842 τοῦ
3256 3788 3514 3858 Ἰεζεκιὴλ
3547 3790 3719 3857 λέγων

2143 3873 2344 3937 οὕτως·
2388 3872 2478 3926 Ζῶ
2505 3874 2620 3942 ἐγὼ
2655 3871 2908 3936 Ἁδωναῒ,
2945 3874 3109 3942 λέγει
3144 3873 3379 3939 Κύριος,
3407 3873 3543 3926 εἰπὲ
3568 3873 3720 3941 πρὸς

2142 3959 2256 4025 τὴν
2294 3957 2630 4011 ἀσύνθετον
2661 3955 2775 4022 τὴν
2805 3954 3098 4024 θυγατέρα
3127 3955 3526 4024 Ἰερουσαλήμ
3545 3973 3560 3986 ⁹
3596 3957 3717 4023 οὐκ

2143 4041 2405 4109 ἥμαρτεν
2441 4041 2479 4108 ἡ
2511 4037 2742 4107 ἀδελφή
2773 4054 2888 4092 σου
2923 4037 3157 4108 Σόδομα
3187 4038 3334 4092 κατὰ
3369 4040 3441 4091 τὰ
3477 4039 3720 4107 ἡμίσεια

2143 4125 2261 4177 τῶν
2285 4123 2580 4193 ἁμαρτιῶν
2603 4138 2740 4186 σου,
2766 4121 2864 4175 καὶ
2891 4121 3200 4190 ἐδικαιώθη
3223 4121 3456 4190 Σόδομα
3477 4123 3550 4175 ἐι
3571 4123 3684 4176 σοῦ
3699 4139 3714 4154 ·

2142 4207 2263 4262 ἀντὶ
2304 4207 2418 4272 τοῦ,
2447 4207 2590 4278 Πρὸς
2623 4205 2906 4275 σύγκρισιν
2935 4202 3034 4276 σὴν
3079 4205 3283 4276 Σόδομα
3323 4204 3506 4257 δικαία
3536 4205 3713 4258 ἐστίν·

2142 4286 2252 4344 οἷον
2275 4292 2328 4344 ετ
2343 4308 2425 4354 τις
2454 4290 2635 4358 ἔλεγεν
2655 4291 2948 4360 αἱρετικοῖς
2963 4305 2977 4318 ·
3011 4287 3438 4356 Ἐδικαιὼθησαν
3461 4288 3559 4341 καὶ
3591 4288 3717 4340 Ἰου-

2141 4375 2277 4428 δαῖοι
2305 4375 2412 4428 ἀπὸ
2455 4374 2552 4446 τῆς
2591 4372 2896 4445 ὑπερϐολῆς
2937 4373 3037 4442 τῆς
3075 4372 3218 4426 κατά
3249 4375 3376 4436 τοὺς
3411 4374 3717 4444 αἱρετικούς

2149 4458 2372 4530 μανίας·
2405 4457 2799 4528 ὲδικαιώθησαν
2834 4456 3106 4526 δαίμονες,
3136 4457 3218 4508 ὅτι
3249 4457 3300 4508 οί
3336 4457 3436 4524 μὲν
3477 4458 3608 4509 Υιὸν
3633 4456 3720 4508 λέ-

2144 4560 2348 4611 γουσιν,
2375 4543 2426 4594 οἱ
2459 4541 2518 4594 δέ
2551 4541 2781 4610 ποίημα.
2821 4538 3157 4604 Ὲδικαιώθη
3197 4539 3436 4609 Σόδομα
3473 4542 3542 4594 ἐκ
3581 4539 3714 4594 σοῦ.

2145 4624 2302 4695 Ζητῶ
2331 4625 2390 4678 δέ
2429 4626 2487 4677 ἐν
2518 4623 2736 4694 παρόδῳ
2777 4623 2875 4694 τὴν
2911 4622 3090 4676 αἰτίαν
3127 4622 3195 4674 δι’
3227 4623 3294 4692 ἢν
3331 4624 3382 4675 οἱ
3407 4624 3478 4676 τά
3507 4623 3719 4692 Σοδομι-

2141 4710 2250 4762 τῶν
2283 4707 2606 4781 πράξαντες,
2631 4709 2731 4761 οὐκ
2769 4705 3045 4759 ἀπώλοντο
3067 4704 3144 4767 ὡς
3176 4705 3491 4775 Σοδομῖται·
3525 4707 3719 4777 μᾶλλον

2142 4791 2219 4853 δέ,
2249 4793 2296 4844 εί
2341 4790 2726 4844 ἐδιπλασίασαν
2755 4788 2825 4841 τά
2862 4789 3267 4859 ἁμαρτήματα,
3298 4788 3443 4844 διατί
3478 4792 3557 4863 μὴ
3593 4793 3722 4861 ἐρη-

2137 4874 2403 4945 ,μώθησαν
2440 4873 2513 4935 ὡς
2543 4874 2740 4926 ἐκεῖνοι
2764 4888 2778 4935 ;

2215 5029 2287 5092 η’.
2332 5021 2389 5074 '0
2411 5020 2543 5084 Θεὸς
2560 5015 2651 5073 οὖν
2683 5017 2743 5070 οὐ
2782 5017 2942 5087 μόνον
2972 5016 3165 5070 ἔϐλεπε
3189 5017 3289 5087 τὴν
3305 5017 3416 5072 τῶν
3455 5017 3719 5070 Ἰουδαίων

2145 5104 2496 5175 ἀκμάζουσαν
2526 5102 2797 5164 ἀσέϐειαν,
2829 5099 2964 5154 ἀλλά
3001 5102 3095 5154 καὶ
3124 5100 3222 5170 τὴν
3255 5099 3394 5169 μετά
3421 5100 3596 5153 ταῦτα
3617 5101 3720 5151 τῶν

2145 5187 2350 5240 πιστῶν
2384 5185 2697 5240 εὐσέϐειαν·
2743 5183 2963 5254 προῄδει
3011 5183 3093 5235 ὃτι
3131 5183 3322 5253 ἔμελλε
3369 5183 3622 5254 προϊέναι
3659 5183 3721 5235 ἐκ

2144 5273 2242 5342 τῆς
2275 5271 2534 5334 Ἰουδαίας
2575 5272 2608 5339 ἡ
2657 5266 2787 5336 ἁγία
2837 5266 3082 5330 θεοτόκος
3115 5266 3420 5336 Παρθένος·
3471 5266 3722 5337 προεώρα

2145 5357 2235 5409 16v
2269 5356 2425 5425 χορὸν
2471 5354 2580 5408 τῶν
2635 5349 2967 5410 ἀποστόλων,
3014 5350 3315 5419 προέωεπε
3363 5351 3434 5402 τά
3473 5352 3720 5420 τάγματα

2147 5437 2254 5490 τῶν
2297 5436 2661 5507 ὁμολογητῶν,
2705 5433 2803 5497 τὰς
2842 5432 3108 5504 μυριάδας
3155 5433 3262 5486 τῶν
3299 5433 3569 5488 Ἰουδαίων
3614 5433 3716 5487 τῶν

2204 5616 2247 5672 ὶι¹
2271 5632 2450 5696 Savi}._
2472 5615 2724 5696 additjai
2766 5632 3156 5696 ἀπηγορευμένοι,
3191 5630 3491 5695 conjicitque
3526 5630 3718 5696 ἐτύγχα-

2149 5708 2245 5751 νον,
2266 5695 2396 5754 quod
2418 5691 2672 5743 Combeﬁs.
2697 5691 2903 5756 recepit.
