4074 6308
252 360 355 418 ΜΞ

255 474 554 538 laudantes,
585 470 785 543 gratias
812 476 1051 540 agentes,
1084 467 1234 538 gnari
1261 480 1321 521 se
1347 464 1516 520 factos
1544 476 1687 530 esse,
1721 463 1736 492 ¹
1767 458 1849 529 let

258 574 411 621 antea
456 579 564 618 non
612 562 809 627 fuisse,
839 575 901 616 ac
926 568 1060 615 nutu
1094 556 1387 612 voluntatis
1434 556 1580 609 illius
1620 560 1832 607 creatos

264 655 489 729 fuisse]:
540 654 858 723 stabantque
888 650 1341 719 contemplantes,
1385 645 1737 714 videntesque
1782 657 1843 696 ea

262 766 380 820 quae
416 756 540 818 post
578 747 724 816 ipsos
774 748 910 800 facta
960 744 1193 798 fuerant.
1241 740 1507 795 Videbant
1544 738 1735 793 caelum
1781 753 1846 791 ex

264 844 430 898 nihilo
458 841 672 903 factum,
696 848 750 894 et
775 837 1098 905 stupebant;
1125 850 1273 890 mare
1292 841 1648 904 segregatum,
1676 841 1730 886 et
1751 832 1850 885 mi-

265 937 556 994 rabantur:
589 932 1086 1001 contemplabantur
1113 942 1308 985 terram
1350 937 1627 990 ornatam,
1676 936 1728 980 et
1755 942 1854 979 ex-

264 1026 667 1083 horrescebant.
698 1024 849 1091 Quod
880 1034 1055 1078 autem
1083 1023 1257 1093 angeli
1300 1036 1404 1076 non
1432 1021 1699 1090 adjutores
1732 1016 1850 1071 fue-

266 1123 393 1183 rint,
444 1120 539 1174 sed
580 1118 964 1183 admiratores,
998 1119 1072 1171 ait
1116 1117 1256 1171 Deus
1299 1115 1491 1170 Jobum
1532 1114 1850 1182 alloquens:

272 1211 490 1279 Quando
516 1210 614 1281 feci
639 1209 831 1271 stellas,
864 1209 1192 1262 laudauerunt
1214 1224 1292 1261 me
1313 1223 1483 1262 omnes
1506 1205 1674 1276 angeli
1702 1213 1750 1258 et
1773 1219 1854 1256 ce-

286 1302 615 1356 lebraverunt
662 1298 794 1366 (Job.
831 1297 918 1351 '58.
968 1298 1041 1365 7).

359 1392 517 1455 Illud,
542 1390 843 1451 Faciamus,
870 1389 1176 1442 Trinitatem
1198 1396 1245 1440 et
1264 1389 1514 1439 unitatem
1538 1386 1850 1439 subindicat.

284 1515 358 1526 —-
392 1484 680 1538 Faciamus
719 1483 995 1536 hominem.
1029 1481 1237 1536 Dictum
1288 1481 1414 1535 illud
1455 1488 1510 1534 et
1543 1479 1850 1546 loquentem

286 1576 556 1647 signiﬁcat
595 1584 649 1627 et
700 1573 1029 1627 audientem.
1080 1572 1215 1626 Vide
1258 1572 1567 1625 orthodoxa:
1600 1569 1721 1622 ﬁdei
1767 1583 1854 1621 ra-

291 1668 439 1721 dium
490 1681 705 1734 semper
742 1665 1157 1736 splendentem:
1200 1673 1254 1718 et
1291 1665 1368 1718 sol
1414 1663 1603 1719 lucens
1642 1662 1852 1715 radium

284 1772 449 1810 suum
488 1756 748 1825 adjunxit.
800 1756 1075 1809 Faciamus
1103 1757 1358 1809 hominem
1391 1754 1670 1806 secundum
1712 1754 1852 1805 ima-

284 1848 460 1914 ginem
493 1856 541 1899 et
578 1847 973 1900 similitudinem
1017 1856 1268 1900 nostram.
1314 1845 1672 1899 Personarum
1707 1841 1854 1895 ordi-

275 1957 399 1995 nem
444 1943 694 2007 servavit,
723 1952 779 1997 et
805 1943 1115 1997 substantia:
1142 1943 1421 1998 unitatem.
1462 1941 1736 1995 Faciamus
1764 1943 1855 1994 ho-

272 2033 457 2086 minem
476 2034 749 2086 secundum
776 2034 1067 2104 imaginem.
1097 2033 1213 2089 Non
1243 2033 1530 2087 secundum
1562 2034 1853 2099 imagines:

275 2138 445 2193 neque
473 2124 617 2178 enim
640 2125 742 2178 alia
773 2135 856 2180 est
884 2126 1057 2195 imago
1093 2125 1291 2192 Patris,
1333 2126 1436 2179 alia
1476 2125 1619 2181 Filii.
1670 2126 1856 2179 Facia-

275 2231 387 2267 mus
419 2233 433 2268 :
460 2225 516 2269 ut
544 2231 891 2284 personarum
923 2217 1223 2286 pluritatem
1257 2217 1533 2281 ostendat;
1568 2218 1856 2272 Secundum

275 2307 543 2377 imaginem
574 2318 796 2361 nostram
821 2324 843 2359 ,ο
874 2319 931 2361 ut
960 2310 1559 2364 consubstantialitatem
1603 2310 1855 2365 declaret.

275 2398 527 2465 Quisnam
558 2414 688 2453 vero
722 2410 804 2453 est
828 2400 1002 2470 magni
1034 2401 1189 2469 hujus
1216 2403 1477 2455 sermonis
1507 2410 1562 2457 et
1587 2402 1859 2455 admirau-’

274 2494 355 2546 da:
378 2494 664 2548 rreationis
693 2495 906 2549 socius?
931 2495 1099 2550 Judaei
1130 2497 1520 2561 contradicunt,
1549 2514 1611 2552 ac
1634 2500 1715 2554 vel
1740 2514 1863 2553 con-

278 2581 428 2639 lutati
461 2587 797 2656 impudenter
825 2601 884 2642 se
908 2597 1138 2658 gerunt;
1173 2588 1409 2643 harretici
1443 2591 1730 2656 insaniunt,
1762 2607 1859 2645 ve-

277 2675 408 2729 ritas
454 2676 809 2746 impugnatur,
852 2679 1066 2748 pietatis
1110 2679 1352 2735 doctrina
1380 2682 1630 2737 invictam
1664 2698 1771 2753 prae
1802 2699 1860 2739 se

274 2763 377 2818 fert
399 2765 809 2821 confessionem.

347 2857 401 2910 7.
444 2857 597 2913 Unde
631 2859 791 2929 igitur
828 2861 1172 2917 ostendemus
1200 2864 1284 2918 cui
1325 2863 1547 2929 dixerit,
1589 2864 1860 2921 Faciamus

275 2948 526 3003 hominem
548 2951 573 3003 ?
597 2962 687 3006 aut
717 2953 834 3022 quis
857 2963 941 3009 est
964 2954 1080 3023 ejus
1107 2956 1481 3011 consiliarius?
1512 2959 1643 3013 Illud
1678 2960 1820 3014 enim
1840 3002 1856 3023 ,

276 3040 573 3108 Faciamus,
613 3047 952 3114 praesentiam
987 3049 1276 3104 consiliarii
1318 3050 1497 3121 exigit.
1555 3053 1643 3106 Ait
1684 3054 1861 3122 itaque

274 3133 465 3186 beatus
488 3133 645 3189 Isaias
670 3136 737 3191 de
767 3138 1038 3207 unigenito
1061 3138 1195 3196 Filio
1218 3142 1331 3209 Dei,
1379 3143 1468 3212 qui
1508 3154 1723 3213 propter
1763 3160 1861 3199 nos

273 3224 509 3279 lmmana
538 3227 681 3282 venit
710 3228 880 3284 forma
913 3249 927 3285 :
958 3230 1098 3285 Puer
1136 3242 1286 3287 natus
1332 3244 1405 3289 est
1441 3236 1602 3300 nobis,
1637 3238 1773 3305 ﬁlius
1816 3248 1861 3292 et

273 3319 469 3386 iuvenis
495 3319 644 3373 datus
671 3333 745 3374 est
769 3320 924 3389 (Isai.
947 3322 1000 3378 9.
1021 3323 1096 3395 6).
1130 3323 1231 3393 Qui
1262 3340 1366 3380 non
1398 3337 1513 3382 erat
1544 3344 1674 3397 puer
1704 3340 1858 3385 natus

273 3417 394 3473 est;
427 3410 519 3478 qui
547 3421 663 3466 erat
692 3410 878 3477 Filius,
910 3413 1067 3470 datus
1112 3425 1215 3471 est.
1270 3416 1340 3471 Et
1377 3419 1636 3473 vocabitur
1679 3438 1859 3476 nomen

272 3502 407 3569 ejus,
451 3504 623 3574 magni
642 3506 839 3560 consilii
866 3508 1095 3577 angelus,
1128 3524 1318 3579 nempe
1356 3512 1526 3580 pueri,
1557 3513 1646 3582 qui
1692 3513 1860 3569 Filius

273 3604 392 3649 erat
417 3606 632 3666 propter
656 3598 1007 3667 divinitatem,
1051 3617 1180 3672 puer
1210 3613 1385 3658 autem
1410 3616 1626 3674 propter
1669 3609 1858 3661 huma-

274 3686 516 3740 nitatem.
549 3686 729 3758 Magni
747 3692 945 3745 consilii
989 3695 1220 3763 angelus,
1268 3695 1583 3751 admirabilis
1624 3701 1858 3753 consilia-

272 3779 400 3833 rius.
436 3779 491 3835 Si
530 3796 691 3851 porro
718 3785 1076 3840 oonsiliarium
1099 3788 1186 3841 cui
1211 3787 1362 3851 dixit,
1393 3787 1667 3845 Faciamus
1695 3792 1859 3845 Itami-

273 3886 391 3924 nem
437 3874 712 3927 secundum
754 3875 1023 3947 imaginem
1068 3890 1116 3932 et
1159 3879 1537 3934 similitudinem
1589 3894 1811 3936 nostram
1840 3926 1854 3949 ,

274 3964 452 4032 magni
482 3966 688 4019 consilii
714 3967 973 4037 Angelum
1002 3984 1184 4037 vocas,
1228 3972 1484 4038 nondum,
1518 3989 1551 4027 ο
1578 3975 1855 4043 propheta,

274 4054 590 4123 dignitatem
628 4056 744 4126 ejus
773 4060 917 4128 quia
948 4069 1000 4114 te
1037 4062 1371 4118 consiliarius
1411 4074 1631 4118 vocatur
1675 4066 1855 4120 decla-

272 4146 427 4200 rasti.
462 4146 583 4201 Fuit
626 4150 767 4203 enim
808 4158 862 4205 et
902 4150 1109 4222 Moyses
1136 4154 1468 4210 consiliarius
1520 4174 1533 4209 :
1582 4157 1860 4213 videbatur

273 4239 418 4318 enim
447 4240 724 4296 consilium
749 4242 877 4298 dare
905 4258 1026 4299 cum
1052 4245 1287 4301 diceret:
1315 4247 1397 4303 Ne
1425 4251 1624 4304 occidas
1663 4269 1764 4318 eos,
1798 4269 1860 4305 ne

274 4315 409 4398 forte
447 4331 617 4385 dicant
647 4343 815 4402 gentes
863 4350 882 4388 :
930 4334 1010 4389 Eo
1047 4340 1181 4408 quod
1224 4356 1325 4393 non
1365 4351 1525 4410 posset
1573 4343 1688 4396 illos
1721 4315 1861 4411 prole

273 4437 479 4490 augere,
518 4424 699 4477 occidit
734 4441 837 4480 eos.
875 4426 1072 4482 Verum
1100 4445 1167 4483 ne
1197 4432 1507 4486 miraculum
1525 4435 1590 4488 ad
1611 4437 1861 4491 consilia-

273 4513 413 4566 rium
441 4529 605 4583 usque
643 4517 892 4571 statueris
926 4535 939 4572 :
972 4534 1039 4573 ne
1075 4536 1359 4577 commune
1400 4540 1593 4580 nomen
1644 4527 1855 4595 feceris,

272 4604 376 4657 etsi
422 4606 573 4659 multi
597 4607 885 4663 consiliarii
925 4613 1053 4676 sint,
1087 4627 1154 4666 ne
1179 4616 1498 4670 contumelia
1526 4616 1787 4675 afficiatur
1812 4622 1859 4676 is

272 4697 368 4766 qui
397 4699 545 4752 solus
579 4707 680 4753 est.
712 4702 783 4754 At
811 4702 1067 4767 nondum,
1099 4704 1288 4775 inquit,
1322 4707 1436 4776 ejus
1478 4711 1564 4777 qui
1597 4713 1857 4779 praedica-

275 4798 364 4841 tur
396 4787 706 4857 dignitatem
733 4792 893 4847 nosti.
938 4796 1073 4849 Audi
1097 4796 1164 4851 de
1190 4797 1487 4855 admirabili
1516 4805 1856 4873 consiliario;

272 4880 439 4935 Isaias
470 4884 612 4937 enim
654 4885 705 4940 id
747 4886 889 4957 quod
924 4891 1169 4959 sequitur
1196 4893 1264 4947 ab
1302 4910 1387 4958 eo,
1415 4896 1553 4966 quod
1580 4900 1858 4972 praecedit,

274 4973 656 5042 interpretatur
686 4994 700 5031 :
727 4976 1073 5048 Admirabilis,
1116 4983 1305 5053 inquit,
1340 4988 1676 5054 consiliarius,
1722 4991 1860 5045 Deus

275 5067 445 5134 fortis.
506 5066 671 5123 Recte
722 5070 831 5125 Deo
884 5071 1247 5128 fortitudinem
1308 5078 1566 5145 adjunxit.
1631 5082 1861 5147 Quare?

272 5158 734 5223 Quemadmodum
761 5163 902 5217 enim
941 5166 1094 5219 multi
1138 5166 1289 5222 fuere
1332 5172 1640 5240 consiliarii,
1688 5189 1860 5243 neque

275 5258 453 5303 tamen
480 5250 601 5304 ideo
624 5253 779 5307 unius
800 5254 1089 5311 consiliarii
1118 5258 1348 5328 dignitas
1377 5262 1495 5315 lmdi
1519 5263 1737 5329 debuit,
1782 5268 1859 5321 sic

273 5340 398 5408 quia
437 5341 589 5395 multi
623 5340 776 5399 fuere
812 5346 885 5399 dii
928 5347 1090 5416 (nam
1118 5352 1228 5405 ait:
1264 5351 1373 5422 Ego
1396 5354 1518 5419 dixi,
1540 5359 1629 5412 Dii
1650 5360 1781 5419 estis,
1813 5369 1858 5412 et

276 5431 372 5496 ﬁlii
423 5431 669 5488 Altissimi
715 5451 885 5490 omnes
932 5437 952 5509 [
981 5438 1123 5496 Psal.
1155 5442 1241 5496 81.
1273 5443 1382 5516 6];
1448 5461 1510 5501 ac
1545 5464 1753 5502 rursum
1785 5451 1858 5504 ait

278 5526 418 5579 Deus
443 5527 639 5600 Moysi,
671 5528 805 5584 Ecce
840 5534 984 5601 posui
1011 5542 1056 5586 te
1079 5535 1133 5587 in
1155 5537 1301 5589 deum
1330 5538 1618 5595 Pharaonis
1661 5542 1855 5615 [E.rod.

271 5617 328 5671 7.
353 5617 404 5690 l]
428 5619 466 5690 ),
516 5620 600 5675 hic
630 5622 719 5692 qui
750 5623 1067 5693 pradicatur
1095 5643 1202 5682 non
1224 5629 1404 5687 debuit
1431 5638 1746 5691 contumelia
1774 5637 1853 5692 af-

340 5819 357 5849 ι
395 5818 581 5869 l‘hrasis
601 5820 831 5871 articulus
850 5823 932 5885 qui
958 5825 1144 5874 uncinis
1164 5824 1397 5878 clauditur
1414 5831 1557 5881 deest
1582 5834 1628 5881 in
1654 5834 1792 5883 Savil.

1246 351 1332 407 DE
1368 347 1580 406 MUNDI
1617 338 2003 402 CREATIONE
2039 339 2295 398 ORATIO
2332 341 2415 399 IV.

3434 343 3541 400 ‘66

1955 458 2061 514 llci.
2090 460 2167 513 Ac
2195 474 2267 513 ne
2294 467 2600 529 putescum
2626 461 2694 514 ita
2720 460 2878 517 deum
2906 476 3049 528 esse,
3082 469 3139 517 ut
3164 470 3279 516 erat
3305 459 3538 534 Moyses,

1954 563 2013 608 nt
2039 563 2194 608 erant
2218 554 2469 623 apostoli,
2521 555 2742 620 addidit,
2772 555 2908 610 Deus
2948 559 3110 628 fortis.
3143 556 3353 630 Moyses
3398 557 3540 611 Deus

1955 654 2089 712 erat,
2118 661 2225 700 non
2272 645 2446 713 fortis,
2491 646 2586 701 sed
2633 646 2942 704 fortitudine
2985 650 3232 704 donatus.
3273 649 3427 704 Aliud
3458 661 3543 704 est

1956 736 2268 793 fortitudine
2317 738 2561 803 donatus,
2616 747 2670 791 et
2719 740 2859 793 aliud
2907 739 3078 795 fortis.
3128 740 3287 794 Aliud
3316 742 3542 809 gratiam

1955 833 2320 900 commodans,
2348 833 2491 887 aliud
2508 833 2793 903 accipiens.
2826 833 2961 887 Deus
2990 834 3152 904 fortis.
3179 833 3386 905 Moyses
3410 833 3545 888 deus

1956 936 2071 978 erat
2099 925 2407 979 fortitudine
2427 924 2674 986 donatus,
2706 925 2914 978 etiamsi
2943 925 3220 993 grandiutn
3260 926 3545 979 miraculo-

1958 1030 2075 1067 rum
2104 1024 2341 1083 patrator
2367 1032 2382 1079 ;
2420 1030 2605 1069 verum
2634 1016 2856 1083 gratiam
2884 1016 3091 1085 accipit.
3142 1016 3255 1071 Sub
3280 1026 3545 1085 potesmte

1957 1115 2110 1160 erant
2134 1107 2383 1175 apostoli,
2433 1118 2619 1176 potens
2649 1119 2730 1162 est
2757 1108 3025 1174 Servatur,
3056 1118 3111 1163 et
3148 1110 3350 1166 tribuit.
3405 1110 3549 1166 Deus

1957 1199 2122 1269 fortis.
2170 1198 2352 1268 Neque
2393 1200 2496 1253 hoc
2535 1209 2737 1254 tantum
2781 1203 2911 1254 satis
2956 1200 3160 1266 habuit,
3202 1204 3293 1257 sed
3326 1203 3546 1272 adjicit,

1958 1300 2153 1359 potens,
2206 1300 2262 1344 ut
2303 1299 2357 1344 et
2398 1305 2497 1345 nos
2537 1301 2593 1346 et
2633 1292 2913 1347 hazreticos
2941 1292 3178 1360 doceret,
3212 1311 3280 1349 ne
3317 1297 3415 1350 sub
3452 1312 3549 1365 po.

1958 1391 2148 1438 testate
2199 1383 2501 1439 diceremus
2545 1400 2670 1439 eum
2726 1386 2816 1455 qni
2864 1386 2962 1454 ipsi
3005 1388 3252 1457 potestati
3298 1389 3544 1458 imperat.

1958 1476 2113 1531 Aliud
2153 1485 2235 1531 est
2278 1477 2378 1531 sub
2420 1485 2682 1547 potestate
2722 1479 3077 1543 constitutus,
3143 1478 3285 1533 aliud
3329 1490 3541 1550 potens.

1959 1569 2050 1623 Vis
2082 1584 2238 1624 nosse
2271 1569 2557 1625 discrimen
2597 1572 2736 1626 inter
2762 1587 2884 1626 eum
2906 1572 2993 1641 qui
3024 1588 3093 1627 ex
3125 1586 3184 1626 se
3222 1583 3410 1642 potens
3450 1576 3544 1641 sit,

1959 1672 2013 1714 et
2056 1676 2178 1715 eum
2207 1664 2297 1732 qui
2319 1662 2419 1717 sub
2443 1672 2706 1732 potestate
2728 1664 2835 1719 sit?
2860 1665 3097 1733 Apostoli
3127 1666 3227 1720 sub
3261 1674 3544 1735 potestate,

1960 1753 2219 1808 Servator
2248 1769 2375 1809 vero
2404 1765 2595 1825 potens
2623 1766 2759 1811 erat.
2782 1756 2975 1812 Paulus
3000 1757 3131 1813 vidit
3156 1758 3212 1813 in
3240 1759 3547 1815 Macedonia

1962 1842 2189 1911 puellam
2249 1845 2493 1913 Spiritum
2536 1846 2794 1917 Pythonis
2834 1847 3149 1914 habentem,
3195 1850 3548 1921 omnibusque

1963 1935 2228 1991 dicentem
2262 1955 2277 1992 :
2307 1938 2379 1992 Hi
2406 1939 2631 1995 homines
2655 1942 2783 1995 servi
2815 1939 2913 1996 Dei
2952 1943 3188 1997 altissimi
3214 1955 3352 1998 sunt.
3382 1944 3550 2016 zEgre

1962 2037 2129 2081 autem
2162 2029 2325 2097 ferens
2360 2031 2579 2095 Paulus,
2607 2048 2872 2087 conuersus
2895 2034 3025 2089 dixit
3051 2036 3251 2105 spiritui
3290 2037 3423 2108 (Act.
3454 2036 3547 2092 l6.

1964 2121 2051 2174 Π.
2083 2122 2171 2192 18)
2196 2138 2210 2186 ;
2258 2139 2363 2178 non
2391 2134 2567 2179 autem
2592 2126 2806 2196 puellae,
2835 2126 2930 2182 sed
2960 2128 3189 2197 puellam
3223 2131 3501 2199 occupanti
3526 2172 3544 2197 ,

1963 2211 2221 2269 Denuntio
2245 2215 2333 2270 tibi
2370 2221 2425 2274 in
2453 2219 2653 2271 nomine
2678 2218 2881 2273 Domini
2904 2219 3028 2274 Jesu
3050 2217 3257 2288 Christi,
3306 2232 3361 2276 ut
3396 2239 3548 2278 exeas

1964 2307 2027 2359 ab
2065 2307 2176 2361 illa.
2239 2308 2408 2365 Vocat
2455 2311 2773 2381 Dominum,
2819 2320 2879 2368 ut
2916 2314 3161 2369 ostendat
3202 2330 3261 2371 se
3307 2331 3544 2371 servum.

1964 2398 2096 2464 Quia
2126 2414 2284 2470 supra
2315 2400 2585 2458 hominem
2617 2403 2719 2458 hoc
2754 2404 3071 2460 miraculum
3099 2416 3233 2473 erat,
3262 2408 3402 2478 quod
3431 2408 3547 2462 da:-

1963 2506 2150 2547 mones
2201 2494 2482 2550 obedirent
2524 2496 2846 2563 hominibus,
2899 2515 2967 2555 ne
3011 2501 3155 2555 visus
3185 2516 3371 2557 vocem
3394 2517 3549 2573 rape-

1963 2593 2067 2651 ret,
2112 2602 2245 2643 neve
2286 2588 2353 2655 ii,
2394 2589 2485 2660 qui
2529 2590 2622 2645 Dei
2661 2592 2890 2647 ministri
2937 2603 3122 2659 erant,
3169 2595 3243 2649 dii
3286 2611 3406 2651 esse
3450 2611 3547 2664 pu-

1967 2685 2223 2742 tarentur,
2280 2678 2553 2749 Denuntio,
2602 2683 2793 2754 inquit,
2844 2685 2933 2738 tibi
2979 2686 3031 2739 in
3074 2687 3274 2741 nomine
3317 2686 3542 2740 Domini.

1966 2769 2118 2827 Servi
2144 2780 2227 2827 est
2255 2773 2594 2840 denuntiare,
2628 2777 2723 2833 Dei
2752 2792 2875 2832 cum
2912 2787 3174 2849 potestate
3219 2794 3398 2849 agere.
3448 2780 3544 2834 Vi-

1965 2865 2087 2919 disti
2120 2865 2369 2921 famulum
2414 2868 2837 2937 denuntiantem,
2877 2871 2998 2925 vide
3046 2873 3325 2926 Dominum
3368 2878 3543 2942 impe-

1965 2966 2191 3011 rantem.
2240 2958 2463 3015 Oblatus
2488 2970 2571 3014 est
2614 2961 2839 3015 Domino
2880 2962 3091 3031 quidam
3144 2963 3537 3026 dazmoniacus,

1965 3047 2155 3102 surdus
2183 3060 2236 3103 et
2266 3061 2460 3106 mutus.
2506 3051 2621 3106 Non
2662 3054 2794 3108 dixit
2824 3054 3093 3117 Dominus,
3145 3055 3403 3109 Denuntio
3449 3056 3545 3111 tibi

1965 3140 2131 3194 surdo
2160 3150 2213 3195 et
2238 3151 2386 3197 muto
2414 3143 2715 3211 daemonio;
2747 3145 2861 3209 sed,
2892 3144 3002 3216 Ego
3040 3146 3128 3199 tibi
3154 3147 3411 3216 prwcipio.
3445 3146 3547 3202 De-

1965 3232 2225 3286 nuntiatio
2278 3244 2359 3288 est
2404 3234 2575 3299 Pauli,
2630 3237 2862 3305 potentis
2908 3248 3086 3292 autem
3130 3246 3211 3291 est
3254 3238 3543 3307 imperare.

1967 3320 2079 3393 Ego
2121 3324 2210 3377 tibi
2257 3327 2516 3395 prcecipio,
2562 3329 2641 3382 exi
2690 3329 2752 3381 ab
2798 3345 2878 3395 eo,
2927 3346 3016 3383 nec
3039 3331 3258 3397 amplius
3281 3331 3545 3385 intraveris

1967 3412 2156 3483 (Mare.
2176 3415 2227 3471 9.
2248 3415 2359 3479 24).
2383 3417 2628 3472 Obedivit
2656 3418 2885 3484 daemon,
2905 3420 3051 3474 novit
3069 3422 3211 3476 enim
3237 3423 3543 3488 potentiam.

1963 3506 2114 3561 Dicat
2138 3508 2324 3563 beatus
2341 3508 2588 3565 Ezechiel
2608 3509 2674 3565 ad
2695 3526 3019 3583 synanugam
3039 3512 3340 3567 haereticam
3376 3531 3389 3567 :
3422 3512 3549 3567 Vivo

1964 3615 2075 3668 ego,
2107 3599 2226 3652 dicit
2252 3599 2501 3655 Dominus
2524 3642 2538 3663 ,
2558 3602 2844 3671 justi/icata
2889 3612 2960 3655 est
3004 3620 3147 3656 soror
3190 3614 3276 3656 tua
3317 3603 3545 3657 Sodoma

1962 3706 2116 3760 supra
2141 3700 2188 3744 te
2232 3690 2557 3761 (Ezech.16.
2590 3694 2701 3761 52).
2724 3694 2860 3761 Quid
2901 3704 2983 3749 est
3025 3695 3153 3750 illud
3197 3696 3338 3765 quod
3373 3697 3544 3751 dicit?

1962 3782 2073 3837 Nisi
2104 3784 2246 3837 enim
2274 3784 2402 3838 illud
2431 3784 2701 3853 didiceris,
2751 3804 2854 3843 non
2884 3790 3085 3859 poteris
3114 3790 3298 3845 deduci
3327 3790 3393 3844 ad
3432 3791 3543 3859 spi-

1963 3878 2169 3932 ritualis
2217 3892 2404 3933 sensus
2448 3880 2869 3949 intelligentiam.
2933 3882 3223 3937 Sodomitze
3275 3883 3544 3953 desperati

1962 3977 2152 4031 erant;
2187 3971 2237 4023 in
2265 3970 2469 4025 scelere
2499 3973 2642 4027 enim
2674 3973 2828 4026 vitam
2860 3975 3222 4044 transigebant
3267 3992 3279 4029 :
3314 3975 3542 4045 ideoque

1963 4060 2212 4116 divinitus
2239 4063 2477 4118 immisso
2506 4066 2801 4134 consumpti
2832 4076 2955 4119 sunt
2984 4067 3122 4135 igne.
3170 4066 3404 4137 Eratque
3448 4068 3543 4122 Je-

1964 4156 2194 4210 rusalem
2222 4164 2342 4225 post
2378 4171 2563 4211 eorum
2589 4158 2829 4224 exitium,
2865 4158 3117 4228 urbisque
3140 4174 3327 4214 eorum
3358 4160 3544 4214 incen-

1963 4247 2131 4313 dium,
2174 4249 2355 4302 mnltis
2381 4250 2834 4317 generationibus,
2883 4251 3060 4321 specie
3085 4251 3297 4320 quidem
3321 4251 3541 4315 ﬂorens,

1963 4340 2163 4410 majora
2185 4350 2360 4396 tamen
2385 4342 2584 4397 scelera
2608 4351 2940 4412 perpetrans.
2990 4342 3123 4398 Cum
3159 4344 3316 4413 igitur
3352 4343 3407 4397 hi
3445 4344 3545 4399 So-

1963 4432 2283 4486 domitarum
2330 4434 2618 4502 nequitiam
2669 4442 3018 4503 superarent,
3061 4434 3205 4502 jurat
3260 4434 3398 4488 Deus
3446 4450 3545 4503 per

1963 4524 2298 4578 Ezechielem
2340 4524 2422 4580 his
2469 4526 2649 4580 verbis
2702 4544 2717 4580 :
2768 4543 2789 4576 ι
2827 4525 2957 4579 Vivo
2999 4540 3098 4596 ego
3134 4526 3372 4591 Adooai,
3412 4526 3550 4581 dicit~

1964 4616 2240 4683 Dominus,
2263 4616 2349 4671 dic
2370 4618 2734 4687 incomposita:
2760 4617 2882 4671 lilia:
2906 4617 3201 4673 Jerusalem
3230 4636 3243 4672 :
3269 4618 3384 4674 Non
3414 4635 3541 4687 pec-

1963 4710 2103 4765 cavit
2144 4724 2297 4765 soror
2351 4720 2438 4765 tua
2483 4709 2715 4765 Sodoma
2756 4712 2838 4764 vel
2885 4711 3161 4764 dimidium
3203 4721 3541 4777 peccatorum

1967 4814 2197 4871 tuorum,
2238 4814 2289 4859 et
2311 4803 2594 4873 justiticata
2626 4813 2707 4857 est
2733 4804 2964 4858 Sodoma
2990 4820 3053 4858 ex
3086 4815 3137 4859 te
3161 4823 3181 4857 ι
3209 4804 3417 4876 (Ezech.
3450 4804 3540 4859 l6.

1966 4898 2055 4952 48.
2089 4896 2213 4968 52),
2260 4911 2323 4951 ac
2366 4896 2409 4949 si
2449 4896 2674 4961 diceret,
2722 4896 2952 4950 Sodoma
3006 4897 3403 4966 comparatione
3460 4896 3533 4947 tui

1960 4988 2100 5058 justa
2144 4998 2257 5049 est;
2302 5004 2363 5041 ac
2405 4989 2447 5041 si
2491 4988 2608 5055 quis
2664 4988 2925 5042 lia-reticis
2972 4987 3225 5042 diceret:
3261 4985 3540 5041 Justiﬁcati

1967 5092 2089 5133 sunt
2128 5093 2176 5135 et
2202 5081 2368 5136 ,Ιυάίιεί
2400 5097 2464 5134 ex
2497 5082 2689 5150 ingenti
2725 5081 3093 5134 lia-relicorum
3124 5079 3337 5143 furore;
3378 5077 3539 5146 justi-

1966 5173 2104 5229 ftcati
2152 5184 2273 5228 sunt
2317 5176 2605 5235 dmmones,
2655 5176 2775 5243 quia
2807 5175 2857 5227 hi
2892 5174 3079 5226 Filium
3122 5174 3293 5241 ipsum
3322 5178 3535 5233 vocant,

1966 5269 2038 5324 illi
2069 5285 2195 5324 vero
2218 5268 2508 5338 opificium.
2549 5267 2841 5336 Justiﬁcata
2878 5276 2951 5321 est
2998 5265 3225 5320 Sodoma
3263 5280 3324 5317 ea:
3352 5274 3416 5317 te.
3443 5264 3538 5317 llic

1965 5373 2140 5417 autem
2187 5364 2358 5419 obiter
2383 5378 2563 5433 qner
2592 5378 2804 5417 causam
2836 5377 2929 5413 cur
2960 5360 2993 5412 ii
3022 5360 3108 5427 qui
3140 5356 3537 5411 Sodomitarum

1964 5458 2163 5510 scelera
2203 5466 2598 5525 perpetrarunt,
2638 5470 2742 5508 non
2795 5454 3061 5521 perierunt
3102 5461 3159 5503 ut
3206 5449 3535 5514 Sodomitas;

1964 5548 2071 5603 imo
2110 5551 2289 5614 etiam,
2338 5550 2384 5604 si
2423 5549 2583 5617 duplo
2626 5546 2826 5614 majora
2879 5550 3248 5611 peccaverunt,
3288 5556 3386 5596 cur
3429 5558 3537 5595 non

1962 5644 2218 5699 devastati
2247 5654 2365 5696 sunt
2396 5654 2452 5695 ut
2478 5643 2589 5695 illi?

2033 5736 2086 5790 8.
2128 5737 2266 5788 Deus
2306 5735 2479 5802 itaque
2528 5750 2632 5786 non
2681 5730 2838 5783 modo
2886 5727 3100 5782 videbat
3142 5728 3407 5798 ingentem
3439 5728 3536 5782 Ju-

1969 5829 2203 5882 datorum
2232 5826 2574 5896 impietatem,
2599 5821 2692 5877 scd
2719 5822 2877 5873 etiam
2905 5834 3044 5884 eam,
3070 5836 3187 5890 qua:
3218 5827 3335 5889 post
3362 5818 3537 5875 futura
