4074 6308
511 341 617 398 ιδτ

506 468 641 521 erat,
683 454 916 512 ﬁdelium
957 454 1240 525 pietatem;
1283 450 1610 523 pra—videbat
1646 446 1975 520 pmditlram
2015 460 2085 500 ea

506 550 689 605 indura
716 564 838 604 esse
864 557 1103 604 sanctam
1131 545 1412 617 Deiparam
1437 543 1694 613 virginem
1726 560 1739 596 :
1769 538 2093 612 prmvidebat

506 645 731 700 chorum
777 641 1166 713 apostolorum,
1202 654 1416 695 necnon
1452 637 1668 692 ordines
1701 633 2088 699 cetifessoram,

504 747 559 792 et
587 737 751 791 multa
782 734 942 788 millia
962 732 1267 788 Judaeorttm
1286 727 1644 801 quicredituri
1668 734 1840 781 erant.
1865 722 2091 791 Quando

504 830 648 884 etaim
670 827 913 883 ascendit
941 825 1136 881 Paulus
1164 824 1216 878 in
1246 820 1542 879 Jerusalem
1561 860 1577 884 ,
1598 818 1781 874 dicunt
1816 818 1864 870 ei
1891 830 2091 883 coapo-

504 921 629 978 eteli
660 939 674 975 :
700 919 875 985 Vides,
899 916 1064 973 Paule
1094 911 1284 982 frater,
1306 922 1424 981 quot
1445 911 1605 966 millia
1631 919 1749 965 sunt
1780 904 2094 959 Juda'orum

505 1015 594 1083 qui
632 1012 950 1067 crediderunt
995 1010 1135 1078 (Act.
1162 1005 1255 1061 21.
1279 1004 1393 1075 20).
1441 1000 1749 1058 Pracvidens
1784 998 1952 1069 igitur
1992 1009 2089 1051 eos

502 1106 591 1175 qui
621 1103 874 1159 credituri
903 1111 1077 1166 erant,
1104 1099 1344 1169 pepercit
1371 1095 1687 1158 incredulis;
1726 1109 1830 1148 non
1853 1092 2089 1161 ipsorum

506 1198 698 1267 gratia,
745 1195 837 1250 sed
880 1202 1094 1264 prepter
1134 1191 1386 1252 fructum,
1427 1189 1515 1258 qui
1546 1203 1612 1242 ex
1644 1185 1748 1240 illis
1788 1184 2088 1239 nasciturus

502 1299 636 1345 erat.
667 1289 721 1343 Id
763 1288 1075 1344 testiﬁcatur
1100 1284 1263 1340 Isaias
1287 1301 1299 1337 :
1324 1282 1425 1335 «Et
1454 1280 1554 1334 nisi
1582 1277 1836 1334 Dotnitms
1855 1272 2086 1330 Sabaoth

506 1381 813 1451 reliquisset
840 1378 994 1433 nobis
1023 1392 1229 1441 semen,
1258 1373 1411 1444 quasi
1439 1371 1668 1428 Sodoma
1689 1369 1993 1432 fuissemus,
2033 1374 2088 1420 et

504 1475 653 1544 quasi
690 1471 991 1530 Gomorrha
1018 1469 1225 1525 similes
1249 1468 1371 1522 lacti
1394 1479 1636 1521 essemus
1666 1482 1684 1514 ι
1744 1461 1894 1534 (Isai.
1926 1462 1976 1515 t.
2005 1457 2083 1532 9).

509 1564 704 1619 Verum
752 1562 887 1617 ierte
918 1575 1028 1615 1108
1058 1560 1209 1615 dicte
1258 1559 1363 1613 vim
1401 1556 1704 1615 intulimus.
1728 1566 1788 1609 et
1810 1552 1878 1608 de
1898 1552 1997 1606 alia
2028 1566 2086 1607 re

504 1656 740 1726 loquitur
768 1653 974 1710 Isaias!
1018 1655 1088 1708 At
1127 1650 1353 1706 Paulum
1394 1647 1539 1710 audi,
1569 1644 1947 1716 prophetarum
1976 1641 2083 1696 fra-

504 1759 643 1803 trem
671 1758 723 1804 et
750 1748 1099 1816 interpretem
1124 1744 1389 1799 dicentem
1419 1759 1432 1791 :
1462 1759 1487 1792 4
1505 1739 1748 1801 Fratres.
1800 1754 1905 1792 non
1959 1737 2081 1792 reli-

504 1838 647 1909 quie
692 1837 992 1893 secundum
1025 1836 1348 1890 electionem
1395 1831 1582 1902 gratim
1628 1829 1784 1885 facue
1821 1836 1978 1887 sunt:
2028 1833 2085 1882 ut

501 1929 927 2000 reliquimzsalvre
948 1936 1148 1983 essent.
1182 1925 1414 1980 Et'sicut
1439 1922 1572 1977 dixit
1605 1920 1783 1986 lsaias,
1822 1919 1937 1974 Nisi
1975 1919 2082 1973 Do-

502 2021 682 2078 minus
702 2019 945 2076 Sabaoth
970 2018 1278 2089 reliquisset
1304 2014 1460 2071 nobis
1487 2028 1695 2078 semen,
1724 2012 1881 2082 quasi
1907 2010 2080 2066 Sodo-

499 2128 588 2171 ma
628 2112 757 2167 facti
798 2126 1051 2167 essent“
1104 2129 1125 2164 ι
1185 2107 1358 2179 («Rom
1389 2108 1478 2163 lt.
1504 2105 1559 2161 ὗ.
1587 2115 1635 2159 et
1660 2105 1717 2160 9.
1746 2101 1860 2174 29).
1891 2100 2081 2157 (ironia

497 2203 758 2274 siquidem
778 2200 1288 2272 pl'aevidcbatabeus,
1306 2208 1363 2253 et
1391 2212 1497 2252 non
1528 2194 1747 2266 perinde
1768 2204 1933 2264 atque
1954 2207 2078 2255 nos,

498 2298 588 2367 qui
618 2306 858 2368 tempore
882 2295 1159 2359 docemur,
1202 2293 1282 2348 sic
1307 2291 1448 2347 Deus
1473 2304 1568 2360 per
1590 2285 1975 2357 experientiam
2001 2284 2081 2338 di-

496 2390 617 2447 scit.
646 2388 853 2445 Rursus
882 2388 1023 2453 dico,
1052 2395 1282 2457 tit-sape
1309 2383 1439 2449 diu},
1478 2381 1796 2438 saacuiorum
1836 2379 1969 2433 lines
1997 2377 2080 2432 vi-

493 2487 702 2543 debat:
728 2486 993 2542 Adamum
1020 2483 1156 2539 vidit
1199 2489 1527 2552 pecczuttem,
1564 2475 1891 2548 praevidebat
1916 2473 2079 2529 etiam

494 2594 592 2635 cos
618 2579 707 2649 qui
730 2593 808 2634 ex
840 2577 935 2633 illo
966 2574 1134 2631 tutori
1174 2579 1356 2629 essent
1391 2569 1542 2641 justi,
1566 2565 1787 2624 videbat
1831 2579 1953 2620 eum
1981 2562 2080 2632 eii-

493 2671 742 2726 ciendum
769 2685 837 2727 es
876 2666 1164 2739 paradiso:
1207 2678 1390 2721 verum
1408 2659 1744 2732 prtevidebat
1771 2671 1989 2726 regnum
2028 2653 2079 2709 ei

492 2777 614 2817 esse
646 2772 920 2833 paratum.
946 2758 1207 2829 Quodque
1230 2752 1546 2811 admirabile
1571 2760 1673 2814 est,
1704 2760 1830 2803 ante
1865 2745 2076 2817 paradi-

493 2868 611 2910 sum
640 2867 865 2922 regnum
890 2858 1136 2921 paraunn
1151 2846 1279 2900 .t‘uit.
1301 2844 1509 2899 Miraris
1532 2840 1677 2913 quod
1694 2839 1861 2895 Adam
1877 2838 2078 2907 ejectus

492 2946 656 3001 fuerit
694 2960 763 3000 ex
806 2942 1097 3014 paradiso?
1145 2941 1371 3004 Mirare,
1413 2937 1560 3007 quod
1594 2944 1728 2991 ante
1765 2931 2075 3004 paradisum

492 3049 735 3111 paratum
777 3039 878 3109 ipsi
921 3036 1082 3094 fuerit
1111 3050 1331 3106 regnum
1355 3032 1632 3088 caelorum.
1662 3030 1752 3085 Ait
1780 3028 2032 3083 Servatur
2058 3042 2073 3081 :

496 3134 693 3196 Venite,
716 3132 959 3187 benedicti
1010 3130 1186 3185 Patris
1226 3129 1323 3183 mei
1346 3169 1360 3190 ,
1394 3125 1641 3199 possidete
1677 3132 1913 3194 paratum
1940 3120 2077 3175 nobis

489 3241 701 3297 regnatas
737 3240 770 3277 a
817 3224 1171 3278 constiuttioue
1210 3219 1385 3274 mundi
1436 3216 1646 3289 (Matth.
1675 3217 1765 3273 25.
1798 3216 1914 3286 54).

556 3320 752 3375 Contra
776 3317 1015 3371 Arium.
1055 3313 1389 3385 Primageniti
1416 3324 1464 3366 et
1492 3312 1736 3383 unigeniti
1767 3312 2071 3380 diﬂ'erentia.

488 3409 915 3466 -—Erubescant
946 3405 1219 3472 haeretici,
1263 3418 1386 3459 eum
1423 3402 1654 3458 audiunt
1693 3417 1756 3458 ea
1794 3418 1916 3473 qua:
1953 3420 2075 3459 san-

485 3505 589 3559 ctis
632 3511 812 3573 parata
859 3509 1002 3565 sunt,
1042 3508 1171 3553 ante
1212 3496 1648 3553 constitutionem
1679 3497 1885 3561 mundi,
1914 3506 1968 3552 et
1995 3497 2076 3551 di-

488 3603 636 3662 eunt,
679 3593 805 3649 Erat
838 3589 1123 3662 aliquando
1162 3604 1284 3643 cum
1315 3587 1484 3643 Filius
1520 3601 1627 3642 non
1675 3596 1838 3642 esset.
1884 3587 2075 3657 Specie

486 3697 693 3743 tantum
746 3683 1089 3755 Unigenitum
1142 3679 1500 3743 conﬁtentur,
1554 3677 1680 3749 quia
1736 3678 2072 3748 Scriptorum

485 3778 667 3834 delere
694 3791 803 3831 non
831 3782 1092 3844 possunt;
1136 3785 1320 3825 vocem
1364 3768 1680 3840 largiuntur,
1714 3777 1776 3823 et
1796 3784 1913 3823 rem
1946 3770 2073 3824 sub-

486 3869 724 3923 trahunt.
773 3865 829 3921 Si
868 3864 1165 3919 dixerimus
1212 3860 1547 3930 mt'gwcnitum
1599 3858 1836 3925 Filium,
1888 3860 2071 3915 statim

485 3961 673 4017 dicunt
700 3977 716 4014 :
746 3958 1015 4027 Scriptum
1043 3966 1126 4011 est
1148 3955 1331 4021 etiam,
1358 3952 1736 4024 Primogenitus
1763 3954 1913 4008 totius
1932 3953 2072 4009 orbis

484 4062 736 4107 terrarum
764 4049 899 4119 (Col.
936 4051 988 4104 ί.
1019 4048 1129 4117 1⁷5).
1164 4046 1309 4116 Ergo
1337 4044 1628 4100 secundum
1652 4044 1931 4100 haereticos
1956 4046 2072 4100 haec

485 4147 595 4201 duo
618 4146 759 4200 inter
783 4158 843 4200 se
867 4140 1279 4213 pugnantJlam
1306 4140 1349 4195 si
1381 4139 1782 4210 primogenitus,
1806 4154 1919 4193 non
1948 4139 2071 4194 uni-

485 4236 699 4309 genitus
721 4245 805 4290 est
832 4253 850 4291 :
882 4231 1449 4304 primogenitosenitu,
1498 4245 1619 4285 eum
1646 4229 1838 4285 fratres
1868 4229 2070 4285 habue-

488 4331 578 4394 rit,
612 4325 996 4398 primogenitus
1021 4324 1219 4379 dicitur
1248 4340 1261 4377 :
1295 4321 1598 4392 unigenitus
1624 4336 1771 4385 vero,
1806 4320 1851 4377 si
1880 4319 2071 4376 fratres

491 4421 703 4485 habent,
752 4418 864 4488 jam
916 4415 1222 4487 unigenitos
1282 4428 1391 4469 non
1457 4411 1653 4467 dicitur
1696 4431 1716 4466 .:
1773 4410 2071 4480 unigenitus

486 4513 686 4584 quippe
721 4521 808 4566 est
832 4510 879 4565 is
915 4510 1005 4579 qui
1041 4523 1178 4563 unus
1216 4522 1281 4561 es
1313 4506 1491 4575 aliquo
1521 4514 1680 4559 natus
1718 4513 1835 4569 est;
1880 4518 2070 4573 quem-

489 4605 774 4661 admodum
819 4613 874 4659 et
911 4602 1185 4672 Scriptura
1226 4600 1551 4655 testificatur
1585 4596 1950 4652 Abrahamum
1982 4596 2072 4651 alo

493 4700 716 4770 loquens
747 4715 761 4749 :
788 4695 935 4750 Tolle
952 4695 1124 4762 ﬁlium
1153 4705 1296 4746 tuum
1325 4691 1651 4761 unigenitum
1691 4688 1847 4759 (Gen.
1869 4688 1961 4743 22.
1987 4688 2066 4759 2).

490 4789 880 4860 Primogenitus
935 4787 1130 4842 dicitur
1178 4786 1255 4847 is,
1300 4785 1388 4854 qui
1453 4782 1646 4838 fratres
1699 4781 1894 4846 habet;
1950 4780 2071 4836 ideo

488 4883 632 4939 enim
673 4880 884 4951 prunus
909 4890 1011 4940 est,
1067 4876 1207 4948 quod
1253 4877 1397 4945 prior
1432 4885 1585 4929 natus
1628 4873 1715 4928 sit.
1759 4872 2071 4942 Uuigenittts

487 4990 641 5041 vero,
681 4972 813 5028 ideo
851 4969 1045 5025 dicitur
1082 4967 1401 5038 unigenitus,
1447 4964 1590 5036 quod
1628 4964 1820 5019 fratres
1844 4978 1951 5018 non
1977 4962 2072 5018 ha-

488 5065 631 5121 beat.
652 5064 800 5121 Alias
822 5076 1032 5132 quoque
1054 5059 1357 5129 unigenitus
1385 5068 1489 5125 est,
1507 5057 1599 5128 qui
1626 5055 1774 5111 solus
1801 5070 1866 5110 ex
1893 5055 2072 5125 aliquo

491 5166 649 5213 natus
676 5164 780 5222 est,
802 5169 914 5209 non
946 5151 1033 5222 qui
1062 5151 1207 5205 solus
1237 5148 1405 5204 factus
1429 5158 1531 5213 est,
1587 5156 1644 5201 ut
1670 5155 1932 5215 nugantur
1960 5145 2071 5200 ha:-

491 5252 664 5306 retici.
692 5246 1029 5318 Hnigenitus,
1061 5243 1182 5314 quia
1215 5245 1360 5296 solus
1388 5241 1507 5295 talis
1526 5240 1695 5295 factus
1717 5249 1817 5294 est.
1851 5239 1991 5309 Ergo
2017 5247 2073 5295 et

489 5343 637 5399 Elius
678 5341 1002 5411 utigenitus,
1033 5339 1155 5409 quia
1199 5336 1346 5390 solus
1387 5334 1541 5399 talis;
1586 5332 1729 5403 quod
1775 5347 1905 5388 sane
1948 5348 2071 5387 cum

492 5437 701 5492 ratione
742 5442 965 5505 pugnat.
996 5434 1069 5487 At
1095 5431 1145 5485 in
1178 5444 1328 5484 more
1348 5428 1637 5497 Scriptura:
1664 5435 1766 5489 est,
1798 5436 1856 5479 ut
1885 5425 2071 5493 unige-

491 5528 831 5582 nitumzdicat
850 5540 1001 5588 eum,
1030 5523 1121 5593 qui
1145 5522 1294 5576 solus
1318 5520 1386 5574 ab
1413 5519 1591 5588 aliquo
1616 5518 1826 5588 genitus
1856 5524 1955 5578 est,
1983 5529 2071 5569 se-

494 5618 728 5673 cundum
768 5619 914 5688 prius
958 5616 1376 5671 demonstratam
1421 5611 1566 5665 vocis
1609 5607 2070 5679 signiﬁcationem.

494 5709 744 5774 Attende,
773 5724 978 5779 quaeso.
1009 5707 1419 5777 Primogeuitus,
1444 5704 1486 5758 si
1516 5703 1703 5757 fratres
1725 5716 1828 5755 non
1860 5699 2070 5763 habeat,

494 5800 803 5870 unigenitus
841 5810 944 5856 est.
977 5800 1088 5870 Ego
1116 5816 1220 5856 non
1247 5813 1432 5864 unum,
1464 5810 1569 5852 non
1607 5794 1760 5860 duos,
1793 5807 1899 5847 non
1930 5800 2072 5859 tres,

1951 324 2326 383 SEVERI'ANI

3674 338 3786 397 488

2194 442 2288 498 sed
2320 441 2589 512 plurimos
2633 447 2845 515 reperio
2880 445 3293 519 primogenitum
3355 450 3490 509 Rem
3545 456 3777 511 noram!

2194 533 2536 604 Primogeniti
2564 537 2835 606 quomodo
2858 537 3086 607 plures?
3113 540 3286 597 Unum
3309 545 3449 599 enim
3473 559 3597 601 esse
3621 562 3787 618 opor-

2195 632 2291 679 tet.
2317 625 2634 681 Sermonem
2654 627 2916 697 produxi,
2948 630 3018 687 ob
3043 632 3161 687 illas
3189 649 3370 698 voces,
3395 636 3789 710 primogenitae

2193 728 2249 772 et
2299 718 2601 788 unigenitus
2651 737 2664 773 :
2707 719 3080 779 difficultatem
3108 741 3239 781 vero
3270 729 3567 787 solvamus.
3621 732 3782 800 Eum,

2193 807 2281 877 qui
2312 807 2512 876 primus
2547 810 2736 866 credat
2754 814 2813 866 in
2844 828 2941 869 sua
2958 824 3145 883 tutata,
3182 818 3322 874 Deus
3364 821 3785 894 primogenitum

2193 911 2368 965 vocat,
2411 916 2514 955 non
2553 903 2698 972 quod
2739 905 2810 959 sit
2855 906 3057 974 primus
3098 908 3240 965 inter
3278 914 3413 968 alios
3436 915 3645 984 ﬁdeles,
3682 920 3781 976 sed

2192 990 2333 1059 quod
2382 990 2437 1046 in
2481 992 2599 1049 suis
2644 999 2972 1065 temporibus
3018 1000 3169 1070 prius
3235 1003 3580 1075 apparuerit;
3629 1013 3780 1067 verbi

2191 1085 2394 1153 gratia,
2454 1085 2505 1139 in
2560 1086 2792 1160 Egypto
2838 1102 2954 1146 erat
3001 1096 3262 1163 pupulas,
3315 1098 3443 1153 dicit
3497 1100 3637 1156 Deus
3682 1120 3780 1173 per

2192 1174 2423 1247 Moyscm
2460 1197 2473 1233 :
2504 1179 2671 1236 Filius
2715 1186 3076 1257 primogenitae
3102 1205 3239 1243 meus
3268 1188 3453 1247 Israel.
3500 1193 3622 1250 Diei
3651 1212 3671 1250 :
3698 1197 3781 1251 di-

2192 1269 2331 1322 mitte
2377 1272 2501 1325 mihi
2548 1276 2793 1344 populum
2834 1294 3001 1332 meum
3040 1279 3237 1353 (Exod.
3268 1283 3445 1338 $.22.
3475 1286 3592 1354 23).
3638 1288 3780 1347 Ecce

2191 1363 2442 1432 populum
2497 1366 2904 1438 primogenitum
2951 1388 2964 1424 :
3017 1373 3140 1443 quia
3188 1374 3281 1431 illo
3331 1387 3574 1448 tempore
3626 1382 3779 1451 prior

2189 1464 2306 1508 erat
2354 1457 2621 1526 populus,
2675 1462 2765 1532 qui
2814 1462 2979 1518 Deum
3021 1477 3266 1521 noverat.
3312 1468 3549 1526 Emersit
3593 1484 3778 1541 postea

2191 1544 2377 1612 David,
2407 1557 2527 1619 post
2552 1549 2741 1621 legem,
2776 1563 2898 1625 post
2929 1555 3126 1611 multas
3156 1568 3359 1626 aetates,
3392 1576 3455 1617 ac
3487 1563 3777 1633 pollicetur

2192 1636 2240 1690 ci
2276 1635 2436 1702 Deus,
2468 1653 2533 1693 ex
2563 1641 2767 1697 semine
2794 1643 2911 1713 ejus
2935 1644 3206 1702 Christum
3253 1650 3514 1707 oriturum
3552 1669 3697 1719 esse,
3724 1667 3781 1713 ut

2187 1729 2266 1783 sic
2307 1731 2381 1785 ait
2424 1748 2438 1784 :
2480 1730 2659 1787 Inveni
2684 1733 2849 1791 David
2868 1753 3072 1793 imum
3098 1757 3284 1806 meum,
3321 1744 3431 1797 oleo
3458 1748 3783 1803 cunctationi

2187 1837 2319 1875 eum.
2343 1820 2465 1891 Ipse
2490 1824 2739 1881 invocabit
2782 1845 2882 1897 me,
2922 1841 3075 1901 pater
3096 1849 3235 1887 meus
3267 1850 3343 1888 es.
3371 1834 3441 1889 Et
3472 1853 3563 1908 ego
3587 1840 3783 1909 primo-

2186 1915 2411 1984 genitum
2435 1933 2621 1988 ponam
2650 1920 2795 1976 illum
2836 1922 3007 1993 (Psal.
3035 1925 3127 1982 88.
3156 1926 3245 1983 2l.
3278 1928 3367 1983 27.
3398 1929 3517 2000 28).
3551 1932 3707 2000 Quod
3730 1934 3777 1990 si

2188 2006 2570 2077 primogenitus
2589 2010 2666 2067 sit
2683 2013 2870 2082 David,
2903 2016 3287 2089 primogenitus
3304 2036 3527 2093 quoque
3546 2027 3779 2095 populus

2186 2105 2289 2151 est.
2344 2098 2511 2154 Adam
2556 2103 2943 2174 primogenitae
2987 2107 3041 2163 in
3083 2111 3433 2180 generatione
3472 2128 3587 2177 sua,
3637 2115 3775 2183 Noe,

2184 2186 2308 2243 Sum
2336 2192 2694 2263 primogeniti,
2724 2196 2992 2255 Abraham
3019 2201 3411 2274 primogenitae
3450 2207 3503 2261 in
3537 2223 3776 2277 genere.

2187 2281 2330 2337 tione
2358 2299 2476 2345 sua.
2506 2285 2737 2357 Moyses,
2768 2289 2951 2357 Isaias,
2997 2293 3121 2364 quia
3160 2296 3275 2351 suis
3304 2301 3633 2369 temporibus
3661 2304 3777 2374 pie-

2188 2377 2280 2433 tati
2304 2392 2366 2433 se
2392 2378 2731 2437 dediderunt.
2778 2383 2854 2438 Ex
2902 2383 2986 2441 his
3031 2388 3213 2443 multis
3246 2390 3611 2462 primast-uitis
3644 2410 3776 2451 con-

2182 2479 2396 2539 gregata
2434 2483 2517 2525 est
2546 2471 2783 2529 Ecclesia
2814 2491 3024 2547 magna,
3052 2494 3174 2549 qua:
3200 2490 3283 2536 est
3312 2482 3365 2537 in
3406 2484 3558 2539 cmlo.
3598 2484 3773 2541 Testi-

2184 2564 2372 2617 ticatur
2400 2562 2594 2618 Paulus
2623 2581 2636 2618 :
2674 2583 2694 2617 ι
2714 2568 3034 2626 Accessistis
3074 2571 3141 2626 ad
3166 2570 3295 2630 Sion
3317 2584 3576 2642 montem,
3620 2588 3677 2634 et
3700 2579 3770 2633 ad

2182 2655 2449 2709 civitatem
2489 2657 2581 2712 Dei
2626 2657 2850 2714 viventis
2893 2660 3221 2732 Jerusalem,
3270 2676 3332 2720 et
3371 2668 3438 2721 ad
3482 2668 3769 2725 multorum

2184 2746 2409 2801 millium
2453 2749 2761 2819 angelorum
2792 2749 3185 2823 frequentiam,
3227 2770 3283 2813 et
3321 2758 3614 2815 Ecclesiam
3662 2764 3771 2833 pri-

2182 2838 2505 2906 mitivorum,
2550 2844 2639 2912 qui
2664 2845 2950 2914 conscripti
2978 2850 3178 2904 suntin
3201 2851 3349 2907 cretis
3372 2870 3397 2904 η»
3449 2851 3634 2921 (Hebr.
3673 2854 3765 2911 12.

2180 2929 2296 2998 22).
2369 2933 2846 3003 Primogenitorum
2892 2938 3101 2995 illorum
3146 2957 3289 2997 unus
3339 2953 3424 3000 est.
3472 2946 3763 3002 secundum

2180 3040 2394 3082 carnem
2438 3026 2700 3096 Christus,
2729 3033 3021 3088 secundum
3061 3034 3391 3091 divinitatem
3416 3036 3758 3108 Uoigcnitus.

2180 3120 2312 3189 Quia
2360 3122 2502 3177 enim
2545 3139 2640 3179 eos
2675 3125 2763 3195 qui
2807 3140 2902 3195 per
2948 3127 3183 3198 singulas
3209 3140 3397 3184 aetates
3422 3131 3763 3199 profecerunt

2178 3217 2419 3280 assumit,
2463 3232 2588 3271 cum
2624 3219 2872 3277 omnibus
2888 3230 2951 3275 et
2984 3220 3098 3291 ipse
3116 3223 3507 3292 primogenita
3540 3223 3760 3279 dicitur.

2179 3308 2305 3363 ldeo
2349 3311 2423 3364 ait
2470 3310 2667 3366 Paulus
2712 3330 2727 3366 :
2785 3311 3164 3386 Primogenﬂus
3204 3316 3260 3369 in
3298 3317 3476 3370 amitis
3516 3318 3762 3387 fratribus

2179 3399 2555 3474 (Rom.8.29).
2586 3402 2780 3460 Verum
2816 3404 2884 3460 de
2902 3405 3127 3461 homine
3151 3407 3318 3463 multa
3336 3407 3452 3463 =dici
3481 3418 3757 3478 poterant:

2178 3501 2423 3547 servatur
2446 3504 2625 3549 autem
2651 3496 2920 3552 enarratio
2949 3498 3002 3553 in
3028 3499 3170 3553 diem
3192 3510 3396 3555 sextam
3422 3511 3756 3570 sequentem,

2178 3585 2234 3641 in
2270 3601 2375 3656 qua
2415 3586 2677 3644 formatus
2712 3598 2823 3656 est,
2862 3599 2943 3655 ut,
2976 3602 3305 3662 cooperante
3336 3593 3519 3649 divina
3548 3597 3717 3666 gratia
3738 3636 3757 3660 ,

2178 3676 2394 3744 clarior,
2425 3693 2522 3749 pro
2548 3680 2688 3735 virili
2714 3691 2922 3749 nostra,
2954 3684 3133 3738 oratio
3160 3684 3382 3749 euadat;
3422 3700 3536 3740 .uon
3584 3701 3647 3741 es
3693 3687 3758 3742 iis

2176 3783 2296 3838 qua:
2320 3770 2567 3840 cogitatio
2597 3782 2777 3829 nostra
2798 3774 3179 3845 suppeditabit.
3215 3776 3312 3831 sed
3340 3791 3405 3832 ex
3443 3777 3509 3832 iis
3531 3794 3652 3848 qua:
3678 3778 3757 3833 di-

2176 3857 2418 3916 dicimus.
2469 3860 2778 3919 Communis
2804 3866 2998 3935 quippe
3021 3864 3145 3921 fons
3162 3877 3286 3933 est;
3312 3869 3617 3923 communia
3642 3884 3755 3925 om-

2176 3950 2263 4005 nia
2298 3954 2569 4022 proposita
2612 3954 2775 4022 dona,
2815 3956 2860 4010 si
2902 3957 3062 4013 modo
3088 3972 3190 4013 nos
3214 3959 3442 4014 velimus
3461 3974 3587 4014 cum
3610 3961 3754 4015 omni

2174 4047 2450 4102 alacritate
2474 4046 2707 4103 studium
2737 4048 3014 4105 adhibere.
3056 4048 3379 4106 Sermonem
3419 4061 3602 4106 autem
3638 4066 3755 4107 ver-

2176 4151 2349 4194 tamus
2372 4139 2440 4195 ad
2466 4155 2673 4196 morum
2705 4142 3108 4199 institutionem.

2246 4232 2299 4288 9.
2340 4232 2467 4288 lleri
2499 4233 2828 4289 ostendimus
2856 4235 3127 4304 quomodo
3161 4246 3286 4291 esse
3311 4234 3505 4291 debeat
3528 4236 3755 4291 elevatio

2174 4342 2427 4381 manuum
2452 4328 2637 4398 pietati
2660 4327 2953 4382 ﬁdentium.
2975 4328 3075 4396 Qui
3101 4328 3190 4384 dat
3211 4328 3552 4398 pauperibus,
3574 4329 3750 4383 dicat:

2174 4419 2402 4475 Elevatio
2427 4437 2667 4474 manuum
2698 4437 2924 4475 mearum
2950 4419 3121 4491 (Paul.
3144 4420 3277 4475 140.
3306 4420 3387 4490 2.).
3416 4421 3519 4487 Qui
3548 4420 3754 4490 lapsum

2175 4514 2348 4583 erigit,
2392 4513 2554 4575 dicat,
2598 4511 2823 4567 Elevatio
2864 4528 3107 4567 mansion
3144 4528 3391 4566 meum.
3434 4511 3753 4579 Quaeramus

2175 4603 2370 4660 Psalmi
2393 4605 2727 4674 premium,
2752 4602 3178 4673 quandoquidem
3200 4615 3296 4672 par
3313 4611 3476 4656 estea
3492 4616 3600 4656 nos
3618 4604 3755 4656 scire

2173 4711 2293 4764 quae
2318 4695 2612 4765 psallimus.
2643 4693 2751 4749 Cur
2774 4694 3021 4759 dicimus,
3038 4691 3307 4763 Dirigatsr
3333 4692 3496 4745 oratio
3524 4708 3635 4746 mea
3658 4692 3753 4746 sio-

2174 4798 2227 4840 ut
2270 4788 2524 4841 iucemum
2560 4786 2613 4840 in
2652 4793 2923 4856 conspectu
2964 4784 3093 4837 tuo!
3133 4782 3249 4839 Non
3277 4782 3430 4839 enim
3477 4782 3751 4837 incensum

2174 4894 2333 4938 omne
2358 4894 2463 4933 non
2486 4877 2767 4947 dirigitur:
2802 4877 2942 4931 Deus
2980 4875 3179 4945 quippe
3202 4883 3600 4944 unguentorum
3641 4871 3752 4928 t‘ra-

2174 4971 2381 5040 grantia
2419 4985 2523 5023 non
2563 4969 2875 5023 delectatur.
2906 4966 3042 5034 Quid
3072 4966 3231 5038 igitur
3252 4975 3342 5023 est
3368 4965 3519 5030 illud,
3547 4963 3754 5036 Dirigu-

2174 5071 2259 5115 tur
2286 5062 2447 5115 oratio
2468 5060 2617 5114 mea?
2643 5058 2912 5114 Articulus
2930 5058 3103 5121 deest,
3128 5058 3206 5112 ita
3230 5066 3294 5111 ut
3318 5070 3509 5112 sensus
3534 5056 3659 5111 dicti
3686 5058 3753 5109 sit

2174 5154 2297 5209 talis
2334 5175 2348 5211 :
2379 5152 2642 5223 Dirigatur
2656 5151 2816 5203 oratio
2834 5166 2946 5203 mea
2975 5149 3104 5203 sicut
3134 5152 3392 5203 incensum
3414 5148 3469 5201 in
3484 5157 3751 5218 conspectu

2175 5256 2283 5301 tuo.
2314 5246 2480 5314 Quale
2506 5244 2817 5300 incensum?
2846 5243 2960 5297 Duo
2986 5242 3172 5298 erant‘
3192 5242 3382 5295 altaria
3410 5240 3462 5295 in
3503 5239 3743 5295 taberna-

2240 5362 2257 5391 ¹
2294 5358 2417 5409 Illud
2441 5358 2712 5419 membrum
2746 5355 2968 5419 pineis,
2992 5350 3236 5419 Articng
3512 5348 3577 5399 ait
3611 5347 3747 5419 “iis,

2175 5434 2272 5470 non
2294 5420 2473 5487 legitur
2498 5422 2548 5468 in
2571 5418 2706 5487 savii.
2734 5413 2832 5487 aeq
2859 5418 2909 5464 in
2930 5415 3216 5485 ComeﬁSiO
3235 5453 3248 5472 ν
3273 5415 3355 5476 qui
3580 5426 3597 5487 ἕ

2175 5491 2317 5555 gatur
2345 5474 2500 5555 oratio
2521 5495 2628 5531 mea
2659 5480 2780 5555 sicut
2814 5477 3060 5555 incensum
3089 5476 3141 5525 in
3170 5474 3422 5555 conspectu
3455 5480 3590 5555 tuo:
3614 5474 3749 5555 quate

2175 5534 2422 5595 incensum
2444 5543 2468 5594 ?
2495 5552 2598 5593 Duo
2619 5548 2752 5592 erant
2771 5579 2784 5600 ,
2813 5548 2911 5589 etc.
2937 5549 3113 5589 sensus
3136 5548 3229 5595 est,
3248 5534 3304 5585 .ni
3324 5534 3749 5600 fallogqarticuluui

2176 5616 2292 5670 aute
2317 5619 2474 5670 θυμειμ
2492 5607 2673 5670 deesse
2692 5639 2705 5663 ,
2729 5598 2783 5652 ut
2806 5603 3041 5670 iudicetur
3066 5602 3316 5670 incensum
3336 5598 3581 5670 quoddam
3604 5609 3750 5659 pecu-

2177 5668 2324 5726 liare,
2350 5659 2477 5731 quod
2519 5669 2634 5731 ipse
2656 5659 2827 5731 pbstea
2867 5665 3056 5731 indicat.
3090 5661 3271 5731 Verum
3302 5659 3453 5731 etiam
3478 5659 3550 5729 sic
3579 5668 3751 5731 sensus

2178 5719 2443 5787 claudicat,
2469 5719 2698 5777 articulus
2722 5729 2852 5774 enim
2876 5721 3307 5787 potiuspeculiare
3339 5721 3586 5787 quidpiam
3626 5719 3747 5769 iudi-

2175 5800 2328 5844 earet.
2356 5783 2471 5843 Rem
2492 5804 2590 5839 nou
2613 5789 2779 5851 majori
2803 5783 3154 5851 perquisitione
3175 5784 3371 5847 dignam
3394 5783 3644 5833 nouimus.
