4044 6306
303 312 405 380 467

307 441 604 514 μελλόντων
643 443 934 496 πιστεύειν.
965 445 1040 497 Οὐ
1076 444 1182 516 γὰρ
1215 445 1444 516 ἀνῆλθεν
1482 449 1510 499 6
1537 446 1742 509 Παῦλος
1787 447 1866 509 εἰς

313 527 698 597 Ἰερουσαλὴμ,
751 529 999 596 λέγουσιν
1049 531 1098 582 οἱ
1147 531 1564 584 συναπόστυλοι⁶
1605 530 1866 597 Θεωρεῖς,

303 609 526 676 ἀδελφέ’
560 610 777 673 Παῦλε,
808 612 990 663 πόσαι
1019 613 1301 679 μυριάδες
1329 614 1444 666 εὶσὶ
1474 612 1590 667 τῶν
1628 628 1871 667 πιστευ-

303 691 541 744 σάντων
579 691 900 747 Ἰουδαίων.
931 694 1169 763 Προϊδὼν
1207 691 1298 749 οὖν
1336 697 1461 758 τοὺς
1498 697 1867 758 πιστεύοντας,

301 776 554 843 ἐφείσατο
585 774 692 825 τῶν
727 775 1166 846 ἀπιστησάντωνο
1213 779 1274 830 οὐ
1308 778 1374 830 δι’
1419 779 1692 844 ἐκείνους,
1735 778 1871 832 ἀλλὰ

300 859 383 910 διὰ
420 857 572 928 [4ης]
599 858 688 909 τὸν
715 856 773 922 ἐξ
814 859 992 910 αὐτῶν
1024 860 1281 928 μέλλοντα
1313 862 1590 916 τίκτεσθαι
1638 864 1866 935 καρπόν.

302 942 404 994 Καὶ
442 942 708 1010 μαρτυρεῖ
742 941 963 1003 Ἡσαΐας
984 957 998 972 °
1032 943 1139 995 Καὶ
1172 947 1223 996 εὶ
1261 944 1348 1013 μὴ
1392 947 1604 1012 Κύριος
1631 943 1872 1000 Σαϐαὼθ

298 1024 684 1094 ἐγκατέλιπεν
717 1024 862 1092 ἡμῖν
889 1025 1143 1093 σπέρμα,
1171 1029 1252 1092 ὡς
1288 1029 1520 1097 Σόδομα
1553 1029 1630 1082 ἂν
1663 1031 1870 1098 ἐγενή-

299 1113 506 1177 θημεν,
558 1107 654 1159 καὶ
703 1108 782 1172 ὡς
834 1108 1107 1176 Γόμορρα
1153 1109 1230 1162 ἂν
1280 1111 1676 1180 ὡμοιώθημεν.
1729 1111 1869 1165 Ἀλλ’

300 1188 408 1262 ἆρα
445 1191 520 1261 μὴ
550 1193 709 1260 ἡμεῖς
750 1189 1086 1259 ἐϐιασάμεθα
1115 1189 1177 1244 τὸ
1213 1193 1383 1262 ῥῆμα,
1422 1194 1514 1246 καὶ
1544 1190 1672 1264 περὶ
1711 1194 1868 1247 ἄλλου

300 1271 452 1327 εἶπεν
491 1275 743 1336 Ἠσαῒας;
792 1273 928 1325 Ἀλλ’
969 1273 1132 1328 ἄκουε
1179 1276 1348 1328 ταῦτα
1400 1276 1607 1329 Παύλου
1635 1277 1730 1329 τοῦ
1763 1275 1870 1332 τῶν

301 1357 591 1428 προφητῶν
629 1355 855 1423 ἀδελφοῦ
899 1358 991 1409 καὶ
1029 1358 1311 1428 ἑρμηνέως
1367 1358 1641 1426 λέγοντος·
1683 1359 1872 1413 Ἀδελ-

297 1443 418 1510 φοί,
455 1441 572 1494 νῦν
613 1439 829 1508 λεῖμμα
856 1441 982 1492 κατ’
1011 1439 1274 1508 ἐκλογὴν
1307 1441 1548 1510 χάριτος
1600 1441 1866 1512 γέγονεν,

299 1519 401 1576 ἵνα
457 1520 624 1590 σωθῇ
691 1520 756 1573 τὸ
823 1520 1208 1592 κατάλειμμα.
1273 1524 1380 1577 Καὶ
1453 1524 1647 1589 καθὼς
1703 1521 1871 1578 εἶπεν

308 1608 571 1672 Ἡσαΐαςο
604 1609 670 1659 Εἰ
695 1604 783 1674 μὴ
811 1607 1023 1674 Κύριος
1049 1607 1288 1660 Σαϐαὼθ
1314 1607 1702 1675 ἐγκατέλιπεν
1727 1607 1871 1677 ήμῖν

294 1689 550 1756 σπέρμα,
585 1689 661 1755 ὡς
692 1688 924 1758 Σόδομα
963 1687 1040 1741 ἂν
1075 1689 1457 1759 ἐγενήθημεν.
1488 1691 1734 1744 ’Ἀπαντα
1762 1691 1870 1762 γὰρ

296 1773 539 1844 προεῖδεν
575 1773 602 1823 6
646 1769 797 1833 Θεὸς,
832 1772 924 1823 καὶ
958 1771 1056 1840 οὐχ
1100 1772 1176 1836 ὡς
1215 1773 1373 1843 ἡμεῖς
1405 1773 1580 1844 χρόνῳ
1625 1773 1871 1826 διδασκό-

299 1857 439 1926 μεθα
465 1855 534 1908 τὰ
563 1855 883 1926 πράγματα,
907 1853 1050 1906 οῦτω
1088 1857 1182 1908 καὶ
1213 1858 1240 1908 ό
1271 1857 1403 1920 Θεὸς
1431 1857 1518 1909 διὰ
1545 1858 1643 1928 τῆς
1676 1858 1870 1929 πείρας

299 1940 580 2009 μανθάνει.
625 1937 812 2000 Πάλιν,
857 1937 932 1999 ὼς
965 1937 1222 2002 πολλάκις
1259 1935 1430 2003 εἷπον,
1475 1940 1544 1992 τὰ
1589 1940 1716 2010 τέλη
1762 1941 1870 1993 τῶν

293 2022 506 2076 αἰώνων
533 2021 784 2073 ἐϐλεπεν“
816 2021 906 2073 τὸν
943 2022 1114 2091 Ἀδὰμ
1144 2017 1283 2074 εἶδεν
1315 2023 1712 2093 ἁμαρτάνοντα,
1743 2039 1873 2091 προ-

295 2105 442 2176 εώρα
489 2106 584 2158 καὶ
629 2106 756 2167 τοὺς
787 2104 844 2170 ἐξ
883 2105 1048 2158 αὐτοῦ
1087 2104 1375 2175 μέλλοντας
1419 2105 1682 2173 δικαίους,
1716 2107 1869 2159 ἔϐλε-

295 2206 394 2242 πεν
428 2204 450 2226 ο
501 2188 663 2241 αὐτὸν
725 2187 1114 2259 ἐκϐαλλόμενον
1173 2188 1267 2241 τοῦ
1325 2189 1688 2262 παραδείσου’
1733 2191 1867 2244 ἀλλὰ

296 2271 578 2342 προεώρα,
606 2271 684 2325 ὅτι
711 2270 1032 2341 ἡτοίμασται
1063 2271 1211 2342 αὐτῴ
1245 2271 1532 2342 βασίλειον.
1561 2273 1633 2326 Τὸ
1659 2273 1715 2326 δὲ
1749 2273 1871 2329 θαυ-

298 2356 524 2422 μαστὸν,
557 2353 663 2422 πρὸ
709 2352 803 2405 τοῦ
854 2355 1180 2424 παραδείσου
1233 2356 1265 2424 ἡ
1320 2354 1563 2424 βασιλεία
1629 2356 1864 2422 ἐγένετο·

293 2436 609 2504 Θαυμάζεις
634 2435 717 2487 ὅτι
745 2436 915 2506 Ἀδὰμ
941 2436 1200 2506 ἐξεϐλήθη
1229 2436 1324 2490 τοῦ
1352 2437 1706 2508 παραδείσου;
1737 2439 1870 2492 Θαύ-

296 2538 467 2590 μασον
495 2521 575 2572 ὅτι
610 2521 715 2590 πρὸ
743 2519 836 2573 τοῦ
871 2515 1200 2591 παραδείσου
1235 2523 1267 2592 ἡ
1303 2519 1548 2592 βασιλεία
1577 2522 1683 2574 τῶν
1707 2523 1870 2593 οὐρα-

294 2604 402 2656 νῶν
438 2603 586 2672 αὐτῷ
621 2602 931 2673 ἡτοίμαστο.
963 2603 1123 2670 Λέγει
1151 2605 1179 2655 6
1213 2605 1421 2675 Σωτήρ·
1458 2603 1653 2668 Δεῦτε,
1684 2609 1738 2659 οἱ
1773 2608 1870 2658 εὐ·-

291 2686 613 2756 λοτημένοι
656 2686 763 2739 τοῦ
796 2690 1026 2754 Πατρός
1051 2705 1188 2754 μου,
1230 2688 1722 2758 κληρονομήσατε
1756 2690 1870 2757 τὴν

292 2771 742 2841 ἡτοιμασμένην
794 2771 936 2840 ὑμῖν
982 2772 1308 2836 βασιλείαν
1363 2773 1483 2826 ἀπὸ
1533 2774 1869 2844 καταϐολῆς

292 2858 554 2923 κόσμου.
603 2883 607 2887 -

302 3063 306 3070 1
369 2995 822 3067 Αἱσχυνθήτωσαν
861 2997 1145 3066 αἱρετικο),
1181 2997 1247 3050 τὰ
1295 2997 1669 3068 ἡτοιμασμένα
1693 2999 1720 3035 ι’
1758 3001 1868 3060 τοῖς

292 3082 476 3150 ἁγίοις
516 3081 618 3151 πρὸ
660 3081 959 3152 καταϐολῆς
992 3083 1217 3152 κόσμου,
1261 3084 1353 3135 καὶ
1393 3085 1419 3134 6
1456 3083 1580 3146 Υἱὸς
1624 3077 1690 3152 ῆν
1739 3101 1867 3134 ποτε

289 3167 384 3218 ὅτε
416 3165 515 3216 οὐκ
544 3159 627 3234 ἡν.
673 3165 919 3234 Σχήματι
967 3164 1284 3233 ὁμολογοῦσι
1339 3167 1634 3236 Μονογενῆ,
1683 3165 1867 3236 ἐπειδὴ

291 3246 589 3315 ἀπαλεῖψαι
623 3248 682 3299 τὸ
731 3249 964 3318 γράμμα
1007 3248 1067 3300 οὐ
1104 3247 1393 3300 δύνανται·
1438 3249 1500 3301 τὸ
1532 3249 1680 3319 ῥῆμα
1709 3249 1865 3319 χαρί-

290 3331 510 3396 ζονται,
556 3330 650 3383 καὶ
681 3331 740 3382 τὸ
784 3331 1014 3400 πρᾶγμα
1061 3330 1403 3384 κλέπτουσιν.
1457 3332 1580 3384 Ἐὰν
1629 3331 1866 3400 εἴπωμεν

294 3413 562 3483 μονογενῆ
616 3413 770 3472 Υἱὸν,
817 3413 1020 3474 εὐθέως
1069 3413 1320 3480 λέγουσι’
1373 3415 1684 3484 Γέγραπται
1736 3415 1863 3476 καὶ,

289 3497 674 3564 Πρωτότοκος
701 3495 904 3563 πάσης
941 3496 1050 3563 τῆς
1087 3495 1457 3565 οἰκουμένης.
1489 3495 1694 3550 Οὐκοῦν
1728 3497 1867 3549 κατὰ

290 3580 420 3642 τοὺς
466 3580 775 3650 αἱρετικοὺς
809 3581 876 3632 τὰ
907 3579 1000 3632 δύο
1036 3579 1285 3649 μάχεται.
1337 3581 1397 3631 Εἰ
1449 3579 1558 3650 γὰρ
1591 3579 1864 3650 πρωτότο-

291 3679 422 3726 κος,
455 3662 514 3713 οὐ
555 3663 874 3732 μονογενής·
910 3665 938 3715 6
976 3661 1082 3734 γὰρ
1133 3663 1505 3732 πρωτότοκος,
1547 3663 1674 3714 ὅταν
1715 3662 1866 3714 ἀδελ-

289 3746 430 3814 φοὺς
481 3744 616 3814 ἔχῃ,
670 3743 1011 3814 πρωτότοκος
1054 3745 1306 3812 λέγεταιο
1351 3747 1379 3798 6
1419 3745 1475 3797 δὲ
1537 3743 1861 3814 μονογενὴς,

289 3829 392 3881 ἐὰν
437 3827 695 3895 ἀδελφοὺς
740 3825 872 3898 ἔχῃ,
923 3827 1212 3898 μονογενὴς
1257 3828 1316 3879 οὐ
1348 3828 1596 3895 λέγεται·
1644 3845 1864 3898 μονογε-

291 3910 392 3981 νὴς
424 3911 530 3981 γάρ
578 3912 723 3962 ἐστιν
754 3913 782 3963 6
822 3911 980 3979 μόνος
1029 3910 1090 3962 ἐκ
1137 3928 1280 3974 τινος
1330 3911 1605 3980 γεννηθείς
1629 3929 1641 3941 ο
1682 3911 1863 3973 καθὼς

292 3994 393 4046 καὶ
453 3994 485 4063 ἡ
540 3991 730 4064 Γραφὴ
797 3996 1063 4064 μαρτυρεί
1117 3994 1252 4065 πρὸς
1308 3997 1399 4046 τὸν
1471 3994 1719 4065 Ἀϐραὰμ
1774 3993 1864 4046 λέ-

289 4091 504 4144 γουσα’
538 4075 692 4129 Λάϐε
730 4075 839 4128 τὸν
876 4079 1009 4130 υἱόν
1040 4093 1156 4130 σου
1206 4079 1311 4129 τὸν
1351 4076 1667 4146 μονογενῆ.
1710 4079 1866 4148 Πρω-

288 4160 515 4222 τὸτοκος
541 4149 754 4226 λέγεται
781 4161 810 4212 6
840 4159 1101 4228 ἀδελφοὺς
1135 4159 1302 4229 έχωνο
1349 4159 1616 4231 πρωτεύει
1647 4159 1754 4230 γὰρ
1785 4158 1865 4228 τῷ

289 4243 548 4310 γενέσθαι
605 4242 842 4312 πρῶτος.
894 4243 953 4295 '0
1001 4243 1058 4294 δὲ
1113 4243 1401 4314 μονογενὴς
1455 4244 1534 4313 τῷ
1588 4243 1663 4314 μὴ
1721 4245 1864 4314 ἔχειν

289 4325 559 4394 ἀδελφοὺς
615 4324 830 4392 λέγεται
879 4327 1191 4396 μονογενής.
1247 4327 1356 4379 Καὶ
1409 4326 1611 4398 ἑτέρως
1656 4327 1712 4379 δὲ
1765 4345 1864 4396 μο-

288 4411 521 4478 νογενής
565 4411 730 4473 ἐστιν,
765 4408 795 4460 6
827 4409 1118 4479 μονογενὴς
1155 4408 1217 4461 ἐκ
1244 4425 1387 4472 τινος
1429 4410 1726 4481 γεννηθεὶς,
1768 4411 1865 4479 οὐχ

289 4494 320 4543 ὀ
351 4491 511 4562 μόνος
548 4491 835 4560 γενόμενος
855 4531 870 4556 ,
904 4492 977 4553 ὡς
1009 4491 1418 4562 ῥᾳδιουργοῦσιν
1446 4492 1728 4564 αἱρετικοί.
1753 4493 1864 4544 Μο-

291 4578 542 4649 νογενὴς,
585 4577 666 4630 ὅτι
713 4578 871 4648 μόνος
913 4579 1125 4646 ἐγένετο
1162 4578 1419 4642 τοιοῦτος.
1467 4578 1673 4632 Οὐκοῦν
1713 4580 1807 4631 καὶ
1835 4579 1864 4630 6

301 4667 494 4730 ’Πλίας
525 4667 837 4737 μονογενὴς,
867 4668 946 4719 ὅτι
981 4667 1141 4736 μόνος
1171 4667 1406 4730 τοιοῦτος
1429 4683 1442 4696 ο
1468 4669 1604 4736 ὅπερ
1628 4666 1726 4720 οὐκ
1752 4666 1864 4737 ἔχει

288 4750 479 4822 λόγον.
517 4753 677 4806 Ἀλλὰ
727 4754 987 4823 μονογενῆ
1038 4755 1157 4818 ἔθος
1209 4755 1390 4823 λέγειν
1437 4757 1502 4824 τῇ
1537 4754 1575 4806 Γ
1581 4757 1726 4828 ραφῇ
1772 4754 1863 4807 τὸν

292 4844 460 4915 μόνον
484 4841 547 4893 ἐκ
584 4858 726 4903 τινος
760 4842 1102 4912 γεννηθέντα,
1133 4843 1272 4895 κατὰ
1298 4841 1395 4914 τὴν
1433 4841 1860 4912 προπαρατεθεί-

291 4948 396 4983 σαν
437 4930 708 4993 ἀπόδειξιν
733 4929 808 5000 τῷ
839 4932 1060 5000 ῥήματι.
1095 4931 1355 5001 Πρόσεχε.
1393 4930 1453 4986 Ὁ
1498 4932 1858 5002 πρωτότοκος,

290 5021 392 5071 ἐὰν
432 5016 694 5084 ἀδελφοὺς
731 5019 804 5087 μὴ
837 5017 963 5088 ἔχῃ,
1017 5017 1305 5088 μονογενής
1353 5019 1518 5070 ἐστιν.
1580 5017 1721 5085 Ἐγὼ
1765 5019 1862 5087 οὐχ

290 5105 416 5172 ἕνα,
445 5106 504 5158 οὐ
534 5105 645 5167 δύο,
676 5106 733 5157 οὐ
762 5111 928 5176 τρεῖς,
955 5105 1086 5158 ἀλλὰ
1116 5105 1340 5166 πολλοὺς
1367 5105 1747 5177 πρωτοτόκους
1768 5107 1863 5158 εὐ-

291 5195 493 5268 ρίσκω.
534 5190 692 5245 Ξένον
733 5194 980 5265 πρᾶγμα.
1013 5195 1348 5265 Πρωτότοκοι
1376 5193 1491 5258 πῶς
1526 5194 1708 5246 πολλοί
1727 5210 1740 5257 ;
1769 5189 1865 5256 Εἷς

287 5281 405 5352 γὰρ
437 5279 639 5350 ὀφείλει
680 5274 837 5333 εἶναι.
884 5280 1150 5346 Ἐξέτεινα
1175 5279 1266 5332 τὸν
1298 5279 1451 5348 λόγον
1489 5279 1575 5332 διὰ
1603 5279 1692 5332 τὸν
1718 5295 1865 5349 πρω-

286 5371 517 5422 τότοκον
545 5369 640 5422 καὶ
666 5369 758 5422 τὸν
791 5370 1049 5440 μονογενῆ
1067 5385 1080 5398 ·
1103 5368 1320 5438 λύωμεν
1346 5369 1406 5421 δὲ
1433 5367 1493 5420 τὸ
1512 5367 1736 5438 ἄπορον.
1760 5366 1862 5420 Τὸν

359 5581 387 5609 ⁸
420 5577 542 5640 Τοὺς
560 5578 607 5633 ἐξ
629 5576 774 5626 αὐτοῦ
799 5577 1258 5640 δικαιοπραγοῦντας,
1295 5579 1498 5627 ἔϐλεπεν.

365 5643 392 5682 b
414 5639 506 5689 Hic
529 5644 666 5687 locus
689 5648 940 5701 nonivacal
968 5639 1242 5700 suspicione
1265 5642 1446 5689 mendi.
1469 5642 1581 5689 Sav.
1599 5645 1709 5701 post
1731 5641 1863 5701 ἡτοι-

401 5702 533 5764 μένα,
556 5701 755 5762 supplet
780 5700 1027 5755 ἀκούοντες
1069 5702 1234 5762 ἀγαθά,
1259 5716 1300 5750 s.
1354 5703 1586 5763 Βασίλεια,
1605 5700 1738 5764 ipost
1760 5700 1861 5761 καί,

443 5763 671 5826 λέγοντες.

524 5849 530 5854 ’
593 5861 865 5920 ΡΑτιιοι..
914 5857 1031 5915 Gn.
1082 5854 1232 5916 LVI.

1357 327 1444 382 DE
1471 320 1686 383 MUNDI
1717 325 2112 382 CREATIONE
2158 328 2415 384 ORATIO
2455 333 2541 389 IV.

1971 447 2186 516 πρῶτον
2223 448 2548 503 πιστεύοντα
2577 451 2708 514 Θεὸς
2747 453 2806 506 ἐν
2840 456 2904 524 τῇ
2943 454 3048 526 ἰδίᾳ
3079 458 3238 528 γενεᾷ
3267 459 3540 527 πρωτότο-

1971 551 2065 586 κον
2102 535 2286 599 καλεῖ,
2319 536 2418 606 οὐχ
2458 537 2533 599 ὡς
2565 537 2780 610 πρῶτον
2821 540 2998 594 ἄλλων
3036 544 3264 606 πιστῶν,
3299 544 3434 597 ἀλλὰ
3480 548 3539 597 ἐν

1970 623 2082 684 τοῖς
2127 622 2276 686 ἰδίοις
2321 624 2534 693 χρόνοις
2573 624 2786 695 πρῶτον
2833 627 3100 696 φανέντων
3139 624 3270 693 οἷον,
3305 633 3361 682 ἐν
3385 629 3538 704 [4⁸77]

1969 709 2232 782 Αἰγύπτῳ
2273 707 2346 783 ῆν
2387 715 2415 765 6
2451 712 2607 778 λαὸς,
2657 714 2802 782 λέγει
2841 718 2868 769 6
2924 715 3056 781 Θεὸς
3103 718 3189 771 διὰ
3233 718 3538 782 Μωῦσέως·

1981 799 2115 863 Υἱὸς
2162 801 2535 868 πρωτότοκός
2582 819 2699 870 μου
2753 801 3008 871 Ἰσραήλ.
3053 801 3239 858 Εἷπα·
3293 806 3541 869 Ἑξαπύ-

1971 890 2216 942 στειλόν
2237 907 2338 959 μοι
2366 888 2472 943 τὸν
2497 892 2651 943 λαόν
2670 909 2808 959 μου.
2853 891 2979 945 Ἰδοὺ
3009 892 3132 956 λαὸς
3163 877 3537 964 πρωτότοκοςέ

1972 977 2156 1046 ἐπειδὴ
2187 980 2244 1030 ἐν
2273 977 2348 1048 τῷ
2375 978 2552 1049 καιρῴ
2575 979 2769 1051 ἐκείνῳ
2802 981 3013 1049 πρῶτος
3037 976 3103 1051 ἦν
3133 982 3258 1045 λαὸς
3296 985 3538 1051 ἐπεγνω-

1971 1065 2081 1127 κὼς
2112 1063 2202 1116 τὸν
2240 1064 2392 1117 Θεόν.
2439 1064 2698 1133 Ἀνέκυψε
2747 1067 2884 1135 μετὰ
2935 1066 3108 1120 ταῦτα
3161 1067 3348 1132 Δαυῒδ,
3402 1066 3540 1140 μετὰ

1970 1151 2061 1202 τὸν
2093 1151 2276 1221 νόμον,
2324 1152 2461 1222 μετὰ
2512 1151 2711 1214 πολλὰς
2742 1153 2933 1220 γενεὰς
2959 1195 2972 1217 ,
3017 1156 3109 1206 καὶ
3144 1155 3534 1224 ἐπαγγέλλεται

1970 1237 2143 1305 λέγων
2170 1240 2198 1290 6
2231 1237 2363 1300 Θεὸς
2386 1279 2400 1302 ,
2435 1239 2499 1290 ἐκ
2524 1237 2615 1290 τοῦ
2651 1239 2961 1310 σπέρματος
2990 1241 3151 1294 αὐτοῦ
3182 1240 3271 1295 τὸν
3300 1243 3535 1312 Χριστὸν

1971 1327 2328 1395 ἀναστήσειν,
2390 1327 2482 1379 καὶ
2527 1327 2676 1395 λέγει
2725 1328 2929 1392 οὕτως·
2969 1325 3166 1396 Εὗρον
3210 1331 3389 1385 Δαυῒδ
3430 1334 3539 1386 τὸν

1969 1412 2194 1466 δοῦλόν
2218 1431 2356 1482 μου,
2387 1414 2456 1466 ἐν
2483 1414 2662 1481 ἐλαίῳ
2688 1415 2832 1484 ἁγίῳ
2863 1415 3077 1484 ἐχρισα
3107 1419 3311 1470 αὐτόν.
3346 1419 3538 1482 Αὐτὸς

1968 1500 2387 1554 ἐπικαλέσεται
2413 1517 2491 1569 με
2513 1543 2526 1565 ,
2573 1501 2772 1569 Πατήρ
2800 1520 2918 1570 μου
2944 1499 3003 1556 ετ
3037 1504 3138 1557 σύ.
3177 1504 3348 1574 Κάγὼ
3379 1521 3536 1573 πρω-
3637 1573 3643 1581 .

1971 1590 2218 1641 τότοκον
2241 1588 2496 1656 θήσομαι
2517 1591 2721 1642 αὐτόν.
2752 1589 2814 1641 El
2843 1590 2900 1642 δὲ
2931 1591 3276 1660 πρωτότοκος
3299 1593 3328 1644 6
3351 1591 3532 1652 Δαυῒδ,

1971 1676 2310 1746 πρωτότοκος
2336 1678 2430 1729 καὶ
2454 1679 2483 1728 6
2513 1676 2660 1739 λαός.
2710 1677 2769 1728 '0
2811 1677 2981 1746 Ἀδὰμ
3013 1680 3354 1746 πρωτότοκος
3381 1680 3440 1730 ἐν
3466 1681 3540 1748 τῇ

1974 1763 2078 1835 ῑδίᾳ
2103 1765 2283 1836 γενεᾷ,
2307 1765 2452 1828 Νῶε,
2486 1763 2607 1834 Σὴμ
2642 1765 2994 1836 πρωτότοκοι,
3041 1765 3290 1838 Ἀϐραὰμ
3323 1768 3538 1837 πρωτό-

1967 1868 2125 1915 τοκος
2153 1854 2212 1906 ἐν
2252 1856 2319 1922 τῇ
2367 1853 2474 1923 ίδίᾳ
2514 1855 2706 1924 γενεᾷ,
2737 1854 3010 1924 Μωῦσῆς,
3052 1853 3310 1918 Ἡσαΐας,
3350 1855 3536 1926 ἐπειδὴ

1969 1940 2111 1993 κατὰ
2135 1941 2260 2003 τοὺς
2291 1941 2500 1994 ἑαυτῶν
2527 1941 2751 2010 χρόνους
2788 1942 3099 2012 προέκυψαν
3123 1945 3202 2005 εἰς
3231 1941 3530 1997 εὐσέϐειαν.

1983 2029 2078 2080 Ἐκ
2115 2028 2320 2084 τούτων
2373 2029 2582 2083 πολλῶν
2628 2030 2988 2101 πρωτοτόκων
3037 2031 3273 2102 συνήχθη
3325 2032 3532 2104 μεγάλη

1981 2115 2295 2188 Ἐκκλησία,
2321 2119 2418 2172 καὶ
2452 2117 2599 2171 ἐστιν
2632 2121 2690 2171 ἐν
2719 2117 2952 2189 οὐρανῷ.
2980 2120 3266 2191 Μαρτυρεῖ
3290 2120 3530 2184 Παῦλος·

1967 2206 2469 2272 Προσεληλύθατε
2492 2206 2646 2260 Σιὼν
2673 2206 2794 2274 ὄρει
2824 2206 2921 2259 καὶ
2945 2208 3118 2260 πόλει
3143 2208 3290 2262 Θεοῦ
3320 2206 3534 2275 ζῶντος

1981 2287 2394 2361 Ἰερουσαλὴμ,
2427 2292 2525 2346 καί
2552 2292 2840 2364 μυριάσιν
2881 2295 3148 2364 ἀγγέλων
3187 2297 3532 2366 πανηγύρει,

1968 2379 2066 2432 καὶ
2101 2379 2425 2447 Ἐκκλησία
2466 2381 2850 2448 πρωτοτόκων
2888 2381 3424 2450 ἀπογεγραμμένων
3463 2383 3534 2436 ἐν

1971 2465 2264 2534 οὐρανοῖς.
2307 2467 2558 2518 Ἐκείνων
2593 2467 2699 2519 τῶν
2736 2466 3092 2538 πρωτοτόκων
3123 2455 3350 2530 εἴς’ὲστι
3393 2470 3532 2523 κατὰ

1971 2556 2147 2622 σάρκα
2174 2553 2427 2623 Χριστὸς,
2453 2553 2591 2606 κατὰ
2623 2554 2723 2624 τὴν
2747 2551 2974 2624 θεότητα
3001 2555 3330 2625 Μονογενής.
3363 2556 3535 2609 Ἐπει-

1967 2640 2030 2707 δὴ
2071 2640 2178 2708 γὰρ
2207 2641 2333 2704 τοὺς
2377 2643 2437 2694 ἐν
2483 2643 2686 2718 ἑκάστῃ
2715 2643 2879 2711 γενεᾷ
2919 2643 3326 2718 προκόπτοντας
3366 2648 3534 2715 προσ-

1968 2726 2324 2798 λαμϐάνεται,
2364 2728 2502 2798 μετὰ
2533 2731 2752 2782 πάντων
2779 2730 2872 2782 καὶ
2901 2729 3062 2792 αὐτὸς
3085 2731 3425 2801 πρωτότοκος
3445 2732 3532 2784 λέ-

1966 2833 2139 2884 γεται.
2189 2819 2286 2872 Διὰ
2331 2817 2489 2872 τοῦτο
2535 2819 2681 2887 λέγει
2738 2818 2982 2883 Παῦλοςο
3035 2820 3409 2888 Πρωτότοκος
3463 2821 3534 2874 ἐν

1967 2905 2217 2971 πολλοῖς
2262 2905 2564 2975 ἀδελφοῖς.
2621 2905 2762 2959 Ἀλλ’
2808 2905 2887 2958 ἔνι
2931 2905 3060 2976 περὶ
3102 2905 3196 2958 τοῦ
3243 2905 3529 2978 ἀνθρώπου

1967 2996 2136 3049 πολλὰ
2163 3000 2334 3051 εἰπεῖν
2353 3014 2364 3026 ·
2399 3001 2647 3069 τηρεῖται
2675 2998 2731 3050 δὲ
2758 2997 2818 3051 τὸ
2853 2998 3094 3069 διήγημα
3121 3001 3185 3068 τῇ
3221 2999 3351 3068 ἑξῆς
3376 3000 3434 3051 ἐν
3459 3001 3528 3069 τῇ

1967 3086 2098 3156 ἕκτῃ
2130 3085 2332 3157 ἡμέρᾳ,
2381 3089 2440 3139 ἐν
2556 3087 2648 3138 καὶ
2693 3085 2958 3157 ἐπλάσθη,
2995 3089 3099 3152 ἵνα,
3145 3087 3243 3156 τῆς
3271 3087 3365 3140 τοῦ
3392 3086 3530 3140 Θεοῦ

1967 3177 2184 3245 χάριτος
2233 3175 2626 3245 συνεργούσης,
2658 3175 3027 3247 ὲντελέστερον
3051 3175 3352 3246 σαφηνισθῇ
3391 3176 3529 3229 κατὰ

1966 3262 2194 3331 δύναμιν
2213 3261 2309 3334 τὴν
2329 3261 2602 3331 ἡμετέραν
2623 3265 2650 3313 6
2668 3262 2821 3330 λόγος
2841 3280 2853 3293 ·
2876 3264 2976 3316 οὐκ
3002 3264 3059 3329 ἐξ
3082 3258 3156 3316 ὧν
3182 3263 3526 3334 λογιζόμεθα,

1965 3351 2079 3404 ἀλλ’
2111 3351 2169 3417 ἐξ
2201 3345 2274 3405 ὧν
2311 3351 2697 3420 παιδευόμεθα.
2747 3351 2914 3420 Κοινὴ
2961 3351 3070 3422 γὰρ
3099 3354 3130 3420 ή
3162 3353 3337 3421 πηγή,
3373 3354 3529 3405 κοινὰ

1966 3439 2141 3492 πάντα
2163 3440 2229 3492 τὰ
2249 3438 2585 3510 προκείμενα
2603 3437 2768 3507 δῶρα,
2787 3439 2882 3492 ἐὰν
2915 3439 3074 3508 μόνον
3099 3439 3338 3508 θέλωμεν
3365 3441 3528 3510 ἡμεῖς

1969 3526 2107 3595 μετὰ
2135 3527 2314 3595 πάσης
2333 3525 2641 3596 προθυμίας
2673 3525 3008 3589 σπουδάζειν.
3031 3526 3330 3598 Τρέψωμεν
3351 3526 3408 3579 δὲ
3433 3526 3526 3581 τὸν

1965 3611 2120 3680 λόγον
2148 3614 2239 3666 ἐπὶ
2259 3613 2358 3684 τὴν
2388 3611 2496 3666 τῶν
2523 3612 2666 3680 ἠθῶν
2693 3613 3030 3682 ἐπιμέλειαν.

2035 3738 2098 3796 θ’.
2136 3737 2276 3802 Χθὲς
2304 3738 2515 3808 ἐδείχθη
2539 3737 2654 3800 πῶς
2669 3737 2749 3789 δεῖ
2787 3733 2923 3790 εἶναι
2940 3737 3169 3806 ἔπαρσιν
3211 3736 3406 3806 χειρῶν
3438 3752 3525 3788 πε-

1966 3825 2462 3896 παρῤησιασμένων
2489 3825 2548 3876 ἐν
2579 3823 2849 3894 εὐσεϐείᾳ.
2888 3825 2947 3877 Ὀ
2993 3823 3165 3885 διδοὺς
3211 3823 3402 3892 πένησι
3439 3822 3528 3875 λε-

1965 3914 2128 3982 γέτω,
2165 3915 2458 3980 Ἔπαρσις
2492 3911 2610 3966 τῶν
2647 3910 2862 3982 χειρῶν
2895 3931 3035 3981 μου.
3069 3913 3128 3965 '0
3162 3913 3390 3982 ἐγείρων
3434 3911 3530 3964 τὸν

1967 4002 2199 4054 πεσόντα
2225 4000 2460 4068 λεγέτω,
2492 4001 2788 4067 Ἔπαρσις
2811 3998 2929 4052 τῶν
2952 3999 3168 4069 χειρῶν
3186 4016 3327 4066 μου.
3355 3999 3527 4068 Ζητή-

1967 4091 2148 4158 σωμεν
2175 4089 2233 4141 δὲ
2262 4088 2324 4140 τὸ
2351 4087 2636 4157 προοίμιον
2661 4087 2755 4140 τοῦ
2784 4085 3024 4156 ψαλμοῦ,
3056 4088 3242 4158 ἐπειδὴ
3269 4087 3304 4140 ἃ
3325 4087 3526 4155 ψάλλο-

1969 4191 2068 4245 μεν
2105 4175 2321 4236 πάντως
2378 4173 2576 4226 εἰδέναι
2623 4175 2750 4244 χρή.
2801 4173 2952 4226 Διατί
2993 4173 3255 4244 λέγομεν,
3301 4173 3526 4228 Κατευ-

1965 4262 2233 4327 θυνθήτω
2281 4262 2319 4329 ἠ
2363 4260 2673 4330 προσευχή
2713 4278 2832 4330 μου
2859 4263 2938 4327 ὡς
2975 4261 3234 4331 θυμίαμα
3271 4262 3528 4314 ἐνώπιόν

1963 4366 2080 4404 σου
2099 4368 2118 4415 ;
2139 4352 2254 4404 Πᾶν
2273 4351 2382 4421 γὰρ
2410 4351 2662 4422 θυμίαμα
2684 4351 3072 4405 κατευθύνεται
3091 4362 3113 4391 ο
3136 4368 3150 4382 ο
3179 4353 3238 4405 οὐ
3269 4353 3376 4422 γὰρ
3393 4351 3528 4416 Θεὸς

1964 4439 2160 4510 εὐωδίᾳ
2199 4439 2452 4511 τέρπεται
2507 4441 2714 4511 μύρων.
2756 4441 2820 4492 Τί
2867 4436 2960 4494 οῦν
3005 4442 3142 4502 ἐστι,
3193 4444 3529 4495 Κατευθυν-

1965 4526 2120 4594 θήτω
2157 4529 2194 4595 ἡ
2225 4528 2532 4597 προσευχὴ
2579 4544 2732 4597 μους
2772 4529 2845 4582 Τὸ
2881 4527 3082 4601 ἄρθρον
3121 4528 3332 4593 λείπει,
3369 4529 3454 4584 ἵνα

1962 4615 2024 4667 τὸ
2061 4615 2347 4686 λεγόμενον
2379 4615 2618 4670 τοιοῦτον
2637 4632 2654 4648 ο
2699 4615 3162 4680 Κατευθυνθήτω
3195 4617 3233 4685 ή
3271 4630 3528 4686 προσευ-

1964 4702 2042 4771 χή
2067 4720 2186 4771 μου
2211 4703 2290 4768 ὠς
2317 4704 2577 4771 θυμίαμα
2604 4701 2860 4758 ἐνώπιόν
2887 4721 3023 4757 σου.
3051 4705 3207 4757 Ποῖον
3244 4705 3527 4776 θυμίαμα;

1963 4789 2067 4842 Δύο
2095 4785 2161 4859 ῆν
2190 4790 2550 4861 θυσιαστήρια
2575 4793 2631 4842 ἐν
2665 4793 2730 4859 τῇ
2761 4794 2930 4862 σκηνῇ
2955 4808 2969 4821 ·
2993 4792 3051 4847 ἓν
3083 4793 3140 4846 ἐν
3161 4794 3225 4862 τῇ
3254 4793 3389 4862 αὐλῇ
3423 4790 3527 4854 ἔξω

1964 4879 2024 4930 ἐν
2071 4878 2320 4948 ὑπαίθρῳ
2340 4894 2354 4907 ·
2390 4878 2574 4948 ἕτερον
2604 4877 2660 4930 δὲ
2688 4879 2768 4942 εἰς
2800 4879 2868 4930 τὰ
2901 4879 3031 4946 ἅγια
3066 4881 3168 4935 ὑπὸ
3198 4881 3412 4949 στέγην.
3454 4879 3526 4931 Τὸ

1964 4963 2072 5018 ἔσω
2104 4965 2485 5036 θυσιαστήριον
2527 4965 2883 5036 θυμιαμάτων
2921 4962 2989 5037 ἦν
3020 4968 3200 5037 μόνον,
3237 4969 3333 5036 οὐχ
3360 4966 3526 5036 αίμόι-

1963 5071 2072 5105 των
2099 5053 2307 5124 χύσεως
2326 5071 2340 5084 ο
2379 5055 2440 5106 τὸ
2476 5053 2533 5106 δὲ
2576 5055 2679 5121 ἔξω
2710 5055 3088 5126 θυσιαστήριον
3115 5055 3224 5108 τῶν
3254 5053 3526 5124 θυομένων

1965 5139 2119 5204 ζώων
2152 5141 2247 5194 καὶ
2295 5140 2474 5213 ἄρτων
2504 5143 2816 5212 προσφορᾶς
2854 5143 2946 5196 καί
2991 5160 3150 5196 τινων
3180 5140 3371 5195 ἄλλων.
3417 5140 3528 5190 Καὶ

1963 5233 2054 5285 τὸν
2088 5232 2186 5302 μὲν
2229 5230 2334 5294 ἔξω
2373 5229 2554 5300 βωμὸν
2589 5230 2797 5284 κελεύει
2843 5233 2870 5284 6
2911 5231 3042 5294 Θεὸς
3082 5229 3159 5298 τῷ
3202 5229 3428 5281 Μωῦσεί
3462 5229 3524 5279 ἐκ

1969 5319 2117 5392 [478]
2160 5319 2323 5373 λίθων
2365 5318 2715 5388 ἀπελεκήτων
2757 5318 3015 5388 ποιῆσαι·
3047 5317 3136 5369 τὸν
3179 5315 3234 5368 δὲ
3277 5313 3422 5366 ἔνδον
3467 5315 3525 5366 ὲν

2029 5521 2051 5549 θ
2078 5517 2228 5566 SaVil.
2250 5524 2388 5580 putat
2412 5517 2675 5580 legendum
2695 5518 2794 5580 πῶς
2815 5517 2903 5580 γὰρ
2924 5514 3329 5580 ’θυμίαμαᾷιῖρτῑθ
3352 5515 3529 5580 melius

1968 5583 2156 5642 legatur
2194 5576 2286 5628 πᾶν
2309 5581 2396 5642 γὰρ
2418 5576 2625 5642 θυμίαμα
2663 5579 2718 5626 οὐ
2741 5576 3081 5642 κατευθύνεται.
3128 5576 3432 5642 ll_|ud_p0frc),

1964 5637 2131 5705 ἀρθρον
2151 5637 2356 5689 λείπει...
2375 5637 2383 5642 ⁷
2399 5637 2614 5705 τοιοῦτον
2645 5643 2787 5705 ᾁρθει
2812 5640 2862 5686 in
2889 5638 3019 5705 ⁸ειμι.
3040 5645 3102 5705 ,ει
3140 5637 3415 5705 Combejlis,
3440 5637 3530 5700 qui

1966 5699 2149 5751 Ilhb'enl
2169 5719 2275 5752 κατ.
2297 5705 2328 5758 ἡ
2351 5717 2428 5762 πρ.
2446 5704 2631 5762 μου,ὡς
2650 5701 2858 5762 θυμίαμα
2883 5700 3078 5762 ἐνῴπιόν
3097 5714 3209 5762 aqu;
3232 5699 3366 5762 ποῖον
3390 5699 3528 5761 θοιμς

1966 5765 2049 5813 δύο
2069 5765 2125 5820 ἦν
2149 5769 2246 5813 etc.
2270 5757 2330 5800 -έ
2361 5757 2434 5822 σι.
2448 5757 2457 5762 ’
2473 5757 2632 5811 notam
2652 5757 3024 5819 interpretationi
3054 5758 3230 5810 Latina:
3247 5757 3524 5818 subjectum;

3115 5852 3195 5912 29
