4044 6306
536 419 600 487 τῇ
635 414 841 483 σκηνῇ,
869 427 932 465 εκ
982 411 1204 484 χρυσίου
1238 429 1676 484 τετορνευμενου.
1715 413 1778 466 Τί
1808 411 2101 466 αἰνίττεται

536 506 570 573 ὴ
610 503 701 556 τοῦ
745 499 878 555 Θεοῦ
915 501 1073 572 χάρις
1119 501 1207 554 διὰ
1237 502 1460 567 τούτων,
1510 503 1804 570 ἀναγκαῖον
1847 501 2098 571 ζητῆσαι.

535 593 639 646 Δύο
668 592 827 654 λαοὺς
853 591 1321 662 ύπηρετουμένους
1351 593 1415 660 τῇ
1441 591 1533 643 τοῦ
1555 589 1688 643 Θεοῦ
1715 591 1861 663 δόξῃ,
1893 592 1984 642 καὶ
2011 589 2103 642 τὸν

541 679 643 748 μὲν
665 678 984 731 ἀπαίδευτον
1013 679 1159 740 λαὸν,
1192 678 1282 731 τὸν
1311 677 1367 730 δὲ
1395 677 1845 747 πεπαιδευμένον.
1888 677 1943 729 Ὀ
1971 675 2102 746 περὶ

534 763 680 829 λέξιν
707 765 1015 829 σολοικίζων
1045 765 1076 836 ἢ
1117 764 1483 836 βαρϐαρίζων,
1513 767 1637 828 τοὺς
1666 764 1856 829 λόγους
1883 763 1994 834 ἔχει
2022 762 2102 816 λί-

537 853 663 916 θους
692 852 1090 920 ἀπελεκήτους·
1123 851 1236 905 ἀλλ’
1261 853 1410 922 ὅμως
1439 855 1516 915 εἰς
1561 852 1942 922 θυσιαστήριον
1977 865 2104 922 προ-

534 940 852 1012 χωροῦνται.
898 939 1066 992 Πάλιν
1113 940 1530 1010 τετορνευμένος
1576 939 1773 1010 χρυσὸς
1813 939 1841 992 6
1889 938 2102 1007 ἔντιμος

536 1027 751 1095 λέγεται
774 1027 920 1090 λίθος
944 1044 957 1057 ·
992 1028 1086 1080 καὶ
1111 1024 1233 1079 οὔτε
1266 1021 1420 1088 οὗτος
1449 1027 1824 1097 ύπεραίρεται,
1856 1024 1978 1078 οὔτε
2014 1017 2102 1078 οῦ-

535 1133 625 1178 τος
649 1116 998 1169 ἐκϐάλλεται.
1024 1115 1133 1168 Καὶ
1155 1113 1262 1185 γὰρ
1284 1117 1402 1167 ἐκεῖ
1421 1113 1556 1167 Θεοῦ
1586 1114 1986 1184 θυσιαστήριον,
2008 1112 2102 1165 καὶ

535 1199 768 1255 ἐνταῦθα
794 1201 930 1254 Θεοῦ
969 1201 1368 1273 θυσιαστήριον.
1396 1196 1504 1253 Ἦν
1538 1200 1594 1252 δὲ
1624 1202 1688 1253 ἐκ
1711 1200 1991 1270 τεσσάρων
2022 1201 2101 1251 εἰ-

533 1292 640 1346 δῶν
669 1293 1020 1364 συγκείμενον
1047 1294 1109 1345 τὸ
1149 1293 1338 1364 μύρον,
1372 1293 1627 1361 στάκτης,
1659 1293 1869 1362 ὄνυχος,
1901 1291 2104 1363 χαλϐά-

535 1398 654 1450 νης,
701 1380 938 1435 λιϐάνου.
985 1381 1138 1434 Ἐπεὶ
1170 1376 1260 1433 οὖν
1304 1381 1398 1433 καὶ
1435 1379 1497 1432 τὺ
1532 1379 1702 1451 μύρον
1735 1383 1799 1433 ἐκ
1832 1380 2102 1451 διαφόρων

537 1466 843 1535 σύγκειται,
879 1467 972 1521 καὶ
995 1471 1028 1539 ή
1057 1467 1226 1538 ἀρετὴ
1254 1468 1311 1520 δὲ
1348 1469 1412 1520 ὲκ
1439 1468 1728 1538 διαφόρων,
1763 1468 1915 1539 φησὶ.
1955 1472 2102 1521 Κατ-

534 1555 876 1624 ευθυνθήτω
907 1557 945 1623 ὴ
972 1555 1280 1624 προσευχὴ
1305 1573 1423 1624 μου
1447 1557 1526 1622 ὠς
1557 1557 1814 1626 θυμίαμα
1848 1555 2104 1609 ἐνώπιόν

535 1657 652 1696 σου
680 1658 693 1671 ’
727 1645 802 1707 ὡς
830 1646 1004 1698 ἐκεῖνο
1037 1645 1098 1698 τὸ
1127 1647 1190 1699 ἐκ
1220 1643 1428 1698 πολλῶν
1485 1645 1857 1716 συγκείμενον,
1892 1645 1984 1698 καὶ
2022 1646 2102 1708 εἱς

539 1733 667 1802 μίαν
694 1733 919 1786 εὐωδίαν
959 1732 1404 1804 ἀποτελούμενον.
1455 1734 1670 1806 Ἐπειδὴ
1699 1735 1836 1805 μετὰ
1872 1735 1969 1806 τῆς
2007 1735 2100 1788 εύ-

536 1820 638 1891 χῆς
676 1822 979 1891 είσέρχεταί
1011 1840 1093 1885 τις
1121 1823 1373 1891 νηστείαν
1406 1821 1566 1892 ἔχων,
1597 1822 1987 1894 ἐλεημοσύνην,
2014 1822 2103 1876 πί-

538 1922 676 1970 στιν,
708 1907 1110 1978 ἀπεικασθήτω,
1147 1908 1332 1977 φησὶν,
1364 1909 1396 1978 ή
1427 1908 1699 1980 τετραπλῆ
1725 1909 1892 1981 ἀρετὴ
1911 1911 2103 1982 ἐκείνῳ

535 1993 616 2063 τῷ
653 1993 956 2065 θυμιάματι
1002 1994 1078 2065 τῷ
1121 1995 1347 2050 ἐνώπιόν
1382 2014 1475 2049 σου
1507 1996 1904 2051 κατευθύνοντι.
1947 1998 2104 2052 Οὕτω

537 2083 632 2134 καὶ
660 2083 687 2135 ὁ
721 2083 987 2154 μακάριος
1032 2083 1192 2137 Δαυῒδ
1226 2083 1479 2154 ἀλλαχοῦ⁹
1526 2084 1703 2151 Ἰδοὺ,
1735 2088 1888 2156 φησὶ,
1924 2086 1981 2139 τί
2001 2103 2104 2139 κα-

537 2170 672 2235 λὸν,
699 2168 737 2237 ἣ
771 2170 829 2223 τί
857 2170 1132 2236 τερπνὸν,
1162 2172 1298 2226 ἀλλ’
1330 2172 1367 2240 ἢ
1392 2172 1459 2225 τὸ
1485 2174 1783 2227 κατοικεῖν
1805 2174 2103 2244 ἀδελφοὺς

537 2253 636 2309 ἐπὶ
667 2256 733 2310 τὸ
765 2259 913 2310 αὐτό
930 2275 946 2321 ;
985 2259 1077 2324 Ὡς
1102 2260 1296 2327 μύρον
1320 2259 1419 2311 ἐπὶ
1459 2259 1730 2328 κεφαλῆς
1749 2262 1815 2314 τὸ
1841 2263 2104 2316 καταϐαῖ-

537 2358 649 2395 νον
670 2343 767 2396 ἐπὶ
789 2342 1057 2412 πώγωνα,
1086 2344 1192 2398 τὸν
1218 2343 1468 2414 πώγωνα
1486 2345 1591 2399 τοῦ
1608 2346 1839 2415 Ἀαρών.
1858 2349 2105 2402 Ἀπεικά-

538 2427 620 2492 ζει
662 2430 762 2500 τήν
806 2431 1026 2502 ἀγάπην
1060 2431 1214 2502 μύρῳ
1250 2431 1540 2502 ίερατικῷ,
1577 2432 1673 2505 τὴν
1702 2435 1865 2506 εὐχὴν
1911 2435 2103 2506 θυμιά-

541 2533 671 2584 ματι
707 2517 985 2588 ίερατικῷ.

613 2628 795 2698 Ἔχεις
827 2630 926 2701 τήν
957 2630 1343 2702 σωφροσύνην;
1388 2632 1636 2701 Ἀδελφὸς
1674 2629 1726 2686 εἷ
1767 2633 1861 2686 τοῦ
1891 2633 2099 2704 ἱερέως.

550 2715 871 2788 Ἱερωούνην
899 2717 1052 2789 (φέρε
1087 2718 1282 2788 εἰπεῖν)
1312 2719 1410 2770 οὐκ
1444 2719 1568 2789 ἔχω,
1602 2719 1952 2792 σωφροσύνην
1973 2721 2100 2791 ἔχω.

550 2801 775 2873 Ἀδελφή
802 2803 1003 2875 ἐστινὴ
1031 2804 1137 2876 ἐμὴ
1176 2806 1494 2876 σωφροσύνη
1536 2809 1633 2877 τῆς
1659 2811 1757 2878 σῆς
1785 2808 2100 2878 ἱερωσύνης.

539 2889 712 2943 Πόθεν
756 2889 947 2956 τοῦτο;
977 2891 1090 2945 Καὶ
1135 2892 1244 2962 γὰρ
1285 2895 1490 2950 ἐκεῖνον
1525 2894 1688 2962 άγνὸν
1717 2895 1796 2948 δεῖ
1840 2890 1976 2948 εἶναι
2013 2897 2102 2950 τὸν

541 2976 947 3048 ἱερουργοῦντα,
987 2977 1082 3030 καὶ
1112 2978 1211 3048 ἐμὲ
1245 2979 1408 3047 άγνὸν
1455 2981 1544 3034 τὸν
1584 2981 1930 3055 λατρεύοντα.
1977 2983 2103 3037 Ἐἀν

537 3065 647 3134 ἔχω
675 3065 1049 3135 σωφροσύνην,
1081 3065 1342 3134 λαμϐάνω
1371 3068 1692 3144 ίερωσύνην.
1711 3071 1880 3125 Πόθεν
1911 3071 2100 3136 τοῦ-τος

536 3152 700 3206 Δαυῒδ
744 3152 960 3222 φεύγων
1005 3152 1094 3206 τὸν
1138 3153 1308 3206 Σαοὺλ
1353 3150 1485 3225 ἦλθε
1528 3156 1667 3227 πρὸς
1721 3158 1978 3230 Ἀϐιάθαρ
2012 3159 2104 3211 τὸν

536 3241 817 3313 ἀρχιερέα,
862 3241 956 3296 καὶ
981 3241 1126 3311 λέγει
1160 3242 1339 3313 αὐτῷ·
1377 3245 1487 3314 Δός
1510 3261 1612 3312 μοι
1639 3244 1856 3313 ἄρτους
1877 3262 1889 3274 ·
1917 3247 2100 3311 ἐπειδὴ

536 3326 793 3397 ἐξαίφνης
831 3327 1139 3400 ἀπεστάλην
1181 3331 1332 3401 παρὰ
1369 3329 1630 3400 βασιλέως
1659 3333 1753 3386 καὶ
1785 3333 1968 3402 ἐφόδια
2005 3336 2105 3387 οὐκ

537 3415 664 3484 ἔχω.
692 3414 854 3483 Λέγει
881 3417 909 3468 ό
931 3416 1218 3488 ἀρχιερεὺς
1246 3420 1274 3471 6
1305 3417 1414 3471 τῶν
1443 3419 1622 3489 νόμων
1654 3419 1916 3491 ἔμπειρος
1937 3437 1950 3451 ·
1981 3425 2103 3477 Οὐκ

535 3501 708 3555 ἐστιν
730 3502 871 3570 ἡμῖν
886 3502 1060 3571 ἄρτος
1081 3503 1290 3570 ἄλλος,
1307 3505 1444 3559 ἀλλ’
1471 3504 1508 3573 ἣ
1531 3505 1714 3574 ἅγιος,
1732 3506 1805 3558 ὃν
1823 3509 1933 3561 οὐκ
1959 3508 2104 3572 ἐξὸν

535 3591 702 3656 61.16)
721 3591 951 3661 φαγεῖν,
985 3593 1122 3647 ἀλλ’
1145 3593 1183 3661 ἣ
1210 3591 1290 3658 τῷ
1316 3594 1473 3662 ἱερεῖ.
1500 3594 1650 3647 Ἐπεὶ
1672 3591 1764 3648 οὖν
1793 3595 1985 3650 ἐϐλεπε
2005 3597 2102 3669 τὴν

535 3682 816 3750 ἀνάγκην,
856 3680 1101 3748 ἐφοϐεῖτο
1140 3681 1196 3734 δὲ
1243 3683 1367 3745 τοὺς
1403 3683 1502 3752 τῆς
1549 3683 1858 3753 προθέσεως
1904 3686 2102 3756 ἄρτους

533 3769 847 3842 προδοῦναι,
899 3768 1053 3839 ζητεῖ
1097 3772 1246 3841 παρά
1288 3771 1396 3823 τῶν
1443 3771 1517 3842 μὴ
1568 3773 1666 3825 ούκ
1698 3773 1865 3826 ὄντων
1909 3775 2101 3847 ἱερέων

533 3857 908 3928 καθαρότητα,
954 3858 1049 3910 καὶ
1094 3858 1278 3925 λέγει’
1313 3861 1380 3912 El
1421 3859 1552 3913 ἐστι
1591 3860 1664 3914 τὰ
1713 3859 1990 3930 παιδάρια
2031 3865 2102 3918 τὰ

528 3946 680 4014 μετὰ
710 3944 824 3998 σοῦ
863 3943 1091 4013 καθαρὰ
1123 3944 1240 3998 ἀπὸ
1273 3945 1591 4015 γυναικῶν,
1629 3947 1793 4002 λάϐε.
1845 3949 1956 4019 Τὴν
1993 3950 2101 4022 γάρ

535 4030 905 4101 σωφροσύνην,
928 4030 1159 4101 ἀδελφὴν
1191 4032 1286 4100 τῆς
1322 4033 1616 4104 ἱερωσύνης
1640 4036 1844 4104 ἡγεῖτο.
1875 4035 1985 4089 Καὶ
2015 4037 2100 4090 ἵνα

537 4123 610 4192 μή
644 4138 727 4183 τις
764 4121 844 4181 εἰς
889 4119 1137 4190 διαϐολὴν
1176 4119 1267 4172 τοῦ
1318 4121 1505 4192 ἱερέως
1538 4122 1755 4175 ἐκλάϐοι
1788 4123 1849 4175 τὸ
1879 4123 2098 4194 δοθῆναι

531 4211 658 4272 τοὺς
697 4208 889 4276 ἄρτους
937 4208 1048 4268 τοῖς
1094 4205 1168 4276 μὴ
1215 4202 1362 4260 οὖσιν
1399 4208 1661 4278 ἱερεῦσιν,
1711 4209 1873 4263 ἄκουε
1913 4211 2030 4274 πῶς
2071 4214 2099 4266 ὁ

533 4298 724 4369 Σωτὴρ
751 4297 826 4360 ὡς
852 4295 1032 4358 καλῶς
1073 4292 1236 4350 αὐτοῦ
1278 4298 1560 4365 γεγονότος
1601 4300 1945 4368 μνημονεύει.
1985 4301 2100 4353 Ἐν..

532 4385 760 4439 εκάλουν
783 4387 895 4447 τοῖς
930 4383 1247 4446 ἀποστόλοις
1276 4384 1406 4436 ποτὲ
1448 4385 1708 4449 Ἰουδαῖοι,
1742 4386 1824 4439 ὅτι
1861 4387 2099 4458 στάχυας

532 4472 788 4533 τίλλουσι,
829 4473 922 4525 καὶ
957 4471 1229 4542 ψώχοντες
1279 4475 1398 4536 ταῖς
1427 4475 1612 4543 χερσὶν
1648 4474 1913 4529 ἐσθίουσι·
1952 4478 2097 4546 λέγει

533 4562 717 4622 αὐτοῖς
755 4562 783 4613 ό
819 4560 1040 4630 Σωτήρο
1073 4562 1193 4613 Οὐκ
1220 4558 1516 4628 ἀνέγνωτε
1558 4561 1616 4614 τί
1639 4563 1892 4631 ἐποίησε
1919 4564 2099 4619 Δαυῒδ

532 4649 631 4701 ὅτε
674 4648 956 4700 ἐπείνασε
979 4687 993 4708 ,
1038 4647 1136 4700 καί
1192 4646 1336 4711 τοὺς
1371 4646 1588 4714 ἄρτους
1618 4647 1730 4716 τῆς
1762 4652 2096 4718 προθέσεως

530 4737 774 4806 ἔφαγεν,
797 4735 902 4800 οὓς
922 4737 1031 4788 οὐκ
1059 4734 1202 4800 ἐξὸν
1219 4733 1298 4804 ἦν
1324 4735 1552 4804 φαγεῖν,
1573 4737 1713 4790 οὔτε
1735 4740 1940 4805 αὐτὸν,
1960 4742 2098 4796 οὔτε

529 4823 674 4898 τοὺς
693 4823 819 4892 μετ’
856 4821 1061 4883 αὑτοῦ,
1114 4824 1165 4875 ει
1202 4820 1286 4891 μὴ
1332 4821 1475 4888 τοὺς
1503 4823 1675 4891 ἱερεῖς
1695 4826 1917 4892 μόνον;
1946 4823 2098 4891 Εἶδες

529 4911 764 4981 ἀδελφὴν
804 4909 1102 4980 ἱερωσύνης
1131 4909 1516 4978 σωφροσύνην;
1555 4907 1694 4974 εἶδες
1733 4913 1849 4975 πῶς
1891 4914 1918 4965 ὁ
1967 4914 2098 4980 Θεὸς

529 5003 589 5056 ού
622 5002 888 5072 πρόσωπα
918 4999 1123 5070 βλέπει,
1159 4999 1273 5054 ἀλλ’
1312 4999 1570 5068 ἀλήθειαν
1594 5000 1906 5070 δοκιμάζει;

601 5119 652 5166 ι’.
675 5107 1226 5180 Παρασκευασώμεθα
1240 5107 1417 5160 τοίνυν
1434 5107 1568 5180 πρὸς
1577 5107 1843 5172 εὐποιΐαν,
1857 5108 1992 5180 πρὸς
2015 5110 2095 5162 δι-

531 5197 839 5267 καιοσύνην,
889 5197 977 5251 ἵνα
1020 5198 1053 5267 ή
1097 5197 1318 5266 νηστεία
1351 5195 1489 5268 λάϐῃ
1522 5197 1715 5266 πτερά.
1748 5195 1957 5267 Ὥσπερ
1987 5199 2094 5267 γὰρ

530 5286 792 5346 πετεινδν,
822 5286 916 5339 ἐὰν
945 5288 1018 5356 μή
1053 5283 1150 5355 ἔχῃ
1179 5284 1276 5354 τὴν
1302 5283 1411 5335 τῶν
1436 5282 1722 5352 πτερύγων
1752 5284 2090 5354 συνέργειαν,

531 5372 680 5446 [479]
707 5373 966 5426 ἵπτασθαι
993 5374 1053 5425 ού
1084 5372 1336 5426 δύναται·
1366 5369 1538 5432 οὕτως
1566 5370 1659 5422 καὶ
1688 5373 1720 5440 ἡ
1757 5374 1978 5442 νηστεία
2000 5373 2092 5426 δύο

532 5461 706 5531 πτερά
743 5459 855 5530 ἔχει
878 5501 894 5526 ,
943 5459 1249 5531 προσευχὴν
1287 5456 1382 5510 καὶ
1418 5455 1803 5527 ἐλεημοσύνην,
1849 5452 1923 5512 ὧν
1962 5459 2090 5514 ἄνευ

533 5545 644 5599 ἀνω
685 5547 900 5617 τρέχειν
930 5549 991 5600 οὑ
1020 5546 1260 5600 δύναται.
1298 5544 1470 5598 Βλέπε
1501 5543 1591 5596 τὸν
1624 5544 1919 5616 Κορνήλιον
1955 5548 2092 5618 μετά

531 5632 628 5702 τῆς
655 5635 906 5703 νηστείας
950 5634 1242 5687 καὶταῦτα
1281 5632 1351 5686 τὰ
1398 5631 1573 5702 πτερὰ
1609 5634 1958 5705 κεκτημένον.
2001 5637 2092 5689 Διὸ

536 5717 632 5772 καὶ
661 5720 842 5790 φωνῆς
867 5720 1014 5790 αὐτῷ
1039 5721 1331 5791 γενομένης
1360 5719 1588 5791 ἤκουσεν
1619 5721 1924 5792 οὐρανόθεν⁹
1944 5727 2089 5792 Κίρ-

1950 295 2313 354 SEVEBIA‘NI

3659 291 3759 347 470

2211 407 2400 470 νήλιε,
2439 410 2498 462 αἱ
2523 421 2850 476 προσευχαι
2877 420 2991 458 σου
3019 403 3112 456 καὶ
3140 404 3201 456 αἱ
3233 401 3630 469 ἐλεημοσύναι
3651 418 3764 455 σου

2208 494 2514 561 ἀνέϐησαν
2543 495 2692 562 πρὸς
2716 493 2822 545 τὸν
2853 491 3019 544 Θεόν.
3080 489 3309 542 Ὑπόθου
3341 488 3479 553 ζῶον
3506 486 3643 542 εἶναι
3670 493 3768 552 τὴν

2208 581 2479 650 νηστείαν,
2509 579 2786 650 ἀγαπητέ’
2824 578 2995 646 πτερά
3025 576 3082 630 δὲ
3110 577 3269 630 πάλιν
3316 578 3518 646 ταύτης
3544 576 3772 646 ἐλεημο-

2211 667 2374 738 σύνην
2399 667 2492 722 καλ⁸
2509 667 2812 739 προσευχὴν
2835 665 3179 720 καθεστάναι.
3199 656 3272 717 ὧν
3294 665 3420 718 ἄνευ
3436 663 3636 734 ταύτην
3660 667 3773 720 ἄνω

2212 757 2286 826 μὴ
2325 755 2580 808 δύνασθαι
2630 755 2862 825 τρέχειν.
2913 753 2970 804 'O
3017 751 3288 813 τοιοῦτος,
3332 751 3434 803 κᾶν
3479 752 3551 821 μὴ
3599 752 3772 824 λαλῇ,

2207 843 2416 915 γλώττῃ
2462 842 2666 914 μεγάλῃ
2698 842 2759 894 τὸ
2786 841 2988 904 δίκαιον
3021 839 3136 909 βοᾷ.
3184 839 3410 908 Μεγάλη
3441 841 3550 911 γὰρ
3572 840 3776 895 δικαιοο

2211 932 2372 1002 σύνης
2417 933 2708 1002 συνήγορος
2755 931 2946 1001 ἀρετή.
3001 930 3093 982 Διὸ
3137 929 3316 997 λέγει·
3364 929 3775 996 Είσάκουσον,

2207 1021 2400 1086 Κύριε,
2438 1019 2825 1085 δικαιοσύνης
2858 1035 2996 1086 μου.
3034 1016 3256 1085 Πρῶτον
3288 1015 3388 1086 μὲν
3412 1013 3505 1069 οὖν
3529 1019 3627 1071 καὶ
3681 1019 3776 1089 μέ-

2208 1123 2392 1175 γιστον
2418 1106 2619 1174 ἀγαθὸν
2657 1104 2930 1177 προσευχὴ
2959 1105 3053 1156 καὶ¹
3078 1103 3408 1174 ἐλεημοσύνη
3439 1106 3533 1159 καὶ
3569 1106 3782 1160 δικαιο-

2209 1194 2417 1264 πραγία
2437 1210 2450 1224 ⁸
2478 1195 2538 1247 τὸ
2570 1194 2626 1246 δέ
2654 1192 2891 1261 ἀσφαλὲς
2918 1193 3011 1245 καὶ
3033 1190 3325 1244 ἀσάλευτον
3357 1191 3452 1244 καὶ
3489 1191 3616 1263 ῥίζα
3640 1194 3781 1248 πάν-

2207 1301 2314 1335 των
2344 1285 2376 1354 ή
2408 1282 2535 1354 περὶ
2562 1282 2652 1334 τὸν
2679 1280 2810 1332 Θεὸν
2828 1279 3047 1348 γνῶσις,
3075 1281 3107 1348 ή
3133 1275 3228 1329 τοῦ
3255 1279 3593 1347 Μονογενοῦς
3618 1296 3786 1352 προσ.

2207 1372 2450 1441 κύνησις,
2488 1374 2521 1441 ή
2568 1370 2660 1423 τοῦ
2697 1369 2852 1439 ἀγίου
2889 1367 3203 1438 Πνεύματος
3234 1367 3514 1438 ὁμολογία,
3562 1369 3666 1440 μία
3699 1372 3786 1424 πί.

2210 1476 2347 1524 στις,
2371 1458 2692 1529 ἀδιαίρετος,
2731 1455 2999 1526 ἀσφαλὴς,
3029 1456 3300 1525 ἄσχιστος,
3347 1456 3666 1526 ἀμέριστος.
3698 1459 3786 1510 Εἴ-

2204 1564 2372 1618 ·ρηται
2395 1546 2424 1599 ὃ
2452 1545 2628 1616 μέλλω
2657 1545 2854 1613 λέγειν,
2878 1543 2991 1596 ἀλλ’
3022 1543 3171 1613 ὅμως
3205 1542 3363 1595 πάλιν
3391 1542 3551 1611 λέγω.
3570 1544 3633 1597 ’0
3654 1545 3784 1608 Θεὸς

2211 1634 2371 1702 σοφὸς
2415 1633 2492 1686 ὢν
2525 1630 2902 1702 συνεχώρησεν
2943 1630 3052 1683 ἀπὸ
3079 1627 3186 1682 τῶν
3217 1629 3361 1682 ἱδίων
3401 1630 3652 1702 ἐξάρχων
3690 1635 3784 1695 τὰς

2209 1721 2450 1792 αἱρέσεις
2481 1719 2622 1790 ἔχειν
2657 1718 2755 1782 τὰς
2789 1716 3106 1788 ἐπωνυμίας
3132 1715 3240 1769 τῶν
3276 1715 3422 1770 ἰδίων
3471 1718 3782 1789 δογμάτων,

2210 1810 2296 1862 ἵνα
2335 1811 2474 1879 φανῇ
2507 1809 2588 1861 ὅτι
2634 1806 2694 1860 οὐ
2741 1805 2875 1859 Θεοῦ
2910 1805 3086 1874 δόγμα
3107 1844 3122 1868 ,
3153 1804 3267 1857 ἀλλ’
3299 1803 3603 1875 ἀνθρώπων
3639 1809 3786 1861 ἐστὶν

2210 1895 2418 1966 εὕρεμα
2442 1895 2511 1948 τὰ
2535 1894 2662 1966 παρ’
2689 1893 2867 1948 αὐτῶν
2898 1891 3254 1963 δοξαζόμενα·
3289 1888 3421 1958 οἷον,
3444 1893 3786 1947 Μακεδονια-

2209 1983 2290 2037 νοὶ
2334 1981 2442 2037 ἀπὸ
2494 1979 2847 2048 Μακεδονίου,
2889 1977 3156 2051 ’Λρειανοὶ
3193 1979 3300 2032 ἀπὸ
3361 1979 3590 2051 Ἀρείου,
3623 1981 3786 2034 Εύνο-

2213 2070 2392 2142 μιανοὶ
2424 2069 2530 2122 ἀπὸ
2569 2068 2850 2139 Εὐνομίου.
2894 2067 3121 2138 Ὁμοίως
3167 2067 3262 2121 καλ⁵
3313 2069 3368 2120 αί
3417 2069 3603 2122 λοιπαὶ
3646 2069 3786 2140 αἱρέ·

2212 2173 2344 2219 σεις.
2385 2153 2494 2226 Τὴν
2529 2155 2706 2226 μέντοι
2734 2154 2914 2207 πίστιν
2951 2153 3060 2207 τῶν
3087 2154 3398 2208 ἀποστόλων
3431 2155 3678 2226 ἄτρωτον
3701 2156 3784 2209 θέ-

2209 2243 2318 2297 λων
2353 2244 2608 2313 φυλάξαι,
2635 2243 2696 2295 οὐ
2733 2242 3112 2314 συνεχώρησεν
3146 2243 3326 2308 αὐτοῖς
3354 2243 3463 2297 ἀπὸ
3492 2245 3780 2317 ἀνθρώπου

2210 2328 2588 2400 ὀνομάζεσθαι.
2614 2329 2730 2382 Κᾶν
2754 2329 2862 2400 γὰρ
2885 2329 3090 2382 καλῶσι
3120 2329 3540 2400 ὁμοουσιαστάς,
3566 2333 3671 2386 ούκ
3698 2332 3784 2386 ἇν-

2212 2417 2426 2484 θρωπον
2455 2416 2868 2488 ἑρμηνεύουσιν,
2896 2416 3033 2471 ἀλλά
3065 2417 3159 2488 τὴν
3188 2418 3369 2470 πίστιν
3392 2418 3778 2490 κηρύττουσιν.

2213 2504 2334 2557 Ὅτι
2373 2505 2482 2576 γὰρ
2510 2503 2571 2557 τὺ
2605 2505 2712 2558 ἀπὸ
2740 2503 3040 2574 ἀνθρώπων
3083 2504 3360 2558 καλεῖσθαι
3402 2505 3504 2559 οὐκ
3537 2505 3657 2560 ἐστι
3694 2523 3782 2561 πι-

2121 2599 2124 2601 ’
2213 2590 2372 2654 στῶν,
2388 2592 2501 2644 ἀλλ’
2518 2591 2828 2663 αἱρετικῶν,
2851 2591 2998 2660 λέγει
3015 2590 3224 2654 Παῦλος
3239 2592 3545 2662 Κορινθίοις
3570 2595 3782 2664 μεμφό·

2213 2697 2371 2750 μενος
2391 2697 2404 2710 ο
2442 2682 2652 2734 Ἀκούω
2675 2682 2744 2734 ἐν
2767 2681 2911 2749 ὑμῖν
2931 2681 3238 2749 σχίσματα
3267 2675 3423 2736 εἶναι
3441 2699 3454 2712 ·
3478 2685 3512 2735 ὀ
3523 2683 3640 2750 μὲν
3667 2683 3781 2751 γὰρ

2209 2766 2388 2837 λέγει,
2424 2767 2570 2838 Ἐγὼ
2605 2768 2719 2836 μέν
2758 2769 2876 2836 ειμι
2920 2767 3186 2829 Παύλου,
3233 2766 3349 2834 ἐγὼ
3378 2765 3446 2819 δὲ
3493 2768 3775 2831 Ἀπολλὼ,

2209 2857 2322 2926 ἐγὼ
2341 2855 2408 2909 δὲ
2429 2855 2620 2925 Κηφᾶ.
2657 2857 2820 2926 Ὁρᾷς
2847 2855 2928 2908 ὅτι
2953 2854 3014 2907 τὸ
3039 2854 3146 2908 ἀπὸ
3173 2854 3471 2926 ἀνθρώπων
3490 2855 3778 2908 καλεῖσθαι

2211 2945 2522 3015 σχισμάτων
2569 2944 2749 3009 ἐστίν;
2784 2943 2897 2997 Οὐκ
2952 2938 3019 3014 ἦν
3053 2943 3486 3014 ἀξιοπιστότερος
3528 2945 3780 2998 Μακεδο-

2209 3033 2324 3086 νίου
2373 3032 2608 3103 Πέτρος;
2657 3031 2739 3083 Τά
2784 3031 3024 3100 ὀνόματα
3067 3029 3176 3082 τῶν
3227 3030 3536 3085 ἀποστόλων
3586 3033 3780 3103 φεύγει

2211 3117 2638 3190 παραχωροῦντα
2670 3120 2734 3188 τῇ
2767 3117 2890 3189 δόξῃ
2933 3117 3026 3170 τοῦ
3055 3117 3291 3188 Χριστοῦ
3306 3161 3328 3185 _,
3366 3119 3460 3172 καὶ
3505 3121 3570 3174 σὺ
3611 3138 3778 3176 κατα-

2207 3205 2424 3276 τέμνεις
2463 3205 2560 3274 τὴν
2608 3204 2820 3270 πίστιν,
2866 3205 2963 3267 τὴν
3009 3204 3308 3276 ἀδιαίρετον
3337 3205 3640 3276 βασιλείαν,
3684 3208 3777 3278 τήν

2211 3293 2504 3364 ἀμέριστον
2550 3291 2741 3358 δόξαν;
2783 3291 2941 3344 Ἀλλὰ
2989 3292 3148 3362 μέχρι
3186 3291 3374 3346 τούτου
3396 3311 3411 3325 ο
3443 3294 3643 3364 ἔχομεν
3675 3296 3778 3366 γάρ

2209 3380 2299 3433 τὸν
2326 3379 2514 3450 λύχνον
2537 3379 2632 3433 καὶ
2656 3379 2718 3432 τὸ
2747 3379 2860 3448 φῶς
2880 3395 2893 3407 ·
2925 3380 3165 3448 Λύχνος
3191 3381 3298 3451 γάρ
3325 3381 3450 3447 τοῖς
3488 3383 3640 3436 ποσί
3659 3400 3772 3451 μου

2210 3472 2243 3522 ὁ
2267 3469 2448 3538 νόμος
2477 3483 2613 3530 σου,
2644 3466 2742 3520 καί
2770 3465 2893 3535 φῶς
2929 3466 3056 3532 ταῖς
3088 3468 3307 3535 τρίϐοις
3333 3486 3476 3537 μου.
3503 3471 3658 3522 Διατί
3687 3469 3772 3521 λύ-

2210 3573 2366 3626 χνος;
2413 3554 2552 3607 διατί
2599 3553 2745 3623 φῶς;
2801 3554 3008 3623 Λύχνος
3036 3554 3144 3624 γὰρ
3174 3557 3286 3618 τοῖς
3319 3558 3772 3627 κιιτηχουμένθις⁹

2210 3643 2325 3712 φῶς
2347 3645 2459 3708 τοῖς
2483 3640 2895 3712 τελειουμένοις.

2280 3750 2588 3824 Παρακαλῶ
2615 3750 2713 3822 τὴν
2739 3748 3008 3821 ὑμετέραν
3046 3749 3286 3819 ἀγάπην,
3322 3749 3598 3821 ἄχραντον
3629 3752 3775 3823 ύμιῖπ

2206 3841 2306 3909 τὴν
2329 3839 2582 3912 νηστείαν
2602 3837 2854 3907 φυλάξαι,
2887 3837 3186 3906 άμόλυντον
3216 3837 3323 3890 ἀπὸ
3344 3838 3583 3903 ἀδικίας,
3608 3842 3774 3894 καθα-

2212 3929 2306 3998 ράν
2334 3927 2440 3980 ἀπὸ
2471 3924 2803 3990 πλεονεξίας.
2829 3925 3002 3978 Βλέπε
3026 3925 3360 3994 ματαιότητα
3382 3927 3491 3978 τῶν
3525 3930 3653 3998 περὶ
3677 3927 3773 3998 τὴν

2207 4007 2413 4088 άποχήν
2449 4017 2556 4069 τῶν
2593 4015 2892 4086 βρωμάτων
2933 4013 3326 4083 σχολαζόντων,
3374 4016 3470 4068 καὶ
3505 4017 3604 4087 τὴν
3641 4019 3774 4072 ἀπο-

2207 4106 2307 4176 χὴν
2336 4103 2443 4156 τῶν
2475 4091 2880 4175 ἁμαρτημάτων
2929 4103 3003 4172 μὴ
3045 4099 3461 4174 φροντιζόντων.
3509 4104 3584 4158 Οὐ
3615 4105 3774 4165 πίνω,

2208 4194 2392 4262 φησὶν,
2421 4187 2584 4256 οἶνον,
2614 4192 2713 4243 ούκ
2741 4189 2907 4243 ἐσθίω
2936 4189 3134 4254 ἔλαιον,
3155 4191 3215 4242 ού
3246 4189 3440 4259 τρώγω
3469 4193 3632 4263 κρέα.
3666 4195 3778 4246 K6—

2205 4279 2311 4342 λῶς
2343 4279 2556 4348 ἀληθῶς
2580 4277 2666 4331 διὰ
2691 4278 2822 4329 Θεόν
2843 4293 2855 4307 ·
2885 4275 3025 4329 καλά
3049 4277 3144 4330 καὶ
3170 4277 3337 4330 ταῦτα
3355 4291 3380 4318 ι
3404 4295 3418 4308 ·
3441 4278 3585 4332 ἀλλά
3613 4282 3776 4351 ζητή-

2208 4383 2388 4437 σωμεν
2410 4365 2471 4419 τὸ
2500 4366 2747 4436 πρᾶγμα.
2761 4365 2976 4435 Ἀρτος,
3007 4363 3174 4435 ὕδωρ,
3201 4358 3363 4427 οἶνος,
3397 4366 3556 4437 κρέα.
3577 4367 3778 4431 ἔλαιον,

2207 4455 2383 4508 πάντα
2413 4453 2583 4506 ταῦτα
2610 4452 2744 4504 Θεοῦ
2777 4451 3229 4522 δημιουργήματα
3247 4467 3260 4480 ⁸
3296 4451 3585 4516 πλεονεξία
3607 4453 3665 4506 δὲ
3687 4455 3779 4506 καὶ

2205 4539 2392 4594 ἀδικία
2433 4540 2528 4594 καὶ
2555 4539 2779 4593 ἀσέϐεια
2809 4539 2903 4590 τοῦ
2949 4538 3195 4590 διαϐόλου
3226 4537 3380 4609 ἔργα.
3429 4539 3553 4593 Τῶν
3601 4541 3780 4612 ἔργων

2202 4627 2298 4680 τοῦ
2342 4627 2476 4679 Θεοῦ
2523 4627 2817 4695 ἀφίστασαι
2863 4623 2953 4678 διὰ
2998 4623 3286 4693 νηστείαν·
3315 4623 3424 4677 τῶν
3470 4625 3654 4692 ἔργων
3684 4623 3778 4677 τοῦ

2203 4715 2448 4768 διαϐόλου
2479 4715 2579 4767 οὐκ
2621 4713 2914 4781 ἀφίστασαι
2961 4711 3050 4764 διὰ
3091 4711 3377 4779 νηστείαν;
3405 4713 3641 4782 Ἄρως,
3686 4713 3781 4765 καὶ

2203 4801 2364 4868 οἶνος,
2401 4805 2494 4857 καὶ
2522 4803 2718 4865 ἔλαιον,
2770 4802 2865 4854 καὶ
2909 4801 3011 4854 ὅσα
3049 4799 3204 4864 ἄλλα,
3254 4800 3388 4853 Θεοῦ
3436 4801 3576 4853 εἰσιν
3617 4801 3775 4872 ἔργα,

2203 4893 2297 4946 ὅλα
2329 4891 2465 4944 καλά
2501 4891 2594 4942 καὶ
2619 4887 2760 4941 καλά
2783 4889 2924 4942 λίαν.
2953 4887 3112 4956 Λέγει
3144 4885 3352 4950 Παῦλος
3371 4905 3385 4918 ο
3404 4885 3535 4942 Πᾶν
3552 4891 3786 4957 κτίσμα.

2207 4981 2352 5035 Θεοῦ
2406 4981 2621 5042 καλὸν,
2656 4977 2755 5032 καὶ
2798 4977 2978 5031 οὐδὲν
3023 4977 3402 5044 ἀπόϐλητον·
3459 4976 3616 5050 μευ]
3646 4979 3776 5047 μετ’

2201 5068 2583 5137 εὐχαριστίας
2631 5065 3100 5135 λαμϐάνωμενιδ·
3149 5064 3439 5132 ἁγιάζεται
3503 5065 3620 5133 γὰρ
3678 5064 3781 5119 διὰ

2202 5153 2388 5220 λόγου
2416 5148 2564 5204 Θεοῦ
2605 5149 2705 5202 καί
2747 5149 3085 5214 ἐντεύξεως.
3141 5148 3203 5200 Εἰ
3233 5144 3328 5201 οὖν
3361 5147 3691 5215 εὐλογεῖται,
3727 5149 3777 5201 εἱ

2200 5233 2292 5290 οὖν
2341 5233 2661 5303 ἁγιάζεται,
2710 5232 2852 5286 διατί
2896 5231 3242 5302 ἀπεχόμεθα;
3290 5231 3522 5284 Ἀδικίαι
3569 5232 3629 5285 δὲ
3680 5231 3778 5284 καὶ

2201 5318 2500 5384 πλεονεξίαι
2547 5319 2640 5372 καὶ
2692 5321 2758 5370 τὰ
2796 5317 3015 5369 τοιαῦτα
3043 5315 3136 5369 τοῦ
3179 5315 3423 5368 διαϐόλου
3462 5317 3597 5385 ἔργα
3643 5315 3776 5369 εἰσί.

2199 5403 2319 5456 Τῶν
2349 5403 2524 5474 ἔργων
2568 5401 2661 5456 τοῦ
2715 5401 2851 5454 Θεοῦ
2898 5402 3190 5469 ἀφίστασαι
3237 5399 3326 5453 διὰ
3367 5401 3644 5469 νηστείαν,
3684 5399 3777 5452 καὶ

2261 5605 2284 5632 ο
2311 5603 2420 5662 ςεν.
2445 5607 2497 5651 et
2519 5598 2772 5651 Comheﬂs.
2797 5598 3105 5662 distinguunt
3139 5599 3295 5654 καλῶς
3315 5597 3389 5646 ἀλ.
3416 5597 3460 5646 δ.
3483 5595 3608 5646 ϐιὸν
3641 5591 3778 5644 καλὰ

2193 5667 2277 5718 ,καὶ
2295 5661 2460 5711 ταῦτα.

2259 5728 2285 5766 δ
2309 5727 2419 5775 δάν.
2442 5731 2492 5774 ει
2515 5723 2637 5773 Bibl.
2661 5724 3026 5785 λαμϐανόμενον.
