4074 6308
295 355 399 417 169

294 473 444 540 culo;
488 485 651 528 unum
682 471 734 526 in
778 470 915 526 atrio
953 467 1201 525 exteriori
1244 468 1345 523 sub
1385 466 1502 532 dio;
1548 463 1691 519 aliud
1729 463 1866 517 intra

294 574 473 621 sancta
501 564 600 618 sub
627 572 784 618 tecto.
818 562 1040 617 Interius
1077 561 1242 615 altare
1270 558 1337 613 ad
1379 559 1651 612 incensum
1694 555 1867 609 solum

294 668 427 722 erat,
470 671 575 710 nou
615 655 679 709 ad
721 653 1033 709 effusionem
1078 652 1365 721 sanguinis.
1403 649 1650 703 Exterius
1690 655 1867 700 autem

293 751 458 804 altare
486 747 552 802 ad
580 747 824 800 animalia
850 760 967 815 quae
993 742 1415 805 immolabantur,
1445 741 1511 795 ad
1552 753 1712 809 panes
1739 752 1867 806 pro-

293 842 590 913 positionis,
620 849 674 896 et
711 839 777 894 ad
819 848 1012 893 caetera
1055 838 1317 908 quadam.
1347 834 1677 890 Exteriorem
1718 845 1865 885 aram

292 936 448 1008 jussit
475 934 727 989 Dominus
757 930 920 1002 Moysi
950 945 1013 984 ex
1056 927 1308 997 impolitis
1335 924 1596 995 lapidibus
1624 933 1861 984 struere;

293 1026 598 1082 interiorem
624 1038 752 1078 vero
782 1022 834 1076 in
861 1020 1221 1084 tabernaculo,
1250 1032 1316 1073 ex
1352 1030 1482 1070 auro
1508 1014 1692 1085 polito.
1729 1011 1865 1078 Quid

292 1123 468 1177 divina
496 1118 663 1190 gratia
696 1132 789 1188 per
818 1115 931 1169 haec
953 1112 1270 1177 subindicet,
1294 1124 1470 1180 operae
1494 1109 1725 1178 pretium
1752 1104 1867 1160 fue-

293 1216 363 1271 rit
400 1213 696 1283 explorare.
730 1210 871 1263 Duos
901 1221 1092 1276 nempe
1119 1203 1343 1273 populos
1373 1201 1465 1257 Dei
1493 1200 1676 1272 gloriae
1706 1198 1866 1252 mini-

293 1314 543 1368 strantes,
570 1313 798 1370 quorum
832 1312 971 1350 unus
1009 1294 1321 1356 ineruditus,
1351 1292 1486 1345 alter
1522 1289 1689 1359 probe
1716 1288 1868 1342 insti-

294 1405 437 1450 tutus
480 1394 567 1447 sit.
613 1392 710 1457 Qui
741 1392 794 1444 in
834 1389 1151 1443 dictionibus
1180 1386 1477 1441 solmcissat
1516 1393 1572 1438 et
1607 1380 1867 1437 barbarus

293 1498 392 1552 est,
422 1500 696 1542 sermones
721 1482 923 1554 profert
964 1489 1021 1535 ut
1055 1479 1256 1549 lapides
1294 1477 1595 1547 impolitus;
1632 1484 1864 1529 attamen

295 1582 329 1635 ii
374 1581 441 1634 ad
483 1577 667 1632 altaris
710 1584 1028 1631 Structuram
1081 1572 1380 1627 conferunt.
1425 1570 1628 1623 Rursus
1677 1581 1863 1621 aurum

293 1674 582 1743 expolitum
610 1672 872 1741 pretiosus
898 1668 1088 1723 dicitur
1118 1665 1286 1735 lapis;
1314 1675 1367 1717 at
1393 1676 1562 1732 neque
1584 1662 1669 1715 hic
1691 1660 1866 1715 extol-

294 1770 438 1835 litur,
471 1782 643 1836 neque
682 1766 770 1820 ille
808 1764 1034 1834 ejicitur.
1066 1762 1196 1815 Nam
1226 1769 1279 1814 et
1307 1759 1414 1813 illic
1442 1759 1611 1812 altare
1656 1757 1769 1823 Dei,
1813 1764 1868 1811 et

295 1861 379 1913 hic
401 1860 570 1912 altare
596 1858 708 1917 Dei.
741 1857 973 1926 Eratque
998 1869 1064 1910 ex
1090 1863 1315 1923 quatuor
1334 1849 1609 1920 speciebus
1630 1862 1868 1915 unguen—

295 1962 402 2005 tum
430 1951 806 2020 compositum,
844 1963 910 2004 ex
939 1956 1127 2013 stacte,
1155 1960 1223 2001 ex
1250 1959 1440 2015 onyce.
1471 1959 1534 1997 ex
1561 1942 1789 2012 galbano
1815 1950 1869 1995 et

294 2045 465 2099 thune.
495 2045 625 2111 Quia
662 2043 819 2113 igitur
847 2052 1167 2111 unguentum
1190 2038 1348 2092 variis
1369 2052 1433 2091 ex
1463 2036 1622 2090 rebus
1647 2048 1868 2103 compo-

296 2140 456 2201 nitur,
500 2137 772 2205 virtusque
818 2134 946 2188 item
989 2148 1054 2186 ex
1094 2129 1258 2185 variis
1298 2136 1528 2192 constat,
1563 2126 1680 2181 ideo
1719 2125 1863 2191 dicit,

293 2229 558 2299 Dirigutur
585 2228 745 2281 oratio
775 2243 881 2280 mea
909 2226 1035 2279 sicut
1061 2224 1316 2277 incensum
1354 2222 1407 2274 in
1448 2230 1711 2289 conspectu
1738 2227 1821 2271 tuo
1849 2233 1868 2270 .'

293 2323 735 2393 quemadmodum
768 2320 897 2374 illud
934 2334 997 2373 ex
1031 2318 1210 2372 multis
1236 2316 1605 2385 compositum,
1634 2322 1689 2367 et
1709 2327 1867 2365 uuam

293 2418 631 2487 fragrantiam
658 2417 927 2471 emittens.
974 2414 1107 2481 Quia
1144 2428 1265 2467 cum
1303 2411 1541 2465 oratione
1574 2406 1868 2477 ingreditur

292 2514 409 2582 quis
430 2511 633 2583 jejunio
670 2520 908 2572 ornatus,
951 2509 1308 2578 eleemosyna,
1347 2506 1470 2571 fide,
1502 2504 1699 2560 Similis
1727 2512 1864 2568 esto,

294 2606 483 2675 inquit,
512 2603 806 2675 quadrupla
836 2603 1004 2655 virtus
1050 2601 1266 2655 incenso
1308 2599 1405 2661 illi,
1454 2597 1594 2666 quod
1635 2596 1686 2650 in
1733 2610 1865 2651 con-

293 2708 475 2767 spectu
507 2708 597 2751 tuo
633 2696 895 2765 dirigitur.
938 2695 1027 2749 Sic
1065 2703 1116 2747 et
1158 2693 1338 2747 beatus
1379 2691 1539 2745 David
1574 2689 1698 2743 alibi
1735 2688 1808 2742 ait
1846 2703 1862 2742 :

293 2790 427 2844 Ecce
451 2806 601 2860 quant
626 2789 807 2842 bonum
838 2797 883 2840 et
920 2803 1068 2854 quam
1086 2786 1393 2856 jucundum,
1427 2782 1648 2835 habitare
1684 2782 1866 2851 fratres

291 2886 343 2938 in
371 2901 551 2949 unum,
584 2884 710 2937 sicut
736 2891 1042 2952 unguentum
1076 2882 1128 2932 in
1170 2881 1350 2947 capite,
1379 2878 1513 2947 quod
1538 2876 1788 2931 descendit
1812 2876 1866 2929 in

294 2976 517 3037 barbam,
548 2972 751 3027 barbam
778 2973 946 3026 Aaron
977 2970 1144 3042 (Psal.
1176 2971 1295 3024 1'52.
1326 2970 1375 3023 1.
1399 2968 1454 3040 2)
1478 2969 1491 3022 !
1519 2966 1757 3020 Similem
1787 2965 1866 3018 di-

292 3067 365 3122 cit
402 3067 676 3120 caritatem
723 3073 993 3134 unguento
1029 3061 1377 3129 sacerdotali,
1431 3060 1727 3115 orationem
1779 3057 1863 3111 in-

292 3174 458 3214 censo
487 3157 822 3212 sacerdotali.

363 3250 679 3306 Continentia
714 3248 978 3305 sacerdotii
1005 3264 1147 3301 soror
1172 3255 1261 3300 est.
1281 3276 1348 3286 —
1364 3244 1695 3301 Continentia
1722 3257 1862 3313 pra;-

294 3344 432 3398 ditus
484 3345 581 3398 es?
631 3342 816 3397 Frater
858 3357 917 3396 es
968 3340 1280 3394 sacerdotis.
1322 3337 1685 3392 Sacerdotium
1729 3334 1867 3389 forte

296 3450 397 3489 non
430 3435 618 3499 habeo,
643 3433 1024 3488 continentiam
1055 3432 1245 3486 habeo.
1271 3429 1436 3486 Soror
1467 3437 1548 3483 est
1590 3427 1867 3481 continen-

295 3530 363 3582 tia
400 3544 515 3582 mea
545 3527 828 3584 sacerdotii
860 3527 954 3580 tui.
986 3525 1134 3581 Unde
1161 3525 1299 3580 hoc?
1337 3522 1542 3577 Etenim
1573 3522 1721 3576 illum
1746 3534 1866 3575 esse

295 3630 495 3674 castum
526 3629 758 3688 oportet,
788 3620 874 3689 qui
905 3618 1205 3674 sacerdotio
1233 3618 1484 3687 fungitur,
1527 3627 1581 3671 et
1619 3630 1727 3681 me,
1775 3614 1866 3685 qui

298 3713 460 3765 Deum
488 3713 677 3766 enlam.
710 3711 763 3766 Si
794 3713 1090 3764 eaStitatem
1119 3710 1361 3775 habeam,
1392 3709 1745 3763 sacerdotium
1777 3722 1867 3761 ac-

295 3804 450 3872 cipio.
482 3802 755 3857 Uudenam
789 3802 931 3855 hoc?
958 3800 1118 3854 David
1151 3800 1355 3869 fugiens
1384 3815 1413 3852 a
1441 3799 1599 3853 Saule
1628 3798 1777 3852 venit
1801 3797 1867 3852 ad

298 3896 642 3949 Abiatharum
683 3894 756 3966 (a)
805 3909 1067 3947 summum
1110 3891 1473 3953 sacerdotem,
1512 3890 1691 3958 aitque
1731 3888 1808 3943 illi
1851 3907 1864 3941 :

298 3989 378 4041 Da
408 3989 528 4041 mihi
554 4005 706 4059 panes
732 3986 806 4059 (1.
838 3986 968 4057 Reg.
994 3985 1082 4039 2L
1115 3986 1169 4040 5.
1195 3986 1275 4054 4),
1299 3984 1418 4053 quia
1440 3990 1657 4051 repente
1677 3981 1869 4035 missus

298 4099 414 4137 sum
443 4098 473 4137 a
496 4098 638 4152 rege,
663 4090 716 4135 et
744 4080 928 4134 viatica
954 4094 1059 4133 non
1087 4078 1273 4131 habeo.
1305 4076 1609 4144 Respondet
1630 4087 1869 4128 summus

298 4176 548 4230 sacerdos
581 4177 752 4244 legum
790 4175 991 4245 peritus
1034 4188 1047 4225 :
1082 4170 1204 4225 Non
1241 4184 1313 4224 est
1341 4169 1481 4223 nobis
1526 4169 1671 4239 panis
1711 4166 1867 4230 alius,

300 4271 395 4323 nisi
423 4270 568 4340 panis
596 4278 815 4331 sanctus,
846 4282 991 4335 quem
1017 4281 1116 4318 non
1143 4265 1254 4317 licet
1283 4264 1390 4328 alii,
1422 4279 1573 4331 quam
1601 4260 1865 4325 sacerdoti,

300 4362 573 4416 comedere.
616 4360 750 4427 Quia
778 4360 937 4428 igitur
982 4356 1349 4410 necessitatem
1386 4354 1619 4416 videbat,
1652 4350 1871 4406 timebat

302 4471 426 4510 vero
454 4469 615 4523 panes
644 4450 1015 4522 propositionis
1039 4450 1266 4514 tradere,
1288 4448 1477 4518 quaerit
1498 4448 1563 4501 ab
1588 4446 1651 4500 iis
1671 4446 1761 4515 qui
1788 4459 1873 4499 sa-

301 4548 548 4603 cerdotes
593 4561 699 4601 non
745 4554 917 4610 erant,
959 4560 1025 4597 an
1074 4543 1191 4613 puri
1234 4552 1432 4605 essent,
1478 4541 1712 4609 dicitque
1755 4556 1768 4592 :
1811 4537 1873 4591 Si

301 4642 476 4695 mundi
501 4649 617 4693 sunt
642 4639 785 4711 pueri
822 4637 907 4708 qui
946 4647 1106 4689 tecum
1144 4645 1261 4689 sunt
1302 4635 1363 4687 ab
1406 4634 1664 4699 uxoribus,
1708 4647 1869 4686 sume.

301 4730 690 4786 Coutinentiam
731 4730 871 4784 enim
900 4727 1117 4798 putabat
1144 4742 1263 4781 esse
1299 4725 1583 4780 sacerdotii
1608 4738 1869 4778 sororem.

304 4829 381 4881 Ac
425 4842 491 4881 ne
534 4827 653 4895 quis
698 4826 749 4879 in
794 4823 1113 4878 calumniam
1161 4821 1451 4876 sacerdotis
1496 4820 1668 4874 trahat
1710 4817 1870 4883 illud,

303 4918 442 4987 quod
477 4933 638 4986 panes
659 4916 861 4970 dederit
884 4916 965 4978 iis,
990 4914 1076 4983 qui
1101 4913 1404 4968 sacerdotes
1428 4928 1530 4965 non
1552 4918 1725 4977 erant,
1751 4910 1888 4963 audi-

303 5013 572 5082 quomodo
599 5012 853 5066 Servatur
881 5010 930 5062 id
953 5009 1100 5077 quasi
1128 5008 1290 5077 probe
1322 5005 1515 5059 factum
1546 5019 1875 5060 commemo-

302 5116 405 5161 ret.
435 5106 749 5160 lncusahant
776 5102 1060 5173 aliquando
1086 5101 1355 5171 apostolus
1381 5098 1570 5163 Judzni,
1600 5097 1741 5168 quod
1768 5096 1876 5166 spi-

302 5212 394 5251 cas
436 5197 708 5257 vellerent,
754 5203 808 5248 et
845 5194 1084 5247 manibus
1118 5190 1471 5247 confricantes
1502 5188 1872 5251 comederent;

305 5288 497 5355 quibus
536 5285 611 5338 ait
647 5284 898 5338 Senator
930 5302 942 5337 :
979 5282 1098 5336 Non
1136 5283 1322 5352 legistis
1351 5281 1471 5351 quid
1499 5282 1668 5351 fecerit
1711 5280 1877 5334 David

307 5395 419 5431 cum
445 5376 651 5430 esuriret
668 5376 694 5429 ?
722 5392 874 5444 panes
904 5374 1258 5445 propositionis
1282 5374 1513 5434 comedit,
1545 5389 1670 5442 quos
1698 5388 1797 5427 non
1823 5371 1879 5424 li-

308 5468 448 5522 cebat
478 5467 522 5519 ei
561 5468 834 5531 comedere,
867 5484 955 5519 nec
981 5468 1041 5519 iis
1066 5468 1151 5535 qui
1179 5482 1291 5518 cum
1320 5464 1408 5518 illo
1437 5476 1597 5530 erant,
1630 5464 1717 5518 sed
1756 5462 1878 5517 solis

310 5556 649 5615 sacerdotibus
675 5552 823 5623 (Luc.
856 5558 906 5611 6.
934 5559 986 5611 5.
1018 5557 1095 5628 4).
1124 5557 1361 5611 Vidistin'
1383 5572 1618 5611 sororem
1650 5570 1767 5611 esse
1791 5569 1879 5609 sa-

374 5740 450 5804 (α)
487 5737 710 5804 nemoris
734 5735 908 5804 labitur
930 5736 1232 5804 Severianus.
1258 5737 1339 5789 Hic
1363 5736 1493 5789 enim
1522 5748 1620 5789 non
1634 5734 1879 5798 Abiathar,

314 5797 397 5853 sed
421 5797 706 5853 Achimelec
730 5800 837 5862 ejus
858 5804 996 5859 pater
1019 5802 1139 5845 erat.

1314 352 1400 407 ne
1434 346 1648 405 unum
1683 322 2088 401 CREATIONE'
2113 340 2367 403 ORATIO
2404 348 2491 403 tv.

3444 353 3551 409 ‘70

1978 460 2198 516 cerdotii
2227 463 2562 519 castitatem?
2588 464 2818 521 vidistin‘
2839 467 3106 538 quomodo
3128 467 3266 525 Deus
3292 482 3550 540 personas

1974 566 2079 606 non
2108 555 2346 624 recipiat,
2377 555 2469 609 sed
2497 557 2771 611 veritatem
2798 558 3078 628 exploret?

2046 645 2132 699 10.
2175 645 2541 717 Prreparemus
2573 662 2670 702 nos
2698 664 2827 719 ergo
2852 650 2917 704 ad
2948 650 3373 719 beneficentiam,
3399 663 3452 708 et
3481 653 3547 707 ad

1969 736 2247 805 juStitiam,
2281 748 2337 793 ut
2357 739 2613 809 jejunium
2661 744 2772 796 alas
2811 744 3050 811 accipiat.
3091 744 3549 811 Quemadmodum

1973 830 2116 884 enim
2145 832 2258 887 avis
2283 834 2493 886 nonnisi
2524 835 2725 889 alarum
2763 849 2864 904 ope
2895 838 3072 892 volare
3111 848 3285 907 potest
3320 857 3334 893 :
3376 839 3453 894 sic
3496 852 3552 896 et

1968 920 2227 991 jejunium
2251 924 2382 979 duas
2402 925 2560 981 habet
2580 927 2713 995 alas,
2739 928 3031 984 orationem
3053 939 3106 984 et
3125 930 3549 1003 eleemosynam,

1972 1016 2161 1084 quibus
2186 1018 2495 1073 destitutum
2524 1034 2732 1074 sursum
2768 1034 2983 1074 currere
3011 1021 3210 1089 nequit.
3246 1023 3377 1078 Vide
3413 1024 3551 1079 Cor-

1973 1111 2167 1166 nelium
2192 1127 2312 1166 cum
2338 1112 2541 1180 jejunio
2567 1112 2648 1166 his
2673 1127 2883 1182 quoque
2907 1112 3005 1167 alis
3033 1116 3379 1182 instructum;
3411 1132 3551 1186 qua-

1974 1213 2190 1273 pr0pter
2213 1213 2267 1258 et
2293 1220 2474 1259 vocem
2501 1204 2697 1259 audivit
2728 1204 2795 1259 de
2827 1205 2959 1259 caelo
2998 1224 3013 1260 :
3045 1205 3263 1274 Corneli,
3294 1209 3554 1264 orationes

1974 1304 2075 1349 tua:
2097 1306 2145 1348 et
2172 1296 2499 1365 eleemosyna:
2523 1307 2623 1350 tua:
2646 1297 2975 1351 ascenderunt
2999 1300 3067 1350 ad
3094 1297 3257 1351 Deum
3290 1300 3422 1369 (Act.
3453 1301 3543 1354 10.

1970 1390 2050 1460 4).
2084 1390 2249 1460 Finge
2276 1391 2469 1445 animal
2515 1406 2633 1447 esse
2670 1392 2951 1461 jejunium,
2993 1392 3285 1459 carissime,
3326 1393 3548 1462 ejusque

1971 1486 2083 1538 alas
2126 1498 2247 1539 esse
2284 1485 2674 1555 eleemosynam
2725 1493 2778 1538 et
2820 1485 3153 1549 orationem;
3204 1486 3317 1538 sine
3358 1486 3548 1553 quibus

1972 1592 2182 1632 sursum
2213 1575 2337 1631 ferri
2366 1593 2469 1631 non
2500 1577 2685 1646 possit.
2713 1576 2812 1643 Qui
2837 1576 2956 1629 talis
2981 1585 3080 1640 est,
3116 1576 3213 1629 etsi
3237 1591 3342 1629 non
3368 1577 3549 1644 loqua-

1972 1680 2077 1733 tur,
2109 1670 2370 1739 justitiam
2396 1684 2583 1737 magna
2613 1684 2744 1722 voce
2773 1668 2985 1722 clamat.
3017 1668 3201 1737 Magna
3232 1668 3425 1737 quippe
3460 1668 3550 1736 juc

1972 1763 2129 1815 stitia:
2152 1772 2367 1831 patrona
2399 1760 2566 1816 virtus
2589 1769 2688 1816 est.
2724 1761 2846 1815 Ideo
2872 1761 3035 1815 dicit:
3063 1762 3285 1825 Exaudi,
3310 1761 3547 1828 Domine,

1970 1854 2216 1923 justitiam
2244 1869 2427 1905 meam.
2460 1852 2695 1906 Primum
2726 1853 2901 1922 itaque
2923 1853 3319 1922 maximumque
3350 1854 3548 1907 bonum

1973 1956 2055 2000 est
2077 1944 2267 2009 oratio,
2295 1945 2630 2015 eleemosyua
2660 1953 2716 1999 et
2736 1946 2971 2013 justitia;
3002 1946 3143 2015 quod
3174 1957 3350 2001 autem
3376 1957 3550 2002 tutum

1974 2052 2054 2098 est
2083 2053 2136 2098 et
2166 2044 2536 2098 inconcussum
2568 2046 2909 2115 onmiumque
2951 2045 3121 2111 radix,
3155 2046 3248 2100 Dei
3290 2049 3545 2117 cognitio,

1975 2137 2238 2205 Unigeniti
2286 2136 2558 2201 atloratio,
2610 2136 2838 2206 Spiritus
2888 2138 3056 2192 sancti
3107 2137 3403 2205 confessio,
3444 2157 3549 2195 una

1972 2232 2103 2286 fides
2129 2232 2370 2295 indivisa,
2394 2247 2604 2295 secura,
2628 2241 2757 2299 tuta,
2783 2232 2939 2287 nullis
2963 2234 3198 2303 partibus
3218 2235 3402 2291 scissa.
3430 2236 3549 2291 Jam

1972 2326 2166 2378 dictum
2197 2334 2280 2379 est
2316 2326 2457 2395 quod
2487 2325 2725 2379 dicturus
2767 2340 2907 2390 sum,
2950 2335 3181 2381 attamen
3226 2343 3435 2382 rursum
3468 2328 3551 2383 di-

1971 2430 2107 2468 cam.
2152 2414 2292 2469 Deus
2330 2417 2542 2484 sapiens
2570 2431 2689 2469 cum
2734 2417 2822 2482 sit,
2868 2419 3107 2486 permisit
3148 2429 3207 2473 ut
3247 2420 3475 2475 lia-reses
3517 2436 3549 2475 a

1971 2505 2085 2558 suis
2109 2505 2415 2560 auctoribus
2455 2507 2897 2577 dogmatibusque
2929 2525 3122 2564 nomen
3164 2509 3461 2578 haberent,
3490 2522 3549 2566 ut

1970 2595 2093 2652 hinc
2125 2599 2350 2668 liqueret
2390 2616 2493 2654 non
2527 2600 2619 2655 Dei
2660 2601 2951 2655 doctrinam
2974 2643 2988 2668 ,
3031 2603 3124 2657 sed
3156 2604 3428 2659 hominum
3460 2606 3545 2659 in-

1970 2704 2189 2750 ventum
2216 2711 2335 2751 esse
2362 2696 2570 2751 illorum
2599 2698 2910 2767 opiniones;
2942 2702 3169 2768 exempli
3214 2717 3370 2755 causa
3392 2742 3405 2765 ,
3439 2702 3549 2755 Ma-

1968 2789 2246 2844 cedoniani
2268 2806 2295 2843 a
2318 2790 2645 2857 Macedonio,
2670 2792 2851 2846 Ariani
2873 2793 2939 2848 ab
2969 2795 3116 2858 Ario,
3142 2794 3453 2848 Eunomiani
3476 2794 3546 2848 ab

1969 2883 2248 2938 Eunomio.
2280 2884 2534 2938 Similiter
2562 2895 2614 2937 et
2640 2884 2858 2955 reliquae
2888 2883 3141 2940 haereses.
3168 2886 3545 2954 Apostolorum

1967 2992 2096 3032 vero
2119 2976 2276 3031 fidem
2302 2991 2421 3031 cum
2446 2978 2811 3033 intemeratam
2842 2993 3059 3035 servare
3084 2979 3262 3042 vellet,
3293 2994 3396 3033 non
3428 2994 3547 3047 pcr-

1968 3070 2114 3124 misit
2142 3079 2200 3124 ut
2222 3070 2289 3125 ab
2309 3070 2523 3126 homine
2548 3087 2741 3128 nomen
2768 3073 3027 3129 haberet:
3050 3073 3254 3127 etiamsi
3284 3072 3422 3127 enim
3449 3087 3546 3127 nos

1968 3172 2161 3217 vocent
2190 3163 2608 3227 Homousiastas,
2640 3180 2745 3219 non
2785 3166 2883 3219 viri
2931 3175 3107 3221 tamen
3138 3180 3331 3220 nomen
3367 3165 3545 3233 profe-

1969 3263 2111 3317 runt,
2146 3254 2238 3308 sed
2270 3253 2425 3309 fidem
2451 3255 2759 3324 pra‘dicant.
2790 3255 2942 3322 Quod
2969 3256 3109 3309 enim
3150 3256 3218 3309 ab
3247 3254 3546 3309 hominibus

1969 3361 2162 3399 nomen
2205 3345 2419 3411 habere,
2465 3361 2570 3399 non
2612 3347 2681 3400 sit
2716 3346 2966 3410 fidelium,
3009 3347 3099 3401 sed
3150 3344 3543 3407 hazretieorum,

1969 3439 2044 3492 ait
2093 3438 2284 3493 l‘aulus
2322 3438 2627 3492 Corinthios
2669 3439 2989 3507 redarguens
3040 3455 3052 3491 :
3102 3437 3267 3490 Audio
3311 3438 3363 3490 in
3411 3437 3547 3490 vobis

1968 3532 2240 3585 schismata
2266 3547 2387 3592 esse,
2413 3547 2528 3583 nam
2548 3531 2678 3585 alius
2697 3530 2895 3601 quidem
2922 3529 3080 3582 dicit:
3107 3528 3211 3598 Ego
3231 3544 3342 3581 sum
3374 3527 3544 3595 Pauli,

1970 3644 2060 3696 ego
2089 3636 2252 3679 autem
2280 3626 2484 3697 Apollo,
2515 3643 2604 3697 ego
2632 3640 2742 3679 vero
2768 3622 2951 3693 Caplla:
2980 3623 3055 3695 (1.
3085 3622 3199 3675 Cor.
3233 3623 3283 3675 1.
3320 3623 3404 3676 11.
3435 3622 3544 3690 12).

1974 3721 2159 3775 Viden’
2178 3721 2246 3774 ab
2273 3720 2574 3774 hominibus
2599 3718 2888 3787 nuncupari
2915 3717 3257 3771 sehismatum
3284 3731 3403 3771 esse
3426 3731 3549 3785 pro-

1971 3813 2181 3883 prium?
2210 3814 2401 3868 Annon
2431 3811 2534 3867 fide
2563 3812 2771 3881 dignior
2799 3810 2987 3866 Petrus
3026 3808 3371 3863 Macedonio?
3399 3810 3547 3876 Apo-

1972 3909 2228 3961 stolOrum
2256 3907 2467 3959 nomina
2494 3904 2699 3975 fugiunt
2730 3919 2849 3975 quae
2875 3904 3056 3975 gloriae
3094 3901 3290 3958 Christi
3319 3901 3543 3965 cedant;

1973 4011 2028 4055 tu
2057 4017 2182 4055 vero
2219 3999 2418 4054 scindis
2462 3998 2641 4063 fidem,
2685 3998 2968 4053 indivisum
3001 4013 3244 4067 regnum,
3276 3997 3549 4066 insepara-

1971 4092 2133 4148 bilem
2164 4091 2426 4161 gloriam?
2456 4090 2649 4145 Verum
2679 4089 2933 4145 hactenus
2962 4107 2974 4143 :
3006 4088 3262 4143 habemus
3288 4087 3429 4143 enim
3460 4088 3547 4142 lu-

1972 4200 2187 4239 cernam
2217 4192 2271 4239 et
2300 4182 2479 4238 lumen
2512 4201 2524 4236 :
2555 4198 2675 4236 nam
2704 4180 2933 4234 Lucerna
2960 4182 3166 4251 pedibus
3195 4181 3317 4235 meis
3344 4180 3548 4234 verbum

1975 4288 2134 4341 tuum,
2163 4285 2208 4329 et
2239 4276 2407 4329 lumen
2434 4275 2620 4329 semitis
2644 4274 2766 4327 meis
2794 4273 2963 4345 (Psal.
3002 4272 3122 4327 118.
3153 4272 3300 4341 105).
3328 4270 3434 4327 Cur
3462 4271 3545 4326 lu-

1974 4370 2170 4425 cerna?
2195 4383 2289 4421 cur
2331 4367 2452 4421 lux?
2487 4366 2724 4421 Lucerna
2770 4365 2965 4435 quippe
3011 4363 3424 4430 catcchumenis,
3458 4362 3550 4417 lux

1974 4466 2038 4520 iis
2075 4464 2162 4534 qui
2203 4461 2389 4517 initiati
2431 4460 2699 4531 mysteriis
2731 4467 2872 4514 sunt.

2043 4556 2306 4626 Jejunium
2328 4569 2442 4607 cum
2467 4553 2608 4609 bonis
2634 4552 2863 4621 aperibus
2887 4552 3209 4621 conjunctum
3238 4564 3343 4602 esse
3383 4546 3546 4601 debet.

1975 4650 2205 4719 —-'Rogo
2234 4646 2506 4701 caritatem
2533 4655 2783 4710 vestram,
2815 4652 2871 4698 ut
2895 4642 3264 4697 intemeratum
3292 4640 3549 4711 jejunium

1977 4752 2210 4798 vestrum
2256 4740 2500 4805 servetis,
2546 4737 2881 4808 impollutum
2930 4735 2998 4789 ab
3039 4732 3314 4804 injustitia,
3360 4745 3548 4800 purum

1976 4834 2045 4889 ab
2069 4832 2310 4888 avaritia.
2342 4829 2472 4885 Vide
2509 4827 2785 4883 stultitiam
2825 4841 3027 4889 eorum,
3060 4826 3148 4895 qui
3177 4822 3551 4879 abstinentiam

1978 4941 2007 4979 a
2050 4925 2184 4980 cibis
2219 4931 2505 4985 sectantur,
2548 4935 2647 4974 nec
2688 4927 2875 4973 curant
2910 4932 2940 4971 a
2988 4916 3218 4985 peccatis
3256 4914 3546 4968 abstinere.

1948 5002 2092 5073 Non
2127 5017 2271 5083 bibo,
2323 5015 2510 5084 inquit,
2554 5013 2754 5073 vinum,
2800 5026 2906 5066 non
2945 5009 3165 5065 comedo
3205 5008 3402 5069 oleum,
3443 5017 3551 5056 non

1979 5110 2082 5164 edo
2109 5122 2315 5165 carnes.
2343 5107 2488 5161 Bene
2515 5120 2643 5159 sane
2667 5103 2779 5157 htec
2803 5111 3018 5172 propter
3039 5100 3202 5154 Deum
3233 5101 3511 5150 servantur
3534 5109 3548 5144 :

1982 5202 2096 5256 hzec
2124 5202 2260 5256 bona
2290 5208 2446 5263 sunt;
2476 5197 2570 5252 sed
2599 5211 2710 5251 rem
2738 5206 3056 5263 quaeramus.
3090 5188 3263 5249 Panis,
3295 5198 3451 5255 aqua,
3476 5181 3555 5234 vi-

1981 5311 2129 5359 num,
2161 5309 2367 5359 carnes,
2414 5290 2611 5352 oleum,
2660 5289 2772 5342 haec
2810 5287 2983 5341 omnia
3027 5284 3120 5337 Dei
3165 5293 3326 5349 opera
3371 5284 3494 5330 sunt
3536 5289 3553 5327 :

1982 5390 2198 5445 avaritia
2247 5401 2404 5452 vero,
2448 5383 2704 5454 injustitia
2748 5390 2801 5436 et
2843 5380 3084 5449 impietas
3123 5387 3257 5445 opus
3290 5379 3415 5425 sunt
3441 5368 3557 5423 dia-

1984 5483 2108 5539 boli.
2140 5484 2184 5535 A
2214 5481 2307 5535 Dei
2332 5480 2581 5549 operibus
2620 5475 2854 5530 abstines
2894 5478 3109 5541 propter
3133 5464 3415 5535 jejunium,
3443 5470 3496 5515 et
3521 5475 3550 5514 a

1984 5576 2177 5632 diaboli
2205 5573 2457 5644 operibus
2493 5586 2596 5625 non
2625 5568 2857 5623 abstines
2885 5569 3097 5631 propter
3131 5554 3425 5628 jejunium?
3451 5553 3553 5609 Pa-

1987 5671 2089 5735 nis,
2119 5668 2322 5733 vinum,
2353 5667 2547 5725 oleum,
2590 5670 2643 5714 et
2681 5660 2725 5713 si
2771 5670 2871 5725 qua
2915 5652 3036 5712 alia,
3079 5650 3172 5704 Dei
3219 5655 3342 5701 sunt
3371 5661 3556 5715 Opera,

1988 5771 2174 5819 cuncta
2206 5763 2339 5815 bona
2372 5766 2424 5809 et
2462 5751 2743 5808 admodum
2784 5748 2939 5800 bona.
2973 5741 3060 5795 Ait
3094 5739 3288 5795 Paulus
3330 5756 3344 5792 :
3373 5736 3563 5809 .Omnis
