4074 6308
517 333 616 389 ΓΗ

512 461 742 507 creatura
768 449 865 503 Dei
890 448 1038 513 bona,
1066 456 1112 502 et
1138 447 1266 501 nihil
1294 446 1638 513 reﬁciendum,
1668 444 1801 514 quod
1830 460 1945 497 cunt
1970 460 2088 511 gra-

513 547 697 596 tiarum
725 543 920 596 actione
940 542 1276 612 percipiamus
1295 557 1312 593 :
1333 540 1675 607 sanctificatur
1703 539 1834 593 enim
1861 553 1948 605 per
1972 554 2085 590 ver-

511 637 626 688 bum
652 633 746 687 Dei
771 642 818 687 et
842 634 1118 688 orationem
1149 632 1223 703 (1.
1255 631 1389 685 Tim.
1423 633 1477 685 4.
1504 632 1555 684 4.
1580 631 1656 700 5).
1688 630 1744 683 Si
1774 645 1900 699 ergo
1926 630 2087 682 bene-

510 726 724 791 dicitur,
747 725 790 779 si
814 738 941 795 ergo
962 724 1339 789 sanetilicatur,
1368 739 1463 777 cur
1483 722 1847 776 abstinemus?
1871 719 2085 789 lujusti-

509 819 577 871 tia
604 827 801 886 autem,
831 818 1078 883 avaritia,
1101 826 1155 873 et
1176 818 1219 872 si
1246 832 1350 888 qua
1378 818 1503 879 alia,
1530 814 1723 870 diaboli
1754 822 1878 869 sunt
1899 827 2081 883 Opera.

508 910 591 962 Ab
632 910 881 979 operibus
924 910 1020 964 Dei
1059 908 1295 964 abstines
1346 918 1567 978 propter
1603 910 1881 979 jejunium;
1925 918 1981 962 et
2019 906 2086 961 ab

509 1002 758 1069 operibus
810 1001 1007 1056 diaboli
1068 1017 1173 1055 non
1236 1002 1471 1056 abstines
1524 1011 1739 1071 prOpler
1792 1000 2085 1070 pietatem?

509 1093 688 1161 Atqui,
730 1092 941 1159 fratres,
989 1092 1244 1148 adversus
1287 1108 1406 1147 cum
1441 1093 1529 1162 qui
1567 1107 1671 1147 non
1712 1092 1934 1164 jejunat,
1978 1106 2082 1145 non

508 1184 711 1251 prolata
744 1185 1003 1238 sententia
1028 1192 1130 1250 est,
1153 1184 1405 1240 adversus
1430 1200 1548 1237 eum
1576 1194 1772 1249 autem,
1796 1184 1882 1254 qui
1905 1184 2084 1253 inique

506 1277 633 1346 agit,
664 1292 878 1346 poenam
920 1278 1314 1333 interminatur.
1349 1279 1430 1333 Ab
1472 1279 1536 1333 iis
1569 1294 1687 1348 qua:
1719 1278 1929 1332 innoxia
1959 1285 2084 1332 sunt

507 1382 794 1433 cavemus,
852 1384 950 1423 nec
998 1384 1247 1424 cavemus
1298 1368 1365 1424 ab
1417 1371 1515 1436 iis,
1566 1385 1684 1438 qua:
1737 1381 1863 1423 sunt
1910 1368 2081 1437 culpze

506 1460 752 1515 obnoxia.
785 1462 929 1516 Bona
959 1477 1046 1517 res
1083 1471 1165 1517 est
1201 1463 1559 1534 eleemosyna,
1598 1479 1717 1532 qua:
1745 1463 1922 1533 specie
1959 1461 2080 1530 qui-

505 1549 627 1604 dem
655 1551 929 1621 dispergit,
964 1568 1022 1607 re
1059 1562 1233 1607 autem
1275 1563 1577 1623 congregat.
1623 1552 2076 1619 Quemadmodum

506 1641 648 1694 enim
674 1643 903 1711 agricola
933 1654 1087 1699 terra:
1114 1646 1423 1709 faeneratur,
1443 1663 1507 1700 ex
1534 1661 1633 1714 qua
1662 1646 1863 1700 semina
1886 1660 2078 1712 exspe-

506 1742 651 1786 ctat:
703 1735 780 1788 sic
823 1735 1162 1807 eleemosyna
1198 1737 1325 1791 dum
1369 1738 1484 1792 aliis
1518 1737 1631 1792 dari
1678 1738 1906 1801 videtur,
1956 1752 2079 1791 vere

505 1824 651 1878 danti
682 1829 940 1881 recondit.
972 1828 1103 1882 Nam
1127 1829 1200 1883 ait
1229 1830 1391 1883 David
1435 1848 1447 1883 :
1478 1829 1747 1898 Dispersit,
1782 1830 1917 1882 dedit
1947 1846 2076 1897 pau-

506 1915 723 1983 peribus,
748 1918 942 1986 iustitia
970 1921 1078 1989 eius
1105 1931 1268 1974 manet
1298 1922 1348 1974 in
1370 1923 1613 1976 saxulum
1645 1920 1814 1990 (Psat.
1848 1922 1969 1977 111.
1996 1921 2075 1988 9).

505 2005 593 2061 Sic
617 2007 938 2077 jejunemus,
968 2013 1047 2067 sic
1072 2012 1375 2079 adoremus,
1407 2014 1482 2067 sic
1519 2014 1820 2078 credamus,
1868 2013 2076 2066 Patrem

503 2099 879 2168 glorificantes,
926 2102 1119 2159 Filium
1163 2104 1373 2175 hymnis
1422 2106 1782 2169 alebrantes,
1822 2104 2073 2172 Spiritum

503 2201 741 2248 sanctum
770 2195 1073 2261 adorantes,
1099 2197 1218 2266 quia
1244 2198 1341 2266 ipsi
1366 2197 1531 2266 gloria
1559 2198 1610 2251 in
1633 2196 1847 2251 saecula.
1881 2198 2071 2251 Amen.

747 2330 991 2399 Ejusdem
1019 2331 1071 2384 in
1113 2332 1336 2399 quintam
1372 2332 1502 2384 diem
1542 2332 1825 2385 creationis.

572 2466 623 2520 1.
651 2464 809 2519 Multa
836 2466 1046 2535 quidem
1067 2482 1361 2537 magnaque
1389 2483 1418 2521 a
1440 2467 1815 2537 benignissimo
1839 2468 1947 2522 Deo
1978 2468 2073 2522 ho—

500 2556 731 2610 minibus
759 2571 1011 2611 concessa
1038 2573 1259 2612 munera
1282 2568 1437 2623 sunt;
1484 2559 1708 2628 primum
1753 2568 1929 2612 autem
1957 2562 2072 2626 ejus

500 2648 897 2717 maximumque
926 2648 1122 2703 donum
1149 2660 1229 2704 est
1263 2647 1652 2718 Scripturarmn
1698 2652 1955 2706 doctrina.
1980 2653 2071 2707 Sol

498 2739 641 2792 enim
668 2748 721 2793 et
773 2740 914 2805 luna,
964 2742 1241 2810 omnisque
1283 2742 1552 2796 stellarum
1584 2742 1811 2810 chorus,
1854 2743 2070 2800 ﬂumina

450 2844 460 2856 ·
497 2830 648 2897 item,
680 2830 870 2895 fontes,
899 2841 955 2887 et
982 2832 1147 2899 lacus,
1173 2833 1238 2888 ad
1267 2849 1549 2905 corporum
1574 2852 1726 2891 usum
1750 2835 1885 2891 facta
1913 2848 2066 2904 sunt;

497 2937 663 2976 sacrae
692 2938 821 2977 vero
847 2924 1155 2995 Scripturze,
1200 2927 1265 2981 ad
1300 2930 1593 2983 animarum
1644 2932 2069 2988 emendationem

497 3022 621 3065 sunt
645 3013 797 3067 datm.
828 3014 1036 3081 Quanto
1059 3028 1233 3071 autem
1262 3019 1434 3071 anima
1453 3035 1674 3088 corpore
1698 3023 1939 3090 superior
1965 3033 2066 3091 est,

498 3113 645 3158 tanto
670 3108 915 3175 superius
941 3107 1060 3162 aliis
1105 3118 1188 3163 est
1224 3109 1520 3164 divinarum
1550 3112 1938 3182 Scripturarum
1968 3116 2069 3169 do-

496 3210 642 3249 num.
668 3196 790 3252 Ideo
816 3199 889 3253 ait
913 3198 1161 3255 Servator
1187 3221 1199 3255 :
1224 3200 1535 3256 Sci-utamini
1553 3203 1864 3273 Scripturas,
1884 3206 1935 3260 in
1958 3209 2069 3276 qui-

496 3286 585 3343 bus
629 3290 863 3345 videmini
906 3292 1057 3345 vitam
1102 3302 1339 3347 wternam
1368 3295 1547 3349 habere
1590 3296 1780 3365 (Joan.
1827 3299 1882 3352 5.
1934 3297 2062 3369 59).

496 3380 806 3436 Scrutemur
824 3397 952 3454 ergo
981 3385 1256 3440 thesauros
1282 3387 1671 3456 Scripturarum
1691 3431 1707 3456 ,
1739 3399 1793 3443 et
1817 3406 1932 3459 quae
1955 3391 2068 3459 pol-

493 3470 622 3525 liciti
677 3487 860 3529 sumus
907 3474 1298 3545 aggrediamur,
1352 3478 1687 3549 hominisque
1739 3482 2063 3537 creationem

492 3577 590 3631 pro
618 3563 754 3617 virili
788 3574 966 3619 nostra
988 3566 1276 3621 ordiamur.
1308 3567 1476 3623 Nemo
1504 3585 1631 3624 vero
1649 3587 1854 3625 rursum
1884 3588 2063 3642 repre-

490 3654 689 3710 hendat
739 3672 801 3711 ea
849 3673 967 3728 qua:
1014 3660 1307 3714 accuratius
1351 3661 1733 3731 exploramus:
1774 3662 1875 3717 hoc
1921 3664 2062 3718 enim

491 3748 701 3805 illorum
751 3752 1022 3822 proprium
1063 3763 1144 3808 est
1169 3754 1258 3823 qui
1287 3755 1468 3824 nugari
1496 3755 1728 3819 student,
1756 3771 1816 3811 ea
1847 3772 2065 3826 carpere

491 3858 608 3910 quae
637 3858 664 3895 a
693 3843 800 3899 Deo
826 3852 1019 3899 statuta
1042 3853 1184 3911 sunt,
1215 3853 1270 3900 et
1291 3861 1353 3900 ea
1382 3862 1501 3917 quae
1521 3857 1769 3903 accurate
1818 3848 2065 3903 dicuntur

490 3935 906 4004 reprehendere.
937 3938 1126 3991 Audivi
1157 3937 1233 3991 sic
1256 3938 1555 3993 incusantes
1584 3958 1595 3991 :
1626 3939 1753 4007 Quae
1779 3942 2066 3995 necessitas

491 4034 607 4079 erat
630 4025 697 4079 de
724 4027 841 4095 igne
871 4038 925 4083 et
968 4044 1101 4099 aqua
1142 4028 1257 4083 ιιωο
1299 4028 1478 4084 dicere
1502 4048 1514 4083 :
1538 4031 1724 4086 stridet
1754 4032 1909 4103 ignis,
1944 4048 2063 4089 cum

491 4130 626 4187 aqua
654 4119 705 4171 in
733 4134 857 4173 eum
906 4120 1179 4189 injicitur?
1207 4111 1334 4187 Nos,
1381 4123 1608 4191 aiebant,
1633 4139 1737 4179 non
1769 4142 1944 4181 rerum
1975 4143 2068 4181 na-

493 4209 740 4263 turalium
780 4209 1201 4281 disquisitionem
1246 4215 1552 4285 quzcrimus,
1599 4217 1693 4272 sed
1744 4218 2062 4274 divinarum.

489 4302 638 4357 Scias
668 4311 842 4357 autem
876 4316 1101 4373 Oportet,
1147 4307 1258 4359 hanc
1286 4308 1444 4361 verba
1477 4310 1781 4378 ignavorum
1818 4322 1869 4365 et
1920 4312 2064 4365 iner-

491 4397 619 4449 tium
642 4410 759 4452 esse
786 4399 1077 4453 hominum.
1107 4400 1232 4455 Post
1258 4400 1572 4471 theologiam
1598 4405 1737 4458 enim
1761 4421 1937 4459 rerum
1973 4423 2064 4459 na-

491 4487 741 4542 turalium
763 4492 1028 4544 enarratio
1049 4492 1229 4561 pietati
1247 4491 1644 4549 fundamentum
1667 4498 1868 4565 praebet
1889 4515 1903 4549 :
1924 4500 2062 4567 quod

493 4578 538 4631 si
594 4580 906 4634 naturalium
939 4599 1114 4636 rerum
1167 4588 1722 4641 commemorationem
1748 4589 2060 4667 eliminatur,

491 4681 743 4727 accusent
766 4674 1070 4743 prophetas,
1101 4680 1368 4747 apostolos
1394 4690 1634 4751 arguant.
1671 4683 1955 4751 Apostolus
1978 4700 2063 4739 res

492 4763 762 4820 naturales
790 4774 1019 4820 tractat:
1059 4786 1076 4818 ‹
1114 4768 1230 4824 Non
1264 4772 1437 4826 omnis
1478 4787 1603 4826 caro
1659 4773 1844 4827 eadem
1893 4789 2059 4838 caro;

493 4856 585 4909 sed
639 4855 740 4910 alia
787 4872 912 4911 caro
968 4857 1259 4926 hominum,
1304 4862 1403 4915 alia
1445 4862 1823 4931 jumentorum,
1854 4863 1955 4915 alia
1988 4864 2066 4930 pi-

493 4948 684 5013 scium,
716 4948 818 5003 alia
861 4948 1068 5011 avium;
1101 4959 1153 5004 et
1197 4966 1417 5021 corpora
1462 4953 1713 5015 caelestia,
1745 4963 1797 5005 et
1840 4968 2064 5021 corpora

494 5049 702 5094 terrena
729 5059 753 5092 s
798 5038 892 5113 (1.
939 5040 1058 5095 Cor.
1090 5042 1174 5097 15.
1207 5042 1295 5098 59.
1337 5045 1405 5099 40
1429 5047 1466 5115 ).
1508 5046 1613 5099 Cur
1646 5045 1897 5098 naturalia
1926 5046 2065 5100 edis-

492 5132 622 5186 serit
652 5130 863 5195 Paulus,
896 5141 949 5186 et
970 5148 1033 5188 ex
1060 5135 1271 5186 musicis
1296 5135 1656 5190 instrumentis
1676 5138 2064 5191 accusationem

493 5224 737 5291 instituit,
767 5233 821 5280 et
840 5227 910 5280 ait
934 5244 947 5281 :
987 5246 1004 5278 ι
1031 5226 1159 5281 Tam
1181 5227 1363 5292 multa,
1391 5238 1449 5280 ut
1481 5237 1624 5296 puta,
1645 5243 1834 5297 genera
1862 5212 2061 5300 lingua-

494 5331 612 5369 rum
644 5325 767 5370 sunt
796 5318 846 5370 in
879 5316 1095 5382 mundo,
1122 5326 1174 5370 et
1196 5317 1323 5370 nihil
1347 5318 1461 5371 sine
1486 5334 1614 5371 voce
1637 5318 1753 5371 est?
1782 5319 1990 5374 Etenim
2016 5323 2060 5376 si

493 5408 751 5464 incertam
784 5425 965 5464 vocem
988 5410 1191 5465 dederit
1217 5409 1357 5475 tuba,
1386 5411 1501 5480 quis
1522 5410 1727 5480 parabit
1754 5427 1812 5466 se
1842 5412 1905 5467 ad
1930 5429 2064 5483 prse-

495 5501 663 5555 lium?
688 5505 798 5559 sive
820 5505 965 5570 tibia,
1010 5503 1121 5560 sive
1150 5504 1368 5569 cithara,
1412 5504 1509 5557 nisi
1540 5504 1927 5559 distinctionem
1978 5521 2062 5561 so-

496 5594 701 5650 nituum
730 5596 991 5663 dederint,
1020 5599 1285 5668 quomodo
1316 5607 1665 5667 cognoscetur
1693 5597 1741 5652 id
1769 5602 1907 5669 quod
1939 5601 2060 5655 tibia

497 5694 589 5739 aut
632 5687 771 5754 quod
802 5688 1000 5743 cithara
1056 5691 1260 5744 canitur
1297 5709 1315 5741 ι
1351 5690 1441 5759 (1.
1479 5689 1595 5743 Cor.
1627 5690 1711 5743 14.
1743 5692 1827 5743 10.
1860 5692 1912 5745 8.
1946 5693 2063 5763 7)?

500 5773 637 5845 Quid
663 5776 807 5832 Pauli
826 5780 999 5849 lingua
1036 5794 1318 5838 commune
1346 5780 1577 5837 habebat
1606 5798 1724 5837 cum
1759 5784 1880 5837 tibia
1909 5795 1960 5838 et
1982 5786 2058 5838 ci-

1894 375 1897 378 .
1920 322 2289 383 SEVERIANI

3664 332 3765 391 ΠΩ

2197 440 2385 496 thara?
2412 440 2515 497 Sed
2545 442 2943 512 philosrmhatur
2965 459 3056 523 ,οι
3102 444 3168 500 iis
3210 458 3330 517 qum
3359 448 3458 503 sub
3494 460 3769 519 aspectum

2191 532 2407 597 cadunt,
2441 542 2497 585 ut
2534 548 2594 587 ea
2622 532 2854 587 declaret
2891 550 3009 603 qua:
3048 535 3317 591 intellectu
3347 541 3766 608 perspiciuntur.

2190 623 2327 693 Quid
2380 640 2597 681 necesse
2647 637 2763 680 erat
2805 628 2856 680 in
2911 628 3045 681 libro
3092 626 3211 695 Job,
3261 629 3329 684 de
3375 639 3454 684 tot
3505 634 3771 703 tantisque

2190 715 2519 769 naturalibus
2588 717 2748 771 rebus
2813 719 3064 772 tractari?
3120 738 3140 770 ‹
3193 719 3385 775 Leonis
3453 720 3707 776 fortitudo
3751 765 3768 790 ,

2190 811 2372 864 lezena:
2394 826 2516 877 vox,
2544 811 2789 880 superbia
2833 812 3121 867 draconum
3170 814 3429 869 exstincta
3474 823 3575 869 est.
3623 816 3768 886 Myr-

2192 904 2462 959 mecoleon
2524 906 2716 974 periit,
2780 921 2844 959 eo
2908 905 3047 975 quod
3113 921 3217 960 non
3290 906 3509 963 haberet
3566 924 3763 963 escanu

2189 996 2322 1049 Pulli
2369 1006 2543 1050 autem
2587 998 2850 1051 vulturum
2880 998 2983 1051 alte
3008 997 3189 1051 volant
3212 1016 3231 1049 ι
3262 997 3414 1069 (Job.
3439 999 3490 1053 4.
3520 999 3608 1053 10.
3639 1002 3697 1053 11
3728 1006 3768 1069 ).

2187 1088 2296 1143 Cur
2344 1090 2479 1143 alius
2528 1090 2781 1159 prapheta
2838 1090 3083 1153 dicebat,
3147 1089 3470 1157 «Quomodo
3507 1092 3551 1145 si
3592 1104 3770 1146 sumat

2188 1180 2272 1234 leo
2295 1189 2349 1236 et
2376 1183 2565 1252 rapiat,
2608 1191 2763 1251 atque
2789 1184 2959 1251 rugiat
2982 1196 3143 1251 super
3173 1182 3426 1251 praedam,
3448 1192 3503 1237 et
3521 1184 3769 1254 replean-

2188 1282 2276 1327 tur
2300 1283 2505 1329 montes
2534 1290 2662 1328 voce
2684 1274 2797 1342 ejus
2831 1294 2848 1326 ι
2911 1273 3075 1345 (Isai.
3122 1274 3338 1346 51.4)?
3377 1274 3600 1345 Ipseque
3643 1278 3767 1332 Ser-

2184 1374 2336 1419 vator
2363 1365 2430 1420 de
2473 1365 2798 1421 naturalibus
2842 1366 3000 1420 rebus
3043 1367 3473 1421 sermocinatur:
3520 1386 3538 1418 ι
3575 1366 3762 1422 Simile

2185 1465 2510 1525 cstrognum
2553 1457 2802 1510 cmlorum
2850 1470 3015 1525 grano
3054 1456 3276 1525 sinapis,
3303 1456 3444 1526 quod
3487 1458 3764 1512 minimum

2184 1557 2265 1602 est
2288 1549 2532 1603 omnibus
2562 1549 2873 1613 seminibus,
2903 1564 3022 1603 cum
3062 1559 3240 1604 autem
3283 1551 3533 1615 creverit,
3592 1551 3767 1621 majus

2182 1649 2265 1694 est
2293 1641 2538 1694 omnibus
2557 1640 2788 1695 oleribus
2821 1660 2841 1693 ι
2887 1639 3105 1710 (Matth.
3139 1641 3226 1695 15.
3250 1642 3339 1695 51.
3375 1642 3444 1696 52
3467 1642 3485 1712 )
3512 1660 3524 1696 :
3549 1657 3611 1697 ac
3639 1659 3763 1696 rur—

2182 1744 2339 1784 sum:
2379 1748 2398 1781 ι
2460 1729 2645 1785 Simile
2695 1739 2778 1785 est
2830 1746 3049 1801 regnum
3092 1731 3364 1797 caelorum,
3414 1732 3765 1800 quemadmo-

2182 1821 2307 1875 dum
2338 1822 2381 1875 si
2407 1823 2567 1875 homo
2586 1822 2742 1891 jaciat
2794 1831 3085 1876 sementem
3117 1837 3285 1885 suam,
3320 1833 3375 1877 et
3402 1823 3681 1892 germinet,
3712 1834 3765 1877 et

2183 1925 2409 1982 crescat,
2449 1914 2573 1969 dum
2604 1915 2771 1970 nescit
2800 1915 2890 1969 ille
2925 1933 2937 1967 :
2976 1914 3114 1969 ultro
3145 1916 3287 1969 enim
3317 1925 3455 1969 terra
3476 1916 3761 1984 germinat,

2183 2009 2354 2079 primo
2374 2008 2616 2074 herbam,
2631 2007 2824 2062 deinde
2840 2009 3039 2078 spicam
3062 2027 3075 2063 :
3095 2008 3287 2063 deinde
3314 2008 3544 2063 triticum
3577 2008 3764 2078 implet

2181 2104 2235 2157 in
2260 2104 2406 2173 spica
2439 2121 2458 2154 ι
2498 2101 2698 2175 (Marc.
2740 2102 2794 2156 4.
2826 2100 2993 2155 26-28
3019 2101 3057 2170 ).
3109 2099 3429 2155 Naturaliter
3483 2100 3643 2155 etiam
3689 2100 3760 2153 de

2181 2196 2311 2251 caalo
2338 2204 2525 2250 tractat
2558 2194 2808 2250 Servator
2846 2210 2860 2247 :
2898 2212 2916 2244 ‹
2954 2192 3009 2248 Si
3039 2192 3249 2257 emtum,
3298 2191 3490 2261 inquit,
3536 2206 3761 2260 vespere

2182 2291 2399 2343 rubrum
2427 2289 2601 2352 fuerit,
2636 2288 2832 2356 dicitis,
2863 2287 3121 2342 Serenum
3156 2287 3276 2352 erit,
3309 2286 3462 2341 rubet
3485 2286 3625 2340 enim
3648 2300 3728 2340 ea:

2180 2380 2288 2435 lum
2316 2399 2329 2434 :
2361 2391 2415 2436 et
2440 2381 2537 2435 sub
2561 2381 2866 2444 diluculum,
2890 2379 3059 2434 Hodie
3083 2378 3250 2433 imber
3269 2380 3370 2433 erit
3394 2397 3407 2431 :
3433 2378 3587 2432 rubet
3612 2376 3757 2431 enim

2178 2475 2328 2530 triste
2352 2474 2537 2529 caelum
2577 2493 2595 2525 ι
2632 2472 2945 2543 (ΜαιιΙι.16.
2971 2471 3026 2524 ‘2.
3048 2473 3081 2527 5
3101 2472 3143 2541 ).
3174 2470 3308 2539 Quid
3338 2469 3420 2523 bis
3444 2484 3577 2538 opus
3605 2468 3756 2522 erat?

2176 2564 2303 2619 llaec
2331 2565 2450 2619 dico
2478 2574 2693 2634 propter
2713 2579 2805 2618 eos
2826 2564 2911 2634 qui
2934 2563 3119 2617 inscite
3149 2560 3543 2631 reprehendere
3569 2574 3756 2629 aggre-

2175 2655 2409 2711 diuntur.
2464 2656 2538 2710 De
2594 2656 2703 2709 Deo
2729 2664 2970 2710 movetur
2997 2668 3195 2721 sermo,
3237 2662 3291 2708 et
3332 2660 3632 2707 accuratam
3658 2651 3757 2705 do-

2175 2747 2360 2801 ctrina:
2398 2746 2788 2800 enarrationem
2845 2746 3029 2799 audire
3067 2745 3285 2800 renuis?
3334 2743 3555 2810 Quando
3594 2743 3753 2811 igitur

2175 2838 2501 2908 propositum
2523 2847 2605 2891 est
2634 2853 2727 2907 per
2752 2837 2981 2891 divinam
3008 2838 3227 2906 gratiam
3250 2835 3316 2889 de
3344 2834 3570 2888 hominis
3598 2848 3753 2887 crea-

2176 2930 2318 2985 tione
2347 2944 2649 2984 sermonem
2676 2929 2892 2995 habere,
2926 2944 3029 2982 non
3062 2944 3157 2996 pro
3198 2928 3273 2982 rei
3321 2927 3594 2998 dignitate,
3654 2926 3749 2979 sed

2174 3037 2271 3092 pro
2300 3022 2547 3076 facultate
2576 3031 2755 3075 nostra
2789 3036 2965 3091 operae
2991 3021 3216 3091 pretium
3246 3030 3328 3074 est
3364 3018 3429 3072 ad
3459 3032 3747 3087 argumen-

2176 3123 2283 3169 tum
2315 3113 2621 3183 procedere.

2243 3208 2298 3262 2.
2323 3207 2580 3262 Ornatum
2606 3221 2760 3261 suum
2783 3216 3060 3276 acceperat
3087 3204 3297 3270 cmlum,
3327 3212 3467 3257 terra
3494 3201 3747 3256 fructibus

2172 3308 2423 3356 coronata
2445 3307 2579 3363 erat,
2594 3314 2753 3369 aqua:
2774 3300 2935 3353 maris
2959 3306 3245 3368 segregata:
3280 3296 3516 3363 fuerant,
3556 3296 3745 3365 stirpes

2171 3398 2602 3465 germinaverant
2626 3434 2638 3454 ,
2666 3393 2835 3446 bruue
2861 3393 3157 3446 animantes
3187 3389 3461 3460 productze
3504 3387 3743 3451 fuerant,

2173 3485 2373 3555 repleta
2403 3493 2518 3539 erat
2546 3494 2709 3549 terra,
2739 3493 2925 3537 ornata
2953 3493 3066 3536 erat
3094 3481 3304 3546 domus,
3350 3479 3747 3534 desiderabatur

2172 3577 2410 3631 omnium
2440 3591 2555 3645 quac
2586 3574 2721 3628 facta
2767 3574 2977 3629 fuerant
3027 3575 3186 3628 herus
3233 3580 3287 3627 et
3344 3570 3738 3641 paterfamilias.

2172 3667 2314 3722 Dixit
2352 3666 2489 3721 Deus
2513 3682 2532 3720 .'
2556 3665 2827 3719 Faciamus
2853 3667 3101 3718 hominem
3133 3664 3200 3717 ad
3227 3663 3494 3735 imaginem
3528 3671 3573 3714 et
3606 3662 3743 3715 simi-

2172 3758 2430 3812 litudine»:
2460 3756 2866 3827 nostram(Cen.
2914 3758 2965 3808 1.
3003 3754 3128 3826 9.6).
3182 3754 3609 3808 Demonstratum
3666 3760 3745 3806 est

2170 3851 2361 3920 pridie,
2386 3866 2502 3920 qua:
2528 3850 2596 3903 sit
2625 3849 2765 3902 illius
2790 3849 2935 3901 vocis
2964 3848 3061 3910 vis,
3096 3845 3388 3908 Faciamus,
3430 3857 3483 3899 et
3512 3845 3629 3915 quis
3662 3843 3743 3897 cui

2170 3943 2415 4012 loquatur
2453 3959 2465 3994 :
2499 3942 2613 4011 quis
2653 3940 3005 4006 consiliarius,
3038 3948 3090 3992 et
3142 3937 3291 4008 cujus
3334 3937 3403 3990 sit
3451 3935 3744 3989 communis

2170 4031 2503 4087 deliberatio.
2539 4032 2734 4085 Verum
2783 4031 2903 4100 quia
2935 4046 3000 4084 ex
3042 4028 3332 4099 Scripturis
3378 4027 3741 4092 ostendimus,

2168 4124 2528 4181 consiliarium
2558 4123 2761 4194 antiqui
2802 4124 2942 4178 illius
2985 4123 3191 4178 consilii
3231 4121 3424 4177 Filium
3476 4137 3629 4185 esse,
3684 4135 3745 4174 ac

2170 4219 2400 4289 Spiritus
2429 4217 2597 4272 sancti
2623 4217 2843 4285 gloriam
2888 4217 3181 4281 tacuimus;
3233 4229 3301 4270 ne
3346 4229 3413 4268 ex
3459 4213 3615 4268 nobis
3655 4212 3744 4281 qui

2169 4314 2281 4365 sani
2311 4324 2514 4375 sumus,
2548 4308 2579 4362 ii
2612 4310 2697 4378 qui
2734 4318 2990 4377 a'grotant
3010 4308 3317 4361 occasiones
3345 4314 3579 4374 captent,
3609 4304 3743 4358 scire

2167 4409 2394 4465 oportet,
2430 4416 2584 4454 unam
2618 4416 2733 4453 esse
2762 4400 3002 4468 gloriam,
3036 4414 3193 4455 unam
3218 4398 3555 4459 sententiam,
3581 4410 3742 4449 unum

2168 4500 2477 4561 operantem
2503 4506 2799 4544 sermonem
2826 4491 3015 4551 Patris,
3045 4498 3097 4543 et
3126 4489 3243 4543 Filii
3274 4500 3327 4543 et
3360 4489 3589 4557 Spiritus
3619 4502 3743 4541 sau-

2169 4587 2257 4637 cti.
2281 4584 2590 4652 Appellatus
2612 4582 2795 4635 cstbic
2816 4582 3149 4635 consiliarius
3176 4581 3371 4635 Filius:
3395 4581 3519 4634 alibi
3546 4580 3739 4633 dictum

2168 4689 2268 4744 est,
2320 4679 2410 4731 Dei
2452 4677 2727 4730 scientiam
2773 4677 3036 4729 neminem
3080 4674 3294 4738 habere,
3343 4674 3441 4727 nisi
3492 4674 3740 4742 Spiritum

2168 4777 2429 4824 sanctum.
2457 4769 2540 4821 Ait
2563 4766 2755 4821 Paulus
2786 4784 2797 4819 :
2826 4764 2991 4820 Nemo
3020 4766 3111 4818 scit
3131 4781 3243 4833 qua:
3257 4774 3369 4818 sunt
3387 4765 3622 4829 hominis,
3649 4764 3742 4816 nisi

2168 4861 2374 4930 spiritus
2409 4859 2644 4924 hominis,
2681 4858 2767 4926 qui
2810 4858 2862 4909 in
2901 4857 3011 4925 ipso
3041 4868 3111 4911 est
3140 4873 3158 4909 :
3180 4858 3250 4908 ita
3271 4866 3314 4909 et
3343 4871 3455 4926 quae
3486 4855 3581 4909 Dei
3630 4864 3741 4909 sunt

2170 4931 2314 5004 nemo
2342 4952 2589 5020 cognovit,
2621 4950 2716 5002 nisi
2772 4948 2995 5018 Spiritus
3042 4946 3139 5001 Dei
3191 4949 3273 5016 (l.
3300 4948 3415 5001 Cor.
3450 4947 3503 5000 2.
3536 4949 3595 5001 11
3623 4946 3659 5013 ).
3686 4947 3737 5000 Si

2170 5043 2405 5112 Spiritus,
2446 5041 2635 5110 quiest
2665 5041 2715 5093 in
2742 5049 2817 5104 te,
2862 5055 2892 5092 a
2940 5050 3027 5094 tua
3056 5041 3351 5093 substantia
3393 5039 3599 5093 alienus
3638 5051 3735 5099 est,

2169 5138 2324 5191 etiam
2339 5135 2427 5204 qui
2446 5136 2497 5189 in
2516 5135 2621 5188 Deo
2635 5145 2713 5188 est
2725 5134 2949 5202 Spiritus
2966 5134 3168 5187 alienus
3180 5144 3261 5187 est
3273 5152 3299 5184 a
3319 5135 3408 5189 Dei
3426 5135 3734 5187 substantia.

2239 5230 2434 5293 Patris,
2467 5226 2591 5281 Filii
2628 5237 2672 5282 et
2707 5228 2929 5297 Spiritus
2955 5228 3115 5280 sancti
3140 5244 3240 5281 una
3258 5227 3506 5281 voluntas.
3529 5258 3599 5267 —
3621 5227 3739 5281 Vult

2169 5321 2365 5391 aliquid
2397 5319 2589 5374 Pater?
2640 5319 2837 5373 Eadem
2879 5319 3123 5373 voluntas
3176 5328 3228 5371 et
3272 5319 3387 5373 Filii
3424 5328 3478 5372 et
3516 5318 3739 5385 Spiritus

2170 5414 2338 5468 sancti
2383 5420 2484 5467 est.
2515 5411 2641 5465 Vult
2694 5411 2889 5480 aliquid
2936 5409 3137 5463 Filius?
3165 5410 3363 5463 Eadem
3416 5410 3661 5463 voluntas
3688 5416 3738 5461 et

2170 5506 2340 5560 Patris
2369 5513 2422 5558 et
2459 5501 2687 5572 Spiritus
2726 5512 2825 5556 est.
2863 5501 2983 5556 Vult
3024 5501 3219 5570 aliquid
3250 5500 3515 5569 Spiritus?
3544 5501 3734 5555 Eadem

2171 5598 2415 5652 voluntas
2448 5608 2497 5650 et
2528 5595 2697 5650 Patris
2734 5603 2787 5649 et
2816 5594 2954 5648 Filii.
2995 5593 3225 5650 Suscitat
3266 5594 3421 5647 Pater
3465 5595 3737 5646 mortuos?

2168 5692 2397 5746 Suscitat
2421 5700 2475 5743 et
2512 5690 2694 5744 Filius.
2742 5690 2828 5743 Ait
2867 5689 3059 5758 quippe
3095 5687 3363 5751 Servator,
3412 5688 3557 5743 Sicut
3606 5689 3737 5742 enim

2177 5781 2330 5837 Pater
2359 5778 2562 5836 suscitat
2612 5789 2834 5835 mortuos
2874 5791 2922 5836 et
2951 5782 3185 5849 viviﬁcat,
3213 5782 3284 5835 sic
3333 5791 3378 5835 et
3420 5779 3591 5834 Filius
3616 5796 3734 5851 quo:
