4044 6306
253 399 346 458 67!

247 525 350 579 τῶν
382 523 558 594 ἐργων
601 523 697 576 τοῦ
742 523 987 578 διαϐόλου
1035 519 1094 578 όῦ
1142 527 1348 600 χωρίζῃ
1394 528 1460 580 δι’
1494 529 1804 591 εὐσέϐειαν;

247 615 352 667 Καὶ
386 612 522 683 μὴν,
551 611 802 680 ἀδελφοὶ,
829 613 970 666 κατά
1000 613 1094 666 τοῦ
1141 615 1214 686 μὴ
1250 616 1598 686 νηστεύοντος
1629 617 1808 685 κρίσις

244 701 338 770 οὐχ
357 699 587 770 ὥρισται
609 716 623 728 ·
658 701 797 752 κατά
822 699 877 752 δὲ
902 699 996 753 τοῦ
1024 701 1331 765 ἀδικοῦντος
1352 703 1621 773 τιμωρίαν
1654 704 1808 773 ἠπεί-

243 785 419 855 λησεν.
455 785 536 839 Τὰ
573 787 840 839 ἀνεύθυνα
886 786 1178 858 φεύγομεν,
1230 791 1322 842 καὶ
1366 792 1434 844 τά
1469 791 1699 845 ὑπόδικα
1744 792 1804 844 οὐ

243 875 542 946 φεύγομεν;
581 876 809 944 Ἀγαθὸν
849 879 881 948 ἡ
911 876 1246 950 ἐλεημοσύνη
1267 896 1279 908 ·
1312 882 1378 950 τῇ
1427 880 1526 948 μὲν
1555 880 1661 951 γάρ
1687 881 1806 950 ὄψει

243 963 642 1035 σκορπιζομένη
666 1007 680 1030 ,
709 967 774 1035 τῇ
806 964 860 1017 δέ
896 965 1121 1035 ἀληθείᾳ.
1170 967 1411 1035 συνάγει.
1446 968 1652 1039 ’Ὠσπερ
1697 969 1805 1039 γὰρ

240 1051 482 1122 γεωργὸς
511 1054 576 1122 τῇ
608 1055 677 1123 γῇ
708 1052 956 1118 δανείζει,
1011 1055 1104 1123 ἀφ’
1132 1049 1201 1126 ἦς
1228 1055 1504 1125 ἐκδέχεται
1539 1056 1607 1110 τά
1639 1057 1807 1128 σπέρ-

242 1156 385 1208 ματα
410 1156 424 1170 ο
461 1132 694 1210 οὖτωςὴ
744 1139 1078 1211 ἐλεημοσύνη
1131 1141 1277 1194 δοκεῖ
1304 1143 1401 1212 μὲν
1446 1143 1624 1207 ἄλλοις
1665 1144 1804 1197 δίδο-

239 1226 380 1290 σθαι,
399 1228 467 1296 τῇ
494 1226 552 1278 δέ
575 1225 802 1297 ἀληθείᾳ
827 1226 905 1296 τῷ
927 1227 1178 1281 δεδωκότι
1201 1229 1540 1298 ταμιεύεται.
1559 1231 1804 1300 Ἐσκόρ-

237 1329 377 1366 πισε
401 1314 531 1384 γὰρ,
582 1316 742 1384 φησὶν
774 1317 803 1367 6
845 1313 1008 1367 Δαυῒδ
1029 1355 1044 1380 ,
1071 1316 1252 1369 ἔδωκε
1299 1317 1423 1383 τοῖς
1456 1319 1734 1387 πένησιν,
1763 1321 1802 1388 η

236 1399 591 1469 δικαιοσύνη
621 1401 808 1454 αὐτοῦ
846 1401 1014 1470 μένει
1039 1404 1127 1467 είς
1150 1403 1255 1456 τὸν
1278 1403 1482 1460 αίῶνα.
1527 1405 1684 1459 Οὕτω
1710 1424 1804 1477 νη-

239 1486 548 1558 στεύσωμεν
567 1527 583 1551 ,
624 1487 765 1542 οὕτω
813 1492 1296 1563 προσκυνήσωμεν,
1327 1492 1470 1546 οὕτω
1501 1495 1804 1548 πιστεύσω-

240 1591 358 1644 μεν,
387 1574 479 1626 τὸν
511 1575 731 1647 Πατέρα
762 1576 1092 1641 δοξάζοντες,
1123 1578 1215 1631 τὸν
1247 1579 1376 1633 Υίὸν
1400 1580 1717 1650 ὑμνοῦντες,
1743 1581 1802 1634 τὸ

237 1661 458 1731 Πνεῦμα
480 1661 542 1713 τὸ
568 1662 722 1732 ἆγιον
747 1663 1200 1734 προσκυνοῦντες,
1230 1665 1313 1719 ὅτι
1339 1666 1486 1738 αὐτῷ
1514 1669 1546 1738 ὴ
1569 1667 1695 1736 δόξα
1724 1670 1804 1732 είς

234 1750 359 1813 τοὺς
387 1749 613 1814 αἰῶνας.
665 1751 858 1822 Ἀμήν.

239 1901 349 1956 Τοῦ
377 1902 563 1956 αὐτοῦ
588 1905 672 1969 είς
695 1901 807 1972 τὴν
855 1903 1132 1994 πέμπτην
1181 1907 1408 1976 ἡμέραν
1440 1906 1548 1977 τῆς
1579 1924 1801 1978 κοσμο-

903 1990 1118 2040 ποιιας.

305 2125 372 2174 α’.
397 2120 576 2173 Πολλὰ
599 2121 695 2190 μὲν
729 2122 822 2178 καὶ
847 2123 1058 2193 μεγάλα
1088 2124 1156 2178 τά
1177 2124 1328 2195 παρά
1363 2124 1459 2178 τοῦ
1489 2124 1790 2196 φιλανθρώ-

235 2229 336 2269 που
353 2212 488 2265 Θεοῦ
506 2215 616 2276 τοῖς
641 2213 945 2285 ἀνθρώποις
956 2216 1159 2288 δεδωρη
1169 2217 1305 2287 μένα
1322 2234 1335 2247 ·
1357 2217 1544 2288 πρώτη
1565 2218 1620 2271 δὲ
1638 2218 1802 2271 αὑτοῦ

235 2308 327 2359 καὶ
355 2305 586 2376 μεγίστη
617 2305 805 2360 πασῶν
833 2307 1050 2378 δωρεῶν
1078 2311 1110 2380 ἡ
1139 2309 1247 2362 τῶν
1281 2310 1515 2381 Γραφῶν
1552 2309 1804 2364 διδασκα-

233 2398 338 2451 λία.
375 2399 560 2460 Ἥλιος
607 2400 703 2469 μὲν
749 2399 858 2471 γάρ
904 2403 998 2454 καὶ
1051 2402 1281 2473 σελήνη,
1331 2405 1424 2457 καὶ
1468 2405 1573 2467 πᾶς
1613 2406 1640 2458 ό
1695 2406 1802 2459 τῶν

232 2491 446 2562 ἀστρων
481 2493 660 2564 χορὸς,
706 2495 800 2548 καὶ
845 2496 1079 2566 ποταμοὶ
1120 2498 1214 2550 καὶ
1256 2499 1431 2568 πηγαὶ
1475 2499 1567 2551 καὶ¹
1618 2499 1802 2570 λίμναι

234 2584 370 2655 πρὸς
397 2585 496 2654 τὴν
527 2584 636 2637 τῶν
669 2587 934 2657 σωμάτων
960 2589 1254 2659 θεραπείαν
1282 2591 1609 2662 γεγένηνται
1630 2609 1641 2622 ο
1662 2595 1716 2645 αἱ
1743 2593 1809 2648 6&1

231 2679 383 2746 ἆγιαι
406 2680 620 2750 Γραφαὶ
649 2680 784 2750 πρὸς
808 2681 904 2752 τὴν
933 2681 1040 2736 τῶν
1077 2682 1264 2754 ψυχῶν
1293 2685 1577 2756 διόρθωσιν
1618 2686 1802 2759 ἐδόθη-

231 2790 332 2827 σαν
351 2790 365 2802 ·
421 2773 532 2842 ὅσῳ
560 2772 617 2826 δέ
670 2773 935 2842 σωμάτων
965 2775 1217 2848 ἀνωτέρα
1239 2777 1404 2848 ψυχὴ,
1429 2777 1666 2848 τοσούτῳ
1694 2780 1802 2834 τῶν

228 2865 404 2919 ἄλλων
429 2865 646 2936 δωρεῶν
684 2865 931 2937 ἀνωτέρα
979 2869 1013 2938 ἡ
1044 2867 1152 2920 τῶν
1205 2868 1362 2922 θείων
1395 2869 1644 2939 Γραφῶν.
1703 2872 1800 2925 Διά

228 2945 388 3010 τοῦτο
407 2956 553 3024 λέγει
575 2959 602 3009 6
622 2957 810 3028 Σωτήρ
831 2973 844 2986 ’
883 2957 1190 3027 Ἐρευνᾶτε
1208 2960 1596 3031 τὰςΓραφάς,
1617 2961 1688 3015 ἐν
1706 2956 1802 3026 αἷς

225 3049 458 3104 δοκεῖτε
497 3048 647 3117 ζωὴν
669 3049 908 3104 αἰώνιον
951 3051 1132 3120 ἔχειν.
1177 3054 1584 3126 Ἐρευνήσωμεν
1624 3055 1802 3109 τοίνυν

224 3143 353 3207 τοὺς
393 3143 697 3213 θησαυροὺς
746 3142 856 3196 τῶν
904 3144 942 3195 Γ
950 3145 1156 3215 ραφῶν,
1206 3146 1301 3199 καὶ
1343 3147 1443 3217 τῆς
1472 3149 1802 3217 ἐπαγγελίας

227 3232 522 3303 ἁψώμεθα,
562 3235 653 3287 καὶ
691 3233 783 3287 τοῦ
813 3234 1101 3306 ἀνθρώπου
1124 3237 1223 3306 τὴν
1269 3237 1627 3310 δημιουργίαν
1660 3239 1802 3292 κατά

224 3327 458 3395 δύναμιν
507 3325 740 3392 ἐξειπεῖν
791 3327 1247 3398 ἐπιχειρήσωμεν.
1288 3329 1492 3400 Μηδεὶς
1535 3331 1592 3384 δέ
1641 3333 1801 3386 πάλιν

229 3419 531 3492 μεμφέσθω
557 3422 668 3483 τοῖς
692 3421 826 3488 μετά
843 3421 1127 3492 ἀκριϐείας
1147 3421 1496 3492 ζητουμένοις
1513 3441 1527 3454 ·
1547 3424 1678 3478 ῖδιον
1693 3426 1800 3498 γάρ

223 3512 336 3564 ’.ὧν
361 3511 621 3581 φλυαρεῖν
653 3511 1073 3583 ἐπιχειρούντων
1106 3513 1164 3566 τὸ
1194 3514 1508 3584 μέμφεσθαι
1543 3521 1662 3580 ταῖς
1705 3519 1800 3572 τοῦ

223 3603 362 3658 Θεοῦ
416 3603 691 3669 διατάξεσι
740 3605 836 3658 καὶ
888 3605 1137 3672 ἐγκαλεῖν
1184 3608 1295 3670 τοῖς
1341 3607 1477 3678 μετὰ
1522 3608 1800 3679 ἀκριϐείας

224 3696 816 3767 λεγομένοις.”Πκουσά
836 3715 996 3751 τινων
1017 3697 1411 3766 ἐγκαλούντων,
1434 3701 1516 3754 ὅτι
1539 3719 1622 3766 τις
1645 3704 1800 3773 χρεία

225 3781 294 3857 ἦν
317 3791 490 3841 εἰπεῖν
525 3789 652 3857 περὶ
680 3788 851 3858 πυρὸς
882 3789 976 3842 καὶ
1007 3787 1227 3855 ὕδατος,
1268 3791 1349 3844 ὅτι
1391 3792 1562 3863 τρίζει
1588 3793 1649 3846 τὸ
1689 3793 1815 3866 πῦρ.

225 3880 421 3942 ὓδατος
451 3878 903 3949 ἐπιϐαλλομένους
948 3881 1152 3950 Ἡμεῖς,
1183 3883 1335 3952 φησὶ,
1369 3883 1710 3952 φυσιολογίαν
1737 3885 1798 3940 οὐ

224 3973 453 4043 Θέλομεν
486 3970 792 4042 μανθάνειν,
821 3972 952 4026 ἀλλά
978 3971 1272 4041 θεολογίαν.
1325 3976 1413 4028 Δεῖ
1461 3975 1517 4029 δὲ
1566 3975 1796 4043 εἰδέναι,

223 4066 305 4119 ὅτι
334 4065 508 4118 ταῦτα
540 4064 608 4118 τὰ
635 4066 851 4136 ῥήματα
875 4066 1058 4138 ἀργῶν
1078 4070 1194 4121 ἐστι
1218 4067 1310 4121 καὶ
1341 4068 1616 4140 ῥᾳθύμων.
1645 4072 1800 4126 Μετὰ

222 4159 335 4228 γὰρ
360 4159 462 4228 τὴν
489 4157 765 4225 θεολογίαν
801 4160 834 4229 ἡ
867 4160 1176 4229 φυσιολογία
1207 4161 1444 4232 κρηπῖδα
1477 4164 1703 4234 παρέχει
1729 4168 1796 4238 τῇ

223 4251 482 4320 εὐσεϐείᾳ.
508 4267 521 4279 ·
550 4252 670 4304 είδέ
694 4251 1011 4305 ἐκϐάλλουσι
1040 4254 1404 4323 φυσιολογίαν,
1435 4257 1798 4325 ἐγκαλείσθω-

225 4362 328 4400 σαν
355 4347 468 4407 τοῖς
491 4346 817 4414 προφήταις,
862 4345 1259 4416 μεμφέσθωσαν
1301 4351 1414 4412 τοῖς
1457 4349 1793 4416 ἀποστόλοις.

237 4434 297 4489 Ὀ
332 4436 652 4499 Ἀπόστολος
680 4437 1019 4506 φυσιολογεῖ·
1047 4440 1129 4492 Οὐ
1172 4437 1340 4493 πᾶσα
1380 4441 1536 4509 σὰρξ
1564 4443 1612 4510 ἡ·
1643 4443 1796 4511 αὐτὴ

223 4526 384 4596 σάρξ
404 4543 419 4558 ·
457 4529 595 4582 ἀλλ’
621 4527 778 4596 ἄλλη
812 4529 929 4599 μὲν
961 4529 1117 4600 σὰρξ
1158 4531 1500 4599 ἀνθρώπων,
1534 4533 1691 4601 ἄλλη
1731 4535 1799 4589 δὲ

224 4618 388 4686 σὰρξ
422 4616 677 4684 κτηνῶν,
718 4619 876 4688 άλλη
920 4619 989 4674 δὲ
1014 4623 1253 4690 ίχθύων,
1283 4622 1439 4691 ἄλλη
1485 4622 1552 4677 δὲ
1609 4639 1796 4680 πετει-

224 4711 379 4766 νῶν·
405 4712 504 4766 καί
527 4712 770 4782 σώματα
783 4715 1127 4784 ἐπουράνια,
1163 4718 1260 4772 καὶ
1281 4717 1524 4788 σώματα
1547 4719 1792 4789 ἐπίγεια.

225 4805 381 4859 Διατί
408 4805 716 4874 φυσιολογεῖ
740 4807 968 4874 Παῦλος,
997 4809 1091 4862 καὶ¹
1122 4809 1228 4863 ἀπὸ
1251 4810 1523 4881 μουσικῶν
1551 4812 1797 4881 ὀργάνων

223 4899 467 4967 ἐγκαλεῖ,
496 4899 591 4952 καὶ
623 4899 804 4968 λέγει’
834 4899 1106 4956 Τοσαῦτα
1125 4905 1177 4956 εί
1207 4904 1398 4972 τύχοι,
1416 4902 1559 4973 γένη
1587 4903 1800 4973 φωνῶν

221 4989 397 5044 ἐστιν
429 4991 500 5044 ἐν
519 4993 742 5060 κόσμῳ,
773 4992 872 5046 καί
892 4993 1073 5047 οὐδὲν
1098 4993 1337 5063 ἆφωνόν
1360 4993 1488 5048 ἐστι
1510 5010 1528 5055 ;
1557 4995 1665 5049 Kal
1689 4996 1798 5066 γὰρ

223 5082 335 5137 ἐὰν
367 5083 598 5151 ἄδηλον
624 5085 832 5153 φωνὴν
863 5084 1132 5156 σάλπιγξ
1164 5085 1266 5153 δῷ,
1296 5087 1388 5153 τίς·
1421 5086 1572 5161 [481]
1607 5105 1797 5158 παρα-

224 5175 575 5235 σκευάζεται
589 5179 676 5242 είς
705 5179 1006 5247 πόλεμον;
1035 5179 1172 5232 Εἴτε
1196 5179 1403 5244 αὐλός,
1423 5179 1542 5233 εἴτε
1565 5181 1796 5249 κιθάρα,

223 5267 337 5321 ἐὰν
369 5267 703 5336 διαστολὴν
746 5269 870 5336 τοῖς
903 5271 1184 5340 ,φθόγγοις
1226 5269 1309 5340 μὴ
1356 5269 1458 5336 δῷ,
1493 5269 1619 5337 πῶς
1652 5291 1799 5342 γνω-

223 5357 522 5425 σθήσεται
555 5359 621 5411 τὸ
647 5362 1022 5430 αὐλούμενον
1054 5362 1092 5432 ἣ
1130 5363 1198 5415 τὸ
1231 5362 1707 5434 κιθαριζόμενον;
1733 5364 1799 5417 Τί

223 5453 404 5506 κοινὸν
425 5451 566 5522 εἶχεν
582 5455 614 5520 ἡ
631 5453 843 5507 Παύλου
863 5455 1078 5524 γλῶσσα
1090 5456 1224 5529 πρὸς
1248 5457 1405 5511 αὐλὸν
1428 5460 1521 5512 καὶ
1536 5459 1795 5530 κιθάραν;

239 5543 402 5598 Ἀλλά
455 5546 767 5614 φυσιολογεῖ
793 5547 899 5600 ἀπὸ
926 5547 1033 5600 τῶν
1060 5549 1397 5618 φαινομένων
1417 5591 1432 5612 ,
1481 5551 1567 5604 ἵνα
1618 5570 1787 5623 παρα·

225 5637 402 5708 στήσῃ
450 5637 517 5689 τὰ
546 5635 830 5706 νοούμενα.
867 5637 963 5700 Τίς
994 5633 1060 5708 ἦν
1105 5639 1260 5710 χρεία
1299 5641 1355 5692 ἐν
1385 5643 1451 5713 τῇ
1497 5641 1663 5714 βίϐλῳ
1703 5643 1798 5698 τοῦ

237 5725 360 5779 Ἰὼϐ
409 5727 866 5799 φυσιολογηθεῖψαι
917 5728 1198 5794 τοσαῦτα;
1251 5731 1469 5799 Σθένος
1513 5734 1758 5801 λέοντος
1780 5779 1794 5802 ,

223 5820 396 5888 φωνὴ
437 5820 689 5889 λεαίνης
708 5847 733 5888 ,
783 5821 1075 5890 γαυρίαμα
1123 5821 1463 5889 δρακόντων
1511 5826 1788 5897 ἐσϐέσθη.

1299 413 1385 466 DE
1423 413 1636 470 MUNDI
1674 413 2068 471 CREATIONE
2104 413 2358 470 ORATIO
2393 413 2458 468 ν.

3369 405 3485 464 4τῇ

1918 529 2357 598 Μυρμηκολέων
2385 528 2569 581 ὤλετο
2618 524 2776 594 παρὰ
2821 524 2884 578 τὸ
2935 521 3018 592 μὴ
3067 523 3227 589 ἔχειν
3257 520 3474 588 βοράν.

1911 620 2167 675 Νεοσσοὶ
2189 619 2256 673 δὲ
2273 617 2481 689 γυπῶν
2499 617 2571 671 τὰ
2598 616 2806 686 ὑψηλὰ
2836 615 3129 670 πέτονται.
3152 613 3301 666 Διατί
3320 613 3492 677 ἄλλος.

1914 714 2198 783 προφήτης
2235 712 2420 780 ἔλεγεν
2438 727 2452 740 ·
2483 712 2591 765 Ὃν
2617 710 2837 776 τρόπον
2871 707 2980 762 ἐὰν
3010 704 3162 774 λάϐῃ
3191 704 3347 760 λέων
3375 706 3494 759 καιε

1908 805 2170 875 ἁρπάσῃ,
2205 805 2526 874 καίβοήσῃ
2555 805 2651 858 ἐπὶ
2680 803 2757 872 τῇ
2789 801 2957 870 θήρᾳ,
2998 803 3094 854 καὶ
3125 798 3371 867 πλησθῇ
3404 797 3477 851 τὰ

1910 907 2018 978 ὄρη
2048 907 2157 976 τῆς
2182 906 2386 976 φωνῆς
2415 906 2635 968 αὐτοῦ;
2667 902 2777 957 Καὶ
2820 901 2980 962 αὐτὸς
3016 903 3043 952 ὁ
3077 899 3265 969 Σωτὴρ
3289 913 3488 967 φυσιο-.

1896 1000 2056 1070 ,λογεῖ
2070 1019 2084 1032 ·
2113 1001 2303 1071 Ὁμοία
2323 999 2492 1054 ἐστίν
2507 1000 2544 1067 ἡ
2558 997 2845 1062 βασιλεία
2863 995 2981 1050 τῶν
2999 993 3266 1062 οὐρανῶν
3281 992 3476 1056 κόκκῳ

1910 1094 2247 1164 σινήπεως,
2302 1094 2332 1148 ὃ
2375 1094 2724 1163 μικρότερον
2769 1089 2886 1158 μὲν
2915 1089 3046 1143 ἐστι
3109 1084 3227 1138 τῶν
3267 1083 3476 1137 ἄλλων

1907 1188 2280 1258 σπερμάτων,
2324 1185 2588 1254 αὐξηθὲν
2631 1183 2717 1247 δὲ,
2756 1179 2955 1250 μεῖζον
2986 1177 3224 1231 πάντων
3251 1176 3476 1245 γίνεται

1906 1279 2025 1335 τῶν
2045 1279 2356 1349 λαχάνωνο
2382 1278 2476 1332 καὶ
2502 1276 2692 1329 πάλιν
2722 1273 2917 1343 Ὁμοία
2934 1269 3103 1325 ἐστὶν
3126 1271 3162 1337 ἡ
3187 1267 3475 1332 ,βασιλεία

1905 1375 2023 1429 τῶν
2049 1373 2339 1444 οιίρανῶν,
2367 1375 2448 1440 ὡς
2479 1373 2588 1427 ἐὰν
2611 1365 3091 1438 ἅνθρωποςβάλῃ
3112 1363 3219 1417 τὸν
3243 1363 3475 1429 σπόρον

1904 1471 2112 1536 αὐτοῦ,
2157 1470 2257 1525 καί.
2305 1467 2629 1534 βλαστάνῃ
2686 1463 2788 1518 καὶ
2817 1462 3183 1532 μηκύνηται,
3234 1456 3313 1522 ὡς
3361 1457 3473 1508 οὐκ

1904 1559 2065 1617 οίδεν
2115 1563 2329 1628 αὐτός’
2380 1558 2679 1630 αὐτομάτη
2737 1554 2850 1626 γὰρ
2897 1555 2938 1622 ἡ
2985 1550 3060 1622 γῆ
3101 1546 3482 1615 βλαστάνει,

1905 1657 2138 1724 πρῶτον
2160 1657 2395 1726 χόρτον,
2435 1650 2562 1708 εἶτα
2593 1651 2848 1720 στάχυν,
2881 1643 3010 1702 εἶτα
3037 1644 3210 1699 σῖτον
3256 1637 3479 1708 πληροῖ

1903 1748 1974 1802 ἐν
1998 1748 2077 1809 τῶ
2101 1748 2341 1817 στάχυϊ.
2368 1747 2680 1814 Φυσιολογεῖ
2696 1744 2790 1796 καὶ
2818 1741 2910 1794 τὸν
2931 1736 3156 1808 οὐρανὸν
3183 1736 3212 1788 6
3239 1731 3431 1801 Σωτήρ
3454 1746 3470 1761 ο

1887 1838 2058 1895 ζἘὰν
2085 1841 2345 1910 γένηται,
2376 1838 2570 1909 φησὶν,
2615 1839 2648 1890 ὁ
2685 1832 2940 1903 οὐρανὸς
2978 1830 3158 1898 ὀψίας
3211 1823 3470 1893 πυρῤὸς,

1901 1933 2127 2004 λέγετε,
2153 1933 2360 1996 Εὐδία,
2389 1928 2664 2000 πυρράζει
2697 1927 2804 1997 γὰρ
2829 1928 2862 1980 ό
2901 1921 3188 1989 οὐρανός·
3221 1916 3319 1970 καί
3350 1914 3471 1969 ὑπὸ

1903 2029 2012 2083 τόν
2045 2028 2277 2097 ὄρθρον,
2307 2025 2576 2095 Σήμερον
2605 2018 2843 2090 χειμὼν,
2878 2012 3155 2084 πυρράζει
3185 2013 3295 2080 γὰρ
3321 2023 3471 2062 στυ-

1905 2124 2128 2194 γνάζων
2175 2128 2208 2179 ό
2251 2122 2526 2190 οὐρανός.
2561 2119 2659 2183 Τίς
2693 2111 2786 2171 οῦν
2817 2112 2974 2185 χρεία
2993 2109 3246 2172 ’τούτων;
3282 2103 3468 2159 Ταῦτα

1902 2220 2047 2287 λέγω
2076 2217 2164 2272 διὰ
2192 2216 2318 2280 τοὺς
2362 2213 2699 2276 ἀπαιδεύτως
2745 2206 2995 2278 ἐγκαλεῖν
3039 2197 3466 2272 ἐπιχειροῦντας.

1904 2313 2039 2382 Περὶ
2083 2309 2219 2364 Θεοῦ
2253 2309 2482 2362 κινεῖται
2513 2305 2667 2374 λόγος
2690 2342 2704 2366 ,
2743 2301 2839 2355 καὶ
2877 2297 3097 2368 φεύγεις
3127 2292 3225 2363 τὴν
3263 2289 3468 2362 ἀκριϐῆ

1901 2404 2011 2458 τῶν
2059 2403 2342 2473 δογμάτων
2392 2399 2691 2472 ἀκρόασιν;
2757 2393 2908 2448 Ἐπεὶ
2950 2389 3128 2444 τοίνυν
3187 2386 3468 2459 πρόκειται

1901 2494 2036 2551 Θεοῦ
2090 2496 2272 2567 χάριτι
2319 2495 2400 2558 είς
2455 2490 2553 2561 τὴν
2608 2487 2702 2542 τοῦ
2769 2483 3057 2556 ἀνθρώπου
3107 2479 3469 2552 δημιουργίαν

1902 2593 2108 2657 εἰπεῖν,
2143 2589 2203 2642 οὐ
2245 2589 2366 2642 κατ’
2413 2585 2569 2651 ἀξίαν
2612 2578 2706 2635 τοῦ
2757 2579 3099 2650 πράγματος,
3149 2575 3283 2629 ἀλλά
3327 2571 3470 2628 κατὰ

1899 2683 2125 2754 δύναμιν
2151 2683 2248 2753 τὴν
2276 2679 2569 2752 ἡμετέραν,
2613 2671 2922 2742 ἀναγκαίως
2965 2671 3046 2728 είς
3079 2669 3176 2738 τὴν
3214 2665 3469 2720 ὑπόθεσιν

1901 2755 2243 2849 καθήξωμέν.

1973 2877 2038 2948 β’.
2066 2875 2434 2945 Ἐκεκόσμητο
2452 2875 2480 2927 6
2495 2869 2741 2944 οὐρανὸς,
2755 2866 3094 2936 ἐστεφάνωτο
3110 2864 3220 2924 τοῖς
3236 2859 3470 2931 καρποῖς

1899 2973 1932 3039 ή
1978 2971 2073 3040 γῆ,
2119 2966 2372 3038 διώριστο
2413 2964 2482 3019 τά
2505 2964 2603 3034 τῆς
2633 2962 2908 3030 θαλάσσης
2935 2957 3122 3022 ὕδατα,
3167 2951 3466 3022 ἐϐλάστησε

1903 3061 2272 3132 βλαστήματα,
2299 3056 2535 3128 προῆλθε
2565 3054 2634 3108 τά
2671 3054 2839 3122 ἄλογα
2870 3050 3004 3117 ζῶα,
3045 3046 3401 3116 ἐπεπλήρωτο
3433 3044 3466 3113 ἡ

1903 3152 2214 3223 οἰκουμένη,
2243 3147 2578 3218 ἐκεκόσμητο
2610 3148 2639 3198 6
2677 3141 2844 3208 οἶκος.
2871 3144 3081 3196 ἔλειπεν
3107 3142 3134 3194 ὁ
3157 3135 3470 3192 οἰκοδεσπό-

1900 3264 2000 3316 της
2021 3244 2238 3298 πάντων
2261 3241 2369 3295 τῶν
2397 3238 2722 3309 γενομένων.
2750 3233 2935 3290 Εἶπεν
2956 3238 2988 3289 ὁ
3012 3232 3175 3298 Θεὸς,
3204 3226 3469 3294 Ποιήσω-

1893 3355 2010 3410 μεν
2031 3337 2340 3404 ἅνθρωπον
2363 3335 2489 3387 κατ’
2515 3330 2716 3386 εἰκόνα
2735 3327 3025 3398 ἡμετέραν
3040 3324 3136 3379 καὶ
3165 3322 3464 3392 ὁμοίωσιν.

1912 3429 2150 3500 Ἐδείχθη
2183 3430 2250 3500 τῇ
2280 3424 2578 3498 προτεραίᾳ
2607 3423 2692 3486 τίς
2729 3425 2763 3493 ἡ
2813 3420 3040 3490 δύναμις
3065 3416 3180 3481 τοῦ,
3210 3411 3470 3479 Ποιήσω-

1893 3543 2028 3595 μεν,
2040 3524 2183 3586 τίνος
2201 3524 2230 3575 ὁ
2243 3521 2420 3590 λόγος,
2445 3517 2688 3588 καὶπρὸς
2703 3517 2823 3569 τίνα
2837 3517 2864 3568 6
2878 3513 3036 3576 λόγος
3049 3529 3062 3544 ο
3079 3510 3161 3574 τίς
3181 3509 3210 3562 6
3230 3506 3293 3559 σύ
3301 3505 3469 3575 μϐου-

1898 3617 2008 3681 λος,
2039 3618 2136 3668 καὶ
2171 3615 2312 3678 τίνος
2340 3616 2375 3682 ὴ
2425 3612 2578 3682 κοινὴ
2604 3609 2813 3679 σκέψις.
2844 3605 2982 3659 Ἀλλ’
3011 3601 3198 3670 ἐπειδὴ
3229 3599 3336 3652 ἀπὸ
3359 3595 3466 3649 τῶν

1897 3708 2130 3780 Γραφῶν
2147 3707 2392 3779 παρεστή
2401 3723 2466 3758 σα
2473 3721 2570 3777 μεν
2591 3699 2890 3774 σύμϐουλον
2915 3699 3011 3768 τῆς
3023 3693 3254 3767 ἀρχαίας
3273 3689 3467 3761 βουλῆς

1898 3801 1989 3855 τὸν
2012 3800 2160 3865 Υίὺν,
2188 3797 2575 3867 ἐσιωπήσαμεν
2615 3794 2672 3847 δὲ
2714 3791 2806 3846 τοῦ
2835 3790 2990 3859 ἁγίου
3022 3785 3336 3855 Πνεύματος
3368 3783 3468 3851 τὴν

1897 3895 2073 3960 δόξαν,
2105 3895 2192 3947 ἵνα
2249 3891 2323 3964 μὴ
2372 3889 2624 3962 ἀφορμὰς
2648 3889 2907 3958 δέχωνται
2944 3884 3075 3953 παρ’
3102 3879 3257 3952 ἡμῶν
3288 3879 3469 3946 ὑγιαιο

1897 3988 2094 4042 νόντων
2125 3987 2174 4039 οί
2194 3984 2497 4048 νοσοῦντες,
2523 3982 2817 4050 ἀναγκαῖον
2841 3977 3060 4036 ειδέναι,
3081 3975 3164 4027 ὅτι
3197 3971 3294 4044 μία
3320 3969 3466 4036 δόξα,

1901 4081 2001 4151 μία
2026 4079 2252 4150 γνώμη,
2299 4071 2379 4140 εἷς
2418 4076 2574 4144 λόγος
2613 4072 2850 4143 ἐνεργῶν
2877 4069 2970 4124 τοῦ
3007 4067 3218 4138 Πατρδς
3250 4065 3341 4119 καὶ
3371 4062 3467 4117 τοῦ

1900 4173 2032 4229 Υίοῦ
2065 4173 2159 4227 καὶ
2213 4169 2306 4224 τοῦ
2357 4170 2529 4246 ἁγίου.
2561 4167 2894 4238 Πνεύματος.
2960 4163 3186 4234 Εἴρηται
3236 4155 3469 4211 ἐνταῦθα

1901 4265 2203 4336 σύμϐουλος
2224 4266 2252 4317 6
2274 4262 2400 4327 Υἱός
2421 4280 2438 4296 ο
2471 4258 2704 4331 ἀλλαχοῦ
2740 4259 2974 4330 εἴρηται,
3015 4255 3096 4308 ὅτι
3137 4251 3235 4320 τὴν
3266 4249 3467 4319 γνῶσιν

1898 4357 1990 4411 τοῦ
2032 4356 2167 4410 Θεοῦ
2207 4355 2382 4416 οὐδεὶς
2425 4351 2584 4419 οἶδεν,
2615 4355 2663 4405 εί
2707 4351 2781 4421 μὴ
2825 4349 2887 4402 τὸ
2927 4347 3150 4416 Πνεῦμα
3193 4342 3252 4396 τὸ
3290 4341 3464 4410 ἅγιον.

1898 4449 2060 4518 Λέγει
2088 4448 2315 4514 Παῦλος,
2332 4449 2413 4501 ὅτι
2436 4444 2642 4511 Οὐδείς
2658 4439 2780 4498 οἶδε
2799 4440 2915 4495 τῶν
2936 4436 3258 4506 ἀνθρώπων
3275 4434 3347 4489 τὰ
3362 4432 3467 4487 τοῦ

1898 4537 2234 4609 ἀνθρώπου,
2265 4540 2317 4592 εὶ
2340 4537 2427 4607 μὴ
2460 4537 2524 4590 τὸ
2558 4535 2802 4604 πνεῦμα·
2820 4532 2926 4587 τοῦ
2964 4528 3276 4598 ἀνθρώπου
3301 4525 3368 4580 τὸ
3399 4525 3468 4579 ἐν

1898 4629 2058 4696 αὐτῷ
2075 4648 2090 4662 ’
2115 4630 2269 4684 οὕτω
2294 4627 2394 4682 καὶ
2419 4627 2490 4682 τὰ
2516 4628 2620 4682 τοῦ
2649 4625 2796 4680 Θεοῦ
2818 4622 3014 4690 οὐδεὶς
3043 4618 3285 4687 οἷδεν,εί
3299 4617 3384 4688 μὴ
3399 4617 3468 4672 τὸ

1898 4724 2140 4794 Πνεῦμα
2154 4722 2260 4777 τοῦ
2280 4722 2446 4777 Θεοῦ.
2471 4723 2534 4774 EE
2552 4721 2613 4774 τὸ
2640 4721 2696 4772 ἐν
2722 4719 2804 4772 σοὶ
2825 4717 3045 4788 πνεῦμα
3063 4716 3340 4788 ἀλλότριον
3368 4715 3468 4786 τῆς

1901 4819 1999 4887 σῆς
2018 4816 2228 4879 οὐσίας,
2270 4815 2364 4868 καὶ
2391 4813 2452 4867 τὸ
2479 4817 2536 4868 ἐν
2556 4813 2633 4884 τῷ
2653 4811 2773 4882 Θεῷ
2807 4809 3033 4881 Πνεῦμα
3058 4808 3338 4880 ἀλλότριον
3367 4807 3467 4878 τῆς

1897 4909 1991 4963 τοῦ
2016 4907 2148 4962 Θεοῦ
2171 4907 2376 4971 οὐσίας.

1969 5008 2223 5062 Βούλεταί
2269 5025 2322 5060 τι
2375 5007 2600 5077 Πατήρς
2669 5005 2733 5057 Ἠ
2783 5003 2918 5074 αὖτὴ
2981 5001 3141 5073 βουλὴ
3193 4999 3289 5054 καὶ
3333 4995 3462 5050 Υἰοῦ

1899 5101 1992 5155 καὶ
2024 5100 2177 5169 ἁγίου
2214 5099 2546 5169 Πνεύματος.
2595 5095 2847 5149 Βούλεταί
2895 5112 2948 5148 τι
2997 5093 3162 5158 Υίός;
3221 5092 3284 5144 Ἦ
3327 5088 3464 5158 αὐτὴ

1899 5196 2060 5267 βουλὴ
2111 5194 2321 5265 Πατρὸς
2370 5193 2462 5247 καὶ
2505 5191 2835 5261 Πνεύματος.
2895 5187 3149 5242 Βούλεταί
3203 5201 3255 5237 τι
3312 5177 3464 5252 [482]

1898 5288 2156 5358 Πνεῦμα;
2201 5287 2265 5338 Ἦ
2294 5285 2434 5357 αὑτὴ
2466 5283 2626 5354 βουλὴ
2661 5282 2874 5354 Πατρὺς
2907 5281 3000 5335 καὶ
3034 5276 3184 5330 Υίοῦ.
3229 5273 3462 5344 Ἐγείρει

1896 5384 1925 5436 ὁ
1949 5381 2133 5453 Πατὴρ
2160 5381 2284 5444 τοὺς
2313 5377 2572 5451 νεκρούς;
2615 5377 2847 5449 Ἐγείρει
2893 5374 2988 5429 καὶ
3018 5375 3046 5426 6
3074 5369 3218 5434 Υἱός.
3245 5367 3406 5435 Λέγει
3436 5369 3465 5420 6

1898 5474 2086 5543 Σωτήρ
2107 5489 2121 5503 ο
2156 5473 2380 5538 Ὥσπερ
2402 5469 2511 5539 γὰρ
2531 5473 2563 5523 ό
2586 5467 2784 5536 Πατὴρ
2817 5466 3024 5536 ἐγείρει
3046 5460 3187 5526 τούς
3213 5457 3465 5526 νεκροὺς

1897 5565 1995 5618 καὶ
2027 5561 2304 5624 ζωοποιεῖ,
2325 5562 2476 5614 οὕτω
2513 5559 2614 5614 καὶ
2641 5563 2673 5614 ό
2699 5558 2828 5623 Υἱὸς
2854 5556 2959 5621 οὓς
2985 5553 3143 5608 θέλει
3181 5547 3462 5611 ζωοποιεῖ,

1910 5656 2039 5710 Ἰδοὺ
2061 5657 2095 5725 ὴ
2116 5655 2274 5724 βουλὴ
2311 5653 2642 5723 συνηγμένη.
2673 5650 2784 5703 Ποῦ
2809 5645 2900 5703 οὖν
2931 5649 2963 5717 ἡ
2986 5645 3148 5716 βουλὴ
3179 5643 3272 5697 τοῦ
3295 5641 3466 5696 Πνεύ-

1901 5760 2102 5816 ματος;
2137 5744 2353 5796 Ἀκουε.
2391 5743 2578 5796 Ταῦτα
2597 5739 2666 5793 δὲ
2695 5736 2893 5792 πάντα
2915 5733 3144 5804 ἐνεργεῖ
3177 5733 3238 5787 τι)
3272 5732 3343 5787 ἐν
3367 5730 3465 5786 καὶ

1905 5839 1969 5891 τὸ
1993 5835 2139 5892 αὐτὸ
2153 5835 2413 5905 Πνεῦμα,
2441 5830 2708 5902 διαιροῦν
2726 5831 2845 5900 ἰδίᾳ
2864 5828 3100 5896 ἑκάστῳ
3121 5825 3451 5895 καθὼςβυύ
3476 5847 3478 5850 τ
