4044 6306
477 337 585 401 475

469 465 660 518 λεται.
695 461 809 516 Μία
847 461 1094 531 βασιλεία
1127 463 1362 534 Πατρδς,
1401 463 1530 518 Υίοῦ
1563 466 1656 520 καὶ
1685 465 1839 535 ἁγίου
1870 466 2042 519 Πνεύ-

477 563 663 618 ματος.
697 545 987 615 Μέμφεται
1017 545 1074 598 δὲ
1110 547 1139 598 6
1179 546 1310 612 Θεὸς
1349 550 1444 601 καὶ
1488 553 1604 612 τοῖς
1635 549 1764 604 ἄνευ
1818 549 2043 620 γνώμης

467 627 604 682 Θεοῦ
637 628 994 698 πειρωμένοις
1013 646 1066 682 τι
1089 633 1282 686 ποιεῖν.
1313 634 1474 700 Λέγει
1500 633 1587 686 διὰ
1608 633 1703 688 τοῦ
1730 634 2008 705 προφήτου
2025 649 2039 663 ·

473 715 638 776 οὐαὶ,
656 713 840 768 τέκνα
858 715 1208 781 ἀποστάται,
1231 717 1392 785 λέγει
1423 720 1656 786 Κύριος.
1689 719 2047 786 Ἐποιήσατε

463 795 744 864 βουλὴν,
786 798 858 851 οὐ
883 797 955 849 δι’
979 799 1147 866 ἐμοῦ,
1195 801 1292 853 καὶ
1329 800 1659 866 συνθήκας.
1694 801 1894 856 οῠ-διὰ
1938 802 2045 856 τοῦ

467 882 812 950 Πνεὺματός
827 899 965 950 μου.
999 882 1223 952 Τρανῶς
1244 884 1520 954 παριστῶν
1539 885 1636 955 τὴν
1657 885 1817 952 ἁγίαν
1843 885 2048 955 Τριάδα

470 964 624 1032 ἔλεγε
683 965 956 1036 Ζαχαρίας
1019 968 1048 1020 6
1128 968 1452 1039 προφήτης·
1519 969 1923 1036 Ἰσχυέτωσαν
1987 972 2047 1021 al

471 1049 667 1120 χεῖρες
692 1049 1046 1118 Ζοροϐάϐελ,
1087 1053 1248 1120 λέγει
1279 1051 1512 1119 Κύριος,
1536 1051 1634 1105 καὶ
1667 1054 2048 1121 ίσχυέτωσαν

471 1136 532 1188 αἱ
570 1132 763 1202 χεῖρες
799 1132 1062 1187 Ἰωσεδὲκ
1091 1133 1199 1188 τοῦ
1232 1133 1448 1200 ἱερέως,
1489 1135 1588 1188 καὶ
1629 1136 1689 1187 αἱ
1716 1134 1910 1204 χεῖρες
1940 1133 2046 1187 τοῦ

471 1217 643 1279 λαοῦ,
680 1215 829 1270 διότι
854 1217 968 1284 ἐγὼ
986 1219 1118 1285 μεθ’
1140 1215 1308 1285 ὑμῶν
1331 1219 1467 1286 ειμι,
1498 1216 1659 1287 λέγει
1684 1219 1916 1284 Κύριος,
1949 1217 2046 1270 καὶ

474 1301 508 1352 ό
540 1300 730 1368 Λόγος
777 1316 890 1362 μου
926 1301 959 1352 ὁ
990 1300 1240 1368 ἁγαθός·
1275 1300 1371 1353 καί
1415 1301 1480 1352 τὸ
1531 1299 1776 1370 Πνεῦμὰ
1809 1318 1930 1370 μου
1981 1301 2050 1353 ἐν

469 1383 640 1452 μέσῳ
688 1382 874 1451 ὑμῶν.
915 1382 1124 1444 ¹ἰἰλλως
1166 1383 1254 1445 δὲ,
1309 1382 1548 1450 ἀδελφοὶ,
1608 1385 1642 1455 η
1694 1384 2053 1453 ἀναγέννησις

475 1465 634 1536 ἡμῶν
685 1467 954 1535 μαρτυρεῖ
1004 1468 1069 1536 τῇ
1124 1465 1472 1537 δημιουργία.
1511 1467 1573 1518 Εἰ
1611 1465 1688 1538 μὴ
1727 1465 2050 1535 ἐκοινώνησε

480 1548 656 1619 Πατρὶ
681 1549 776 1601 καὶ
813 1547 927 1617 Υίῷ
967 1549 1027 1600 τὸ
1058 1547 1281 1617 Πνεῦμα
1307 1550 1386 1610 είς
1413 1548 1510 1619 τὴν
1541 1549 1919 1621 δημιουργίαν,
1950 1550 2052 1602 οὐκ

479 1631 546 1685 ἂν
599 1629 958 1698 ἐκοινώνησεν
1002 1633 1080 1693 εἰς
1109 1629 1206 1700 τὴν
1239 1631 1616 1702 ἀναγέννησιν.
1647 1632 1771 1695 Πῶς
1801 1630 2052 1703 βαπτιζόα

483 1713 666 1779 μεθα;
715 1714 818 1768 Ἐν
859 1713 1101 1781 ὀνόματι
1150 1713 1381 1780 Πατρός
1427 1715 1526 1768 καὶ
1567 1715 1700 1769 Υἱοῦ
1747 1716 1844 1769 καὶ
1882 1716 2052 1784 ἁγίου

479 1797 984 1866 Πνεύματος.Ποία
1006 1797 1206 1867 μείζων
1223 1799 1255 1865 ὴ
1276 1799 1532 1867 γέννησις
1555 1811 1576 1838 ο
1591 1800 1653 1872 ,ἢ
1679 1799 1778 1870 τῆς
1797 1800 2056 1870 δημιουρ.-

481 1882 645 1948 γίας,
700 1880 738 1952 ἦ
779 1880 879 1950 τῆς
921 1880 1344 1951 μυσταγωγίας;
1402 1883 1550 1935 Ἐκεῖ
1602 1883 1743 1954 ἀρχὴ
1777 1883 1922 1952 ζωῆς
1974 1885 2053 1946 είς

482 1963 741 2029 θάνατον,
793 1959 895 2018 ὦδε
947 1964 1350 2036 ἀρχὴθανάτου
1393 1969 1472 2030 εἰς
1511 1967 1676 2036 ζωήν.
1714 1967 1839 2031 Πῶς
1875 1967 2054 2019 τοίνυν

482 2047 752 2118 ἐνδέχεται
777 2048 868 2099 ἐπὶ
896 2048 991 2115 μὲν
1023 2047 1115 2100 τοῦ
1139 2049 1377 2118 μείζονος
1401 2052 1652 2104 κοινωνὸν
1679 2047 1815 2104 εἶναι
1843 2050 2055 2121 Πατρδς

482 2134 576 2187 καὶ
626 2131 759 2185 Υῐοῦ
806 2131 868 2185 τὸ
907 2121 1060 2199 ἆγίον
1090 2133 1332 2204 Πνεῦμα,
1368 2135 1462 2186 ἐπὶ
1505 2134 1559 2188 δὲ
1606 2135 1705 2204 τῆς
1741 2136 2056 2206 σωματικῆς

480 2215 841 2286 δημιουργίας
875 2215 1350 2285 ἀποσχοινίζεσθαι
1381 2217 1482 2286 τῆς
1515 2219 1698 2288 κοινῆς
1727 2219 1917 2285 ἀξίας;
1942 2219 2057 2273 Οὐκ

482 2300 551 2354 ἂν
579 2299 925 2370 ἐκτίσθηιμεν,
949 2299 998 2351 εἰ
1030 2298 1104 2368 μὴ
1129 2299 1233 2351 ὑπὸ
1251 2300 1345 2353 τοῦ
1372 2301 1525 2369 ἁγίου
1558 2302 1696 2354 Πνεύ
1706 2319 1874 2371 ματος
1899 2306 2058 2373 ἐμυρ-

482 2381 764 2452 φώθημεν.
811 2383 919 2436 Καὶ
943 2383 1128 2452 ἐπειδὴ
1157 2386 1216 2436 ἐν
1242 2387 1315 2454 τῇ·
1343 2384 1532 2456 πρώτῃ
1583 2387 1759 2440 κτίσει
1803 2386 2067 2440 κοινωνόν-

483 2467 600 2520 ἐστι
625 2467 834 2537 Πατρδς
863 2467 955 2520 καὶ
983 2466 1133 2529 Υἰοῦ,
1169 2469 1368 2536 ὁμοίως
1396 2471 1488 2523 καὶ
1518 2473 1576 2523 ἐν
1613 2470 1690 2540 τῷ
1723 2471 2056 2540 βαπτίσματι

483 2549 736 2602 κοινωνὸν
763 2550 856 2602 καὶ
887 2550 1163 2620 συνεργόν.
1199 2551 1373 2605 Πάλιν
1399 2554 1456 2604 ὲν
1504 2555 1572 2623 τῇ
1618 2554 1909 2606 ἀναστάσει
1959 2554 2056 2623 οὐχ

483 2628 595 2686 οἷόν
619 2649 676 2686 τε
701 2634 845 2703 ἡμᾶς
872 2633 1046 2696 ἄλλως
1083 2634 1404 2705 ἀναστῆναι,
1435 2636 1484 2688 εί
1517 2637 1590 2706 μὴ
1625 2637 1840 2706 Πατρὸς
1879 2635 2058 2688 θέλον-

485 2733 596 2779 τος,
631 2717 726 2769 καὶ
775 2715 904 2768 Υἱοῦ
937 2715 1352 2787 συνεργοῦντος,
1398 2717 1493 2771 καὶ
1539 2717 1694 2786 ἁγίου
1743 2717 2058 2787 Πνεύματος

486 2798 919 2870 ἐνδυναμοῦντος.
954 2799 1149 2852 ’Ἄκουε
1186 2799 1278 2852 τοῦ
1313 2801 1515 2871 Κυρίου
1559 2799 1807 2868 λέγοντος
1831 2818 1844 2831 ·
1880 2800 2058 2864 καλῶς

485 2878 642 2936 εἶπον
692 2881 784 2935 τοῦ
831 2881 1033 2952 Κυρίου
1055 2899 1069 2912 ·
1114 2882 1162 2934 εἰ
1195 2883 1302 2954 γάρ
1330 2884 1424 2935 καὶ
1461 2882 1674 2936 Παύλου
1726 2884 1846 2935 ἐστὶ
1881 2882 2054 2952 φωνὴ,

485 2966 620 3019 ἀλλά
640 2964 733 3020 τοῦ
756 2965 958 3034 Κυρίου
981 2966 1096 3018 ἐστὶ
1118 2967 1299 3037 φωνή·
1327 2965 1490 3020 αὐτοῦ
1516 2965 1624 3038 γὰρ
1645 2966 1790 3019 ἐστιν
1809 2966 2053 3019 ἀκοῦσαι·

493 3048 562 3102 E-I
581 3047 836 3117 δοκιμὴν
855 3047 1074 3114 ζητεῖτε
1105 3048 1314 3102 λαϐεῖν
1339 3049 1444 3102 τοῦ
1465 3050 1538 3103 ἐν
1563 3049 1693 3118 ἐμοὶ
1724 3050 2059 3116 λαλοῦντος

485 3132 762 3201 Χριστοῦ.
783 3131 945 3199 Λέγει
970 3131 1149 3184 τοίνυν
1177 3133 1205 3184 6
1226 3133 1284 3185 ἐν
1320 3131 1517 3202 Παύλῳ
1535 3132 1712 3186 λαλῶν
1727 3149 1739 3162 ·
1779 3133 1974 3202 Ὑμεῖς
1992 3132 2061 3186 δὲ

487 3217 599 3270 οὐκ
619 3214 759 3269 ἐστὲ
775 3215 846 3267 ἐν
861 3215 1060 3284 σαρκί.
1076 3215 1212 3269 ἀλλ’
1227 3216 1296 3268 ἐν
1311 3217 1618 3286 πνεύματι·
1634 3217 1801 3284 είπερ
1820 3217 2061 3286 Πνεῦμα

493 3299 639 3354 Θεοῦ
671 3297 910 3353 οίκεῖέν
945 3298 1107 3367 ὑμῖν.
1151 3300 1219 3352 El
1247 3297 1314 3352 δέ
1361 3316 1448 3365 τις
1477 3301 1719 3367 Πνεῦμα
1766 3301 1913 3355 Θεοῦ
1951 3303 2062 3354 οὐκ

490 3386 635 3451 ἔχει,
665 3377 842 3446 οὗτος
885 3383 996 3439 οὐκ
1041 3382 1211 3435 ἐστιν
1253 3381 1461 3435 αὑτοῦ.
1511 3385 1581 3436 El
1617 3383 1684 3435 δὲ
1713 3383 1967 3450 Χριστὸς
1993 3384 2063 3435 ἐν

493 3466 656 3536 ὑμῖν,
678 3466 743 3520 τὸ
761 3466 879 3535 μὲν
911 3464 1081 3534 σῶμα
1127 3466 1346 3534 νεκρὸν
1388 3465 1462 3519 δι’
1499 3467 1789 3534 ἁμαρτίαν
1815 3508 1830 3533 ,
1881 3467 1946 3519 τὸ
1994 3465 2063 3518 δὲ

495 3550 730 3619 πνεῦμα
778 3548 889 3617 ζωὴ
939 3549 1036 3603 διὰ
1071 3550 1480 3615 δικαιοσύνην.
1525 3551 1589 3602 Εἰ
1621 3549 1689 3601 δὲ
1730 3549 1793 3602 τὸ
1825 3550 2064 3618 Πνεῦμα

495 3634 600 3688 τοῦ
645 3634 977 3703 ἐγείραντος
1031 3632 1140 3685 τὸν
1188 3633 1448 3700 Χριστὸν
1487 3632 1634 3686 οἰκεῖ
1682 3633 1750 3684 ἐν
1806 3632 1982 3701 ὑμῖν,
2030 3636 2063 3686 ό

492 3717 724 3788 ἐγείρας
769 3717 878 3770 τὸν
923 3715 1180 3784 Χριστὸν
1216 3716 1283 3768 ἐκ
1325 3714 1556 3784 νεκρῶν
1591 3713 1933 3781 ζωοποιήσει
1965 3714 2063 3768 καὶ

493 3800 566 3853 τὰ
597 3797 782 3866 θνητὰ
821 3797 1063 3868 σώματα
1099 3796 1286 3866 ὑμῶν,
1330 3797 1428 3851 διὰ
1469 3799 1533 3851 τὸ
1565 3797 1844 3851 ἐνοικοῦν
1877 3797 2064 3851 αὐτοῦ

497 3889 739 3958 Πνεῦμα
761 3889 831 3941 ἐν
854 3886 1017 3958 ὑμῖν.
1059 3887 1244 3950 Ἐκτὸς
1269 3887 1484 3958 Πατρὸς
1512 3888 1606 3940 καὶ
1631 3886 1760 3940 Υίοῦ
1783 3888 1877 3940 καὶ
1898 3886 2067 3940 Πνεύ-

502 3991 670 4044 ματος
724 3974 878 4042 ἁγίου
927 3973 1024 4042 οὐχ
1061 3974 1095 4042 ἡ
1145 3971 1334 4042 πρώτη
1373 3972 1570 4035 κτίσις,
1617 3972 1714 4042 οὐχ
1761 3973 1794 4042 ἡ
1839 3972 2066 4043 δευτέρα

497 4059 768 4130 γέννησις,
821 4058 919 4128 οὐχ
965 4059 1000 4128 ἡ
1047 4055 1336 4109 τελευταία
1375 4056 1694 4120 ἀνάστασις..
1717 4055 2067 4125 Ποιήσωμεν

496 4144 824 4208 ἄνθρωπον.

567 4226 635 4294 γ’.
663 4224 922 4279 Ἐνταῦθα
943 4223 1130 4278 λοιπὸν.
1143 4223 1634 4295 προησφαλισάμην
1651 4223 1774 4287 τοὺς
1794 4223 2068 4293 μεμφομέ-

496 4329 639 4374 νους.
671 4309 735 4362 Ἡ
758 4307 850 4363 τοῦ
882 4307 1168 4377 ἀνθρώπου
1199 4307 1535 4378 προσηγορία
1553 4309 1618 4376 τῇ
1649 4306 1888 4376 Ἐϐραΐδι
1914 4309 2064 4378 φωνῇ

498 4394 608 4464 πῦρ
659 4390 1036 4462 ἑρμηνεύεται.
1078 4391 1336 4461 Πρόσεχε.
1366 4389 1697 4458 παρακαλῶ·
1757 4392 1784 4443 ὁ
1814 4391 1911 4460 μὲν
1937 4407 2066 4460 γνη-

500 4477 628 4540 σίως
659 4475 869 4529 ἀκούων
893 4513 908 4536 ,
942 4475 1016 4537 ὡς
1050 4474 1197 4543 φίλος
1247 4475 1340 4527 καὶ
1376 4474 1668 4544 σύντροφος
1702 4473 1776 4526 ὢν
1809 4473 1908 4542 τῆς
1937 4474 2064 4545 ἀλη-

499 4561 671 4623 θείας,
692 4558 950 4621 σώζεται·
981 4559 1008 4609 ὁ
1029 4557 1083 4609 δὲ
1110 4555 1318 4627 ἐχθρῶς
1337 4556 1474 4626 ἔχων
1496 4557 1590 4620 τὰς
1615 4558 1804 4620 ἀκοὰς,
1829 4558 1887 4610 οὔ
1913 4558 2067 4626 ζητεῖ

497 4645 559 4697 τί·
576 4641 855 4712 ώφεληθῇ.
887 4641 1020 4694 ἀλλά
1041 4640 1182 4702 τίνος
1201 4639 1521 4708 ἐπιλάϐηται
1541 4654 1554 4668 ·
1585 4641 1648 4692 ού·
1686 4641 1838 4709 ζητεῖ
1861 4642 1913 4692 τί
1937 4658 2064 4710 κερ-

497 4728 660 4798 δᾶνῃ,
706 4723 864 4795 [483]
908 4723 1041 4776 ἀλλὰ
1089 4722 1139 4775 τί
1191 4723 1486 4792 μέμψηται.
1549 4723 1606 4775 Ὀ
1659 4723 1943 4791 ἄνθρωπος

507 4808 744 4878 Ἐϐραΐδι
771 4805 1032 4874 διαλέκτῳ
1061 4805 1172 4874 πῦρ
1198 4806 1433 4872 λέγεται.
1465 4804 1634 4857 Τοῦτο
1668 4806 1728 4858 τὸ
1759 4807 1927 4873 ὄνομα
1964 4807 2065 4858 οὐκ

497 4893 652 4963 ἐδόθη
674 4891 750 4961 τῷ
778 4889 945 4957 Ἀδὰμ
963 4887 1172 4958 ἀργῶς·
1192 4888 1327 4941 ἀλλὰ
1349 4889 1592 4958 τέσσαρά
1613 4892 1726 4941 ἐστι
1749 4891 1988 4958 στοιχεῖα
2007 4891 2065 4941 ἐν

495 4977 574 5049 τῷ
619 4977 811 5046 κόσμῳ
834 4973 1019 5044 (πάλιν
1064 4972 1388 5040 φυσιολογῶ.
1415 4972 1516 5026 κάν
1547 4973 1624 5042 μὴ
1659 4971 1936 5038 θέλωσιν)⁶
1967 4974 2060 5042 γῆν

498 5063 642 5133 ὓδωρ
669 5103 682 5125 ,
725 5059 854 5130 ἀὴρ,
883 5055 1016 5126 πῦρ.
1050 5054 1172 5106 Τῶν
1215 5055 1386 5108 ἄλλων
1421 5056 1697 5124 στοιχείων
1727 5055 1965 5110 ἕκαστον.
1989 5056 2063 5119 ὡς

498 5149 614 5200 ἐστι
657 5140 840 5214 μένει·
872 5137 1003 5204 οἷον,
1038 5138 1132 5193 ἐάν
1163 5137 1331 5207 λάϐῃς
1366 5137 1534 5206 βῶλον
1562 5136 1699 5206 γῆς,
1749 5138 2064 5207 προσθεῖναι

497 5228 647 5299 αὐτῷ
687 5227 794 5281 ἀπὸ
837 5222 936 5277 τοῦ,
972 5220 1326 5290 κατεχομένου
1368 5221 1428 5271 ού
1465 5220 1628 5290 δύνῃ·
1666 5218 1731 5272 ἂν
1757 5217 1848 5273 οὖν
1896 5221 2065 5292 λάϐῃς

500 5313 668 5384 βῶλον
695 5313 816 5379 γῆς,
848 5310 875 5362 ὃ
905 5309 1020 5360 ἐστι
1052 5304 1220 5375 μένει.
1249 5302 1432 5373 ’Ύδωρ
1462 5302 1620 5355 πάλιν
1654 5303 1747 5356 ἐὰν
1766 5303 1936 5377 λάϐῃς
1972 5305 2066 5374 μέ-

497 5415 611 5466 τρῳ
642 5395 768 5458 τινὶ,
799 5392 944 5464 μένει
967 5390 1026 5442 τὸ
1047 5387 1176 5441 αὐτὸ
1206 5386 1368 5456 ὕδωρ,
1403 5384 1718 5458 προσθήκην
1752 5388 1811 5440 ού
1853 5388 2066 5458 λαμϐά-

499 5497 599 5532 νει.
642 5478 825 5545 Ἀέρος
855 5475 948 5527 ἐὰν
989 5469 1280 5542 πληρώσῃς
1325 5471 1511 5531 ἀσκὸν,
1538 5469 1695 5524 ἄλλον
1729 5471 1894 5524 ἀσκὸν
1929 5471 2066 5541 πλη-

505 5561 678 5632 ρῶσαι
710 5561 770 5612 οὑ
800 5559 1022 5611 δύνασαι
1066 5557 1158 5608 ἀπ’
1207 5554 1438 5608 ἐκείνου.
1490 5553 1562 5607 Τὸ
1591 5554 1648 5608 δὲ
1678 5555 1788 5625 πῦρ
1818 5556 1878 5608 ού
1920 5557 2068 5624 μένει

518 5755 525 5761 ·
566 5744 590 5770 ⁸
619 5741 704 5790 llic
727 5755 898 5791 omnes
929 5754 1040 5790 mss.
1066 5743 1095 5798 ἡ
1119 5740 1417 5802 ἀναγέννησις
1435 5738 1643 5801 habent,
1667 5741 1754 5790 sed
1772 5741 1901 5791 haud
1922 5741 2068 5792 dubie

506 5804 767 5866 kgcudum
789 5807 819 5860 ἡ
839 5806 1062 5863 γέννησις.

1923 348 2296 407 SEVERIAM

3613 342 3822 418 U£_

2151 461 2262 520 οἷόν
2293 468 2430 521 ἐστι.
2480 466 2691 538 Μικρδς
2731 466 2958 520 ἅπτεται
3007 461 3228 534 λύχνος,
3266 462 3359 517 καὶ
3413 463 3611 534 μυρίας
3660 465 3732 528 ἐξ

2151 549 2315 602 αὐτοῦ
2349 549 2610 612 ἀνάπτεις
2630 547 2938 618 λαμπάδας,
2969 549 3198 617 κάμινον
3220 545 3367 617 ὅλην,
3397 545 3570 614 φλόγα
3600 547 3728 598 πολε

2150 632 2269 705 λὴν,
2303 633 2396 686 καὶ
2425 635 2485 688 ού
2511 633 2658 702 μένει
2689 633 2749 684 ἐν
2773 635 2838 702 τῇ
2871 631 2976 702 ἰδίᾳ
3009 632 3152 699 ὄψει.
3185 630 3297 682 ἀλλ’
3327 631 3460 698 ὅσην
3494 630 3559 682 ἂν
3582 629 3738 702 λάϐῃ

2151 717 2250 789 τὴν
2268 717 2420 786 ὓλην,
2451 714 2731 779 πλεονάζει
2755 716 2815 768 τδ
2849 715 2978 787 πῦρ.
3006 717 3160 768 Ἐπεὶ
3185 710 3276 768 οὖν
3303 713 3525 785 προῄδει
3570 713 3728 776 Θεὸς,

2151 800 2234 853 ὃτι
2283 801 2392 854 ἀπὸ
2436 800 2552 863 ἐνὸς
2603 799 2942 869 ἀνθρωπείου
2985 796 3236 866 σώματος
3290 795 3589 866 πληροῦται
3627 797 3731 864 τῆς

2153 883 2477 954 οἰκουμένης
2510 882 2577 936 τὰ
2606 881 2815 954 πέρατα
2847 877 2951 951 (εἷς
2982 881 3175 951 λύχνος
3205 879 3468 944 τοσαύτας
3503 879 3729 946 ἐξάπτει

2153 965 2462 1036 λαμπάδας,
2497 967 2592 1020 καὶ
2616 965 2786 1030 δύσις,
2820 965 2912 1017 καὶ
2960 964 3213 1035 ἀνατολὴ,
3257 965 3350 1016 καὶ
3379 963 3599 1033 ἄρκτος,
3631 960 3731 1013 καὶ

2158 1049 2538 1120 μεσημϐρία),
2589 1049 2783 1120 ἔθηκεν
2829 1049 3000 1119 ὄνομα
3045 1047 3195 1113 ἀξιον
3235 1046 3330 1100 τοῦ
3383 1048 3728 1118 πράγματος.

2155 1134 2254 1189 Διά
2268 1135 2426 1189 τοῦτο
2463 1137 2556 1189 καὶ
2589 1136 2716 1189 αὐτὸ
2753 1135 2846 1189 τοῦ
2883 1136 3054 1205 Ἀδὰμ
3085 1135 3143 1188 τὸ
3176 1133 3346 1202 ὄνομα
3375 1129 3630 1202 ἀρραϐὼν
3659 1123 3734 1199 ἦν

2156 1219 2254 1290 τῆς
2285 1220 2625 1290 οἰκουμένης.
2675 1220 2891 1292 Ἐπειδὴ
2914 1220 3022 1291 γὰρ
3041 1217 3230 1289 ἔμελλε
3255 1216 3323 1270 τὰ
3348 1216 3586 1280 τέσσαρα
3611 1213 3738 1266 κλί-

2160 1320 2305 1374 ματα
2348 1302 2404 1369 ἐξ
2447 1303 2610 1356 αὑτοῦ
2649 1302 3019 1373 πληροῦσθαι,
3064 1301 3246 1371 τίθησι
3302 1299 3364 1351 τὸ
3417 1298 3586 1368 ὄνομα
3623 1295 3742 1348 -τοῦ

2171 1387 2340 1458 Ἀδάμ
2366 1405 2380 1418 ·
2414 1389 2556 1456 ἄλφα
2587 1389 2838 1456 ἀνατολὴ,
2889 1387 3044 1439 δέλτα
3092 1385 3263 1448 δύσις,
3318 1383 3464 1451 ἁλφα
3510 1383 3735 1450 ἁρκτος,

2163 1471 2235 1540 μῦ
2271 1472 2607 1542 μεσημϐρία.
2633 1473 2744 1524 Καὶ
2770 1471 2830 1523 τὸ
2849 1470 3020 1540 ὄνομα
3037 1470 3128 1522 καὶ
3153 1468 3220 1520 τὰ
3261 1467 3567 1536 γράμματα
3593 1481 3738 1534 μαρ-

2157 1552 2404 1624 τυρείτῷ
2427 1553 2695 1624 ἀνθρώπῳ
2724 1552 2967 1624 μέλλοντι
2993 1551 3232 1622 πληροῦν
3259 1549 3356 1620 τὴν
3382 1547 3736 1616 οἰκουμένην.

2159 1636 2420 1690 Καλεῖται
2436 1637 2612 1690 τοίνυν
2634 1639 2702 1707 τῇ
2743 1635 2982 1708 Ἐϐραΐδι
3013 1638 3163 1705 φωνῇ
3196 1634 3326 1704 πῦρ.
3376 1633 3525 1685 Ἐπεὶ
3555 1631 3739 1682 τοίνυν

2161 1717 2272 1789 πῦρ
2302 1719 2413 1789 ἔχει
2448 1721 2547 1790 τὴν
2579 1720 2970 1791 προσηγορίαν,
3019 1719 3121 1770 οὐκ
3168 1718 3318 1769 ὀκνεί
3352 1718 3388 1785 ἡ
3421 1711 3610 1786 Γραφὴ
3643 1715 3740 1766 καὶ

2159 1804 2283 1866 τοὺς
2320 1804 2583 1870 ἀγγέλους
2605 1803 2925 1874 ἀνθρώπους
2951 1802 3156 1857 καλεῖν.
3193 1801 3322 1852 Ὅτε
3351 1799 3459 1869 γὰρ
3497 1794 3660 1866 ἦλθον
3683 1798 3741 1848 αἱ

2161 1888 2288 1956 περὶ
2307 1888 2520 1958 Μαρίαν
2541 1889 2621 1946 εἰς
2645 1889 2706 1940 τὸ
2731 1889 2937 1958 μνῆμα,
2959 1885 3128 1953 λέγει·
3160 1883 3314 1938 Ἰδοὺ
3347 1881 3756 1950 πιφέστησαν·

2161 1970 2367 2036 αὐτοῖς
2382 1971 2489 2024 δύο
2502 1971 2736 2039 ἄνδρες.
2761 1967 2941 2024 Ἦσαν
2969 1969 3025 2022 δὲ
3045 1967 3284 2038 ἁγγελοι.
3319 1967 3426 2019 Καὶ
3441 1963 3664 2031 ἄγγελοι
3683 1963 3742 2014 δέ

2162 2053 2451 2106 καλοῦνται
2483 2053 2595 2125 πῦρ
2619 2071 2632 2084 ·
2682 2054 2746 2107 '0
2779 2051 2964 2106 ποιῶν
2995 2052 3102 2120 γὰρ
3131 2052 3273 2115 τοὺς
3308 2046 3604 2118 ἀγγέλους
3628 2046 3709 2096 αὑ
3729 2074 3741 2082 -

2161 2138 2270 2190 τοῦ
2315 2139 2639 2205 πνεύματα.
2681 2137 2781 2190 καὶ
2810 2136 2951 2201 τοὺς
2976 2132 3359 2202 λειτοιψγοὺς
3393 2129 3579 2184 αὑτοῦ
3617 2127 3745 2194 πῦρ

2163 2221 2408 2289 φλέγον.
2440 2220 2613 2274 Καλεί
2649 2220 2845 2282 αὐτοὺς
2873 2219 3091 2290 ἄνδρας,
3123 2216 3312 2287 ἐπειδὴ
3341 2214 3525 2284 κοινὴν
3554 2213 3744 2282 ἔχουσι

2162 2303 2260 2372 τὴν
2285 2303 2498 2356 ἔννοιαν
2519 2302 2612 2355 τοῦ
2640 2301 2948 2372 ἀνθρώπου.
2987 2300 3090 2353 Καὶ
3118 2300 3170 2352 τί
3199 2298 3499 2368 θαυμάζεις
3522 2312 3536 2360 ;
3568 2293 3760 2356 Αὐτὸς-

2163 2385 2344 2449 ὀ-Θεὸς
2363 2386 2609 2439 καλεῖται
2632 2385 2764 2456 πῦρ,
2791 2385 3046 2438 καλεῖται.
3057 2383 3361 2454 ἄνθρωπος.
3388 2383 3549 2448 Λέγει
3577 2380 3606 2430 ὁ
3630 2378 3745 2430 Σω-

2162 2470 2267 2540 τὴρ
2301 2472 2430 2540 περὶ
2461 2470 2553 2523 τοῦ
2600 2470 2730 2524 ἰδίου
2765 2470 2975 2541 Πατρὰς
2999 2484 3012 2498 ·
3050 2469 3382 2536 Ἄνθρωπός
3417 2483 3509 2530 τις
3546 2463 3628 2531 ἦν
3655 2464 3742 2516 οἱ-

2164 2553 2568 2621 κοδεσπότης,
2622 2553 2690 2619 ὃς
2735 2554 3068 2622 ἐφύτευσεν
3109 2552 3401 2619 ἄμπελον.
3431 2548 3536 2602 Καὶ
3598 2544 3758 2600 ἀπέο-

2164 2641 2362 2690 στειλε
2387 2636 2527 2702 τοὺς
2557 2636 2817 2702 δούλους
2833 2636 3038 2699 αὐτοῦ,
3073 2635 3168 2688 καὶ
3197 2633 3662 2697 ἀπεκτάνθησαν
3688 2631 3746 2682 οἱ

2163 2718 2390 2775 δοῦλοι.
2427 2721 2535 2773 Καὶ
2569 2721 2654 2773 ἵνα
2685 2720 2963 2789 συντέμω·
2997 2717 3107 2772 Καὶ
3151 2713 3322 2770 εἶπεν
3360 2720 3390 2768 ό
3430 2713 3752 2780 ἅνθρωπος,

2164 2803 2412 2869 ἐκεῖνος·
2444 2805 2569 2857 Ἔτι
2595 2803 2703 2857 ἕνα
2726 2803 2858 2857 υἱὸν
2876 2803 2993 2870 ἔχω
3013 2819 3027 2831 ·
3055 2799 3370 2855 ἀποστελῶ
3394 2795 3750 2863 αὐτὸν-..μή-

2167 2902 2310 2940 ποτε
2358 2885 2713 2956 ἐντραπῶσι.
2762 2886 2826 2938 Τί
2880 2885 3125 2954 βούλεται
3172 2883 3449 2953 ἄνθρωπος
3499 2879 3631 2951 περὶ
3677 2878 3749 2930 τὸ

2165 2969 2334 3040 ὄνομα
2361 2970 2420 3022 τὸ
2445 2971 2616 3035 θεῖονς
2646 2969 2719 3021 Οὐ
2766 2970 2874 3040 γάρ
2907 2965 3028 3021 εἷπε
3063 2966 3373 3040 παραδολήν
3393 2981 3404 2992 ·
3435 2963 3535 3015 ούκ
3562 2959 3746 3019 εἶπεν.

2178 3051 2365 3123 Ὁμοία
2412 3053 2589 3106 ἐστίν·
2639 3052 2775 3114 ἀλλ’,
2814 3051 3145 3120 Ἄνθρωπός
3185 3067 3277 3115 τις
3313 3045 3406 3117 ἦν.
3451 3044 3552 3098 Διά
3586 3043 3766 3096 τοῦτο-

2167 3136 2405 3206 Μωῦσῆς
2424 3151 2438 3164 ·
2484 3136 2536 3188 '0
2569 3137 2712 3202 Θεὸς
2737 3136 2906 3204 ἡμῶν
2931 3136 3050 3202 πῦρ
3079 3133 3550 3189 καταναλίσκον.
3585 3128 3692 3182 Καὶ
3717 3130 3762 3180 6.

2167 3219 2354 3288 Σωτὴρ
2380 3218 2548 3272 ἐλθὼν
2573 3219 2738 3288 λέγει·
2761 3219 2884 3288 Πῦρ
2905 3215 3324 3289 ἦλθονβαλεῖν
3342 3217 3440 3270 ἐπὶ
3467 3214 3584 3280 τὴν
3604 3211 3760 3282 τῆν..

2169 3303 2448 3370 Λαμόάνει
2473 3303 2650 3356 τοίνυν
2670 3304 2839 3373 δνομα
2857 3302 3004 3368 ἀξιον
3027 3301 3120 3355 τοῦ
3146 3302 3493 3372 πράγματος.
3530 3295 3762 3363 Ἐπειδὴ,

2168 3387 2229 3440 τὸ
2264 3387 2393 3460 πῦρ,
2424 3388 2499 3450 ώς
2534 3387 2702 3457 ἔφθην
2735 3387 2922 3453 εἰπὼν,
2958 3387 3064 3440 ἀπὸ
3101 3383 3297 3456 μικροῦ
3337 3383 3478 3453 μέγα
3512 3381 3760 3448 γίνεται..

2169 3471 2263 3526 καὶ
2293 3471 2575 3543 ἄνθρωπος
2604 3473 2711 3525 ἀπὸ
2739 3471 2918 3540 ὀλίγου
2946 3470 3016 3524 τά
3048 3470 3259 3539 πέρατα
3292 3469 3389 3536 τῆς
3419 3465 3744 3534 οἰκουμένης

2170 3555 2506 3626 ἐπλήρωσεν,
2540 3555 2742 3626 ἐκλήθη
2773 3555 2801 3606 ὁ
2845 3554 3126 3624 ἄνθρωπος
3162 3551 3300 3620 πῦρ·
3342 3551 3501 3602 τοῦτο
3533 3548 3622 3601 διὰ
3665 3547 3760 3609 τὸ,

2169 3638 2521 3706 Ποιήσωμεν
2547 3639 2654 3692 τὸν
2681 3639 3012 3706 ἄνθρωπον·
3039 3639 3104 3708 τῇ
3143 3635 3250 3706 γὰρ
3283 3633 3533 3704 Ἑϐραίῳ
3568 3630 3745 3700 Ποιή-

2172 3737 2374 3791 σωμεν
2415 3723 2554 3791 πῦρ.

2242 3805 2592 3874 Ποιήσωμεν
2641 3805 2954 3872 ἄνθρωπον
3005 3804 3133 3857 κατ’
3181 3803 3382 3857 εἰκόνα
3429 3798 3744 3869 ἡμετέραν.

2171 3890 2363 3945 Πολλώ
2403 3891 2658 3961 ἐνόμισαν
2698 3890 2806 3944 τῶν
2867 3889 3074 3960 εύήθων
3114 3890 3209 3942 καὶ
3255 3888 3363 3941 τῶν
3414 3887 3512 3948 τὰς
3569 3883 3762 3954 ψυχᾶς·

2172 3974 2542 4038 ἀπαιδεύτων,
2577 3974 2658 4027 ὃτι
2691 3975 2811 4026 κατ’
2847 3975 3029 4026 six-6v;
3065 3972 3199 4026 Θεοῦ
3237 3975 3266 4026 6
3315 3970 3627 4041 ἄνθρωπος.
3668 3968 3748 4030 ὡς

2171 4057 2266 4111 τοῦ
2296 4056 2431 4110 Θεοῦ
2455 4059 2604 4126 ῥῖνας
2624 4056 2856 4127 ἔχοντος,
2879 4057 2915 4126 ἢ
2937 4056 3245 4127 ὀφθαλμοὺς
3263 4055 3557 4115 τοιούτους,
3575 4053 3607 4116 ἦ
3627 4047 3746 4104 ὦτα

2173 4141 2418 4202 τοιαῦτα,
2444 4141 2476 4213 ἦ
2501 4141 2674 4212 στόμα
2701 4141 2940 4194 τοιοῦτον
2963 4159 2977 4174 ο
3007 4141 3314 4208 ἐσταλμένη
3341 4139 3396 4191 δέ
3421 4138 3517 4191 καὶ
3547 4139 3750 4198 ἄτοπος

2173 4224 2312 4294 αῦτη
2336 4227 2368 4294 ή
2393 4225 2616 4280 διάνοια.
2652 4223 2802 4295 [484]
2832 4225 2941 4277 Καὶ
2963 4224 3107 4276 ἐστιν
3133 4224 3342 4290 αἵρεσις
3371 4223 3474 4284 ἓως
3506 4222 3646 4289 σήμε
3658 4237 3766 4288 ρον

2173 4308 2633 4380 ἀνθρωπόμορφον
2656 4308 2886 4376 λέγουσα
2911 4308 2972 4359 τὸ
2999 4309 3169 4362 Θεῖον.
3209 4304 3426 4374 Ἐπειδὴ
3453 4304 3562 4374 γὰρ
3580 4305 3751 4372 ἠκου-

2175 4409 2294 4453 σαν,
2325 4395 2385 4444 Οἱ
2413 4391 2704 4460 ὀφθαλμοί
2724 4391 2964 4462 Κυρίου,
2989 4392 3102 4456 καὶ,
3131 4390 3204 4443 Τὰ
3224 4386 3342 4444 ὦτα
3365 4390 3609 4454 Κυρίου,
3631 4389 3752 4445 καὶ.

2186 4473 2519 4543 Ὠσερράνθη
2555 4476 2786 4541 Κύριος,
2819 4475 2934 4539 καὶ,
2968 4474 3036 4527 Τὸ
3069 4473 3500 4541 στόμαΚυρίου
3521 4471 3751 4537 ἐλάλει-

2173 4576 2304 4624 σεν,
2341 4559 2456 4620 καὶ,
2496 4560 2564 4612 ἸΙ
2585 4559 2711 4628 χεὶρ
2737 4562 2954 4625 Κυρίου
2982 4558 3289 4623 ἐποίησεν,
3322 4557 3438 4616 καὶ,
3468 4559 3535 4608 Ol
3567 4555 3758 4621 πόδες

2172 4642 2279 4696 τοῦ
2320 4642 2466 4695 Θεοῦ
2509 4643 2812 4708 ἔστησαν,
2858 4641 3307 4711 ἐμελογράφησαν
3340 4639 3401 4691 τὸ
3435 4638 3750 4707 ἀσώματον,

2172 4725 2491 4794 ἀγνοοῦντες
2531 4725 2629 4794 τὴν
2663 4724 2860 4776 ἄτοπον
2897 4723 3122 4777 ἔννοιαν.
3168 4725 3329 4791 Λέγει
3369 4723 3400 4774 6
3447 4723 3612 4785 Θεὸς,
3660 4722 3756 4773 ἵνα

2176 4808 2352 4879 μάθῃς
2386 4809 2466 4860 ὅτι
2500 4808 2752 4877 οὐδεμίαν
2797 4809 3092 4878 ἐμφέρειαν
3125 4806 3409 4878 ἄνθρωπος
3451 4807 3564 4876 ἔχει
3611 4805 3754 4874 πρὸς

2172 4891 2261 4944 τὸν
2288 4891 2439 4952 Θεὸν,
2468 4891 2590 4943 ὅσον
2616 4881 2749 4961 πρὸς
2775 4895 2872 4961 τὴν
2897 4893 3212 4961 σωματικὴν
3241 4892 3384 4960 ὃψιν.
3409 4892 3482 4944 Οὐ
3512 4892 3621 4960 γὰρ
3648 4889 3756 4959 τὴν

2173 4977 2355 5047 φωνὴν
2382 4977 2589 5046 ἀναιρῶ
2621 4977 2719 5047 τὴν
2746 4977 3026 5043 λέγουσαν,
3058 4975 3409 5041 Ποιήσωμεν
3431 4976 3760 5042 ἄνθρωπον·

2173 5062 2298 5113 κατ’
2327 5060 2549 5114 εἰκόνα.
2568 5061 2726 5113 ’Λλλά
2755 5060 3024 5113 δείκνυται
3043 5057 3079 5100 5»
3101 5059 3215 5121 πῶς
3252 5060 3390 5111 Κατ’
3417 5061 3625 5112 εἰκόνα
3653 5057 3751 5108 λέ-

2172 5159 2258 5210 γει
2286 5145 2314 5196 6
2345 5142 2493 5206 Θεός.
2536 5147 2577 5196 Τ
2576 5143 2646 5195 ὸν
2673 5142 2932 5210 οὐρανὸν
2955 5143 3052 5195 καὶ
3080 5143 3193 5208 τὴν
3223 5141 3341 5210 γῆν
3369 5141 3486 5210 ἐγὼ
3513 5140 3751 5207 πληρῶ,

2171 5226 2332 5295 λέγει
2361 5228 2592 5293 Κύριος.
2623 5227 2789 5280 Πάλιν
2820 5229 2847 5279 ὁ
2875 5226 3053 5288 αὐτὸς·
3090 5225 3352 5291 οὐρανός
3377 5242 3481 5292 μοι
3531 5229 3756 5290 θρόνος

2173 5310 2222 5379 ἠ.
2242 5309 2309 5362 δὲ
2335 5309 2409 5378 γῆ
2436 5311 2765 5365 ὑποπόδιον
2797 5308 2912 5362 τῶν
2935 5307 3134 5363 ποδῶν
3151 5326 3290 5376 μου.
3337 5309 3754 5377 Ἀκολουθήσω-

2179 5410 2276 5463 μεν
2321 5397 2389 5465 τῇ
2439 5395 2612 5458 λέξεις
2663 5393 3031 5463 δουλεύσωμεν
3077 5393 3153 5462 τῷ
3219 5395 3450 5465 ῥήματα
3521 5393 3659 5446 Ἀλλ’
3714 5395 3760 5465 ἡ

2176 5478 2462 5532 ἀκολουθία
2495 5496 2559 5548 με
2580 5479 2804 5547 ἐλέγχει.
2832 5477 2952 5540 Πῶς
2969 5479 3146 5548 νοήσω
3159 5477 3251 5528 τὸν
3271 5479 3330 5529 ού
3342 5479 3499 5548 ρανδν
3521 5478 3710 5548 θρόνον
3733 5497 3750 5542 ;

2187 5563 2255 5616 '0
2281 5562 2470 5634 θρόνος
2500 5562 2886 5634 περιλαμϐάνει
2915 5563 3002 5614 τὸν
3034 5561 3336 5631 καθήμενον
3357 5579 3370 5590 ·
3420 5562 3551 5626 Θεὸς
3588 5563 3642 5614 δὲ
3684 5564 3752 5614 οὗ

2238 5746 2266 5786 δ
2295 5746 2404 5795 Sav.
2435 5746 2559 5810 conj.
2585 5746 2808 5806 δείκνυμι.
2830 5744 3082 5810 (Ξοῐιιὺείὶβ.
3113 5746 3358 5810 δείκνυμαι
3388 5746 3545 5807 σθαι,
3569 5745 3758 5799 verb:-

2179 5821 2275 5869 quc
2299 5810 2352 5857 ού
2371 5810 2496 5872 γὰρ..
2522 5805 2569 5856 ’ὁ
2593 5810 2711 5863 (νεός
2734 5805 3013 5868 parenthesi
3036 5805 3251 5856 inclusit.
