4074 6308
303 364 406 421 173

302 478 407 534 uult
433 473 648 545 aioificat
674 472 867 544 (Joan.
893 473 946 529 5.
981 471 1043 527 21
1069 472 1111 542 ).
1138 470 1277 528 Ecce
1318 471 1601 540 conjuncta
1621 469 1883 525 voluntas.

309 569 405 626 Ubi
427 581 555 636 ergo
583 565 826 619 voluntas
852 563 1124 633 Spiritus?
1151 562 1305 618 Audi.
1337 561 1464 616 Haec
1505 572 1673 616 autem
1717 563 1887 616 omnia

305 668 543 728 operatur
594 671 722 709 unus
750 665 896 724 atque
942 654 1072 707 idem
1122 653 1365 722 Spiritus,
1405 653 1630 706 dividens
1675 653 1886 724 singulis

310 759 454 819 prout
483 748 586 801 uult
615 747 706 816 (1.
757 746 873 800 Cor.
909 745 994 800 12.
1021 747 1076 800 11
1104 746 1142 814 ).
1175 745 1348 800 Unum
1377 760 1598 816 regnum
1631 745 1803 801 Patris
1831 755 1887 800 et

311 839 425 894 Filii
453 847 507 893 et
530 837 757 907 Spiritus
783 837 973 891 sancti.
998 835 1248 906 Coarguit
1274 845 1450 890 autem
1478 837 1619 892 Deus
1655 851 1768 902 eos,
1795 836 1886 906 qui

311 932 426 986 sine
449 929 719 982 voluntate
759 927 851 982 Dei
893 926 1092 997 aliquid
1137 942 1294 996 agere
1345 937 1625 983 conantur.
1676 929 1765 982 Ait
1794 943 1888 997 per

314 1019 623 1090 prophetam
659 1035 673 1072 :
717 1016 802 1072 γω
829 1018 921 1086 ﬁlii
966 1017 1257 1084 desertores,
1295 1018 1414 1071 dicit
1460 1017 1729 1072 Dominus.
1783 1018 1887 1072 Fe-

311 1114 449 1166 cistis
475 1111 760 1176 consilium,
793 1126 893 1163 non
918 1125 1007 1180 per
1035 1125 1132 1175 me,
1164 1120 1210 1164 et
1235 1110 1442 1181 fmdera,
1467 1127 1567 1165 non
1593 1129 1681 1180 per
1713 1111 1884 1182 Spiri-

316 1218 422 1258 tum
464 1220 631 1258 meum
680 1201 842 1274 (Isai.
875 1202 963 1257 '50.
1013 1202 1102 1274 1).
1131 1202 1285 1259 Clare
1309 1213 1546 1260 sanctam
1570 1205 1886 1262 Trinitatem

313 1302 735 1350 commonstrans
754 1293 962 1348 dicebat
986 1294 1270 1349 Zacharias
1292 1295 1549 1365 propheta
1569 1297 1678 1367 (a):
1709 1317 1727 1349 ι
1745 1297 1888 1352 Con-

314 1384 577 1439 fortentur
597 1400 781 1437 manus
803 1383 1114 1451 Zorobabel,
1143 1384 1270 1439 dicit
1297 1385 1571 1448 Dominus.
1601 1396 1654 1440 et
1675 1387 1886 1442 canl'or-

317 1486 494 1533 tentur
533 1492 720 1530 manus
758 1476 985 1532 Josedec
1017 1477 1326 1544 sacerdotis,
1363 1486 1418 1533 et
1447 1494 1635 1534 manus
1676 1481 1880 1550 populi,

311 1571 431 1640 quia
466 1584 566 1640 ego
603 1569 871 1622 vobiscum
917 1584 1054 1634 sum,
1099 1568 1225 1624 dicit
1272 1569 1546 1636 Dominus,
1575 1581 1628 1624 et
1653 1571 1884 1626 Verbum

313 1678 487 1716 meum
530 1662 757 1724 bonum;
786 1660 1079 1731 etSpiritus
1108 1676 1256 1716 meus
1302 1661 1354 1715 in
1385 1661 1562 1716 medio
1593 1671 1826 1717 vestrum
1860 1681 1879 1715 ι

311 1755 478 1828 (Agg.
518 1754 571 1807 2.
602 1755 654 1810 5.
688 1753 776 1826 6).
806 1755 1068 1809 Praeterea
1111 1770 1258 1821 vero,
1299 1753 1515 1821 fratres,
1555 1757 1886 1827 regeneratio

313 1854 492 1899 nostra
518 1845 802 1900 creationis
829 1845 1182 1900 testimonium
1212 1856 1313 1900 est.
1338 1846 1448 1902 Nisi
1487 1846 1713 1917 Spiritus
1743 1847 1886 1903 Patri

309 1947 364 1991 et
405 1937 542 1991 Filio
570 1951 790 1991 consors
813 1936 997 1991 fuisset
1025 1937 1075 1990 in
1106 1940 1397 2004 creatione,
1440 1955 1612 2008 neque
1643 1938 1798 1994 fuerit
1829 1939 1882 1993 in

313 2029 728 2099 t-t-generalione.
759 2028 1035 2094 Quomodo
1064 2029 1429 2097 baptizamur?
1459 2029 1524 2084 In
1557 2034 1755 2085 nomine
1780 2030 1887 2086 Pa-

311 2121 399 2172 tris
437 2129 483 2171 et
513 2117 638 2171 Filii
661 2129 707 2172 et
748 2118 973 2189 Spiritus
1017 2123 1174 2174 sancti
1223 2119 1450 2193 (Matth.
1477 2122 1566 2178 28.
1601 2125 1724 2194 19).
1756 2124 1886 2191 Quae

312 2210 481 2279 major
505 2210 802 2281 generatio,
829 2225 894 2264 an
940 2211 1244 2279 creationis,
1292 2229 1357 2265 an
1406 2214 1747 2271 initiationis?
1775 2217 1887 2272 Illic

310 2301 623 2371 principium
650 2303 770 2356 vita:
796 2302 848 2356 in
879 2312 1125 2368 mortem,
1159 2304 1242 2358 hic
1273 2305 1586 2376 principium
1618 2310 1804 2363 mortis
1830 2309 1886 2364 in

308 2395 490 2449 vitam.
522 2394 619 2462 Qui
650 2409 775 2465 ergo
806 2395 918 2450 ﬁeri
945 2403 1138 2466 potest,
1169 2409 1226 2451 ut
1247 2399 1474 2468 Spiritus
1498 2410 1714 2457 sanctus
1741 2403 1790 2456 in
1820 2418 1886 2458 eo

310 2486 453 2555 quod
483 2479 655 2556 majus
679 2494 763 2544 est
789 2502 1008 2543 consors
1035 2489 1102 2544 sit
1127 2491 1297 2545 Patris
1341 2503 1394 2546 et
1425 2493 1574 2558 Filii;
1609 2495 1659 2548 iu
1688 2510 1883 2566 corpo-

311 2579 404 2632 rali
426 2587 604 2633 autem
622 2581 890 2635 creatione
907 2597 934 2634 a
956 2584 1220 2637 communi
1243 2584 1498 2654 dignitate
1520 2590 1884 2644 removeatur?

311 2671 606 2741 Numquam
649 2672 848 2727 conditi
897 2674 1201 2740 fuissemus,
1240 2676 1339 2729 nisi
1384 2691 1414 2730 a
1455 2676 1656 2747 Spiritu
1700 2689 1884 2735 sancto

311 2760 520 2816 formati
550 2778 808 2818 essemus.
836 2764 900 2818 Et
929 2767 1050 2835 quia
1081 2766 1133 2820 in
1185 2767 1355 2837 prima
1394 2769 1664 2824 creatione
1705 2771 1885 2826 socius

309 2861 390 2907 est
415 2851 586 2908 Patris
630 2863 683 2909 et
728 2854 868 2920 Filii,
905 2857 1146 2911 similiter
1190 2867 1246 2912 ct
1281 2859 1333 2913 in
1372 2859 1687 2930 baptismate
1708 2861 1883 2916 socius

309 2951 391 2995 est
411 2952 464 2997 et
483 2943 712 3012 adjuter.
739 2945 939 3000 liursus
959 2946 1015 3001 in
1043 2947 1432 3005 resurrectione
1472 2949 1582 3005 lieri
1607 2951 1791 3022 nequit
1829 2959 1885 3007 ut

309 3049 410 3087 nos
434 3035 541 3088 alio
574 3036 730 3091 modo
757 3052 1116 3108 resurgamus,
1138 3055 1296 3109 quam
1325 3041 1484 3098 Patre
1501 3042 1728 3110 volente,
1749 3042 1883 3099 Filio

307 3134 666 3192 cooperante,
710 3135 765 3181 et
812 3127 1009 3196 Spiritu
1055 3140 1240 3184 sancto
1276 3131 1520 3186 virtutem
1573 3143 1880 3202 praistante.

310 3215 446 3268 Audi
501 3217 777 3272 Dominum
840 3220 1140 3286 dicentem;
1195 3230 1340 3277 recte
1394 3223 1504 3277 dixi
1558 3224 1884 3280 Dominum:

309 3308 516 3363 etiamsi
551 3311 691 3364 enim
721 3311 868 3365 Pauli
914 3328 1010 3366 vox
1041 3313 1131 3379 sit,
1163 3313 1368 3368 Domini
1403 3324 1578 3372 tamen
1608 3327 1690 3373 est
1719 3336 1733 3372 :
1759 3319 1884 3375 licet

309 3399 450 3452 enim
481 3415 544 3454 ex
575 3402 687 3469 ipso
713 3403 896 3458 audire
921 3420 934 3456 :
974 3404 1051 3456 An
1074 3405 1465 3472 experimentum
1489 3409 1712 3478 quaeritis
1749 3412 1878 3481 ejus,

307 3489 392 3558 qui
414 3490 468 3542 in
488 3508 565 3543 me
594 3491 827 3559 loquitur,
852 3493 1039 3548 Christi
1065 3494 1156 3566 (2.
1182 3493 1299 3549 Cor.
1340 3498 1428 3552 13.
1454 3497 1553 3568 5)?
1595 3500 1683 3554 Ait
1725 3500 1884 3571 igitur

309 3579 360 3631 in
403 3578 565 3633 Paulo
613 3582 833 3652 loquens
866 3602 878 3636 :
920 3601 936 3634 ι
967 3583 1073 3636 Vos
1103 3595 1279 3639 autem
1313 3602 1418 3640 non
1451 3588 1580 3642 estis
1607 3589 1658 3644 in
1689 3605 1881 3657 carne,

307 3668 398 3723 sed
423 3669 472 3722 in
491 3671 678 3739 spiritu
707 3692 719 3727 :
743 3673 786 3726 si
807 3674 1018 3743 quidem
1041 3674 1268 3744 Spiritus
1290 3678 1381 3732 Dei
1409 3678 1611 3735 habitat
1633 3682 1685 3735 in
1710 3683 1880 3737 vobis.

307 3762 364 3814 Si
387 3763 506 3832 quis
527 3772 700 3818 autem
729 3765 983 3836 Spiritum
1011 3768 1100 3820 Dei
1133 3784 1235 3822 non
1272 3769 1484 3836 habeat,
1528 3771 1614 3827 hic
1649 3789 1755 3828 non
1801 3783 1885 3830 est

305 3855 441 3924 ejus.
485 3857 542 3912 Si
581 3865 758 3913 autem
794 3858 1038 3915 Christus
1060 3861 1111 3914 in
1143 3862 1290 3916 vobis
1318 3871 1418 3930 est,
1452 3879 1643 3935 corpus
1668 3866 1881 3937 quidem

307 3957 572 4004 mortuum
601 3961 684 4006 est
725 3965 944 4024 propter
994 3965 1264 4024 peccatum
1293 3997 1311 4022 ,
1360 3957 1579 4026 spiritus
1615 3975 1742 4014 vero
1775 3961 1882 4016 vita

308 4050 522 4114 propter
541 4043 822 4112 justitiam.
845 4046 994 4114 Quod
1021 4047 1064 4100 si
1097 4047 1324 4116 Spiritus
1348 4050 1462 4119 ejus
1488 4053 1578 4121 qui
1609 4055 1882 4110 suscitavit

304 4131 568 4187 Christum
602 4134 804 4190 habitat
833 4136 884 4189 in
918 4139 1089 4202 vobis,
1119 4139 1205 4205 qui
1235 4142 1514 4196 suscitavit
1552 4142 1817 4201 Christum
1848 4163 1882 4203 a

305 4226 527 4279 mortuis
547 4227 828 4281 viviﬁcabit
851 4237 905 4282 et
923 4230 1163 4284 mortalia
1191 4245 1411 4301 corpora
1436 4243 1633 4302 vestra,
1664 4248 1880 4307 propter

305 4315 681 4370 inltabitantem
711 4317 964 4386 Spiritum
990 4319 1102 4387 ejus
1125 4321 1176 4374 in
1199 4323 1345 4376 vobis
1371 4343 1388 4374 ι
1415 4323 1590 4392 (Rom.
1618 4325 1670 4380 8.
1700 4327 1875 4400 9-11).

303 4405 464 4461 Extra
512 4406 722 4461 Patrem
774 4418 828 4463 et
873 4409 1069 4464 Filium
1120 4420 1173 4466 et
1222 4411 1477 4483 Spiritum
1510 4427 1751 4472 sanctum
1780 4435 1878 4474 nec

303 4497 469 4570 prima
501 4499 700 4553 creatio
724 4509 824 4567 est,
873 4515 970 4556 nec
1023 4503 1252 4558 secunda
1305 4508 1594 4574 generatio,
1645 4524 1742 4564 nec
1783 4525 1879 4580 po-

299 4596 496 4643 strema
521 4592 858 4645 resurrectio.
908 4591 1181 4647 Faciamus
1216 4596 1484 4651 hominem.

368 4681 422 4736 '5.
452 4682 549 4738 llic
591 4684 703 4753 jam
752 4700 846 4739 eos
880 4686 968 4756 qui
1012 4687 1408 4756 reprehendunt
1438 4694 1870 4760 prmmonuimus.

300 4773 539 4829 llominis
573 4777 858 4846 appellatio
919 4777 1174 4833 Hebraica
1242 4782 1416 4851 lingua
1462 4783 1635 4852 ignem
1675 4785 1874 4854 signiﬁ-

299 4873 384 4918 cat
528 4865 625 4921 llic
645 4868 877 4922 animum
895 4868 1106 4934 adhibe,
1130 4888 1309 4939 quaso
1331 4891 1343 4925 :
1363 4875 1450 4942 qui
1479 4875 1685 4930 sincere
1702 4876 1870 4944 audit,

298 4965 479 5026 utpote
499 4958 737 5012 veritatis
766 4961 967 5014 amicus
987 4971 1039 5015 et
1054 4961 1318 5028 alumnus,
1343 4965 1872 5037 salutem.consequi-

298 5057 384 5102 tur
410 5066 422 5103 :
449 5049 541 5119 qui
568 5065 694 5104 vero
726 5051 918 5121 iniquis
943 5061 1024 5106 est
1051 5053 1288 5118 auribus,
1317 5071 1420 5108 non
1452 5058 1642 5126 quierit
1672 5060 1725 5112 in
1765 5075 1871 5128 quo

295 5141 576 5197 utilitatem
602 5144 852 5212 accipiat,
872 5144 965 5199 sed
993 5145 1045 5198 in
1074 5161 1179 5216 quo
1215 5148 1543 5203 criminetur.
1579 5150 1748 5205 Homo
1768 5152 1872 5206 lle-

297 5230 471 5285 liraica
487 5229 711 5287 dialecto
728 5235 864 5303 ignis
881 5234 1091 5290 dicitur.
1114 5237 1224 5292 Hoc
1244 5253 1437 5294 nomen
1457 5256 1559 5294 non
1577 5244 1692 5297 sine
1711 5257 1870 5298 causa

295 5323 518 5378 inditum
545 5325 856 5380 estAdamo
902 5345 915 5380 :
949 5329 1041 5381 sed
1076 5339 1303 5398 quatuor
1342 5340 1467 5385 sunt
1505 5317 1766 5389 elementa
1815 5336 1868 5389 in

293 5412 491 5469 mundo
518 5413 766 5482 (rursum
793 5409 860 5469 de
887 5416 1044 5470 rebus
1068 5433 1166 5488 ago
1197 5422 1548 5489 naturalibus,
1581 5425 1742 5480 velint
1775 5441 1870 5480 no-

353 5544 427 5616 (a)
628 5547 802 5616 citatus
825 5553 902 5596 est
919 5546 1086 5616 Aggtei
1108 5587 1120 5607 ,
1149 5556 1203 5598 ut
1241 5551 1386 5616 Biblia
1426 5553 1628 5604 adeunti
1663 5557 1865 5616 patebit.

355 5606 428 5677 (h)
604 5607 864 5677 appellatio
897 5606 1127 5677 ltebraica
1166 5613 1352 5677 accedit
1390 5616 1447 5677 ad
1487 5617 1612 5677 ignis
1649 5606 1863 5666 tiomeui

289 5671 400 5718 δαὶ-’Ἢ
439 5669 511 5738 vir
547 5669 784 5738 Hebraice
820 5670 1121 5728 dieiturﬂb’s
1161 5672 1298 5733 ignis.
1326 5676 1413 5722 Sed
1437 5679 1476 5724 si
1504 5669 1656 5738 ipsum
1689 5693 1866 5728 nomen

316 5744 411 5790 rm
431 5737 580 5787 Adam
595 5737 695 5786 vult
718 5737 776 5786 ad
796 5739 922 5798 ignis
945 5751 1118 5788 nomen
1143 5745 1398 5804 accedere,
1413 5737 1557 5807 longe
1577 5757 1706 5798 errat
1722 5757 1866 5798 Seve-

292 5819 470 5859 malum.

1345 355 1432 410 ne
1469 313 1681 410 unum
1717 349 2107 408 cannons
2145 353 2398 411 unum
2439 357 2501 412 v.

3461 360 3568 421 474

1992 471 2127 532 lint)
2163 479 2547 544 :terra,aqua,
2590 489 2698 540 aer,
2750 475 2904 546 ignis.
2963 477 3167 532 Cietera
3209 477 3472 534 elementa
3512 490 3571 535 ut

1990 571 2113 618 sunt
2127 573 2377 629 manent;
2400 565 2627 634 exempli
2649 579 2826 632 causa,
2845 566 2889 620 si
2917 575 3070 621 terra:
3095 568 3306 638 glebam
3325 583 3570 640 sumpse-

1991 655 2086 719 ris,
2115 670 2218 710 non
2246 666 2400 727 potes
2423 671 2488 711 ex
2511 672 2572 712 ea
2611 672 2767 726 quam
2811 669 2958 713 tenes
2997 661 3206 728 glebam
3250 675 3519 731 apponere
3553 679 3567 714 :

1992 761 2120 817 ergo
2148 747 2192 801 si
2221 747 2428 818 glebam
2455 749 2766 817 sumpseris,
2791 749 2843 804 id
2871 759 3046 804 manet
3073 751 3211 821 quod
3239 763 3338 806 est.
3363 754 3572 821 Aquam

1993 852 2202 892 rursum
2228 837 2275 892 si
2299 854 2544 894 mensura
2571 839 2796 909 quadam
2827 843 3148 910 sumpseris,
3177 852 3353 898 manet
3382 845 3571 899 eadem

1992 943 2149 998 aqua,
2182 941 2524 998 augmentum
2554 946 2658 984 non
2682 931 2895 1000 accipit.
2932 937 3066 988 Aere
3096 935 3140 989 si
3187 943 3357 990 utrem
3395 935 3569 1005 reple-

1991 1022 2154 1086 wris,
2201 1022 2361 1074 alium
2405 1032 2576 1077 utrem
2609 1038 2674 1076 ex
2700 1024 2791 1077 illo
2831 1024 3052 1092 implere
3087 1041 3192 1079 non
3225 1036 3396 1094 potes.
3434 1027 3572 1096 Ignis

1990 1129 2118 1168 vero
2146 1129 2250 1168 non
2278 1124 2458 1169 manet
2486 1115 2657 1183 qualis
2685 1125 2784 1170 est.
2817 1115 2982 1169 Parva
3005 1117 3311 1172 accenditur
3331 1120 3569 1183 lucerna,

1991 1206 2402 1278 innumerasque
2421 1224 2488 1263 ex
2519 1209 2604 1263 illa
2632 1207 2772 1263 faces
2799 1209 3063 1273 accendis,
3109 1211 3366 1283 integram
3397 1212 3573 1266 forna-

1990 1312 2129 1363 cem,
2163 1297 2433 1353 ﬂammam
2483 1300 2769 1370 ingentem,
2824 1315 2925 1354 nec
2974 1309 3156 1356 manet
3203 1303 3339 1371 ignis
3383 1304 3568 1358 eadem

1991 1389 2181 1456 forma,
2211 1389 2306 1445 sed
2331 1392 2715 1460 quantumlibet
2740 1394 3014 1448 materiam
3043 1394 3387 1463 corripuerit,
3415 1413 3572 1451 exsu-

1991 1484 2266 1552 perantius
2285 1497 2527 1556 augetur.
2556 1485 2688 1540 Cum
2721 1486 2993 1554 praesciret
3031 1503 3158 1557 ergo
3187 1487 3343 1552 Deus,
3375 1504 3438 1544 cx
3465 1507 3571 1544 uno

1991 1590 2218 1645 corpore
2240 1578 2472 1632 humano
2500 1578 2781 1648 repleudos
2829 1595 2948 1635 esse
2995 1580 3141 1635 orbis
3172 1582 3428 1637 terminos
3455 1584 3570 1651 (In-

1991 1681 2151 1721 cerna
2182 1667 2377 1738 quippe
2407 1684 2509 1723 una
2539 1679 2614 1724 tot
2654 1670 2898 1724 accendit
2919 1670 3079 1736 faces,
3110 1683 3332 1742 eratque
3358 1674 3568 1740 oriens,

1991 1759 2261 1826 occidens,
2304 1762 2600 1828 septentrio
2629 1769 2683 1815 et
2709 1761 3031 1831 meridies),
3056 1779 3250 1818 nomen
3279 1763 3470 1818 indidit
3494 1767 3572 1820 rei

1990 1861 2427 1907 consentaneum.
2463 1852 2665 1909 Idcirco
2693 1855 2864 1924 ipsum
2904 1855 3093 1910 Adami
3137 1871 3332 1912 nomen
3385 1860 3574 1926 pignus

1991 1950 2107 1995 erat
2132 1941 2276 1996 orbis
2310 1953 2590 1998 terrarum.
2625 1945 2756 2012 Quia
2794 1945 2938 1999 enim
2966 1945 3198 2000 luturum
3224 1959 3337 2001 erat
3367 1957 3422 2020 ut
3445 1963 3576 2016 qua-

1994 2043 2112 2087 tuor
2147 2034 2359 2089 climata
2385 2051 2452 2089 ex
2486 2037 2600 2105 ipso
2630 2036 2998 2106 itnplerentur,
3033 2038 3258 2107 imponit
3285 2039 3334 2094 ei
3376 2055 3572 2094 nomen

1991 2125 2161 2180 Adam
2189 2142 2202 2179 :
2233 2133 2362 2199 ἄλξα
2385 2129 2590 2189 ἀνατολὴ
2612 2169 2626 2194 ,
2654 2129 2834 2183 oriens
2858 2171 2873 2195 ,
2906 2134 3045 2184 δέλτα
3080 2135 3204 2190 δύσις
3229 2171 3244 2197 ,
3293 2132 3569 2196 occidens,

1989 2226 2116 2291 ἄλφα
2137 2226 2323 2292 ἄρκτος,
2345 2223 2656 2292 septentrio,
2681 2234 2745 2286 μῦ
2768 2233 3052 2293 μεσημϐρία,
3075 2224 3344 2279 meridies.
3378 2226 3443 2279 Et
3469 2241 3570 2280 no-

1992 2328 2113 2366 men
2148 2312 2383 2367 etlitera:
2407 2313 2775 2381 testiﬁcantur,
2803 2314 3072 2369 hominem
3095 2317 3420 2386 repleturum
3452 2333 3574 2372 esse

1989 2405 2173 2460 orbem
2204 2416 2486 2460 terrarum.
2515 2406 2748 2462 Vocatur
2769 2422 2896 2479 ergo
2919 2408 3175 2464 Hebraica
3208 2410 3383 2480 lingua
3415 2411 3569 2480 ignis.

1990 2498 2122 2563 Quia
2169 2498 2326 2568 igitur
2367 2499 2500 2568 ignis
2537 2500 2944 2570 appellationem
2986 2500 3165 2566 habet,
3216 2516 3320 2555 non
3372 2501 3577 2556 dubitat

1990 2592 2262 2660 Scriptura
2291 2592 2449 2646 etiam
2471 2593 2685 2663 angelos
2704 2591 2947 2648 homines
2964 2608 3172 2648 vocare.
3193 2593 3416 2660 Quando
3431 2593 3573 2648 enim

1990 2693 2249 2766 venerunt
2274 2683 2435 2738 Maria
2475 2693 2528 2740 et
2557 2685 2716 2739 socia:
2742 2684 2994 2738 mulieres
3023 2683 3091 2738 ad
3124 2695 3522 2738 monumentum
3557 2725 3571 2751 ,

1990 2776 2116 2832 dicit
2148 2775 2317 2832 :Ecce
2356 2777 2656 2832 adstiterant
2692 2776 2794 2831 illis
2843 2778 2944 2831 duo
2989 2777 3084 2831 viri
3127 2775 3282 2847 (Luc.
3336 2777 3426 2831 21.
3473 2776 3571 2848 4).

1989 2870 2159 2924 Erant
2181 2880 2362 2926 autem
2404 2870 2595 2940 angeli.
2640 2870 2742 2940 lpsi
2785 2886 2915 2925 vero
2949 2869 3120 2941 angeli
3169 2886 3379 2941 quoque
3438 2871 3574 2940 ignis

1989 2971 2244 3017 vocantur
2273 2980 2285 3016 :
2315 2977 2461 3030 nam,
2489 2963 2588 3029 Qui
2612 2963 2734 3034 facit
2771 2964 2976 3034 angelos
3003 2980 3119 3018 suos
3147 2964 3372 3033 spiritus,
3401 2973 3445 3016 et
3486 2965 3576 3017 mi-

1988 3057 2170 3110 nistros
2199 3072 2316 3110 suos
2339 3057 2507 3126 ignem
2533 3065 2755 3110 urentem
2779 3050 2947 3121 (Psal.
2975 3057 3097 3112 105.
3127 3058 3209 3127 4).
3234 3056 3392 3112 Viros
3420 3066 3575 3114 vocat

1990 3146 2128 3211 illos,
2159 3149 2283 3216 quia
2308 3161 2644 3202 communem
2672 3147 3003 3203 habentcum
3031 3147 3245 3203 homine
3275 3148 3570 3204 notionem.

1991 3239 2191 3310 Ecquid
2238 3239 2471 3294 mirum?
2498 3240 2617 3308 Ipse
2664 3240 2805 3294 Deus
2836 3251 3054 3295 vocatur
3079 3241 3234 3310 ignis,
3261 3250 3481 3295 vocatur
3511 3251 3566 3296 et

1989 3331 2169 3386 homo.
2201 3332 2290 3386 Ait
2315 3332 2566 3387 Servator
2591 3332 2659 3387 de
2685 3332 2842 3388 Patre
2869 3348 2967 3386 suo
2993 3354 3006 3388 :
3036 3331 3204 3387 Homo
3239 3333 3442 3400 quidam
3463 3343 3569 3386 erat

1990 3423 2373 3496 paterfamilias,
2394 3424 2478 3494 qui
2502 3423 2743 3492 plantavit
2764 3423 2976 3478 vineam.
3002 3422 3068 3476 Et
3090 3423 3223 3477 misit
3248 3439 3412 3477 servos
3430 3439 3567 3488 suos,

1989 3525 2034 3569 ct
2063 3516 2214 3570 occisi
2239 3525 2352 3570 sunt
2378 3516 2504 3570 servi
2529 3513 2745 3586 (Matth.
2771 3515 2863 3568 21.
2887 3516 2974 3568 55.
3006 3531 3111 3584 sqq.
3140 3516 3180 3586 ).
3213 3514 3382 3583 thue
3409 3529 3561 3569 com-

1991 3607 2182 3676 pendio
2207 3607 2378 3663 dicam
2405 3625 2418 3660 :
2451 3606 2517 3661 Et
2546 3606 2671 3661 dixit
2696 3605 2843 3660 homo
2871 3605 2978 3672 ille,
3015 3605 3192 3658 Adhuc
3219 3621 3376 3658 unum
3404 3606 3570 3673 [ilium

1987 3698 2393 3765 Imbeo;mittam
2419 3699 2586 3764 illum,
2624 3699 2669 3753 si
2712 3702 2841 3770 forte
2887 3707 3222 3752 revereantur.
3273 3697 3411 3763 Quid
3462 3696 3565 3750 sibi

1989 3793 2096 3846 vult
2149 3807 2343 3847 nomen
2400 3793 2560 3848 homo
2611 3806 2708 3862 pro
2760 3791 2976 3847 nomine
3015 3791 3236 3846 divino?
3275 3790 3393 3846 Non
3423 3793 3568 3845 enim

1987 3882 2120 3936 dixit
2149 3882 2451 3951 parabolam
2491 3901 2504 3937 :
2552 3898 2656 3936 non
2685 3881 2837 3947 dixit,
2883 3880 3062 3937 Simile
3107 3891 3218 3947 est;
3248 3881 3365 3947 sed,
3397 3880 3566 3936 Homo

1985 3972 2188 4042 quidam
2209 3983 2335 4026 erat.
2363 3971 2569 4028 Idcirco
2593 3972 2804 4044 Moyses
2827 3990 2842 4026 :
2872 3971 3013 4027 Deus
3037 3982 3203 4026 noster
3231 3972 3359 4042 ignis
3385 3988 3567 4025 consu-

1986 4083 2125 4120 mens
2149 4065 2340 4139 (Deut.
2368 4067 2424 4121 4.
2455 4066 2524 4121 24
2541 4066 2583 4139 ).
2607 4065 2849 4122 Salvator
2864 4081 3074 4135 quoque
3096 4073 3370 4134 postquam
3401 4080 3566 4118 vene-

1986 4167 2067 4211 rat
2093 4157 2223 4213 dicit
2255 4175 2267 4210 :
2296 4156 2476 4229 Ignem
2496 4158 2606 4212 veni
2623 4158 2815 4212 mittere
2842 4157 2894 4210 in
2921 4156 3138 4226 terram(
3161 4154 3290 4209 Luc.
3322 4153 3410 4209 12.
3433 4154 3502 4209 49
3524 4157 3563 4223 ).

1985 4248 2213 4303 Adhibet
2239 4249 2414 4320 itaque
2437 4263 2628 4319 nomen
2655 4249 2733 4304 rei
2759 4256 3194 4302 consentaneum.
3219 4247 3564 4315 Quandoqui-

1983 4340 2104 4394 dem
2161 4339 2319 4410 ignis,
2365 4349 2422 4394 ut
2441 4339 2549 4410 jam
2579 4340 2710 4406 dixi,
2737 4354 2800 4394 ex
2843 4353 3008 4409 parvo
3033 4353 3255 4408 magnus
3283 4336 3482 4404 evadit,
3513 4349 3567 4393 et

1983 4430 2144 4486 homo
2164 4447 2194 4485 a
2240 4447 2410 4502 parvo
2449 4432 2633 4486 orbem
2667 4440 2927 4486 terrarum
2956 4429 3212 4500 implevit,
3238 4440 3454 4484 vocatus
3485 4443 3569 4484 est

1983 4522 2143 4578 homo
2189 4523 2354 4593 ignis,
2384 4539 2478 4592 per
2505 4523 2655 4588 illud,
2687 4523 2960 4577 Faciamus
2985 4523 3234 4577 hominem
3257 4540 3274 4578 .·
3302 4540 3423 4578 nam
3455 4523 3564 4578 lle-

1982 4615 2161 4672 braice
2181 4626 2264 4672 est
2291 4634 2305 4669 :
2337 4615 2613 4672 Faciamus
2640 4620 2823 4689 ignem.

2051 4710 2238 4766 Contra
2252 4710 2790 4782 Anthropomorphitas
2809 4727 2827 4765 :
2842 4711 2978 4766 Deus
2995 4729 3096 4766 non
3113 4712 3554 4766 circumscribitur.

1979 4836 2050 4844 —
2075 4802 2348 4858 Faciamus
2392 4805 2645 4859 hominem
2688 4806 2758 4860 ad
2801 4807 3073 4878 imaginem
3119 4817 3366 4861 nostram.
3410 4807 3558 4862 Multi

1979 4897 2263 4950 stultorum
2284 4906 2335 4950 et
2357 4896 2721 4964 imperitorum
2743 4906 3012 4967 putarunt,
3037 4897 3308 4954 hominem
3335 4898 3402 4953 ad
3427 4899 3561 4952 ima-

1977 4989 2156 5059 ginem
2179 4989 2274 5043 Dei
2304 5003 2442 5053 esse,
2474 4987 2612 5058 quod
2646 4987 2786 5042 Deus
2813 5004 2969 5045 nares
2999 4989 3210 5055 habeat,
3236 5001 3324 5043 aut
3351 4989 3557 5053 oculos,

1978 5080 2064 5135 vel
2091 5094 2267 5143 aures,
2296 5079 2378 5133 vel
2406 5094 2489 5146 os,
2517 5087 2572 5134 ut
2595 5094 2694 5134 nos
2724 5080 2982 5136 habemus
3011 5099 3024 5134 :
3053 5090 3109 5136 at
3139 5081 3267 5134 falsa
3297 5079 3557 5134 absurda-

1977 5188 2080 5242 que
2101 5181 2181 5226 est
2209 5172 2325 5227 haec
2351 5172 2550 5242 opinio.
2573 5172 2771 5242 Estque
2798 5172 3056 5229 hactenus
3086 5171 3306 5227 haeresis
3330 5187 3448 5241 qua:
3479 5171 3558 5225 di-

1976 5266 2048 5318 cit
2084 5265 2288 5319 Numen
2328 5265 2562 5319 divinum
2612 5267 2842 5321 hominis
2885 5266 3110 5321 formam
3159 5264 3377 5319 habere.
3421 5264 3554 5332 Quia

1976 5355 2118 5407 enim
2137 5355 2435 5421 audierunt,
2463 5355 2612 5409 Oculi
2633 5355 2857 5419 Domini,
2883 5373 3027 5409 aures
3053 5354 3252 5409 Domini
3272 5353 3442 5423 (Psal.
3463 5355 3550 5408 55.

1975 5445 2088 5514 16),
2129 5453 2201 5508 et,
2248 5444 2501 5499 0doratus
2538 5460 2607 5499 est
2645 5445 2894 5500 Dominus
2934 5445 3083 5514 (Gen.
3120 5446 3173 5500 8.
3210 5446 3327 5517 2|),
3359 5456 3434 5510 et,
3482 5443 3552 5498 0s

1975 5538 2182 5591 Domini
2209 5539 2466 5608 loquutum
2493 5551 2562 5592 est
2590 5542 2739 5607 (lsai.
2775 5541 2823 5593 1.
2857 5539 2972 5608 20),
2999 5548 3071 5605 et,
3098 5539 3284 5597 Manus
3313 5538 3407 5596 Dei
3434 5541 3552 5606 fecit

1974 5629 2118 5697 (Job.
2165 5631 2250 5684 12.
2281 5632 2354 5701 9),
2400 5643 2472 5697 et,
2508 5631 2669 5685 Pedes
2699 5633 2794 5684 Dei
2834 5642 3073 5686 steterunt
3105 5631 3273 5703 (Psal.
3323 5634 3441 5687 151.
3469 5633 3547 5691 7).

1975 5724 2346 5791 incorporeum
2387 5741 2507 5778 cum
2557 5725 2809 5778 membris
2852 5723 3226 5793 depinxerunt,
3274 5728 3550 5780 δριιιιιιιιίευ

1977 5813 2350 5871 absurditatetn
2390 5833 2492 5869 non
2529 5817 2899 5884 pert-ipicutcs.
2934 5815 3069 5871 Dicit
3104 5817 3262 5885 Deus,
3295 5827 3349 5872 ut
3379 5814 3553 5870 discas
