4074 6308
489 384 592 437 475

488 498 685 551 nullam
728 494 956 549 hominis
998 508 1118 548 cum
1150 494 1258 548 Deo
1297 507 1417 547 esse
1443 492 1864 557 similitudinem,
1892 508 2061 561 quan-

489 598 598 643 tum
630 586 831 641 scilicet
862 586 928 640 ad
955 587 1284 654 corporalem
1325 585 1579 656 speciem.
1607 585 1720 639 Non
1750 585 1892 639 enim
1922 584 2060 638 hanc

487 697 670 735 vocem
697 680 847 746 tollo,
882 679 1155 733 Faciamus
1184 680 1434 734 hominem
1462 682 1529 733 ad
1548 680 1835 748 imaginem.
1870 678 2061 733 Verum

487 774 905 827 demonstratum
929 781 1033 839 est,
1056 772 1325 841 quomodo
1347 771 1414 827 ad
1435 772 1705 843 imaginem
1730 770 1873 825 dicat
1900 770 2058 824 Deus.

486 866 679 922 Curium
705 875 750 919 et
777 875 961 920 terram
1002 882 1091 933 ego
1130 865 1335 935 impleo,
1369 865 1489 918 dicit
1530 864 1779 918 Dominus-
1811 864 1941 933 (Jer.
1970 863 2060 918 25.

484 959 601 1031 24).
644 958 849 1013 Rursus
878 959 1017 1013 idem
1048 975 1061 1010 :
1093 957 1281 1013 Colum
1325 958 1449 1010 mihi
1476 958 1689 1021 solium;
1737 966 1870 1009 terra
1898 966 2066 1008 autem

486 1050 763 1103 scabellum
793 1048 975 1118 pedum
1017 1065 1243 1103 meorum
1278 1048 1429 1120 (Isai.
1464 1047 1553 1101 66.
1589 1048 1665 1116 1).
1703 1047 1945 1101 Vocesne
1973 1061 2064 1101 se-

485 1141 756 1209 quemur?
781 1140 1147 1195 serviemusne
1187 1141 1400 1195 liter-.e?
1428 1140 1532 1195 Sed
1571 1156 1690 1210 qua:
1721 1138 1845 1195 hinc
1872 1153 2065 1194 conse-

486 1243 720 1303 quuntur
760 1249 846 1288 me
892 1233 1231 1303 redarguent.
1272 1232 1550 1300 Quomodo
1584 1232 1828 1301 cogitabo
1874 1231 2063 1287 cadum

486 1326 677 1379 solium
716 1326 877 1380 esse?
916 1324 1119 1380 Solium
1160 1325 1529 1393 complectitur
1570 1323 1880 1386 sedentem;
1928 1323 2067 1377 Deus

488 1432 616 1472 vero
642 1433 747 1471 non
782 1417 1255 1473 circumscribitur.
1282 1416 1417 1470 Nihil
1444 1424 1526 1470 est
1558 1416 1699 1470 circa
1740 1415 1944 1479 Deum;
1970 1413 2065 1469 sed

488 1510 605 1578 ipse
648 1509 816 1563 ambit
854 1509 1034 1563 omnia
1078 1516 1132 1562 et
1175 1507 1560 1576 circumcingit.
1601 1505 1656 1561 Si
1707 1521 1835 1575 ergo
1876 1505 2063 1560 ctelum

488 1600 685 1654 habeat
736 1601 952 1665 solium,
1003 1600 1270 1671 quomodo
1321 1600 1507 1653 czclum
1558 1600 1735 1669 palmo
1781 1598 2067 1654 metietur?

487 1692 757 1762 quomodo
792 1692 943 1747 sedet
984 1693 1034 1746 in
1071 1692 1241 1746 cmlo?
1268 1691 1458 1746 Caelum
1490 1691 1615 1745 mihi
1637 1691 1775 1745 sedes
1814 1698 1908 1752 est.
1934 1699 2068 1743 terra

488 1795 653 1838 autent
678 1784 951 1841 scabellum
977 1785 1162 1855 pedum
1181 1800 1402 1841 meorum
1425 1783 1576 1853 (lsai.
1594 1781 1815 1853 40.12).
1839 1781 2066 1838 Ubinam

489 1877 678 1931 sedet?
707 1879 759 1931 in
795 1878 927 1931 cado
958 1876 1096 1947 quod
1133 1876 1436 1932 cernimus?
1465 1874 1647 1931 Stellae
1691 1884 1816 1929 sunt
1844 1875 1943 1930 sub
1977 1874 2069 1928 [ir—

492 1979 798 2033 mantento;
838 1984 989 2037 aqum
1034 1983 1195 2037 super
1224 1968 1353 2023 illud
1391 1970 1576 2038 positae
1615 1977 1755 2022 sunt.
1804 1964 1860 2024 Si
1908 1981 2067 2036 supra

490 2060 659 2124 sedet,
705 2075 809 2114 non
855 2076 1015 2129 super
1054 2061 1234 2122 cmlos,
1286 2060 1379 2114 sed
1424 2061 1473 2113 in
1508 2062 1782 2126 superiore
1826 2060 1977 2114 czelo.
2011 2059 2068 2115 Si

491 2151 642 2206 sedet
661 2152 899 2216 omnino,
922 2152 1082 2205 etiam
1112 2151 1274 2220 pedes
1296 2167 1466 2221 usque
1493 2152 1557 2204 ad
1588 2160 1780 2205 terram
1813 2150 2063 2220 pendent.

491 2242 747 2298 Talemne
791 2243 1012 2312 figuram
1044 2242 1305 2296 adscribis
1343 2243 1418 2305 ei,
1449 2242 1539 2311 qui
1568 2242 1684 2297 sine
1727 2242 1894 2310 ﬁgura
1938 2243 2065 2297 est?

490 2335 682 2388 Annon
712 2334 931 2403 impium
961 2342 1043 2388 cst
1070 2333 1196 2387 illud
1227 2334 1294 2386 ita
1320 2333 1589 2401 cogitare?
1612 2333 1853 2396 Demum,
1884 2334 1927 2389 si
1955 2334 2069 2403 ejus

493 2424 655 2494 pedes
702 2435 899 2479 terram
935 2426 1160 2487 calcant,
1204 2424 1470 2491 quomodo
1507 2426 1777 2479 serimus?
1804 2427 2069 2495 quomodo

492 2517 785 2571 mctimus?
811 2517 1078 2584 quomodo
1108 2516 1513 2586 pertransimus,
1546 2532 1641 2570 nec
1669 2516 1722 2570 in
1753 2517 1916 2586 pedes
1954 2519 2069 2587 ejus

495 2609 872 2678 impingimus?
916 2609 1198 2674 Quomodo
1238 2609 1424 2662 cadum
1476 2609 1652 2678 palmo
1693 2626 1909 2663 mensus
1949 2612 2069 2664 est‘l

492 2716 651 2770 quam
684 2716 904 2771 magnos
946 2701 1127 2754 habuit
1151 2701 1345 2770 digitos
1373 2702 1714 2770 proportione
1739 2702 2070 2763 divinitatis?

494 2801 550 2846 et
575 2792 844 2862 quomodo
885 2792 1076 2848 talibus
1119 2792 1295 2861 digitis
1340 2793 1557 2862 exiguas
1597 2794 1802 2849 tabulas
1835 2796 2062 2864 scripsit,

497 2899 671 2952 neque
711 2883 817 2937 illis
866 2883 1149 2952 pluribus?
1177 2884 1285 2938 Nos
1334 2884 1500 2938 tribus
1539 2884 1717 2955 digitis
1767 2886 2067 2951 scribimus,

495 2974 714 3045 reliquis
742 2990 957 3043 operam
981 2974 1406 3039 conferentibus;
1441 2977 1575 3031 Deus
1604 2992 1709 3031 uno
1729 2976 1891 3047 digito
1922 2977 2073 3030 tabu-

497 3069 578 3123 las
607 3069 839 3137 scripsit.
869 3068 1116 3122 Vidistin’
1144 3068 1373 3137 aliquem
1398 3084 1503 3124 uno
1531 3069 1694 3139 digito
1714 3070 2072 3127 scribentem?

496 3158 634 3213 Sunt
658 3158 773 3217 hiI‘C
801 3160 967 3227 magis
997 3160 1300 3218 sementim.
1329 3175 1485 3229 quam
1510 3161 1692 3214 verba.

568 3254 622 3307 4.
664 3251 844 3322 Imago
883 3252 977 3305 Dei
1005 3269 1196 3317 sumus,
1225 3255 1493 3321 quomodo.
1516 3283 1589 3292 —
1612 3252 1885 3308 Faciamus
1912 3255 2075 3307 homi-

498 3361 613 3398 nem
638 3345 706 3397 ad
730 3344 1001 3413 imaginem
1027 3354 1268 3397 nostram.
1299 3343 1426 3399 Vult
1454 3346 1592 3400 Deus
1631 3354 1687 3400 ut
1721 3357 1975 3416 quantum
2003 3352 2071 3402 ad

497 3437 746 3491 virtutem
786 3435 987 3489 similes
1015 3436 1111 3505 ipsi
1139 3436 1325 3489 simus.
1348 3436 1484 3503 Quid
1512 3448 1613 3503 est,
1654 3439 1736 3490 Ad
1765 3440 2072 3509 imaginem?

503 3528 642 3582 Deus
675 3539 888 3581 sanctus
934 3538 1049 3593 cst;
1092 3528 1135 3583 si
1168 3529 1335 3581 sancti
1379 3528 1649 3593 fuerimus,
1684 3530 1750 3584 ad
1788 3530 2071 3600 imaginem

500 3619 595 3674 Dei
623 3635 825 3673 sumus.
858 3619 1011 3685 Nam,
1051 3619 1225 3673 Estote
1257 3622 1435 3684 sancti,
1465 3623 1582 3690 quia
1610 3638 1699 3691 ego
1725 3634 1925 3676 sanctus
1964 3641 2076 3678 sunt

504 3710 684 3782 (Leuit.
730 3712 817 3767 19.
862 3711 942 3779 2).
977 3712 1115 3765 Deus
1140 3711 1318 3780 justus
1361 3720 1480 3775 est;
1523 3713 1565 3765 si
1594 3713 1853 3781 justitiam
1898 3724 2075 3769 secte-

502 3820 643 3875 mur,
676 3804 850 3874 imago
880 3804 970 3858 Dei
999 3820 1202 3861 sumus.
1247 3803 1376 3857 Nam
1405 3803 1582 3857 Justus
1607 3803 1874 3869 Dominus,
1924 3816 1969 3858 et
1986 3808 2077 3876 ju-

502 3902 691 3959 stitiam
720 3900 895 3953 dilexit
941 3898 1110 3967 (Psal.
1146 3899 1231 3953 10.
1261 3899 1337 3968 8).
1384 3898 1437 3953 Si
1481 3898 1855 3953 misericordes
1884 3901 2072 3966 simus,

502 3994 677 4061 imago
707 4006 893 4045 sumus
921 3992 1032 4046 Dei.
1057 3991 1145 4045 Ait
1171 3993 1310 4046 enim
1350 3990 1603 4045 Servatur
1634 4010 1646 4044 :
1675 3990 1850 4045 Esl0le
1879 3992 2075 4045 miseri-

505 4084 703 4149 cordes,
742 4083 868 4137 sicut
900 4081 1054 4135 Pater
1078 4093 1237 4137 vester
1275 4084 1555 4137 misericors
1594 4094 1666 4137 est
1694 4083 1842 4154 (Luc.
1876 4086 1927 4139 6.
1962 4086 2073 4156 56).

502 4174 667 4229 Vides
712 4191 811 4243 qtta
858 4175 908 4227 in
938 4185 1085 4243 parte
1131 4177 1199 4229 sit
1240 4174 1457 4243 imago?
1502 4174 1746 4229 Ostendit
1788 4185 1842 4229 et
1884 4176 2079 4230 Paulus

503 4267 787 4335 imaginem
814 4282 828 4330 ;
855 4266 928 4319 ait
959 4267 1098 4320 enim
1127 4285 1139 4320 :
1164 4266 1348 4320 Exuite
1388 4282 1473 4319 vos
1502 4276 1714 4319 veterem
1754 4267 2003 4319 hominem
2032 4277 2079 4321 et

503 4360 696 4413 induite
720 4377 920 4425 novum,
953 4360 1038 4430 qui
1053 4359 1326 4415 secundum
1358 4358 1519 4412 Deum
1541 4368 1735 4413 creatus
1757 4371 1830 4412 est
1857 4361 1908 4413 in
1934 4360 2079 4430 agni-

505 4454 638 4506 tione
678 4454 921 4517 ueritatis,
973 4453 1248 4507 secundum
1300 4452 1565 4522 imaginem
1612 4452 1720 4520 eius
1765 4452 1850 4522 qui
1896 4452 2079 4506 creavit

505 4563 617 4600 eum
657 4546 791 4617 (Col.
822 4548 874 4601 '5.
920 4548 973 4601 9.
1014 4546 1125 4617 10).
1169 4545 1330 4600 Vides
1380 4544 1662 4599 virtutibus
1713 4544 1891 4609 tribui,
1937 4543 2079 4614 quod

507 4638 781 4707 Scriptura
824 4638 971 4701 dicit,
1021 4638 1102 4690 Ad
1144 4638 1411 4707 imaginem
1450 4638 1711 4692 nostram?
1760 4636 1815 4690 In
1858 4654 1963 4704 quo
2000 4646 2081 4689 est

504 4732 642 4795 ratio
688 4731 965 4799 imaginis?
996 4730 1048 4784 ln
1077 4741 1337 4800 potestate
1378 4731 1500 4784 item
1529 4750 1541 4783 :
1567 4729 1820 4799 Imperent
1865 4730 2080 4799 piscibus

504 4826 682 4891 maris,
711 4835 757 4877 et
780 4823 1064 4878 volatilibus
1091 4824 1221 4888 cwli,
1251 4836 1294 4878 et
1322 4824 1502 4889 bestiis,
1533 4835 1577 4876 et
1604 4823 1885 4892 reptilibus,
1919 4832 1962 4873 et
1984 4827 2079 4889 ju-

504 4918 700 4991 mentis,
730 4928 774 4969 et
820 4917 1061 4970 universa:
1088 4928 1232 4970 terra:
1258 4913 1412 4985 (Cen.
1457 4918 1508 4969 1.
1549 4916 1661 4985 26).
1694 4915 1738 4969 Ο
1766 4915 1860 4968 Dei
1892 4930 2081 4969 conse-

504 5018 756 5077 quentem
780 5009 1057 5063 ordinem!
1089 5024 1120 5062 ο
1150 5009 1426 5061 verborum
1455 5015 1755 5061 accuratam
1786 5006 2039 5058 rationem
2064 5006 2076 5059 !

505 5102 611 5156 Cur
641 5101 775 5155 dixit
824 5100 991 5170 prius,
1040 5098 1257 5153 Prcesint
1297 5099 1513 5167 piscibus
1554 5097 1744 5149 maris?
1778 5096 2080 5150 Secundum

505 5193 747 5248 ordinent
802 5193 1089 5245 crcationis
1160 5198 1241 5244 est
1298 5189 1431 5243 ordo
1486 5188 1884 5243 dominationis.
1948 5189 2079 5252 Quia

507 5285 662 5352 primi
691 5300 755 5339 ex
789 5284 919 5337 mari
952 5282 1075 5337 facti
1127 5289 1249 5336 sunt
1290 5285 1464 5351 pisces
1513 5290 1566 5333 et
1604 5279 1861 5345 volatilia,
1898 5289 2080 5347 postea

505 5390 634 5429 vero
675 5391 740 5429 ex
772 5385 909 5429 terra
940 5372 1309 5444 quadrupedes
1354 5380 1410 5425 et
1440 5371 1635 5436 reliqua
1680 5385 1890 5439 pecora,
1923 5370 2080 5424 indu-

505 5468 577 5520 cit
607 5469 751 5535 prius
788 5484 848 5520 ea
882 5484 999 5537 quae
1027 5468 1198 5535 priora
1230 5463 1364 5519 facta
1396 5473 1536 5515 sunt.
1582 5461 1801 5514 I’rwsint
1840 5462 2079 5530 piscibus,

506 5572 550 5612 et
599 5561 903 5628 volatilibus,
959 5571 1005 5614 et
1056 5560 1242 5623 bestiis,
1296 5568 1341 5611 et
1406 5556 1684 5625 reptilibus,
1726 5564 1773 5608 et
1813 5555 2079 5625 jumentis.

505 5650 859 5716 Quamobrem
883 5662 991 5707 tres
1019 5652 1168 5720 pueri
1201 5648 1576 5705 benedicentes
1605 5649 1653 5700 in
1687 5647 1900 5701 fornace
1929 5646 2081 5699 ordi-

508 5757 628 5795 nem
669 5751 919 5795 servant:
954 5760 971 5793 t
1004 5742 1337 5807 Benedicite,
1388 5739 1553 5793 maria
1594 5747 1647 5792 et
1685 5738 1922 5801 ﬂumina,
1972 5736 2081 5789 Do-

509 5848 673 5889 tmuo.
722 5833 1041 5897 Benedicite,
1085 5846 1199 5890 cete
1247 5844 1297 5889 et
1340 5833 1517 5888 omnia
1547 5848 1665 5899 quae
1706 5844 1988 5887 moventur
2028 5835 2077 5886 in

1935 377 2299 434 SEVERIANI

3642 383 3745 438 476

2166 491 2337 559 aquis,
2372 490 2615 545 Domino.
2644 492 2961 559 Benedicite,
2986 510 3172 550 omnes
3201 498 3442 553 volucres
3471 500 3608 565 cadi,
3642 502 3749 554 Do-

2175 584 2338 636 mino.
2371 581 2692 650 Benedicite,
2727 585 2909 640 bestia:
2949 596 3004 641 et
3044 603 3259 657 pecora.
3301 589 3623 657 Benedicite,
3656 595 3747 648 filii

2168 675 2441 729 hominum
2468 694 2486 727 ι
2520 676 2679 749 (Dan.
2698 676 3000 748 2.78.-82).
3032 680 3147 733 Alia
3166 685 3748 750 supererantconsidc-

2166 769 2369 833 randa;
2407 769 2499 824 sed
2536 769 2603 825 ad
2641 771 2970 840 propositum
3018 781 3364 827 revertamur.
3415 772 3484 826 Et
3514 777 3754 845 formavit

2168 858 2307 912 Deus
2335 859 2583 913 hominem
2610 859 2760 933 (Gen.
2782 861 2839 915 2.
2872 863 2949 931 7).
2980 862 3096 916 Non
3132 865 3445 933 simpliciter
3470 864 3623 931 dixit,
3649 866 3755 921 Fe-

2168 951 2273 1011 cit;
2313 950 2427 1015 scd,
2481 950 2758 1005 Formavit.
2810 952 3085 1007 Formatio
3117 954 3312 1009 dicitur
3350 955 3418 1010 de
3456 955 3649 1013 decore
3696 966 3755 1014 et

2169 1052 2395 1100 ornatu;
2428 1053 2487 1097 ut
2508 1044 2718 1113 quando
2755 1044 2948 1114 aliquis
2976 1046 3158 1101 videns
3199 1046 3492 1102 formosum
3518 1050 3747 1117 vultum,

2168 1134 2290 1203 quia
2322 1136 2539 1205 pulchre
2568 1136 2901 1191 efformatum
2942 1148 3043 1205 est,
3090 1138 3237 1200 dicit.
3269 1139 3407 1193 Nihil
3436 1140 3561 1196 fecit
3608 1141 3751 1197 Deus

2171 1227 2222 1281 in
2252 1243 2477 1297 corpore
2521 1238 2715 1298 praeter
2742 1230 3013 1293 decorum,
3062 1230 3156 1284 sed
3201 1241 3256 1285 et
3295 1230 3491 1286 decoro
3536 1242 3590 1287 et
3630 1236 3751 1288 usui

2170 1326 2459 1394 prospexit.
2490 1325 2727 1395 Exempli
2753 1340 2933 1390 causa,
2963 1325 3149 1381 oculus
3177 1326 3284 1381 duo
3310 1327 3489 1394 habet,
3514 1343 3665 1382 usum
3695 1341 3752 1383 et

2170 1417 2416 1473 decorem
2448 1437 2459 1472 :
2491 1433 2611 1473 nam
2651 1428 2703 1475 et
2728 1419 2891 1482 videt,
2925 1429 2978 1474 ct
3016 1429 3295 1475 venustum
3324 1420 3495 1477 reddit
3520 1422 3749 1485 vultum,

2171 1507 2464 1579 faciemque
2506 1519 2683 1575 ornat,
2730 1512 3015 1579 omniaque
3063 1511 3338 1577 conspicit.
3393 1511 3549 1565 Auris
3598 1528 3751 1568 us-nn

2172 1602 2356 1665 habet.
2392 1612 2709 1673 aspectuque
2730 1605 2962 1673 jucunda
3008 1613 3089 1658 est
3113 1620 3127 1657 :
3152 1603 3291 1672 quod
3333 1604 3475 1658 enim
3515 1606 3749 1658 circnm-

2171 1694 2401 1763 positum
2446 1704 2528 1748 est
2552 1696 2847 1767 cymbalum
2885 1696 3079 1749 animal
3109 1704 3349 1753 exornat.
3393 1696 3756 1759 Similiterque

2174 1800 2334 1839 nasus
2380 1785 2574 1839 olfactu
2628 1787 2930 1841 necessario
2979 1786 3228 1855 praeditus
3271 1797 3382 1850 est;
3433 1785 3549 1851 sed,
3594 1802 3753 1843 secus

2172 1891 2329 1944 quam
2361 1876 2413 1929 in
2438 1877 2646 1930 caeteris
2672 1877 3008 1939 animalibus,
3041 1877 3187 1930 velut
3219 1877 3453 1931 medium
3496 1877 3753 1946 parietem

2172 1967 2334 2021 efficit
2361 1967 2428 2021 ad
2454 1967 2702 2022 decorem
2730 1966 3101 2037 complendum
3128 1985 3141 2021 :
3171 1967 3222 2022 id
3249 1969 3389 2022 enim
3432 1969 3521 2023 uni
3552 1969 3753 2023 homini

2172 2061 2427 2131 competit
2457 2079 2470 2115 :
2493 2070 2685 2116 cmtcra
2706 2064 2899 2131 quippe
2918 2061 3163 2116 animalia
3194 2077 3376 2115 nasum
3399 2079 3504 2116 non
3531 2062 3751 2130 habent,

2173 2153 2267 2209 sed
2298 2168 2458 2207 unam
2485 2162 2686 2207 tantum
2718 2155 2922 2208 narium
2964 2153 3300 2223 positionem.
3331 2153 3443 2209 Hoc
3468 2168 3596 2209 vero
3636 2171 3753 2209 eam

2173 2246 2242 2299 ob
2263 2260 2374 2299 rem
2404 2244 2651 2299 formavit
2684 2245 2844 2299 Dens.
2874 2245 2998 2299 Ideo
3036 2244 3223 2308 David,
3259 2243 3360 2308 Qui
3384 2244 3632 2314 plantavit
3661 2263 3752 2297 au-

2173 2353 2300 2402 rem,
2323 2352 2425 2389 non
2452 2337 2668 2390 audiet?
2694 2347 2780 2389 aut
2809 2337 2893 2407 qui
2920 2337 3066 2403 ﬁnxit
3096 2336 3318 2403 oculum,
3346 2354 3443 2389 non
3472 2338 3754 2390 considerat

2179 2426 2347 2495 (Psal.
2378 2428 2464 2482 95.
2496 2428 2591 2497 9)?
2634 2428 2721 2483 Sic
2771 2442 2964 2484 terram
3010 2428 3129 2485 fecit
3176 2428 3242 2485 ad
3290 2441 3535 2482 ornatum
3586 2438 3639 2483 et
3688 2428 3757 2485 ad

2177 2536 2350 2575 usum.
2381 2520 2540 2573 Acne
2582 2519 2731 2588 plura
2774 2519 2865 2573 tibi
2903 2519 3093 2573 decora
3120 2520 3444 2583 recenseam,
3479 2529 3752 2589 postquam

2178 2629 2336 2666 unum
2365 2613 2549 2668 dixero
2576 2612 3002 2685 prartergrediar.
3037 2613 3190 2667 Dedit
3216 2614 3354 2667 Deus
3385 2612 3610 2679 homini,
3644 2614 3754 2666 viro

2177 2702 2395 2768 scilicet,
2421 2719 2542 2758 cum
2568 2704 2684 2756 aliis
2714 2704 2872 2758 etiam
2907 2703 3126 2756 uberum
3157 2703 3593 2765 concinnitatem.
3631 2702 3755 2757 Viro

2176 2808 2271 2852 cur
2293 2795 2493 2849 ubera?
2520 2795 2737 2849 Decoris
2767 2809 2945 2849 causa.
2982 2794 3115 2848 Nam
3146 2805 3261 2850 esto
3295 2794 3499 2849 mulieri
3530 2808 3755 2847 conces-

2177 2888 2307 2941 serit
2330 2889 2490 2940 ubera
2515 2886 2584 2940 ob
2614 2897 2818 2941 natura:
2858 2887 3251 2949 necessitatem,
3283 2884 3349 2940 ad
3377 2885 3524 2939 lactis
3550 2885 3754 2939 submi-

2178 2982 2541 3037 nistrationem
2565 2996 2579 3044 ;
2604 2981 2716 3033 viro
2745 2995 2839 3033 cur
2863 2980 3058 3034 ubera?
3090 2979 3168 3033 Ad
3198 2979 3471 3044 decorum,
3497 2976 3564 3032 ad
3592 2994 3753 3031 orna—

2180 3086 2310 3129 tum.
2338 3072 2795 3141 Quemadmodum
2840 3073 2982 3127 enim
3032 3074 3081 3126 in
3114 3072 3351 3126 a'diliciis
3390 3072 3492 3125 alia
3520 3070 3653 3125 ﬁunt
3689 3072 3757 3125 ob

2178 3168 2571 3233 necessitatem,
2597 3167 2695 3221 alia
2724 3167 2791 3221 ob
2810 3167 3061 3222 decorum
3092 3184 3104 3219 :
3136 3168 3211 3220 sic
3240 3167 3376 3233 Deus
3407 3177 3460 3220 et
3491 3154 3759 3234 hominem

2178 3260 2404 3323 ornavit,
2433 3268 2487 3314 et
2508 3260 2606 3329 ipsi
2631 3258 2696 3312 ad
2723 3275 2874 3313 usum
2899 3258 3197 3313 necessaria
3219 3258 3462 3313 contulit.
3489 3256 3757 3311 Formavit
3820 3254 3821 3259 “

2179 3368 2301 3407 eum
2332 3360 2550 3421 accepto
2580 3351 2798 3420 pulvere
2824 3350 2889 3405 de
2928 3362 3089 3404 terra.
3120 3350 3297 3404 Beata:
3326 3350 3750 3403 Christianorum

2179 3458 2323 3511 spes,
2370 3443 2414 3496 si
2470 3442 2887 3496 intellexerimus
2935 3457 2995 3494 ea
3035 3457 3152 3509 quae
3192 3440 3456 3494 audimus.
3503 3440 3609 3494 Cur
3652 3455 3759 3501 nou,

2180 3534 2333 3595 dixit,
2360 3534 2578 3605 Accepit
2602 3534 2807 3603 glebam
2839 3534 2905 3586 de
2935 3533 3109 3585 terra?
3139 3532 3363 3599 Tantum
3380 3547 3574 3602 corpus
3598 3531 3753 3585 clior-

2181 3627 2344 3679 mavit
2372 3644 2384 3679 :
2410 3641 2472 3679 ac
2517 3642 2581 3677 ue
2622 3625 2774 3695 gleba
2803 3624 3019 3695 quidem
3045 3639 3177 3692 opus
3223 3623 3426 3686 habuit,
3458 3624 3549 3677 sed
3583 3624 3757 3691 pulve-

2181 3732 2295 3773 rem
2335 3716 2576 3785 accepit?
2610 3716 2746 3769 Dens
2787 3714 3029 3785 praevidit
3071 3713 3248 3767 futura
3291 3728 3353 3767 ac
3403 3714 3445 3767 si
3480 3714 3761 3781 prmseutia

2182 3818 2381 3864 essent.
2411 3809 2541 3875 Quia
2572 3809 2891 3878 prtevidebat
2921 3808 3023 3862 hoc
3042 3807 3238 3861 animal
3273 3820 3390 3860 esse
3422 3807 3754 3869 moriturum,

2183 3910 2237 3955 et
2269 3901 2320 3954 in
2352 3901 2622 3969 pulverem
2666 3900 3144 3964 transmutandum,
3192 3900 3297 3967 jam
3343 3898 3472 3953 olim
3515 3898 3566 3951 in
3608 3912 3756 3952 crea-

2184 3992 2328 4045 tione
2358 4006 2506 4060 spem
2537 3990 2939 4045 resurrectionis
2963 3990 3215 4044 ostendit.
3248 3990 3453 4058 Accipit
3486 3990 3759 4058 pulverem

2183 4082 2252 4139 de
2282 4093 2443 4142 terra,
2479 4092 2534 4143 ut
2562 4098 2681 4137 cum
2726 4082 2924 4136 videris
2970 4082 3021 4135 in
3062 4082 3307 4150 sepulcro
3336 4082 3627 4151 pulverem,
3668 4095 3761 4137 ηοέ

2184 4178 2323 4229 veris
2353 4192 2495 4237 eum,
2528 4178 2613 4246 qui
2662 4175 2788 4229 illud
2820 4174 3132 4237 ell‘ormavit,
3166 4174 3265 4229 hoc
3291 4189 3501 4243 quoque
3539 4174 3758 4228 suscita-

2184 4277 2360 4322 turum
2401 4283 2539 4321 esse.
2579 4266 2841 4320 Formavit
2885 4267 3137 4319 hominem
3164 4276 3363 4334 sumpto
3394 4264 3456 4317 de
3494 4274 3625 4317 terra
3652 4264 3764 4332 pul-

2185 4375 2312 4421 vere,
2333 4368 2376 4411 et
2394 4359 2654 4429 insuﬂlavit
2683 4358 2733 4411 in
2755 4358 2933 4428 facient
2954 4358 3059 4427 ejus
3079 4358 3386 4428 spiraculum
3407 4357 3520 4409 vitm
3541 4356 3688 4427 (Gen.
3705 4356 3755 4425 2.

2186 4451 2262 4518 7).
2298 4450 2428 4504 Vide
2465 4450 2748 4507 discrimen
2796 4450 2935 4504 inter
2964 4450 3205 4503 homines
3250 4458 3303 4503 ct
3346 4449 3524 4505 bruta.
3565 4448 3763 4503 Cmtera

2141 4559 2147 4565 ·
2186 4542 2360 4596 omnia
2391 4556 2509 4595 cum
2542 4542 2738 4595 faceret
2768 4541 2926 4606 Deus,
2954 4540 3110 4593 simul
3138 4540 3313 4594 omnia
3346 4538 3613 4608 produxit,
3641 4554 3767 4601 cum,

2187 4649 2411 4704 corpore
2438 4634 2686 4687 animant.
2719 4632 3112 4695 Animadverte,
3146 4646 3347 4700 qumso.
3382 4630 3531 4686 Fecit
3568 4631 3767 4691 natatig

2189 4728 2277 4791 lia,
2307 4728 2464 4781 simul
2490 4728 2719 4780 animam
2748 4734 2801 4780 et
2837 4740 3050 4794 corpus.
3084 4725 3280 4778 Educat
3325 4735 3457 4777 terra
3484 4725 3763 4795 animalia,

2190 4820 2363 4889 prodit
2404 4819 2561 4873 simul
2610 4834 2730 4873 cum
2778 4833 3002 4887 corpore
3051 4818 3245 4871 anima.
3299 4816 3543 4869 llominis
3597 4816 3763 4884 primo

2187 4928 2379 4982 corpus
2406 4911 2548 4978 facit,
2580 4910 2771 4965 deinde
2791 4912 3043 4967 animam.
3075 4909 3237 4978 Cujus
3266 4909 3375 4977 Spei
3403 4908 3602 4961 causa?
3622 4906 3763 4973 Qua-

2190 5003 2254 5057 lis
2284 5002 2551 5067 formatio,
2591 5002 2709 5056 talis
2738 5001 2955 5055 solutio.
3003 4999 3128 5054 Ideo
3157 5000 3454 5053 animantes
3499 5014 3650 5067 Spem
3679 5012 3765 5051 rc-

2188 5095 2537 5150 surrectionis
2564 5111 2670 5148 non
2701 5094 2921 5157 habent,
2954 5093 3077 5162 quia
3109 5108 3214 5161 quo
3240 5092 3400 5145 modo
3440 5091 3594 5144 factm
3622 5099 3763 5154 sunt,

2188 5187 2377 5243 eodem
2404 5186 2560 5240 modo
2597 5187 2911 5239 moriuntur.
2944 5184 3112 5239 Simul
3139 5198 3335 5253 corpus
3359 5190 3413 5236 ct
3436 5182 3612 5235 anima
3640 5181 3763 5233 abo-

2191 5279 2385 5332 lentur.
2410 5277 2615 5347 Corpus
2637 5277 2865 5330 hominis
2888 5277 2953 5331 de
2983 5284 3120 5329 terra
3143 5276 3366 5344 accepit,
3390 5274 3625 5327 animam
3656 5272 3764 5340 ipse

2193 5371 2373 5424 tribuit
2400 5369 2652 5433 creando,
2688 5386 2791 5422 non
2823 5386 2887 5423 cx
2915 5384 3009 5422 sua
3050 5366 3346 5422 substantia
3379 5365 3762 5435 producendo:

2190 5471 2249 5516 ut
2288 5478 2406 5515 cum
2447 5471 2711 5515 mortuum
2756 5462 2913 5516 fuerit
2943 5475 3157 5529 corpus,
3202 5462 3313 5513 sive
3341 5458 3525 5522 homo,
3576 5473 3645 5511 ne
3672 5457 3765 5509 de-

2190 5570 2464 5624 speremus
2502 5556 2569 5609 de
2609 5556 2803 5608 anima.
2851 5555 2985 5621 Quid
3030 5555 3194 5617 enim,
3239 5552 3378 5622 quod
3424 5552 3476 5606 in
3521 5551 3766 5620 sepulcro

2191 5647 2487 5715 depositum
2512 5648 2580 5700 sit
2614 5664 2804 5716 corpus
2822 5647 2844 5697 ’ἶ
2870 5647 2943 5699 Ne
2976 5645 3239 5714 putaveris
3272 5644 3339 5698 ibi
3369 5658 3489 5697 esse
3513 5643 3760 5695 animant.

2192 5739 2305 5793 Non
2332 5739 2472 5792 enim
2503 5738 2570 5791 de
2598 5750 2732 5793 terra
2775 5747 2981 5806 sumpta
3011 5747 3112 5801 est,
3157 5752 3254 5791 nec
3284 5736 3333 5789 in
3365 5747 3560 5787 terram
3591 5748 3766 5788 rever-

2194 5851 2349 5895 tclttr,
2387 5841 2543 5909 Spem
2577 5847 2703 5901 ergo
2728 5831 2926 5885 statuit.
2963 5829 3084 5884 ldco
3110 5829 3270 5885 etiam
3319 5828 3367 5881 itt
3405 5824 3651 5888 Ezechiel
3680 5838 3763 5880 re-
