4044 6306
297 385 408 441 ἐεἹῆ

300 499 717 574 περιγράφεται.
757 503 921 556 Οὐδέν
959 507 1074 558 ἐστι
1122 505 1245 577 περὶ
1284 505 1377 558 τὸν
1406 506 1566 558 Θεὸν·
1603 507 1779 560 πάντα
1809 504 1866 556 δὲ

303 593 489 646 κυκλοῖ
517 593 607 644 καὶ
632 594 854 662 τειχίζει
881 598 910 648 6
940 597 1090 660 Θεός.
1119 597 1182 650 Εἰ
1211 592 1302 650 οὖν
1335 597 1559 668 οὐρανὸν
1599 599 1710 668 ἔχει
1741 596 1866 667 θρό-

301 700 408 742 νον,
439 682 554 746 πῶς
580 686 838 756 μετρήσει
865 687 956 740 τὸν
977 689 1203 760 οὐρανὸν
1228 689 1471 760 σπιθαμῇ
1498 707 1512 754 ;
1543 689 1664 752 Πῶς
1688 688 1743 741 δὲ
1773 687 1868 741 καὶ

302 775 532 847 κάθηται
563 779 643 841 εἰς
675 780 764 832 τὸν
790 780 1046 851 οὐρανόν;
1095 783 1156 834 '0
1191 782 1446 850 οὐρανὸς
1472 782 1600 851 ἐμοὶ
1635 782 1863 849 θρόνος,

299 873 336 940 ἡ
365 874 433 928 δὲ
459 875 536 944 τῆ
563 876 893 930 ὑποπόδιον
925 879 1043 933 τῶν
1066 879 1267 933 ποδῶν
1283 898 1421 948 μου.
1454 879 1565 932 Ποῦ
1591 877 1822 948 κάθηται
1847 894 1861 942 ;

300 968 391 1018 ἐπὶ
432 966 526 1018 τὸν
571 968 921 1038 φαινόμενον;
983 971 1234 1042 Ἀστέρες
1293 972 1548 1025 ὑποκάτω
1601 969 1693 1023 τοῦ
1749 987 1866 1021 στε·

304 1058 602 1129 ρεώματος,
666 1059 808 1132 ὕδωρ
865 1063 1066 1116 ἐπάνω.
1124 1065 1186 1116 Εἰ
1237 1064 1421 1117 ἐπάνω
1475 1063 1726 1133 κάθηται,
1767 1063 1865 1114 οὐκ

299 1149 482 1201 ἐπάνω
509 1149 615 1201 τῶν
649 1151 907 1220 οὐρανῶν,
943 1153 1056 1206 ἀλλ’
1087 1158 1165 1218 εἰς
1192 1155 1282 1207 τὸν
1319 1154 1588 1226 ἀνώτερον
1617 1153 1861 1224 οὐρανόν.

299 1241 359 1292 Εἰ
395 1240 625 1311 κάθηται
653 1238 890 1306 πάντως,
919 1247 1012 1298 καὶ
1035 1247 1084 1298 οἱ
1116 1246 1274 1309 πόδες
1303 1246 1603 1318 κρέμανται
1638 1245 1742 1308 ἓως
1766 1244 1864 1315 τῆς

296 1333 418 1401 γῆς·
459 1332 708 1386 Τοιοῦτον
758 1335 940 1406 σχῆμα
990 1338 1274 1409 περιτίθης
1317 1337 1402 1408 τῷ⁹
1439 1337 1859 1408 ἀσχηματίστῳ;

297 1424 410 1477 Οὐκ
441 1424 584 1480 ἔστιν
619 1426 812 1490 ἀσεϐὲς
849 1431 940 1481 καὶ¹
967 1429 1125 1484 τοῦτο
1166 1431 1306 1483 οὓτω
1335 1431 1556 1500 νοῆσαι;
1592 1424 1733 1481 Εἶτα
1752 1427 1858 1479 λοι-

295 1515 416 1578 πὸν,
449 1519 496 1568 εἰ
520 1518 570 1570 οἱ
595 1519 752 1582 πόδες
780 1521 943 1574 αὐτοῦ
973 1522 1200 1575 πατοῦσι
1222 1523 1320 1593 τὴν
1347 1522 1470 1592 γῆν,
1497 1521 1612 1583 πῶς
1640 1519 1860 1588 σπείρο-

299 1622 429 1674 μενῖ
456 1607 572 1670 πῶς
592 1610 875 1682 θερίζομεν
901 1629 914 1678 ;
945 1614 1058 1677 πῶς
1087 1613 1409 1684 διερχόμεθα
1431 1614 1505 1684 μὴ
1532 1609 1860 1680 συγκρούον-

293 1708 381 1756 τες
415 1695 579 1747 αὐτοῦ
607 1699 720 1760 τοῖς
750 1699 935 1763 ποσίν;
968 1699 1089 1761 Πῶς
1121 1701 1175 1753 δὲ
1217 1702 1487 1771 ἐμέτρησε
1518 1699 1608 1751 τὸν
1636 1697 1860 1766 οὐρανὸν

297 1785 572 1856 σπιθαμῇ;
623 1788 738 1852 πῶς
782 1790 1070 1854 δακτύλους
1117 1788 1229 1862 εἶχε
1269 1792 1534 1862 μεγάλους
1567 1789 1858 1856 ἀναλόγους

294 1878 356 1945 τῇ
414 1876 662 1950 θεότητι;
721 1883 813 1935 καὶ
867 1884 986 1947 πῶς
1022 1885 1079 1936 ἐν
1135 1884 1361 1947 ἐκείνοις
1413 1886 1526 1946 τοῖς
1577 1880 1858 1943 δακτύλοις

291 1968 495 2040 ἔγραψε
522 1971 730 2037 πλάκας
757 1975 957 2045 μικρὰς
981 1975 1262 2038 δακτύλοις
1295 1976 1558 2037 τοιούτοις
1575 2013 1588 2036 ,
1617 1973 1709 2026 καὶ
1737 1971 1856 2024 οὐδέ

292 2060 530 2127 πολλοῖς
572 2063 759 2134 Ἡμεῖς
792 2068 936 2137 τρισὶ
973 2067 1254 2130 δακτύλοις
1290 2069 1589 2138 γράφομεν,
1619 2065 1728 2119 τῶν
1765 2064 1859 2118 ἄλ·-

293 2151 394 2205 λων
438 2155 867 2228 συνεργούντων·
917 2159 1046 2222 Θεὸς
1094 2161 1173 2213 ἐνὶ
1221 2159 1465 2229 δακτύλῳ
1504 2159 1602 2220 τὰς
1645 2156 1856 2218 πλάκας

291 2244 545 2316 ἔγραψεν.
576 2245 725 2312 Εἷδὲς
743 2269 862 2306 τινα
887 2253 967 2305 ἐνὶ
989 2253 1233 2325 δακτύλῳ
1253 2253 1530 2325 γράφοντα
1549 2269 1562 2318 ;
1592 2251 1856 2322 Νοήματά

290 2343 402 2394 ἐστι
428 2341 601 2396 ταῦτα
636 2344 832 2414 μᾶλλον
860 2346 891 2417 ἢ
918 2347 1154 2418 ῥήματα.

355 2480 416 2534 δ’.
443 2482 790 2553 Ποιήσωμεν
826 2487 1137 2557 ἄνθρωπον
1163 2487 1287 2540 κατ’
1313 2487 1514 2540 εἰκόνα
1541 2483 1849 2554 ἡμετέραν.

289 2571 540 2634 βούλεται
570 2578 716 2652 μᾶς
740 2580 766 2630 ὁ
779 2578 906 2641 Θεὸς
923 2579 1159 2650 μιμητὰς
1174 2577 1335 2631 αὐτοῦ
1350 2573 1483 2631 εἶναι
1502 2580 1619 2631 κατ’
1633 2576 1849 2647 ἀρετήν.

287 2662 350 2715 Τί
393 2666 532 2730 ἐστι,
571 2671 706 2721 Κατ’
746 2671 983 2734 εἱκόνα;
1023 2672 1153 2735 Θεὸς
1202 2671 1386 2740 άγιος-
1429 2670 1521 2723 ἐὰν
1569 2669 1854 2740 γενώμεθα

286 2756 448 2825 ᾄγιοι,
493 2762 609 2814 κατ’
640 2765 820 2817 εἰκόνα
851 2766 1013 2834 ἐσμὲν
1051 2765 1206 2818 Θεοῦ.
1250 2766 1503 2819 Γίνεσθε
1536 2765 1644 2834 γὰρ
1679 2763 1850 2831 ἅγιοι,

285 2848 373 2903 ὅτι
401 2853 518 2921 ἐγὼ
549 2853 717 2923 ἅγιός
755 2859 890 2924 εἰμι.
936 2856 1066 2919 Θεὸς
1096 2856 1334 2919 δίκαιος·
1376 2856 1468 2907 ἐὰν
1512 2853 1853 2922 δικαιοσύνην

285 2951 650 3023 μετέλθωμεν,
668 2952 826 3005 εἰκών
855 2957 1017 3022 ἐσμεν
1040 2949 1192 3007 Θεοῦ.
1218 2953 1450 3018 Δίκαιος
1487 2950 1592 3022 γὰρ
1618 2949 1852 3018 Κύριος,
1906 2976 1908 2978 ·

283 3042 380 3094 καὶ
409 3043 802 3110 δικαιοσύνην
842 3045 1173 3114 ἠγάπησεν.
1216 3044 1341 3098 Ἐὰν
1375 3038 1522 3114 ὦμεν
1555 3041 1853 3112 φιλάνθρωο

283 3148 396 3192 ποι,
430 3133 716 3203 ἐλεήμονες
737 3177 750 3200 ,
788 3136 949 3189 εἰκών
982 3139 1148 3207 ἐσμεν
1175 3136 1264 3190 τοῦ
1296 3135 1450 3189 Θεοῦ.
1481 3137 1640 3203 Λέγει
1680 3136 1787 3203 γὰρ
1828 3133 1856 3184 6

282 3225 512 3296 Σωτήρ·
552 3227 804 3282 Γίνεσθε
848 3230 1231 3299 οἰκτίρμονες,
1274 3231 1354 3295 ὡς
1391 3234 1422 3284 ό
1461 3228 1658 3294 Πατὴρ
1691 3225 1856 3295 ὑμῶν

281 3319 576 3386 obsta/pst.
612 3315 763 3384 Εἶδες
793 3321 894 3374 ποῦ
928 3325 960 3393 ή
1005 3323 1195 3386 είκών;
1227 3324 1475 3374 Δείκνυσι
1515 3321 1607 3372 καὶ
1646 3318 1854 3379 Παῦλος

277 3413 377 3480 τὴν
419 3411 625 3464 εἰκόνα·
654 3412 800 3480 λέγει
837 3414 944 3484 γάρ
969 3431 982 3444 ·
1031 3415 1436 3468 Ἀποδύσασθε
1468 3413 1574 3464 τὸν
1597 3411 1856 3464 παλαιὸν

277 3503 632 3572 ᾂνθρωπον,
686 3505 782 3558 καὶ
830 3506 1166 3560 ἐνδύσασθε
1207 3508 1315 3559 τὸν
1352 3505 1527 3570 νέον,
1558 3506 1668 3558 τὸν
1706 3504 1856 3558 κατὰ

279 3597 428 3650 Θεὸν
467 3597 786 3652 κτισθέντα
810 3599 897 3664 εἰς
931 3599 1254 3668 ἐπίγνωσιν
1279 3599 1560 3666 ἀληθείας
1579 3639 1592 3662 ,
1624 3599 1748 3649 κατ’
1777 3599 1856 3650 εὶ-

276 3691 427 3751 αόνα
459 3691 568 3744 τοῦ
601 3690 917 3755 κτίσαντος
945 3691 1148 3745 αὐτόν.
1185 3687 1334 3754 Εἶδες
1365 3691 1450 3743 ὅτι
1492 3692 1611 3751 ταῖς
1639 3690 1855 3758 ἀρεταῖς

275 3786 649 3855 ἐπιγράφεται
674 3785 755 3848 τὸ,
793 3785 930 3837 Κατ’
964 3785 1164 3836 εἰκόνα
1194 3783 1524 3854 ἡμετέραν;
1575 3783 1660 3835 Ἐν
1687 3781 1791 3834 τίνι
1818 3783 1852 3850 ὴ

274 3875 474 3941 είκῶν;
547 3876 636 3928 Ἐν
687 3877 751 3946 τῇ
816 3875 1029 3945 ἐξουσίᾳ
1079 3875 1276 3928 πάλιν·
1340 3873 1702 3942 Ἀρχέτωσαν
1740 3873 1857 3926 τῶν

274 3971 501 4036 ἰχθύων
533 3968 643 4034 τῆς
670 3969 1004 4035 θαλάσσης,
1035 3967 1130 4021 καὶ
1159 3966 1275 4020 τῶν
1302 3966 1583 4020 πετεινῶν
1613 3966 1720 4021 τοῦ
1753 3967 1854 4018 οὺι

265 4064 483 4127 ρανοῦ,
516 4063 621 4116 καὶ
649 4060 763 4114 τῶν
783 4061 1016 4129 θηρίων,
1037 4063 1133 4114 καὶ
1156 4060 1272 4114 τῶν
1299 4060 1577 4128 ἑρπετῶν,
1611 4060 1709 4114 καὶ
1737 4059 1856 4113 τῶν

268 4154 534 4221 κτηνῶν,
566 4153 667 4209 καὶ
694 4155 896 4223 πάσης
917 4155 1024 4223 τῆς
1053 4155 1184 4225 γῆς.
1221 4157 1285 4208 Ὢ
1315 4156 1411 4226 τῆς
1446 4155 1537 4208 τοῦ
1567 4154 1700 4207 Θεοῦ
1729 4155 1856 4207 ἀκο-

268 4245 492 4309 λουθίας
512 4265 526 4278 ·
555 4246 603 4298 ὦ
623 4247 718 4317 τῆς
739 4247 842 4299 τῶν
867 4248 1123 4318 ῥημάτων
1144 4248 1443 4318 ἀκριϐείας.
1467 4248 1617 4301 Διατί
1643 4247 1856 4318 πρῶτον

267 4336 707 4410 ἐμνημόνευσεν,
746 4340 1105 4408 Ἀρχέτωσαν
1127 4341 1244 4393 τῶν
1266 4343 1483 4410 ἰχθύων
1502 4339 1612 4406 τῆς
1631 4339 1856 4394 θαλάσ-

267 4447 424 4496 anc;
467 4430 636 4486 Κατὰ
660 4431 756 4502 τὴν
786 4432 934 4504 τάξιν
958 4433 1054 4502 τῆς
1085 4433 1442 4504 δημιουργίας
1470 4431 1617 4503 [485]
1646 4433 1678 4502 ή
1705 4431 1854 4496 τάξις

265 4524 364 4594 τῆς
378 4524 730 4588 δεσποτείας.
770 4526 985 4597 Ἐπειδὴ
1016 4527 1218 4598 πρῶτοι
1242 4529 1304 4580 ἐκ
1330 4528 1426 4596 τῆς
1446 4527 1714 4596 Θαλάσσης
1735 4526 1854 4594 ἐγέ-

265 4636 420 4673 νοντο
453 4619 682 4690 ἰχθύες,
723 4621 814 4673 καὶ
845 4621 1094 4681 πετεινά,
1139 4621 1272 4690 μετὰ
1308 4622 1478 4674 ταῦτα
1515 4621 1572 4674 δέ
1601 4621 1708 4673 άπὸ
1752 4619 1857 4688 γῆς

263 4711 334 4766 τὰ
365 4711 689 4784 τετράποδα
728 4713 820 4764 καὶ
864 4712 931 4764 τὰ
976 4712 1136 4765 λοιπὰ
1181 4713 1372 4782 κτήνη,
1423 4712 1630 4778 εἰσάγει
1671 4706 1762 4765 οῦν
1789 4710 1858 4762 τά

264 4808 467 4876 πρῶτα
494 4806 790 4875 γενόμενα.
833 4805 1195 4878 Ἀρχέτωσαν
1215 4805 1330 4858 τῶν
1352 4805 1588 4872 ἰχθύων,
1619 4803 1714 4856 καὶ
1741 4804 1858 4856 τῶν

262 4899 601 4961 πετεινῶν,
633 4898 730 4951 καὶ
757 4897 874 4952 τῶν
905 4898 1150 4966 θηρίων,
1183 4898 1276 4951 καὶ
1306 4895 1424 4949 τῶν
1449 4894 1728 4963 ἑρπετῶν,
1758 4894 1857 4948 και

265 4991 388 5045 τῶν
415 4989 686 5059 κτηνῶν.
725 4989 886 5042 Ὅθεν
922 4991 1014 5042 καὶ
1036 4991 1086 5042 οἱ
1115 4991 1260 5060 τρεῖς
1296 4988 1482 5049 παῖδες
1513 4986 1858 5054 εὐλογοῦντες

265 5085 324 5136 ἐν
376 5089 445 5156 τῇ
496 5082 721 5154 καμίνῳ
769 5083 1093 5150 φυλάττουσι
1137 5085 1234 5150 τὴν
1284 5079 1470 5145 τάξιν·
1517 5080 1855 5148 Εὐλογεῖτε,

264 5177 593 5231 θάλασσαι
627 5177 722 5229 καὶ
759 5176 1006 5244 ποταμοὶ
1029 5217 1043 5240 ,
1083 5176 1189 5228 τὸν
1223 5176 1458 5242 Κύριον.
1507 5172 1855 5241 Εὐλογεῐτε,

266 5269 427 5338 κήτη
459 5269 565 5321 καὶ
609 5265 806 5320 πάντα
836 5268 907 5321 τὰ
945 5267 1263 5336 κινούμενα
1287 5267 1357 5320 ἐν
1383 5266 1582 5328 ὕδασι,
1610 5264 1717 5318 τὸν
1745 5265 1860 5318 Κύ-

255 5380 419 5429 ριον.
452 5363 501 5413 Ε
510 5360 786 5426 ὺλογεῐτε
807 5398 821 5422 ,
863 5359 1058 5413 πάντα
1083 5361 1153 5413 τὰ
1180 5361 1418 5412 πετεινὰ
1451 5359 1555 5411 τοῦ
1580 5357 1856 5426 ούρανοῦ,

264 5455 376 5514 τὸν
406 5454 664 5521 Κύριον.
695 5452 1029 5519 Εὐλογεῖτε.
1053 5451 1124 5504 τὰ
1151 5451 1322 5519 θηρία
1347 5451 1442 5503 καὶ
1468 5449 1537 5503 τὰ
1563 5449 1753 5509 νηκτὰ
1781 5451 1856 5518 (l.

265 5551 506 5620 κτήνη).
543 5546 901 5614 Εὐλογεῖτε,
940 5546 1056 5598 υἱοὶ
1099 5545 1216 5598 τῶν
1251 5546 1591 5612 ἀνθρώπων.
1625 5540 1731 5596 ’Ἦν
1761 5545 1860 5612 μὲν

263 5639 360 5696 οῦν
391 5645 493 5696 καὶ
516 5643 691 5710 ἕτερα
722 5640 1085 5711 ἐπιθεωρῆσαι
1107 5656 1120 5668 ·
1150 5641 1262 5693 ἀλλ’
1296 5642 1373 5702 εἰς
1405 5640 1466 5692 τὸ
1507 5639 1861 5710 προκείμενον

264 5737 699 5805 ἐπανέλθωμεν.
724 5735 833 5788 Καὶ
862 5737 1130 5789 ἔπλασεν
1158 5739 1190 5788 ό
1223 5735 1363 5800 Θεὸς
1384 5735 1488 5788 τὸν
1527 5734 1857 5801 ἄνθρωπον.

265 5829 386 5898 QQ):
428 5825 596 5884 εἶπεν
631 5827 836 5895 ἁπλῶς,
861 5828 1144 5897 ἐποίησεν,
1184 5826 1294 5881 ἀλλ’
1333 5828 1620 5884 ἔπλασεν.
1657 5827 1858 5890 Ιιλάσις

1325 387 1410 440 ηε
1449 385 1665 442 Μιξκυι
1705 361 2099 441 οἰιιιειτιοκε
2135 384 2389 439 unum
2429 383 2493 437 γ.

3435 377 3537 432 Hb

1973 503 2188 573 λέγεται
2229 502 2321 554 ἐπὶ
2347 501 2447 571 τῆς
2472 497 2822 569 εὐπρεπείας·
2846 496 2921 559 ὡς
2945 496 3070 548 ὅταν
3096 510 3180 555 τις
3205 491 3540 561 θεασάμενος

1972 599 2267 669 πρόσωπον
2283 595 2575 665 εὔμορφον,
2604 594 2788 664 ἐπειδὴ
2807 593 2968 646 καλὸν
2993 590 3233 660 πλάσμα,
3261 589 3412 660 λέγῃ.
3437 589 3538 640 Οὐ-

1967 691 2056 745 δέν
2087 691 2338 759 ἐποίησεν
2358 691 2385 742 6
2409 687 2538 750 Θεὸς
2563 689 2622 740 ἐν
2643 687 2722 756 τῷ
2757 685 2967 756 σώματι
2992 685 3256 755 ἀπρεπὲς,
3283 681 3417 736 ἀλλά
3442 681 3535 734 καὶ

1968 783 2103 853 πρὸς
2129 783 2228 851 τὴν
2260 781 2588 851 εὐπρέπειαν
2626 778 2719 831 καὶ
2753 777 2887 848 πρὸς
2924 776 3021 847 τὴν
3051 776 3265 847 χρῆσιν.
3309 770 3466 841 Οίον,
3504 773 3536 827 ὁ

1967 875 2239 945 ὀφθαλμὸς
2271 874 2362 927 δύο
2391 875 2504 943 ἔχει
2526 916 2539 938 ,
2570 874 2662 925 καὶ
2695 871 2891 942 χρῆσιν
2922 869 3016 923 καὶ
3047 868 3406 940 εὐπρέπειαν·
3441 869 3534 921 καὶ

1964 969 2074 1039 γάρ
2105 968 2308 1037 βλέπει,
2335 968 2427 1019 καὶ
2460 964 2739 1034 φαιδρύνει
2769 964 2828 1015 τὸ
2858 961 3178 1032 πρόσωπον,
3215 961 3310 1013 καὶ
3341 962 3535 1030 κοσμεῖ

1964 1061 2062 1131 τὴν
2087 1061 2228 1130 ὄψιν,
2259 1061 2350 1113 καὶ
2387 1061 2488 1130 ὁρᾷ
2512 1059 2707 1111 πάντα.
2751 1056 2818 1108 Ἦ
2858 1054 2994 1125 ἀκοὴ
3022 1054 3134 1125 ἔχει
3172 1055 3270 1126 τὴν
3314 1055 3530 1125 χρῆσιν,

1965 1154 2075 1225 ἔχει
2130 1155 2227 1223 τὴν
2276 1153 2446 1223 ὃψινδ
2475 1169 2492 1185 ·
2547 1152 2608 1204 τὸ
2657 1150 2764 1221 γὰρ
2816 1148 3194 1219 περικείμενον
3258 1148 3534 1218 κύμϐαλον

1965 1253 2159 1321 κοσμεῖ
2199 1251 2260 1302 τὸ
2299 1248 2453 1312 ζῶον.
2507 1245 2798 1317 Ὁμοίωςή
2836 1243 2920 1314 ῥὶς
2963 1242 3075 1313 ἔχει
3121 1243 3217 1313 τὴν
3267 1243 3532 1314 ὄσφρησιν

1964 1341 2292 1409 ἀναγκαίαν·
2327 1338 2439 1391 ἀλλ’
2466 1337 2598 1407 ἔχει,
2631 1336 2782 1406 παρά
2803 1334 2870 1387 τὰ
2895 1333 3028 1387 ἄλλα
3055 1332 3189 1396 ζῶα,
3219 1333 3406 1404 ὥσπερ
3443 1350 3534 1404 μειέ

1966 1436 2222 1504 σότοιχον,
2256 1433 2348 1486 καὶ
2375 1429 2612 1501 πληροῦν
2638 1428 2732 1499 τὴν
2760 1425 3089 1498 εὐπρέπειαν
3113 1441 3126 1454 ·
3159 1424 3316 1478 τοῦτο
3336 1424 3411 1494 τῷ
3442 1427 3530 1477 άν-

1963 1524 2163 1596 θρώπῳ
2210 1523 2476 1592 ὑπάρχει·
2511 1519 2578 1573 τά
2621 1520 2730 1590 γὰρ
2767 1517 2900 1572 ἄλλα
2947 1517 3060 1581 ζῶα
3086 1517 3380 1586 ’μυκτῆρας
3429 1517 3530 1569 οὐκ

1962 1617 2191 1686 ἔχουσιν,
2219 1614 2352 1667 ἀλλὰ
2393 1614 2518 1684 μίαν
2551 1610 2778 1663 καθόλου
2807 1609 2905 1678 τὴν
2946 1608 3112 1660 θέσιν.
3145 1606 3313 1660 Τοῦτο
3354 1607 3410 1660 δὲ
3442 1606 3529 1661 διὰ

1960 1709 2119 1760 τοῦτο
2155 1707 2383 1759 ἔπλασεν
2412 1708 2438 1758 ὁ
2467 1704 2616 1766 Θεὸς.
2649 1703 2738 1754 Διὸ
2765 1701 2857 1754 καὶ
2888 1700 3048 1753 Δαυῒδ
3067 1718 3080 1729 ο
3130 1700 3191 1752 '0
3225 1700 3529 1768 φυτεύσας

1959 1798 2025 1850 τὸ
2051 1794 2178 1863 οὖς,
2212 1797 2343 1865 οὐχὶ
2380 1796 2617 1857 ἀκούει;
2653 1793 2690 1860 ἣ
2735 1796 2766 1846 ὀ
2800 1790 3041 1856 πλάσας
3066 1792 3170 1843 τὸν
3197 1788 3526 1859 ὀφθαλμὸν,
3582 1832 3588 1882 η

1958 1889 2092 1955 οὐχὶ
2137 1886 2439 1948 κατανοεῖ;
2489 1885 2643 1938 Οὕτω
2682 1884 2775 1936 καὶ
2817 1882 2916 1950 τὴν
2954 1881 3054 1951 γῆν
3106 1880 3362 1951 ἐποίησε,
3393 1879 3529 1951 πρὸς
3583 1899 3586 1902 ⁴

1958 1980 2304 2050 εὐπρέπειαν,
2329 1978 2465 2049 πρὸς
2489 1978 2702 2048 χρῆσιν.
2726 1974 2829 2028 Καὶ
2855 1974 2944 2028 ἵνα
2973 1974 3045 2045 μὴ
3067 1970 3226 2036 δείξω
3250 1989 3330 2026 σοι
3361 1971 3529 2028 πολλὰ

1956 2079 2229 2148 εὐπρεπῆ,
2260 2076 2317 2129 ἓν
2340 2075 2508 2129 εἰπὼν
2544 2074 2944 2145 ὑπερϐήσομαι.
2977 2075 3216 2129 Ἔδωκεν
3235 2074 3264 2125 6
3292 2073 3423 2137 Θεὸς
3451 2073 3528 2143 τῷ

1957 2171 2050 2225 ἀνθ
2063 2171 2247 2242 ρώπῳ,
2267 2169 2410 2239 λέγω
2432 2169 2496 2238 δὴ
2522 2167 2600 2237 τῷ
2622 2167 2794 2238 ἀνδρὶ,
2825 2167 2961 2237 μετὰ
2985 2165 3092 2219 τῶν
3117 2166 3288 2220 ἄλλων
3307 2166 3399 2219 καὶ⁸
3427 2184 3529 2236 μα-

1957 2263 2096 2315 στῶν
2123 2262 2403 2333 ἁρμονίαν.
2444 2259 2621 2331 Ἀνδρὶ
2651 2259 2850 2327 μαστὸς
2878 2259 3050 2323 διατί;
3082 2259 3179 2311 Διὰ
3205 2258 3303 2328 τὴν
3334 2257 3529 2327 εὐπρέ-

1955 2371 2130 2409 πειαν.
2176 2355 2356 2406 Ἔστω
2388 2353 2494 2423 γὰρ
2523 2353 2740 2420 γυναικὶ
2771 2350 2859 2402 διὰ
2884 2350 2942 2402 τὸ
2971 2352 3264 2418 ἀναγκαῖον
3297 2350 3394 2419 τῆς
3429 2349 3526 2418 φά-

1961 2462 2118 2510 σεως,
2143 2443 2232 2498 διὰ
2255 2443 2352 2514 τὴν
2384 2442 2644 2513 χορηγίαν
2679 2440 2772 2494 τοῦ
2800 2440 3098 2508 γάλακτος·
3142 2439 3290 2510 ἀνδρὶ
3325 2441 3526 2510 μαστὸς

1953 2538 2094 2592 διατί
2111 2555 2124 2604 ;
2142 2537 2240 2590 Διά
2258 2538 2356 2608 τὴν
2381 2537 2731 2607 εὐπρέπειαν,
2755 2534 2952 2605 διὰτὴγ
2977 2533 3294 2603 εὐκοσμίαν.
3318 2535 3527 2603 ’Ὠσπερ

1954 2631 2061 2701 γάρ
2107 2633 2163 2683 ἐν
2202 2634 2313 2693 τοῖς
2367 2629 2758 2699 οἰκοδομήμασι
2802 2627 2923 2679 τινὰ
2970 2625 3067 2694 μὲν
3098 2626 3306 2693 γίνεται
3343 2625 3430 2678 διὰ
3465 2625 3526 2677 τὸ

1954 2725 2245 2791 ἀναγκαῖον
2264 2765 2277 2786 ,
2307 2723 2427 2776 τινὰ
2458 2721 2512 2774 δὲ
2537 2722 2624 2774 διὰ
2647 2719 2745 2789 τὴν
2769 2717 3119 2788 εὐπρέπειαν·
3147 2715 3313 2774 οὕτως
3339 2718 3367 2768 6
3396 2715 3525 2777 Θεὸς

1955 2815 2048 2868 καὶ
2093 2815 2365 2885 ἐκόσμησε
2405 2814 2496 2866 τὸν
2536 2812 2850 2883 ἄνθρωπον,
2888 2809 2981 2861 καὶ
3023 2806 3157 2876 πρὸς
3195 2807 3293 2877 τὴν
3332 2806 3523 2876 χρῆσιν

1954 2908 2271 2978 ἀπήρτισεν.
2299 2905 2568 2958 Ἔπλασεν
2594 2904 2754 2957 αὐτὸν
2785 2901 2910 2972 χοῦν
2939 2898 3118 2954 λαϐὼν
3142 2898 3250 2952 ἀπὸ
3274 2897 3372 2967 τῆς
3397 2898 3518 2968 γῆς.

1953 3001 2234 3070 Μακάριαι
2265 3001 2320 3051 αἱ
2353 2997 2690 3070 Χριστιανῶν
2722 2994 2932 3057 ἐλπίδες
2953 3033 2967 3056 ,
3009 2991 3103 3045 ἐὰν
3135 2989 3444 3059 ἐπιγνῶμεν
3489 2987 3526 3041 ἃ.

1955 3089 2239 3160 ἀκούομεν.
2265 3090 2413 3143 Διατί
2439 3091 2537 3142 οὐκ
2557 3084 2676 3142 εἶπε
2698 3105 2710 3118 ο
2737 3087 2932 3139 Ἔλαϐε
2954 3085 3119 3155 βῶλον
3138 3084 3242 3137 άπὸ
3260 3081 3359 3152 τῆς
3385 3083 3486 3151 γῆς
3507 3098 3522 3146 ;

1956 3182 2217 3235 Τοσοῦτον
2253 3182 2408 3252 σῶμα
2457 3181 2686 3234 ἔπλασε·
2732 3181 2824 3234 καὶ
2867 3179 2927 3231 οὐ
2973 3178 3161 3250 χρείαν
3205 3175 3361 3246 ἔσχεν
3403 3174 3523 3226 οὐδέ

1957 3273 2148 3342 βώλου,
2172 3273 2305 3326 ἀλλὰ
2331 3273 2457 3343 χοῦν
2485 3272 2779 3343 λαμϐάνεις
2823 3271 2881 3323 Ὁ
2910 3270 3041 3332 Θεὸς
3066 3267 3279 3337 προεῖδε
3309 3268 3375 3319 τὰ
3410 3265 3526 3336 μέλ·

1954 3367 2110 3418 λοντα
2141 3365 2214 3428 ὼς
2247 3365 2393 3418 ὅντα..
2441 3363 2655 3433 Ἐπειδὴ
2683 3363 2923 3434 προῄδει,
2954 3361 3033 3413 ὅτι
3063 3358 3243 3430 μέλλει
3272 3357 3524 3428 τελευτᾷν

1956 3458 2016 3512 τὸ
2047 3457 2202 3522 ζῶον,
2245 3458 2337 3508 καὶ
2371 3457 2448 3516 εἰς
2486 3454 2613 3525 χοῦν
2651 3453 3109 3524 μεταϐάλλεσθαι,
3137 3448 3428 3529 προλαϐὼν
3467 3451 3524 3502 ἐν

1957 3553 2022 3620 τῇ
2069 3547 2392 3620 δημιουργία
2441 3545 2604 3611 ἔδειξε
2641 3545 2739 3616 τὴν
2784 3543 2974 3596 ἐλπίδα
3017 3541 3117 3612 τῆς
3157 3542 3522 3603 ἀναστάσεως.

1955 3641 2233 3711 Λαμϐάνει
2265 3639 2389 3708 χοῦν
2419 3637 2524 3691 ἀπὸ
2560 3637 2661 3706 τῆς
2687 3637 2811 3707 γῆς,
2845 3635 2912 3688 ἵν’
2956 3637 3082 3688 ὅταν
3125 3635 3239 3704 ἴδῃς
3272 3635 3328 3686 ἐν
3371 3633 3524 3700 τάφῳ

1956 3739 2106 3808 χοῦν,
2138 3737 2278 3808 γνῷς
2305 3738 2385 3789 ὅτι
2413 3736 2441 3786 ὁ
2477 3736 2650 3787 ἐκεῖνο
2681 3734 2885 3796 πλάσας
2920 3734 3013 3786 καὶ
3038 3732 3194 3784 τοῦτο
3223 3729 3520 3799 ἀνίστησιν.

1962 3833 2232 3884 Ἐπλασε
2253 3828 2357 3880 τὸν
2383 3829 2710 3896 ἄνθρωπον,
2734 3827 2886 3894 χοῦν
2906 3823 3104 3878 λαϐὼν
3123 3822 3239 3877 ἀπὸ
3259 3820 3369 3890 τῆς
3389 3817 3520 3889 γῆς,

1957 3921 2051 3976 καὶ
2101 3916 2481 3988 ἐνεφύσησεν
2511 3920 2597 3984 εὶς
2628 3917 2693 3970 τὸ
2741 3916 3063 3984 πρόσωπον
3100 3913 3284 3968 αὐτοῦ
3325 3911 3525 3978 πνοὴν

1957 4013 2122 4081 ζωῆς.
2169 4013 2340 4064 Βλέπε
2388 4010 2649 4080 διαφοράν
2691 4009 2991 4079 ἀνθρώπων
3035 4009 3125 4060 καὶ
3171 4006 3397 4074 ἀλόγων.
3443 4004 3524 4057 Τὰ

1956 4107 2088 4161 ἄλλα
2119 4107 2290 4160 πάντα
2320 4104 2534 4157 ποιῶνὸ
2562 4103 2712 4166 Θεὸς,
2736 4100 2870 4173 ὁμοῦ
2903 4101 3077 4154 πάντα
3093 4101 3359 4170 ἐπήγαγε,
3385 4096 3522 4168 μετὰ

1955 4200 2048 4252 τοῦ
2083 4200 2326 4270 σώματος
2376 4197 2470 4250 καὶ
2502 4198 2600 4266 τὴν
2642 4196 2843 4267 ψυχήν.
2882 4195 3154 4267 Πρόσεχε,
3200 4191 3519 4266 παρακαλῶ.

1970 4296 2220 4365 Ἐποίησε
2262 4295 2330 4346 τά
2373 4293 2564 4364 νηκτὰ,
2610 4291 2744 4362 ὁμοῦ
2795 4289 2951 4361 σῶμα
2999 4289 3146 4363 [486]
3189 4289 3283 4344 καὶ
3324 4289 3518 4360 ψυχήν.

1972 4386 2332 4455 Ἐξαγαγέτω
2379 4386 2416 4451 ἠ
2461 4383 2537 4453 γῆ
2577 4381 2720 4444 ζῶα·
2763 4382 3026 4453 προῆλθεν
3066 4381 3199 4452 ὁμοῦ
3245 4381 3378 4450 μετά
3415 4381 3522 4434 τῶν

1961 4479 2225 4548 σωμάτων
2258 4476 2350 4529 καὶ
2373 4478 2405 4545 ή
2427 4475 2592 4546 ψυχή.
2619 4475 2720 4527 Τὸν
2739 4473 3022 4544 ἄνθρωπον
3045 4475 3186 4525 ποιεῖ
3207 4470 3283 4542 τῷ
3312 4471 3523 4542 σώματι

1962 4571 2194 4640 πρῶτον,
2233 4565 2349 4620 εἶτα
2372 4570 2438 4638 τῇ
2463 4567 2627 4636 ψυχῇ.
2658 4565 2755 4618 Διὰ
2779 4565 2937 4618 ποίαν
2963 4564 3181 4626 ἐλπίδα;
3209 4566 3307 4616 Οἴα
3330 4566 3362 4635 ή
3391 4566 3525 4619 πλά-

1961 4680 2064 4726 σις,
2097 4659 2318 4730 τοιαύτη
2355 4659 2449 4712 καὶ
2474 4661 2505 4728 ή
2543 4657 2693 4720 λύσις
2713 4675 2726 4687 ·
2752 4656 2822 4708 τά
2862 4656 2974 4720 ζῶα
3012 4655 3099 4709 διὰ
3120 4655 3277 4709 τοῦτο
3301 4657 3526 4710 ἀνάστα-

1961 4773 2042 4808 σιν
2065 4755 2162 4806 οὐκ
2184 4752 2316 4824 ἔχει,
2347 4755 2441 4804 ἐπε
2452 4751 2530 4821 ιδὴ
2552 4751 2626 4814 ὡς
2646 4749 2879 4818 ἐγένετο,
2901 4747 3042 4801 οὕτω
3063 4749 3155 4801 καὶ
3174 4749 3522 4820 ἀποθνήσκει·

1958 4847 2091 4919 ὁμοῦ
2131 4847 2189 4898 τὸ
2220 4845 2376 4913 σῶμα
2417 4845 2510 4896 καὶ
2538 4845 2570 4914 ἠ
2595 4843 2740 4913 ψυχὴ
2767 4842 3104 4912 ἀφανίζεται.
3143 4841 3215 4893 Τὸ
3246 4841 3402 4910 σῶμα
3432 4839 3524 4892 τοῦ

1959 4939 2244 5011 ἀνθρώπου
2280 4937 2469 4990 ἐλαϐεν
2511 4936 2617 4987 ἀπὸ
2647 4935 2746 5003 τῆς
2780 4938 2910 5002 γῆς,
2941 4935 3038 5005 τὴν
3068 4933 3123 4985 δὲ
3157 4932 3332 5002 ψυχὴν
3365 4930 3527 4992 αὐτὸς

1958 5033 2136 5084 δίδωσι
2178 5031 2398 5093 κτίσας,
2427 5029 2854 5098 δημιουργήσας,
2890 5026 2988 5078 οὐκ
3032 5026 3096 5077 ἐκ
3129 5024 3224 5094 τῆς
3256 5022 3389 5084 ἰδίας
3434 5022 3528 5074 οὐ-

1962 5125 2080 5188 σίας
2102 5122 2364 5186 ἐκϐαλὼν,
2395 5123 2461 5174 ἵν’
2487 5123 2611 5174 ὅταν
2648 5119 2892 5191 ἀποθάνῃ
2922 5119 2982 5171 τὸ
3013 5118 3190 5187 σῶμα,
3216 5115 3249 5184 ἢ
3277 5115 3305 5164 6
3327 5114 3528 5183 ἄνθρω-

1962 5233 2081 5282 πος,
2116 5219 2189 5286 μὴ
2218 5214 2542 5284 ἁπογνῶμεν
2572 5214 2670 5284 τῆς
2696 5212 2891 5283 ψυχῆς.
2926 5211 2991 5262 Τί
3015 5209 3142 5277 γάρ,
3166 5207 3247 5258 ὄτι
3270 5205 3439 5274 ἐτάφη
3467 5205 3526 5256 ἐν

1961 5309 2114 5378 τάφῳ
2141 5309 2200 5360 τὸ
2233 5306 2422 5377 σῶμα;
2453 5307 2542 5376 Μὴ
2570 5307 2945 5378 προσδοκήσῃς
2981 5301 3097 5355 ἐκεῖ
3133 5293 3270 5352 εἶναι
3303 5297 3400 5367 τὴν
3424 5297 3528 5366 ψυ-

1960 5401 2080 5470 χήν.
2111 5399 2187 5452 Οὐ
2224 5399 2332 5469 γὰρ
2363 5397 2470 5452 ἀπὸ
2496 5399 2598 5466 γῆς
2626 5397 2853 5468 ἐλήφθη,
2893 5395 3012 5448 οὐδὲ
3037 5394 3116 5456 εἰς
3153 5392 3255 5462 γῆν
3291 5390 3529 5460 ἀπέρχε-

1959 5511 2070 5546 ται.
2113 5494 2378 5562 Ἐστησεν
2407 5489 2499 5546 οῦν
2528 5495 2628 5564 τὴν
2672 5491 2877 5544 ἐλπίδα.
2913 5487 3010 5541 Διά
3041 5485 3198 5540 τοῦτο
3233 5485 3326 5537 καὶ
3361 5485 3420 5537 ἐν
3449 5482 3529 5553 τῷ

1974 5585 2228 5656 Ἰεζεκιὴλ
2271 5585 2601 5656 προφητεύει
2651 5584 2746 5656 τὴν
2796 5580 3090 5635 ἀνάστασιν
3134 5575 3276 5630 οὕτω
3319 5575 3526 5644 λέγων·

2029 5765 2055 5794 ⁸
2078 5763 2332 5814 Combeﬁs.
2357 5765 2620 5820 legendum
2639 5768 2778 5827 putat
2799 5761 2920 5825 ἔχειν
2947 5759 3032 5818 τὴν
3053 5757 3230 5824 τέρψιν.
3253 5756 3355 5809 Sed
3377 5754 3532 5809 lecuo

1965 5831 2019 5877 ut
2041 5833 2118 5878 est
2143 5827 2259 5876 ferri
2283 5832 2465 5888 potest.
