4044 6306
440 344 552 405 ιὶπ

451 540 548 592 Ἐκ
568 542 874 610 τεσσάρων
903 540 1140 612 ἀνέμων
1162 543 1380 599 ἐλθέτω
1401 546 1467 599 τὸ
1481 546 1738 617 πνεῦμα,
1765 549 1863 603 καὶ
1886 551 2015 602 εισ-

435 625 658 682 ελθέτω
707 629 793 694 εἰς
823 627 963 695 τοὺς
1003 631 1256 697 νεκροὺς
1292 633 1560 699 τούτους,
1603 635 1700 688 καὶ
1758 633 2016 703 ζησάτω-

439 727 580 764 σαν.
617 711 770 764 Οὕτω
797 714 891 764 καὶ
923 712 1083 768 Δαυῖδ
1111 713 1208 784 βοᾷ
1230 731 1244 745 ⁶
1292 716 1656 784 ’Λντανελεῖς
1689 717 1756 772 τὸ
1781 719 2017 787 πνεῦμα

437 792 654 856 αὐτῶν,
689 794 786 848 καί
808 795 1194 864 ἐπιλείψουσι,
1225 799 1321 852 καὶ
1352 802 1440 866 εἰς
1476 802 1584 853 τὸν
1625 801 1778 869 χοῦν
1818 799 2017 855 αὐτῶν

439 878 933 948 ἐπιστρέψουσιν.
984 882 1442 950 Ἐεαποστελεῖς
1477 885 1545 937 τὸ
1590 885 1832 955 Πνεῦμά
1875 903 2013 949 σου,

442 964 540 1015 καί
576 965 1022 1033 κτισθήσονται,
1064 968 1161 1021 καὶ
1195 969 1558 1036 ἀνακαινιεῒς
1586 971 1652 1025 τὸ
1694 973 2018 1040 πρόσωπον

440 1047 553 1114 τῆς
596 1046 728 1118 γῆς.
779 1046 932 1114 Εἶδες
956 1051 1285 1124 δημιουργὸν
1320 1053 1382 1106 τὸ
1429 1054 1690 1126 Πνεῦμα;
1727 1051 1865 1119 εἶδες
1890 1072 2016 1110 συν-

440 1129 600 1199 εργὸν
635 1130 770 1184 Θεοῦ
789 1149 806 1198 ;

519 1223 582 1272 ε’.
613 1217 748 1271 Ἀλλ’
769 1221 848 1282 είς
865 1220 926 1273 τὸ
965 1221 1322 1292 προκείμενον
1348 1223 1750 1294 ἐπανέλθωμεν.
1781 1226 2020 1294 Ἔνεςεύ·

441 1317 659 1368 σησεν.
681 1301 781 1356 Διά
813 1304 928 1365 τοῦ,
986 1306 1415 1374 Ἐνεφύσησεν,
1457 1309 1517 1362 τὸ
1554 1309 1757 1362 ἁπλοῦν
1785 1309 1883 1378 τῆς
1917 1309 2019 1378 ψυ-

442 1384 543 1455 χῆς
575 1384 772 1449 ἔδειξεο
809 1387 889 1439 διὸ
927 1388 1049 1442 οὔτε
1082 1389 1494 1460 πολυαρμόνιος.
1538 1394 1774 1464 Πρόσεχε
1811 1393 2014 1447 λοιπόν.

456 1467 670 1537 Ἐπειδὴ
699 1469 1008 1541 ἐπαλαιώθη
1040 1473 1072 1541 ὴ
1102 1471 1450 1542 δημιουργία,
1482 1474 1820 1540 ἀνακαινίζει
1849 1473 2018 1546 αὐτὴν

442 1549 472 1600 6
496 1547 725 1619 Χριστὸς
763 1553 856 1604 ἐπὶ
883 1553 1180 1624 οἰκονομίᾳ.
1244 1556 1515 1626 Ἐπλάσθη
1555 1558 1726 1627 ’Λδὰμ
1750 1557 1857 1612 ἀπὸ
1877 1557 1981 1627 γῆς
1999 1572 2012 1586 ·

446 1630 677 1686 ἔπλασεν
714 1636 743 1686 ό
784 1635 1016 1705 Χριστὸς
1060 1636 1152 1690 τοῦ
1187 1638 1387 1708 τυφλοῦ
1423 1640 1548 1703 τοὺς
1573 1641 1884 1711 ὀφθαλμοὺς
1911 1640 2018 1694 ἀπὸ

443 1713 641 1782 πηλοῦ,
676 1716 760 1769 ἵνα
795 1719 858 1770 σὺ
887 1719 1063 1790 μάθῃς
1091 1719 1181 1773 τὸν
1211 1720 1442 1774 λαϐόντα
1470 1723 1598 1792 χοῦν
1637 1724 1744 1777 ἀπὸ
1782 1725 1880 1794 τῆς
1915 1723 2019 1793 γῆς

443 1799 539 1848 καὶ
565 1796 864 1852 πλάσαντα.
919 1801 1280 1872 Ἐνεφύσησεν
1310 1805 1337 1856 6
1363 1805 1494 1868 Θεὸς
1521 1809 1600 1869 είς
1627 1807 1689 1859 τὸ
1725 1809 2018 1877 πρόσωπον

442 1878 538 1930 τοῦ
580 1879 747 1951 Ἀδάμ
776 1883 944 1952 πνοὴν
970 1884 1114 1954 ζωῆς
1134 1903 1147 1916 ·
1179 1886 1510 1956 ἐνεφύσησεν
1539 1891 1567 1941 6
1591 1889 1825 1959 Χριστὸς
1850 1889 1930 1952 εἰς
1959 1888 2020 1941 τὸ

444 1960 734 2030 πρόσωπον
748 1963 855 2018 τῶν
876 1966 1205 2032 ἀποστόλων,
1231 1971 1324 2022 καὶ
1344 1969 1510 2038 λέγει·
1535 1970 1755 2026 Λάϐετε
1780 1970 2020 2039 Πνεῦμα

443 2043 633 2112 ἅγιον.
686 2048 752 2099 ’Ὀ
798 2047 1076 2104 ἀπώλεσεν
1125 2052 1426 2124 ἐμφύσημα
1484 2054 1677 2124 Ἀδὰμ,
1728 2053 1962 2108 ἐνταῦθα
1990 2057 2019 2108 6

443 2127 676 2198 Χριστὸς
707 2130 974 2195 ἀπέδωκε,
1017 2137 1109 2188 καὶ
1137 2137 1352 2200 ἐγένετο
1383 2137 1546 2191 πάλιν
1569 2141 1596 2192 6
1627 2138 1908 2209 ἄνθρωπος
1940 2140 2020 2200 εὶς

442 2211 618 2281 ψυχὴν
651 2213 848 2278 ζῶσαν.
895 2218 1133 2289 Πρόσεχε
1156 2237 1168 2250 ο
1213 2220 1447 2275 ἐνταῦθα
1489 2224 1521 2293 ἡ
1556 2222 1846 2277 ἀκολουθία
1872 2235 1920 2277 ι.
1957 2220 2018 2274 El

443 2294 552 2364 γὰρ
581 2296 671 2348 καὶ
699 2297 895 2366 κάμνει
923 2301 1024 2370 τῆς
1049 2303 1230 2372 φωνῆς
1262 2304 1324 2355 τὸ
1351 2305 1600 2372 ὄργανον,
1629 2305 1765 2358 ἀλλά
1803 2307 1871 2376 τῇ
1897 2321 2020 2357 συν-

445 2376 564 2446 ήθει
590 2378 759 2434 ἐλπίδι
793 2383 1105 2455 προτρέχων
1131 2387 1225 2438 καὶ
1261 2386 1358 2450 τὰς
1381 2388 1490 2439 τῶν
1522 2388 1766 2457 ἀδελφῶν
1811 2389 2018 2451 ἱκεσίας

446 2461 795 2531 ὑποτέμνων,
830 2467 1068 2520 πιστεύω
1102 2469 1320 2538 δοθῆναί
1363 2489 1451 2540 μοι
1485 2471 1659 2540 λόγον,
1697 2473 1756 2524 οὐ
1797 2473 1885 2526 διὰ
1917 2474 2019 2542 τὴν

446 2543 601 2610 ἀξίαν
627 2547 788 2618 ἐμὴν.
818 2549 953 2602 ἀλλά
976 2551 1063 2604 διὰ
1090 2553 1188 2622 τὴν
1220 2553 1326 2606 τῷν
1355 2555 1658 2608 ἀκουόντων
1688 2556 2014 2626 προθυμίαν.

445 2629 508 2680 El
548 2632 641 2683 καὶ
667 2631 873 2698 ἀνάξιοι
903 2633 1010 2685 τῶν
1041 2636 1214 2701 ἁγίων
1246 2638 1433 2707 ἐσμὲν,
1467 2637 1584 2691 ἀλλ’
1607 2637 1806 2692 ἔπαθον
1832 2643 2018 2694 κάκεῖ-

444 2729 524 2764 νοι
556 2713 747 2778 ταῦτα,
779 2716 873 2768 καὶ
910 2717 1013 2769 ὑπὸ
1045 2718 1143 2787 τῆς
1177 2718 1272 2771 τοῦ
1315 2719 1564 2789 σώματος
1598 2722 1879 2785 ἀσθενείας
1911 2723 2018 2774 ἐνε-

446 2797 744 2859 ποδίζοντο.
773 2801 1057 2870 Μαρτυρεῖ
1082 2801 1243 2854 Δαυῖδ
1279 2802 1452 2871 λέγων
1476 2819 1492 2834 ο
1541 2805 1865 2860 Ἐκοπίασα
1886 2807 2018 2874 κρά-

445 2877 575 2939 ζων,
606 2880 1002 2950 ἐϐραγχίασεν
1038 2887 1070 2936 ό
1097 2884 1329 2953 λάρυγξ
1355 2903 1492 2954 μου.
1530 2887 1744 2941 Βέλτιον
1768 2889 1824 2942 δὲ
1852 2888 2020 2961 βραγ-

445 2961 648 3044 χιῶντα
685 2963 862 3032 λέγειν
897 2965 968 3018 τὰ
993 2965 1148 3036 όρθά,
1191 2966 1226 3036 ἢ
1273 2969 1438 3038 ὀρθὴν
1467 2969 1657 3038 ἔχοντα
1686 2971 1783 3042 τὴν
1814 2972 2016 3044 φωνὴν,

444 3043 883 3116 διεστραμμένην
907 3047 1051 3118 ἔχειν
1080 3051 1177 3120 τὴν
1197 3053 1394 3122 ψυχήν.
1430 3053 1794 3120 Ἐερύτευσεν
1817 3058 1850 3109 ὀ
1878 3056 2021 3122 Θεὸς

445 3128 811 3196 παράδεισον
828 3131 898 3184 ἐν
927 3132 1097 3202 Ἐδέμ
1118 3135 1241 3187 κατ’
1259 3136 1648 3202 ἀνατολάς.Τί
1663 3141 1808 3191 ἐστιν
1837 3139 2016 3210 Ἐδέμ;

459 3213 618 3284 Ἐδὲμ
639 3214 996 3286 ἑρμηνεύεται
1012 3219 1209 3289 τρυφὴ,
1234 3219 1308 3284 ὡς
1329 3219 1394 3274 ἂν
1423 3222 1562 3274 εἴποι
1589 3239 1692 3287 τις·
1729 3222 2020 3292 Ἐφύτευσε

447 3295 771 3367 παράδεισον
794 3299 852 3350 ἐν
878 3303 1077 3370 τρυφῇο
1106 3303 1226 3354 ἀντὶ
1250 3302 1343 3355 τοῦ
1369 3318 1384 3332 ·
1409 3305 1466 3355 ἐν
1488 3305 1637 3374 τόπῳ
1661 3306 1932 3376 τρυφερῷ,
1963 3308 2021 3358 ὲν

445 3377 596 3449 τόπῳ
627 3378 794 3450 καλῷ.
823 3381 920 3434 Διά
949 3382 1107 3435 τοῦτο
1144 3386 1235 3436 ἐπὶ
1263 3385 1405 3438 τέλει
1428 3385 1601 3452 λέγει’
1636 3389 1742 3440 Καὶ
1775 3389 2022 3451 ἐξέϐαλε

448 3461 556 3514 τὸν
589 3461 782 3532 Ἀδὰμ,
807 3465 904 3517 καὶ
930 3465 1258 3530 κατῴκισεν
1277 3468 1463 3521 αὑτὸν
1481 3469 1764 3523 ἀπέναντι
1787 3471 1892 3525 τοῦ
1921 3488 2022 3522 πα-

437 3543 729 3612 ραδείσου
749 3545 860 3614 τῆς
882 3543 1132 3617 τρυφῆς.
1149 3549 1508 3618 Ἐφύτευσεν
1531 3556 1562 3606 ό
1585 3554 1726 3619 Θεὸς
1749 3554 2022 3622 παράδει-

449 3643 566 3681 σον
602 3629 672 3681 ἐν
721 3628 890 3699 Ἑδέμ
926 3632 1052 3685 κατ’
1085 3633 1407 3700 ἀνατολάς.
1455 3635 1607 3689 Διατί
1659 3636 1732 3708 μὴ
1779 3639 1859 3701 είς
1893 3638 2021 3692 ἄλλο

448 3711 637 3794 κλίμα,
658 3710 792 3765 ἀλλὰ
816 3715 935 3766 κατ’
958 3716 1219 3779 ἀνατολάς
1235 3719 1263 3770 6
1283 3717 1627 3788 παράδεισος
1651 3721 1812 3772 Ὅθεν
1831 3723 1863 3793 ἡ
1881 3723 2020 3794 ἀρχὴ

446 3792 542 3846 τοῦ
561 3794 764 3865 δρόμου
784 3795 892 3849 τῶν
914 3801 1098 3870 φωστή
1109 3816 1235 3867 ρων,
1253 3800 1460 3853 ἐκεῖθεν
1472 3803 1564 3854 καὶ
1583 3803 1615 3872 ή
1637 3792 1890 3874 ἀρχὴτῆς
1909 3792 2024 3860 διαξ

447 3878 638 3948 γωγῆς
666 3879 774 3934 τῶν
807 3881 1124 3954 ἀνθρώπων.
1160 3884 1470 3955 Προμηνύει
1497 3887 1526 3938 6
1553 3886 1684 3950 Θεὸς
1715 3888 1775 3941 τὸ
1807 3889 2018 3958 μέλλον·

450 3971 853 4042 κατ’ἀνατολάς
881 3976 938 4028 ἐν
959 3974 1036 4046 τῷ
1071 3977 1378 4048 παραδείσῳ
1399 3978 1577 4050 τίθησι
1600 3979 1692 4033 τὸν
1714 3979 2019 4052 ἄνθρωπον,

450 4053 536 4106 ἴνα
562 4053 709 4127 δείξῃ
728 4095 743 4115 ,
775 4057 858 4109 ὅτι
884 4057 1070 4129 ὥσπερ
1094 4055 1236 4113 οὗτοι
1266 4063 1317 4114 οί
1341 4063 1622 4133 φωστῆρες
1649 4063 2022 4129 ἀνατέλλοντες

453 4135 604 4208 [487]
637 4137 918 4209 τρέχουσιν
954 4144 1034 4205 είς
1077 4143 1228 4196 δύσιν
1253 4186 1267 4208 ,
1300 4146 1392 4198 καὶ
1433 4145 1710 4200 δύνουσιν⁵
1757 4148 1898 4202 οὓτω
1932 4151 2024 4204 καὶ

450 4220 639 4273 τοῦτον
667 4221 746 4275 δεῖ
773 4224 878 4276 ἀπὸ
918 4225 1062 4295 ζωῆς
1106 4230 1184 4290 είς
1218 4227 1443 4282 θάνατον
1471 4229 1699 4300 δραμεῖν
1747 4234 1839 4286 καὶ
1866 4234 2024 4287 δῦσαι

452 4304 592 4356 κατά
622 4305 710 4359 τὸν
735 4305 904 4360 τύπον
937 4308 1043 4362 τῶν
1075 4314 1395 4383 φωστήρων,
1429 4314 1522 4366 καὶ
1555 4315 1720 4386 ἀλλην
1761 4318 2023 4390 ἀνατολὴν

452 4386 616 4440 πάλιν
648 4388 826 4442 λαϐεῖν
885 4390 944 4456 ἐξ
997 4392 1348 4458 ἀναστάσεως
1399 4398 1628 4467 νεκρῶν.
1673 4399 1942 4471 ’Ἑδραμεν
1980 4386 2024 4453 ‘6

466 4472 635 4543 Ἀδὰμ
659 4478 738 4539 είς
765 4476 934 4542 δύσιν,
957 4479 1141 4533 ἔδυσεν
1160 4483 1240 4545 είς
1267 4484 1436 4552 τάφον
1455 4501 1468 4514 ·
1493 4486 1856 4556 ἠκολούθησεν
1876 4487 2024 4558 αὐτῷ

451 4555 864 4641 τάλπράγματα
912 4563 1011 4632 τῆς
1064 4565 1196 4635 γῆς,
1231 4568 1324 4619 καὶ
1354 4571 1624 4641 συνετάφη
1674 4555 1755 4641 τῷ
1781 4555 2019 4626 δύσαντιν.

452 4633 655 4693 Ἦλθεν
697 4643 725 4692 6
758 4643 988 4713 Χριστὸς
1012 4687 1026 4709 ,
1073 4633 1165 4702 καὶ
1215 4652 1468 4722 ἐποίησεν
1507 4633 1777 4708 ἀνατεῖλαι
1809 4657 1901 4709 τὸν
1931 4656 2023 4709 δύ-

453 4739 642 4777 σαντα.
693 4725 792 4776 Διὰ
848 4727 1005 4781 τοῦτο
1064 4730 1210 4798 λέγει
1265 4735 1296 4786 6
1335 4737 1619 4806 προφήτης
1661 4739 1789 4808 περὶ
1820 4740 2021 4793 αὐτοῦ’

465 4806 612 4861 Ἰδοὺ
635 4807 790 4874 ἀνὴρ
811 4847 826 4871 ,
888 4810 1167 4883 Ἀνατολὴ
1207 4817 1392 4888 ὄνομα
1432 4821 1622 4886 αὐτῷ,
1664 4806 1760 4876 καὶ
1799 4823 2024 4878 ὑποκά-

452 4893 638 4944 τωθεν
661 4892 848 4946 αὐτοῦ
871 4894 1187 4952 ἀνατέλλει
1202 4916 1215 4929 ·
1245 4905 1519 4957 τουτέστιν
1540 4944 1554 4969 ,
1588 4907 1653 4959 ἐκ
1681 4905 1790 4959 τῶν
1815 4907 2020 4975 τάφων.

467 4975 554 5058 Ἐν
591 4973 670 5043 τῷ
713 4973 885 5058 ξΑδάμ
915 4976 1100 5031 ἔδυσεν
1134 4983 1163 5034 6
1191 4983 1508 5055 ἄνθρωπος,
1555 4990 1611 5040 ἐν
1653 4987 1872 5058 Χριστῷ
1895 4973 2022 5043 ἀνέ-

450 5055 646 5144 τειλεν.
681 5057 956 5144 Μαρτυρεῖ
984 5063 1192 5128 Παῦλος
1211 5081 1225 5094 ⁸
1255 5069 1482 5138 Ὥσπερ
1516 5071 1624 5140 γὰρ
1645 5055 1716 5124 ἐν
1742 5071 1821 5137 τῷ
1844 5055 2023 5144 ’Ἀδὰμ

452 5140 674 5207 πάντες
707 5143 1236 5214 ἀποθνήσκουσιν,
1279 5153 1431 5206 οὕτω
1459 5153 1554 5206 καὶ
1581 5155 1650 5206 ἐν
1676 5153 1754 5219 τῷ
1791 5140 2022 5225 Χριστῷ

451 5220 674 5291 πάντες
700 5222 1256 5295 ζωοποιηθήσονται.
1289 5234 1396 5287 Καὶ
1422 5234 1640 5290 ἔλαϐεν
1659 5240 1691 5291 ὀ
1725 5220 1866 5306 Θεὸς
1917 5220 2022 5294 τὸν

451 5308 795 5376 ἄνθρωπον,
855 5311 928 5364 ὃν
967 5314 1252 5385 ἐποίησε,
1283 5319 1381 5371 καὶ
1423 5319 1587 5373 ἔθετο
1614 5323 1799 5378 αὑτὸν
1843 5325 1913 5378 ἐν
1940 5325 2021 5392 τῷ

453 5393 812 5475 παραδείσῳ.
865 5395 1193 5467 Είσήνεγκεν
1241 5401 1403 5455 αὑτὸν
1457 5404 1535 5467 είς
1589 5404 1802 5475 ἐτοιμον
1849 5404 2018 5463 οἷκον.

454 5472 667 5544 ’Ὠσπερ
693 5477 722 5528 6
750 5478 929 5532 καλῶν
978 5497 1098 5534 τινα
1137 5484 1216 5546 είς
1267 5485 1534 5553 ἑστίασιν,
1579 5472 1793 5560 πρῶτον
1839 5509 2019 5564 παρα-

453 5557 710 5647 σκευάζει
741 5561 831 5615 τὸν
855 5559 1022 5628 οἷκον,
1045 5567 1136 5620 καὶ
1167 5567 1287 5622 τότε
1311 5570 1516 5638 είσάγει
1546 5557 1639 5624 τὸν
1664 5557 2016 5647 κεκλημένον·

454 5636 600 5690 οὕτω
627 5642 718 5694 καὶ
761 5645 1022 5701 ἐνταῦθα·
1053 5636 1463 5720 παρεσκεύασεν
1513 5653 1662 5725 αὐτῷ
1699 5636 2018 5731 ἐνδιαίτημα

518 5770 542 5800 ⁸
567 5769 673 5821 33V.
703 5783 755 5826 et
771 5778 1025 5833 Combeﬁs.
1048 5785 1250 5850 πρόσεχε
1277 5787 1366 5841 ἐντ.
1388 5794 1443 5850 τῇ
1468 5789 1737 5856 ἀκολουθία.

1066 396 1072 404 .
1873 349 2243 407 δΕνΕιιιΑΝι

442 456 581 542 Τοῖς
616 458 849 526 νεκροῖς
885 457 1122 542 ὀστέοις
1151 458 1386 531 ἐγένετο
1429 461 1618 532 σῶμα.
1649 457 1782 518 Εἶτά
1828 483 2012 535 φησιν,
2119 466 2450 539 ἀξιοπρεπὲς
2475 469 2567 523 τὸν
2594 469 2920 541 παράδεισον
2939 511 2955 535 ,
2983 469 3077 525 καὶ
3107 442 3280 534 οὕτως
3307 467 3570 542 εἰσήγαγε
3596 469 3692 524 τὸν

3573 353 3688 412 478

2118 551 2472 622 κεκλημένον.
2493 552 2602 608 Ποῦ
2633 553 2902 626 ἐπλάσθη;
2946 556 3036 607 Ἑν
3076 557 3143 625 τῇ
3171 556 3280 624 γῇ,
3312 553 3418 620 ἔξω
3449 553 3544 606 τοῦ
3577 571 3693 607 πα-

2120 636 2383 706 ραδείσου.
2427 637 2635 711 Ὠσπερ
2668 639 2776 710 γὰρ
2827 639 3108 710 φωστῆρες
3157 637 3399 707 ἀλλαχοῦ
3422 635 3692 706 ἐγένοντο,

2117 719 2212 773 καὶ
2240 719 2500 790 ἐτέθησαν
2525 721 2583 773 ἐν
2618 720 2696 792 τῷ
2727 720 2960 792 οὐρανῷ,
2981 720 3152 784 οὕτως
3176 723 3204 772 6
3239 719 3410 790 Ἀδὰμ
3444 719 3690 790 ἐπλάσθη

2115 802 2220 868 ἔξω
2248 803 2328 866 είς
2357 803 2522 874 ἀλλην
2548 804 2670 874 γῆν,
2707 807 2801 858 καὶ
2836 805 2958 858 τότε
2983 803 3266 874 εἰσηνέχθη
3294 805 3374 865 εἰς
3398 801 3489 854 τὸν
3519 803 3695 871 παρά-

2114 884 2306 938 δεισον.
2331 884 2500 938 Πόθεν
2535 885 2727 951 τοῦτο;
2760 887 2920 955 Λέγει
2952 888 2985 958 ἡ
3025 887 3216 956 Γραφὴ
3249 886 3342 938 ἐπὶ
3386 884 3527 938 τέλε.
3553 929 3569 949 ,
3599 887 3692 937 ὅτε

2119 965 2432 1030 ἐξεϐάλλετο
2459 970 2488 1021 6
2524 969 2721 1039 Ἀδάμ·
2754 970 2866 1023 Καὶ
2901 969 3329 1034 ἐξαπέστειλεν
3350 970 3382 1021 ό
3414 967 3558 1032 Θεὸς
3586 969 3696 1020 τὸν

2129 1051 2299 1121 Ἀδὰμ
2316 1051 2384 1105 ἐκ
2411 1053 2514 1106 τοῦ
2536 1053 2901 1122 παραδείσου
2929 1053 3038 1122 τῆς
3060 1052 3290 1121 τρυφῆς
3311 1094 3325 1116 ,
3350 1051 3695 1121 ἐργάζεσθαι

2115 1133 2232 1201 τὴν
2251 1133 2386 1203 γῆν,
2417 1135 2486 1198 ἐξ
2513 1131 2588 1205 ἧς
2609 1135 2863 1205 ἐλήφθη.
2902 1138 3105 1190 Ἕθετο
3137 1135 3327 1190 αὐτὸν
3371 1135 3442 1189 ἐν
3467 1133 3550 1198 τῷ
3576 1146 3696 1187 πα-

2112 1218 2376 1286 ραδείσῳ
2409 1217 2520 1286 τῆς
2547 1219 2777 1288 τρυφῆς
2795 1263 2809 1285 ,
2849 1219 3190 1288 ἐργάζεσθαι
3228 1219 3326 1273 καὶ
3365 1217 3697 1288 φυλάττειν

2120 1303 2229 1354 τὸν
2272 1301 2656 1371 παράδεισον.
2709 1304 3082 1372 Ἐργάζεσθαι.
3116 1303 3180 1357 Τί
3226 1303 3335 1374 γὰρ
3374 1301 3589 1354 ἔλειπεν
3635 1303 3698 1355 ἐν

2119 1383 2198 1454 τῷ
2249 1384 2596 1456 παραδείσῳ;
2638 1388 2686 1439 εί
2719 1386 2777 1440 δὲ
2806 1387 2900 1439 καὶ
2922 1389 3079 1456 χρεία
3105 1381 3174 1456 ἦν
3217 1385 3476 1456 ἐργάτου,
3528 1383 3698 1436 πόθεν

2117 1469 2345 1539 ἄροτρον
2368 1485 2384 1532 ;
2415 1467 2576 1520 πόθεν
2602 1469 2668 1521 τὰ
2696 1468 2828 1522 ἀλλα
2859 1469 2955 1538 τῆς
2983 1467 3254 1538 γεωργίας
3277 1467 3484 1536 ὄργανα
3511 1484 3526 1533 ;
3572 1467 3699 1536 Ἐρ-

2117 1550 2379 1619 γάζεσθαι
2423 1551 2517 1604 καὶ
2558 1551 2844 1620 φυλάττειν
2869 1552 2969 1620 τὴν
3013 1550 3231 1621 ἐντολὴν
3264 1550 3357 1602 τοῦ
3387 1549 3524 1602 Θεοῦ
3549 1591 3565 1614 ,
3597 1550 3700 1602 καὶ

2119 1633 2395 1687 πιστεύειν
2423 1637 2489 1705 τῇ
2519 1634 2703 1706 ἐντολῇ
2733 1674 2746 1697 ,
2772 1633 2865 1688 τοῦ
2889 1633 3022 1686 Θεοῦ
3047 1633 3204 1705 ἔργον
3229 1629 3314 1704 ἦν.
3346 1632 3508 1700 Λέγει
3533 1632 3562 1683 6
3589 1633 3699 1690 Σω-

2116 1717 2252 1787 τήρ·
2290 1717 2470 1770 Τοῦτό
2510 1718 2681 1771 ἐστιν
2711 1717 2887 1785 ἔργον
2917 1716 3021 1770 τοῦ
3068 1716 3216 1770 Θεοῦ
3239 1757 3254 1781 ,
3298 1717 3399 1769 ἵνα
3445 1717 3697 1769 πιστεύ-

2117 1813 2265 1867 σητε
2309 1803 2396 1864 εις
2441 1799 2513 1854 ὃν
2562 1801 2923 1854 ἀπέστειλεν
2958 1799 3206 1865 ἐκεῖνος.
3251 1799 3465 1869 Ὥσπερ
3498 1795 3590 1851 οὖν
3633 1799 3698 1852 τὸ

2117 1883 2406 1936 πιστεῦσαι
2437 1883 2514 1952 τῷ
2548 1882 2768 1953 Χριστῷ
2797 1882 2954 1953 ἔργον
2984 1883 3132 1935 ἐστὶν
3155 1921 3170 1944 ,
3201 1881 3344 1934 οὕτω
3373 1881 3434 1934 τὸ
3471 1879 3697 1934 πιστεῦ-

2119 1981 2208 2018 σαι
2240 1968 2309 2035 τῇ
2341 1964 2559 2037 ἐντολῇ,
2583 1967 2664 2018 ὅτι
2699 1965 2792 2020 ἐὰν
2821 1965 3051 2035 ἅψηται,
3091 1965 3462 2034 ἀποθνήσκει·
3495 1964 3590 2016 ἐὰν
3637 1963 3697 2016 δὲ

2121 2049 2195 2119 μὴ
2226 2049 2425 2119 ἆψηται
2448 2090 2464 2116 ,
2495 2047 2584 2118 ζῇ.
2621 2047 2820 2118 Ἔργον
2848 2043 2914 2118 ἦν
2958 2049 3067 2100 τῶν
3105 2047 3494 2117 πνευματικῶν
3520 2048 3698 2114 λόγων

2117 2134 2157 2202 ἡ
2180 2133 2428 2202 τήρησις.
2471 2130 2682 2187 Παύλου
2718 2131 2877 2201 ἔργον
2930 2135 3121 2196 ποῖον;
3175 2131 3250 2202 μὴ
3284 2132 3529 2202 γεωργὸς
3566 2127 3636 2201 ἦν
3667 2132 3698 2182 6

2119 2214 2327 2278 Παῦλος
2348 2231 2364 2279 ;
2389 2214 2464 2286 μὴ
2493 2215 2683 2285 ἐτέραν
2711 2214 2866 2284 ἔσχεν
2891 2215 3184 2286 ἐργασίαν;
3219 2216 3282 2266 οὐ
3318 2214 3379 2266 τὸ
3411 2216 3521 2266 πᾶν
3541 2213 3696 2282 αὐτῷ

2118 2297 2275 2368 ἔργον
2298 2297 2454 2365 λόγος
2486 2293 2552 2367 ἦν
2577 2316 2591 2364 ;
2619 2298 2681 2350 ού
2707 2299 2963 2368 κήρυγμα
2988 2294 3056 2369 ἦν
3082 2315 3095 2361 ;
3133 2297 3241 2350 Καὶ
3269 2296 3415 2365 λέγει
3443 2300 3556 2360 τοῖς
3589 2314 3698 2366 μα·-

2119 2382 2340 2451 θηταῖς·
2376 2382 2446 2434 Τὸ
2478 2381 2658 2449 ἔργον
2682 2399 2800 2450 μου
2838 2381 3008 2450 ὑμεῖς
3041 2381 3182 2434 ἐστε
3221 2380 3291 2433 ἐν
3321 2381 3533 2447 Κυρίῳ.
3574 2380 3697 2447 Ἐρ-

2117 2463 2409 2535 γάζεσθαι,
2437 2464 2621 2534 φησὶν,
2653 2464 2839 2518 αὐτὸν
2866 2464 2966 2518 καὶ
2991 2463 3332 2533 φυλάττειν.
3351 2463 3484 2515 Ἀπὸ
3509 2464 3655 2525 τίνος
3678 2480 3694 2524 ;

2117 2547 2334 2620 Λῃστὴς
2363 2547 2463 2599 οὐκ
2488 2541 2556 2616 ἦν
2579 2585 2595 2608 ,
2625 2549 2653 2599 6
2682 2547 2971 2618 παροδίτης
2998 2546 3097 2599 ούκ
3125 2541 3192 2616 ἦν
3213 2589 3227 2611 ,
3257 2547 3285 2598 6
3328 2545 3695 2598 ἐπιϐουλεύων

2117 2635 2216 2687 οὐκ
2251 2629 2354 2704 ἦν’
2403 2635 2513 2688 ἀπὸ
2559 2634 2701 2698 τίνος
2751 2635 3072 2704 φυλάττειν;
3103 2635 3218 2686 Ἱνα
3271 2635 3494 2709 φυλάξῃ.
3526 2633 3696 2686 αὑτὸν

2118 2715 2328 2786 ἐαυτῷο
2373 2717 2460 2769 ἶνα
2517 2716 2591 2786 μὴ
2640 2717 2894 2787 παραϐὰς
2937 2717 3176 2788 ἀπολέσῃ
3228 2717 3425 2770 αὐτόν’
3457 2715 3573 2769 ἀλλ’
3602 2716 3695 2768 τνα

2116 2800 2213 2871 τὴν
2240 2799 2454 2870 ἐντολὴν
2477 2799 2760 2868 φυλάττων
2785 2799 2996 2872 φυλάξῃ
3025 2799 3202 2870 ἐαυτῷ
3231 2801 3320 2852 τὸν
3341 2799 3692 2870 παράδεισον.

2119 2882 2427 2954 Συγκάμνει
2461 2885 2528 2954 τῇ
2560 2886 2710 2954 φωνῇ
2742 2885 2832 2936 καὶ
2859 2884 2892 2954 ἡ
2917 2884 3122 2936 διάνοια
3148 2901 3160 2912 ·
3193 2883 3327 2936 ἀλλά
3353 2881 3457 2934 τῶν
3485 2881 3697 2950 νοημάο

2117 2983 2224 3018 των
2253 2965 2557 3035 γενώμεθα.
2593 2967 2844 3032 Ἔθηκε-ν
2888 2965 3074 3019 αὐτὸν
3105 2966 3174 3018 ἐν
3209 2964 3286 3030 τῷ
3323 2964 3693 3032 παραδείσῳ.

2117 3050 2318 3103 Λοιπὸν
2375 3051 2754 3122 σκιογραφεῖή
2808 3050 2997 3120 Γραφὴ
3034 3049 3105 3101 τὰ
3143 3049 3402 3119 μέλλοντα
3442 3047 3534 3101 διὰ
3583 3049 3698 3100 τῶν

2120 3132 2516 3202 προλαϐόντων.
2551 3132 2824 3201 Hora-[16¢
2861 3133 2929 3187 δὲ
2975 3132 3361 3200 ἐκπορεύεται
3389 3130 3457 3195 ἐξ
3502 3129 3696 3198 Ἐδέμ,

2119 3215 2373 3276 ποτίζειν
2400 3219 2507 3271 τὸν
2531 3216 2914 3284 παράδεισον.
2959 3215 3090 3269 Ἀπὸ
3114 3215 3304 3270 τούτου
3338 3215 3496 3285 μάθε,
3532 3215 3614 3266 ὃτι
3633 3214 3693 3265 ού

2120 3300 2387 3372 κηποῦριν
2420 3304 2438 3321 '
2474 3301 2601 3368 (sic)
2644 3297 2711 3372 ἦν
2739 3303 2767 3352 ὁ
2796 3299 3121 3370 παράδεισος
3143 3342 3158 3366 ,
3206 3299 3401 3369 μικρὸν
3431 3297 3571 3367 ἔχων
3603 3296 3696 3364 με·

2120 3401 2264 3454 τρον.
2302 3385 2548 3454 Ποταμὸς
2574 3385 2825 3449 τοσοῦτος
2855 3384 3108 3456 ἀρδεύει,
3137 3381 3277 3436 ὥστε
3322 3381 3431 3434 ἀπὸ
3468 3379 3563 3433 τοῦ
3601 3396 3695 3430 πε-

2129 3467 2476 3538 ριττεύματος
2511 3468 2671 3524 αὐτοῦ
2707 3469 2978 3540 τέσσαρας
3003 3463 3140 3520 εἶναι
3174 3463 3476 3533 ποταμούς.
3509 3466 3696 3515 Ποῖο-

2116 3553 2232 3620 μὸς
2268 3551 2336 3603 δὲ
2353 3552 2729 3619 ἐκπορεύεται
2753 3550 2822 3616 ἐξ
2861 3550 3055 3620 Ἐδέμ,
3090 3547 3346 3608 ποτίζειν
3368 3547 3478 3600 τόν
3508 3545 3696 3613 παρὰ·

2123 3633 2348 3687 δεισον.
2368 3633 2604 3687 Ἐκεῖθεν
2636 3634 2770 3703 μετά
2800 3634 2860 3686 τὸ
2889 3634 3104 3687 ποτίσαι
3131 3631 3409 3703 μερίζεται
3440 3629 3594 3700 [488]
3620 3630 3698 3689 εἰς

2122 3719 2389 3788 τέσσαρας
2414 3719 2586 3788 ἀρχάς
2607 3734 2621 3749 ”
2650 3719 2728 3781 είς
2753 3718 2844 3771 τὸν
2874 3717 3064 3788 Τίγριν
3091 3759 3105 3780 ,
3129 3718 3208 3779 είς
3233 3715 3325 3766 τὸν
3356 3713 3550 3765 Νεῖλον
3570 3752 3585 3771 ,
3611 3713 3699 3774 -εξς

2123 3802 2212 3854 τὸν
2241 3801 2529 3871 Εὐφράτην
2549 3841 2564 3863 ,
2603 3803 2683 3864 εἰς
2709 3801 2800 3856 τὸν
2827 3802 2885 3854 ἐν
2917 3805 2990 3876 τῇ⁴
3019 3800 3210 3871 Γραφῇ
3256 3796 3551 3869 λεγόμενον
3580 3796 3702 3847 Φει-

2126 3883 2255 3948 σὼν,
2281 3884 2339 3936 ὃν
2367 3883 2460 3937 νῦν
2484 3883 2698 3954 λέγουσι
2725 3885 3005 3940 Δανοῦϐιν.

2196 3967 2268 4033 ς’.
2295 3968 2464 4022 Βλέπε
2490 3969 2717 4038 μέγεθος
2747 3969 2993 4040 ποταμοῦ
3026 3971 3384 4041 μεριζομένου
3405 3972 3486 4034 είς
3503 3970 3700 4022 τέσσαρ

2127 4068 2254 4122 ρας·
2291 4054 2384 4106 καὶ
2415 4055 2443 4106 6
2480 4052 2716 4116 τοιοῦτος
2743 4053 2900 4123 μόνος
2945 4054 3160 4124 ἀρδεύει
3212 4055 3305 4108 τὸν
3350 4054 3700 4124 παράδεισον.

2124 4136 2276 4188 Διατί
2305 4133 2576 4200 τοιοῦτος;
2608 4137 2764 4206 μόνος
2785 4133 2851 4207 ἦν
2887 4137 3057 4206 ’Λδάμ
3075 4153 3088 4165 ·
3121 4138 3203 4201 τίς
3231 4138 3390 4208 χρεία
3419 4133 3487 4207 ἦν
3509 4133 3703 4188 τοσού-

2125 4235 2217 4271 του
2246 4237 2260 4284 ;
2303 4218 2438 4272 Ἀλλ’
2467 4221 2566 4290 οὺχ
2608 4221 2689 4272 ἐνὶ
2723 4223 2868 4290 μόνῳ
2900 4221 3112 4288 ἐγένετο
3133 4238 3149 4252 ο
3195 4221 3331 4274 ἀλλά
3359 4224 3469 4283 τοῖς
3500 4219 3705 4288 πέρασι

2121 4303 2222 4373 τῆς
2248 4305 2590 4374 οἰκουμένης.
2634 4305 2988 4374 Ἠτοιμάζετο
3038 4306 3403 4376 πατριάρχαις
3430 4345 3446 4369 ,
3481 4304 3706 4373 προφή-

2122 4405 2241 4452 ταις
2263 4429 2278 4453 ,
2308 4390 2622 4454 ἀποστόλοις
2641 4431 2656 4454 ,
2697 4390 3105 4458 εύαγγελισταῖς
3123 4431 3138 4453 ,
3177 4391 3442 4461 μάρτυσιν
3467 4429 3483 4450 ,
3509 4387 3706 4456 ὁμολο-

2123 4475 2315 4542 γηταῖς
2333 4512 2350 4537 ,
2395 4473 2569 4542 ἁγίοις
2588 4515 2602 4539 ,
2639 4477 2876 4537 πιστοῖς,
2917 4473 3215 4544 ὀρθοδόξοις
3236 4513 3252 4537 ,
3281 4470 3519 4533 εὐσεϐῶς
3548 4469 3671 4522 πολι
3689 4499 3706 4511 -

2123 4555 2464 4624 τευομένοις,
2496 4557 2629 4610 πᾶσι
2663 4559 2772 4620 τοῖς
2801 4556 3048 4620 δικαίοις.
3082 4558 3142 4610 Εἰ
3181 4558 3290 4628 γὰρ
3321 4556 3400 4626 τῷ
3439 4557 3611 4628 λῃστῇ
3641 4555 3706 4608 ἐν

2128 4640 2227 4707 μιᾷ
2245 4637 2364 4709 ὥρᾳ
2389 4639 2782 4709 ὁμολογήσαντι
2807 4640 2897 4694 τὸν
2917 4640 3242 4711 παράδεισον
3264 4642 3293 4692 ὁ
3314 4639 3504 4710 Σωτὴρ
3529 4640 3707 4708 ἐπηγ-

2123 4721 2342 4788 γείλατο
2367 4721 2538 4790 λέγων
2556 4736 2571 4752 °
2606 4722 2873 4792 Σήμερον
2897 4723 3024 4792 μετ’
3053 4724 3200 4793 ἐμοῦ
3226 4724 3341 4792 ἔσῃ
3370 4724 3442 4776 ἐν
3472 4721 3552 4787 τῷ
3584 4738 3705 4774 πα-

2115 4804 2380 4871 ραδείσῳ
2415 4821 2432 4837 ο
2481 4805 2510 4857 6
2546 4807 2813 4869 κοπιάσας
2867 4807 2933 4859 ἐκ
2989 4807 3114 4870 νέας
3163 4807 3378 4878 ἡλικίας
3423 4806 3698 4876 ’Λϐραὰμη

2138 4887 2342 4951 Ἰσαάκ,
2387 4887 2600 4952 Ἰακὼϐ,
2631 4890 2680 4942 οἱ
2713 4889 2779 4942 ἐκ
2798 4889 2985 4943 τούτου
3016 4891 3352 4961 πατριάρχαι
3530 4889 3559 4928 δ
3586 4891 3703 4942 Καὶ

2125 4969 2230 5040 πρὸ
2255 4969 2459 5025 τούτων
2486 4973 2705 5026 πάντων
2742 4972 3069 5045 κληρονομεῖ
3099 4977 3128 5028 6
3152 4973 3357 5045 λῃστὴς
3395 4974 3487 5026 τὸν
3513 4972 3703 5043 παρά-

2123 5053 2315 5108 δεισον.
2349 5055 2498 5108 Ποιεῖ
2517 5052 2609 5110 οὖν
2641 5059 2669 5110 ό
2696 5057 2828 5121 Θεὸς
2862 5057 2930 5111 τὰ
2960 5057 3118 5130 ἔργα,
3151 5059 3212 5111 ού
3257 5058 3394 5126 πρὸς
3417 5058 3478 5110 τὸ
3511 5056 3704 5124 φαινό-

2127 5153 2305 5206 μενον,
2339 5137 2476 5190 ἀλλὰ
2501 5140 2635 5209 πρὸς
2668 5139 2728 5193 τὸ
2756 5141 3219 5210 προσδοκώμενον.
3262 5141 3416 5193 Διατί
3443 5139 3630 5192 τοσοῦτ
3667 5157 3702 5192 ν

2124 5220 2321 5283 πλάτος
2341 5221 2444 5290 γῆς
2468 5223 2719 5292 ἐποίησεν
2743 5240 2756 5282 :
2791 5223 2879 5276 διὰ
2900 5223 2991 5277 τὸν
3030 5225 3220 5294 ’Λδὰμ.
3261 5224 3294 5294 ἢ
3327 5225 3417 5278 διὰ
3445 5223 3570 5284 τοὺς
3599 5221 3700 5275 νῦν

2121 5303 2539 5370 κατοικοῦντας;
2591 5306 2843 5360 Ἐκεῖθεν
2879 5306 3208 5375 ἀφορίζεται
3259 5309 3346 5373 είς
3389 5306 3701 5374 τέσσαρας

2119 5385 2307 5452 ἀρχάς
2329 5403 2344 5418 ⁸
2390 5387 2490 5442 οὐκ
2538 5384 2690 5442 εἶπεν
2714 5431 2730 5453 ,
2771 5392 2851 5452 εἰς
2887 5391 3125 5462 τέσσαρα
3159 5391 3500 5462 ἀπλώματα,
3531 5389 3698 5452 ἀλλὰ.

2118 5469 2309 5538 ἀρχὰς
2331 5511 2344 5536 ,
2380 5472 2660 5539 τουτέστι,
2692 5474 2892 5545 πηγάς.
2933 5477 3137 5546 ’ὓνομα
3166 5475 3242 5545 τῷ
3275 5477 3357 5529 ἐνὶ
3377 5474 3602 5540 Φεισὼν,
3630 5473 3698 5528 ὃν

2181 5616 2200 5634 '
2227 5616 2376 5667 Savil.
2400 5623 2455 5688 εἰ
2475 5618 2997 5688 Οοωὺθβεκκηποῦρις.
3021 5623 3171 5673 Savil.
3198 5626 3324 5688 conj.
3349 5634 3517 5685 κῆπος,
3547 5626 3689 5688 Fort.

2119 5677 2222 5733 lmz.
2260 5680 2534 5752 κηπούριον.
2579 5681 2710 5731 unde
2735 5677 3078 5733 hodierilofum
3111 5677 3333 5748 κηπσύᾷι.
3376 5677 3502 5738 [bili
3535 5677 3674 5744 Sani

2117 5754 2500 5800 περισσεύματος.

2182 5801 2209 5840 b
2237 5799 2323 5852 Hic
2346 5799 2517 5854 textus
2539 5804 2756 5856 deﬁcere
2777 5804 2981 5856 videtur.
