4074 6308
337 355 444 412 477

340 468 722 526 sui-rectionem
751 467 1068 524 vaticinatur
1093 465 1177 522 his
1216 464 1396 521 verbis
1423 483 1437 518 :
1469 466 1686 520 Mortuis
1723 467 1915 521 ossibus

338 579 524 630 corpus
549 565 737 632 factum
760 571 834 615 est
861 558 1069 632 (Ezech.
1102 559 1188 615 37.
1220 555 1298 628 9).
1329 556 1529 612 Deinde
1553 556 1626 610 ait
1650 573 1664 612 :
1693 555 1776 610 Ea:
1793 573 1918 625 qua-

340 663 454 707 tuor
490 653 647 706 uentis
683 653 844 706 veniat
885 651 1113 721 spiritus,
1163 660 1209 703 et
1247 649 1560 719 ingrediatur
1601 649 1655 701 in
1695 657 1918 702 mortuos

340 745 452 811 hos,
482 754 528 798 et
566 745 752 798 vivant.
789 743 878 797 Sic
908 752 964 797 et
995 743 1154 796 David
1185 742 1380 795 clamat
1407 757 1420 793 :
1452 739 1661 809 Auferes
1689 739 1920 810 spiritum

337 852 532 902 eorum,
574 845 623 889 et
649 835 906 902 deﬁcient,
951 844 998 887 et
1035 834 1086 886 in
1117 832 1369 900 pulverem
1415 847 1562 884 suum
1590 838 1916 883 revertentur.

342 925 554 980 Emittes
585 924 833 994 Spiritum
861 933 1023 990 tuum,
1053 932 1097 976 et
1128 923 1446 987 creabantur,
1479 931 1526 974 et
1551 919 1812 974 renovabis
1833 919 1918 986 [a-

339 1017 465 1070 ciem
489 1026 636 1070 terra:
655 1013 829 1087 (l’sal.
861 1015 984 1070 105.
1013 1013 1102 1069 29.
1133 1013 1248 1080 30).
1278 1011 1464 1066 Vidisti
1489 1011 1742 1082 Spiritum
1766 1024 1918 1064 crea-

342 1108 557 1163 torem?
583 1106 757 1160 vidisti
783 1120 902 1160 cum
938 1106 1046 1160 Deo
1066 1104 1416 1172 operantem?

420 1199 474 1252 5.
519 1197 622 1252 Sed
660 1197 724 1250 ad
754 1197 1082 1266 propositum
1112 1210 1459 1249 revertamur.
1493 1192 1792 1263 Insuﬁiaoit.
1818 1192 1922 1246 Per

341 1289 508 1353 illud,
558 1287 874 1358 Insuﬁiavit,
928 1287 1118 1340 animre
1179 1286 1574 1354 simplicitatem
1623 1283 1858 1338 ostendit
1904 1301 1919 1338 :

338 1381 462 1436 ideo
489 1394 586 1434 nec
613 1379 792 1433 multis
818 1381 1185 1433 COItClnllallll'.
1215 1375 1445 1430 Attende
1465 1375 1597 1443 jam.
1621 1373 1753 1441 Quia
1772 1389 1924 1428 crea—

340 1482 458 1526 tura
487 1472 896 1534 inveteraverat,
920 1469 1066 1523 illam
1090 1468 1334 1523 Christus
1359 1468 1409 1521 in
1432 1467 1826 1536 diSpensatione
1848 1463 1922 1537 (a)

344 1564 626 1619 instaurat.
679 1563 962 1618 Formatus
1001 1572 1084 1616 est
1125 1561 1293 1615 Adam
1338 1560 1406 1614 de
1447 1569 1588 1614 terra
1633 1557 1926 1614 :l'ormavit

339 1658 585 1712 Christus
624 1658 752 1712 caeci
797 1656 981 1711 oculos
1013 1671 1078 1710 ex
1104 1655 1217 1709 luto
1236 1695 1250 1720 ,
1281 1663 1339 1709 ut
1368 1654 1492 1708 hinc
1520 1655 1736 1709 noveris
1763 1669 1882 1708 eum
1907 1693 1921 1717 ,

341 1750 431 1818 qui
471 1749 678 1818 accepit
703 1746 970 1817 pulverem
995 1746 1061 1800 de
1089 1755 1228 1800 terra
1249 1788 1265 1812 ,
1293 1756 1346 1800 et
1376 1746 1642 1800 formavit.
1674 1744 1920 1799 lnsnl‘ﬁa-

337 1839 417 1894 vit
459 1841 598 1894 Deus
638 1840 693 1893 in
736 1839 920 1893 faciem
947 1837 1114 1892 Adam
1163 1837 1426 1906 spiracula
1453 1838 1608 1900 vitae;
1640 1835 1922 1891 iusufﬁavit

335 1931 582 1988 Christus
631 1931 682 1985 in
721 1929 910 1986 faciem
954 1934 1351 1999 apostolormn,
1392 1939 1448 1984 et
1485 1927 1620 1982 dixit
1663 1928 1927 1996 :Accipite

335 2023 592 2094 Spiritum
635 2032 863 2076 sanctum
909 2021 1086 2093 (Joan.
1127 2022 1216 2076 2t).
1243 2021 1358 2092 22).
1389 2022 1518 2075 Eam
1548 2036 1667 2092 quze
1695 2022 1926 2089 perierat

333 2113 531 2169 Adami
575 2113 1024 2178 iusulﬁatiouem,
1070 2112 1312 2166 Christus
1363 2112 1629 2175 restituit,
1673 2121 1729 2165 et
1755 2111 1925 2165 factus

335 2213 422 2259 est
459 2218 642 2258 rursus
669 2203 829 2258 homo
855 2204 904 2256 in
928 2203 1158 2256 animam
1185 2202 1472 2256 viventem.
1505 2201 1601 2255 llic
1625 2201 1782 2255 seriei
1804 2201 1924 2255 ani-

333 2311 482 2352 nium
527 2293 740 2351 adhibe.
792 2293 1016 2348 Etiamsi
1060 2292 1200 2347 enim
1233 2293 1374 2348 vocis
1420 2307 1674 2362 organum
1705 2290 1918 2359 delicit,

334 2397 592 2445 consueta
642 2398 816 2444 tamen
869 2403 966 2458 spe
1014 2402 1381 2457 praecurrens,
1430 2386 1761 2455 fratrumque
1800 2397 1922 2438 vota

334 2484 680 2550 accelerans,
727 2483 890 2537 credo
932 2483 1163 2536 dandum
1213 2481 1340 2537 mihi
1376 2497 1496 2537 esse
1524 2481 1742 2535 verbum
1768 2521 1782 2544 ,
1817 2496 1922 2532 non

335 2573 517 2629 meriti
566 2573 672 2629 mei
713 2589 910 2639 causa,
953 2573 1048 2626 sed
1088 2571 1378 2626 alacritatis
1403 2571 1704 2625 auditorum
1729 2571 1921 2638 gratia.

334 2664 562 2719 Etiamsi
591 2665 789 2720 sanctis
810 2680 914 2718 non
941 2666 1108 2718 simus
1137 2663 1482 2734 comparandi
1503 2678 1518 2728 ;
1541 2672 1596 2716 at
1615 2663 1688 2716 illi
1714 2677 1925 2732 quoque

333 2757 462 2814 talia
503 2765 630 2812 sunt
668 2757 838 2827 passi,
866 2757 1216 2826 corporisque
1241 2754 1637 2809 infirmitatibus
1665 2753 1924 2824 impedic-

333 2849 549 2907 bantur.
589 2849 644 2903 ld
689 2848 1000 2903 testiﬁcatur
1042 2847 1209 2902 David
1250 2847 1431 2902 dicens
1475 2865 1489 2901 :
1527 2846 1776 2900 Laboravi
1813 2847 1924 2899 cta-

334 2959 482 2997 mans
502 2983 517 3007 ,
538 2958 706 2994 rauca:
732 2943 881 3009 [astte
907 2951 1022 2994 sunt
1045 2944 1218 3011 fauces
1248 2956 1372 2994 mea:
1399 2937 1570 3013 (Psat.
1602 2945 1690 2993 es.
1723 2943 1798 3010 4).
1819 2939 1925 2992 ille-

335 3036 441 3091 lius
487 3050 645 3104 porro
685 3045 765 3089 est
803 3051 959 3088 rauca
989 3049 1120 3088 voce
1147 3043 1290 3088 recta
1319 3032 1531 3097 dicere,
1559 3049 1716 3102 quam
1737 3074 1752 3098 ,
1781 3045 1924 3085 recta

334 3143 506 3192 voce,
549 3127 728 3179 animo
760 3141 1068 3196 perversum
1099 3140 1235 3178 esse.
1271 3123 1526 3177 Plantavit
1557 3122 1689 3176 Deus
1719 3123 1928 3194 paradi-

333 3237 450 3275 sum
474 3220 526 3272 in
549 3217 709 3272 Edem
733 3221 800 3272 ad
821 3220 1059 3273 orientem
1087 3216 1234 3289 (Gen.
1267 3216 1322 3269 2.
1356 3217 1434 3284 8).
1460 3215 1595 3282 Quid
1617 3225 1699 3271 est
1721 3215 1925 3270 Edent?

335 3311 507 3370 Edem
537 3311 798 3381 signiﬁcat
827 3310 1044 3365 delicias
1073 3325 1087 3373 ;
1120 3325 1182 3362 ac
1211 3309 1254 3362 si
1281 3308 1398 3376 quis
1418 3307 1640 3373 diceret,
1667 3307 1927 3361 Plautavit

336 3401 648 3472 paradisum
680 3403 730 3455 iu
760 3401 966 3455 deliciis
989 3443 1002 3464 ,
1027 3401 1139 3456 sive
1169 3401 1220 3452 in
1251 3399 1507 3454 delicioso
1533 3399 1652 3452 loco
1673 3440 1685 3460 ,
1721 3398 1772 3451 in
1805 3398 1924 3467 pul-

335 3497 472 3552 chro
511 3497 649 3550 loco.
694 3496 922 3564 Ideoque
961 3494 1013 3548 in
1055 3495 1156 3547 ﬁnc
1181 3492 1309 3546 dicit
1341 3509 1353 3544 :
1386 3489 1456 3543 Et
1481 3492 1621 3562 ejecit
1647 3489 1809 3543 Adam
1834 3531 1848 3555 ,
1880 3500 1926 3543 et

337 3588 603 3642 collocavit
633 3603 748 3639 eum
773 3603 835 3638 ex
861 3585 1066 3638 aduerso
1095 3582 1320 3653 paradisi
1344 3580 1633 3650 voluptatis.
1665 3579 1925 3634 Plantavit

332 3678 478 3737 Deus
499 3677 792 3747 paradisum
819 3676 872 3728 in
901 3674 1061 3728 Edent
1090 3673 1156 3725 ad
1179 3673 1416 3726 orientem
1439 3670 1591 3742 (Gen.
1614 3673 1666 3727 5.
1688 3671 1801 3741 24).
1817 3671 1925 3725 Cur

334 3785 447 3827 υοιι
475 3769 528 3822 in
554 3769 660 3822 alio
685 3767 919 3828 climate,
942 3765 1035 3820 sed
1057 3763 1123 3818 ad
1144 3762 1407 3818 orientem
1432 3762 1750 3830 paradisus?
1771 3761 1925 3816 Unde

335 3861 548 3919 initium
579 3875 768 3914 cursus
791 3857 1158 3922 luminarium,
1190 3856 1312 3909 inde
1336 3855 1651 3924 principium
1681 3857 1802 3909 vitae
1825 3855 1923 3907 ho-

333 3958 564 4010 minum.
593 3954 973 4024 Pnesigniﬁcat
1002 3953 1139 4006 Deus
1166 3950 1402 4005 futurum
1439 3968 1451 4003 :
1481 3949 1547 4003 ad
1577 3949 1838 4003 orientem
1871 3949 1924 4002 iu

332 4046 590 4116 paradiso
637 4046 785 4114 ponit
831 4045 1128 4107 hominem,
1177 4053 1234 4096 ut
1272 4041 1550 4105 ostendat,
1579 4040 1924 4110 quemadmo-

332 4139 466 4196 dum
510 4137 792 4192 luminaria
837 4136 923 4189 illa
961 4134 1187 4189 orientia
1218 4142 1438 4186 currunt
1466 4131 1530 4184 ad
1561 4129 1924 4194 occidentem,

332 4241 388 4284 et
416 4229 668 4284 occidunt
710 4245 723 4282 :
756 4228 827 4281 ita
873 4237 927 4281 et
966 4225 1107 4280 hunc
1145 4234 1396 4292 Oportere
1422 4238 1452 4276 a
1480 4222 1583 4276 vita
1615 4221 1669 4274 in
1700 4229 1925 4275 mortem

333 4335 562 4375 currere
587 4319 921 4385 etoccidcrc,
947 4313 1704 4388 quemadmodumluminaria,
1731 4312 1926 4365 alium-

331 4428 445 4482 que
514 4426 723 4465 rursum
775 4411 1051 4464 'oricntcm
1121 4422 1333 4460 sumere
1409 4421 1472 4458 ex
1541 4404 1928 4458 resurrectione

331 4511 698 4557 mortuorum.
744 4498 988 4554 Cucurrit
1023 4497 1190 4552 Adam
1237 4497 1302 4550 ad
1341 4493 1709 4557 occidentem,
1737 4491 1929 4547 occidit

332 4597 390 4650 in
439 4595 741 4664 sepulcrum
788 4613 801 4647 :
848 4601 1086 4661 sequuta:
1133 4599 1256 4644 sunt
1297 4589 1440 4642 illum
1479 4602 1565 4640 res
1625 4594 1817 4649 tet-rte,
1872 4592 1928 4639 et

332 4704 463 4743 cum
512 4687 604 4741 illo
641 4684 918 4739 occidente
961 4681 1181 4751 sepulta:
1219 4689 1357 4733 sunt.
1397 4675 1846 4740 VenitChristus,
1875 4684 1931 4728 et

332 4794 466 4836 eum
490 4777 578 4845 qui
601 4775 869 4830 occiderat
893 4776 1019 4826 oriri
1049 4772 1270 4826 curavit.
1300 4770 1422 4824 ideo
1444 4769 1570 4822 dicit
1599 4767 1664 4820 de
1691 4766 1782 4820 illo
1807 4781 1929 4834 pro-

333 4876 504 4943 pheta
536 4887 551 4924 :
583 4868 716 4923 Ecce
735 4870 808 4922 vir
829 4910 842 4934 ,
878 4867 1055 4920 Oriens
1082 4881 1262 4918 nomen
1289 4865 1417 4932 ejus,
1441 4871 1487 4914 et
1513 4863 1602 4915 sub
1622 4860 1711 4912 illo
1741 4859 1929 4911 orietur

337 4965 533 5038 (Zaclt.
577 4963 629 5018 6.
683 4963 771 5031 12)
798 4981 811 5026 ;
855 4976 1045 5028 nempe
1071 4975 1135 5013 ex
1164 4956 1438 5025 sepulcris.
1469 4953 1522 5006 In
1552 4953 1756 5005 Adamo
1784 4951 1923 5004 orci-

330 5059 416 5111 dtt
464 5056 658 5114 homo,
706 5053 758 5106 itt
803 5053 1014 5106 Christo
1051 5060 1199 5103 ortus
1221 5057 1301 5101 est
1337 5065 1348 5098 :
1378 5046 1428 5098 id
1460 5045 1768 5098 testiﬁcatur
1795 5041 1925 5094 l’au-

334 5151 426 5208 ius
483 5166 495 5200 :
551 5167 569 5198 ι
603 5147 731 5200 Nam
775 5147 910 5199 sicut
939 5145 988 5196 in
1020 5143 1186 5196 Adam
1219 5153 1405 5195 omnes
1430 5137 1744 5198 moriuntur,
1779 5135 1847 5186 ita
1874 5142 1929 5186 et

331 5245 390 5299 in
423 5241 640 5295 Christo
663 5254 847 5292 omnes
866 5236 1268 5290 viviﬁcabuntur
1297 5251 1317 5283 ι
1352 5232 1425 5302 (1.
1446 5229 1560 5284 Cor.
1586 5227 1832 5296 15.22).‹
1863 5225 1929 5279 Ει

331 5332 558 5401 accepit
588 5332 725 5384 Deus
753 5330 1045 5394 hominem,
1074 5343 1229 5395 quem
1259 5324 1474 5386 iecerat,
1498 5329 1553 5375 et
1584 5319 1751 5390 posuit
1782 5317 1926 5371 illum

330 5430 389 5484 in
420 5424 671 5494 paradiso
696 5441 714 5474 ι
745 5419 893 5492 (Gen.
919 5417 1100 5488 2.15),
1129 5418 1307 5473 lutulit
1330 5416 1476 5468 illum
1506 5414 1556 5467 in
1585 5419 1820 5481 paratam
1843 5409 1928 5462 do-

333 5534 517 5579 mum.
550 5513 1007 5583 Quemadmodum
1039 5513 1081 5567 is
1101 5553 1113 5576 ,
1141 5511 1228 5580 qui
1255 5511 1482 5577 aliquem
1506 5508 1690 5560 invitat
1715 5505 1778 5556 ad
1802 5519 1930 5557 con-

336 5611 586 5674 vivium,
631 5607 804 5676 primo
849 5611 1068 5672 apparat
1105 5601 1279 5668 aedes,
1319 5609 1372 5652 et
1410 5609 1531 5652 tunc
1575 5595 1777 5651 inducit
1806 5609 1926 5648 eum

404 5762 488 5818 (τι)
523 5758 743 5813 Scilicet,
777 5756 844 5818 in,
867 5753 1188 5818 incarnatione
1219 5765 1322 5818 sua.
1349 5757 1443 5798 Mos
1463 5758 1557 5818 _cst
1588 5746 1928 5818 reclesiashms

333 5809 669 5885 “sitientibus
689 5809 776 5882 per
795 5816 1210 5880 dispensatumem,
1233 5812 1607 5865 incarnationem
1626 5809 1924 5872 intelligere.

1423 353 1511 409 DE
1549 353 1767 410 MUNDI
1802 341 2192 410 ΕΠΕᾹΤΙΟΝΕ
2229 351 2490 408 ORATIO
2515 353 2576 408 τι.

3497 361 3605 416 478

2023 481 2180 536 quem
2219 465 2461 520 invitavit
2492 485 2506 520 :
2538 467 2622 521 sic
2643 476 2698 522 et
2726 467 3090 540 hi'cquuque:
3118 472 3321 541 paravit
3350 471 3426 528 illi
3457 473 3600 528 ardes

2024 557 2369 627 magniﬁcas,
2427 556 2728 628 paradisum
2759 600 2774 623 ,
2819 569 2874 614 et
2923 562 3001 616 sic
3049 563 3326 618 invitatum
3372 563 3597 619 induxit.

2023 648 2248 704 Ubinam
2297 649 2553 706 formatus
2598 652 2728 705 est?
2769 651 2826 706 lu
2869 663 3004 709 terra
3029 695 3044 722 ,
3084 666 3232 711 extra
3277 657 3598 725 paradisum.

2024 739 2488 806 Quemadmodum
2528 741 2671 796 enim
2701 742 2979 800 luminaria
2999 787 3014 811 ,
3048 746 3174 806 alibi
3201 747 3336 802 facta
3362 759 3486 802 sunt
3505 790 3520 816 ,
3550 758 3600 804 et

2027 831 2194 900 posita
2237 841 2360 886 sunt
2396 833 2451 887 in
2476 834 2610 889 caelo
2642 850 2656 888 :
2683 834 2759 888 sic
2789 844 2843 889 et
2870 835 3036 892 Adam
3061 847 3209 894 extra
3239 841 3493 894 formatus
3520 849 3602 895 est

2026 923 2076 975 in
2121 923 2223 977 alia
2273 934 2427 980 terrae
2472 933 2654 994 parte,
2693 935 2748 980 et
2786 935 2912 982 tunc
2939 927 3180 985 inductus
3205 941 3287 984 est
3314 931 3364 984 in
3394 932 3601 1000 paradi-

2024 1027 2163 1066 sum.
2205 1013 2482 1069 Undenam
2529 1014 2673 1070 hoc?
2717 1016 2805 1071 Ait
2853 1017 3122 1088 Scriptura
3149 1019 3202 1074 in
3228 1021 3604 1091 ﬁne,quando

2025 1105 2227 1171 eiectus
2265 1115 2348 1161 est
2385 1107 2552 1161 Adam
2583 1125 2596 1160 :
2633 1125 2651 1160 ε
2685 1107 2752 1162 Ει
2779 1108 2957 1162 emisit
2986 1109 3124 1164 Deus
3150 1113 3318 1165 Adam
3350 1114 3417 1168 de
3445 1129 3605 1183 para-

2025 1196 2144 1251 diso
2173 1198 2478 1265 voluptatis,
2505 1209 2561 1252 ut
2580 1210 3125 1269 operareturterram,
3143 1203 3211 1258 de
3226 1220 3328 1274 qua
3354 1219 3600 1276 sumptus

2025 1298 2128 1344 est.
2173 1289 2357 1344 Posuit
2385 1290 2531 1344 illum
2569 1292 2620 1344 in
2651 1293 2898 1362 paradiso
2925 1294 3238 1363 voluptatis,
3269 1307 3324 1351 ut
3352 1313 3606 1368 operare-

2027 1387 2113 1432 tur
2140 1389 2195 1434 et
2222 1381 2516 1435 custodiret
2545 1381 2723 1436 illum»
2755 1381 2908 1453 (Gen.
2939 1384 2994 1438 2.
3026 1385 3139 1455 25).
3172 1386 3242 1442 Ut
3272 1401 3604 1458 operaretur.

2026 1467 2162 1534 Quid
2203 1469 2254 1524 in
2299 1471 2545 1540 paradiso
2586 1472 3024 1530 desiderabatur?
3060 1478 3140 1532 sin
3181 1481 3427 1548 operario
3469 1497 3606 1552 opus

2027 1569 2180 1626 erat,
2230 1562 2493 1616 undenam
2537 1565 2815 1618 aratrum?
2861 1566 3001 1622 unde
3024 1569 3123 1621 alia
3154 1571 3493 1638 agricultura:
3520 1574 3607 1627 in-

2026 1652 2357 1706 strumenta?
2379 1652 2598 1721 Operari
2627 1665 2677 1709 et
2703 1656 2973 1713 custodire
3000 1669 3318 1730 praeceptum
3344 1661 3471 1729 Dei,
3501 1664 3608 1717 illi-

2027 1757 2129 1810 que
2168 1742 2428 1807 credere,
2476 1745 2568 1800 Dei
2604 1761 2740 1815 opus
2783 1757 2918 1802 erat.
2957 1750 3046 1802 Ait
3070 1749 3321 1806 Servator
3352 1771 3364 1806 :
3398 1753 3512 1807 Hoc
3536 1766 3609 1810 est

2027 1847 2154 1899 opus
2177 1830 2304 1896 Dei,
2337 1844 2391 1885 ut
2418 1835 2635 1888 credatis
2659 1837 2711 1889 in
2742 1854 2882 1903 eum,
2911 1856 3054 1906 quem
3074 1841 3208 1895 misit
3230 1843 3318 1896 ille
3347 1843 3522 1914 (Joan.
3550 1847 3605 1901 6.

2026 1922 2138 1995 29).
2179 1922 2634 1991 Quemadmodum
2668 1928 2826 1996 igitur
2850 1929 3062 1986 Christo
3087 1934 3309 1988 credere
3335 1951 3469 2004 opus
3492 1947 3574 1991 est
3591 1979 3608 2004 ,

2026 2016 2104 2068 sic
2129 2016 2288 2070 etiam
2320 2017 2540 2072 credere
2565 2032 2828 2090 praacepto
2845 2062 2860 2086 ,
2897 2022 3212 2078 moriturum
3239 2041 3356 2080 esse
3375 2067 3393 2094 ,
3417 2027 3459 2080 si
3486 2030 3609 2082 teti-

2026 2108 2195 2176 gerit;
2227 2109 2485 2163 victurum
2507 2151 2522 2176 ,
2555 2112 2598 2164 si
2631 2126 2735 2165 non
2765 2113 3014 2180 tetigerit.
3052 2119 3198 2186 Opus
3223 2126 3336 2170 erat
3361 2117 3612 2186 spiritua-

2029 2199 2154 2253 lium
2178 2202 2460 2256 verborum
2486 2203 2806 2258 observatio.
2835 2205 2979 2259 Pauli
2999 2221 3134 2274 Opus
3155 2207 3460 2277 quodnam?
3481 2227 3611 2270 num

2026 2292 2254 2361 agricola
2283 2293 2477 2348 Paulus
2506 2295 2667 2349 erat?
2697 2312 2824 2350 num
2851 2298 3006 2350 aliam
3031 2298 3212 2353 habuit
3235 2302 3613 2356 vocationem?

2028 2401 2206 2440 nonne
2249 2395 2414 2440 totum
2455 2387 2571 2457 ejus
2597 2403 2730 2457 opus
2757 2399 2869 2444 erat
2889 2430 2904 2456 ,
2930 2391 3198 2446 verbum?
3224 2409 3398 2448 nonne
3423 2396 3614 2464 pnedi-

2027 2479 2213 2532 calio?
2244 2479 2379 2534 Dicit
2408 2489 2582 2535 tamen
2612 2481 2888 2551 discipulis
2909 2524 2924 2548 ,
2955 2481 3099 2553 Opus
3121 2501 3281 2537 meum
3300 2501 3383 2538 vos
3414 2488 3531 2539 estis
3555 2489 3608 2540 in

2028 2569 2244 2624 Domino
2266 2570 2474 2642 (l.(.'or.
2503 2573 2557 2628 9.
2589 2573 2664 2641 1).
2697 2572 2763 2628 Ut
2793 2584 3108 2642 operaretur,
3141 2577 3339 2647 inquit,
3371 2587 3419 2632 et
3447 2587 3615 2632 custo-

2028 2662 2156 2716 diret
2181 2663 2348 2717 illum.
2380 2665 2428 2718 A
2458 2665 2728 2734 quonam?
2753 2665 2861 2720 Fur
2887 2682 2993 2720 non
3021 2675 3168 2732 erat,
3198 2670 3370 2722 viator
3398 2669 3574 2723 nullus
3594 2711 3610 2736 ,

2028 2755 2304 2810 insidiator
2329 2755 2504 2810 nullus
2533 2775 2544 2811 :
2573 2772 2602 2809 a
2631 2772 2738 2826 quo
2767 2756 3100 2812 custodiret?
3130 2757 3198 2813 Ut
3224 2759 3517 2814 custodiret
3543 2761 3607 2812 il-

2027 2847 2134 2902 lum
2175 2847 2314 2913 sibi;
2355 2863 2424 2902 ne
2455 2850 2831 2918 praevaricatus
2851 2849 3148 2911 amitteret;
3178 2849 3270 2904 sed
3300 2859 3355 2902 ut
3381 2849 3607 2904 manda-

2029 2952 2138 2996 tum
2180 2941 2487 2996 custodiens
2532 2949 2771 2995 servaret
2810 2940 2912 2994 sibi
2960 2941 3280 3011 paradisum.
3333 2941 3446 2997 Una
3491 2957 3612 2997 cum

2029 3049 2158 3088 voce
2185 3048 2336 3087 mens
2361 3033 2578 3087 deﬁcit:
2611 3049 2791 3087 verum
2821 3035 3099 3088 sententiis
3131 3034 3456 3088 insistamus.
3489 3034 3613 3089 Po—

2025 3126 2126 3178 suit
2163 3125 2306 3177 illum
2343 3125 2397 3177 in
2428 3125 2686 3194 paradiso.
2723 3124 2984 3194 Deinceps
3009 3124 3281 3194 Scriptura
3311 3141 3376 3180 ex
3404 3126 3468 3180 iis
3492 3141 3611 3196 quin

2028 3224 2417 3284 praecesserunt
2458 3214 2757 3270 subindicat
2794 3214 2992 3270 futura.
3025 3215 3238 3270 Flavius
3267 3227 3434 3270 autem
3456 3234 3612 3289 egre-

2027 3307 2258 3361 diebatur
2299 3323 2363 3360 ea:
2402 3306 2592 3372 Edem,
2639 3307 2860 3377 irrigans
2906 3308 3195 3377 paradisum
3218 3307 3374 3378 (Gen.
3405 3309 3460 3362 2.
3495 3310 3609 3378 10).

2029 3398 2163 3453 ill-uc
2201 3398 2348 3454 disce
2377 3414 2480 3452 non
2509 3397 2778 3452 hortulum
2811 3397 2975 3453 fuisse
3005 3399 3310 3469 paradisum
3331 3441 3345 3464 ,
3375 3402 3616 3470 angustis

2029 3490 2271 3545 terminis
2295 3490 2775 3558 circumscriptum.
2807 3489 3021 3544 Flavius
3049 3501 3226 3544 tantus
3249 3491 3533 3561 irrigabat,
3557 3502 3614 3545 ttt

2028 3599 2094 3637 ex
2129 3583 2246 3652 ejus
2283 3583 2630 3638 redundantia
2655 3591 2881 3653 quatuor
2906 3582 3048 3636 ﬁuvii
3075 3583 3362 3637 orirentur.
3392 3581 3617 3636 Flavius

2030 3687 2200 3730 autem
2240 3676 2585 3746 egrediebatur
2622 3692 2687 3729 ea:
2735 3674 2894 3728 Edem
2914 3716 2930 3742 ,
2959 3685 3012 3727 ut
3037 3675 3267 3744 irrigaret
3294 3675 3610 3744 paradisum.

2031 3768 2231 3824 Deinde
2258 3777 2532 3838 postquam
2575 3768 2910 3836 irrigaverat,
2944 3765 3279 3820 dividebatur
3306 3767 3356 3818 in
3385 3775 3611 3836 quatuor

2028 3860 2196 3930 capita
2225 3877 2240 3924 ;
2286 3860 2336 3913 iu
2385 3859 2613 3929 Tigrim,
2663 3859 2713 3910 in
2758 3858 2932 3912 Nilum
2954 3897 2970 3922 ,
3005 3858 3054 3910 in
3087 3856 3442 3926 Euphratem,
3475 3867 3529 3911 et
3561 3859 3616 3910 iu

2029 3953 2312 4008 Phisouem
2336 3993 2351 4017 ,
2392 3953 2470 4005 sic
2505 3953 2556 4004 in
2595 3951 2868 4020 Scriptura
2908 3950 3141 4018 dictum,
3170 3964 3326 4019 quem
3354 3964 3492 4003 nunc
3522 3966 3610 4002 vo-

2029 4055 2151 4098 cant
2175 4043 2491 4097 Danubium.

2101 4136 2153 4188 ϐ.
2201 4132 2306 4189 Cur
2337 4145 2438 4185 tam
2474 4134 2572 4187 late
2607 4142 2798 4200 pateret
2822 4131 3119 4202 paradisus,
3148 4147 3262 4184 cum
3285 4132 3446 4183 Adam
3474 4132 3616 4185 solus

2029 4228 2349 4282 inhabitaret.
2400 4226 2696 4280 Flauiorum
2717 4241 2779 4278 ea:
2799 4225 3036 4293 paradiso
3057 4224 3368 4276 titanantium
3389 4222 3619 4292 explica-

2032 4322 2100 4374 tio
2137 4320 2430 4390 singularis.
2462 4348 2533 4357 —
2561 4317 2691 4371 Vide
2735 4315 3155 4386 magnitudinem
3199 4314 3342 4368 ﬂuvii
3372 4314 3524 4368 divisi
3559 4313 3617 4368 in

2032 4425 2258 4484 quatuor
2301 4412 2517 4466 ﬁumina
2565 4428 2579 4463 :
2632 4412 2821 4480 hicque
2865 4409 3010 4463 solus
3057 4409 3239 4477 irrigat
3286 4405 3609 4476 paradisum.

2032 4512 2294 4573 Quorsum
2349 4504 2513 4558 talis?
2561 4503 2705 4558 solus
2754 4510 2874 4556 erat
2917 4502 3121 4563 Adam;
3164 4513 3282 4568 qute
3325 4497 3615 4552 necessitas

2036 4599 2167 4654 tanti
2205 4597 2389 4652 ﬂuvii?
2424 4596 2527 4651 Sed
2573 4611 2677 4649 non
2719 4595 2807 4647 uni
2852 4602 3052 4646 tautunt
3099 4590 3375 4660 paradisus
3401 4599 3617 4658 paratus

2032 4703 2178 4760 erat,
2217 4705 2406 4747 verum
2450 4689 2642 4745 ﬁnibus
2683 4698 2856 4742 terra).
2887 4686 3218 4755 Praiparatus
3244 4691 3360 4737 erat
3387 4681 3613 4750 patriar-

2032 4789 2147 4841 chis
2165 4829 2183 4853 ,
2211 4783 2486 4856 prophetis
2503 4822 2523 4849 ,
2543 4779 2796 4850 apostolis
2816 4820 2830 4841 ,
2854 4775 3198 4846 evangelistis
3219 4814 3234 4839 ,
3265 4772 3610 4843 martyribus,

2033 4878 2428 4936 confessoribus
2449 4875 2666 4936 sanctis,
2697 4871 2964 4936 ﬁdelibus,
2989 4869 3073 4938 pie
3095 4867 3412 4930 viventibus,
3438 4864 3613 4918 omni-

2037 4976 2133 5027 bus
2152 4973 2334 5043 justis.
2360 4970 2416 5026 Si
2438 4969 2578 5023 enim
2606 4965 2796 5021 latroni
2823 4979 2922 5017 una
2951 4961 3080 5016 hora
3112 4957 3384 5015 emiliteuti
3408 4955 3616 5024 paradi-

2034 5081 2150 5118 sum
2187 5064 2439 5119 Servator
2467 5058 2708 5130 promisit
2746 5056 2929 5111 dicens
2971 5070 2985 5106 :
3030 5051 3198 5106 Hodie
3222 5063 3414 5102 mecum
3439 5046 3536 5100 eris
3564 5046 3616 5098 in

2036 5158 2271 5228 paradiso
2317 5155 2466 5229 (an.
2506 5152 2599 5207 25.
2641 5151 2768 5222 45);
2797 5149 2940 5219 quia
2970 5147 3245 5216 iuventute
3272 5142 3612 5201 laborarunt,

2039 5253 2300 5305 Abraham
2323 5291 2336 5315 ,
2385 5249 2528 5302 Isaac
2549 5289 2562 5310 ,
2601 5244 2795 5310 Jacob,
2847 5241 3003 5310 hujus
3038 5238 3127 5313 ﬁlii
3160 5230 3468 5305 patriarchae
3492 5270 3505 5292 ,
3538 5228 3620 5296 (α)

2037 5343 2204 5414 [.Ilum
2239 5342 2418 5409 utique
2437 5347 2560 5392 sunt
2585 5331 2942 5405 consequuti]
2971 5334 3035 5384 At
3064 5338 3188 5382 aute
3212 5327 3309 5379 hos
3329 5336 3516 5376 manes
3541 5325 3615 5372 la-

2036 5411 2120 5487 iro
2144 5432 2444 5501 paradisum
2465 5427 2823 5496 consequitur.
2848 5422 3018 5491 Opera
3047 5434 3172 5484 ergo
3197 5417 3334 5469 Deus
3359 5411 3486 5473 edit,
3509 5426 3614 5463 nou

2037 5527 2151 5595 ejus
2184 5540 2342 5578 causa
2369 5522 2507 5593 quod
2540 5529 2786 5588 apparet,
2821 5517 2912 5570 sed
2939 5513 3055 5580 ejus
3084 5508 3224 5578 quod
3252 5512 3610 5595 ex5pectatur.

2035 5593 2142 5672 Cur
2181 5627 2376 5669 tantam
2421 5623 2578 5668 terra:
2606 5608 2934 5664 latitudinem
2961 5603 3114 5656 feeit?
3142 5616 3208 5654 an
3241 5604 3454 5668 propter
3475 5593 3615 5647 Ada-

2038 5727 2180 5765 munt
2203 5749 2216 5771 ,
2263 5723 2330 5762 an
2370 5716 2584 5775 propter
2622 5718 2714 5756 eos
2754 5699 2842 5768 qui
2875 5697 3017 5750 illam
3045 5708 3184 5747 nunc
3216 5685 3612 5746 inhabitabant!

2107 5804 2178 5864 (ιι)
2214 5809 2322 5861 Quae
2349 5799 2533 5850 unt-iui:
2554 5794 2856 5852 clauduntur,
2882 5789 3061 5838 desunt
3085 5787 3132 5834 iu
3154 5791 3333 5834 Graeco.
