4074 6308
466 407 567 463 179

464 531 592 586 Inde
616 525 853 580 dividitur
880 524 930 575 in
959 529 1169 589 quatuor
1199 516 1471 588 principia.
1503 512 1614 565 Non
1637 509 1802 569 dixit,
1832 506 1885 559 In
1914 518 2045 575 qua-

466 634 584 677 tuor
628 632 857 688 espansa
896 613 1109 667 ﬂumina
1130 651 1146 675 ,
1194 608 1287 663 sed
1334 610 1389 661 in
1417 617 1643 675 quatuor
1672 599 1925 671 principia
1953 639 1967 663 ,
1994 597 2045 651 id

470 722 552 769 est
576 754 591 778 ,
631 710 824 763 fontes.
853 705 1056 759 Nomen
1087 701 1173 755 uni
1200 700 1430 763 Phison,
1459 712 1617 767 quem
1649 692 1806 747 modo
1835 689 2048 744 diceba-

466 822 583 861 mus
613 822 628 870 ;
664 801 856 857 deinde
884 798 1068 855 Gehon
1095 839 1109 861 ,
1149 795 1233 849 hic
1263 804 1344 849 est
1370 793 1537 847 Nilus.
1568 789 1754 846 Gehon
1779 797 1927 842 vetus
1954 801 2049 838 no—

466 916 584 954 men
623 897 739 965 ejus
779 902 861 947 est
897 909 911 946 :
952 890 1005 949 id
1040 888 1348 944 testiﬁcatur
1385 882 1643 939 Jeremias
1663 880 1847 935 dicens
1872 898 1885 934 :
1915 877 2049 941 Quid

466 998 553 1050 tibi
583 1005 628 1049 et
657 995 749 1047 via:
773 988 1010 1061 lEgypti,
1034 997 1088 1040 ut
1113 986 1251 1040 bibas
1276 998 1457 1052 aquam
1481 979 1654 1033 Ge/ton
1677 977 1810 1050 (Jer.
1837 975 1891 1028 2.
1922 972 2049 1043 l8)?

466 1089 561 1141 llic
608 1084 841 1139 animum
887 1079 1099 1134 adhibe.
1146 1076 1330 1144 Cogita
1375 1073 1514 1125 hunc
1557 1084 1677 1124 esse
1720 1066 2043 1136 paradisum.

469 1180 592 1232 llaec
619 1177 760 1231 enim
786 1173 972 1227 melius
992 1179 1207 1239 aspectu
1229 1180 1385 1237 quam
1410 1162 1574 1217 verbo
1598 1166 1896 1214 traduntur.
1922 1158 2051 1211 Pro-

466 1270 544 1323 dit
585 1270 770 1337 ingens
811 1265 1035 1327 ﬂuvius,
1080 1261 1299 1329 c0pioso
1344 1255 1592 1325 praeditus
1631 1254 1895 1315 alvco,et
1918 1250 2052 1317 rigat

469 1360 797 1430 paradisum.
842 1356 969 1410 lude
1017 1355 1068 1407 in
1114 1344 1821 1415 subterraneumquemdam
1851 1343 2049 1394 hiatum

470 1451 661 1516 fertur,
692 1451 1110 1515 immensamque
1133 1444 1232 1497 sub
1259 1452 1397 1495 terra
1420 1447 1661 1510 penetrat
1682 1435 1848 1498 viam,
1874 1444 1928 1487 ut
1954 1448 2051 1487 no-

472 1546 549 1599 \it
578 1545 620 1598 is
650 1543 736 1614 qui
769 1542 903 1595 viam
932 1538 1115 1593 stravit
1144 1537 1395 1591 Dominus
1424 1551 1438 1585 :
1471 1532 1748 1601 ﬂuxusque
1774 1530 1865 1584 diu
1892 1531 2051 1594 latet,

468 1650 631 1709 atque
664 1639 713 1690 in
742 1636 949 1690 diversa
982 1635 1090 1686 loca
1119 1631 1403 1695 dividitur,
1436 1628 1803 1694 inveniturque
1833 1623 1970 1676 alius
2002 1625 2054 1674 in

472 1731 775 1799 Aﬂthiopia,
819 1728 953 1781 alius
990 1727 1040 1780 in
1082 1725 1355 1778 occidente
1378 1763 1392 1787 ,
1424 1720 1557 1774 alius
1587 1719 1637 1771 in
1668 1718 1873 1771 oriente
1897 1758 1911 1782 ,
1945 1716 2055 1769 Deo

471 1826 550 1879 sic
581 1839 675 1892 per
699 1823 1103 1876 subterraneum
1132 1816 1341 1870 alveum
1371 1813 1630 1875 trahente,
1660 1809 1939 1880 primoque
1960 1807 2057 1860 ﬂu-

473 1917 560 1969 vio
596 1923 875 1968 extraneos
916 1910 1089 1964 fontes
1134 1916 1376 1962 curante.
1411 1905 1516 1959 Cur
1544 1904 1612 1957 ita
1632 1903 1654 1955 ?
1678 1901 1755 1955 Ne
1776 1900 2054 1955 ﬂuviorum

475 2008 697 2076 vestigia
739 2013 1053 2074 sequentes,
1100 2000 1401 2071 paradisum
1431 1996 1759 2057 invenirent,
1790 2009 1855 2047 ue
1882 2000 2058 2061 posset

478 2099 779 2152 hominibus
824 2097 1035 2165 pervius
1082 2108 1219 2147 esse.
1250 2091 1382 2146 Nam
1409 2090 1454 2144 si
1484 2103 1548 2143 eo
1579 2088 1681 2142 iter
1706 2102 1824 2141 esse
1856 2093 2054 2155 posset,

478 2207 637 2248 nemo
662 2204 782 2246 ante
809 2191 999 2244 divites
1031 2187 1329 2258 paradisum
1363 2184 1622 2238 inveniret
1657 2199 1671 2234 :
1704 2196 1886 2235 verum
1919 2179 2057 2232 Deus

477 2287 701 2342 occlusit
724 2298 825 2339 tam
855 2281 1173 2353 pauperibus
1198 2319 1212 2339 ,
1240 2293 1396 2349 quam
1424 2275 1693 2337 divitibus,
1724 2282 1780 2326 ut
1808 2272 1919 2325 sola
1949 2272 2059 2323 vir-

481 2390 590 2434 tute
618 2380 752 2432 viam
799 2377 1112 2430 invenirent.
1144 2374 1407 2440 Quantum
1436 2369 1631 2423 laboris
1658 2381 1941 2435 suscepere
1970 2379 2061 2433 pa-

483 2470 758 2535 triarchae,
801 2467 1102 2537 prephetce,
1152 2462 1350 2528 sancti,
1385 2470 1681 2530 qumrentcs
1717 2457 2016 2527 paradisum
2043 2497 2059 2522 ,

481 2580 580 2617 nec
602 2564 938 2616 invenerunt.
965 2560 1125 2613 Latro
1148 2598 1160 2619 ,
1194 2556 1281 2626 qui
1306 2556 1358 2608 in
1386 2554 1472 2607 illa
1502 2557 1583 2605 via
1616 2567 1721 2605 non
1749 2552 2059 2614 incesserat,

481 2656 576 2710 sed
618 2654 874 2717 credidit,
916 2667 1040 2707 vere
1070 2651 1205 2702 viam
1235 2647 1433 2703 invenit
1455 2687 1468 2711 ,
1501 2662 1621 2700 eum
1650 2657 1842 2712 nempe
1868 2641 1955 2711 qui
1985 2640 2065 2694 di-

482 2750 589 2815 xit,
640 2747 750 2818 Ego
795 2763 904 2799 sum
934 2745 1033 2798 ria.
1060 2742 1265 2798 Invenit
1295 2739 1595 2809 paradisum
1618 2778 1632 2799 ,
1662 2751 1817 2805 quem
1849 2734 2062 2788 inobse-

484 2842 698 2910 qucutia
731 2841 902 2908 primo
933 2835 1132 2890 homini
1160 2832 1382 2887 occlusit
1410 2829 1586 2901 (Joan.
1617 2829 1701 2882 14.
1732 2828 1810 2896 6).
1841 2825 2063 2879 Causam

486 2944 661 2987 autem
719 2948 900 3001 quer
954 2945 1050 2982 cur
1098 2923 1553 2993 historiographus
1583 2963 1597 2986 ,
1650 2924 2066 2973 commemorato

490 3026 660 3094 primo
704 3022 862 3077 ﬂuvio
882 3063 896 3087 ,
922 3019 1116 3074 dixerit
1145 3037 1157 3071 :
1186 3016 1268 3069 Ibi
1293 3026 1363 3070 est
1396 3030 1577 3068 aurum
1604 3013 1815 3074 bonum,
1847 3010 2065 3062 carbun-

486 3119 629 3172 culus
668 3126 714 3169 et
752 3115 881 3184 lapis
906 3112 1139 3183 prasinus
1166 3109 1316 3178 (Gen.
1346 3109 1401 3161 2.
1429 3107 1541 3176 l2).
1573 3106 1624 3160 Si
1658 3119 1874 3173 prorsus
1902 3111 2068 3156 terra-

489 3226 606 3264 rum
655 3208 837 3261 orbem
881 3204 1237 3267 describeret,
1267 3205 1538 3269 Oporteret
1575 3212 1702 3251 sane
1740 3196 1792 3249 in
1834 3193 2067 3264 qualibet

489 3302 707 3370 regione
743 3298 922 3351 dicere
949 3311 1066 3364 qua:
1094 3294 1199 3348 illic
1230 3294 1366 3346 bona
1398 3291 1697 3354 orirentur,
1729 3284 2063 3353 smaragdos,

490 3395 833 3467 hyacinthos,
868 3391 954 3444 ubi
988 3388 1273 3459 topazium,
1308 3387 1393 3439 ubi
1418 3386 1641 3439 diversae
1664 3382 1765 3436 illae
1792 3381 2063 3444 materire;

491 3487 585 3542 sed
615 3502 799 3539 aurmn
829 3490 1029 3537 tantum
1055 3497 1117 3535 ac
1144 3481 1277 3534 duos
1307 3479 1509 3548 lapides
1535 3477 1788 3540 assumit,
1822 3471 2067 3527 sacerdo-

490 3579 546 3633 tii
577 3578 852 3648 primitias,
877 3579 995 3646 quia
1025 3574 1274 3629 sacerdos
1299 3586 1512 3625 auream
1541 3570 1785 3623 laminam
1806 3566 2065 3637 gestabat,

490 3677 542 3727 iu
588 3689 689 3742 qua
739 3671 833 3725 Dei
873 3684 1066 3723 nomen
1094 3676 1209 3722 erat
1243 3665 1573 3734 inscriptum.
1600 3663 1764 3716 Erant
1790 3658 2066 3713 duodecim

493 3766 691 3834 lapides
738 3778 896 3833 supra
940 3760 1232 3816 sacerdotis
1274 3766 1485 3828 pectus,
1528 3755 1768 3819 sardius,
1799 3750 2067 3821 topazius,

491 3855 799 3925 smaragdus
820 3897 835 3921 ,
866 3852 1217 3909 carbunculus
1235 3891 1249 3913 ,
1278 3848 1587 3918 sapphirus,
1605 3847 1773 3917 jaspis
1792 3885 1805 3908 ,
1830 3843 2065 3914 ligurius,

492 3949 736 4011 achates,
782 3946 1112 4016 amethystus
1137 3985 1151 4007 ,
1200 3941 1592 4012 chrysolitlius.
1631 3937 1895 4009 beryllus,
1930 3949 2070 4005 onyx

497 4036 688 4110 (Exod.
732 4036 819 4090 28.
852 4036 1059 4105 17.20).
1093 4035 1172 4088 Ex
1198 4033 1281 4086 his
1307 4030 1584 4086 duodecim
1616 4028 1876 4097 lapidibus
1906 4025 2069 4095 prasi-

496 4144 595 4182 nus
632 4138 936 4196 segrcgatus
975 4135 1055 4180 est
1087 4125 1244 4179 tribui
1269 4123 1615 4187 sacerdotali,
1645 4132 1697 4175 et
1722 4119 2073 4175 carbunculus

494 4222 674 4291 regim.
717 4219 851 4287 Quid
890 4220 959 4273 ita
983 4219 1004 4271 ?
1031 4219 1160 4285 Quia
1188 4218 1322 4287 ignis
1349 4218 1617 4287 proprium
1646 4223 1726 4268 est
1752 4229 1904 4268 urere
1930 4222 1983 4266 et
2012 4213 2074 4265 il-

496 4317 753 4370 luminare
801 4332 814 4368 :
860 4313 1102 4383 regisque
1146 4313 1417 4381 proprium
1446 4308 1756 4363 benefacere
1784 4316 1837 4362 et
1864 4307 2069 4376 punire.

497 4408 652 4462 Ponit
674 4407 863 4461 Ruben
891 4407 1112 4475 primam
1143 4405 1335 4458 tribum
1364 4403 1416 4456 in
1446 4401 1638 4464 sardio,
1671 4400 1989 4470 Symeonem
2019 4398 2071 4452 in

497 4499 730 4569 topazio,
765 4498 887 4552 Levi
917 4498 968 4551 in
992 4496 1163 4565 lapide
1185 4495 1398 4565 prasino
1420 4536 1433 4559 ,
1463 4491 1654 4547 Judam
1670 4534 1684 4556 ,
1708 4507 1775 4545 ex
1799 4506 1902 4560 quo
1922 4488 2075 4544 Chri-

500 4601 632 4653 stus,
664 4591 712 4641 in
741 4587 1059 4642 carbunculo
1084 4585 1393 4641 rubicundo.
1425 4584 1580 4638 Certe
1606 4582 1763 4636 Isaias
1794 4590 1910 4649 post
1935 4580 2073 4633 ntul-

500 4693 550 4733 ta
599 4679 775 4746 elapsa
798 4688 1033 4747 tempora
1060 4676 1187 4731 dicit
1205 4675 1549 4746 Jerosolyma:
1580 4692 1591 4728 :
1616 4670 1682 4726 In
1704 4673 1932 4726 manibus
1957 4672 2076 4724 meis

500 4770 705 4838 depinxi
726 4784 892 4820 muros
916 4777 1045 4832 tuos,
1073 4777 1118 4820 et
1141 4768 1194 4820 in
1219 4775 1481 4834 conspectu
1510 4781 1616 4818 meo
1633 4782 1683 4818 es
1710 4780 1925 4833 semper.
1949 4762 2076 4814 Ecce

502 4876 731 4932 praepara
759 4858 1116 4912 carbunculum
1143 4858 1361 4927 lapidem
1384 4867 1520 4910 tuum
1538 4856 1688 4928 (lsai.
1714 4856 1801 4910 49.
1824 4855 2072 4909 164.454.

502 4956 589 5027 ll)
612 4996 625 5018 ,
656 4954 989 5007 Scrvatorem
1019 4949 1340 5019 signiﬁcans.
1377 4948 1506 5002 Ecce
1532 4949 1662 5002 enim
1687 4987 1702 5011 ,
1749 4946 1951 5015 inquit,
1981 4962 2077 5013 po-

502 5062 618 5098 nam
645 5047 699 5097 in
728 5044 853 5097 Sion
881 5041 1098 5111 lapidem
1133 5041 1457 5110 angularem,
1491 5043 1727 5102 electum,
1759 5038 2026 5107 pretiosum
2058 5056 2077 5090 :

499 5147 545 5191 et
592 5138 679 5207 qui
721 5136 887 5189 credet
916 5134 966 5185 in
996 5148 1108 5185 eum
1127 5172 1141 5195 ,
1175 5148 1275 5184 non
1301 5131 1635 5200 confundetur
1662 5128 1812 5200 (Isai.
1844 5128 1935 5182 28.
1967 5129 2076 5196 16).

502 5230 862 5287 Carbunculus
904 5241 1031 5295 ergo
1060 5232 1362 5294 segregatus
1388 5233 1468 5276 est
1494 5223 1652 5292 regiae
1681 5221 1838 5275 tribui
1867 5237 1881 5284 ;
1909 5220 2079 5290 prasi-

505 5338 604 5378 nus
651 5319 961 5377 sacerdotali
1010 5334 1023 5371 :
1064 5332 1185 5372 nam
1232 5314 1507 5392 sacerdotii
1549 5323 1630 5367 est
1653 5323 1799 5367 recte
1836 5319 2075 5384 πράττειν,

504 5430 679 5486 agere.
722 5418 762 5467 A
792 5413 951 5467 ﬂuvio
978 5410 1069 5465 illo
1096 5409 1415 5463 dirimuntur
1438 5416 1661 5475 quatuor
1684 5406 1854 5459 fontes
1879 5405 2081 5458 ﬂuvio-

507 5521 643 5559 rum.
673 5505 779 5559 Cur
807 5518 932 5572 ergo
953 5516 1087 5570 aqua
1109 5514 1292 5555 eorum
1320 5513 1425 5550 non
1446 5497 1662 5565 mqualis
1682 5495 1801 5550 est?
1825 5496 2082 5563 Quaerunt

507 5597 646 5649 enim
676 5597 893 5649 studiosi
916 5637 930 5658 ,
962 5594 1007 5648 si
1030 5593 1098 5647 ab
1122 5607 1226 5647 uno
1253 5590 1411 5644 ﬂuvio
1432 5632 1445 5655 ,
1474 5602 1559 5641 aut
1583 5590 1649 5641 ab
1671 5603 1775 5641 uno
1796 5586 1961 5650 fonte,
1986 5602 2081 5641 cur

511 5702 616 5742 nou
664 5704 767 5740 una
812 5689 1046 5741 omnium
1085 5684 1353 5756 qualitas?
1384 5681 1519 5747 Quid
1548 5697 1674 5751 ergo
1700 5681 1775 5735 rei
1801 5685 1924 5734 est?
1954 5680 2087 5734 Afﬁ-

509 5780 722 5833 ciuntur
748 5778 1039 5832 secundum
1070 5786 1286 5841 terram,
1315 5787 1368 5832 et
1391 5773 1673 5845 qualitates
1701 5774 1958 5838 locorum,
1992 5790 2083 5840 per

508 5886 627 5943 qua:
653 5876 942 5924 transeunt.
966 5869 1419 5935 Quemadmodum
1446 5868 1557 5937 ipsa
1588 5882 1719 5938 aqua
1743 5883 1900 5924 unam
1928 5867 2084 5924 habet

1895 384 2256 440 SEVERIANI

3636 397 3736 455 480

2153 512 2397 560 naturam
2444 516 2497 560 et
2540 508 2885 578 qualitatem,
2938 508 3032 564 sed
3076 512 3120 564 si
3147 511 3503 571 absinthium.
3531 512 3579 567 si
3608 530 3738 569 ane-

2156 596 2335 663 thum,
2363 598 2410 653 si
2436 608 2550 652 ruta
2581 598 2884 654 infundatur
2903 643 2918 664 ,
2947 601 3105 654 aliam
3137 602 3362 671 acquirit
3384 601 3695 672 qualitatem
3719 622 3737 672 ;

2154 702 2219 741 ac
2243 698 2429 743 natura
2459 690 2670 759 quidem
2700 706 2803 745 una
2823 732 2838 757 ,
2869 691 2962 746 sed
2989 693 3223 747 materia:
3254 702 3625 749 transmutant.
3650 695 3742 750 Sic

2154 784 2313 837 etiam
2341 780 2394 836 in
2424 782 2627 849 ﬂuviis,
2651 785 2768 853 quia
2802 799 2895 853 per
2914 793 3163 838 extranea
3188 786 3298 839 loca
3327 796 3576 853 manant;
3605 787 3744 842 alius

2158 888 2252 941 per
2291 882 2513 940 terram,
2564 890 2680 945 qua:
2720 874 2984 929 diversam
3025 875 3184 930 habet
3224 877 3567 946 qualitatem,
3608 878 3746 932 alius

2156 978 2253 1032 per
2274 965 2429 1019 aliam
2451 1005 2465 1030 ,
2498 980 2528 1019 a
2557 967 2684 1020 locis
2711 966 3028 1021 inﬁciuntur.

2228 1057 2280 1109 7.
2310 1056 2407 1111 Ubi
2438 1072 2466 1109 a
2494 1057 2755 1126 positione
2787 1058 3021 1111 locorum
3054 1058 3269 1111 ﬂumina
3298 1058 3638 1128 qualitatibus
3662 1060 3745 1114 af-

2157 1152 2373 1215 fecerat,
2400 1151 2612 1205 demum
2659 1153 2715 1205 in
2756 1152 2999 1220 paradiso
3026 1154 3149 1205 facit
3183 1151 3344 1204 Omne
3388 1153 3578 1222 lignum
3622 1153 3744 1224 pul-

2157 1244 2334 1295 chrum
2356 1244 2483 1309 visu,
2513 1252 2559 1296 et
2586 1243 2653 1295 ad
2681 1260 2843 1297 escam
2861 1260 3011 1299 suave
3037 1243 3185 1309 (Gen.
3216 1244 3269 1297 2.
3296 1242 3372 1313 9).
3402 1244 3556 1299 Prius
3574 1254 3746 1299 trans~

2156 1335 2418 1404 gressoris
2461 1336 2857 1390 excusationem
2912 1336 3144 1391 abstulit.
3188 1337 3321 1401 Quia
3351 1338 3491 1389 enim
3533 1338 3600 1391 de
3630 1354 3749 1391 mu-

2158 1429 2292 1484 liere
2315 1429 2467 1495 dixit,
2514 1428 2650 1482 Vidit
2694 1430 2872 1482 mulier
2912 1430 3129 1500 lignum,
3155 1428 3290 1499 quod
3320 1430 3591 1499 pulchrum
3635 1432 3747 1483 visu

2160 1535 2305 1592 esset,
2345 1539 2389 1579 et
2417 1525 2484 1577 ad
2513 1525 2808 1579 vescendum
2833 1540 2985 1577 suave
3014 1522 3163 1593 (Gen.
3194 1525 3246 1578 5.
3276 1522 3331 1589 6.)
3360 1541 3372 1577 :
3404 1540 3470 1577 ne
3499 1524 3619 1592 quis
3649 1540 3745 1591 pn-

2162 1628 2317 1681 taret,
2342 1620 2479 1674 inter
2502 1619 2601 1671 alia
2630 1619 2767 1687 ligna
2798 1618 2899 1672 hoc
2927 1618 3097 1671 solum
3126 1618 3377 1670 decorum
3404 1616 3585 1682 fuisse,
3610 1615 3752 1671 hanc

2163 1712 2524 1781 praestantiam
2562 1712 2808 1764 omnibus
2851 1711 3025 1764 inesse
3064 1708 3372 1763 testiﬁcatus
3400 1716 3505 1776 est,
3544 1718 3598 1763 et
3629 1709 3749 1763 visu

2160 1802 2440 1871 elegantia,
2470 1811 2523 1855 et
2548 1801 2700 1855 valde
2727 1802 2883 1866 bona,
2919 1810 2975 1853 ut
2999 1801 3169 1854 discas
3197 1816 3317 1853 eum
3351 1816 3455 1854 non
3484 1815 3549 1854 ex
3577 1816 3748 1870 penu-

2161 1896 2237 1948 ria
2282 1903 2668 1963 transgressum
2714 1908 2863 1956 esse,
2908 1893 3000 1946 sed
3029 1893 3078 1945 in
3125 1891 3390 1947 afﬂuentia
3438 1908 3559 1946 cum
3606 1902 3755 1947 esset

2163 1997 2481 2056 pros:ratum
2509 1985 2690 2038 fuisse.
2712 1984 2778 2038 Et
2802 1986 2993 2054 lignum
3019 1986 3152 2048 vitm,
3181 1983 3368 2053 inquit,
3386 1985 3439 2037 in
3466 1985 3627 2037 medio
3654 2003 3747 2054 pa-

2163 2078 2340 2140 radisi,
2370 2087 2415 2129 et
2444 2078 2634 2147 lignum
2662 2078 2879 2129 scientia:
2902 2074 3019 2129 boni
3044 2085 3090 2129 et
3115 2076 3235 2129 mali
3258 2075 3406 2147 (Gen.
3434 2076 3488 2129 2.
3518 2074 3594 2147 9).
3626 2075 3750 2129 Tria

2165 2171 2423 2238 lignorum
2468 2169 2776 2224 discrimina
2807 2187 2819 2223 :
2851 2169 2951 2222 alia
2984 2169 3057 2222 illi
3102 2168 3221 2222 data
3254 2178 3396 2233 sunt,
3424 2178 3481 2223 ut
3509 2170 3748 2233 viveret;

2163 2262 2286 2321 alia,
2320 2270 2375 2314 ut
2414 2261 2549 2315 bene
2590 2261 2824 2325 viveret;
2866 2261 2989 2326 alia,
3037 2271 3094 2314 ut
3122 2276 3332 2329 semper
3372 2262 3593 2316 viveret.
3620 2262 3755 2315 Erat

2166 2353 2303 2407 unde
2327 2354 2461 2407 bene
2488 2353 2705 2417 viveret,
2734 2370 2799 2408 ex
2822 2353 3013 2423 quibus
3039 2352 3198 2407 edere
3226 2353 3446 2418 licebat;
3476 2363 3587 2408 erat
3612 2354 3750 2409 unde

2166 2446 2302 2500 bene
2329 2446 2621 2508 viveret,ex
2653 2444 2950 2513 prohibitis.
2982 2445 3195 2499 Poterat
3218 2446 3357 2499 enim
3389 2446 3523 2500 bene
3546 2447 3750 2510 vivere,

2167 2538 2209 2591 si
2238 2539 2494 2607 tetigisset
2523 2553 2628 2591 non
2660 2538 2943 2607 prohibita,
2975 2546 3147 2592 etnon
3182 2539 3437 2609 tetigisset
3469 2539 3750 2608 prohibita.

2166 2629 2296 2684 lllud
2327 2639 2441 2685 erat
2477 2630 2611 2685 bene
2636 2631 2832 2695 vivere,
2873 2630 2980 2685 Deo
3009 2631 3251 2701 obsequi.
3286 2630 3520 2686 Positum
3548 2642 3665 2686 erat
3694 2633 3757 2685 li-

2167 2737 2325 2792 gnum
2354 2723 2473 2775 vilze
2500 2723 2549 2774 in
2593 2722 2788 2787 medio,
2816 2721 2966 2791 quasi
2999 2724 3305 2790 prazmium;
3341 2722 3537 2792 lignum
3578 2725 3755 2777 scien-

2171 2815 2256 2868 tize
2279 2855 2294 2877 ,
2324 2824 2382 2868 ut
2411 2814 2677 2883 pala-stra,
2710 2824 2768 2868 ut
2812 2814 3163 2884 gymnasium.
3192 2813 3247 2867 Si
3300 2813 3598 2867 mandatum
3641 2829 3757 2866 ser-

2168 2921 2261 2960 ves
2281 2908 2419 2960 circa
2447 2907 2643 2975 lignum
2671 2906 2793 2973 hoc,
2832 2906 3029 2974 accipis
3060 2906 3358 2974 praemium.
3388 2912 3462 2959 Ac
3489 2904 3608 2958 vide
3657 2906 3757 2957 mi-

2170 3001 2427 3055 raculum.
2462 2999 2692 3054 Paradisi
2722 3000 2859 3069 ligna
2884 2998 3081 3063 omnia,
3106 2998 3297 3067 ubique
3320 2999 3368 3051 in
3398 2998 3616 3051 circuitu
3637 3010 3759 3051 Ver-

2171 3093 2380 3153 nantia,
2438 3092 2630 3160 ubique
2680 3090 2946 3145 fructifera
2997 3107 3009 3142 :
3059 3088 3163 3143 duo
3214 3099 3417 3143 tantum
3472 3090 3524 3143 in
3583 3089 3757 3143 medio

2170 3192 2337 3247 erant,
2370 3182 2434 3235 ad
2457 3183 2785 3253 gymnasium
2815 3191 2867 3235 et
2894 3181 3139 3235 stadium.
3170 3180 3299 3248 Quae
3335 3181 3385 3233 in
3416 3180 3637 3235 circuitu
3664 3179 3757 3233 ali-

2171 3284 2407 3329 mentum
2452 3273 2776 3344 pracbehant.
2826 3272 3020 3326 Verum
3072 3272 3508 3343 transgressionis
3548 3282 3600 3327 et
3634 3272 3755 3342 ligni

2170 3381 2348 3421 sermo
2388 3366 2529 3420 aliud
2557 3366 2608 3419 in
2641 3376 2848 3434 tempus
2875 3372 3204 3429 reservetur;
3231 3364 3554 3433 propositum
3584 3373 3759 3417 autem

2174 3459 2273 3512 hoc
2295 3458 2402 3527 jam
2445 3468 2525 3511 est
2558 3475 2570 3509 :
2602 3456 2815 3510 adducit
2852 3457 2989 3510 Deus
3015 3456 3259 3509 animalia
3305 3456 3482 3509 omnia
3509 3455 3574 3509 ad
3625 3455 3758 3508 Ada-

2174 3566 2337 3605 mum.
2397 3549 2623 3603 Audiam
2652 3548 2881 3603 haeretici
2914 3565 2927 3601 :
2962 3562 3059 3603 nec
3104 3548 3314 3602 mireris
3357 3549 3402 3601 si
3440 3547 3508 3601 ad
3554 3547 3763 3616 singula.

2175 3645 2352 3710 dicta,
2393 3644 2460 3697 ad
2505 3644 2738 3713 singulas
2782 3656 2939 3696 voces
2984 3652 3168 3695 contra
3216 3640 3494 3695 haereticos
3539 3649 3754 3710 agatur;

2172 3752 2269 3806 per
2323 3751 2536 3790 omnem
2600 3735 2741 3790 enim
2809 3735 3143 3789 occasionem
3204 3733 3666 3802 reprehenduntur
3723 3732 3754 3785 ii

2175 3828 2263 3897 qui
2320 3837 2503 3881 contra
2560 3827 2847 3896 gloriosum
2893 3842 3113 3893 regnum
3160 3825 3455 3894 insurgunt.
3494 3823 3653 3892 Lapis
3700 3839 3758 3876 ex

2175 3935 2319 3972 muro
2362 3919 2545 3971 clamat
2581 3916 2802 3987 (Ilabac.
2845 3916 2898 3969 2.
2933 3918 3050 3988 ll);
3086 3932 3190 3970 non
3236 3916 3375 3980 dico,
3423 3916 3645 3971 verbum
3692 3930 3758 3969 ex

2178 4012 2474 4081 Scriptura,
2521 4010 2637 4064 Iota
2666 4028 2844 4075 unum,
2872 4021 2958 4063 aut
2988 4027 3113 4063 unus
3139 4026 3267 4080 apex
3294 4009 3503 4081 (Matth.
3552 4010 3604 4065 5.
3647 4008 3755 4077 18),

2180 4106 2456 4159 hmrcticos
2490 4105 2782 4175 inculpatos
2822 4121 2922 4157 non
2951 4105 3163 4166 sinunt;
3214 4104 3281 4156 ab
3321 4103 3565 4157 omnibus
3607 4117 3760 4155 accu-

2178 4206 2363 4250 santur
2408 4195 2495 4266 qui
2535 4206 2729 4265 negant
2757 4195 2989 4250 omnium
3035 4195 3335 4248 Dominum.
3389 4192 3771 4248 Animadverte

2181 4290 2356 4359 igitur.
2384 4289 2575 4343 Videre
2598 4298 2713 4342 erat
2731 4303 2843 4343 rem
2866 4287 3203 4357 stupendam,
3227 4286 3487 4340 Adamum
3511 4296 3759 4354 stantem,

2180 4392 2234 4436 et
2272 4383 2437 4436 Demn
2483 4382 2633 4451 quasi
2662 4382 2959 4435 ministrum
2989 4380 3054 4433 ad
3084 4378 3345 4433 Adamum
3386 4377 3756 4432 adducentem.

2182 4475 2398 4529 Addurit
2426 4475 2567 4529 enim
2596 4474 2733 4527 Deus
2758 4474 3018 4526 animalia.
3051 4472 3146 4525 llic
3187 4470 3420 4538 attende,
3466 4484 3572 4523 non
3602 4469 3757 4537 dicta,

2183 4567 2273 4621 sed
2316 4567 2652 4621 sententiam.
2694 4564 2878 4634 Cogita
2907 4564 3072 4618 Deum
3103 4572 3354 4625 stantem,
3403 4570 3457 4615 et
3498 4561 3764 4615 Adamum

2184 4658 2567 4726 explorantem.
2591 4655 2824 4710 Adduxit
2850 4655 2987 4708 Deus
3012 4652 3209 4715 omnia,
3238 4651 3442 4705 Adamo
3462 4649 3601 4704 dixit
3622 4650 3766 4703 verbi

2184 4750 2351 4818 gratia
2382 4766 2394 4802 :
2427 4749 2543 4816 Quo
2578 4747 2792 4800 nomine
2823 4745 2909 4799 hic
2939 4744 3029 4798 tibi
3073 4743 3279 4797 videtur
3307 4740 3577 4796 vocandus
3605 4738 3772 4794 esse?

2188 4842 2338 4910 Isque
2367 4842 2441 4894 ait
2473 4857 2485 4892 :
2536 4839 2764 4891 Vocetur
2809 4837 2911 4891 leo.
2948 4836 3058 4889 Iloc
3103 4835 3241 4888 Deus
3267 4833 3460 4887 sanxit.
3508 4831 3607 4885 Hic
3638 4844 3768 4885 vero

2187 4951 2291 5003 quo
2322 4933 2578 4987 nomine?
2605 4931 2808 4985 Taurus
2844 4938 3078 4983 vocetur.
3105 4927 3268 4983 Recte
3296 4925 3545 4981 statuisti.
3572 4922 3768 4979 Simili-

2190 5040 2372 5098 terque
2399 5026 2721 5095 singulorum
2754 5024 2967 5078 nomina
2995 5022 3134 5075 Deus
3163 5019 3477 5090 obsignavit.
3506 5018 3596 5070 Ait
3627 5017 3777 5069 enim

2187 5124 2458 5194 Scriptura
2491 5141 2503 5175 :
2536 5120 2765 5173 Adduxit
2792 5135 2851 5171 ea
2877 5118 2942 5169 ad
2970 5116 3157 5180 Adam,
3193 5124 3245 5166 ut
3277 5114 3483 5177 videret,
3526 5110 3651 5180 quid
3679 5126 3767 5163 vo-

2190 5227 2324 5269 caret
2350 5232 2423 5268 ea.
2458 5212 2526 5266 Et
2571 5228 2716 5265 omne
2751 5208 2884 5280 quod
2913 5208 3103 5262 vocavit
3132 5206 3314 5271 Adam,
3347 5204 3440 5256 hoc
3476 5213 3548 5256 est
3587 5218 3769 5255 nomen

2190 5311 2315 5377 ejus.
2353 5306 2501 5361 Vide.
2536 5305 2667 5373 Quia
2698 5304 2763 5357 ad
2809 5301 3091 5370 imaginem
3124 5300 3294 5368 ipsum
3335 5304 3632 5359 creaverat,
3676 5308 3771 5347 vo-

2190 5401 2285 5455 luit
2313 5409 2366 5454 et
2393 5399 2645 5452 honorem
2674 5397 2724 5450 in
2752 5403 3094 5462 conspectum
3124 5390 3384 5461 proferre,
3412 5397 3466 5442 et
3487 5386 3771 5442 ostendere

2189 5508 2316 5547 vere
2341 5493 2512 5562 ipsum
2541 5491 2820 5559 imaginem
2845 5486 3119 5556 sapientiae
3142 5483 3301 5538 ferre.
3338 5482 3413 5536 Ac
3442 5496 3554 5535 rem
3583 5482 3770 5533 miram

2191 5586 2330 5640 vide.
2364 5586 2502 5639 Deus
2542 5584 2640 5637 sibi
2688 5582 2900 5635 nomina
2945 5588 3070 5633 ante
3113 5576 3411 5637 deﬁnierat,
3456 5574 3770 5641 volebatqun

2193 5690 2305 5749 per
2334 5679 2612 5747 imaginem
2659 5691 2805 5729 suam
2837 5672 3137 5733 ostendere.
3183 5668 3366 5723 Adami
3397 5667 3611 5721 decreta
3652 5680 3770 5717 cum

2196 5773 2289 5827 Dei
2320 5770 2584 5825 voluntate
2613 5767 2934 5822 consentire.
2971 5763 3129 5817 Certe
3154 5776 3273 5814 cum
3303 5760 3462 5813 vellet
3489 5754 3770 5811 ostendere

2194 5866 2481 5936 Scriptura,
2511 5861 2624 5918 haec
2650 5876 2765 5933 qua:
2798 5858 3033 5915 Adamus
3060 5854 3311 5926 imposuit
3340 5853 3574 5917 nomina,
3608 5849 3777 5904 Deum
