4044 6306
313 338 421 401 479

309 459 514 532 ἀρτίως
551 459 854 532 είρηκαμεν
877 478 892 494 ο
921 459 1038 520 εἶτα
1057 467 1086 520 6
1112 467 1267 539 Γηών
1284 485 1299 501 ο
1332 463 1486 533 οὗτός
1527 470 1674 522 ἐστιν
1699 470 1728 522 6
1755 470 1878 522 Νεῖ-

307 543 418 605 λος.
452 542 604 612 Γηὼν
630 545 691 596 τὸ
723 545 946 615 ἀρχαῖον
975 550 1138 604 αὑτοῦ
1163 551 1354 622 ὄνομα.
1389 551 1675 622 Μαρτυρεί
1716 551 1878 622 Ἰερε-

312 627 442 697 μίας
487 626 687 692 λέγων·
726 629 788 681 Τί
833 644 933 684 σοι
971 633 1067 685 καί
1123 634 1197 702 τῇ
1229 635 1346 701 ὁδῷ
1401 636 1700 704 Αἰγύπτου
1724 675 1740 702 ,
1772 634 1880 687 τοῦ

309 711 468 764 πιεῖν
527 711 684 780 ὕδωρ
733 715 953 781 Γηών;
1018 717 1279 771 Ἐνταῦθα
1336 719 1590 788 πρόσεχε.
1636 719 1878 787 Νόμισον

307 793 494 847 τοῦτον
540 789 680 847 εἶναι
709 795 801 849 τὸν
829 799 1174 870 παράδεισον.
1207 801 1274 852 ’Λ
1310 813 1336 842 ι
1391 802 1500 872 γὰρ
1527 801 1646 871 ὄψει
1679 799 1880 871 μᾶλλον

308 876 342 946 ἢ
387 877 529 947 λόγῳ
580 879 948 948 παραδίδοται.
997 883 1331 956 Προέρχεται
1386 885 1628 954 ποταμὸς
1679 884 1876 947 πολὺς,

309 961 562 1015 πλούσιον
594 965 738 1032 νᾶμα
767 963 904 1034 ἔχων
932 1005 946 1029 ,
1000 966 1094 1020 κα)⁵
1140 967 1354 1038 ἀρδεύει
1398 969 1490 1020 τὸν
1530 968 1876 1038 παράδεισον.

320 1045 558 1098 Ἐκεῖθεν
589 1047 810 1118 φέρεται
851 1050 930 1111 είς
967 1050 1233 1120 ὑπόνομόν
1269 1068 1321 1104 τι
1370 1051 1502 1120 χάος
1526 1092 1540 1113 ,
1593 1051 1687 1103 καὶ
1732 1049 1878 1102 δύνει

310 1129 416 1182 ὑπὸ
446 1130 549 1200 γῆν
577 1130 800 1200 ἄπειρον
824 1173 840 1196 ,
873 1132 950 1196 ὡς
977 1131 1115 1186 οἶδεν
1143 1136 1172 1187 6
1197 1135 1296 1206 τὴν
1337 1136 1454 1190 ὁδὸν
1505 1134 1751 1205 στρώσας
1785 1136 1880 1186 Δε-

309 1213 512 1283 σπότης
537 1230 550 1244 ·
585 1217 676 1267 καὶ
709 1214 958 1270 λανθάνει
1010 1219 1102 1271 ἐπὶ
1149 1220 1281 1272 πολὺ
1315 1219 1375 1273 τὸ
1409 1219 1620 1292 ῥεῦμα,
1657 1219 1753 1271 καὶ
1797 1218 1879 1280 εἰς

305 1295 595 1366 διαφόρους
630 1297 827 1364 τόπους
860 1300 1195 1362 ἀναδίδοται,
1237 1303 1332 1356 καὶ
1369 1304 1679 1374 εὑρίσκεται
1705 1305 1733 1355 ὁ
1779 1303 1878 1372 μὲν

304 1382 384 1444 εἰς
424 1383 521 1452 τὴν
550 1383 833 1437 Αἰθιοπίαν
857 1426 870 1449 ,
898 1385 927 1436 ὁ
959 1384 1016 1437 δὲ
1049 1387 1128 1448 εἰς
1150 1385 1320 1451 δύσιν,
1346 1388 1374 1439 6
1401 1387 1457 1440 δὲ
1487 1389 1567 1449 είς
1591 1385 1875 1456 ἀνατολὴν,

303 1464 398 1516 τοῦ
427 1464 559 1517 Θεοῦ
586 1465 726 1518 οὕτω
753 1467 822 1520 δι’
856 1467 1125 1538 ὑπόνομον
1171 1469 1416 1533 ἕλκοντος
1447 1469 1506 1523 τὸ
1548 1468 1753 1540 ῥεῦμα,
1782 1468 1878 1521 καὶ

306 1547 584 1612 ποιοῦντος
611 1548 766 1614 ξένας
791 1550 973 1619 πηγὰς
1017 1551 1095 1621 τῷ
1137 1552 1337 1624 πρώτῳ
1367 1552 1614 1624 ποταμῷ.
1643 1553 1796 1605 Διατί
1820 1552 1876 1604 δὲ

302 1631 492 1694 τοῦτο;
519 1633 637 1686 Ἵνα
666 1633 738 1703 μὴ
767 1635 879 1696 τοῖς
906 1635 1077 1704 ἴχνεσι
1102 1635 1212 1688 τῶν
1239 1637 1496 1705 ποταμῶν
1521 1635 1875 1689 ἀκολουθοῦν-

302 1731 394 1776 τες
418 1715 617 1784 εὕρωσι
648 1717 740 1769 τὸν
767 1717 1110 1788 παράδεισον,
1141 1719 1226 1772 ἵνα
1255 1721 1329 1790 μὴ
1427 1723 1539 1784 τοῖς
1571 1717 1878 1790 ἀνθρώποις

304 1798 668 1868 καταληπτός.
698 1801 759 1853 Εἰ
794 1800 900 1872 γὰρ
932 1797 1001 1873 ἧν
1023 1803 1258 1867 ὁδεῦσαι,
1290 1804 1466 1865 οὐδεὶς
1497 1804 1563 1856 ἂν
1607 1798 1732 1873 εὗρε
1770 1802 1877 1871 πρὸ

303 1879 412 1932 τῶν
441 1882 708 1936 πλουσίων
736 1883 828 1936 τὸν
856 1886 1182 1956 παράδεισον
1200 1902 1212 1914 ·
1241 1887 1355 1939 ἀλλ’
1380 1889 1408 1940 6
1431 1885 1562 1950 Θεὸς
1586 1884 1876 1939 ἀπέκλεισε

303 1965 399 2019 καὶ
432 1967 626 2035 πένησι
657 1968 750 2020 καὶ
779 1966 1053 2032 πλουσίοις
1075 2008 1092 2034 ,
1143 1969 1230 2022 ἵνα
1263 1971 1429 2040 ἀρετῇ
1476 1969 1635 2040 μόνον
1675 1967 1875 2040 εὕρωσι

304 2051 403 2122 τὴν
428 2051 563 2104 ὁδόν.
593 2051 740 2104 Πόσα
766 2050 970 2121 ἔκαμον
993 2054 1349 2125 πατριάρχαι,
1381 2055 1677 2124 προφῆται,
1708 2053 1872 2121 ἅγιοι,

304 2131 595 2203 ζητοῦντες
621 2133 711 2186 τὸν
734 2135 1081 2204 παράδεισον,
1105 2136 1199 2188 καὶ
1232 2137 1328 2206 οὐχ
1353 2131 1543 2206 εῦρον;
1589 2137 1645 2187 '0
1674 2135 1876 2209 λῃστὴς

261 2211 401 2286 τίτθην
433 2216 550 2270 ὁδὸν
580 2218 678 2287 οὐχ
700 2218 922 2282 ὁδεύσας
948 2261 962 2282 ,
990 2219 1126 2273 ἀλλὰ
1148 2221 1441 2282 πιστεύσας
1467 2262 1480 2281 ,
1509 2219 1722 2290 ἀληθῶς
1748 2211 1874 2289 εὗρε

261 2363 266 2373 ε
299 2301 398 2370 τὴν
426 2301 542 2354 ὁδὸν
563 2341 576 2363 ,
606 2301 695 2354 τὸν
737 2302 960 2372 λέγοντα
982 2321 996 2334 ·
1043 2303 1182 2373 Ἐγώ
1211 2307 1327 2372 εἰμι
1357 2304 1394 2370 ἡ
1427 2303 1582 2369 ὁδός.
1617 2300 1756 2372 Εὗρε
1785 2303 1875 2354 τὸν

301 2386 660 2457 παράδεισον,
707 2386 766 2440 ὃν
825 2387 1145 2442 ἀπέκλεισεν
1197 2389 1509 2458 ἡπαρακοὴ
1555 2386 1632 2455 τῷ
1675 2385 1875 2456 πρώτῳ

303 2467 592 2539 ἀνθρώπῳ.
624 2470 779 2541 Ζητῶ
806 2470 862 2523 δὲ
887 2471 985 2542 τὴν
1006 2471 1182 2524 αἰτίαν
1204 2470 1291 2523 διὰ
1318 2472 1369 2522 τί
1395 2473 1422 2523 6
1466 2469 1875 2540 ἱστοριογράφος

302 2553 680 2624 μνημονεύσας
707 2554 802 2608 τοῦ
849 2554 1066 2627 πρώτου
1100 2554 1342 2625 ποταμοῦ
1375 2551 1526 2607 εἶπεν
1556 2595 1569 2617 ,
1598 2555 1679 2607 ὅτι
1729 2552 1882 2605 Ἑκεῖ

299 2637 521 2705 γίνεται
548 2637 612 2690 τὸ
635 2639 894 2705 χρυσίον
934 2639 1001 2692 τὸ
1031 2640 1242 2704 καλὸν,
1285 2639 1381 2692 καὶ
1417 2641 1449 2692 ὀ
1479 2637 1705 2705 ἄνθραξ
1731 2679 1745 2699 ,
1775 2637 1875 2691 καὶ

300 2723 333 2771 ὁ
355 2721 523 2785 λίθος
561 2724 594 2774 ὀ
622 2720 933 2789 πράσινος.
968 2721 1030 2775 El
1071 2721 1207 2786 ὅλως
1238 2720 1612 2793 ὲχωρογράφει
1663 2719 1760 2790 τὴν
1798 2721 1876 2771 οῖ-

299 2804 568 2872 κουμένην
589 2842 604 2863 ,
633 2805 797 2874 ἐχρῆν
833 2807 1006 2858 εἰπεῖν
1037 2805 1105 2858 τά
1158 2806 1217 2856 ἐν
1266 2805 1471 2875 ἑκάστῃ
1510 2804 1664 2876 χώρᾳ
1687 2803 1873 2872 γιγνό-

302 2903 438 2955 μενα
470 2886 612 2939 καλά
636 2929 650 2952 ,
691 2888 814 2950 τοὺς
847 2887 1191 2958 σμαράγδους
1217 2927 1231 2951 ,
1258 2889 1382 2951 τοὺς
1411 2886 1700 2949 ὑακίνθους
1719 2926 1734 2949 ,
1767 2884 1872 2938 ποῦ

296 2969 587 3034 τοπάζιον,
649 2970 749 3023 ποῦ
810 2972 866 3023 αἱ
924 2971 1174 3042 διάφοραι
1237 2969 1347 3024 τῶν
1399 2968 1542 3022 ὑλῶν
1621 2968 1740 3022 ὗλαι
1798 2969 1826 3008 ι)
1855 2985 1868 2998 ⁸

299 3051 416 3103 ἀλλ’
447 3053 752 3118 ὲπιλέγεται
781 3053 979 3123 χρυσὸν
1001 3053 1094 3106 καὶ
1124 3051 1216 3106 δύο
1246 3051 1457 3116 λίθους,
1481 3050 1582 3114 τὰς
1619 3050 1873 3122 ἀπαρχὰς

295 3135 398 3204 τῆς
429 3135 750 3205 ἱερωσύνης,
789 3136 975 3208 ἐπειδὴ
1003 3137 1032 3188 6
1066 3136 1246 3207 ἱερεὺς
1271 3135 1458 3204 ἐφόρει
1498 3134 1728 3188 πέταλον
1748 3151 1875 3206 χρυ-

299 3216 449 3282 σοῦν,
483 3217 630 3289 [489]
656 3212 698 3286 ᾧ
733 3219 1112 3290 ἐπεγέγραπτο
1147 3219 1208 3271 τὸ
1244 3219 1338 3271 τοῦ
1367 3217 1501 3270 Θεοῦ
1545 3218 1736 3288 ὄνομα.
1762 3217 1875 3269 Δώ-

298 3305 433 3357 δεκα
458 3303 592 3358 λίθοι
613 3299 752 3374 ἦσαν
776 3305 866 3357 ἐπὶ
898 3304 990 3357 τοῦ
1017 3303 1243 3374 στήθους
1259 3303 1353 3356 τοῦ
1385 3302 1573 3374 ἱερέως
1593 3318 1606 3332 ·
1632 3303 1870 3371 σάρδιον,

294 3387 550 3453 τοπάζιον
573 3429 586 3451 ,
625 3387 935 3458 σμάραγδος
958 3429 973 3450 ,
1002 3387 1236 3458 ἄνθραξ,
1280 3387 1612 3456 σάπφειρος,
1664 3387 1866 3450 ἰάσπις,

296 3471 568 3542 λιγύριος,
604 3470 844 3541 ἀχάτης,
880 3469 1215 3540 ἀμέθυστος,
1266 3468 1584 3539 χρυσόλιθος
1612 3508 1626 3530 ,
1670 3469 1873 3540 βήρυλ-

296 3557 388 3620 λος
408 3597 422 3619 ,
453 3555 682 3626 ὁνύχιον.
731 3555 826 3608 Ἐκ
854 3555 960 3607 τῶν
993 3553 1197 3606 δώδεκα
1236 3552 1400 3605 λίθων
1428 3551 1633 3605 τούτων
1673 3555 1700 3604 ὁ
1729 3552 1870 3622 πρά-

299 3657 444 3704 σινος
476 3641 782 3709 ἀφώρισται
809 3639 874 3708 τῇ
911 3639 1155 3708 ίερατικῇ
1191 3636 1368 3706 φυλῇ,
1397 3637 1426 3688 6
1450 3635 1653 3706 ἄνθραξ
1680 3639 1742 3705 τῇ
1778 3636 1872 3705 βα-

297 3723 497 3794 σιλικῇ.
521 3724 704 3789 Διατί;
749 3722 968 3793 Ἐπειδὴ
999 3722 1170 3793 πυρὸς
1198 3722 1331 3775 ἴδιον
1351 3720 1414 3772 τὸ
1439 3720 1614 3774 καίειν
1641 3720 1734 3772 καὶ
1757 3738 1872 3789 φω-

296 3807 464 3870 τίζειν
484 3824 495 3836 ·
528 3807 620 3860 καὶ
665 3805 923 3876 βασιλέως
952 3805 1082 3858 ἴδιον
1129 3805 1436 3876 εὐεργετεῖν
1465 3803 1560 3857 καὶ
1602 3803 1867 3866 κολάζειν.

295 3891 492 3962 Τίθησι
529 3891 618 3944 τὸν
661 3889 900 3960 Ῥουὸὴμ
927 3889 1028 3959 τὴν
1073 3887 1294 3959 πρώτην
1336 3886 1506 3957 φυλὴν
1535 3889 1592 3940 ὲν
1630 3886 1708 3957 τῷ
1739 3904 1872 3958 σαρ-

295 3975 424 4045 δίῳ,
464 3974 556 4027 τὸν
601 3972 823 4044 Συμεὼν
869 3975 927 4027 ὲν
968 3971 1047 4042 τῷ
1093 3971 1335 4042 τοπαζίῳ
1359 4011 1374 4035 ,
1411 3971 1500 4024 τὸν
1548 3971 1677 4023 Λευὶ
1708 3972 1764 4022 ὲν
1793 3969 1871 4040 τῷ

298 4064 544 4134 πρασίνῳ
571 4063 733 4133 λίθῳ’
767 4061 858 4115 τὸν
909 4062 1130 4127 Ἰούδαν,
1161 4061 1220 4126 ἐξ
1249 4055 1311 4114 οῦ
1361 4064 1390 4115 6
1421 4059 1676 4133 Χριστὸς,
1705 4062 1760 4112 ἐν
1793 4060 1870 4130 τῷ

298 4146 527 4218 ἄνθρακι
558 4144 634 4213 τῷ
664 4143 915 4217 ωρῤᾦο.
961 4144 1172 4215 Ἀμέλει
1211 4144 1436 4207 Ἡσαΐας
1473 4143 1610 4214 μετὰ
1642 4143 1871 4207 πολλοὺς

297 4231 522 4302 χρόνους
552 4228 698 4298 λέγει
752 4232 820 4299 τῇ
865 4228 1254 4300 Ἰερουσαλήμ·
1305 4227 1430 4280 Ἐπὶ
1482 4228 1601 4280 τῶν
1658 4225 1871 4295 χειρῶν

292 4331 409 4382 μου
450 4309 831 4381 ἐζωγράφηκά
863 4328 978 4366 σου
1009 4315 1080 4366 τὰ
1107 4313 1302 4380 τείχη,
1329 4311 1426 4365 καὶ
1454 4311 1710 4365 ἐνώπιόν
1748 4327 1868 4378 μου

296 4394 356 4450 εἴ
371 4397 472 4451 διὰ
504 4396 748 4461 παντός.
791 4394 934 4449 Ἰδοὺ
961 4394 1234 4465 ἑτοιμάζω
1255 4395 1522 4464 ἄνθρακα
1549 4395 1655 4448 τὸν
1695 4394 1872 4446 λίθον

297 4497 432 4543 σου,
473 4481 562 4532 τὸν
597 4478 826 4550 Σωτῆρα
872 4479 1064 4547 λέγων.
1113 4478 1258 4533 Ἰδοὺ
1301 4479 1440 4548 γὰρ,
1477 4479 1642 4550 φησὶ,
1673 4478 1870 4546 τίθημι

295 4566 364 4618 ἐν
391 4563 545 4618 Σιὼν
569 4565 743 4617 λίθον
778 4562 1232 4632 ἀκρογωνιαῐον,
1254 4561 1544 4617 ἐκλεκτόν
1562 4602 1576 4626 ,
1602 4562 1866 4630 ἔντιμον,

297 4649 393 4703 καὶ
447 4651 480 4702 ό
520 4649 818 4701 πιστεύων
864 4647 935 4700 ἐν
986 4645 1146 4711 αὺτῷ
1189 4649 1260 4700 οὐ
1293 4645 1380 4716 μὴ
1430 4643 1864 4714 καταισχυνθῇ.

307 4733 364 4786 'U
396 4732 578 4785 τοίνυν
629 4730 835 4803 ἄνθραξ
869 4729 1172 4802 ἀφώρισται
1203 4733 1269 4800 τῇ
1320 4729 1570 4800 βασιλικῇ
1605 4727 1746 4799 φυλῇ
1773 4745 1786 4758 ο
1839 4727 1868 4778 ὁ

295 4819 558 4888 πράσινος
603 4819 666 4886 τῇ
701 4817 948 4886 ἱερατικῇ
973 4834 986 4847 ο
1019 4817 1080 4891 τὸ
1111 4814 1219 4884 γάρ
1257 4815 1518 4885 πράττειν
1555 4812 1734 4875 καλῶς
1767 4813 1869 4882 τῆς

297 4900 618 4972 ἱερωσύνης.
664 4899 794 4951 Ἀπὸ
841 4899 934 4952 τοῦ
969 4897 1214 4967 ποταμοῦ
1258 4898 1467 4951 ἐκείνου
1515 4896 1867 4967 ἀφορίζονται

290 4985 557 5053 τέσσαρες
589 4984 764 5050 πηγαὶ
797 4982 1074 5051 ποταμῶν.
1114 4981 1264 5033 Διατί
1295 4976 1387 5034 οὖν
1416 4981 1476 5033 τὸ
1506 4980 1651 5050 ὕδωρ
1691 4979 1868 5033 αὐτῶν

290 5068 391 5119 οὐκ
423 5068 570 5130 ῐσον;
613 5065 843 5136 Ζητοῦσι
875 5065 984 5136 γάρ
1015 5066 1061 5118 οἱ
1099 5062 1414 5134 φιλομαθεῖς
1440 5103 1453 5126 ,
1502 5066 1550 5116 εί
1601 5063 1708 5116 ἀπὸ
1750 5063 1868 5125 ἑνὸς

291 5148 540 5220 ποταμοῦ
561 5191 574 5209 ,
606 5149 639 5220 ἢ
673 5150 802 5220 μιᾶς
834 5149 1046 5219 πηγῆς,
1080 5147 1220 5201 διατί
1247 5149 1321 5218 μὴ
1357 5148 1452 5218 μία
1481 5148 1706 5217 ποιότης
1731 5151 1866 5202 πάν-

289 5249 429 5296 των;
455 5231 519 5283 Τί
545 5227 637 5284 οὖν
670 5235 815 5298 ὲστις
850 5231 1340 5302 Μεταλαμϐάνουσι
1364 5231 1462 5301 τῆς
1493 5233 1624 5301 γῆς,
1649 5233 1742 5284 καὶ
1767 5230 1868 5301 τῆς

292 5316 575 5384 ποιότητος
598 5315 704 5368 τῶν
726 5317 928 5380 τόπων,
949 5315 1018 5368 δι’
1039 5310 1112 5369 ὧν
1140 5315 1522 5387 παρέρχονται.
1540 5317 1750 5387 Ὥσπερ
1775 5320 1866 5369 καὶ

288 5397 423 5451 αὑτὸ
449 5397 511 5450 τὸ
539 5397 682 5470 ὕδωρ
712 5399 840 5471 μίαν
872 5400 972 5471 μὲν
1000 5399 1110 5470 ἔχει
1135 5401 1295 5469 φύσιν
1325 5399 1418 5452 καὶ
1441 5399 1719 5468 ποιότητα,
1750 5397 1864 5452 ἀλλ’

352 5546 378 5608 f‘
404 5544 518 5608 ξεν.
540 5545 590 5594 in
611 5558 762 5608 marg.
786 5563 860 5608 γρ.
885 5547 1004 5595 τινά.

351 5606 633 5686 b'l’ogtasvgg
675 5606 938 5686 Ieggndum
960 5612 1009 5656 αἱ
1048 5607 1265 5671 διαφοραὶ
1287 5607 1382 5656 τῶν
1406 5607 1532 5655 ὑλῶν
1553 5607 1675 5654 ὅλαι.
1711 5606 1860 5655 Savil.

288 5671 417 5760 cogi.
441 5671 536 5740 τῶν
561 5671 706 5722 ξύλων
728 5672 856 5718 ὗλαι.
925 5731 950 5741 ω
1079 5731 1105 5742 ⁸
1227 5728 1240 5740 .
1266 5729 1277 5742 ο
1510 5729 1536 5742 η
1670 5726 1680 5736 ⁹

291 5729 675 5841 ςπὶἶῖεέέξςὲιὲῖ.
706 5731 856 5780 habet
890 5747 959 5794 τῳ
981 5745 1136 5794 πυρῳ,
1172 5727 1858 5833 εοιὶιοθιπυῤῥῳ-ηιὸιειιηάο.

429 5823 443 5839 .
465 5807 536 5852 τῳ
547 5807 675 5852 πυρι.
1551 5829 1559 5833 .

1313 348 1402 404 DE
1439 349 1656 408 MUNDI
1690 349 2085 410 CREATIONE
2123 353 2379 412 ORATIO
2422 356 2481 413 ν.

3443 360 3551 411 ιδυ

1984 472 2078 524 ἐὰν
2115 475 2402 546 συμϐραχῇ
2443 473 2673 544 ἀψινθίῳ
2698 515 2712 536 ,
2751 469 2916 543 ἄλλην
2951 471 3210 542 ποιότητα
3239 471 3415 525 ποιεῖ’
3453 470 3549 524 ἐάν

1980 556 2164 626 ἀνήθῳ
2186 598 2198 619 ,
2233 558 2428 627 ἀλλην·
2463 559 2558 611 ἐὰν
2590 558 2817 628 πηγάνῳ
2841 598 2854 618 ,
2895 557 3060 626 ἄλλην
3081 576 3093 588 ·
3135 555 3228 608 καὶ
3258 555 3290 624 ἡ
3326 555 3421 623 μὲν
3451 553 3550 623 φύ-

1981 656 2063 702 σις
2092 640 2205 708 μία,
2242 642 2296 693 αί
2327 641 2385 693 δὲ
2414 641 2536 694 ὕλαι
2573 640 2956 711 μεταποιοῦσιν
2976 657 2988 670 ·
3022 639 3161 692 οὕτω
3191 638 3284 690 καὶ
3326 637 3549 690 ἐπὶτῶν

1980 724 2238 794 ποταμῶν
2263 765 2275 781 .
2326 725 2513 795 ἐπειδὴ
2544 724 2631 778 διὰ
2660 723 2826 791 ξένων
2854 725 3095 778 ὁδεύουσι
3124 724 3334 787 τόπων,
3381 725 3408 775 6
3453 721 3549 790 μὲν

1978 805 2066 860 διὰ
2107 810 2209 877 γῆς
2259 809 2453 880 ἑτέραν
2485 808 2714 880 ἐχούσης
2748 809 3006 878 ποιότητα
3030 851 3044 874 ,
3076 810 3104 861 ὁ
3140 807 3195 859 δὲ
3238 807 3303 860 δι’
3338 807 3546 875 ἑτέρας.

1980 890 2256 943 ποιοῦνται
2285 895 2395 955 τοῖς
2423 893 2628 956 τόποις.

2050 996 2113 1059 ζ’.
2134 997 2284 1050 Ἐπεὶ
2299 998 2355 1051 δὲ
2381 1001 2445 1069 τῇ
2475 998 2620 1051 θέσει
2648 997 2757 1051 τῶν
2775 997 2954 1049 τόπων
2983 996 3212 1049 ὲποίωσε
3238 995 3363 1057 τοὺς
3385 1010 3551 1045 ποτα-

1981 1082 2149 1148 μοὺς,
2180 1081 2363 1134 λοιπὸν
2398 1085 2542 1135 ποιεῖ
2581 1083 2640 1134 ὲν
2671 1080 2748 1152 τῷ
2779 1081 3090 1150 παραδείσῳ
3131 1078 3259 1133 Πᾶν
3296 1076 3549 1144 δένδρον

1978 1164 2170 1216 καλὸν
2204 1168 2291 1231 εἱς
2330 1165 2579 1233 ὅρασιν,
2624 1165 2723 1219 καὶ
2762 1165 2980 1233 ὡραῖον
3009 1166 3096 1228 εὶς
3119 1162 3372 1230 βρῶσιν.
3407 1163 3548 1231 Προ-

1977 1248 2150 1301 ανεῖλε
2199 1249 2291 1302 τοῦ
2334 1251 2648 1321 παραϐάτου
2686 1249 2784 1320 τὴν
2832 1247 3145 1316 ἀπολογίαν.
3176 1246 3392 1313 Ἐπειδὴ
3440 1243 3550 1314 γὰρ

1976 1331 2106 1400 περὶ
2138 1333 2238 1402 τῆς
2260 1332 2514 1400 γυναικὸς
2545 1329 2698 1386 εἷπεν
2717 1375 2732 1398 ,
2757 1334 2840 1386 ὅτι
2879 1327 3058 1385 Εἷδεν
3083 1331 3122 1393 ἠ
3150 1328 3304 1398 γυνὴ
3350 1327 3417 1380 τὸ
3452 1327 3551 1390 εύ-

1974 1415 2110 1471 λον.
2142 1413 2231 1467 ὅτι
2261 1417 2453 1472 καλὸν
2484 1419 2571 1482 είς
2601 1416 2816 1484 ὅρασιν
2839 1455 2854 1478 ,
2892 1413 2993 1468 καὶ
3030 1413 3246 1480 ὡραῖον
3279 1414 3366 1476 εἰς
3389 1409 3550 1478 ,ϐρῶ-

1976 1511 2081 1548 σιν
2104 1514 2118 1529 ο
2153 1498 2239 1551 ἵνα
2275 1502 2348 1572 μή
2385 1519 2468 1564 τις
2500 1501 2695 1572 νομίσῃ
2717 1539 2730 1563 ,
2782 1499 2862 1553 ὅτι
2915 1497 3066 1567 παρὰ
3121 1495 3188 1547 τά
3233 1494 3366 1546 ἄλλα
3418 1492 3547 1557 ξύλα

1975 1581 2153 1634 ἐκεῖνο
2181 1584 2341 1654 μόνον
2371 1581 2438 1656 ἦν
2466 1585 2736 1654 εὐπρεπὲς
2759 1625 2773 1649 ,
2803 1582 3008 1652 ταύτην
3041 1581 3140 1648 τὴν
3162 1578 3359 1650 ἀρετὴν
3384 1579 3550 1646 ὲμαρ-

1973 1663 2177 1734 τύρησε
2209 1668 2373 1720 πᾶσιν
2394 1712 2405 1728 ,
2440 1668 2520 1720 ὅτι
2553 1667 2730 1739 ὡραία
2759 1669 2824 1737 τῇ
2868 1665 2989 1734 ὄψει
3030 1663 3126 1716 καὶ
3156 1661 3294 1730 καλὴ
3321 1658 3544 1728 σφόδρα*

1977 1746 2064 1800 ἵνα
2095 1749 2274 1821 μάθῃς
2304 1753 2384 1804 ὅτι
2414 1753 2472 1804 οὐ
2507 1752 2572 1804 δι’
2614 1751 2820 1803 ἔνδειαν
2857 1748 3072 1821 παρέϐη
3095 1789 3109 1811 ,
3147 1745 3260 1799 ἀλλ’
3285 1742 3547 1811 ἀφθονίαν

1973 1827 2111 1899 ἔχων
2136 1832 2429 1905 ἐξετράπη.
2469 1835 2573 1887 Καὶ
2612 1834 2678 1887 τὸ
2722 1834 2912 1898 ξύλον
2932 1872 2945 1893 ,
2981 1832 3133 1901 φησὶ,
3161 1827 3272 1896 τῆς
3303 1823 3448 1893 ζωῆς
3478 1825 3549 1877 ἐν

1967 1913 2136 1982 μέσῳ
2168 1916 2275 1970 τοῦ
2312 1919 2678 1986 παραδείσου
2705 1959 2719 1979 ,
2764 1917 2862 1970 καὶ
2899 1915 2965 1969 τὸ
3005 1916 3196 1980 ξύλον
3237 1912 3344 1966 τοῦ
3376 1909 3548 1979 τινώ-

1973 2010 2147 2050 σκειν
2178 2001 2370 2054 καλὸν
2399 2002 2493 2054 καί
2539 2002 2826 2069 πονηρόν.
2861 2001 3019 2070 Τρεῖς
3059 1998 3308 2066 διαφοραὶ
3340 1993 3508 2058 ξύλων
3540 2015 3544 2020 ν

1971 2080 2041 2133 τὰ
2070 2083 2167 2152 μὲν
2199 2085 2354 2156 ἐδόθη
2387 2085 2563 2156 αὐτῷ,
2615 2086 2700 2138 ἵνα
2750 2085 2858 2154 ζῇ·
2908 2085 2975 2136 τὰ
3008 2083 3092 2145 δὲ,
3125 2081 3211 2133 ἵνα.
3239 2075 3296 2131 εὖ
3336 2077 3432 2147 ζῇ·
3477 2075 3546 2128 τὰ

1972 2163 2050 2225 δὲ,
2079 2165 2165 2219 ἵνα
2197 2169 2284 2220 ἀεὶ
2314 2167 2402 2240 ζῇ.
2439 2165 2597 2238 Εἴχεν
2633 2164 2725 2221 οὖν
2751 2167 2812 2221 τὸ
2839 2167 2957 2238 ζῇν,
2994 2163 3053 2228 ἐξ
3099 2157 3173 2217 ὧν
3206 2160 3502 2230 ἐπέτρεψεν
3527 2175 3541 2188 ·

1971 2243 2084 2319 εἶχε
2110 2250 2170 2303 τὸ
2198 2246 2256 2305 εὖ
2301 2251 2421 2323 ζῇν,
2451 2251 2510 2318 ἐξ
2538 2245 2613 2304 ὧν
2645 2249 2936 2305 ἐκώλυσεν.
2969 2245 3078 2302 Ἦν
3113 2246 3222 2316 γάρ
3264 2240 3322 2298 εὖ
3359 2245 3542 2314 ζῆσαι.

1973 2333 2277 2405 ἁπτόμενον
2313 2337 2411 2408 μὲν
2461 2329 2537 2389 ὧν
2582 2336 2683 2388 οὐκ
2723 2334 2996 2396 ἐκώλυσε,
3037 2331 3110 2402 μὴ
3152 2329 3455 2400 ἁπτόμενον
3487 2325 3544 2378 δὲ

1971 2410 2045 2469 ὧν
2075 2417 2335 2475 ἐκώλυσε.
2362 2419 2532 2473 Τοῦτο
2551 2415 2618 2492 ἦν
2653 2415 2712 2473 εὖ
2750 2418 2931 2490 ζῆσαι,
2973 2417 3052 2488 τῷ
3084 2417 3203 2487 Θεῷ
3233 2413 3540 2480 πεισθῆναι.

1975 2499 2192 2555 ’Έκειτο
2247 2503 2308 2555 τὸ
2353 2502 2509 2568 ξύλον
2544 2503 2644 2573 τῆς
2677 2502 2819 2571 ζωῆς
2863 2503 2922 2554 ἐν
2973 2502 3140 2571 μέσῳ,
3190 2498 3378 2566 ὥσπερ
3416 2495 3544 2566 βρα-

1973 2583 2152 2637 ϐεῖον·
2204 2585 2265 2638 τὸ
2322 2585 2474 2651 ξύλον
2516 2589 2615 2656 τῆς
2667 2585 2948 2654 γνώσεως,
2985 2583 3059 2646 ὡς
3111 2583 3420 2650 πάλαισμα,
3465 2578 3542 2639 ὡς

1971 2668 2286 2737 γυμνάσιον.
2317 2670 2561 2736 Φυλάξας
2588 2669 2685 2741 τὴν
2717 2668 2933 2739 ἐντολὴν
2963 2669 3054 2720 ἐπὶ
3075 2667 3247 2737 τούτῳ
3276 2665 3353 2734 τῷ
3378 2663 3538 2728 ξῧλφν

1971 2750 2266 2822 λαμϐάνεις
2293 2754 2354 2806 τὸ
2381 2755 2651 2824 βραὸεῖον.
2685 2755 2793 2807 Καὶ
2820 2753 2917 2822 ὅρα
2947 2751 3006 2804 τὸ
3038 2749 3370 2820 θαυμαστόν.
3404 2745 3542 2797 ’Ὁλα

1971 2834 2037 2886 τά
2070 2835 2199 2900 ξύλα
2239 2837 2333 2889 τοῦ
2361 2837 2688 2908 παραδείσου
2728 2835 2913 2906 κύκλῳ
2951 2833 3227 2903 πανταχοῦ
3262 2829 3538 2900 κομῶντα,

1975 2918 2123 2990 [490]
2159 2921 2439 2990 πανταχοῦ
2470 2921 2732 2992 βρύοντα⁹
2761 2919 2830 2972 τὰ
2871 2919 2964 2971 δύο
2990 2919 3147 2988 μόνον
3179 2919 3235 2968 ἐν
3265 2916 3412 2984 μέσῳ
3445 2929 3543 2980 γυα·

1974 3004 2198 3071 μνάσιον
2232 2999 2299 3075 ἦν
2331 3005 2425 3057 καὶ
2465 3004 2695 3058 στάδιον.
2737 3003 2820 3056 Τά
2842 3001 3028 3072 κύκλῳ
3065 2999 3240 3070 τροφὴ
3268 2994 3356 3068 ἦν.
3399 2995 3538 3048 Ἀλλ’

1969 3089 1998 3141 ὁ
2030 3089 2126 3157 τῆς
2155 3090 2517 3159 παραϐάσεως
2551 3092 2642 3144 καὶ
2668 3089 2762 3143 τοῦ
2816 3089 3032 3158 δένδρου
3063 3085 3252 3156 καιρὸς
3283 3083 3310 3123 ἀ
3369 3082 3540 3151 ἑτέρῳ

1969 3174 2309 3242 ταμιευέσθω
2336 3175 2512 3244 καιρῷ
2535 3193 2550 3206 ·
2585 3175 2648 3227 τὸ
2678 3173 2736 3226 δὲ
2778 3173 3165 3245 προκείμενον·
3206 3169 3326 3237 ἄγει
3357 3169 3384 3220 ὁ
3409 3165 3540 3228 Θεὸς

1969 3255 2037 3309 τὰ
2066 3256 2178 3321 ζῶα
2205 3258 2300 3311 ὅλα
2346 3258 2483 3330 πρὸς
2518 3257 2608 3312 τὸν
2651 3258 2844 3328 Ἀδάμ.
2888 3255 3263 3310 Ἀκουέτωσαν
3293 3254 3342 3306 οἱ
3385 3253 3540 3321 αἱρε-

1968 3339 2137 3392 τικοί⁶
2181 3340 2274 3393 καὶ
2319 3342 2395 3411 μὴ
2423 3341 2738 3412 θαυμάσῃς,
2776 3343 2824 3393 εἰ
2862 3340 2928 3394 δι’
2955 3339 3192 3407 ἑκάστης
3221 3335 3418 3400 λέξεως
3446 3333 3542 3388 καὶ

1967 3421 2033 3474 δι’
2067 3423 2302 3495 ἑκάστης
2335 3425 2567 3495 φωνῆςὸ
2605 3425 2742 3494 πρὸς
2778 3425 2899 3486 τοὺς
2927 3423 3232 3493 αἱρετικοὺς
3269 3418 3542 3472 ἀποτείνε-

1966 3521 2056 3559 ται
2096 3506 2284 3575 λόγος·
2329 3506 2418 3560 διά
2446 3507 2626 3578 πάσης
2665 3507 2773 3577 γάρ
2813 3507 3134 3577 προφάσεως
3169 3500 3540 3572 κατηγοροῦν-

1967 3607 2055 3642 ται
2088 3591 2138 3642 οἱ
2167 3591 2305 3644 κατὰ
2343 3595 2439 3663 τῆς
2475 3591 2748 3662 βασιλείας
2771 3592 2867 3660 τῆς
2901 3589 3294 3657 δεδοξασμένης
3323 3585 3542 3658 ἐπαιρό-

1971 3689 2139 3743 μενοι.
2173 3675 2351 3740 Λίθος
2387 3676 2453 3728 ἐκ
2482 3675 2686 3744 τοίχου
2725 3674 2878 3741 βοᾷ·
2911 3673 2971 3726 οὐ
3018 3673 3191 3740 λέγω,
3232 3670 3388 3739 λόγος
3431 3669 3540 3722 ἀπὸ

1966 3770 2224 3841 Γραφῆς,
2271 3772 2425 3826 Ὶῶτα
2450 3771 2538 3836 ἓν,
2571 3772 2609 3839 ἢ
2634 3771 2743 3840 μία
2781 3769 2987 3839 κεραία
3030 3770 3091 3823 οὑ
3128 3768 3538 3840 παραλιμπάνει

1965 3857 2090 3917 τοὺς
2116 3857 2422 3926 αίρετικοὺς
2445 3856 2794 3926 ἀμέμπτους’
2820 3854 2908 3908 διά
2937 3854 3151 3908 πάντων
3173 3849 3540 3923 κατηγοροῦν-

1966 3956 2055 3992 ται
2114 3942 2161 3992 οί
2191 3940 2282 3993 τὸν
2339 3941 2555 3994 πάντων
2583 3940 2858 4010 Δεσπότην
2914 3939 3252 4010 ἀρνούμενοι.
3299 3939 3538 4008 Πρόσεχε

1965 4023 2166 4078 τοίνυν.
2192 4019 2299 4076 Ἦν
2330 4024 2457 4077 ἰδεῖν
2487 4023 2635 4088 ξένον
2654 4065 2669 4089 ,
2701 4023 2790 4077 τὸν
2827 4022 2998 4094 Ἀδάμ
3027 4023 3236 4076 ἑστῶτα
3261 4061 3277 4086 ,
3325 4023 3418 4074 καὶ
3449 4022 3539 4074 τὸν

1965 4106 2098 4161 Θεὸν
2150 4108 2226 4171 ὡς
2270 4109 2547 4180 ὑπηρέτην
2598 4109 2939 4180 προσάγοντα
2983 4107 3062 4177 τῷ
3101 4107 3290 4176 Ἀδάμ.
3329 4107 3540 4174 Ἥγπίιγε

1966 4191 2074 4262 γὰρ
2104 4193 2137 4246 ὁ
2178 4191 2322 4258 Θεὸς
2371 4191 2443 4245 τὰ
2483 4191 2613 4252 ζῶα.
2648 4186 2773 4245 Ὧδε
2834 4190 3065 4262 πρόσεχε
3091 4230 3106 4254 ,
3158 4191 3232 4262 μὴ
3269 4192 3336 4260 τῇ
3371 4189 3532 4254 λέξει,

1966 4273 2103 4328 ἀλλά
2131 4277 2197 4346 τῇ
2221 4275 2420 4343 ἐννοίᾳ.
2462 4275 2741 4346 Ἐννόησον
2768 4275 2857 4328 τὸν
2887 4275 3096 4327 ἑστῶτα
3124 4274 3255 4326 Θεὸν
3276 4313 3290 4335 ,
3322 4273 3416 4326 καὶ
3446 4274 3539 4326 τὸν

1979 4357 2148 4428 Ἀδὰμ
2169 4359 2547 4430 δοκιμάζοντα.
2587 4361 2912 4431 Παρήγαγεν
2937 4360 2965 4410 ὁ
2985 4359 3116 4422 Θεὸς
3142 4357 3257 4423 ὅλα,
3287 4357 3433 4425 λέγει
3460 4358 3538 4428 τῷ

1980 4443 2148 4513 Ἀδάμ
2173 4457 2186 4470 '
2226 4444 2360 4514 φέρε
2394 4446 2565 4498 εἰπεῖν
2588 4460 2603 4476 ’
2637 4445 2700 4497 Τί
2736 4461 2818 4497 σοι
2848 4444 2994 4497 δοκεῖ
3028 4442 3291 4514 κληθῆναι
3320 4442 3534 4508 τοῦτον;

1967 4525 2251 4580 Καλείσθω
2294 4528 2449 4581 λέων.
2490 4530 2549 4580 '0
2582 4527 2746 4593 Θεὸς,
2783 4529 2984 4598 φησὶν,
3039 4526 3335 4580 ἐτύπωσεν.
3381 4522 3536 4591 Εἶτα,

1965 4603 2118 4670 οὗτος
2144 4610 2229 4676 τί;
2260 4610 2470 4682 Ταῦρος
2497 4611 2786 4665 καλείσθω.
2815 4610 3009 4674 Καλῶς
3049 4609 3264 4674 ἔταξας.
3307 4610 3538 4682 Ὁμοίως

1965 4693 2072 4746 τῶν
2107 4693 2454 4764 καλουμένων
2507 4694 2732 4746 ἕκαστον
2764 4695 2792 4746 ὁ
2837 4693 2968 4758 Θεὸς
2999 4694 3348 4764 ἐσφράγισεν.
3378 4694 3536 4762 Λέγει

1966 4777 2072 4846 γὰρ
2125 4777 2158 4847 ἡ
2208 4777 2397 4846 Γραφή
2427 4793 2441 4804 ’
2493 4779 2745 4845 Ἢγαγεν
2781 4777 2934 4830 αὐτὰ
2994 4776 3142 4846 πρὸς
3196 4777 3310 4830 τὸν
3343 4775 3531 4845 Ἀδὰμ,

1967 4862 2114 4914 ἰδεῖν
2139 4861 2196 4914 τί
2219 4859 2462 4914 καλέσει
2483 4861 2654 4916 αὐτά.
2675 4862 2781 4915 Καὶ
2809 4859 2932 4915 πᾶν
2957 4859 2988 4913 ὃ
3013 4860 3306 4914 ἐκάλεσεν
3339 4859 3532 4927 Ἀδάμ,

1965 4945 2139 4998 τοῦτο
2216 4945 2399 5014 ὄνομα
2475 4942 2653 5009 αὐτῷ.
2732 4943 2926 4998 Βλέπε.
2989 4943 3208 5015 Ἐπειδὴ
3282 4943 3533 5012 εποίησεν

1964 5029 2124 5081 αὑτὸν
2163 5031 2281 5081 κατ’
2313 5028 2496 5080 εἰκόνα
2520 5069 2534 5091 ,
2582 5027 2842 5098 ἠθέλησεν
2897 5030 2976 5091 είς
3015 5027 3136 5097 ὁψιν
3172 5025 3531 5096 προσενέγκαι

1966 5112 2057 5163 καὶ
2076 5113 2172 5183 τὴν
2191 5111 2373 5181 τιμὴν,
2402 5111 2496 5164 κα)⁵
2520 5111 2686 5176 δεῖξαι
2707 5111 2922 5182 ἀληθῶς
2950 5113 3032 5164 ὅτι
3056 5111 3208 5182 φέρει
3230 5111 3327 5179 τὴν
3348 5107 3531 5159 εἰκόνα

1963 5197 2063 5264 τῆς
2095 5196 2303 5264 σοφίας.
2335 5196 2444 5249 Καὶ
2478 5195 2641 5264 βλέπε
2674 5195 2735 5249 τὸ
2764 5195 3090 5266 θαυμαστόν.
3139 5195 3196 5246 Ὁ
3229 5192 3357 5254 Θεὸς
3391 5207 3528 5261 προ-

1966 5279 2242 5332 ετύπωσεν
2270 5279 2447 5350 ἐαυτῷ
2476 5279 2543 5332 τὰ
2583 5279 2851 5350 ὁνὸματαο
2895 5279 3145 5332 ἐϐούλετο
3175 5277 3230 5330 δὲ
3255 5273 3528 5345 δειχθῆναι

1963 5361 2049 5414 διὰ
2076 5365 2173 5433 τῆς
2201 5363 2437 5428 εἰκόνος,
2460 5363 2540 5433 ὅτι
2571 5366 2850 5433 συμφωνεῖ
2871 5363 2963 5415 τοῦ
2996 5361 3165 5430 Ἀδὰμ
3190 5358 3260 5411 τὰ
3286 5357 3533 5426 δόγματα

1961 5447 2074 5506 τοῖς
2119 5431 2212 5497 τοῦ
2263 5443 2398 5498 Θεοῦ
2463 5431 2816 5516 βουλήμασιν.
2877 5443 3090 5514 Ἀμέλει
3143 5440 3433 5512 βουλομένη
3490 5442 3525 5511 ὴ

1963 5527 2153 5598 Γραφὴ
2186 5527 2374 5594 δεῖξαι,
2407 5529 2487 5581 ὅτι
2519 5528 2709 5592 ταῦτα,
2739 5527 2774 5581 ἃ.
2801 5527 2980 5597 ἔθηκε,
3013 5526 3042 5576 ὁ
3081 5524 3210 5587 Θεὸς
3233 5522 3524 5594 προώρισε,

2025 5726 2052 5766 d
2075 5727 2221 5776 Putat
2243 5723 2500 5776 Combeﬁs.
2537 5725 2801 5786 legendum
2834 5723 2988 5784 λόγος,
3019 5727 3158 5772 recte
3177 5721 3374 5784 quidem
3399 5721 3528 5772 ιερὰ

1964 5789 2125 5844 καιρός
2141 5787 2265 5836 forte
2293 5785 2411 5836 ferri
2434 5785 2671 5849 potest’in
2693 5793 2788 5835 tam
2808 5787 3084 5835 inaccurato
3106 5786 3361 5848 scriptore.
