4044 6306
504 321 602 379 48ὶ

502 431 640 505 φησί
661 448 674 462 ·
709 430 817 486 Καὶ
845 429 968 485 πᾶν
991 429 1022 483 ὃ
1049 428 1342 483 ἐκάλεσεν
1379 428 1532 482 αὐτὰ
1563 431 1596 482 ὁ
1645 427 1817 497 Ἀδὰμ
1845 467 1863 494 ,
1891 428 2068 482 τοῦτο

504 517 690 584 ὄνομα
733 513 922 579 αὐτῷ·
961 513 1080 567 ἀντὶ
1130 513 1256 580 τοῦ,
1307 511 1616 584 Προώριστο
1657 513 1846 575 τοῦτο,
1881 514 1910 565 6
1941 511 2069 575 Θεὸς

501 597 771 664 ἐδόξασεν.

584 680 720 733 Ἀλλ’
754 682 832 744 εἰς
859 679 918 734 τὸ
936 680 1290 751 προκείμενον
1316 677 1720 748 ἐπανέλθωμεν.
1755 678 1950 750 Στήκει
1980 688 2007 716 α
2039 676 2068 729 6

512 763 701 833 Ἀδάμ,
736 765 827 817 καὶ
848 765 875 816 6
907 764 1036 827 Θεὸς
1068 764 1379 833 προήγαγεν
1412 761 1559 831 αὑτῷ
1592 762 1658 814 τά
1688 761 1823 825 ζῶα,
1850 762 1943 813 καὶ
1970 760 2066 830 οὑχ

499 847 774 917 ὑϐρίζεται
805 846 1094 918 προσάγων
1128 845 1206 915 τῷ
1251 847 1419 915 δούλῳ
1451 845 1480 896 6
1511 843 1803 912 Δεσπότης.
1833 843 1942 896 Καὶ
1969 841 2064 896 ὲάν

497 929 800 982 ἀκούσωσιν
831 929 1114 999 αίρετικοὶ,
1142 929 1221 982 ὅτι
1255 928 1485 1001 Χριστὸς
1515 928 1661 998 ἡμᾶς
1695 927 1961 998 προσάγει
1986 925 2064 997 τῷ

497 1013 672 1083 Πατρὶ
697 1054 712 1079 ,
747 1012 945 1075 εὐθέως
1001 1012 1244 1080 λέγουσιν
1269 1029 1282 1044 ’
1321 1013 1484 1083 Ὁρᾷς
1537 1011 1617 1063 ὅτι
1645 1009 1828 1073 δοῦλός
1875 1012 2060 1073 ἐστιν;

501 1097 748 1166 Ἠγαγεν
789 1097 941 1151 αὐτὰ
984 1095 1131 1165 πρὸς
1171 1096 1278 1150 τὸν
1322 1095 1510 1164 Ἀδάμ.
1543 1096 1796 1165 Είστήκει
1823 1095 1851 1145 6
1878 1093 2062 1158 δοῦλος

497 1178 717 1248 κρίνων,
751 1179 842 1232 καὶ
887 1181 914 1231 6
946 1180 1217 1248 Δεσπότης
1246 1179 1554 1249 προσάγων.
1586 1178 1694 1230 Καὶ
1729 1178 1758 1229 ὁ
1788 1176 1918 1239 Θεὸς
1962 1176 2060 1246 μὲν

495 1259 574 1330 τῷ
619 1260 788 1332 Ἀδάμ
821 1261 1108 1334 προσάγων
1141 1263 1238 1334 οὑχ
1269 1261 1519 1330 ὑϐρίζετο
1545 1276 1557 1289 ’
1606 1258 1837 1332 Χριστὸν
1865 1260 1922 1313 δὲ
1964 1260 2059 1312 ἐὰν

494 1344 766 1398 ἀκούσωσι
795 1332 1134 1416 προσάγοντα
1163 1332 1240 1416 τῷ
1270 1348 1464 1417 Πατρὶ,
1495 1347 1574 1408 είς
1608 1344 1877 1415 ὑπηρέτου
1907 1343 2059 1409 τάξιν

493 1430 758 1484 ἕλκουσιν.
803 1428 924 1480 Ἐάν
949 1428 1076 1500 εἴπῃ
1105 1431 1133 1481 6
1167 1430 1353 1500 Σωτήρ
1377 1448 1390 1462 ·
1427 1427 1632 1494 Οὐδείς
1655 1429 1886 1496 ἔρχεται
1905 1427 2058 1494 πρὸς

493 1514 599 1565 τὸν
623 1510 852 1577 Πατέρα
878 1552 894 1573 ,
925 1514 976 1564 εί
1030 1511 1110 1581 μὴ
1144 1511 1218 1564 δι’
1248 1510 1393 1580 ἐμοῦ
1418 1529 1433 1543 ο
1465 1511 1664 1574 εὑθέως
1706 1512 1754 1563 οἱ
1793 1511 2056 1580 αἱρετικοὶ

490 1596 625 1666 ὀρθά
653 1595 719 1648 τὰ
747 1589 858 1648 ὦτα
896 1594 946 1658 δ,
981 1596 1177 1665 μᾶλλον
1213 1595 1268 1648 δὲ
1297 1595 1640 1667 στρεϐλά.Τῷ
1681 1593 1851 1662 Ἀδάμ
1885 1611 2054 1665 προσ-

491 1681 640 1748 άγων
670 1681 698 1732 6
720 1680 848 1742 Θεὸς
878 1679 944 1732 τά
965 1677 1099 1742 ζῶα,
1123 1680 1220 1732 οὑκ
1251 1679 1396 1732 ἔστιν
1425 1677 1587 1732 αὑτοῦ
1619 1678 1897 1750 ὑπηρέτης
1917 1694 1930 1707 ·
1963 1678 2057 1732 ἄν·

490 1763 706 1833 θρωπον
736 1762 866 1825 Θεὸς
894 1761 1012 1832 Θεῷ
1049 1762 1144 1815 ἐὰν
1195 1763 1516 1834 προσαγάγῃ
1537 1802 1552 1826 ,
1587 1763 1857 1834 ὑπηρέτου
1903 1760 2055 1826 τάξιν

489 1847 637 1917 ἔχεις
671 1846 786 1899 Ἵνα
825 1844 880 1898 δὲ
909 1845 982 1914 μὴ
1011 1844 1182 1918 θρέψῃ
1226 1863 1319 1899 σου
1348 1847 1447 1920 τὴν
1476 1846 1629 1901 νόσον
1659 1846 1694 1917 ὴ
1725 1847 1913 1915 ἄγνοια
1947 1845 2054 1900 τῶν

487 1929 688 1996 λόγων·
749 1927 857 1996 ἐγὼ
905 1924 1020 1981 οἶδα
1063 1929 1157 1981 καὶ
1199 1929 1322 1982 Υίὸν
1359 1930 1701 2000 προσάγοντα
1731 1928 1808 2000 τῷ
1855 1929 2050 2000 Πατρὶ,

487 2012 582 2065 καὶ
606 2011 694 2064 τὸν
716 2010 932 2081 Πατέρα
956 2012 1033 2081 τῷ
1064 2011 1197 2081 Υἱῴ.
1227 2011 1331 2066 Καὶ
1353 2013 1460 2082 γὰρ
1479 2012 1648 2066 είπών
1667 2029 1679 2042 ·
1723 2011 1933 2077 Οὐδεὶς
1960 2011 2053 2078 ἕρ-

485 2113 652 2164 χεται
685 2096 834 2164 πρὸς
859 2095 966 2150 τὸν
995 2096 1225 2164 Πατέρα
1246 2135 1259 2159 ,
1291 2099 1343 2150 εὶ
1363 2096 1448 2166 μὴ
1482 2095 1555 2150 δι’
1587 2097 1733 2167 ἐμοῦ
1763 2112 1780 2129 ⁸
1822 2099 1850 2152 6
1890 2097 2052 2160 αὑτὸς

484 2180 674 2233 πάλινο
709 2180 916 2246 Οὐδεὶς
968 2181 1201 2249 ἔρχεται
1233 2182 1383 2248 πρός
1407 2197 1517 2249 με,
1556 2183 1610 2234 εὶ
1652 2180 1740 2250 μὴ
1773 2183 1806 2235 ό
1850 2181 2051 2248 Πατήρ

477 2282 597 2334 μου
631 2267 663 2317 ό
701 2262 976 2331 οὐράνιος
1004 2263 1235 2330 ἑλκύσῃ
1269 2264 1475 2318 αὐτόν.
1519 2263 1678 2328 Ἀλλ’,
1713 2267 1850 2334 ὅπερ
1881 2263 2051 2335 ἔφθην

481 2346 671 2412 εἰπὼν,
701 2342 814 2400 οἶδα
839 2344 1216 2418 προειρηκὼς,
1249 2345 1381 2399 ἀλλά
1422 2348 1676 2416 συγγενὲς
1703 2351 1767 2418 τῇ
1798 2348 2049 2424 ὑποθέσει

481 2432 543 2484 τὸ
581 2431 766 2501 ῥῆμα·
798 2429 1082 2500 συμϐαίνει
1115 2429 1170 2482 δὲ
1199 2430 1317 2482 τότε
1356 2429 1429 2500 μὴ
1473 2430 1796 2503 ἀκηκοέναι·
1835 2432 1928 2484 καὶ
1953 2432 2049 2487 νῦν

481 2514 639 2582 λέγω.
685 2513 962 2582 Ἐννόησον
1006 2512 1145 2582 πόσα
1191 2512 1308 2564 ἐστὶ
1355 2513 1423 2565 τά
1475 2511 1629 2585 [491]
1697 2515 2000 2586 τετράποδα
2029 2531 2045 2548 ο

478 2597 592 2650 ἀλλ’
615 2597 862 2667 ἐννόησον
899 2595 967 2648 τὰ
992 2596 1174 2665 ἥμερα
1195 2635 1210 2659 ,
1243 2595 1312 2648 τὰ
1350 2597 1516 2666 ἄγρια
1541 2637 1553 2660 ,
1586 2596 1653 2649 τὰ
1679 2598 1735 2649 ὲν
1762 2597 1910 2668 ὄρεσι
1931 2638 1946 2660 ,
1979 2596 2047 2651 τά

478 2685 538 2734 ὲν
566 2681 766 2743 πεδίοις
788 2721 801 2742 ,
821 2679 889 2732 τὰ
915 2680 972 2731 έν
1002 2677 1253 2742 Γαλλίαις
1278 2720 1292 2744 ,
1323 2679 1391 2732 τὰ
1423 2681 1481 2733 ὲν
1514 2679 1670 2751 Ἰνδίᾳ
1688 2719 1704 2741 ,
1727 2681 1796 2735 τὰ
1820 2684 1876 2734 ἐν
1907 2682 2046 2748 ὅλοις

475 2767 588 2828 τοῖς
611 2765 835 2835 κλίμασι
859 2763 958 2832 τῆς
980 2763 1299 2832 οἰκουμένης
1317 2777 1331 2790 ·
1363 2763 1521 2817 πάλιν
1543 2763 1768 2834 ἑρπετὰ,
1795 2765 1862 2818 τὰ
1889 2766 2041 2838 γένη,

473 2847 544 2900 τὰ
573 2847 685 2917 εῑδη
711 2886 727 2909 ,
758 2846 826 2899 τὰ
864 2844 1082 2898 πετεινά
1117 2844 1213 2898 ὅλα
1238 2885 1253 2911 ,
1287 2845 1357 2898 τά
1385 2847 1559 2917 νηκτά
1581 2863 1596 2876 ·
1628 2847 1724 2900 ὃλα
1759 2847 1826 2900 τά
1857 2849 1914 2900 ἐν
1953 2849 2046 2903 θα-

473 2931 678 3002 λάσσῃ,
730 2929 799 2982 τά
850 2930 907 2982 ὲν
949 2927 1165 2997 λίμναις
1185 2969 1200 2993 ,
1231 2928 1297 2982 τά
1330 2931 1387 2982 ὲν
1417 2931 1713 3000 ποταμοῖς·
1744 2930 1842 2984 ὅλα
1872 2932 2043 2986 ταῦτα

477 3012 846 3082 παρηγάγετο,
880 3011 976 3064 καὶ
1005 3011 1217 3080 ἑκάστῳ
1248 3011 1418 3081 ὄνομα
1447 3011 1611 3065 ἐτίθει
1643 3013 1672 3065 6
1713 3013 1916 3083 'AGip.’
1949 3015 2043 3068 καὶ

475 3099 506 3149 ὀ
545 3097 672 3158 Θεὸς
701 3096 798 3148 οὐκ
835 3095 1082 3148 ἀντεῖπεν
1107 3134 1120 3157 ,
1161 3093 1274 3147 ἀλλ’
1300 3095 1590 3166 ἐνέμεινεν.
1615 3097 1886 3167 Μυριάδες
1927 3099 2043 3152 ὀνο-

477 3180 681 3250 μάτων,
714 3179 806 3232 καὶ
838 3179 1038 3247 στοιχεῖ
1066 3188 1092 3229 εὶ
1129 3178 1158 3230 ὁ
1196 3177 1326 3240 Θεός
1351 3196 1363 3208 ·
1395 3177 1452 3230 ἓν
1485 3179 1654 3250 δνομα
1687 3179 1878 3250 λέγειό
1910 3182 2041 3245 Θεὸς

475 3261 765 3335 μαρτυρῶν
791 3263 854 3314 ὲκ
878 3259 971 3313 τοῦ
997 3259 1225 3329 ούρανοῦ
1247 3279 1261 3290 ·
1280 3256 1467 3328 Οὗτός
1491 3262 1661 3316 ἐστιν
1686 3265 1719 3316 ό
1748 3265 1880 3328 Υἱός
1897 3282 2036 3333 μου,

472 3349 565 3401 καὶ
607 3345 1055 3417 παραγράφονται
1084 3343 1134 3396 οἱ
1170 3343 1433 3414 αἱρετικοὶ
1464 3344 1562 3414 τὴν
1595 3343 1776 3415 φωνὴν
1809 3347 1888 3399 ὲνὶ
1928 3347 2041 3400 ὀνό-

471 3447 604 3501 ματι
637 3427 1014 3501 μαρτυροῦσαν
1035 3443 1049 3456 ο
1097 3427 1308 3496 ἐκείνην
1341 3427 1438 3498 τὴν
1478 3425 1634 3494 ἁγίαν
1681 3428 1860 3498 φωνὴν
1883 3471 1898 3495 ,
1941 3430 2037 3502 τὴν

473 3513 642 3584 μυρία
675 3511 911 3580 ὀνόματα
953 3509 1248 3580 δεξαμένην
1280 3511 1372 3563 καὶ
1433 3511 1506 3581 μὴ
1553 3512 2030 3580 παραχαράξασαν.

469 3596 819 3669 Προσηνέχθη
850 3595 919 3650 τὰ
951 3595 1065 3659 ζῶα
1110 3595 1202 3647 καὶ
1229 3593 1541 3664 ὠνομάσθη.
1571 3594 1771 3648 Λοιπὸν
1797 3595 2036 3669 εἱστήκει

466 3683 545 3747 ὡς
570 3679 840 3753 βασιλεύς.

537 3766 823 3836 η’.”Ωσπερ
850 3763 944 3816 ἐὰν
963 3759 1353 3832 στρατευθῶσι,
1377 3762 1629 3832 σφραγῖδι
1663 3762 1911 3836 βασιλικῇ
1935 3780 2031 3835 ση-

469 3848 775 3921 μειοῦνται·
809 3846 980 3909 οὑτως
1026 3843 1213 3914 ἐπειδὴ
1251 3843 1472 3914 ἔμελλεν
1527 3845 1675 3916 αύτῷ
1716 3846 1812 3918 τὴν
1843 3849 2035 3902 δεσπο-

465 3934 615 3986 τείαν
642 3930 1008 4002 παραδιδόναι,
1033 3931 1178 3982 ποιεῖ
1202 3928 1437 4000 ὀνόματα
1463 3929 1631 3984 θεῖναι
1652 3931 1728 3994 ὡς
1746 3933 2028 4002 δεσπότην,

462 4016 702 4085 ὀνόματα
729 4014 834 4082 γὰρ
863 4014 923 4065 οὑ
959 4012 1170 4083 τίθησιν
1195 4052 1210 4076 ,
1237 4012 1270 4083 ἢ
1297 4012 1569 4084 Δεσπότης
1615 4015 1773 4083 μόνος
1797 4017 1891 4069 καὶ
1915 4018 2026 4072 Πα-

462 4102 588 4168 τήρ.
635 4097 894 4166 Πρόσεχε.
923 4095 1042 4148 Τῶν
1075 4095 1352 4165 ὀνομάτων
1377 4095 1414 4150 6
1457 4098 1556 4168 μὲν
1585 4097 1780 4169 έθηκεν
1804 4102 1833 4153 6
1863 4101 1993 4166 Θεὸς
2012 4142 2028 4166 ,

461 4182 498 4235 6
523 4182 579 4235 δὲ
607 4182 636 4235 6
673 4179 860 4249 Ἀδάμ.
884 4181 992 4233 Καὶ
1012 4182 1040 4232 6
1064 4180 1160 4250 μὲν
1181 4179 1312 4244 Θεὸς
1340 4180 1594 4235 ἐκάλεσεν
1627 4183 1870 4252 οὐρανὸν,
1904 4187 2027 4257 γῆν,

463 4265 755 4329 θάλασσαν,
791 4263 1093 4334 στερέωμα,
1129 4263 1369 4335 ἡμέραν,
1400 4263 1548 4332 φῶς,
1578 4265 1767 4333 νύκτα,
1798 4269 2025 4342 καρπὸν,

462 4350 713 4419 βοτάνην,
747 4349 958 4419 χόρτον,
999 4347 1129 4412 ξύλα
1153 4360 1166 4374 '
1200 4348 1269 4401 τά
1295 4349 1465 4418 κτήνη
1493 4347 1547 4401 δὲ
1579 4351 1673 4402 κα)⁸
1701 4353 1768 4404 τὰ
1808 4353 2027 4409 πετεινά

458 4436 490 4486 6
531 4432 698 4502 Ἀδάμ
749 4427 900 4484 εἶπεν
928 4446 941 4461 ο
972 4429 1187 4494 ταῶνα,
1215 4430 1372 4483 άετὸν
1393 4471 1408 4495 ,
1461 4431 1655 4503 μόσχον
1673 4472 1689 4499 ,
1719 4435 1984 4507 πρόϐατον
2008 4453 2024 4468 °

459 4509 614 4579 οὗτος
640 4515 708 4568 τά
736 4515 847 4584 εἴδη
870 4555 884 4577 ,
912 4516 1116 4578 ἐκεῖνος
1137 4511 1206 4566 τά
1244 4513 1373 4585 γένη
1394 4557 1407 4580 ,
1443 4516 1528 4568 ἵνα
1563 4516 1636 4588 μὴ
1663 4518 1924 4592 ψεύσηται
1965 4521 2028 4575 τὸ

461 4601 612 4670 ῥῆμα
656 4598 750 4652 τοῦ
805 4598 1048 4661 εἰπόντος
1083 4614 1097 4628 ’
1134 4597 1481 4667 Ποιήσωμεν
1534 4601 1845 4671 ἄνθρωπον
1899 4607 2025 4659 κατ’

457 4681 665 4735 εἰκόνα
695 4680 1004 4749 ἡμετέραν.
1054 4681 1114 4734 '0
1145 4681 1276 4744 Θεὸς
1302 4683 1540 4752 ὀνόματα
1570 4685 1748 4757 τίθησι
1776 4689 1888 4750 τοῖς
1915 4707 2026 4758 φω-

461 4769 656 4837 στῆρσι
676 4782 690 4797 ·
731 4766 828 4834 τὴν
853 4764 1079 4835 ἄρκτον,
1105 4764 1198 4818 τὸν
1238 4765 1453 4836 ὡρίωνα
1473 4807 1488 4829 ,
1515 4771 1613 4840 τὴν
1641 4771 1865 4826 πλειάδα
1889 4813 1903 4837 ,
1936 4774 2024 4826 τὸν

456 4850 688 4919 ἕσπερον
710 4889 725 4908 ,
755 4848 844 4901 τὸν
885 4847 1186 4919 φωσφόρον.
1216 4848 1400 4903 Ταῦτα
1433 4851 1607 4905 πάντα
1639 4855 1666 4906 6
1715 4853 1846 4918 Θεὸς
1892 4855 2021 4908 ὠνό-

460 4951 650 5003 μασεν.
682 4935 966 5003 Μαρτυρεῖ
1000 4931 1163 4986 Δαυτδ
1194 4933 1363 5002 λέγων
1388 4953 1400 4966 ·
1446 4936 1506 4988 '0
1531 4937 1790 5006 ἀριθμῶν
1819 4939 2020 5010 πλήθη

455 5016 714 5083 ἄστρων,
754 5016 851 5069 καὶ
888 5013 1077 5070 πᾶσιν
1101 5016 1303 5082 αὐτοῖς
1331 5019 1590 5086 ὀνόματα
1637 5019 1858 5074 καλῶν.
1891 5021 2022 5090 Θεὸς

454 5100 831 5170 ὀνοματοποιεῖ
874 5100 940 5153 τά
973 5098 1084 5152 ἄνω
1108 5138 1123 5161 ,
1168 5099 1340 5171 Ἀδάμ
1381 5102 1448 5154 τὰ
1495 5103 1586 5156 ἐπὶ
1616 5104 1717 5173 γῆς
1742 5120 1757 5134 ο
1809 5107 1964 5160 καλεῖ
1993 5111 2021 5163 ὁ

453 5184 587 5248 Θεὸς
611 5183 856 5256 οὐρανὸν,
887 5183 1011 5254 γῆν,
1040 5182 1217 5236 πάντα
1239 5183 1306 5236 τὰ
1338 5183 1468 5237 ἄλλα
1485 5200 1497 5212 ·
1523 5187 1676 5239 καλεῖ
1697 5188 1786 5241 τὸν
1828 5191 2017 5262 Ἀδάμ,

456 5264 597 5336 πῦρ,
633 5265 936 5336 ἄνθρωπον.
993 5266 1050 5320 '0
1091 5265 1261 5336 Ἀδὰμ
1311 5267 1365 5318 τί
1411 5266 1599 5335 καλεῖ;
1649 5271 1854 5343 Ὄνομα
1907 5278 2016 5340 τοῖς

453 5349 696 5418 κτήνεσι,
729 5352 840 5414 τοῖς
872 5351 1165 5414 πετεινοῖς,
1200 5351 1310 5413 τοῖς
1339 5350 1586 5420 ἑρπετοῖς
1606 5393 1621 5418 ,
1647 5355 1756 5418 τοῖς
1786 5355 2013 5428 θηρίοις.

523 5430 693 5484 Καλεῖ
723 5431 891 5504 ὄνομα
932 5432 1078 5498 ξένον
1109 5435 1136 5486 6
1177 5431 1345 5503 Ἀδάμ
1368 5473 1380 5496 ,
1408 5433 1595 5488 ὀστοῦν
1632 5438 1805 5508 σάρκα
1830 5482 1844 5507 ,
1890 5444 2017 5513 περὶ

518 5562 546 5623 _‘
566 5562 676 5612 Sav.
714 5566 939 5623 εἱστήκει.

516 5619 546 5657 δ
568 5623 764 5672 Samio.
795 5619 946 5676 λείπει
978 5628 1160 5678 εγουοτ.

516 5643 546 5657 υ
568 5643 676 5670 διν.
700 5643 764 5672 ισ.
797 5643 946 5676 “me:
978 5643 1002 5678 ε
1035 5643 1160 5676 ουσι.

447 5683 660 5806 ﬂ;
695 5685 949 5740 Combeﬂs.
987 5643 1138 5740 ἔθνη.
1180 5690 1232 5740 in
1257 5696 1397 5743 textu
1438 5692 1671 5756 στοιχεῖα,
1705 5695 1760 5746 in.
1791 5697 2012 5763 margine

1872 312 2245 370 SEVERIANI

3633 311 3726 370 ιεε

2177 429 2275 500 τῆς
2321 429 2576 498 γυναικὸς
2622 430 2795 500 λέγων
2818 446 2832 460 ·
2873 430 3050 486 Τοῦτο
3101 428 3218 485 νῦν
3266 425 3490 482 ὀστοῦν
3519 424 3590 484 ἐκ
3623 425 3730 480 τῶν

2175 510 2372 565 ὀστῶν
2403 531 2541 582 μου,
2570 515 2666 566 καὶ
2705 514 2862 582 σὰρξ
2891 515 2958 567 ἐκ
2989 513 3099 582 τῆς
3123 511 3347 579 σαρκός
3372 529 3510 579 μου.
3551 509 3608 562 ⁸0
3631 509 3729 580 γάρ

2175 594 2303 658 Θεὸς
2339 597 2426 650 ὅτε
2481 599 2641 651 αὑτὸν
2677 597 2906 651 ἔπλασεν
2932 640 2945 662 ,
2980 599 3078 649 οὐκ
3108 592 3258 648 εἶπεν
3285 635 3300 658 ,
3347 595 3428 647 ὅτι
3459 594 3517 658 ἐξ
3542 594 3730 646 ὀστέων

2174 679 2333 732 αὑτὸν
2358 679 2555 733 ἔπλασε
2583 683 2675 734 καὶ
2701 681 2920 752 σαρκός.
2956 681 3122 733 Πάλιν
3149 680 3176 731 6
3194 679 3326 741 Θεὸς
3349 678 3517 752 λέγει,
3550 677 3727 747 ἄρρεν’

2171 754 2324 825 οὗτος
2358 763 2520 830 λέγει,
2556 765 2694 836 ἁνήρ
2722 781 2732 794 '
2764 751 2792 817 6
2827 763 2958 826 Θεὸς
2979 763 3145 830 λέγει,
3181 761 3310 830 θῆλυ
3337 777 3352 792 ο
3378 751 3532 822 οὗτος
3560 759 3727 827 λέγει,

2169 847 2324 915 γυνή.
2357 847 2464 899 Καὶ
2507 846 2566 898 τὸ
2619 846 2924 916 θαυμαστὸν
2947 885 2962 908 ,
2999 845 3182 915 ἐπειδὴ
3228 844 3535 913 Πνεύματος
3585 843 3728 910 ἁγίου

2169 930 2542 1002 ἐπεπλήρωτο,
2572 931 2665 985 καὶ
2705 931 2913 984 οὐδέπω
2937 925 3006 1001 ἦν
3042 929 3294 1000 παραϐὰς
3325 932 3352 981 6
3376 929 3555 990 ἄθλιος
3577 967 3592 992 ,
3623 926 3726 980 ἀλλ’

2168 1012 2333 1083 ἔγεμε
2365 1015 2583 1085 χάριτος
2603 1053 2616 1076 ,
2646 1017 2678 1083 ἡ
2713 1015 3040 1085 προφητεία,
3066 1014 3132 1082 ἢν
3161 1012 3350 1065 διεῖλον
3387 1011 3492 1082 πρὸ
3517 1011 3727 1081 ἡμερῶν

2167 1096 2260 1148 ἐπὶ
2296 1099 2392 1167 τῆς
2434 1098 2704 1169 ὑμετέρας
2746 1098 2969 1168 ἀγάπης
2991 1137 3006 1159 ,
3047 1097 3142 1166 ὅλη
3194 1091 3260 1167 ἦν
3293 1096 3351 1148 ὲν
3385 1094 3551 1164 αὑτῷ.
3584 1094 3727 1165 ᾝδει

2165 1178 2274 1250 γὰρ
2299 1179 2368 1232 τὰ
2393 1180 2730 1251 προλαϐόντα
2753 1221 2768 1243 ,
2800 1181 2916 1252 ᾔδει
2946 1180 3014 1234 τά
3059 1179 3352 1242 ἐνεστῶτα,
3389 1179 3483 1232 καὶ
3515 1177 3582 1230 τά
3610 1178 3726 1246 μέλ-

2164 1260 2341 1315 λοντα.
2385 1263 2510 1327 Πῶς
2554 1263 2622 1317 τά
2672 1264 2913 1334 παρόντα
2958 1264 3109 1334 ᾔδει;
3151 1263 3237 1316 Ἐν
3277 1261 3489 1332 σώματι
3543 1260 3725 1326 ἔξωθεν

2164 1345 2344 1400 ὀστέον
2379 1348 2438 1401 οὐ
2467 1347 2750 1416 φαίνεται·
2785 1347 2898 1400 ἀλλ’
2928 1347 3116 1417 ἐπειδὴ
3143 1346 3203 1399 τὸ
3233 1346 3456 1414 Πνεῦμα
3483 1339 3616 1414 εἶχε,
3650 1345 3726 1398 λέ-

2163 1446 2249 1496 γει
2273 1445 2285 1458 ·
2329 1431 2506 1485 Τοῦτο
2527 1431 2643 1484 νῦν
2667 1431 2893 1484 ὀστοῦν
2924 1431 2994 1485 ἐκ
3029 1430 3148 1484 τῶν
3186 1432 3380 1487 ὀστῶν
3399 1447 3537 1498 μου.
3564 1428 3724 1481 Πόθεν

2162 1513 2299 1583 ᾔδει,
2348 1515 2398 1566 εί
2433 1513 2508 1585 μὴ
2537 1513 2758 1584 Πνεῦμα
2811 1513 2963 1582 ἅγιον
3015 1511 3403 1583 ἀπεκάλυψενς
3440 1511 3593 1564 Διατί
3639 1508 3725 1565 οὖν

2163 1596 2375 1666 πρῶτον
2396 1597 2606 1662 ὀστοῦν,
2625 1599 2719 1652 καὶ
2752 1597 2872 1650 τότε
2904 1599 3066 1667 σάρξ;
3093 1597 3309 1666 Ἐπειδὴ
3330 1596 3544 1667 πρῶτον
3573 1595 3727 1648 πλευ.

2163 1681 2263 1753 ράν
2285 1681 2474 1736 ἐλαϐεν
2513 1681 2572 1746 ἐξ
2601 1680 2788 1736 αὑτοῦ.
2828 1682 2989 1748 Αὕτη
3009 1723 3025 1745 ,
3059 1681 3212 1751 φησὶ,
3243 1681 3606 1746 κληθήσεται
3633 1698 3729 1748 τυ-

2159 1763 2257 1832 νὴ,
2290 1764 2381 1818 ὅτι
2414 1765 2484 1818 ἐκ
2510 1763 2618 1818 τοῦ
2654 1763 2874 1832 ἀνδρὸς
2901 1763 3092 1832 αὐτῆς
3120 1764 3355 1832 ἐλήφθη
3394 1763 3570 1830 αὕτη.
3603 1763 3729 1832 Προ·

2161 1845 2382 1916 φητεύει
2412 1847 2480 1900 τὰ
2507 1847 2866 1919 προλαϐόντα,
2901 1845 3022 1900 εἷπε
3049 1847 3117 1900 τά
3155 1846 3400 1918 παρόντα
3428 1861 3443 1876 ⁸
3482 1846 3630 1913 λέγει
3665 1845 3729 1898 τὰ

2163 1929 2422 2000 μέλλοντα
2445 1947 2459 1960 ·
2505 1930 2652 1983 Ἂντὶ
2685 1929 2838 2000 [492]
2877 1931 3090 1984 τούτου
3118 1931 3466 1997 καταλείψει
3506 1929 3726 1996 ἂνθρω-

2158 2025 2273 2078 πος
2315 2011 2423 2065 τὸν
2447 2012 2672 2078 πατέρα
2707 2011 2894 2066 αὐτοῦ
2939 2013 3036 2066 καί
3085 2012 3200 2080 τὴν
3227 2012 3474 2081 μητέρα.
3508 2011 3727 2065 Ούδέπω

2157 2094 2336 2164 γάμος
2358 2133 2372 2157 ,
2404 2095 2498 2148 καὶ
2529 2095 2692 2148 πόθεν
2725 2096 2907 2166 πατὴρ
2945 2096 3039 2149 καὶ
3072 2096 3292 2166 μήτηρ;
3332 2095 3496 2148 πάλιν
3536 2094 3726 2148 ἀκουέ-

2156 2195 2336 2232 τωσαν
2360 2177 2642 2248 αἱρετικοί.
2677 2178 2966 2248 Ἦθέλησεν
2993 2180 3020 2231 ὀ
3045 2177 3174 2240 Θεὸς
3206 2177 3426 2248 ποιῆσαι
3458 2178 3536 2248 τῷ
3562 2178 3726 2247 ’Δδάμ

2155 2259 2254 2332 τὴν
2277 2262 2554 2328 γυναῖκα..
2576 2260 2901 2314 Ἐπέϐαλεν
2929 2262 3223 2314 ἔκστασιν
3245 2261 3340 2313 ἐπὶ
3367 2261 3478 2312 τὸν
3524 2259 3723 2329 Ἀδὰμ,

2155 2343 2253 2395 καί
2315 2342 2617 2396 ὕπνωσεν.
2678 2343 2793 2396 Πᾶν
2859 2343 3008 2413 ῥῆμα
3063 2342 3196 2396 Θεοῦ
3265 2343 3494 2414 ἀρχαῖον
3549 2343 3724 2396 κανὼν

2155 2425 2373 2493 ἐγένετο
2422 2427 2518 2496 τῆς
2555 2425 2787 2496 φύσεως.
2835 2427 3178 2480 Ἐπαίδευσεν
3209 2428 3317 2480 ἀπὸ
3353 2427 3446 2480 τοῦ
3488 2427 3722 2498 πρώτου,

2155 2509 2272 2572 πῶς
2302 2510 2382 2562 δεῖ
2407 2510 2834 2582 ἁπομερίζεσθαι
2888 2511 2996 2565 61:6
3039 2511 3133 2565 τοῦ
3179 2510 3466 2585 ἀνθρώπου
3505 2513 3566 2566 τὸ
3595 2513 3726 2567 πλά-

2155 2608 2284 2662 σμα.
2327 2593 2652 2646 Ἔπέϐαλεν
2701 2596 2736 2648 ό
2789 2592 2933 2660 Θεὸς
2983 2591 3063 2658 τῷ
3107 2595 3290 2664 Ἀδὰμ
3327 2596 3546 2649 ὕπνον.
3582 2595 3721 2648 Θαυ-

2155 2675 2360 2746 μαστὸν
2405 2678 2654 2748 πρᾶγμα.
2690 2677 2792 2730 Τὸν
2840 2677 3030 2748 καιρόν
3063 2677 3237 2747 λέγει,
3288 2678 3409 2732 καθ’
3455 2676 3515 2730 ὃν
3563 2679 3594 2730 6
3627 2679 3720 2745 γά-

2153 2775 2271 2828 μος.
2307 2758 2512 2822 ’Ύπνος
2543 2759 2799 2824 ἔκστασις
2843 2759 3098 2828 λέγεται,
3154 2763 3340 2833 ἐπειδὴ
3373 2760 3558 2832 ὥσπερ
3617 2761 3720 2826 ἔξω

2149 2840 2342 2895 ἑαυτοῦ
2378 2842 2566 2912 στήκει
2615 2843 2644 2895 6
2690 2843 2992 2914 ἄνθρωπος.
3030 2844 3178 2897 Ἐσω
3209 2846 3241 2915 ἡ
3284 2845 3423 2915 ψυχὴ
3446 2884 3461 2908 ,
3496 2845 3589 2898 καὶ
3619 2846 3719 2898 οὑκ

2149 2922 2257 2976 ἔσω
2292 2923 2460 2977 ἐστίν.
2491 2925 2604 2978 Οὐκ
2631 2924 2944 2980 αἰσθάνεται
2970 2964 2985 2989 ,
3028 2927 3089 2978 οὑ
3143 2930 3285 2990 νοεῖ,
3324 2926 3590 2980 ἀκούουσα
3621 2928 3720 2981 οὑκ

2147 3007 2568 3081 ἀκούει.”Ωσπερ
2587 3013 2824 3082 σήμερον
2848 3011 3094 3082 λέγομεν·
3126 3010 3408 3065 Ἐκστάσει
3429 3013 3719 3083 ἐχρήσατο,

2146 3089 2251 3156 ἔξω
2281 3091 2388 3144 τῶν
2414 3093 2752 3164 πραγμάτων
2779 3095 3066 3164 γενόμενος
3093 3113 3105 3124 ·
3137 3093 3362 3168 οῦτωςή
3389 3096 3538 3168 ψυχὴ
3557 3138 3573 3162 ,
3598 3099 3722 3151 ὃταν

2146 3174 2250 3238 ἔξω
2277 3176 2500 3247 γένηται
2538 3177 2644 3233 τῶν
2681 3179 2983 3250 αἰσθήσεων
3006 3222 3021 3245 ,
3056 3181 3111 3232 ὲν
3151 3180 3403 3233 ἐκστάσει
3440 3181 3578 3234 ἐστί.
3615 3183 3716 3236 Καὶ

2146 3257 2409 3322 ὕπνωσε,
2435 3261 2587 3331 ιρησὶ,
2623 3262 2718 3315 καὶ
2751 3262 2966 3316 ἔλαϐεν
2988 3266 3021 3317 ὀ
3040 3264 3182 3328 Θεὸς
3205 3266 3353 3332 μίαν
3379 3263 3500 3318 τῶν
3533 3269 3712 3320 πλευ-

2137 3340 2264 3408 ρῶν
2313 3343 2518 3396 αὐτοῦ.
2573 3343 3000 3415 Ἐρωτάσθωσαν
3039 3347 3304 3418 αίρετικοὶ
3349 3348 3528 3401 ταῦτα
3553 3366 3566 3380 ο
3606 3350 3715 3412 πῶς

2143 3423 2332 3479 ἐλαϐεν
2359 3428 2387 3479 6
2411 3426 2570 3492 Θεός;
2604 3427 2720 3492 πῶς
2741 3429 2838 3481 οὑκ
2871 3428 3108 3500 ἤλγησεν
3153 3433 3182 3483 ὀ
3235 3431 3441 3501 Ἀδάμς
3477 3433 3595 3496 πῶς
3623 3437 3715 3486 οὐκ

2143 3507 2387 3579 ὠδυνήθη
2411 3525 2425 3573 ;
2454 3509 2567 3562 Μία
2596 3509 2716 3581 θρὶξ
2741 3513 3054 3566 ἀποσπᾶται
3081 3513 3189 3567 ἀπὸ
3211 3513 3304 3567 τοῦ
3326 3514 3601 3586 σώματος,
3627 3518 3716 3570 καὶ

2141 3590 2478 3662 ὀδυνώμεθα·
2516 3593 2620 3646 κᾶν
2651 3593 2834 3648 ὑπνῶν
2877 3593 3020 3671 τιςῇ
3061 3599 3143 3659 είς
3172 3597 3240 3650 τὰ
3278 3597 3438 3668 βάθη,
3481 3600 3590 3652 ὑπὸ
3622 3602 3715 3672 τῆς

2141 3675 2332 3746 ὀδύνης
2362 3676 2705 3741 ὲξυπνίζεται
2736 3679 2766 3731 6
2795 3679 3072 3734 καθεύδων
3093 3696 3108 3711 ·
3140 3681 3392 3736 τοσοῦτον
3426 3683 3589 3752 μέλος
3623 3687 3716 3736 έπ-

2141 3761 2353 3830 αίρεται
2376 3800 2391 3823 ,
2427 3761 2662 3833 τοσαύτη
2699 3761 2910 3834 πλευρὰ
2951 3765 3351 3835 σπαράττεται,
3381 3767 3476 3820 καὶ
3509 3770 3610 3821 οὑκ
3635 3769 3716 3834 ἐξ·

2140 3842 2417 3906 υπνίζεται
2438 3845 2466 3898 6
2487 3845 2793 3912 καθεύδων;
2822 3847 2936 3900 υὺκ
2963 3849 3280 3902 ἀπέσπασεν
3303 3850 3470 3921 αὑτὴν
3492 3851 3606 3923 βίᾳ.
3631 3853 3715 3906 ἵνα

2139 3926 2450 3998 ἐξυπνισθῇ,
2473 3929 2571 3981 οὑκ
2597 3929 3011 4001 ἀπεσπάραξεν⁸
3040 3931 3176 3986 ἀλλὰ
3207 3932 3433 3986 θέλουσα
3459 3937 3494 4004 ἡ
3524 3935 3710 4006 Γραφὴ

2137 4009 2197 4062 τὸ
2236 4009 2496 4081 σύντομον
2540 4013 2709 4078 δεῖξαι
2766 4013 2860 4068 τοῦ
2902 4017 3181 4086 τεχνίτου,
3222 4017 3388 4084 λέγει,
3430 4019 3708 4076 Ἔλαϐεν.

2153 4093 2453 4164 Ἐλύθησαν
2482 4097 2532 4148 οί
2562 4097 2746 4167 ἁρμοὶ,
2781 4099 2875 4151 καὶ
2906 4099 3005 4151 οὐκ
3028 4099 3258 4169 ᾕσθετο;

2207 4175 2478 4231 θ’.Ἔλαϐε
2493 4180 2591 4251 τὴν
2611 4179 2870 4252 πλευράν,
2897 4180 3047 4235 ὥσπε
3055 4200 3086 4253 ρ
3103 4182 3258 4237 ἔλαϐε
3275 4183 3364 4236 τὸν
3381 4183 3532 4254 χοῦν.
3556 4186 3620 4239 EE
3645 4181 3712 4256 ἦν

2133 4259 2291 4324 ἄλλος
2319 4263 2347 4314 ὀ
2375 4263 2642 4332 ἁρμόσας,
2671 4265 2764 4317 καὶ
2795 4264 2952 4329 ἄλλος
2980 4267 3008 4319 6
3027 4265 3215 4329 λύσας,
3250 4266 3397 4338 μάχη
3435 4263 3537 4338 ἦν’
3575 4271 3624 4322 εί
3653 4270 3710 4323 δὲ

2131 4344 2160 4396 ὀ
2183 4343 2348 4413 δήσας
2369 4344 2574 4410 έλυσεν,
2599 4345 2768 4417 ἡδέως
2789 4364 2904 4410 πως
2931 4347 3140 4403 ἔλυσεν.
3158 4351 3370 4403 Ἔλαϐε
3390 4350 3506 4417 τὴν
3525 4357 3711 4406 πλευ-

2125 4425 2264 4494 ρὰν,
2304 4427 2402 4480 καὶ
2447 4427 2841 4496 ἀνεπλήρωσε
2887 4430 3084 4500 σάρκα
3112 4433 3239 4486 ἀντ’
3280 4431 3489 4501 αὐτῆς.
3542 4437 3711 4488 Πόθεν

2132 4508 2514 4579 ἀνεπλήρωσεν
2534 4528 2547 4576 ;
2585 4515 2647 4564 ὲκ
2665 4511 2759 4564 τοῦ
2780 4513 2938 4566 ἄλλον
2967 4513 3216 4585 σώματος
3237 4515 3522 4584 εἴλκυσεν;
3551 4518 3710 4572 Ἀλλά

2131 4595 2239 4646 πᾶν
2273 4593 2431 4663 σῶμα
2455 4595 2764 4665 ἑλκόμενον,
2796 4595 3117 4669 λεπτότερον
3149 4600 3376 4668 γίνεται.
3419 4602 3545 4666 Πῶς
3580 4605 3711 4657 ἁνε-

2131 4676 2450 4748 πλήρωσενς
2504 4679 2614 4732 Καὶ
2678 4681 2804 4752 περὶ
2868 4680 3116 4752 σώματος
3163 4683 3462 4754 λαλοῦμεν,
3502 4687 3597 4740 καὶ
3643 4687 3706 4740 ού

2131 4759 2390 4829 νοοῦμενο
2431 4763 2559 4832 περὶ
2597 4761 2730 4816 Θεοῦ
2767 4763 3054 4834 λαλοῦμεν,
3086 4765 3180 4819 καὶ
3216 4768 3706 4838 πολυπραγμονοῦ-

2133 4858 2264 4911 μεν;
2290 4843 2408 4896 ’Καὶ
2441 4843 2826 4914 ᾠκοδόμησεν
2851 4851 2884 4902 ό
2913 4849 3125 4918 Κύριος
3153 4851 3266 4917 τὴν
3299 4853 3594 4920 πλευρὰν,
3627 4853 3706 4921 ῆν

2129 4925 2344 5008 ἔλαϐεν
2381 4927 2498 4980 ἀπὸ
2537 4928 2644 4983 τοῦ
2676 4929 2868 5000 Ἀδὰμ,
2889 4935 2975 4999 εὶς
3004 4938 3271 5003 γυναῖκα.
3308 4935 3477 4988 Πόθεν
3504 4937 3706 5008 ὀφθαλ-

2131 5012 2220 5078 μοὶ
2251 5007 2359 5061 ἀπὸ
2403 5009 2642 5082 πλευρᾶς
2675 5014 2989 5084 έπάγησαν;
3037 5016 3200 5069 πόθεν
3251 5018 3448 5090 καρδία
3493 5007 3704 5087 λογιζο-
3743 5039 3752 5070 .

2130 5090 2300 5176 μένη;
2331 5091 2492 5146 πόθεν
2524 5093 2736 5162 γλῶττα
2773 5097 3146 5170 φθεγγομένης
3185 5101 3302 5165 πῶς
3334 5102 3552 5176 διετάθη
3591 5107 3701 5158 ἀπὸ

2128 5173 2364 5261 πλευρᾶς
2393 5176 2638 5261 έντερον;
2677 5180 2792 5243 πῶς
2834 5182 3048 5249 ἐγένετο
3086 5184 3192 5237 ἀπὸ
3231 5185 3471 5256 πλευρᾶς
3503 5173 3698 5261 {5:69;

2125 5256 2309 5310 Ταῦτα
2349 5259 2464 5321 πῶς
2486 5261 2701 5328 ἐγένετο
2733 5263 2832 5316 οὑκ
2865 5264 3069 5335 ίσχύεις
3101 5268 3447 5333 καταλαϐεῖν,
3485 5256 3581 5326 καὶ
3607 5256 3701 5326 τὸν

2122 5341 2369 5427 τεχνίτην
2400 5342 2900 5416 πολυπραγμονεῖς;
2932 5348 3092 5402 Ἀλλά
3119 5351 3215 5421 τὴν
3245 5353 3429 5406 εἰκόνα
3456 5355 3697 5427 Χριστοῦ

2124 5421 2286 5492 βλέπε
2319 5427 2609 5497 πανταχοῦ.
2641 5429 2716 5481 Ού
2755 5431 3017 5503 πρότερον
3051 5433 3236 5488 ἔλαϐεν
3264 5437 3293 5489 6
3312 5437 3446 5500 Θεὸς
3469 5421 3580 5493 ἀπὸ
3602 5439 3696 5492 τοῦ

2134 5505 2304 5578 Ἀδάμ
2330 5507 2427 5578 τὴν
2456 5510 2715 5583 πλευρὰν,
2746 5513 2848 5577 ἕως
2888 5517 2976 5568 ὅτε
3025 5515 3189 5571 ὕπνον
3227 5518 3375 5587 αὑτῷ
3419 5521 3690 5576 ἐνέϐαλεν.

2119 5591 2306 5678 μιατί
2339 5591 2472 5645 Ἀπὸ
2505 5593 2744 5667 πλευρᾶς
2777 5599 2811 5668 ἡ
2846 5599 3083 5670 ἁμαρτία
3124 5601 3315 5671 ἔμελλε
3357 5604 3624 5671 γίνεσθαι,
3652 5608 3690 5678 ἡ

2119 5674 2207 5761 διά
2248 5675 2344 5761 τῆς
2395 5679 2652 5761 γυναικὸς
2678 5682 3012 5739 εἰσελθοῦσα.
3046 5681 3245 5740 Ἦλθεν
3286 5688 3314 5740 6
3345 5689 3539 5761 ἃυτὴρ
3582 5674 3690 5746 ἀπὸ

2120 5756 2359 5837 ’πλευρᾶς
2385 5759 2562 5832 φέρων
2589 5761 2732 5836 ὓδωρ
2777 5769 2870 5824 καὶ
2911 5763 3071 5840 αἷμα,
3101 5769 3244 5842 ὕδωρ
3280 5756 3589 5828 ἀποπλύνον
3617 5773 3691 5829 τὰ
