4074 6308
274 353 376 413 481

280 471 590 542 ιιτωίίηἰεεθ,
622 471 735 526 ait:
764 470 832 525 Et
859 486 1005 526 omne
1036 469 1171 541 quod
1211 471 1401 524 vocavit
1425 468 1609 532 Adam,
1649 467 1741 519 hoc
1785 472 1855 517 est

278 577 458 615 nomen
486 562 632 633 ejus;
671 576 733 616 ac
772 563 814 615 si
853 560 1013 627 dicat,
1060 559 1382 614 Prmlinitum
1422 568 1555 621 erat,
1590 558 1690 611 hoc
1719 555 1859 610 Deus

277 654 607 711 decreverat.

347 744 536 803 Contra
576 745 815 801 Arianos.
841 773 911 784 -—
934 746 1130 800 Verum
1159 744 1225 799 ad
1261 744 1586 814 propositum
1623 750 1859 797 reverta-

277 855 418 893 mur.
444 838 563 893 Stat
599 838 790 902 Adam,
832 848 887 893 et
912 838 1050 892 Deus
1090 835 1305 891 adducit
1338 836 1416 891 illi
1443 835 1711 899 animalia,
1757 850 1857 890 nec

276 931 525 986 dedecori
553 939 635 984 est
663 930 907 996 Domino,
935 928 1074 999 quod
1102 928 1330 983 adducat
1356 927 1424 981 ad
1453 942 1683 982 servum.
1717 926 1784 980 Et
1813 926 1856 980 si

274 1026 491 1080 audiant
520 1024 778 1087 haeretici,
810 1022 1080 1078 Christum
1110 1036 1208 1076 nos
1234 1020 1497 1075 adducere
1521 1020 1586 1073 ad
1614 1020 1853 1083 Patrem,

273 1117 453 1170 statim
496 1116 722 1169 dicunt:
753 1114 937 1169 Viden‘
980 1114 1126 1166 illum
1172 1126 1292 1167 esse
1336 1112 1589 1166 servum?
1631 1110 1856 1163 Adduxit

272 1207 367 1262 illa
393 1209 461 1261 ad
487 1207 670 1261 Adam.
700 1205 883 1261 Stabat
908 1221 1091 1259 servus
1115 1204 1379 1274 judicans,
1406 1212 1460 1259 et
1486 1202 1738 1257 Dominus
1763 1203 1857 1255 ad-

276 1302 500 1357 ducens.
525 1302 600 1355 Ac
622 1301 760 1355 Deus
780 1299 991 1368 quidem
1017 1298 1221 1352 Adamo
1244 1297 1513 1352 adducens
1537 1311 1642 1350 non
1666 1296 1853 1364 injuria

270 1393 636 1451 afﬁciebatur:
666 1392 931 1447 Christum
954 1406 1082 1445 vero
1108 1392 1150 1444 si
1172 1390 1389 1445 audiant
1412 1388 1645 1443 haeretici
1666 1388 1731 1441 ad
1756 1388 1854 1441 Pa-

276 1497 414 1541 trem
448 1486 731 1551 adducere,
762 1486 937 1539 statim
966 1485 1016 1537 in
1058 1482 1283 1538 ministri
1309 1490 1363 1537 et
1402 1481 1582 1536 famuli
1612 1480 1852 1534 ordinem

270 1578 508 1632 trahunt.
538 1577 592 1632 Si
632 1576 774 1631 dicat
805 1574 1074 1640 Servatur,
1121 1572 1285 1628 Nemo
1328 1576 1460 1628 venit
1510 1572 1577 1625 ad
1626 1571 1850 1638 Patrem,

268 1672 371 1725 nisi
402 1687 489 1740 per
518 1686 595 1723 me
632 1669 806 1740 (Joan.
851 1669 936 1723 l4.
967 1668 1023 1737 6)
1068 1685 1082 1721 :
1113 1666 1289 1721 statim
1335 1665 1568 1720 haaretici
1608 1667 1851 1730 arrectis,

268 1763 382 1817 imo
426 1761 689 1832 perversis
733 1767 876 1814 stant
911 1746 1146 1812 auribus.
1178 1756 1457 1811 Adducens
1494 1756 1559 1810 ad
1591 1756 1852 1809 Adamum

268 1854 520 1907 animalia
567 1853 723 1915 Deus,
762 1866 865 1905 non
896 1860 975 1905 est
1014 1850 1128 1918 ejus
1172 1850 1443 1911 minister;
1492 1846 1759 1900 hominem
1808 1846 1850 1899 si

274 1947 413 2002 Deus
442 1947 550 2000 Deo
578 1945 783 2008 oll‘erat,
813 1944 1038 1999 ministri
1071 1942 1228 1996 habet
1256 1940 1537 1996 ordinem?
1574 1940 1651 1995 Ne
1674 1949 1849 1994 autem

269 2038 516 2093 morbum
544 2048 690 2091 tuum
721 2038 827 2090 alat
854 2037 1136 2091 verborum
1166 2034 1493 2105 ignorantia;
1522 2048 1621 2103 ego
1646 2034 1757 2088 scio
1799 2041 1852 2087 et

269 2130 464 2185 Filium
494 2129 687 2184 offerre
718 2128 880 2193 Patri,
909 2138 959 2183 et
993 2129 1204 2183 Patrem
1238 2127 1393 2182 Filio.
1424 2126 1553 2180 Cum
1582 2126 1804 2180 dixisset
1834 2143 1847 2179 :

276 2221 436 2276 Nemo
457 2222 584 2276 venit
603 2222 670 2275 ad
696 2221 917 2285 Patrem,
942 2222 1041 2273 nisi
1061 2237 1148 2288 per
1168 2236 1246 2273 me
1276 2216 1451 2289 (Joan.
1484 2218 1534 2271 6.
1560 2219 1651 2285 44)
1672 2234 1686 2281 ;
1710 2218 1848 2272 idem

278 2329 454 2367 rursus
495 2314 608 2367 ait:
646 2311 809 2366 Nemo
850 2314 978 2367 venit
1011 2313 1080 2365 ad
1118 2329 1216 2379 me,
1265 2312 1364 2364 nisi
1396 2312 1553 2365 Pater
1582 2328 1717 2364 meus
1752 2327 1853 2364 etz-

267 2406 406 2460 lestis
431 2406 636 2460 traxerit
656 2422 784 2459 eum.
808 2405 912 2460 Sed
933 2405 1072 2475 quod
1088 2405 1197 2475 jam
1225 2414 1347 2460 ante
1374 2421 1458 2461 me
1484 2406 1681 2459 dixisse
1708 2405 1847 2471 scio;

264 2514 453 2553 verum
478 2498 577 2554 hoc
602 2498 667 2552 ad
691 2514 801 2553 rem
820 2499 928 2567 jam
951 2499 1171 2570 quadrat
1194 2518 1205 2552 :
1230 2498 1486 2569 contingit
1511 2508 1685 2554 autem
1708 2512 1851 2567 smpe

267 2598 454 2643 utnon
481 2590 742 2653 audiatur,
767 2600 819 2644 et
842 2586 979 2644 nunc
1008 2591 1166 2646 etiam
1192 2590 1329 2645 dico.
1360 2589 1545 2659 Cogita
1574 2598 1703 2660 quot
1726 2597 1850 2644 sunt

268 2680 674 2749 quadrupedes;
716 2681 807 2735 sed
839 2688 1009 2735 tecum
1051 2691 1233 2750 reputa
1260 2697 1378 2751 quae
1407 2682 1512 2735 sint
1551 2691 1846 2747 mansueta,

264 2790 384 2841 quae
416 2773 545 2837 fera,
585 2788 702 2842 quae
730 2774 781 2826 in
821 2774 1106 2837 montibus,
1137 2790 1253 2843 qum
1295 2775 1347 2828 in
1379 2774 1615 2843 planitie,
1645 2790 1764 2844 qua:
1794 2776 1848 2829 in

264 2863 473 2928 Galliis,
505 2879 623 2933 qua:
651 2865 700 2917 in
732 2864 897 2927 India,
932 2880 1049 2934 quae
1079 2865 1128 2918 in
1158 2865 1405 2919 omnibus
1448 2865 1592 2919 orbis
1621 2866 1847 2920 climati-

262 2958 363 3011 bus
397 2974 410 3009 :
440 2972 647 3011 rursum
680 2957 914 3027 reptilia;
939 2973 1121 3012 eorum
1150 2975 1343 3029 genera
1370 2970 1422 3014 et
1444 2960 1671 3029 species,
1704 2960 1850 3015 vola-

262 3048 376 3102 tilia
407 3047 605 3113 omnia,
634 3049 906 3113 natatilia;
939 3064 1285 3119 quzecumque
1312 3059 1435 3104 sunt
1462 3051 1511 3103 in
1546 3051 1698 3116 mari,
1727 3066 1845 3120 qua:

263 3140 314 3194 in
347 3140 572 3209 stagnis,
601 3156 718 3210 quas
747 3142 799 3195 in
830 3141 1002 3196 ﬂuviis
1036 3160 1049 3196 :
1082 3142 1194 3197 haec
1220 3144 1395 3197 omnia
1426 3144 1844 3210 adducebantur,

260 3239 316 3284 et
359 3231 586 3300 singulis
632 3233 842 3286 nomina
885 3234 1189 3303 imponebat
1233 3236 1420 3300 Adam,
1452 3237 1694 3307 Dcusque
1740 3253 1844 3291 non

260 3323 680 3389 contradicebat,
730 3325 822 3379 sed
868 3328 1254 3395 acquiescebat.
1300 3327 1575 3382 lnnumera
1632 3330 1845 3384 nomina

258 3427 407 3482 sunt,
433 3416 619 3487 hisque
639 3419 923 3487 acquiescit
949 3419 1086 3473 Deus
1111 3436 1124 3472 :
1152 3435 1311 3473 unum
1337 3435 1528 3475 nomen
1556 3422 1680 3475 dicit
1706 3422 1845 3478 Deus

258 3524 319 3561 ex
369 3509 507 3562 caelo
537 3508 855 3563 testiﬁcaris:
898 3507 997 3563 Hic
1044 3520 1115 3564 est
1158 3509 1325 3565 Filius
1367 3528 1504 3565 meus
1544 3512 1757 3581 (Matth.
1788 3514 1841 3569 3.

258 3601 347 3670 17)
383 3619 402 3654 :
432 3610 484 3653 et
514 3599 650 3654 hanc
677 3616 860 3655 vocem
894 3617 1053 3670 prave
1081 3603 1399 3672 detorquent
1433 3602 1685 3667 lnerelici,
1726 3620 1844 3675 quas

256 3693 343 3746 uni
379 3701 588 3746 tantum
635 3694 835 3747 nomini
868 3695 1223 3748 testimonium
1258 3696 1460 3765 praebet
1490 3713 1503 3749 :
1536 3697 1679 3751 illam
1717 3713 1844 3753 san-

253 3794 403 3840 ctam
429 3800 636 3849 vocem,
660 3802 778 3855 qua:
800 3787 1073 3842 innumera
1098 3790 1334 3858 suscepit
1364 3790 1579 3844 nomina
1612 3792 1844 3847 nullum-

250 3892 351 3944 que
381 3875 613 3930 -delevit.
643 3877 883 3932 Adducta
911 3889 1032 3931 sunt
1061 3879 1330 3945 animalia,
1362 3888 1417 3935 et
1441 3882 1653 3936 nomina
1693 3898 1846 3939 acce-

253 3986 378 4038 pcrn
398 3979 475 4021 nt.
503 3968 618 4022 Jam
648 3969 740 4022 ille
767 3971 939 4024 stabat
969 3980 1024 4024 ut
1055 3988 1166 4025 rex.

324 4061 376 4112 8.
412 4060 869 4125 Quemadmodum
892 4077 1010 4116 cum
1032 4065 1224 4117 milites
1245 4066 1671 4132 Conscribuntnr,
1697 4068 1845 4138 regio

256 4152 537 4222 signaculo
567 4162 857 4207 notantur:
890 4154 965 4207 sic
1009 4156 1128 4224 quia
1160 4155 1388 4210 debebat
1434 4156 1505 4210 illi
1551 4159 1841 4213 dominium

257 4246 497 4310 tradere,
523 4244 572 4298 id
598 4243 760 4299 efﬁcit
782 4254 837 4297 ut
864 4246 1074 4298 nomina
1105 4247 1335 4316 imponat
1360 4258 1417 4301 ut
1441 4248 1688 4303 dominus
1712 4269 1724 4303 :
1752 4268 1844 4305 no-

255 4338 395 4391 mina
442 4335 641 4406 quippe
668 4336 878 4390 nonnisi
907 4338 1159 4391 Dominus
1203 4339 1424 4407 imponit
1459 4349 1512 4393 et
1542 4340 1714 4395 Pater.
1750 4344 1844 4396 At-

256 4430 436 4487 tende.
480 4428 705 4482 Nomina
743 4430 844 4483 alia
877 4430 1130 4499 imposuit
1160 4430 1317 4495 Deus,
1349 4432 1450 4484 alia
1484 4432 1671 4486 Adam.
1704 4433 1843 4488 Deus

254 4523 469 4577 vocavit
510 4522 718 4586 cmlum,
753 4530 969 4585 terram,
1014 4536 1181 4585 mare,
1233 4521 1647 4588 ﬁrmamentum,
1675 4524 1839 4591 diem,

255 4615 453 4679 lucem,
481 4625 713 4680 noctem,
747 4614 993 4680 fructum,
1024 4613 1263 4677 herbam,
1296 4613 1519 4681 faenum,
1550 4615 1727 4685 ligna;
1761 4631 1844 4687 pe-

254 4722 375 4761 cora
404 4715 586 4761 autem
610 4715 663 4760 et
690 4706 917 4759 volatilia
944 4705 1112 4759 Adam
1134 4705 1362 4768 vocavit,
1395 4720 1679 4774 pavonem,
1703 4707 1843 4777 aqui-

256 4798 378 4865 lam,
404 4798 656 4863 vitulum,
688 4814 839 4851 ovem
870 4816 883 4850 :
914 4797 996 4850 hic
1022 4797 1247 4863 species,
1282 4796 1388 4851 illic
1412 4812 1629 4868 genera,
1654 4815 1721 4853 ne
1743 4800 1842 4854 fal-

253 4906 367 4944 sum
390 4890 883 4960 deprehenderetur
903 4888 1005 4944 hoc
1029 4890 1225 4943 dictum
1254 4906 1266 4942 :
1298 4889 1570 4945 Faciamus
1591 4892 1842 4948 hominem

254 4984 319 5032 ad
350 4984 620 5049 imaqinem
648 4993 872 5035 nostram
903 4980 1051 5050 (Gen.
1088 4982 1136 5035 l.
1170 4982 1284 5051 26).
1320 4982 1458 5037 Deus
1499 4986 1712 5039 nomina
1743 4986 1841 5040 im-

259 5076 405 5140 ponit
434 5072 804 5135 luminarihus,
840 5072 1048 5137 Ursam,
1083 5071 1371 5140 Orionem,
1406 5074 1703 5141 Pleiadem,
1739 5076 1839 5131 Ve-

256 5182 512 5234 sperum,
552 5166 873 5221 Luciferum.
927 5165 1053 5220 Haec
1105 5166 1278 5219 omnia
1336 5166 1473 5221 Deus
1524 5168 1833 5224 nominavit.

255 5261 431 5315 Testis
471 5269 553 5315 est
593 5260 754 5315 David
792 5260 977 5315 dicens
1015 5276 1030 5316 :
1064 5259 1161 5325 Qui
1206 5270 1433 5314 numerat
1471 5262 1837 5317 multitudinem

254 5354 515 5407 stellarum
557 5362 601 5406 et
629 5354 856 5407 omnibus
885 5356 955 5408 eis
997 5356 1200 5407 nomina
1230 5366 1367 5407 vocat
1395 5353 1562 5423 (Psal.
1609 5356 1728 5409 Mli.
1758 5358 1836 5426 4).

261 5446 401 5499 Dens
426 5446 637 5500 nomina
669 5447 800 5501 indit
824 5448 1087 5516 supernis,
1118 5446 1286 5501 Adam
1311 5447 1556 5502 terrenis.
1588 5447 1837 5502 Nominat

261 5536 404 5589 Deus
429 5536 636 5601 caelum,
669 5547 886 5603 terram,
916 5546 1106 5591 cuncta
1135 5537 1256 5601 alia,
1292 5537 1480 5599 Adam,
1512 5538 1705 5608 ignem,
1738 5538 1835 5593 ho-

257 5627 476 5681 minem.
505 5627 740 5681 Adamus
770 5643 896 5682 vero
919 5627 1043 5698 quid
1075 5628 1350 5682 nominat?
1375 5628 1601 5699 lmponit
1638 5645 1830 5684 nomen

258 5718 530 5789 iumentis,
560 5718 858 5787 reptilibus,
890 5719 1094 5773 bestiis.

235 5842 245 5898 λ
332 5812 490 5863 Adam
520 5813 792 5881 prOphetia:
813 5814 997 5866 donum
1019 5822 1295 5883 acceperat.
1320 5844 1388 5855 —-
1407 5814 1610 5872 Novum
1637 5832 1828 5876 nomen

1321 352 1410 410 DE
1447 345 1659 406 MUNDl
1697 342 2088 401 CREATIONE
2123 343 2379 405 ΟΒΑΤῘΟ
2418 346 2480 403 V.

3443 355 3551 414 49.3

1973 463 2206 519 Adamus
2230 476 2407 534 vocat,
2434 483 2515 536 os,
2551 483 2789 537 carnem,
2822 467 2884 526 de
2917 469 3139 529 muliere
3177 471 3394 540 dicens;
3433 472 3550 528 iloe

1970 571 2103 608 nunc
2126 572 2181 610 os
2206 574 2268 611 ea:
2288 559 2479 613 ossibus
2504 561 2645 624 meis,
2678 570 2725 613 et
2751 577 2867 615 caro
2893 562 2956 616 de
2978 579 3128 618 carne
3155 566 3303 636 mea(
3330 563 3456 619 Gen.
3485 564 3544 621 ‘2.

1968 645 2083 719 25).
2111 648 2251 704 Deus
2278 651 2417 706 enim
2446 668 2564 706 cum
2597 655 2768 723 ipsum
2796 653 3060 722 formavit,
3104 672 3209 710 non
3240 655 3392 723 dixit,
3437 656 3548 711 for-

1969 754 2146 796 masse
2186 742 2332 797 illum
2359 760 2424 798 ex
2448 744 2657 800 ossibus
2691 754 2745 801 et
2772 761 2950 801 carne.
2988 748 3191 803 Rursus
3218 748 3345 804 dicit
3385 751 3543 815 Deus,

1968 831 2260 898 Masculus;
2311 835 2397 889 hic
2439 836 2585 903 dicit,
2613 837 2744 893 Vir:
2779 838 2916 893 Deus
2963 839 3106 902 dicit,
3157 840 3417 905 Femina;
3458 842 3545 896 hic

1968 923 2116 990 dicit,
2151 927 2353 981 Mulier.
2377 927 2632 998 Quodque
2656 929 2845 983 mirmn
2870 940 2969 995 est,
2993 931 3113 999 quia
3136 932 3331 1001 Spiritu
3361 944 3545 989 sancto

1968 1017 2155 1086 plenus
2185 1028 2317 1082 erat,
2360 1020 2697 1090 nondumque
2741 1022 2903 1075 miser
2947 1032 3304 1093 transgressus
3335 1025 3540 1090 fuerat;

1968 1107 2061 1161 sed
2091 1110 2258 1177 gratia
2286 1110 2516 1179 repletus
2542 1114 2997 1182 erat,pr0phetia,
3034 1129 3188 1185 qmm
3215 1117 3392 1186 paucis
3418 1130 3542 1171 ante

1966 1199 2155 1254 diebus
2179 1201 2317 1269 apud
2348 1215 2577 1257 vestram
2618 1205 2889 1259 caritatem
2916 1205 3325 1277 distinguebam,
3357 1218 3462 1263 tota
3490 1210 3544 1262 in

1966 1289 2081 1358 ipso
2109 1300 2241 1345 erat.
2286 1292 2495 1349 Sciebat
2526 1295 2665 1348 enim
2700 1298 2987 1362 prmterita,
3020 1298 3221 1352 sciebat
3262 1302 3545 1368 praisentia

1964 1391 2019 1436 et
2043 1383 2233 1438 futura.
2263 1384 2540 1452 Quomodo
2571 1389 2849 1454 praesentia
2883 1388 3119 1443 sciebat?
3152 1389 3205 1443 ln
3230 1405 3452 1459 corpore
3481 1406 3544 1446 os

1963 1486 2113 1530 extra
2140 1492 2245 1531 non
2273 1488 2520 1546 apparet;
2546 1480 2638 1533 sed
2665 1480 2785 1550 quia
2811 1481 3064 1551 Spiritum
3096 1482 3343 1550 habebat,
3370 1482 3500 1539 dicit
3524 1499 3539 1540 :

1967 1565 2078 1619 lloc
2109 1584 2241 1621 nunc
2287 1585 2343 1622 os
2369 1587 2431 1623 ea:
2458 1572 2649 1624 ossibus
2677 1574 2818 1626 meis.
2851 1573 3132 1637 Quomodo
3174 1575 3390 1639 sciebat,
3441 1576 3543 1630 nisi

1965 1657 2191 1726 Spiritus
2217 1670 2429 1715 sanctus
2455 1662 2552 1730 ipsi
2582 1662 2906 1717 revelasset?
2936 1662 3041 1718 Cur
3061 1681 3189 1735 ergo
3215 1666 3441 1735 primum
3482 1682 3545 1720 os

1962 1762 2014 1805 et
2047 1760 2153 1804 tum
2181 1767 2396 1807 carnem
2424 1756 2701 1809 nominat?
2724 1756 2854 1823 Quia
2887 1758 3058 1826 primo
3082 1770 3280 1813 costam
3311 1759 3427 1829 ejus
3457 1775 3546 1814 ac-

1961 1843 2120 1912 cepit.
2153 1841 2297 1909 IIwc,
2342 1844 2529 1915 inquit,
2562 1847 2815 1899 vocabitur
2843 1849 3041 1914 mulier,
3073 1851 3190 1919 quia
3231 1852 3294 1905 de
3321 1853 3423 1905 viro
3452 1868 3545 1906 sua

1958 1945 2161 2006 sumpta
2192 1947 2264 1991 est
2298 1938 2423 1991 Ιιιεε.
2458 1939 2784 1994 Vaticinatur
2814 1943 3098 2010 praeterita,
3146 1944 3278 1997 dixit
3306 1960 3545 2014 praesen-

1960 2028 2067 2094 tia;
2105 2029 2360 2099 dicitjam
2402 2031 2594 2086 futura.
2639 2032 2973 2098 Quamobrem
2998 2036 3241 2105 relinquet
3270 2038 3418 2091 Itonia
3444 2055 3545 2107 pa-

1962 2129 2087 2173 trem
2112 2131 2157 2174 et
2180 2132 2389 2174 matrem
2423 2122 2441 2191 (
2467 2121 2592 2176 Cen.
2625 2123 2679 2177 2.
2709 2122 2823 2193 24).
2856 2124 3099 2179 Nondum
3129 2136 3244 2181 erat
3271 2129 3546 2184 matrimo-

1961 2213 2127 2278 nium,
2157 2222 2211 2269 et
2236 2214 2373 2270 unde
2402 2227 2550 2284 pater
2574 2224 2629 2270 et
2648 2218 2854 2272 mater?
2885 2218 3112 2273 Rursum
3135 2221 3351 2276 audiant
3377 2223 3546 2279 luere-

1962 2307 2069 2360 tici.
2097 2305 2277 2360 Voluit
2307 2307 2444 2361 Deus
2473 2309 2678 2362 Adamo
2706 2324 2929 2362 uxorem
2974 2309 3255 2366 efl‘ormare
3282 2330 3295 2365 :
3326 2312 3546 2367 Immisit

1960 2398 2187 2451 ecstasim
2215 2399 2269 2450 in
2305 2381 2494 2462 Adam,
2536 2409 2581 2452 et
2625 2400 2919 2453 obdormivit
2945 2400 3101 2470 (Ibid.
3132 2401 3186 2454 2.
3225 2401 3339 2473 2i).
3372 2401 3544 2459 Omne

1961 2489 2055 2544 Dei
2081 2490 2298 2543 verbum
2326 2491 2599 2559 antiquum
2633 2492 2810 2561 regula
2842 2503 3044 2547 natura:
3073 2494 3189 2547 fuit.
3220 2494 3409 2549 Docuit
3429 2498 3541 2565 pri-

1959 2584 2031 2635 mi
2057 2584 2321 2653 exemplo,
2350 2584 2617 2652 quomodo
2640 2594 2882 2654 suscepta
2912 2587 3087 2655 proles
3125 2587 3191 2641 ab
3221 2586 3433 2643 homine
3457 2589 3541 2644 di-

1958 2672 2061 2727 vidi
2089 2673 2298 2727 debeat.
2332 2672 2551 2728 Immisit
2579 2674 2715 2729 Deus
2738 2693 2967 2730 somnum
2988 2676 3041 2731 in
3070 2678 3252 2731 Adam.
3284 2679 3415 2734 Rem
3442 2681 3543 2735 mi-

1958 2780 2070 2820 ram
2098 2766 2110 2819 !
2144 2765 2373 2836 Tempus
2394 2767 2540 2833 dicit,
2565 2784 2669 2837 quo
2694 2769 3085 2825 matrimonium
3110 2773 3286 2827 initur.
3313 2775 3542 2831 Somnus

1957 2858 2177 2911 ecstasis
2203 2869 2441 2926 vocatur,
2468 2860 2588 2929 quia
2618 2860 2778 2916 homo
2798 2862 2946 2932 quasi
2975 2872 3125 2919 extra
3155 2867 3387 2935 seipsum
3416 2875 3541 2921 tunc
3569 2916 3578 2926 .

1957 2958 2059 3003 est.
2101 2949 2243 3004 Intus
2284 2951 2458 3005 anima
2503 2960 2604 3019 est,
2637 2962 2690 3008 et
2734 2963 2953 3009 nonest
2992 2955 3150 3011 intus.
3199 2956 3315 3011 Non
3357 2959 3541 3025 sentit,

1957 3053 2064 3093 non
2093 3040 2354 3110 intelligit,
2381 3043 2601 3099 audiens
2622 3060 2727 3098 non
2749 3046 2915 3100 audit.
2934 3046 3091 3102 Velut
3116 3047 3272 3105 hodie
3292 3050 3538 3118 dicimus,

1957 3131 2159 3188 Ecstasi
2194 3150 2317 3189 usus
2346 3144 2446 3202 est,
2490 3138 2629 3206 quod
2660 3149 2805 3193 extra
2848 3143 3055 3209 negotia
3084 3141 3243 3196 fuerit
3278 3162 3291 3198 :
3320 3144 3396 3198 sic
3421 3145 3538 3198 aui-

1956 3242 2063 3292 ma,
2091 3242 2208 3281 cum
2237 3236 2383 3283 extra
2417 3244 2605 3284 sensus
2630 3229 2804 3296 fuerit,
2834 3235 2883 3287 in
2913 3236 3101 3288 ecstasi
3134 3247 3231 3290 est.
3269 3235 3333 3290 Et
3360 3237 3537 3292 obdor-

1955 3319 2111 3383 mivit,
2148 3319 2334 3387 inquit,
2368 3332 2412 3373 et
2439 3324 2550 3374 tulit
2581 3321 2718 3375 Deus
2748 3339 2901 3375 unam
2926 3324 2989 3377 de
3018 3326 3166 3378 costis
3194 3327 3322 3396 ejus.
3358 3328 3431 3383 De
3456 3328 3538 3383 his

1954 3409 2347 3479 interrogentur
2391 3411 2624 3467 hatretici
2657 3431 2668 3466 :
2704 3412 2981 3480 Quomodo
3028 3416 3144 3469 tulit
3181 3418 3358 3473 Deus?
3400 3434 3534 3489 quo-

1953 3502 2113 3558 modo
2151 3504 2316 3559 Adam
2356 3504 2592 3560 dolorem
2620 3521 2724 3561 non
2748 3507 2952 3562 sensit?
2981 3510 3245 3579 quomodo
3277 3528 3380 3566 non
3408 3527 3535 3568 cru-

1952 3596 2122 3650 ciatus
2148 3598 2274 3650 est?
2304 3596 2357 3652 Si
2388 3598 2470 3653 vel
2505 3600 2639 3668 pilus
2662 3615 2691 3652 a
2720 3616 2944 3670 corpore
2972 3602 3217 3669 vellatur,
3251 3603 3492 3661 dolemus
3518 3624 3535 3671 ;

1951 3691 2191 3759 quamvis
2217 3690 2325 3745 allo
2365 3692 2483 3760 quis
2520 3708 2712 3760 sopore
2749 3692 2998 3761 dormiat,
3031 3694 3228 3749 doloris
3258 3697 3310 3750 vi
3346 3713 3536 3767 exper-

1951 3782 2167 3850 giscitur
2195 3783 2281 3852 qui
2310 3783 2536 3849 dormit;
2565 3793 2769 3841 tantum
2814 3786 3015 3841 tollitur
3043 3788 3359 3857 membrum,
3393 3801 3536 3845 tanta

1950 3874 2194 3929 evellitur
2220 3884 2387 3936 costa,
2418 3891 2515 3930 nec
2539 3876 2808 3931 dormiens
2839 3893 2867 3932 a
2889 3893 3076 3932 somno
3102 3879 3399 3935 excitatur?
3418 3880 3535 3937 Non

1951 3965 1999 4017 vi
2041 3966 2251 4029 avulsit,
2293 3976 2350 4020 ut
2394 3968 2803 4036 expergisceret,
2851 3986 2953 4023 non
2988 3971 3301 4039 discerpsit;
3350 3988 3531 4028 verum

1951 4059 2242 4127 Scriptura,
2292 4069 2346 4113 ut
2389 4062 2622 4116 Artiﬁcis
2663 4063 2989 4118 celeritatem
3036 4067 3310 4129 ostendat,
3356 4064 3532 4131 Tulit,

1952 4149 2140 4218 inquit.
2174 4150 2373 4203 Soluto:
2399 4162 2521 4205 sunt
2548 4168 2848 4223 compages,
2881 4162 2934 4209 et
2960 4169 3064 4207 non
3092 4156 3291 4208 sensit?

2021 4241 2073 4294 9.
2104 4239 2245 4293 Tulit
2274 4250 2495 4306 costam,
2525 4250 2582 4296 ut
2611 4243 2802 4297 tulerat
2828 4244 3118 4311 pulverem.
3148 4244 3203 4299 Si
3229 4246 3366 4300 alius
3390 4255 3533 4301 esset

1950 4338 2038 4407 qui
2065 4350 2420 4408 compegerat,
2445 4338 2580 4394 alius
2609 4339 2699 4409 qui
2730 4339 2908 4406 solvit,
2937 4355 3109 4410 pugna
3132 4348 3308 4407 esset;
3334 4342 3412 4394 sin
3436 4357 3530 4395 au-

1952 4436 2055 4481 tem
2088 4429 2176 4498 qui
2209 4429 2462 4499 ligaverat
2489 4428 2677 4493 solvit,
2708 4430 2751 4482 is
2777 4440 2922 4484 certe
2951 4425 3154 4499 placide
3183 4431 3357 4485 solvit.
3393 4430 3530 4486 Tulit

1949 4529 2156 4585 costam,
2190 4531 2235 4573 et
2262 4521 2467 4589 replevit
2491 4537 2583 4590 pro
2608 4537 2667 4574 ea
2693 4536 2912 4573 carnem.
2937 4519 3089 4575 Unde
3114 4522 3372 4591 replevit?
3398 4539 3526 4577 num

1949 4629 2013 4668 ex
2056 4614 2257 4683 reliquo
2284 4614 2442 4667 traxit
2475 4615 2741 4683 corpore?
2765 4615 2924 4683 Atqui
2955 4628 3112 4668 omne
3132 4630 3321 4685 corpus
3340 4658 3355 4682 ,
3384 4617 3526 4686 quod

1951 4706 2178 4761 trahitur
2204 4717 2259 4761 et
2287 4707 2634 4772 distenditur,
2676 4707 2922 4761 subtilius
2956 4706 3204 4762 efﬁcitur.
3247 4708 3527 4776 Quomodo

1948 4801 2205 4872 replevit?
2238 4802 2309 4855 De
2340 4814 2564 4870 corpore
2602 4800 2887 4870 loquimur,
2916 4809 2969 4855 et
3006 4817 3108 4854 non
3150 4802 3526 4872 intelligimus;

1948 4894 2014 4950 de
2045 4895 2149 4949 Deo
2186 4894 2470 4964 loquimur,
2498 4903 2552 4946 et
2577 4893 2836 4947 curiosius
2863 4895 3236 4962 exploramus?
3265 4893 3329 4946 Et
3355 4897 3525 4963 wdiﬁ-

1947 4987 2075 5039 cavit
2105 4984 2349 5038 Dominus
2377 4995 2564 5037 costam
2584 5025 2599 5050 ,
2629 5001 2778 5052 quam
2804 4987 2983 5038 tulerat
3014 4985 3075 5038 tle
3103 4987 3297 5050 Adam,
3326 4988 3379 5038 in
3406 5003 3523 5037 nm-

1946 5079 2113 5131 lierem
2144 5078 2160 5145 (
2184 5078 2307 5131 Gen.
2336 5077 2388 5130 2.
2416 5076 2485 5129 22
2504 5076 2543 5146 ).
2573 5077 2849 5144 Quomodo
2878 5077 3016 5131 oculi
3045 5093 3107 5131 ex
3140 5086 3283 5130 costa
3311 5078 3518 5130 formati

1945 5169 2108 5222 sunt?
2139 5169 2275 5222 unde
2303 5171 2395 5222 cdr
2422 5168 2702 5237 cogitans?
2732 5168 2869 5221 unde
2902 5168 3076 5237 lingua
3105 5166 3362 5236 loquens?
3389 5180 3520 5234 quo-

1944 5261 2102 5314 modo
2137 5261 2429 5314 distensum
2475 5270 2557 5314 est
2593 5276 2656 5313 ex
2697 5271 2839 5314 costa
2870 5258 3218 5313 intestinum?
3253 5255 3518 5325 quomodo

1944 5369 2008 5407 ex
2046 5362 2189 5407 costa
2233 5352 2381 5421 jecur
2422 5351 2615 5405 factmn
2653 5353 2766 5406 est?
2795 5351 2918 5404 Haec
2951 5348 3216 5418 quomodo
3248 5348 3381 5400 facta
3410 5348 3520 5402 sint

1944 5462 2133 5515 capere
2160 5462 2263 5499 non
2294 5455 2472 5515 potes.
2501 5453 2555 5499 ct
2580 5446 2848 5499 Artiﬁcem
2876 5444 3083 5498 curiose
3112 5440 3382 5497 scrutaris!
3413 5441 3517 5496 Ve-

1942 5552 2059 5591 rum
2105 5537 2219 5591 vide
2260 5536 2540 5606 imaginem
2583 5534 2779 5591 Christi
2814 5534 3027 5604 ubique.
3070 5532 3183 5586 Non
3225 5532 3370 5601 prius
3400 5530 3518 5586 tulit

1940 5631 2081 5685 Deus
2108 5641 2308 5684 costam
2336 5633 2402 5685 de
2434 5629 2658 5694 Adamo,
2687 5642 2843 5698 quam
2872 5626 2967 5696 ipsi
2994 5640 3237 5679 somnum
3269 5623 3519 5679 immitte-

1940 5732 2040 5779 ret.
2071 5721 2283 5790 Quare?
2314 5722 2391 5776 Ex
2418 5731 2563 5775 costa
2606 5728 2879 5789 peccatum
2911 5716 3170 5770 oriturum
3199 5724 3345 5777 erat;
3374 5713 3513 5784 quod

1948 5831 2135 5888 nempe
2164 5832 2256 5887 per
2294 5815 2570 5871 mulierem
2598 5812 2831 5869 intravit.
2864 5811 3015 5868 Venit
3041 5810 3292 5867 Servator
3315 5825 3343 5866 e
3368 5820 3515 5866 costa
