4074 6308
449 331 552 386 485

441 461 632 517 aquam
665 444 837 498 ferens
865 448 918 494 et
943 435 1288 507 sanguinem;
1317 445 1506 502 aquam
1535 443 1651 500 qum
1683 435 1897 497 peccata
1928 421 2024 475 ab-

446 514 637 602 lueret,
666 535 972 606 sanguinem
995 529 1086 600 qui
1111 526 1422 599 mysterium
1445 523 1599 576 nobis
1621 519 1873 574 traderet.
1898 514 2030 570 Vide

446 631 689 700 ﬁguram.
718 624 1024 680 Dormieute
1059 621 1282 680 Adamo,
1310 625 1456 672 costa
1487 614 1768 668 tollebatnr
1799 628 1811 662 :
1842 623 2031 663 somno

445 721 656 792 corpori
687 717 883 774 Christi
923 714 1332 785 superveniente
1352 752 1366 774 ,
1398 717 1545 762 costa
1575 704 1914 775 aperiebatur
1933 743 1948 764 ,
1976 708 2034 754 ut

448 791 680 871 veterem
707 809 1018 880 tragoediam
1043 806 1273 860 solveret
1298 818 1393 871 per
1414 815 1600 853 novam
1629 794 1902 850 historiam
1930 810 1941 844 :
1965 791 2033 846 de

450 920 639 962 somno
668 905 855 973 loquor
885 916 990 970 quo
1017 900 1068 953 in
1100 913 1258 952 cruce
1295 902 1573 961 correptus
1603 901 1702 944 εει.
1736 885 2034 955 ίΕάὶβσαυὸι

449 1010 640 1053 costam
665 998 717 1050 in
738 994 1016 1052 mulierem,
1048 989 1259 1043 atlduarit
1285 1003 1393 1040 eam
1425 984 1490 1037 ad
1511 983 1696 1035 Adam.
1725 982 1768 1034 Ο
1797 978 2036 1047 benigni-

454 1098 612 1142 tatem
647 1085 888 1140 Domini!
919 1083 1121 1150 Quanta
1155 1079 1299 1138 facit,
1330 1079 1541 1137 format,
1574 1081 1701 1140 quot
1729 1068 2035 1124 muneribus

453 1179 655 1233 afﬁcit?
680 1175 908 1231 Adducit
938 1172 1182 1226 animalia
1206 1212 1217 1230 ,
1252 1182 1502 1235 Sponsam
1532 1164 1706 1217 tradit.
1736 1161 1866 1230 Quia
1892 1160 2034 1213 enim

455 1274 621 1328 Adam
656 1271 804 1341 quasi
835 1267 1064 1338 pupillus
1089 1273 1223 1328 erat,
1254 1271 1308 1315 et
1333 1262 1440 1314 Eva
1466 1259 1631 1327 vii-go,
1663 1257 1778 1310 sine
1807 1265 1956 1324 patre
1985 1261 2038 1306 et

456 1376 624 1418 matre
645 1403 658 1425 ,
691 1361 782 1432 qui
817 1358 1049 1414 ofﬁcium
1080 1359 1431 1425 prsestarcnt:
1463 1351 1602 1404 Deus
1633 1345 1794 1417 patris
1822 1344 2034 1398 matris-

456 1472 560 1527 que
599 1453 926 1507 functionem
954 1448 1084 1503 obit.
1126 1449 1202 1500 Ac
1240 1443 1360 1498 vide
1403 1443 1572 1511 legem
1606 1458 1618 1494 :
1647 1438 1820 1491 onmis
1846 1435 2040 1505 quippe

457 1563 560 1601 vox
605 1545 698 1599 Dei
741 1543 993 1613 primaeva
1038 1548 1238 1594 natura:
1283 1550 1466 1590 norma
1505 1540 1606 1588 est.
1649 1531 1874 1583 Adduxit
1905 1527 2040 1581 Dens

460 1637 722 1690 mulierem
749 1633 816 1686 ad
841 1632 1005 1685 Adam
1031 1646 1050 1684 :
1076 1639 1129 1684 et
1157 1629 1240 1682 lex
1269 1627 1355 1681 illa
1385 1625 1579 1679 mansit
1613 1623 1678 1676 ad
1712 1623 1849 1676 hunc
1877 1634 2043 1689 usque

462 1729 626 1795 dicm,
659 1736 716 1781 ut
745 1741 880 1779 uxor
909 1724 1080 1776 virum
1110 1721 1282 1783 adeat,
1315 1732 1419 1773 non
1450 1717 1620 1770 virum
1651 1715 1714 1769 ad
1743 1728 1960 1768 uxorem
1990 1712 2045 1766 in

463 1834 718 1890 sponsum
738 1817 971 1872 adducit.
992 1813 1153 1867 Erant
1178 1810 1324 1878 undi,
1343 1821 1386 1865 et
1407 1827 1505 1864 non
1528 1807 1872 1862 erubescebant
1891 1804 2043 1874 (Gen.

464 1912 521 1964 2.
543 1911 668 1980 ’25).
683 1910 859 1963 Manet
878 1906 1080 1980 regula,
1104 1906 1190 1958 lex
1208 1904 1420 1957 clamat.
1444 1902 1638 1956 Omnes
1660 1900 1738 1953 vir
1757 1897 2042 1961 erubescit,

467 1979 661 2073 praeter
686 1979 952 2070 propriam
982 2012 1226 2059 uxorem,
1249 2009 1437 2048 omnes
1461 2007 1595 2047 uxor
1621 1988 1889 2046 erubescit
1913 2003 2050 2058 prae-

467 2104 548 2148 ter
575 2091 847 2163 proprium
873 2090 1066 2144 virum.
1109 2087 1287 2157 Itaque
1325 2088 1425 2140 hoc
1463 2083 1677 2155 quidem
1711 2082 1818 2136 dixi
1853 2096 2049 2136 secun-

467 2185 593 2240 dum
622 2184 792 2254 legem
818 2201 830 2237 :
855 2197 1014 2236 causa
1038 2190 1232 2244 autem,
1257 2193 1352 2231 cur
1375 2177 1498 2231 nudi
1526 2192 1628 2229 non
1653 2177 2047 2236 erubescerent,

468 2284 583 2330 erat
609 2274 748 2345 quod
780 2273 1180 2328 immortalitate
1205 2278 1385 2323 essent
1421 2267 1620 2331 induti,
1654 2267 1820 2337 gloria
1848 2265 2044 2318 amicti.

467 2367 582 2423 Non
624 2368 830 2422 sinebat
871 2366 1034 2436 gloria
1057 2407 1070 2430 ,
1105 2374 1160 2417 ut
1196 2363 1335 2416 nuda
1378 2361 1724 2414 viderentur:
1760 2361 1868 2428 ipsa
1910 2361 2050 2413 enim

470 2460 759 2516 nuditatem
781 2457 1082 2527 obtegebat.
1111 2455 1207 2510 Ubi
1238 2454 1438 2524 poteris
1464 2451 1659 2505 nudum
1683 2451 1861 2505 videre
1881 2451 2054 2504 virum

471 2567 579 2618 non
617 2548 1054 2606 erubescentem?
1083 2545 1139 2600 ln
1171 2544 1382 2600 Christo
1427 2544 1600 2613 ipsum
1642 2543 1867 2597 invenis.
1898 2541 2056 2596 Venit

472 2647 666 2703 Petrus
692 2653 743 2700 et
769 2643 1003 2698 Joannes
1026 2651 1080 2696 et
1114 2639 1343 2694 Jacobus
1369 2638 1420 2692 in
1451 2646 1846 2690 monumentum
1864 2675 1880 2700 ,
1906 2649 2055 2706 quie-

473 2749 651 2794 rentes
676 2751 890 2806 corpus,
918 2735 972 2789 et
997 2748 1101 2788 non
1128 2719 1467 2793 invenerunt,
1499 2729 1589 2782 sed
1623 2730 1938 2782 invenerunt
1965 2743 2057 2782 ve-

474 2833 724 2886 stimenta
753 2828 1015 2892 involuta,
1045 2834 1103 2878 ut
1126 2821 1516 2885 ostenderetur,
1549 2828 1669 2890 post
1708 2818 2059 2874 resurrectio-

467 2925 596 2976 nem
619 2920 848 2981 Christi,
877 2919 927 2972 in
958 2918 1072 2986 ipso
1097 2915 1296 2969 servari
1321 2923 1557 2967 veterem
1582 2911 1771 2965 Adami
1800 2910 2020 2964 formam
2040 2949 2056 2974 ,

476 3029 702 3084 esseque
747 3013 864 3066 sine
903 3009 1263 3073 vestimentis,
1300 2992 1416 3060 non
1463 3005 1660 3059 nudum
1707 3011 1883 3058 tamen
1909 3043 1923 3065 ,
1963 3001 2058 3056 sed

477 3109 748 3162 vestitum.
772 3103 1014 3159 Surrexit
1040 3101 1302 3163 Christus,
1329 3100 1578 3166 exuitque
1605 3097 1919 3151 vestimenta
1942 3110 2060 3165 quae

479 3201 714 3257 Adamus
738 3198 1003 3263 induerat,
1028 3205 1246 3264 eratque
1274 3192 1464 3257 nudus,
1492 3207 1588 3245 nec
1610 3190 1782 3244 nudus
1808 3187 2062 3245 cerneba-

480 3303 584 3347 tur.
606 3292 732 3346 Post
750 3287 1196 3345 resurrectionem
1220 3284 1471 3339 mulieres
1491 3282 1806 3337 vestimenta
1829 3279 2060 3350 proiecta

480 3382 681 3436 vident.
715 3379 918 3434 Martha
945 3386 1000 3433 et
1023 3377 1184 3431 Maria
1213 3375 1397 3430 vident
1422 3389 1567 3438 eum,
1599 3379 1910 3443 agnoscunt,
1936 3385 2062 3442 pro-

481 3473 772 3538 cumbunt,
804 3481 858 3525 et
884 3468 1082 3524 nudum
1114 3483 1218 3522 non
1246 3464 1447 3521 vident.
1478 3463 1629 3520 Unde
1657 3472 1831 3518 vestes
1857 3463 2062 3518 induit?

482 3564 748 3618 Amiserat
773 3562 914 3617 enim
944 3577 1036 3615 eos
1063 3561 1113 3613 in
1145 3565 1513 3613 monumento.
1541 3555 1723 3609 Priora
1750 3555 2064 3610 vestimenta

483 3655 774 3710 diviserant
811 3652 1024 3708 milites.
1053 3643 1332 3706 Undcnam
1374 3645 1648 3702 induitur?
1676 3645 1815 3700 unde
1841 3645 1931 3716 qui
1961 3660 2063 3699 nu-

483 3746 622 3812 dus,
663 3759 768 3799 non
811 3741 1024 3798 nudus?
1063 3740 1218 3794 Aliud
1262 3753 1444 3810 quaero
1478 3755 1492 3792 :
1533 3751 1629 3791 cur
1664 3736 1973 3790 vestimenta
2014 3742 2068 3788 et

486 3836 764 3892 sindonem
793 3836 846 3890 in
877 3851 978 3890 una
1009 3841 1158 3904 parte
1187 3832 1454 3896 viderunt,
1481 3829 1751 3884 sudarium
1780 3843 1930 3892 vero,
1961 3843 2067 3897 quo

487 3939 647 3998 caput
684 3927 986 3983 Servatoris
1023 3927 1256 3980 vinctum
1301 3924 1504 3988 fuerat,
1545 3924 1597 3977 in
1635 3922 1737 3976 alia
1776 3920 1962 3990 parte?
2000 3919 2068 3974 Ut

489 4020 666 4074 divina
711 4019 881 4088 gratia
933 4017 1340 4081 ostenderetur,
1389 4013 1637 4085 quodque
1682 4012 1798 4066 sine
1842 4011 2067 4065 tumultu

489 4110 816 4167 resurrecﬁo
850 4107 1057 4164 fuisset.
1086 4108 1152 4162 Et
1179 4107 1301 4176 quia
1337 4120 1605 4160 rumorem
1633 4103 1798 4158 Judzei
1835 4100 2067 4172 sparsuri

490 4211 673 4266 erant,
719 4201 1006 4270 discipulos
1047 4200 1220 4269 ipsum
1257 4198 1454 4252 furatus
1495 4212 1638 4259 esse,
1678 4194 1931 4265 relinquit
1977 4207 2070 4248 ve-

492 4295 741 4349 stimenta
776 4308 868 4346 sua
910 4293 962 4346 in
1001 4298 1364 4346 monumento.
1398 4289 1529 4343 Nam
1569 4289 1656 4358 qui
1694 4298 1961 4341 mortuum
1989 4287 2072 4341 fu-

491 4395 662 4448 ratur,
693 4385 863 4456 ipsum
887 4399 1006 4438 cum
1033 4382 1365 4438 vestimentis
1386 4379 1607 4435 furatur.
1641 4379 1936 4448 Videreque
1959 4385 2076 4434 erat

495 4476 832 4530 Servatorem
855 4475 1215 4546 egredientem
1243 4489 1306 4529 ex
1331 4473 1591 4543 sepulcro,
1624 4472 1760 4526 sicut
1785 4469 2074 4541 Josephum

497 4584 564 4623 ex
593 4568 753 4622 domo
782 4567 1066 4638 ngyptiaz.
1109 4567 1175 4622 Et
1207 4566 1329 4622 vide
1366 4565 1494 4619 mihi
1528 4562 1880 4619 differentiam
1915 4581 1928 4616 :
1956 4571 2078 4632 post

497 4658 944 4715 resurrectionem
978 4658 1125 4713 visus
1162 4666 1245 4713 est
1274 4656 1517 4712 Christus
1557 4655 1727 4709 nudus
1753 4695 1766 4719 ,
1797 4664 1852 4708 et
1891 4654 2080 4709 Petrus

500 4749 676 4805 nudus
715 4765 729 4802 :
772 4765 956 4804 verum
1005 4751 1094 4804 ille
1137 4749 1347 4819 quidem
1389 4748 1785 4802 immortalitate
1828 4747 2080 4815 prmditus

502 4849 620 4897 erat
642 4882 657 4907 ,
692 4840 778 4895 hic
804 4848 979 4894 autem
1017 4839 1258 4893 mortalis
1285 4839 1457 4894 adhuc
1487 4847 1620 4892 erat.
1646 4837 1802 4891 Jesus
1828 4836 1998 4888 stabat
2026 4837 2077 4889 in

501 4935 701 4998 littore,
729 4932 896 5002 gloria
922 4931 1156 4995 indutus,
1182 4931 1365 4986 dicens
1389 4947 1402 4985 :
1427 4929 1573 4992 Filii,
1597 4947 1715 4983 num
1743 4927 1862 4998 quid
1887 4928 2083 4996 opsonii

505 5025 694 5079 habetis
725 5023 900 5094 (Joan.
927 5022 1018 5076 2|.
1049 5020 1145 5092 5)?
1174 5021 1318 5084 Non,
1352 5021 1627 5092 inquiunt,
1655 5037 1759 5073 non
1790 5019 2080 5074 habemus:

507 5134 614 5172 non
639 5117 779 5171 enim
810 5121 1067 5170 noverant
1089 5128 1231 5168 eum.
1260 5113 1456 5168 Deinde
1481 5113 1605 5167 dicit
1629 5129 1644 5170 :
1678 5111 1864 5164 Mittite
1886 5112 1936 5164 in
1963 5112 2084 5165 dea:-

509 5223 666 5266 teram
694 5210 878 5279 navigii
912 5217 1100 5278 partem
1129 5205 1286 5273 (Ibid.
1323 5221 1369 5258 υ.
1400 5204 1477 5274 6).
1505 5205 1778 5266 Miserum,
1809 5219 1870 5258 ac
1902 5205 2084 5271 ingen-

511 5316 616 5360 tem
646 5303 872 5374 piscium
915 5299 1304 5354 multitudinem
1342 5305 1614 5364 eeperunt.
1651 5296 1904 5365 Agnoscit
1930 5296 2090 5349 Joan-

513 5411 638 5461 nes,
665 5403 718 5450 et
745 5394 874 5450 dicit
894 5393 1054 5447 Petro
1074 5432 1088 5455 ,
1116 5388 1364 5442 Dominus
1388 5396 1461 5439 est
1490 5386 1648 5457 (ibid.
1672 5403 1718 5439 v.
1749 5387 1823 5456 7).
1855 5385 1900 5440 0
1927 5387 2089 5439 mira-

513 5487 718 5543 culum!
746 5486 860 5540 Non
891 5490 1221 5555 agnoverunt
1242 5495 1307 5535 ex
1328 5493 1479 5543 voce,
1509 5478 1602 5531 sed
1634 5493 1699 5531 ex
1729 5477 1999 5546 cperibus.
2023 5474 2092 5529 Et

515 5583 762 5652 sumpsit,
801 5582 1012 5653 inquit,
1056 5577 1237 5632 Petrus
1279 5575 1503 5629 tunicam
1538 5590 1555 5626 :
1590 5581 1694 5626 erat
1738 5573 1867 5626 enim
1906 5573 2090 5624 nudus.

517 5673 738 5734 Mortale
774 5689 968 5743 corpus
1004 5669 1304 5734 erubescit,
1338 5665 1636 5721 immortale
1674 5679 1778 5719 non
1808 5664 2090 5721 erubescit.

523 5763 719 5818 Verum
745 5765 793 5820 ei
817 5765 904 5835 qui
935 5777 1032 5819 nos
1066 5760 1234 5832 gloria
1275 5757 1480 5826 induit,
1509 5765 1559 5812 et
1589 5756 1676 5828 qui
1705 5755 1887 5813 orbem
1926 5755 2092 5810 induit

1892 303 2186 359 SEVERIA
2196 303 2259 358 Nl

3611 301 3718 360 ἀει

2140 418 2535 472 immortalitate
2560 458 2574 482 ,
2603 415 2726 470 huic
2765 415 3102 486 proctdamus
3123 457 3136 478 ,
3171 415 3292 470 huic
3321 416 3677 485 supplicamus
3698 459 3715 483 ,

2139 522 2191 588 ut
2222 526 2318 563 nos
2346 508 2526 562 induat
2550 507 2674 573 ﬁde,
2698 522 2792 576 spe
2816 508 3027 571 salutis,
3052 506 3217 574 gloria
3239 508 3288 560 iu
3311 507 3525 562 Christo
3549 525 3562 562 :
3588 523 3722 580 quo-

2137 605 2277 657 niam
2303 603 2444 657 Patri
2474 602 2637 672 gloria
2663 643 2678 666 ,
2707 617 2827 655 cum
2858 600 3125 670 unigenito
3151 600 3284 653 Filio
3309 607 3362 654 et
3390 610 3575 656 sancto
3601 601 3726 672 Spi-

2137 694 2263 760 ritu,
2292 709 2432 748 nunc
2453 700 2508 748 et
2527 708 2759 763 semper,
2787 703 2838 747 et
2867 693 2918 745 in
2946 693 3135 746 smcula
3165 691 3503 748 saeculorum.
3527 694 3721 748 Amen.

2138 827 2203 882 In
2231 830 2362 882 diem
2385 838 2580 882 sextum
2606 827 2891 889 creationis,
2915 836 2961 880 et
2985 828 3038 880 in
3065 827 3252 896 primo:
3276 838 3525 897 parentes,
3547 829 3598 882 in
3618 845 3729 883 ser-

2211 930 2438 988 pentem,
2486 930 2531 972 et
2580 921 2633 971 in
2679 921 2869 988 lignum
2917 919 3169 983 scientiw,
3217 919 3280 970 de
3321 917 3626 973 habitatione
3671 920 3726 971 in

2212 1013 2480 1082 paradiso,
2521 1013 2680 1080 deque
2713 1011 2897 1064 Adami
2933 1028 3048 1064 cum
3095 1010 3202 1064 Deo
3243 1011 3510 1081 colloquio.
3545 1009 3727 1065 Oratio

2211 1114 2352 1158 sexta
2373 1103 2470 1177 (a).

2221 1243 2270 1296 l.
2297 1245 2408 1311 Age
2433 1240 2780 1310 rursus,quod
2807 1239 3020 1310 polliciti
3048 1253 3233 1294 sumus
3259 1239 3651 1310 aggrediamur,
3675 1251 3730 1297 et

2143 1342 2512 1402 argumentum
2541 1332 2606 1386 de
2635 1331 2882 1402 paradiso
2909 1331 2974 1384 ad
3003 1330 3162 1385 ﬁnem
3189 1347 3356 1401 usque
3377 1332 3728 1388 deducamus.

2146 1427 2255 1482 Etsi
2283 1429 2423 1480 enim
2457 1417 2787 1479 intolerabile
2815 1425 3012 1478 malum
3046 1423 3169 1477 illud
3207 1422 3381 1488 fuerit,
3413 1424 3552 1494 quod
3585 1425 3732 1479 Ada-

2151 1535 2267 1572 mus
2295 1519 2500 1586 ejectns
2526 1518 2594 1572 sit
2619 1517 2686 1571 de
2716 1516 2980 1586 paradiso,
3006 1516 3160 1585 longe
3187 1517 3356 1586 majus
3381 1517 3484 1571 erit
3511 1518 3730 1582 malum,

2149 1611 2191 1666 si
2223 1627 2320 1664 nos
2349 1627 2377 1662 a
2415 1609 2641 1679 paradisi
2688 1607 2943 1662 memoria
2981 1608 3335 1662 eliminemur.
3382 1608 3514 1672 Rem
3552 1619 3733 1664 autem

2149 1703 2486 1772 attingamus,
2517 1716 2620 1754 non
2651 1701 3022 1754 communibus
3047 1699 3340 1755 rationibus
3361 1716 3477 1755 eam
3507 1711 3737 1756 tractan-

2151 1805 2250 1858 tes,
2273 1793 2367 1848 sed
2397 1809 2460 1848 ex
2493 1793 2603 1862 ipsa
2633 1807 2780 1846 sacra
2811 1791 3078 1860 Scriptura
3105 1791 3384 1846 dubiorum
3413 1793 3734 1850 solutionem

2151 1885 2395 1940 mutuati.
2416 1884 2515 1952 Qui
2541 1885 2682 1940 enim
2708 1900 2801 1954 pro
2823 1885 2970 1938 libito
2997 1884 3157 1939 sentit
3184 1893 3238 1938 et
3261 1885 3474 1954 cogitat,
3500 1885 3736 1955 seipsum

2151 1976 2346 2047 decipit
2367 1993 2380 2029 :
2400 1977 2491 2046 qui
2514 1991 2642 2030 vero
2661 1991 2726 2030 ex
2747 1974 3015 2044 Scriptura
3037 1975 3385 2044 qumstionum
3414 1976 3735 2032 solutionem

2153 2077 2464 2134 mutuatur,
2508 2069 2675 2138 ipsam
2718 2067 2878 2122 habet
2917 2069 3194 2122 veritatem
3238 2067 3563 2138 magistram.
3605 2068 3738 2135 Quia

2153 2176 2282 2215 vero
2313 2160 2547 2214 ﬁdelium
2577 2159 2724 2212 multi
2767 2159 3002 2228 legentes
3043 2158 3318 2223 dubitant,
3355 2168 3408 2212 et
3447 2158 3736 2212 inﬁdelium

2156 2250 2368 2320 plurimi
2389 2250 2694 2320 ignorantes
2715 2248 3101 2317 blasphemant,
3124 2255 3184 2302 ut
3202 2257 3257 2303 et
3282 2248 3477 2303 sanctis
3501 2249 3736 2303 animum

2155 2342 2437 2397 certiorem
2463 2341 2770 2404 reddamus,
2803 2349 2857 2394 et
2883 2339 3122 2394 inﬁdeles
3155 2339 3504 2402 confutemus,
3543 2355 3638 2408 pro
3662 2341 3740 2394 vi-

2156 2435 2242 2489 rili
2280 2449 2392 2488 rem
2436 2432 2834 2504 aggrediamur,
2866 2431 3028 2485 Deum
3059 2430 3328 2485 vobiscum
3364 2432 3738 2495 obsecrantes,

2161 2537 2217 2582 ut
2255 2528 2490 2580 veritatis
2531 2526 2684 2580 nobis
2724 2526 2930 2594 copiam
2974 2524 3355 2580 subministret.
3386 2524 3496 2592 Qua
3537 2525 3742 2580 ratione

2161 2620 2319 2674 homo
2343 2619 2586 2674 conditus
2610 2616 2783 2681 fuerit,
2813 2633 2913 2686 qua
2939 2631 3163 2686 corpore
3191 2615 3466 2682 formatus,
3491 2632 3590 2685 qua
3615 2617 3740 2671 item

2160 2728 2189 2765 a
2224 2712 2331 2766 Deo
2359 2719 2535 2766 creata
2564 2711 2736 2763 anima
2793 2709 2934 2764 illius
2965 2707 3128 2762 indita
3155 2708 3366 2778 corpori
3395 2706 3575 2774 fuerit,
3604 2724 3742 2778 quo-

2162 2804 2321 2858 modo
2365 2802 2664 2872 paradisum
2703 2800 3022 2855 domicilium
3069 2798 3352 2865 habuerit,
3382 2800 3479 2853 etsi
3509 2814 3613 2855 non
3646 2817 3744 2867 pro

2162 2896 2238 2951 rei
2266 2895 2517 2966 dignitate
2537 2933 2550 2958 ,
2591 2908 2686 2962 pro
2719 2891 2968 2947 facultate
2996 2899 3141 2946 certe
3177 2901 3355 2946 nostra
3378 2931 3393 2958 ,
3423 2891 3552 2945 satis
3577 2907 3744 2961 supra

2162 2986 2360 3041 dictum
2387 2994 2486 3038 est.
2515 2984 2630 3039 .lam
2673 2983 2738 3038 ad
2779 2983 3108 3055 propositum
3141 2984 3432 3038 orationem
3461 2993 3742 3037 converta-

2164 3095 2305 3134 mus.
2338 3079 2465 3132 Data
2490 3077 2702 3148 quidem
2734 3077 2936 3131 Adamo
2960 3086 3043 3132 est
3067 3077 3310 3132 universa
3346 3086 3484 3132 terra
3506 3118 3522 3144 ,
3553 3079 3745 3148 praeci-

2165 3186 2328 3242 puum
2359 3185 2485 3224 vero
2516 3170 2655 3224 illius
2681 3168 3034 3223 habitaculum
3065 3168 3341 3238 paradisus
3368 3181 3502 3223 erat.
3532 3169 3746 3224 Licebat

2164 3263 2323 3317 etiam
2350 3262 2396 3316 ei
2418 3273 2565 3316 extra
2593 3260 2895 3330 paradisum
2924 3261 3000 3314 ire
3025 3277 3038 3326 ;
3070 3275 3250 3314 verum
3285 3276 3402 3329 qua:
3428 3270 3574 3313 extra
3604 3276 3745 3330 para-

2167 3351 2339 3407 disum
2362 3361 2513 3406 erant
2533 3350 2764 3406 hominis
2789 3349 3095 3404 habitationi
3117 3349 3362 3419 deputata
3387 3365 3492 3404 non
3516 3351 3742 3416 fuerant,

2167 3443 2258 3497 sed
2281 3441 2469 3509 brutis,
2489 3441 2788 3512 pecoribus,
2811 3440 3261 3511 quadrupedibus,
3282 3440 3426 3505 feris,
3450 3442 3742 3511 reptilibus.

2169 3534 2333 3605 Regia
2372 3547 2498 3588 vero
2542 3541 2596 3586 et
2638 3531 2821 3586 herilis
2861 3531 3115 3586 habitatio
3160 3532 3257 3600 ipsi
3300 3539 3416 3586 erat
3451 3533 3744 3601 paradisus.

2169 3624 2295 3680 Ideo
2342 3625 2480 3680 Deus
2522 3625 2742 3679 adduxit
2777 3623 3023 3677 animalia
3061 3625 3127 3677 ad
3161 3622 3329 3677 Adam
3355 3665 3368 3687 ,
3400 3625 3557 3677 veluti
3591 3625 3656 3678 ab
3683 3640 3747 3679 eo

2170 3726 2433 3786 separata.
2473 3715 2586 3770 Non
2622 3717 2762 3770 enim
2805 3731 3015 3783 semper
3049 3715 3306 3784 mancipia
3339 3714 3464 3769 hero
3501 3715 3744 3779 adstant,

2172 3811 2264 3864 sed
2293 3825 2414 3863 cum
2455 3809 2558 3863 illis
2600 3823 2732 3878 opus
2770 3807 3032 3861 habuerit.
3074 3807 3240 3862 lndita
3281 3807 3593 3862 animalibus
3629 3816 3751 3861 sunt

2174 3903 2411 3968 nomina,
2441 3910 2497 3956 et
2521 3901 2697 3956 statim
2717 3901 2887 3969 ejecta
2912 3909 3035 3955 sunt
3056 3916 3074 3956 :
3096 3901 3290 3954 mansit
3309 3910 3485 3954 autem
3509 3903 3674 3954 Adam
3698 3902 3750 3955 in

2173 3992 2438 4062 paradiso.
2457 3995 2695 4050 llicvero
2707 3991 3004 4061 Scriptura:
3017 3992 3340 4062 diligentiam
3363 3993 3747 4047 animadverte.

2245 4084 2590 4138 Animantium
2630 4085 2729 4138 tria
2773 4100 2976 4155 genera.
3016 4114 3088 4124 —
3123 4082 3278 4138 Jussa
3318 4092 3472 4137 erant
3507 4085 3753 4138 animalia

2175 4177 2438 4231 Adamum
2469 4175 2617 4229 adire
2639 4215 2653 4238 ,
2681 4189 2741 4228 se
2764 4175 2838 4229 illi
2869 4175 3123 4230 inclinare
3141 4215 3155 4240 ,
3189 4175 3393 4246 ipsique
3417 4175 3711 4230 abblandiri
3737 4193 3752 4242 ;

2177 4268 2408 4337 exempli
2447 4281 2640 4334 causa,
2683 4267 3126 4337 quemadmodum
3171 4275 3323 4320 erant
3356 4268 3456 4321 tria
3495 4267 3756 4338 lignorum

2178 4377 2373 4432 genera
2393 4403 2408 4429 ,
2437 4376 2629 4431 nempe
2657 4360 2796 4430 ligna
2825 4376 2944 4430 qua:
2985 4360 3132 4414 illum
3164 4359 3402 4425 alerent,
3432 4368 3493 4415 ut
3515 4362 3718 4416 viveret
3745 4402 3758 4424 ,

2179 4458 2318 4528 ligna
2344 4471 2462 4527 quae
2487 4455 2630 4509 illum
2657 4456 2961 4524 probarent,
2991 4465 3048 4508 ut
3076 4455 3211 4510 bene
3237 4454 3454 4521 viveret,
3482 4465 3534 4509 et
3561 4454 3756 4525 lignum

2180 4549 2320 4619 quod
2348 4549 2517 4618 ipsum
2545 4545 2854 4611 custodiret,
2882 4555 2939 4600 ut
2965 4560 3176 4616 semper
3205 4547 3430 4612 viveret;
3457 4546 3534 4601 sic
3559 4557 3613 4600 et
3637 4546 3760 4600 bru-

2181 4649 2354 4694 torum
2401 4639 2745 4693 animantium
2788 4637 2886 4691 tria
2931 4637 3030 4707 ipsi
3069 4651 3320 4692 concessa
3361 4646 3487 4692 sunt
3527 4652 3758 4708 genera;

2183 4747 2346 4784 unum
2375 4729 2440 4783 ad
2470 4744 2645 4784 escam
2667 4769 2680 4793 ,
2711 4729 2938 4783 alterum
2976 4727 3040 4780 ad
3081 4728 3426 4797 obsequium,
3458 4729 3668 4783 tertium
3696 4726 3761 4782 ad

2185 4822 2531 4876 recreandum
2554 4821 2821 4874 animum:
2847 4819 3093 4873 nimirum
3115 4817 3182 4872 ad
3206 4834 3381 4874 escam
3402 4834 3463 4873 ea
3489 4835 3605 4888 qua:
3628 4832 3762 4872 uuuc

2187 4924 2520 4978 mactantur;
2553 4913 2618 4966 ad
2657 4912 3027 4975 ministerium,
3053 4911 3194 4980 equi,
3227 4911 3433 4973 cameli,
3476 4912 3634 4975 asini,
3667 4911 3765 4964 bo-

2186 5023 2302 5074 ves,
2333 5007 2540 5076 aliaque
2565 5005 2755 5061 similia
2782 5005 2882 5076 ipsi
2907 5005 3288 5069 ministrantia;
3321 5004 3388 5058 ad
3419 5003 3762 5059 recreandum

2189 5099 2424 5157 animum
2450 5097 2695 5152 animalia
2721 5097 2786 5151 ad
2816 5097 3161 5152 imitationem
3188 5095 3376 5151 idonea
3394 5136 3410 5161 ,
3443 5097 3578 5150 laete
3606 5110 3767 5149 voces

2191 5192 2449 5246 aeriarum
2472 5190 2668 5254 avium,
2691 5203 2808 5260 quze
2829 5190 2984 5243 etiam
3009 5203 3166 5243 aures
3185 5188 3474 5243 oblectant.
3499 5186 3768 5254 Quemad-

2193 5283 2406 5340 modum
2432 5285 2574 5340 enim
2599 5299 2792 5353 corpus
2818 5292 2937 5353 post
2961 5282 3186 5346 labores,
3218 5282 3315 5336 nisi
3342 5279 3768 5349 defatigationem

2195 5377 2475 5446 expulerit,
2504 5392 2607 5431 non
2636 5384 2808 5445 potest
2833 5374 2966 5428 alios
2995 5373 3141 5428 adire
3162 5372 3391 5436 labores,
3418 5371 3495 5424 sic
3519 5379 3572 5424 et
3597 5371 3771 5422 anima

2194 5471 2404 5526 virtutis
2431 5469 2699 5524 laboribus
2728 5467 3035 5538 perfuncta,
3069 5466 3166 5521 nisi
3194 5464 3442 5535 jucundis
3470 5463 3773 5532 aspectibus

2198 5571 2486 5630 recreetur,
2516 5561 2583 5617 ad
2610 5559 3056 5632 perseverandum
3094 5559 3149 5614 in
3180 5559 3370 5614 virtute
3409 5571 3516 5612 non
3557 5553 3771 5610 sufﬁcit.

2262 5700 2333 5763 (a)
2367 5709 2476 5749 [nec
2497 5706 2638 5763 sexta
2658 5695 2856 5763 ho_m_i_lia
2877 5710 2973 5746 non
2994 5695 3202 5744 habetur
3237 5694 3284 5743 in
3314 5691 3545 5744 Vaticano
3567 5687 3742 5741 Codice
3755 5716 3776 5747 ,

2205 5760 2292 5814 sed
2315 5760 2425 5814 eam
2443 5762 2642 5813 savilius
2667 5760 2830 5811 edidit.
