  <div class='ocr_page' id='page_1' title='image "/cluster/home/n/w/nwhite01/storage/ocr_20150623/56/mdp.39015028574351/477.png"; bbox 0 0 4074 6308; ppageno 0'>
   <div class='ocr_carea' id='block_1_1' title="bbox 426 522 1989 597">
    <p class='ocr_par' dir='ltr' id='par_1_1' title="bbox 426 522 1989 597">
     <span class='ocr_line' id='line_1_1' title="bbox 426 522 1989 597; baseline 0.004 -21"><span class='ocrx_word' id='word_1_1' title='bbox 426 522 691 595; x_wconf 76' lang='grc' dir='ltr'>καὶψυχὴ</span> <span class='ocrx_word' id='word_1_2' title='bbox 720 524 851 587; x_wconf 73' lang='grc' dir='ltr'>τοὺς</span> <span class='ocrx_word' id='word_1_3' title='bbox 886 524 986 595; x_wconf 81' lang='grc' dir='ltr'>τῆς</span> <span class='ocrx_word' id='word_1_4' title='bbox 1018 524 1219 596; x_wconf 74' lang='grc' dir='ltr'>ἀρετης</span> <span class='ocrx_word' id='word_1_5' title='bbox 1263 541 1456 590; x_wconf 84' lang='grc' dir='ltr'>πονους</span> <span class='ocrx_word' id='word_1_6' title='bbox 1493 527 1856 597; x_wconf 73' lang='grc' dir='ltr'>ὑπομένουσα,</span> <span class='ocrx_word' id='word_1_7' title='bbox 1894 529 1989 584; x_wconf 90' lang='grc' dir='ltr'>ἐάν</span> 
     </span>
    </p>
   </div>
   <div class='ocr_carea' id='block_1_2' title="bbox 427 606 1992 683">
    <p class='ocr_par' dir='ltr' id='par_1_2' title="bbox 427 606 1992 683">
     <span class='ocr_line' id='line_1_2' title="bbox 427 606 1992 683; baseline 0.004 -25"><span class='ocrx_word' id='word_1_8' title='bbox 427 606 503 677; x_wconf 82' lang='grc' dir='ltr'>μὴ</span> <span class='ocrx_word' id='word_1_9' title='bbox 529 610 647 670; x_wconf 89' lang='grc' dir='ltr'>ταῖς</span> <span class='ocrx_word' id='word_1_10' title='bbox 680 607 885 678; x_wconf 77' lang='grc' dir='ltr'>ἡδείαις</span> <span class='ocrx_word' id='word_1_11' title='bbox 924 608 1079 676; x_wconf 87' lang='grc' dir='ltr'>ὄψεσι</span> <span class='ocrx_word' id='word_1_12' title='bbox 1097 607 1472 681; x_wconf 79' lang='grc' dir='ltr'>ψυχαγωγηθῇ</span> <span class='ocrx_word' id='word_1_13' title='bbox 1492 652 1506 673; x_wconf 92' lang='grc'>,</span> <span class='ocrx_word' id='word_1_14' title='bbox 1550 612 1648 665; x_wconf 88' lang='grc' dir='ltr'>οὑκ</span> <span class='ocrx_word' id='word_1_15' title='bbox 1671 612 1831 682; x_wconf 89' lang='grc' dir='ltr'>ἀρκεῖ</span> <span class='ocrx_word' id='word_1_16' title='bbox 1856 612 1992 683; x_wconf 88' lang='grc' dir='ltr'>πρὸς</span> 
     </span>
    </p>
   </div>
   <div class='ocr_carea' id='block_1_3' title="bbox 422 690 1991 765">
    <p class='ocr_par' dir='ltr' id='par_1_3' title="bbox 422 690 1991 765">
     <span class='ocr_line' id='line_1_3' title="bbox 422 690 1991 765; baseline 0.004 -23"><span class='ocrx_word' id='word_1_17' title='bbox 422 690 514 743; x_wconf 88' lang='grc' dir='ltr'>τὸν</span> <span class='ocrx_word' id='word_1_18' title='bbox 547 690 697 744; x_wconf 85' lang='grc' dir='ltr'>τόνον</span> <span class='ocrx_word' id='word_1_19' title='bbox 735 691 832 761; x_wconf 82' lang='grc' dir='ltr'>τῆς</span> <span class='ocrx_word' id='word_1_20' title='bbox 862 692 1082 761; x_wconf 82' lang='grc' dir='ltr'>ἀρετῆς.</span> <span class='ocrx_word' id='word_1_21' title='bbox 1121 692 1288 745; x_wconf 87' lang='grc' dir='ltr'>Ὅταν</span> <span class='ocrx_word' id='word_1_22' title='bbox 1315 693 1401 765; x_wconf 82' lang='grc' dir='ltr'>ίδῃ</span> <span class='ocrx_word' id='word_1_23' title='bbox 1444 694 1471 744; x_wconf 92' lang='grc' dir='ltr'>ό</span> <span class='ocrx_word' id='word_1_24' title='bbox 1503 692 1635 758; x_wconf 75' lang='grc' dir='ltr'>Θεὸς</span> <span class='ocrx_word' id='word_1_25' title='bbox 1678 695 1991 765; x_wconf 85' lang='grc' dir='ltr'>κάμνουσαν</span> 
     </span>
    </p>
   </div>
   <div class='ocr_carea' id='block_1_4' title="bbox 420 772 1991 846">
    <p class='ocr_par' dir='ltr' id='par_1_4' title="bbox 420 772 1991 846">
     <span class='ocr_line' id='line_1_4' title="bbox 420 772 1991 846; baseline 0.004 -22"><span class='ocrx_word' id='word_1_26' title='bbox 420 773 618 843; x_wconf 70' lang='grc' dir='ltr'>ψυχὴν,</span> <span class='ocrx_word' id='word_1_27' title='bbox 652 773 968 843; x_wconf 76' lang='grc' dir='ltr'>ψυχαγωγεῖ</span> <span class='ocrx_word' id='word_1_28' title='bbox 988 773 1155 843; x_wconf 80' lang='grc' dir='ltr'>αὑτὴν</span> <span class='ocrx_word' id='word_1_29' title='bbox 1180 773 1268 827; x_wconf 82' lang='grc' dir='ltr'>διὰ</span> <span class='ocrx_word' id='word_1_30' title='bbox 1295 775 1399 827; x_wconf 82' lang='grc' dir='ltr'>τῶν</span> <span class='ocrx_word' id='word_1_31' title='bbox 1426 776 1622 846; x_wconf 83' lang='grc' dir='ltr'>ἡδέων·</span> <span class='ocrx_word' id='word_1_32' title='bbox 1653 772 1762 830; x_wconf 72' lang='grc' dir='ltr'>οἷον</span> <span class='ocrx_word' id='word_1_33' title='bbox 1783 778 1991 844; x_wconf 90' lang='grc' dir='ltr'>γίνεται</span> 
     </span>
    </p>
   </div>
   <div class='ocr_carea' id='block_1_5' title="bbox 421 856 1990 928">
    <p class='ocr_par' dir='ltr' id='par_1_5' title="bbox 421 856 1990 928">
     <span class='ocr_line' id='line_1_5' title="bbox 421 856 1990 928; baseline 0.001 -17"><span class='ocrx_word' id='word_1_34' title='bbox 421 857 517 911; x_wconf 77' lang='grc' dir='ltr'>καὶ</span> <span class='ocrx_word' id='word_1_35' title='bbox 548 856 634 926; x_wconf 78' lang='grc' dir='ltr'>ἐφ’</span> <span class='ocrx_word' id='word_1_36' title='bbox 664 856 840 927; x_wconf 87' lang='grc' dir='ltr'>ήμῶν.</span> <span class='ocrx_word' id='word_1_37' title='bbox 876 856 1143 919; x_wconf 85' lang='grc' dir='ltr'>Πολλάκις</span> <span class='ocrx_word' id='word_1_38' title='bbox 1171 858 1279 928; x_wconf 87' lang='grc' dir='ltr'>γὰρ</span> <span class='ocrx_word' id='word_1_39' title='bbox 1315 857 1373 922; x_wconf 79' lang='grc' dir='ltr'>ἐξ</span> <span class='ocrx_word' id='word_1_40' title='bbox 1401 859 1606 927; x_wconf 82' lang='grc' dir='ltr'>ἀγορᾶς</span> <span class='ocrx_word' id='word_1_41' title='bbox 1634 859 1940 912; x_wconf 87' lang='grc' dir='ltr'>ἐπανελθὼν</span> <span class='ocrx_word' id='word_1_42' title='bbox 1961 862 1990 914; x_wconf 95' lang='lat'>6</span> 
     </span>
    </p>
   </div>
   <div class='ocr_carea' id='block_1_6' title="bbox 420 939 1990 1013">
    <p class='ocr_par' dir='ltr' id='par_1_6' title="bbox 420 939 1990 1013">
     <span class='ocr_line' id='line_1_6' title="bbox 420 939 1990 1013; baseline 0.003 -21"><span class='ocrx_word' id='word_1_43' title='bbox 420 939 732 1010; x_wconf 79' lang='grc' dir='ltr'>ἄνθρωπος,</span> <span class='ocrx_word' id='word_1_44' title='bbox 792 940 884 992; x_wconf 71' lang='grc' dir='ltr'>καὶ</span> <span class='ocrx_word' id='word_1_45' title='bbox 935 940 1154 1010; x_wconf 81' lang='grc' dir='ltr'>μυρίαις</span> <span class='ocrx_word' id='word_1_46' title='bbox 1191 939 1385 1000; x_wconf 82' lang='grc' dir='ltr'>λύπαις</span> <span class='ocrx_word' id='word_1_47' title='bbox 1434 942 1845 1013; x_wconf 74' lang='grc' dir='ltr'>περιαντληθεὶς</span> <span class='ocrx_word' id='word_1_48' title='bbox 1893 944 1990 1013; x_wconf 78' lang='grc' dir='ltr'>τὴν</span> 
     </span>
    </p>
   </div>
   <div class='ocr_carea' id='block_1_7' title="bbox 419 1020 1990 1098">
    <p class='ocr_par' dir='ltr' id='par_1_7' title="bbox 419 1020 1990 1098">
     <span class='ocr_line' id='line_1_7' title="bbox 419 1020 1990 1098; baseline 0.004 -23"><span class='ocrx_word' id='word_1_49' title='bbox 419 1020 676 1088; x_wconf 82' lang='grc' dir='ltr'>διάνοιαν,</span> <span class='ocrx_word' id='word_1_50' title='bbox 704 1022 799 1075; x_wconf 60' lang='grc' dir='ltr'>καὶ⁸</span> <span class='ocrx_word' id='word_1_51' title='bbox 833 1021 1105 1093; x_wconf 82' lang='grc' dir='ltr'>συντυχὼν</span> <span class='ocrx_word' id='word_1_52' title='bbox 1131 1022 1283 1092; x_wconf 80' lang='grc' dir='ltr'>ὄψεσι</span> <span class='ocrx_word' id='word_1_53' title='bbox 1318 1023 1574 1088; x_wconf 85' lang='grc' dir='ltr'>πολλάκις</span> <span class='ocrx_word' id='word_1_54' title='bbox 1605 1025 1864 1098; x_wconf 81' lang='grc' dir='ltr'>βαρείαις,</span> <span class='ocrx_word' id='word_1_55' title='bbox 1896 1029 1990 1081; x_wconf 81' lang='grc' dir='ltr'>καὶ</span> 
     </span>
    </p>
   </div>
   <div class='ocr_carea' id='block_1_8' title="bbox 420 1104 1989 1179">
    <p class='ocr_par' dir='ltr' id='par_1_8' title="bbox 420 1104 1989 1179">
     <span class='ocr_line' id='line_1_8' title="bbox 420 1104 1989 1179; baseline 0.002 -20"><span class='ocrx_word' id='word_1_56' title='bbox 420 1106 720 1178; x_wconf 80' lang='grc' dir='ltr'>ἀφορήτοις</span> <span class='ocrx_word' id='word_1_57' title='bbox 742 1122 808 1157; x_wconf 88' lang='grc' dir='ltr'>πε</span> <span class='ocrx_word' id='word_1_58' title='bbox 817 1104 1051 1176; x_wconf 86' lang='grc' dir='ltr'>ριπεσὼν</span> <span class='ocrx_word' id='word_1_59' title='bbox 1073 1110 1376 1177; x_wconf 83' lang='grc' dir='ltr'>συμφοραῖς</span> <span class='ocrx_word' id='word_1_60' title='bbox 1402 1108 1494 1161; x_wconf 79' lang='grc' dir='ltr'>καὶ</span> <span class='ocrx_word' id='word_1_61' title='bbox 1514 1107 1736 1179; x_wconf 77' lang='grc' dir='ltr'>ζημίαις</span> <span class='ocrx_word' id='word_1_62' title='bbox 1751 1121 1799 1173; x_wconf 79' lang='grc' dir='ltr'>ι,</span> <span class='ocrx_word' id='word_1_63' title='bbox 1820 1110 1989 1163; x_wconf 87' lang='grc' dir='ltr'>ἐλθὼν</span> 
     </span>
    </p>
   </div>
   <div class='ocr_carea' id='block_1_9' title="bbox 420 1188 1990 1259">
    <p class='ocr_par' dir='ltr' id='par_1_9' title="bbox 420 1188 1990 1259">
     <span class='ocr_line' id='line_1_9' title="bbox 420 1188 1990 1259; baseline 0.004 -20"><span class='ocrx_word' id='word_1_64' title='bbox 420 1190 502 1251; x_wconf 86' lang='grc' dir='ltr'>είς</span> <span class='ocrx_word' id='word_1_65' title='bbox 524 1190 625 1259; x_wconf 81' lang='grc' dir='ltr'>τήν</span> <span class='ocrx_word' id='word_1_66' title='bbox 658 1188 838 1241; x_wconf 77' lang='grc' dir='ltr'>οἰκίαν</span> <span class='ocrx_word' id='word_1_67' title='bbox 866 1188 1112 1259; x_wconf 84' lang='grc' dir='ltr'>εὑρίσκει</span> <span class='ocrx_word' id='word_1_68' title='bbox 1146 1189 1360 1243; x_wconf 83' lang='grc' dir='ltr'>παιδίου</span> <span class='ocrx_word' id='word_1_69' title='bbox 1393 1190 1766 1259; x_wconf 75' lang='grc' dir='ltr'>ψυχαγωγίαν,</span> <span class='ocrx_word' id='word_1_70' title='bbox 1807 1193 1899 1245; x_wconf 77' lang='grc' dir='ltr'>καὶ</span> <span class='ocrx_word' id='word_1_71' title='bbox 1930 1192 1990 1246; x_wconf 90' lang='grc' dir='ltr'>τὸ</span> 
     </span>
    </p>
   </div>
   <div class='ocr_carea' id='block_1_10' title="bbox 421 1270 1983 1344">
    <p class='ocr_par' dir='ltr' id='par_1_10' title="bbox 421 1270 1983 1344">
     <span class='ocr_line' id='line_1_10' title="bbox 421 1270 1983 1344; baseline 0.005 -23"><span class='ocrx_word' id='word_1_72' title='bbox 421 1270 654 1341; x_wconf 88' lang='grc' dir='ltr'>σκληρὸν</span> <span class='ocrx_word' id='word_1_73' title='bbox 677 1271 786 1323; x_wconf 84' lang='grc' dir='ltr'>τῶν</span> <span class='ocrx_word' id='word_1_74' title='bbox 819 1271 995 1323; x_wconf 88' lang='grc' dir='ltr'>πόνων</span> <span class='ocrx_word' id='word_1_75' title='bbox 1028 1271 1237 1340; x_wconf 82' lang='grc' dir='ltr'>ἀλείφει</span> <span class='ocrx_word' id='word_1_76' title='bbox 1264 1273 1322 1325; x_wconf 92' lang='grc' dir='ltr'>τὸ</span> <span class='ocrx_word' id='word_1_77' title='bbox 1360 1274 1565 1326; x_wconf 89' lang='grc' dir='ltr'>άπαλὸν</span> <span class='ocrx_word' id='word_1_78' title='bbox 1596 1275 1696 1344; x_wconf 82' lang='grc' dir='ltr'>τῆς</span> <span class='ocrx_word' id='word_1_79' title='bbox 1727 1275 1983 1338; x_wconf 83' lang='grc' dir='ltr'>διανοίας.</span> 
     </span>
    </p>
   </div>
   <div class='ocr_carea' id='block_1_11' title="bbox 431 1351 1987 1430">
    <p class='ocr_par' dir='ltr' id='par_1_11' title="bbox 431 1351 1987 1430">
     <span class='ocr_line' id='line_1_11' title="bbox 431 1351 1987 1430; baseline 0.004 -24"><span class='ocrx_word' id='word_1_80' title='bbox 431 1351 647 1424; x_wconf 85' lang='grc' dir='ltr'>Ἐπειδὴ</span> <span class='ocrx_word' id='word_1_81' title='bbox 685 1353 794 1425; x_wconf 91' lang='grc' dir='ltr'>γάρ</span> <span class='ocrx_word' id='word_1_82' title='bbox 830 1352 980 1423; x_wconf 88' lang='grc' dir='ltr'>αὑτῷ</span> <span class='ocrx_word' id='word_1_83' title='bbox 1012 1353 1306 1425; x_wconf 79' lang='grc' dir='ltr'>ἀθυμοῦντι</span> <span class='ocrx_word' id='word_1_84' title='bbox 1353 1357 1414 1409; x_wconf 92' lang='grc' dir='ltr'>οὑ</span> <span class='ocrx_word' id='word_1_85' title='bbox 1448 1359 1583 1428; x_wconf 84' lang='grc' dir='ltr'>γυνὴ</span> <span class='ocrx_word' id='word_1_86' title='bbox 1630 1358 1987 1430; x_wconf 84' lang='grc' dir='ltr'>προσέρχεται</span> 
     </span>
    </p>
   </div>
   <div class='ocr_carea' id='block_1_12' title="bbox 420 1436 1988 1515">
    <p class='ocr_par' dir='ltr' id='par_1_12' title="bbox 420 1436 1988 1515">
     <span class='ocr_line' id='line_1_12' title="bbox 420 1436 1988 1515; baseline 0.005 -26"><span class='ocrx_word' id='word_1_87' title='bbox 420 1436 918 1507; x_wconf 85' lang='grc' dir='ltr'>παραμυθουμένη,</span> <span class='ocrx_word' id='word_1_88' title='bbox 971 1439 1047 1501; x_wconf 84' lang='grc' dir='ltr'>ὡς</span> <span class='ocrx_word' id='word_1_89' title='bbox 1086 1439 1311 1512; x_wconf 80' lang='grc' dir='ltr'>ἄκαιρον</span> <span class='ocrx_word' id='word_1_90' title='bbox 1350 1439 1545 1511; x_wconf 79' lang='grc' dir='ltr'>ἔχουσα</span> <span class='ocrx_word' id='word_1_91' title='bbox 1588 1442 1687 1515; x_wconf 82' lang='grc' dir='ltr'>τὴν</span> <span class='ocrx_word' id='word_1_92' title='bbox 1734 1461 1988 1514; x_wconf 88' lang='grc' dir='ltr'>παραμυ-</span> 
     </span>
    </p>
   </div>
   <div class='ocr_carea' id='block_1_13' title="bbox 419 1519 1988 1596">
    <p class='ocr_par' dir='ltr' id='par_1_13' title="bbox 419 1519 1988 1596">
     <span class='ocr_line' id='line_1_13' title="bbox 419 1519 1988 1596; baseline 0.006 -25"><span class='ocrx_word' id='word_1_93' title='bbox 419 1519 560 1586; x_wconf 88' lang='grc' dir='ltr'>θίαν,</span> <span class='ocrx_word' id='word_1_94' title='bbox 582 1521 690 1573; x_wconf 77' lang='grc' dir='ltr'>οὑκ</span> <span class='ocrx_word' id='word_1_95' title='bbox 716 1520 933 1590; x_wconf 79' lang='grc' dir='ltr'>οἰκέτης</span> <span class='ocrx_word' id='word_1_96' title='bbox 964 1521 1134 1593; x_wconf 77' lang='grc' dir='ltr'>τολμᾷ</span> <span class='ocrx_word' id='word_1_97' title='bbox 1164 1524 1685 1596; x_wconf 84' lang='grc' dir='ltr'>παραμυθήσασθαι,</span> <span class='ocrx_word' id='word_1_98' title='bbox 1721 1528 1927 1594; x_wconf 92' lang='grc' dir='ltr'>εἰσάγει</span> <span class='ocrx_word' id='word_1_99' title='bbox 1959 1530 1988 1581; x_wconf 95' lang='lat'>6</span> 
     </span>
    </p>
   </div>
   <div class='ocr_carea' id='block_1_14' title="bbox 418 1601 1988 1679">
    <p class='ocr_par' dir='ltr' id='par_1_14' title="bbox 418 1601 1988 1679">
     <span class='ocr_line' id='line_1_14' title="bbox 418 1601 1988 1679; baseline 0.005 -25"><span class='ocrx_word' id='word_1_100' title='bbox 418 1601 548 1679; x_wconf 86' lang='grc' dir='ltr'>Θεὸς</span> <span class='ocrx_word' id='word_1_101' title='bbox 585 1603 683 1673; x_wconf 79' lang='grc' dir='ltr'>τὴν</span> <span class='ocrx_word' id='word_1_102' title='bbox 704 1603 976 1657; x_wconf 83' lang='grc' dir='ltr'>ἄπλαστον</span> <span class='ocrx_word' id='word_1_103' title='bbox 1004 1603 1164 1671; x_wconf 88' lang='grc' dir='ltr'>φύσιν</span> <span class='ocrx_word' id='word_1_104' title='bbox 1192 1606 1291 1676; x_wconf 77' lang='grc' dir='ltr'>τὴν</span> <span class='ocrx_word' id='word_1_105' title='bbox 1317 1606 1643 1679; x_wconf 86' lang='grc' dir='ltr'>συγγνώμης</span> <span class='ocrx_word' id='word_1_106' title='bbox 1665 1608 1988 1679; x_wconf 82' lang='grc' dir='ltr'>ἀξιουμένην</span> 
     </span>
    </p>
   </div>
   <div class='ocr_carea' id='block_1_15' title="bbox 415 1678 1986 1762">
    <p class='ocr_par' dir='ltr' id='par_1_15' title="bbox 415 1678 1986 1762">
     <span class='ocr_line' id='line_1_15' title="bbox 415 1678 1986 1762; baseline 0.003 -23"><span class='ocrx_word' id='word_1_107' title='bbox 415 1684 477 1748; x_wconf 71' lang='grc' dir='ltr'>ἐξ</span> <span class='ocrx_word' id='word_1_108' title='bbox 501 1678 575 1739; x_wconf 80' lang='grc' dir='ltr'>ὧν</span> <span class='ocrx_word' id='word_1_109' title='bbox 598 1687 699 1739; x_wconf 90' lang='grc' dir='ltr'>οὑκ</span> <span class='ocrx_word' id='word_1_110' title='bbox 719 1681 847 1749; x_wconf 77' lang='grc' dir='ltr'>οἶδε,</span> <span class='ocrx_word' id='word_1_111' title='bbox 872 1686 973 1739; x_wconf 76' lang='grc' dir='ltr'>ικαὶ</span> <span class='ocrx_word' id='word_1_112' title='bbox 999 1686 1065 1740; x_wconf 85' lang='grc' dir='ltr'>δι’</span> <span class='ocrx_word' id='word_1_113' title='bbox 1101 1688 1271 1757; x_wconf 87' lang='grc' dir='ltr'>αὑτῆς</span> <span class='ocrx_word' id='word_1_114' title='bbox 1305 1688 1514 1759; x_wconf 82' lang='grc' dir='ltr'>ἀλείφει</span> <span class='ocrx_word' id='word_1_115' title='bbox 1537 1678 1634 1762; x_wconf 74' lang='grc' dir='ltr'>τὴν</span> <span class='ocrx_word' id='word_1_116' title='bbox 1663 1691 1727 1744; x_wconf 90' lang='grc' dir='ltr'>ἐκ</span> <span class='ocrx_word' id='word_1_117' title='bbox 1756 1678 1863 1743; x_wconf 77' lang='grc' dir='ltr'>τῶν</span> <span class='ocrx_word' id='word_1_118' title='bbox 1887 1678 1986 1744; x_wconf 87' lang='grc' dir='ltr'>πό-</span> 
     </span>
    </p>
   </div>
   <div class='ocr_carea' id='block_1_16' title="bbox 416 1772 1983 1845">
    <p class='ocr_par' dir='ltr' id='par_1_16' title="bbox 416 1772 1983 1845">
     <span class='ocr_line' id='line_1_16' title="bbox 416 1772 1983 1845; baseline 0.004 -24"><span class='ocrx_word' id='word_1_119' title='bbox 416 1784 522 1821; x_wconf 82' lang='grc' dir='ltr'>νων</span> <span class='ocrx_word' id='word_1_120' title='bbox 570 1772 910 1840; x_wconf 88' lang='grc' dir='ltr'>κεκμηκυῖαν</span> <span class='ocrx_word' id='word_1_121' title='bbox 952 1772 1146 1841; x_wconf 87' lang='grc' dir='ltr'>ψυχήν.</span> <span class='ocrx_word' id='word_1_122' title='bbox 1195 1773 1422 1839; x_wconf 75' lang='grc' dir='ltr'>Οἰκέτης</span> <span class='ocrx_word' id='word_1_123' title='bbox 1468 1772 1562 1826; x_wconf 83' lang='grc' dir='ltr'>ἐὰν</span> <span class='ocrx_word' id='word_1_124' title='bbox 1620 1773 1983 1845; x_wconf 84' lang='grc' dir='ltr'>προσγελάσῃ,</span> 
     </span>
    </p>
   </div>
   <div class='ocr_carea' id='block_1_17' title="bbox 416 1850 1986 1927">
    <p class='ocr_par' dir='ltr' id='par_1_17' title="bbox 416 1850 1986 1927">
     <span class='ocr_line' id='line_1_17' title="bbox 416 1850 1986 1927; baseline 0.004 -24"><span class='ocrx_word' id='word_1_125' title='bbox 416 1850 697 1922; x_wconf 81' lang='grc' dir='ltr'>νομίζεται</span> <span class='ocrx_word' id='word_1_126' title='bbox 740 1852 999 1924; x_wconf 80' lang='grc' dir='ltr'>ἐπιγελᾷν</span> <span class='ocrx_word' id='word_1_127' title='bbox 1035 1856 1101 1925; x_wconf 78' lang='grc' dir='ltr'>τῇ</span> <span class='ocrx_word' id='word_1_128' title='bbox 1137 1853 1292 1925; x_wconf 71' lang='grc' dir='ltr'>ὕϐρει</span> <span class='ocrx_word' id='word_1_129' title='bbox 1326 1853 1422 1908; x_wconf 89' lang='grc' dir='ltr'>τοῦ</span> <span class='ocrx_word' id='word_1_130' title='bbox 1451 1856 1707 1910; x_wconf 84' lang='grc' dir='ltr'>δεσπότου</span> <span class='ocrx_word' id='word_1_131' title='bbox 1732 1871 1746 1885; x_wconf 77' lang='grc'><strong><em>⁸</em></strong></span> <span class='ocrx_word' id='word_1_132' title='bbox 1782 1858 1817 1927; x_wconf 85' lang='grc' dir='ltr'>ή</span> <span class='ocrx_word' id='word_1_133' title='bbox 1850 1859 1986 1927; x_wconf 86' lang='grc' dir='ltr'>γυνὴ</span> 
     </span>
    </p>
   </div>
   <div class='ocr_carea' id='block_1_18' title="bbox 415 1935 1987 2015">
    <p class='ocr_par' dir='ltr' id='par_1_18' title="bbox 415 1935 1987 2015">
     <span class='ocr_line' id='line_1_18' title="bbox 415 1935 1987 2015; baseline 0.006 -28"><span class='ocrx_word' id='word_1_134' title='bbox 415 1935 511 2005; x_wconf 77' lang='grc' dir='ltr'>ὲάν</span> <span class='ocrx_word' id='word_1_135' title='bbox 551 1937 777 2009; x_wconf 80' lang='grc' dir='ltr'>γελάσῃ,</span> <span class='ocrx_word' id='word_1_136' title='bbox 806 1939 1083 2008; x_wconf 82' lang='grc' dir='ltr'>νομίζεται</span> <span class='ocrx_word' id='word_1_137' title='bbox 1119 1940 1472 2012; x_wconf 84' lang='grc' dir='ltr'>ἀναισθητεῖν</span> <span class='ocrx_word' id='word_1_138' title='bbox 1501 1943 1629 2014; x_wconf 74' lang='grc' dir='ltr'>περὶ</span> <span class='ocrx_word' id='word_1_139' title='bbox 1654 1943 1753 2015; x_wconf 73' lang='grc' dir='ltr'>τὴν</span> <span class='ocrx_word' id='word_1_140' title='bbox 1780 1960 1987 2014; x_wconf 90' lang='grc' dir='ltr'>συμφο-</span> 
     </span>
    </p>
   </div>
   <div class='ocr_carea' id='block_1_19' title="bbox 396 2020 1987 2095">
    <p class='ocr_par' dir='ltr' id='par_1_19' title="bbox 396 2020 1987 2095">
     <span class='ocr_line' id='line_1_19' title="bbox 396 2020 1987 2095; baseline 0.006 -25"><span class='ocrx_word' id='word_1_141' title='bbox 396 2020 517 2089; x_wconf 79' lang='grc' dir='ltr'>ράν</span> <span class='ocrx_word' id='word_1_142' title='bbox 538 2036 553 2051; x_wconf 87' lang='grc'><strong>·</strong></span> <span class='ocrx_word' id='word_1_143' title='bbox 587 2021 647 2074; x_wconf 90' lang='grc' dir='ltr'>τὸ</span> <span class='ocrx_word' id='word_1_144' title='bbox 680 2021 891 2074; x_wconf 86' lang='grc' dir='ltr'>παιδίον</span> <span class='ocrx_word' id='word_1_145' title='bbox 939 2022 1248 2076; x_wconf 81' lang='grc' dir='ltr'>ἀνύποπτον</span> <span class='ocrx_word' id='word_1_146' title='bbox 1291 2024 1403 2094; x_wconf 78' lang='grc' dir='ltr'>ἔχει</span> <span class='ocrx_word' id='word_1_147' title='bbox 1451 2025 1550 2095; x_wconf 84' lang='grc' dir='ltr'>τὴν</span> <span class='ocrx_word' id='word_1_148' title='bbox 1585 2025 1870 2079; x_wconf 83' lang='grc' dir='ltr'>κολακείαν</span> <span class='ocrx_word' id='word_1_149' title='bbox 1898 2027 1987 2080; x_wconf 82' lang='grc' dir='ltr'>διά</span> 
     </span>
    </p>
   </div>
   <div class='ocr_carea' id='block_1_20' title="bbox 413 2104 1985 2181">
    <p class='ocr_par' dir='ltr' id='par_1_20' title="bbox 413 2104 1985 2181">
     <span class='ocr_line' id='line_1_20' title="bbox 413 2104 1985 2181; baseline 0.004 -25"><span class='ocrx_word' id='word_1_150' title='bbox 413 2104 512 2173; x_wconf 80' lang='grc' dir='ltr'>τὴν</span> <span class='ocrx_word' id='word_1_151' title='bbox 538 2104 603 2157; x_wconf 80' lang='grc' dir='ltr'>ἐκ</span> <span class='ocrx_word' id='word_1_152' title='bbox 626 2104 971 2174; x_wconf 63' lang='grc' dir='ltr'>τῆςηφύσεως</span> <span class='ocrx_word' id='word_1_153' title='bbox 996 2106 1365 2178; x_wconf 84' lang='grc' dir='ltr'>ἀκεραιότητα</span> <span class='ocrx_word' id='word_1_154' title='bbox 1383 2124 1398 2139; x_wconf 79' lang='grc' dir='ltr'>ο</span> <span class='ocrx_word' id='word_1_155' title='bbox 1432 2109 1527 2161; x_wconf 82' lang='grc' dir='ltr'>καὶ</span> <span class='ocrx_word' id='word_1_156' title='bbox 1569 2108 1828 2175; x_wconf 79' lang='grc' dir='ltr'>πολλάκις</span> <span class='ocrx_word' id='word_1_157' title='bbox 1850 2108 1886 2163; x_wconf 85' lang='grc' dir='ltr'>ἀ</span> <span class='ocrx_word' id='word_1_158' title='bbox 1911 2108 1985 2181; x_wconf 77' lang='grc' dir='ltr'>μὴ</span> 
     </span>
    </p>
   </div>
   <div class='ocr_carea' id='block_1_21' title="bbox 392 2187 1983 2259">
    <p class='ocr_par' dir='ltr' id='par_1_21' title="bbox 392 2187 1983 2259">
     <span class='ocr_line' id='line_1_21' title="bbox 392 2187 1983 2259; baseline 0.003 -19"><span class='ocrx_word' id='word_1_159' title='bbox 392 2189 642 2257; x_wconf 82' lang='grc' dir='ltr'>-ῐσχυσαν</span> <span class='ocrx_word' id='word_1_160' title='bbox 668 2188 810 2257; x_wconf 90' lang='grc' dir='ltr'>φίλοι</span> <span class='ocrx_word' id='word_1_161' title='bbox 848 2187 1341 2258; x_wconf 84' lang='grc' dir='ltr'>συμϐουλεύοντες,</span> <span class='ocrx_word' id='word_1_162' title='bbox 1381 2190 1537 2259; x_wconf 72' lang='grc' dir='ltr'>σοφοὶ</span> <span class='ocrx_word' id='word_1_163' title='bbox 1574 2191 1983 2256; x_wconf 82' lang='grc' dir='ltr'>νουθετοῦντες,</span> 
     </span>
    </p>
   </div>
   <div class='ocr_carea' id='block_1_22' title="bbox 416 2269 1987 2346">
    <p class='ocr_par' dir='ltr' id='par_1_22' title="bbox 416 2269 1987 2346">
     <span class='ocr_line' id='line_1_22' title="bbox 416 2269 1987 2346; baseline 0.005 -25"><span class='ocrx_word' id='word_1_164' title='bbox 416 2269 599 2339; x_wconf 77' lang='grc' dir='ltr'>ἴσχυσε</span> <span class='ocrx_word' id='word_1_165' title='bbox 629 2271 841 2324; x_wconf 86' lang='grc' dir='ltr'>παιδίον</span> <span class='ocrx_word' id='word_1_166' title='bbox 866 2271 1103 2339; x_wconf 86' lang='grc' dir='ltr'>γελάσαν</span> <span class='ocrx_word' id='word_1_167' title='bbox 1137 2272 1317 2342; x_wconf 87' lang='grc' dir='ltr'>μόνον,</span> <span class='ocrx_word' id='word_1_168' title='bbox 1346 2272 1506 2329; x_wconf 84' lang='grc' dir='ltr'>λῦσαι</span> <span class='ocrx_word' id='word_1_169' title='bbox 1527 2273 1625 2345; x_wconf 84' lang='grc' dir='ltr'>τὴν</span> <span class='ocrx_word' id='word_1_170' title='bbox 1653 2276 1833 2328; x_wconf 85' lang='grc' dir='ltr'>πᾶσαν</span> <span class='ocrx_word' id='word_1_171' title='bbox 1858 2292 1987 2346; x_wconf 89' lang='grc' dir='ltr'>συμ-</span> 
     </span>
    </p>
   </div>
   <div class='ocr_carea' id='block_1_23' title="bbox 396 2346 1983 2430">
    <p class='ocr_par' dir='ltr' id='par_1_23' title="bbox 396 2346 1983 2430">
     <span class='ocr_line' id='line_1_23' title="bbox 396 2346 1983 2430; baseline 0.005 -39"><span class='ocrx_word' id='word_1_172' title='bbox 396 2356 607 2424; x_wconf 78' lang='grc' dir='ltr'>φοράν.</span> <span class='ocrx_word' id='word_1_173' title='bbox 638 2355 749 2408; x_wconf 78' lang='grc' dir='ltr'>Καὶ</span> <span class='ocrx_word' id='word_1_174' title='bbox 781 2356 968 2409; x_wconf 87' lang='grc' dir='ltr'>λοιπὸν</span> <span class='ocrx_word' id='word_1_175' title='bbox 994 2356 1026 2426; x_wconf 80' lang='grc' dir='ltr'><strong>ἠ</strong></span> <span class='ocrx_word' id='word_1_176' title='bbox 1056 2346 1205 2427; x_wconf 79' lang='grc' dir='ltr'>ψυχὴ</span> <span class='ocrx_word' id='word_1_177' title='bbox 1233 2359 1292 2411; x_wconf 92' lang='grc' dir='ltr'>ἐν</span> <span class='ocrx_word' id='word_1_178' title='bbox 1314 2357 1453 2427; x_wconf 80' lang='grc' dir='ltr'>αὑτῇ</span> <span class='ocrx_word' id='word_1_179' title='bbox 1482 2359 1550 2427; x_wconf 78' lang='grc' dir='ltr'>τῇ</span> <span class='ocrx_word' id='word_1_180' title='bbox 1582 2357 1733 2430; x_wconf 70' lang='grc' dir='ltr'>ἀκμῇ</span> <span class='ocrx_word' id='word_1_181' title='bbox 1766 2359 1864 2429; x_wconf 80' lang='grc' dir='ltr'>τῆς</span> <span class='ocrx_word' id='word_1_182' title='bbox 1888 2358 1983 2411; x_wconf 74' lang='grc' dir='ltr'>λύ-</span> 
     </span>
    </p>
   </div>
   <div class='ocr_carea' id='block_1_24' title="bbox 414 2437 1981 2509">
    <p class='ocr_par' dir='ltr' id='par_1_24' title="bbox 414 2437 1981 2509">
     <span class='ocr_line' id='line_1_24' title="bbox 414 2437 1981 2509; baseline 0.002 -18"><span class='ocrx_word' id='word_1_183' title='bbox 414 2455 553 2507; x_wconf 89' lang='grc' dir='ltr'>πης,</span> <span class='ocrx_word' id='word_1_184' title='bbox 592 2439 693 2508; x_wconf 80' lang='grc' dir='ltr'>ὁρᾷ</span> <span class='ocrx_word' id='word_1_185' title='bbox 729 2438 828 2507; x_wconf 80' lang='grc' dir='ltr'>μὲν</span> <span class='ocrx_word' id='word_1_186' title='bbox 857 2438 918 2491; x_wconf 89' lang='grc' dir='ltr'>τὸ</span> <span class='ocrx_word' id='word_1_187' title='bbox 948 2437 1184 2502; x_wconf 87' lang='grc' dir='ltr'>παιδίον,</span> <span class='ocrx_word' id='word_1_188' title='bbox 1218 2439 1312 2491; x_wconf 76' lang='grc' dir='ltr'>καὶ</span> <span class='ocrx_word' id='word_1_189' title='bbox 1347 2438 1446 2502; x_wconf 90' lang='grc' dir='ltr'>τάς</span> <span class='ocrx_word' id='word_1_190' title='bbox 1484 2439 1667 2509; x_wconf 82' lang='grc' dir='ltr'>ἁρχάς</span> <span class='ocrx_word' id='word_1_191' title='bbox 1706 2440 1981 2505; x_wconf 86' lang='grc' dir='ltr'>ἀνανεύει,</span> 
     </span>
    </p>
   </div>
   <div class='ocr_carea' id='block_1_25' title="bbox 396 2519 1984 2593">
    <p class='ocr_par' dir='ltr' id='par_1_25' title="bbox 396 2519 1984 2593">
     <span class='ocr_line' id='line_1_25' title="bbox 396 2519 1984 2593; baseline 0.004 -22"><span class='ocrx_word' id='word_1_192' title='bbox 396 2520 509 2572; x_wconf 74' lang='grc' dir='ltr'>ικαὶ</span> <span class='ocrx_word' id='word_1_193' title='bbox 533 2519 833 2573; x_wconf 87' lang='grc' dir='ltr'>ἀπωθεῖται</span> <span class='ocrx_word' id='word_1_194' title='bbox 874 2520 973 2592; x_wconf 82' lang='grc' dir='ltr'>τὴν</span> <span class='ocrx_word' id='word_1_195' title='bbox 1008 2521 1233 2593; x_wconf 79' lang='grc' dir='ltr'>ἄκαιρον</span> <span class='ocrx_word' id='word_1_196' title='bbox 1262 2520 1617 2591; x_wconf 83' lang='grc' dir='ltr'>ψυχαγωγίαν</span> <span class='ocrx_word' id='word_1_197' title='bbox 1638 2539 1652 2553; x_wconf 77' lang='grc' dir='ltr'>ο</span> <span class='ocrx_word' id='word_1_198' title='bbox 1683 2523 1898 2577; x_wconf 74' lang='grc' dir='ltr'>ἕλκεται</span> <span class='ocrx_word' id='word_1_199' title='bbox 1928 2524 1984 2577; x_wconf 89' lang='grc' dir='ltr'>δὲ</span> 
     </span>
    </p>
   </div>
   <div class='ocr_carea' id='block_1_26' title="bbox 412 2602 1981 2677">
    <p class='ocr_par' dir='ltr' id='par_1_26' title="bbox 412 2602 1981 2677">
     <span class='ocr_line' id='line_1_26' title="bbox 412 2602 1981 2677; baseline 0.004 -23"><span class='ocrx_word' id='word_1_200' title='bbox 412 2604 481 2673; x_wconf 77' lang='grc' dir='ltr'>τῇ</span> <span class='ocrx_word' id='word_1_201' title='bbox 513 2606 826 2674; x_wconf 83' lang='grc' dir='ltr'>παραμονῇ,</span> <span class='ocrx_word' id='word_1_202' title='bbox 858 2604 953 2657; x_wconf 75' lang='grc' dir='ltr'>καὶ</span> <span class='ocrx_word' id='word_1_203' title='bbox 994 2604 1123 2656; x_wconf 86' lang='grc' dir='ltr'>δταν</span> <span class='ocrx_word' id='word_1_204' title='bbox 1149 2602 1409 2667; x_wconf 82' lang='grc' dir='ltr'>πολλάκις</span> <span class='ocrx_word' id='word_1_205' title='bbox 1443 2604 1690 2677; x_wconf 84' lang='grc' dir='ltr'>ἐπικλίνῃ</span> <span class='ocrx_word' id='word_1_206' title='bbox 1719 2607 1780 2659; x_wconf 91' lang='grc' dir='ltr'>τὸ</span> <span class='ocrx_word' id='word_1_207' title='bbox 1808 2606 1981 2676; x_wconf 91' lang='grc' dir='ltr'>ὄμμα,</span> 
     </span>
    </p>
   </div>
   <div class='ocr_carea' id='block_1_27' title="bbox 395 2682 1981 2757">
    <p class='ocr_par' dir='ltr' id='par_1_27' title="bbox 395 2682 1981 2757">
     <span class='ocr_line' id='line_1_27' title="bbox 395 2682 1981 2757; baseline 0.003 -18"><span class='ocrx_word' id='word_1_208' title='bbox 395 2686 718 2756; x_wconf 72' lang='grc' dir='ltr'>ἀρπάζεται</span> <span class='ocrx_word' id='word_1_209' title='bbox 744 2687 842 2757; x_wconf 81' lang='grc' dir='ltr'>τὴν</span> <span class='ocrx_word' id='word_1_210' title='bbox 882 2687 1155 2740; x_wconf 86' lang='grc' dir='ltr'>διάνοιαν·</span> <span class='ocrx_word' id='word_1_211' title='bbox 1197 2682 1319 2741; x_wconf 74' lang='grc' dir='ltr'>εἶτα</span> <span class='ocrx_word' id='word_1_212' title='bbox 1361 2687 1646 2742; x_wconf 86' lang='grc' dir='ltr'>ἀναλαϐὼν</span> <span class='ocrx_word' id='word_1_213' title='bbox 1681 2689 1772 2743; x_wconf 89' lang='grc' dir='ltr'>τὸν</span> <span class='ocrx_word' id='word_1_214' title='bbox 1798 2690 1981 2756; x_wconf 86' lang='grc' dir='ltr'>παῖδα,</span> 
     </span>
    </p>
   </div>
   <div class='ocr_carea' id='block_1_28' title="bbox 413 2768 1987 2844">
    <p class='ocr_par' dir='ltr' id='par_1_28' title="bbox 413 2768 1987 2844">
     <span class='ocr_line' id='line_1_28' title="bbox 413 2768 1987 2844; baseline 0.003 -23"><span class='ocrx_word' id='word_1_215' title='bbox 413 2768 731 2823; x_wconf 86' lang='grc' dir='ltr'>ἀποτίθεται</span> <span class='ocrx_word' id='word_1_216' title='bbox 765 2770 864 2840; x_wconf 82' lang='grc' dir='ltr'>τὴν</span> <span class='ocrx_word' id='word_1_217' title='bbox 891 2769 1089 2841; x_wconf 84' lang='grc' dir='ltr'>λύπην,</span> <span class='ocrx_word' id='word_1_218' title='bbox 1133 2769 1226 2823; x_wconf 87' lang='grc' dir='ltr'>καί</span> <span class='ocrx_word' id='word_1_219' title='bbox 1258 2786 1416 2840; x_wconf 87' lang='grc' dir='ltr'>φησι·</span> <span class='ocrx_word' id='word_1_220' title='bbox 1454 2770 1655 2824; x_wconf 90' lang='grc' dir='ltr'>Τοῦτόν</span> <span class='ocrx_word' id='word_1_221' title='bbox 1703 2788 1792 2842; x_wconf 88' lang='grc' dir='ltr'>μοι</span> <span class='ocrx_word' id='word_1_222' title='bbox 1829 2772 1987 2844; x_wconf 85' lang='grc' dir='ltr'>χαρί-</span> 
     </span>
    </p>
   </div>
   <div class='ocr_carea' id='block_1_29' title="bbox 413 2852 1980 2925">
    <p class='ocr_par' dir='ltr' id='par_1_29' title="bbox 413 2852 1980 2925">
     <span class='ocr_line' id='line_1_29' title="bbox 413 2852 1980 2925; baseline 0.003 -20"><span class='ocrx_word' id='word_1_223' title='bbox 413 2868 565 2905; x_wconf 88' lang='grc' dir='ltr'>σεται</span> <span class='ocrx_word' id='word_1_224' title='bbox 581 2853 609 2892; x_wconf 74' lang='lat' dir='ltr'><strong>b</strong></span> <span class='ocrx_word' id='word_1_225' title='bbox 636 2855 664 2905; x_wconf 98' lang='lat'>6</span> <span class='ocrx_word' id='word_1_226' title='bbox 685 2852 817 2916; x_wconf 89' lang='grc' dir='ltr'>Θεὸς</span> <span class='ocrx_word' id='word_1_227' title='bbox 848 2853 1025 2924; x_wconf 89' lang='grc' dir='ltr'>μόνον,</span> <span class='ocrx_word' id='word_1_228' title='bbox 1052 2854 1145 2907; x_wconf 80' lang='grc' dir='ltr'>καὶ</span> <span class='ocrx_word' id='word_1_229' title='bbox 1171 2853 1344 2917; x_wconf 84' lang='grc' dir='ltr'>οὐδείς</span> <span class='ocrx_word' id='word_1_230' title='bbox 1366 2871 1457 2925; x_wconf 89' lang='grc' dir='ltr'>μοι</span> <span class='ocrx_word' id='word_1_231' title='bbox 1478 2854 1632 2922; x_wconf 88' lang='grc' dir='ltr'>λόγος</span> <span class='ocrx_word' id='word_1_232' title='bbox 1654 2854 1763 2908; x_wconf 83' lang='grc' dir='ltr'>τῶν</span> <span class='ocrx_word' id='word_1_233' title='bbox 1789 2856 1980 2911; x_wconf 81' lang='grc' dir='ltr'>ἀλλων.</span> 
     </span>
    </p>
   </div>
   <div class='ocr_carea' id='block_1_30' title="bbox 483 2933 1982 3012">
    <p class='ocr_par' dir='ltr' id='par_1_30' title="bbox 483 2933 1982 3012">
     <span class='ocr_line' id='line_1_30' title="bbox 483 2933 1982 3012; baseline 0.003 -24"><span class='ocrx_word' id='word_1_234' title='bbox 483 2933 637 2997; x_wconf 77' lang='grc' dir='ltr'>Εἶδες</span> <span class='ocrx_word' id='word_1_235' title='bbox 666 2934 781 2999; x_wconf 79' lang='grc' dir='ltr'>πῶς</span> <span class='ocrx_word' id='word_1_236' title='bbox 811 2937 903 2990; x_wconf 77' lang='grc' dir='ltr'>καὶ</span> <span class='ocrx_word' id='word_1_237' title='bbox 924 2936 1030 2989; x_wconf 83' lang='grc' dir='ltr'>ἀπὸ</span> <span class='ocrx_word' id='word_1_238' title='bbox 1056 2937 1166 2991; x_wconf 79' lang='grc' dir='ltr'>τῶν</span> <span class='ocrx_word' id='word_1_239' title='bbox 1191 2937 1457 3007; x_wconf 83' lang='grc' dir='ltr'>τυχόντων</span> <span class='ocrx_word' id='word_1_240' title='bbox 1484 2938 1685 3009; x_wconf 80' lang='grc' dir='ltr'>ἐγείρει</span> <span class='ocrx_word' id='word_1_241' title='bbox 1710 2941 1739 2992; x_wconf 93' lang='lat'>6</span> <span class='ocrx_word' id='word_1_242' title='bbox 1767 2939 1898 3003; x_wconf 88' lang='grc' dir='ltr'>Θεὸς</span> <span class='ocrx_word' id='word_1_243' title='bbox 1917 2943 1982 3012; x_wconf 84' lang='grc' dir='ltr'>τῇ</span> 
     </span>
    </p>
   </div>
   <div class='ocr_carea' id='block_1_31' title="bbox 411 3017 1986 3095">
    <p class='ocr_par' dir='ltr' id='par_1_31' title="bbox 411 3017 1986 3095">
     <span class='ocr_line' id='line_1_31' title="bbox 411 3017 1986 3095; baseline 0.004 -24"><span class='ocrx_word' id='word_1_244' title='bbox 411 3018 558 3090; x_wconf 79' lang='grc' dir='ltr'>ψυχῇ</span> <span class='ocrx_word' id='word_1_245' title='bbox 586 3019 685 3090; x_wconf 81' lang='grc' dir='ltr'>τὴν</span> <span class='ocrx_word' id='word_1_246' title='bbox 716 3019 1098 3091; x_wconf 76' lang='grc' dir='ltr'>παραμυθίανς</span> <span class='ocrx_word' id='word_1_247' title='bbox 1132 3021 1285 3075; x_wconf 81' lang='grc' dir='ltr'>Ἐπεὶ</span> <span class='ocrx_word' id='word_1_248' title='bbox 1325 3017 1419 3075; x_wconf 76' lang='grc' dir='ltr'>οὖν</span> <span class='ocrx_word' id='word_1_249' title='bbox 1445 3022 1608 3093; x_wconf 86' lang='grc' dir='ltr'>μόνος</span> <span class='ocrx_word' id='word_1_250' title='bbox 1651 3018 1721 3093; x_wconf 79' lang='grc' dir='ltr'>ἦν</span> <span class='ocrx_word' id='word_1_251' title='bbox 1750 3024 1779 3076; x_wconf 88' lang='lat'>6</span> <span class='ocrx_word' id='word_1_252' title='bbox 1817 3024 1986 3095; x_wconf 82' lang='grc' dir='ltr'>’Δδάμ</span> 
     </span>
    </p>
   </div>
   <div class='ocr_carea' id='block_1_32' title="bbox 412 3102 1984 3175">
    <p class='ocr_par' dir='ltr' id='par_1_32' title="bbox 412 3102 1984 3175">
     <span class='ocr_line' id='line_1_32' title="bbox 412 3102 1984 3175; baseline 0.004 -21"><span class='ocrx_word' id='word_1_253' title='bbox 412 3103 470 3154; x_wconf 86' lang='grc' dir='ltr'>ἐν</span> <span class='ocrx_word' id='word_1_254' title='bbox 497 3102 576 3172; x_wconf 85' lang='grc' dir='ltr'>τῷ</span> <span class='ocrx_word' id='word_1_255' title='bbox 600 3102 933 3173; x_wconf 85' lang='grc' dir='ltr'>παραδείσῳ,</span> <span class='ocrx_word' id='word_1_256' title='bbox 957 3103 1017 3155; x_wconf 87' lang='grc' dir='ltr'>οὑ</span> <span class='ocrx_word' id='word_1_257' title='bbox 1041 3103 1192 3170; x_wconf 86' lang='grc' dir='ltr'>φίλον</span> <span class='ocrx_word' id='word_1_258' title='bbox 1222 3103 1380 3174; x_wconf 83' lang='grc' dir='ltr'>ἔχων,</span> <span class='ocrx_word' id='word_1_259' title='bbox 1408 3106 1469 3158; x_wconf 90' lang='grc' dir='ltr'>οὑ</span> <span class='ocrx_word' id='word_1_260' title='bbox 1497 3106 1729 3173; x_wconf 90' lang='grc' dir='ltr'>γείτονα,</span> <span class='ocrx_word' id='word_1_261' title='bbox 1757 3106 1817 3159; x_wconf 88' lang='grc' dir='ltr'>οὑ</span> <span class='ocrx_word' id='word_1_262' title='bbox 1852 3124 1984 3175; x_wconf 85' lang='grc' dir='ltr'>συγ-</span> 
     </span>
    </p>
   </div>
   <div class='ocr_carea' id='block_1_33' title="bbox 411 3185 1984 3259">
    <p class='ocr_par' dir='ltr' id='par_1_33' title="bbox 411 3185 1984 3259">
     <span class='ocr_line' id='line_1_33' title="bbox 411 3185 1984 3259; baseline 0.004 -22"><span class='ocrx_word' id='word_1_263' title='bbox 411 3188 566 3256; x_wconf 83' lang='grc' dir='ltr'>γενῆ,</span> <span class='ocrx_word' id='word_1_264' title='bbox 594 3187 885 3256; x_wconf 80' lang='grc' dir='ltr'>εἰσήγαγεν</span> <span class='ocrx_word' id='word_1_265' title='bbox 909 3185 1058 3256; x_wconf 82' lang='grc' dir='ltr'>αὐτῷ</span> <span class='ocrx_word' id='word_1_266' title='bbox 1083 3188 1110 3239; x_wconf 92' lang='lat'>6</span> <span class='ocrx_word' id='word_1_267' title='bbox 1131 3185 1261 3250; x_wconf 86' lang='grc' dir='ltr'>Θεὸς</span> <span class='ocrx_word' id='word_1_268' title='bbox 1283 3187 1352 3239; x_wconf 84' lang='grc' dir='ltr'>τά</span> <span class='ocrx_word' id='word_1_269' title='bbox 1384 3187 1500 3252; x_wconf 76' lang='grc' dir='ltr'>ζῶα</span> <span class='ocrx_word' id='word_1_270' title='bbox 1530 3190 1611 3250; x_wconf 88' lang='grc' dir='ltr'>είς</span> <span class='ocrx_word' id='word_1_271' title='bbox 1628 3188 1984 3259; x_wconf 77' lang='grc' dir='ltr'>ψυχαγωγίαν</span> 
     </span>
    </p>
   </div>
   <div class='ocr_carea' id='block_1_34' title="bbox 412 3265 1980 3346">
    <p class='ocr_par' dir='ltr' id='par_1_34' title="bbox 412 3265 1980 3346">
     <span class='ocr_line' id='line_1_34' title="bbox 412 3265 1980 3346; baseline 0.004 -23"><span class='ocrx_word' id='word_1_272' title='bbox 412 3269 609 3323; x_wconf 88' lang='grc' dir='ltr'>αὑτοῦ·</span> <span class='ocrx_word' id='word_1_273' title='bbox 640 3265 772 3332; x_wconf 79' lang='grc' dir='ltr'>οἷον,</span> <span class='ocrx_word' id='word_1_274' title='bbox 796 3268 985 3341; x_wconf 85' lang='grc' dir='ltr'>ὥσπερ</span> <span class='ocrx_word' id='word_1_275' title='bbox 1012 3272 1128 3324; x_wconf 80' lang='grc' dir='ltr'>ἐστὶ</span> <span class='ocrx_word' id='word_1_276' title='bbox 1150 3273 1388 3343; x_wconf 84' lang='grc' dir='ltr'>σήμερον</span> <span class='ocrx_word' id='word_1_277' title='bbox 1416 3272 1483 3325; x_wconf 90' lang='grc' dir='ltr'>τά</span> <span class='ocrx_word' id='word_1_278' title='bbox 1515 3272 1629 3336; x_wconf 80' lang='grc' dir='ltr'>ζῶα</span> <span class='ocrx_word' id='word_1_279' title='bbox 1657 3274 1724 3328; x_wconf 89' lang='grc' dir='ltr'>τά</span> <span class='ocrx_word' id='word_1_280' title='bbox 1749 3274 1980 3346; x_wconf 80' lang='grc' dir='ltr'>μιμηλὰ,</span> 
     </span>
    </p>
   </div>
   <div class='ocr_carea' id='block_1_35' title="bbox 410 3350 1985 3427">
    <p class='ocr_par' dir='ltr' id='par_1_35' title="bbox 410 3350 1985 3427">
     <span class='ocr_line' id='line_1_35' title="bbox 410 3350 1985 3427; baseline 0.003 -22"><span class='ocrx_word' id='word_1_281' title='bbox 410 3353 481 3407; x_wconf 81' lang='grc' dir='ltr'>τὰ</span> <span class='ocrx_word' id='word_1_282' title='bbox 513 3353 609 3423; x_wconf 74' lang='grc' dir='ltr'>μὲν</span> <span class='ocrx_word' id='word_1_283' title='bbox 641 3352 957 3423; x_wconf 83' lang='grc' dir='ltr'>μιμούμενα</span> <span class='ocrx_word' id='word_1_284' title='bbox 995 3355 1270 3423; x_wconf 70' lang='grc' dir='ltr'>σχήματα,</span> <span class='ocrx_word' id='word_1_285' title='bbox 1305 3354 1374 3407; x_wconf 88' lang='grc' dir='ltr'>τά</span> <span class='ocrx_word' id='word_1_286' title='bbox 1392 3354 1448 3407; x_wconf 87' lang='grc' dir='ltr'>δέ</span> <span class='ocrx_word' id='word_1_287' title='bbox 1479 3356 1695 3425; x_wconf 58' lang='grc' dir='ltr'>φωνήν</span> <span class='ocrx_word' id='word_1_288' title='bbox 1732 3350 1862 3422; x_wconf 79' lang='grc' dir='ltr'>οἷον,</span> <span class='ocrx_word' id='word_1_289' title='bbox 1898 3374 1985 3427; x_wconf 89' lang='grc' dir='ltr'>μι-</span> 
     </span>
    </p>
   </div>
   <div class='ocr_carea' id='block_1_36' title="bbox 414 3436 1985 3511">
    <p class='ocr_par' dir='ltr' id='par_1_36' title="bbox 414 3436 1985 3511">
     <span class='ocr_line' id='line_1_36' title="bbox 414 3436 1985 3511; baseline 0.004 -23"><span class='ocrx_word' id='word_1_290' title='bbox 414 3439 596 3506; x_wconf 83' lang='grc' dir='ltr'>μεῖται</span> <span class='ocrx_word' id='word_1_291' title='bbox 633 3436 699 3489; x_wconf 91' lang='grc' dir='ltr'>τά</span> <span class='ocrx_word' id='word_1_292' title='bbox 730 3438 981 3507; x_wconf 87' lang='grc' dir='ltr'>σχήματα</span> <span class='ocrx_word' id='word_1_293' title='bbox 1004 3436 1112 3490; x_wconf 86' lang='grc' dir='ltr'>τῶν</span> <span class='ocrx_word' id='word_1_294' title='bbox 1144 3436 1446 3508; x_wconf 88' lang='grc' dir='ltr'>ἀνθρώπων</span> <span class='ocrx_word' id='word_1_295' title='bbox 1478 3438 1727 3511; x_wconf 88' lang='grc' dir='ltr'>πίθηκος,</span> <span class='ocrx_word' id='word_1_296' title='bbox 1760 3440 1852 3493; x_wconf 76' lang='grc' dir='ltr'>καὶ</span> <span class='ocrx_word' id='word_1_297' title='bbox 1885 3441 1985 3495; x_wconf 85' lang='grc' dir='ltr'>ὅσα</span> 
     </span>
    </p>
   </div>
   <div class='ocr_carea' id='block_1_37' title="bbox 410 3518 1983 3598">
    <p class='ocr_par' dir='ltr' id='par_1_37' title="bbox 410 3518 1983 3598">
     <span class='ocr_line' id='line_1_37' title="bbox 410 3518 1983 3598; baseline 0.004 -26"><span class='ocrx_word' id='word_1_298' title='bbox 410 3519 662 3573; x_wconf 86' lang='grc' dir='ltr'>τοιαῦτα·</span> <span class='ocrx_word' id='word_1_299' title='bbox 700 3520 882 3591; x_wconf 80' lang='grc' dir='ltr'>φωνὴν</span> <span class='ocrx_word' id='word_1_300' title='bbox 909 3518 1166 3589; x_wconf 83' lang='grc' dir='ltr'>ψιττακὸς</span> <span class='ocrx_word' id='word_1_301' title='bbox 1193 3522 1286 3576; x_wconf 79' lang='grc' dir='ltr'>καὶ</span> <span class='ocrx_word' id='word_1_302' title='bbox 1319 3524 1494 3593; x_wconf 71' lang='grc' dir='ltr'>ἕτεροι</span> <span class='ocrx_word' id='word_1_303' title='bbox 1528 3524 1792 3594; x_wconf 82' lang='grc' dir='ltr'>στρουθοί.</span> <span class='ocrx_word' id='word_1_304' title='bbox 1826 3520 1983 3598; x_wconf 79' lang='grc' dir='ltr'>Εἷχεν</span> 
     </span>
    </p>
   </div>
   <div class='ocr_carea' id='block_1_38' title="bbox 410 3600 1986 3679">
    <p class='ocr_par' dir='ltr' id='par_1_38' title="bbox 410 3600 1986 3679">
     <span class='ocr_line' id='line_1_38' title="bbox 410 3600 1986 3679; baseline 0.003 -20"><span class='ocrx_word' id='word_1_305' title='bbox 410 3600 504 3659; x_wconf 81' lang='grc' dir='ltr'>οῦν</span> <span class='ocrx_word' id='word_1_306' title='bbox 525 3604 885 3676; x_wconf 58' lang='grc' dir='ltr'>ψυχαγωγίαν</span> <span class='ocrx_word' id='word_1_307' title='bbox 922 3605 1019 3676; x_wconf 84' lang='grc' dir='ltr'>τὴν</span> <span class='ocrx_word' id='word_1_308' title='bbox 1047 3606 1196 3677; x_wconf 85' lang='grc' dir='ltr'>παρά</span> <span class='ocrx_word' id='word_1_309' title='bbox 1232 3605 1340 3658; x_wconf 82' lang='grc' dir='ltr'>τῶν</span> <span class='ocrx_word' id='word_1_310' title='bbox 1368 3606 1598 3676; x_wconf 83' lang='grc' dir='ltr'>ἀλόγων,</span> <span class='ocrx_word' id='word_1_311' title='bbox 1631 3606 1738 3661; x_wconf 86' lang='grc' dir='ltr'>τῶν</span> <span class='ocrx_word' id='word_1_312' title='bbox 1767 3609 1863 3679; x_wconf 81' lang='grc' dir='ltr'>μὲν</span> <span class='ocrx_word' id='word_1_313' title='bbox 1900 3627 1986 3663; x_wconf 80' lang='grc' dir='ltr'>κε·</span> 
     </span>
    </p>
   </div>
   <div class='ocr_carea' id='block_1_39' title="bbox 410 3687 1984 3751">
    <p class='ocr_par' dir='ltr' id='par_1_39' title="bbox 410 3687 1984 3751">
     <span class='ocr_line' id='line_1_39' title="bbox 410 3687 1984 3751; baseline 0.001 -8"><span class='ocrx_word' id='word_1_314' title='bbox 410 3688 734 3751; x_wconf 71' lang='grc' dir='ltr'>λαδούντων,</span> <span class='ocrx_word' id='word_1_315' title='bbox 760 3687 869 3740; x_wconf 84' lang='grc' dir='ltr'>τῶν</span> <span class='ocrx_word' id='word_1_316' title='bbox 894 3687 949 3740; x_wconf 89' lang='grc' dir='ltr'>δὲ</span> <span class='ocrx_word' id='word_1_317' title='bbox 980 3687 1154 3741; x_wconf 83' lang='grc' dir='ltr'>ἄλλων</span> <span class='ocrx_word' id='word_1_318' title='bbox 1197 3689 1613 3743; x_wconf 87' lang='grc' dir='ltr'>ύποσαινόντων.</span> <span class='ocrx_word' id='word_1_319' title='bbox 1639 3692 1852 3747; x_wconf 87' lang='grc' dir='ltr'>Πολλῶν</span> <span class='ocrx_word' id='word_1_320' title='bbox 1875 3693 1984 3746; x_wconf 90' lang='grc' dir='ltr'>τοί-</span> 
     </span>
    </p>
   </div>
   <div class='ocr_carea' id='block_1_40' title="bbox 410 3770 1983 3845">
    <p class='ocr_par' dir='ltr' id='par_1_40' title="bbox 410 3770 1983 3845">
     <span class='ocr_line' id='line_1_40' title="bbox 410 3770 1983 3845; baseline 0.001 -20"><span class='ocrx_word' id='word_1_321' title='bbox 410 3789 507 3826; x_wconf 89' lang='grc' dir='ltr'>νυν</span> <span class='ocrx_word' id='word_1_322' title='bbox 534 3772 703 3825; x_wconf 80' lang='grc' dir='ltr'>ὄντων</span> <span class='ocrx_word' id='word_1_323' title='bbox 731 3770 839 3823; x_wconf 82' lang='grc' dir='ltr'>τῶν</span> <span class='ocrx_word' id='word_1_324' title='bbox 866 3770 1217 3842; x_wconf 86' lang='grc' dir='ltr'>πληρούντων</span> <span class='ocrx_word' id='word_1_325' title='bbox 1245 3772 1394 3841; x_wconf 90' lang='grc' dir='ltr'>αὑτῷ</span> <span class='ocrx_word' id='word_1_326' title='bbox 1427 3772 1524 3842; x_wconf 80' lang='grc' dir='ltr'>τὴν</span> <span class='ocrx_word' id='word_1_327' title='bbox 1556 3774 1928 3845; x_wconf 73' lang='grc' dir='ltr'>παραμυθίαν,</span> <span class='ocrx_word' id='word_1_328' title='bbox 1952 3777 1983 3827; x_wconf 98' lang='lat'>6</span> 
     </span>
    </p>
   </div>
   <div class='ocr_carea' id='block_1_41' title="bbox 410 3851 1981 3929">
    <p class='ocr_par' dir='ltr' id='par_1_41' title="bbox 410 3851 1981 3929">
     <span class='ocr_line' id='line_1_41' title="bbox 410 3851 1981 3929; baseline 0.003 -23"><span class='ocrx_word' id='word_1_329' title='bbox 410 3854 531 3924; x_wconf 92' lang='grc' dir='ltr'>ὄφις</span> <span class='ocrx_word' id='word_1_330' title='bbox 554 3852 964 3927; x_wconf 75' lang='grc' dir='ltr'>φρονιμώτατος</span> <span class='ocrx_word' id='word_1_331' title='bbox 988 3851 1056 3925; x_wconf 82' lang='grc' dir='ltr'>ἦν</span> <span class='ocrx_word' id='word_1_332' title='bbox 1082 3856 1226 3926; x_wconf 79' lang='grc' dir='ltr'>ὑπὲρ</span> <span class='ocrx_word' id='word_1_333' title='bbox 1250 3857 1427 3909; x_wconf 79' lang='grc' dir='ltr'>πάντα</span> <span class='ocrx_word' id='word_1_334' title='bbox 1452 3855 1522 3909; x_wconf 88' lang='grc' dir='ltr'>τά</span> <span class='ocrx_word' id='word_1_335' title='bbox 1543 3855 1706 3929; x_wconf 81' lang='grc' dir='ltr'>θηρία</span> <span class='ocrx_word' id='word_1_336' title='bbox 1734 3858 1833 3928; x_wconf 84' lang='grc' dir='ltr'>τῆς</span> <span class='ocrx_word' id='word_1_337' title='bbox 1857 3860 1981 3929; x_wconf 85' lang='grc' dir='ltr'>γῆς,</span> 
     </span>
    </p>
   </div>
   <div class='ocr_carea' id='block_1_42' title="bbox 411 3933 1983 4010">
    <p class='ocr_par' dir='ltr' id='par_1_42' title="bbox 411 3933 1983 4010">
     <span class='ocr_line' id='line_1_42' title="bbox 411 3933 1983 4010; baseline 0.002 -20"><span class='ocrx_word' id='word_1_338' title='bbox 411 3937 592 3999; x_wconf 87' lang='grc' dir='ltr'>καθὼς</span> <span class='ocrx_word' id='word_1_339' title='bbox 615 3933 768 3989; x_wconf 77' lang='grc' dir='ltr'>εἶπεν</span> <span class='ocrx_word' id='word_1_340' title='bbox 791 3938 824 4007; x_wconf 79' lang='grc' dir='ltr'>ή</span> <span class='ocrx_word' id='word_1_341' title='bbox 856 3937 1044 4010; x_wconf 87' lang='grc' dir='ltr'>Γραφή</span> <span class='ocrx_word' id='word_1_342' title='bbox 1062 3953 1079 3968; x_wconf 75' lang='grc'><strong><em>⁸</em></strong></span> <span class='ocrx_word' id='word_1_343' title='bbox 1116 3938 1179 3990; x_wconf 88' lang='lat'>&#39;0</span> <span class='ocrx_word' id='word_1_344' title='bbox 1200 3936 1268 3990; x_wconf 82' lang='grc' dir='ltr'>δὲ</span> <span class='ocrx_word' id='word_1_345' title='bbox 1292 3938 1426 4007; x_wconf 72' lang='grc' dir='ltr'>ὄφις</span> <span class='ocrx_word' id='word_1_346' title='bbox 1444 3934 1523 4005; x_wconf 77' lang='grc' dir='ltr'>ἦν</span> <span class='ocrx_word' id='word_1_347' title='bbox 1547 3940 1983 4009; x_wconf 64' lang='grc' dir='ltr'>φρονιμώτατος</span> 
     </span>
    </p>
   </div>
   <div class='ocr_carea' id='block_1_43' title="bbox 410 4013 1944 4089">
    <p class='ocr_par' dir='ltr' id='par_1_43' title="bbox 410 4013 1944 4089">
     <span class='ocr_line' id='line_1_43' title="bbox 410 4013 1944 4089; baseline 0.004 -18"><span class='ocrx_word' id='word_1_348' title='bbox 410 4017 654 4072; x_wconf 70' lang='grc' dir='ltr'>πάντων·</span> <span class='ocrx_word' id='word_1_349' title='bbox 675 4016 795 4070; x_wconf 81' lang='grc' dir='ltr'>τῶν</span> <span class='ocrx_word' id='word_1_350' title='bbox 824 4019 1062 4086; x_wconf 80' lang='grc' dir='ltr'>θηρίων,</span> <span class='ocrx_word' id='word_1_351' title='bbox 1084 4013 1172 4073; x_wconf 81' lang='grc' dir='ltr'>ὧν</span> <span class='ocrx_word' id='word_1_352' title='bbox 1204 4020 1453 4088; x_wconf 78' lang='grc' dir='ltr'>ἐποίησε</span> <span class='ocrx_word' id='word_1_353' title='bbox 1474 4022 1689 4088; x_wconf 86' lang='grc' dir='ltr'>Κύριος</span> <span class='ocrx_word' id='word_1_354' title='bbox 1719 4025 1752 4076; x_wconf 84' lang='grc' dir='ltr'>ό</span> <span class='ocrx_word' id='word_1_355' title='bbox 1779 4025 1944 4089; x_wconf 86' lang='grc' dir='ltr'>Θεός.</span> 
     </span>
    </p>
   </div>
   <div class='ocr_carea' id='block_1_44' title="bbox 484 4095 1983 4173">
    <p class='ocr_par' dir='ltr' id='par_1_44' title="bbox 484 4095 1983 4173">
     <span class='ocr_line' id='line_1_44' title="bbox 484 4095 1983 4173; baseline 0.004 -20"><span class='ocrx_word' id='word_1_356' title='bbox 484 4096 667 4170; x_wconf 59' lang='grc' dir='ltr'>β’ῘΗν</span> <span class='ocrx_word' id='word_1_357' title='bbox 692 4095 787 4154; x_wconf 85' lang='grc' dir='ltr'>οῦν</span> <span class='ocrx_word' id='word_1_358' title='bbox 814 4100 905 4153; x_wconf 74' lang='grc' dir='ltr'>καὶ</span> <span class='ocrx_word' id='word_1_359' title='bbox 932 4101 1039 4154; x_wconf 81' lang='grc' dir='ltr'>τῶν</span> <span class='ocrx_word' id='word_1_360' title='bbox 1070 4100 1321 4171; x_wconf 83' lang='grc' dir='ltr'>μιμηλῶν</span> <span class='ocrx_word' id='word_1_361' title='bbox 1351 4103 1728 4173; x_wconf 73' lang='grc' dir='ltr'>μιμηλότερος,</span> <span class='ocrx_word' id='word_1_362' title='bbox 1756 4107 1851 4158; x_wconf 83' lang='grc' dir='ltr'>καὶ</span> <span class='ocrx_word' id='word_1_363' title='bbox 1876 4106 1983 4159; x_wconf 84' lang='grc' dir='ltr'>τῶν</span> 
     </span>
    </p>
   </div>
   <div class='ocr_carea' id='block_1_45' title="bbox 413 4184 1978 4260">
    <p class='ocr_par' dir='ltr' id='par_1_45' title="bbox 413 4184 1978 4260">
     <span class='ocr_line' id='line_1_45' title="bbox 413 4184 1978 4260; baseline 0.005 -24"><span class='ocrx_word' id='word_1_364' title='bbox 413 4185 810 4238; x_wconf 86' lang='grc' dir='ltr'>ύποσαινόντων</span> <span class='ocrx_word' id='word_1_365' title='bbox 841 4184 1152 4253; x_wconf 82' lang='grc' dir='ltr'>ἐγγύτερος.</span> <span class='ocrx_word' id='word_1_366' title='bbox 1198 4186 1288 4257; x_wconf 82' lang='grc' dir='ltr'>Μὴ</span> <span class='ocrx_word' id='word_1_367' title='bbox 1324 4186 1568 4260; x_wconf 85' lang='grc' dir='ltr'>πρόσχῃς</span> <span class='ocrx_word' id='word_1_368' title='bbox 1608 4191 1673 4259; x_wconf 84' lang='grc' dir='ltr'>τῇ</span> <span class='ocrx_word' id='word_1_369' title='bbox 1703 4188 1798 4242; x_wconf 91' lang='grc' dir='ltr'>νῦν</span> <span class='ocrx_word' id='word_1_370' title='bbox 1838 4190 1978 4259; x_wconf 80' lang='grc' dir='ltr'>ὄψει,</span> 
     </span>
    </p>
   </div>
   <div class='ocr_carea' id='block_1_46' title="bbox 411 4267 1983 4342">
    <p class='ocr_par' dir='ltr' id='par_1_46' title="bbox 411 4267 1983 4342">
     <span class='ocr_line' id='line_1_46' title="bbox 411 4267 1983 4342; baseline 0.003 -21"><span class='ocrx_word' id='word_1_371' title='bbox 411 4269 492 4321; x_wconf 82' lang='grc' dir='ltr'>ὅτι</span> <span class='ocrx_word' id='word_1_372' title='bbox 528 4267 622 4321; x_wconf 75' lang='grc' dir='ltr'>καὶ</span> <span class='ocrx_word' id='word_1_373' title='bbox 651 4267 942 4337; x_wconf 89' lang='grc' dir='ltr'>φεύγομεν,</span> <span class='ocrx_word' id='word_1_374' title='bbox 983 4270 1075 4321; x_wconf 78' lang='grc' dir='ltr'>καὶ</span> <span class='ocrx_word' id='word_1_375' title='bbox 1130 4267 1551 4338; x_wconf 63' lang='grc' dir='ltr'>βδελυττόμεθω</span> <span class='ocrx_word' id='word_1_376' title='bbox 1583 4271 1683 4322; x_wconf 89' lang='grc' dir='ltr'>οὑκ</span> <span class='ocrx_word' id='word_1_377' title='bbox 1712 4267 1781 4342; x_wconf 77' lang='grc' dir='ltr'>ἦν</span> <span class='ocrx_word' id='word_1_378' title='bbox 1811 4271 1983 4337; x_wconf 86' lang='grc' dir='ltr'>οὑτως</span> 
     </span>
    </p>
   </div>
   <div class='ocr_carea' id='block_1_47' title="bbox 410 4348 1982 4423">
    <p class='ocr_par' dir='ltr' id='par_1_47' title="bbox 410 4348 1982 4423">
     <span class='ocr_line' id='line_1_47' title="bbox 410 4348 1982 4423; baseline 0.003 -18"><span class='ocrx_word' id='word_1_379' title='bbox 410 4353 505 4405; x_wconf 82' lang='grc' dir='ltr'>ἀπ’</span> <span class='ocrx_word' id='word_1_380' title='bbox 531 4351 724 4423; x_wconf 85' lang='grc' dir='ltr'>ἀρχῆς.</span> <span class='ocrx_word' id='word_1_381' title='bbox 769 4351 921 4414; x_wconf 81' lang='grc' dir='ltr'>Φίλος</span> <span class='ocrx_word' id='word_1_382' title='bbox 950 4348 1017 4422; x_wconf 75' lang='grc' dir='ltr'>ἦν</span> <span class='ocrx_word' id='word_1_383' title='bbox 1044 4354 1072 4405; x_wconf 86' lang='grc' dir='ltr'>ὁ</span> <span class='ocrx_word' id='word_1_384' title='bbox 1097 4351 1220 4421; x_wconf 90' lang='grc' dir='ltr'>ὄφις</span> <span class='ocrx_word' id='word_1_385' title='bbox 1246 4388 1261 4415; x_wconf 90' lang='grc'>,</span> <span class='ocrx_word' id='word_1_386' title='bbox 1296 4352 1389 4405; x_wconf 75' lang='grc' dir='ltr'>καὶ</span> <span class='ocrx_word' id='word_1_387' title='bbox 1430 4352 1538 4405; x_wconf 83' lang='grc' dir='ltr'>τῶν</span> <span class='ocrx_word' id='word_1_388' title='bbox 1585 4354 1982 4410; x_wconf 88' lang='grc' dir='ltr'>ύποσαινόντων</span> 
     </span>
    </p>
   </div>
   <div class='ocr_carea' id='block_1_48' title="bbox 410 4429 1981 4508">
    <p class='ocr_par' dir='ltr' id='par_1_48' title="bbox 410 4429 1981 4508">
     <span class='ocr_line' id='line_1_48' title="bbox 410 4429 1981 4508; baseline 0.003 -22"><span class='ocrx_word' id='word_1_389' title='bbox 410 4436 501 4490; x_wconf 89' lang='grc' dir='ltr'>τὸν</span> <span class='ocrx_word' id='word_1_390' title='bbox 520 4435 805 4506; x_wconf 83' lang='grc' dir='ltr'>ἄνθρωπον</span> <span class='ocrx_word' id='word_1_391' title='bbox 828 4434 1137 4503; x_wconf 84' lang='grc' dir='ltr'>ἐγγύτερος.</span> <span class='ocrx_word' id='word_1_392' title='bbox 1170 4434 1264 4497; x_wconf 89' lang='grc' dir='ltr'>Τίς</span> <span class='ocrx_word' id='word_1_393' title='bbox 1280 4429 1372 4486; x_wconf 74' lang='grc' dir='ltr'>οὖν</span> <span class='ocrx_word' id='word_1_394' title='bbox 1401 4435 1561 4488; x_wconf 88' lang='grc' dir='ltr'>αὑτὸν</span> <span class='ocrx_word' id='word_1_395' title='bbox 1581 4437 1771 4508; x_wconf 84' lang='grc' dir='ltr'>ἐχθρὸν</span> <span class='ocrx_word' id='word_1_396' title='bbox 1792 4439 1981 4508; x_wconf 82' lang='grc' dir='ltr'>ἐποίη-</span> 
     </span>
    </p>
   </div>
   <div class='ocr_carea' id='block_1_49' title="bbox 414 4515 1981 4593">
    <p class='ocr_par' dir='ltr' id='par_1_49' title="bbox 414 4515 1981 4593">
     <span class='ocr_line' id='line_1_49' title="bbox 414 4515 1981 4593; baseline 0.003 -23"><span class='ocrx_word' id='word_1_397' title='bbox 414 4534 537 4580; x_wconf 84' lang='grc' dir='ltr'>σεν;</span> <span class='ocrx_word' id='word_1_398' title='bbox 578 4518 640 4570; x_wconf 84' lang='grc' dir='ltr'><strong><em>Ἠ</em></strong></span> <span class='ocrx_word' id='word_1_399' title='bbox 664 4515 756 4570; x_wconf 90' lang='grc' dir='ltr'>τοῦ</span> <span class='ocrx_word' id='word_1_400' title='bbox 781 4516 914 4569; x_wconf 86' lang='grc' dir='ltr'>Θεοῦ</span> <span class='ocrx_word' id='word_1_401' title='bbox 945 4517 1218 4586; x_wconf 87' lang='grc' dir='ltr'>ἀπόφασις</span> <span class='ocrx_word' id='word_1_402' title='bbox 1241 4532 1253 4544; x_wconf 90' lang='grc'><strong>·</strong></span> <span class='ocrx_word' id='word_1_403' title='bbox 1291 4518 1748 4585; x_wconf 81' lang='grc' dir='ltr'>Ἐπικατάρατος</span> <span class='ocrx_word' id='word_1_404' title='bbox 1770 4522 1877 4593; x_wconf 89' lang='grc' dir='ltr'>γάρ</span> <span class='ocrx_word' id='word_1_405' title='bbox 1900 4519 1981 4575; x_wconf 86' lang='grc' dir='ltr'>σὺ</span> 
     </span>
    </p>
   </div>
   <div class='ocr_carea' id='block_1_50' title="bbox 410 4600 1981 4672">
    <p class='ocr_par' dir='ltr' id='par_1_50' title="bbox 410 4600 1981 4672">
     <span class='ocr_line' id='line_1_50' title="bbox 410 4600 1981 4672; baseline 0.002 -18"><span class='ocrx_word' id='word_1_406' title='bbox 410 4600 529 4654; x_wconf 74' lang='grc' dir='ltr'>ἀπὸ</span> <span class='ocrx_word' id='word_1_407' title='bbox 550 4601 793 4653; x_wconf 82' lang='grc' dir='ltr'>πάντων</span> <span class='ocrx_word' id='word_1_408' title='bbox 823 4600 940 4652; x_wconf 85' lang='grc' dir='ltr'>τῶν</span> <span class='ocrx_word' id='word_1_409' title='bbox 968 4601 1204 4667; x_wconf 86' lang='grc' dir='ltr'>θηρίων.</span> <span class='ocrx_word' id='word_1_410' title='bbox 1236 4601 1490 4669; x_wconf 83' lang='grc' dir='ltr'>Ἕχθραν</span> <span class='ocrx_word' id='word_1_411' title='bbox 1522 4600 1686 4666; x_wconf 82' lang='grc' dir='ltr'>θήσω</span> <span class='ocrx_word' id='word_1_412' title='bbox 1728 4605 1845 4658; x_wconf 84' lang='grc' dir='ltr'>ἀνὰ</span> <span class='ocrx_word' id='word_1_413' title='bbox 1874 4604 1981 4672; x_wconf 82' lang='grc' dir='ltr'>μέ-</span> 
     </span>
    </p>
   </div>
   <div class='ocr_carea' id='block_1_51' title="bbox 409 4674 1980 4759">
    <p class='ocr_par' dir='ltr' id='par_1_51' title="bbox 409 4674 1980 4759">
     <span class='ocr_line' id='line_1_51' title="bbox 409 4674 1980 4759; baseline 0.001 -21"><span class='ocrx_word' id='word_1_414' title='bbox 409 4699 529 4738; x_wconf 85' lang='grc' dir='ltr'>σον</span> <span class='ocrx_word' id='word_1_415' title='bbox 554 4684 670 4738; x_wconf 85' lang='grc' dir='ltr'>σοῦ</span> <span class='ocrx_word' id='word_1_416' title='bbox 700 4685 796 4737; x_wconf 80' lang='grc' dir='ltr'>καὶ</span> <span class='ocrx_word' id='word_1_417' title='bbox 819 4684 935 4738; x_wconf 82' lang='grc' dir='ltr'>ἀνὰ</span> <span class='ocrx_word' id='word_1_418' title='bbox 958 4674 1156 4752; x_wconf 76' lang='grc' dir='ltr'>μέσον</span> <span class='ocrx_word' id='word_1_419' title='bbox 1200 4684 1311 4751; x_wconf 87' lang='grc' dir='ltr'>τῆς</span> <span class='ocrx_word' id='word_1_420' title='bbox 1340 4687 1639 4753; x_wconf 77' lang='grc' dir='ltr'>γυναικός.</span> <span class='ocrx_word' id='word_1_421' title='bbox 1704 4688 1916 4757; x_wconf 84' lang='grc' dir='ltr'>Ἐκείνη</span> <span class='ocrx_word' id='word_1_422' title='bbox 1948 4691 1980 4759; x_wconf 93' lang='grc' dir='ltr'>ή</span> 
     </span>
    </p>
   </div>
   <div class='ocr_carea' id='block_1_52' title="bbox 409 4768 1980 4845">
    <p class='ocr_par' dir='ltr' id='par_1_52' title="bbox 409 4768 1980 4845">
     <span class='ocr_line' id='line_1_52' title="bbox 409 4768 1980 4845; baseline 0.003 -25"><span class='ocrx_word' id='word_1_423' title='bbox 409 4769 581 4841; x_wconf 68' lang='grc' dir='ltr'>ἔχθρα</span> <span class='ocrx_word' id='word_1_424' title='bbox 605 4768 702 4837; x_wconf 86' lang='grc' dir='ltr'>τὴν</span> <span class='ocrx_word' id='word_1_425' title='bbox 732 4769 913 4837; x_wconf 87' lang='grc' dir='ltr'>φιλίαν</span> <span class='ocrx_word' id='word_1_426' title='bbox 944 4768 1120 4824; x_wconf 75' lang='grc' dir='ltr'>ἔλυσε.</span> <span class='ocrx_word' id='word_1_427' title='bbox 1138 4768 1323 4820; x_wconf 81' lang='grc' dir='ltr'>Φιλίαν</span> <span class='ocrx_word' id='word_1_428' title='bbox 1346 4768 1507 4836; x_wconf 91' lang='grc' dir='ltr'>λέγω,</span> <span class='ocrx_word' id='word_1_429' title='bbox 1534 4772 1593 4823; x_wconf 89' lang='lat'>06</span> <span class='ocrx_word' id='word_1_430' title='bbox 1619 4770 1717 4841; x_wconf 81' lang='grc' dir='ltr'>τήν</span> <span class='ocrx_word' id='word_1_431' title='bbox 1738 4772 1980 4845; x_wconf 83' lang='grc' dir='ltr'>λογικὴν,</span> 
     </span>
    </p>
   </div>
   <div class='ocr_carea' id='block_1_53' title="bbox 410 4848 1981 4923">
    <p class='ocr_par' dir='ltr' id='par_1_53' title="bbox 410 4848 1981 4923">
     <span class='ocr_line' id='line_1_53' title="bbox 410 4848 1981 4923; baseline 0.001 -17"><span class='ocrx_word' id='word_1_432' title='bbox 410 4853 547 4907; x_wconf 82' lang='grc' dir='ltr'>ἀλλά</span> <span class='ocrx_word' id='word_1_433' title='bbox 570 4852 666 4921; x_wconf 81' lang='grc' dir='ltr'>τὴν</span> <span class='ocrx_word' id='word_1_434' title='bbox 694 4851 883 4919; x_wconf 84' lang='grc' dir='ltr'>ἄλογον</span> <span class='ocrx_word' id='word_1_435' title='bbox 908 4850 1108 4917; x_wconf 81' lang='grc' dir='ltr'>γνῶσιν</span> <span class='ocrx_word' id='word_1_436' title='bbox 1128 4866 1142 4879; x_wconf 88' lang='grc'><strong>·</strong></span> <span class='ocrx_word' id='word_1_437' title='bbox 1175 4848 1363 4920; x_wconf 84' lang='grc' dir='ltr'>ὥσπερ</span> <span class='ocrx_word' id='word_1_438' title='bbox 1388 4853 1453 4921; x_wconf 87' lang='grc' dir='ltr'>σή</span> <span class='ocrx_word' id='word_1_439' title='bbox 1463 4869 1528 4922; x_wconf 91' lang='grc' dir='ltr'>με</span> <span class='ocrx_word' id='word_1_440' title='bbox 1538 4870 1626 4923; x_wconf 84' lang='grc' dir='ltr'>ρον</span> <span class='ocrx_word' id='word_1_441' title='bbox 1648 4853 1981 4907; x_wconf 71' lang='grc' dir='ltr'>ἐνδείκνυται</span> 
     </span>
    </p>
   </div>
   <div class='ocr_carea' id='block_1_54' title="bbox 410 4937 1982 5013">
    <p class='ocr_par' dir='ltr' id='par_1_54' title="bbox 410 4937 1982 5013">
     <span class='ocr_line' id='line_1_54' title="bbox 410 4937 1982 5013; baseline -0.008 -17"><span class='ocrx_word' id='word_1_442' title='bbox 410 4941 556 4996; x_wconf 88' lang='grc' dir='ltr'>κύων</span> <span class='ocrx_word' id='word_1_443' title='bbox 587 4937 735 5013; x_wconf 69' lang='grc'>[496]</span> <span class='ocrx_word' id='word_1_444' title='bbox 772 4938 950 5008; x_wconf 90' lang='grc' dir='ltr'>φιλίας</span> <span class='ocrx_word' id='word_1_445' title='bbox 983 4938 1188 5009; x_wconf 85' lang='grc' dir='ltr'>σχῆμα,</span> <span class='ocrx_word' id='word_1_446' title='bbox 1216 4939 1276 4991; x_wconf 87' lang='grc' dir='ltr'>οὐ</span> <span class='ocrx_word' id='word_1_447' title='bbox 1309 4939 1470 5010; x_wconf 83' lang='grc' dir='ltr'>λόγῳ,</span> <span class='ocrx_word' id='word_1_448' title='bbox 1505 4940 1640 4993; x_wconf 86' lang='grc' dir='ltr'>ἀλλά</span> <span class='ocrx_word' id='word_1_449' title='bbox 1668 4944 1867 5013; x_wconf 84' lang='grc' dir='ltr'>φυσικῇ</span> <span class='ocrx_word' id='word_1_450' title='bbox 1896 4960 1982 4995; x_wconf 84' lang='grc' dir='ltr'>κι-</span> 
     </span>
    </p>
   </div>
   <div class='ocr_carea' id='block_1_55' title="bbox 409 5021 1982 5101">
    <p class='ocr_par' dir='ltr' id='par_1_55' title="bbox 409 5021 1982 5101">
     <span class='ocr_line' id='line_1_55' title="bbox 409 5021 1982 5101; baseline 0 -22"><span class='ocrx_word' id='word_1_451' title='bbox 409 5027 589 5101; x_wconf 75' lang='grc' dir='ltr'>νήσει·</span> <span class='ocrx_word' id='word_1_452' title='bbox 617 5024 760 5080; x_wconf 83' lang='grc' dir='ltr'>οὑτω</span> <span class='ocrx_word' id='word_1_453' title='bbox 789 5024 880 5075; x_wconf 76' lang='grc' dir='ltr'>καὶ</span> <span class='ocrx_word' id='word_1_454' title='bbox 910 5024 939 5075; x_wconf 93' lang='lat'>6</span> <span class='ocrx_word' id='word_1_455' title='bbox 978 5021 1100 5088; x_wconf 87' lang='grc' dir='ltr'>ὄφις</span> <span class='ocrx_word' id='word_1_456' title='bbox 1136 5022 1395 5076; x_wconf 89' lang='grc' dir='ltr'>ὑπέσαινε</span> <span class='ocrx_word' id='word_1_457' title='bbox 1427 5023 1518 5075; x_wconf 86' lang='grc' dir='ltr'>τὸν</span> <span class='ocrx_word' id='word_1_458' title='bbox 1547 5021 1849 5091; x_wconf 84' lang='grc' dir='ltr'>ἄνθρωπον.</span> <span class='ocrx_word' id='word_1_459' title='bbox 1892 5026 1982 5090; x_wconf 83' lang='grc' dir='ltr'>Ὠς</span> 
     </span>
    </p>
   </div>
   <div class='ocr_carea' id='block_1_56' title="bbox 407 5104 1982 5179">
    <p class='ocr_par' dir='ltr' id='par_1_56' title="bbox 407 5104 1982 5179">
     <span class='ocr_line' id='line_1_56' title="bbox 407 5104 1982 5179; baseline -0.002 -15"><span class='ocrx_word' id='word_1_460' title='bbox 407 5106 501 5164; x_wconf 81' lang='grc' dir='ltr'>οὖν</span> <span class='ocrx_word' id='word_1_461' title='bbox 526 5109 660 5179; x_wconf 86' lang='grc' dir='ltr'>ἔχων</span> <span class='ocrx_word' id='word_1_462' title='bbox 692 5105 891 5175; x_wconf 84' lang='grc' dir='ltr'>πολλὴν</span> <span class='ocrx_word' id='word_1_463' title='bbox 933 5104 1237 5174; x_wconf 87' lang='grc' dir='ltr'>οἰκειότητα</span> <span class='ocrx_word' id='word_1_464' title='bbox 1262 5147 1277 5169; x_wconf 93' lang='grc'>,</span> <span class='ocrx_word' id='word_1_465' title='bbox 1311 5104 1467 5175; x_wconf 84' lang='grc' dir='ltr'>ώφθη</span> <span class='ocrx_word' id='word_1_466' title='bbox 1522 5105 1601 5174; x_wconf 80' lang='grc' dir='ltr'>τῷ</span> <span class='ocrx_word' id='word_1_467' title='bbox 1648 5106 1877 5179; x_wconf 84' lang='grc' dir='ltr'>διαϐόλῳ</span> <span class='ocrx_word' id='word_1_468' title='bbox 1905 5109 1982 5172; x_wconf 90' lang='grc' dir='ltr'>ώς</span> 
     </span>
    </p>
   </div>
   <div class='ocr_carea' id='block_1_57' title="bbox 410 5182 1981 5262">
    <p class='ocr_par' dir='ltr' id='par_1_57' title="bbox 410 5182 1981 5262">
     <span class='ocr_line' id='line_1_57' title="bbox 410 5182 1981 5262; baseline 0 -17"><span class='ocrx_word' id='word_1_469' title='bbox 410 5191 711 5262; x_wconf 82' lang='grc' dir='ltr'>ἐπιτήδειον</span> <span class='ocrx_word' id='word_1_470' title='bbox 734 5190 979 5260; x_wconf 89' lang='grc' dir='ltr'>ὄργανον.</span> <span class='ocrx_word' id='word_1_471' title='bbox 1019 5186 1160 5239; x_wconf 86' lang='grc' dir='ltr'>Ἰδὼν</span> <span class='ocrx_word' id='word_1_472' title='bbox 1181 5182 1273 5240; x_wconf 87' lang='grc' dir='ltr'>οῦν</span> <span class='ocrx_word' id='word_1_473' title='bbox 1315 5188 1485 5257; x_wconf 75' lang='grc' dir='ltr'>Ἀδὰμ</span> <span class='ocrx_word' id='word_1_474' title='bbox 1507 5188 1763 5258; x_wconf 85' lang='grc' dir='ltr'>χαίροντα</span> <span class='ocrx_word' id='word_1_475' title='bbox 1783 5192 1873 5244; x_wconf 80' lang='grc' dir='ltr'>ἐπὶ</span> <span class='ocrx_word' id='word_1_476' title='bbox 1904 5193 1981 5261; x_wconf 84' lang='grc' dir='ltr'>τῷ</span> 
     </span>
    </p>
   </div>
   <div class='ocr_carea' id='block_1_58' title="bbox 409 5268 1981 5345">
    <p class='ocr_par' dir='ltr' id='par_1_58' title="bbox 409 5268 1981 5345">
     <span class='ocr_line' id='line_1_58' title="bbox 409 5268 1981 5345; baseline -0.007 -17"><span class='ocrx_word' id='word_1_477' title='bbox 409 5276 552 5345; x_wconf 90' lang='grc' dir='ltr'>ὄφει,</span> <span class='ocrx_word' id='word_1_478' title='bbox 581 5275 829 5327; x_wconf 85' lang='grc' dir='ltr'>κάκεῖνον</span> <span class='ocrx_word' id='word_1_479' title='bbox 858 5268 1233 5333; x_wconf 80' lang='grc' dir='ltr'>ὑποσαίνοντα,</span> <span class='ocrx_word' id='word_1_480' title='bbox 1259 5271 1353 5323; x_wconf 80' lang='grc' dir='ltr'>καὶ</span> <span class='ocrx_word' id='word_1_481' title='bbox 1382 5270 1551 5323; x_wconf 86' lang='grc' dir='ltr'>πολλά</span> <span class='ocrx_word' id='word_1_482' title='bbox 1575 5271 1683 5323; x_wconf 85' lang='grc' dir='ltr'>τῶν</span> <span class='ocrx_word' id='word_1_483' title='bbox 1703 5273 1981 5344; x_wconf 77' lang='grc' dir='ltr'>ἀνθρωπί-</span> 
     </span>
    </p>
   </div>
   <div class='ocr_carea' id='block_1_59' title="bbox 409 5353 1981 5429">
    <p class='ocr_par' dir='ltr' id='par_1_59' title="bbox 409 5353 1981 5429">
     <span class='ocr_line' id='line_1_59' title="bbox 409 5353 1981 5429; baseline -0.001 -16"><span class='ocrx_word' id='word_1_484' title='bbox 409 5380 514 5415; x_wconf 91' lang='grc' dir='ltr'>νων</span> <span class='ocrx_word' id='word_1_485' title='bbox 568 5357 923 5429; x_wconf 87' lang='grc' dir='ltr'>μιμούμενον,</span> <span class='ocrx_word' id='word_1_486' title='bbox 977 5353 1256 5423; x_wconf 78' lang='grc' dir='ltr'>ἐνενόησεν</span> <span class='ocrx_word' id='word_1_487' title='bbox 1306 5356 1334 5407; x_wconf 94' lang='lat'>6</span> <span class='ocrx_word' id='word_1_488' title='bbox 1379 5356 1477 5425; x_wconf 79' lang='grc' dir='ltr'>τῆς</span> <span class='ocrx_word' id='word_1_489' title='bbox 1510 5355 1706 5421; x_wconf 85' lang='grc' dir='ltr'>κακίας</span> <span class='ocrx_word' id='word_1_490' title='bbox 1735 5359 1981 5429; x_wconf 88' lang='grc' dir='ltr'>τεχνίτης</span> 
     </span>
    </p>
   </div>
   <div class='ocr_carea' id='block_1_60' title="bbox 408 5437 1981 5514">
    <p class='ocr_par' dir='ltr' id='par_1_60' title="bbox 408 5437 1981 5514">
     <span class='ocr_line' id='line_1_60' title="bbox 408 5437 1981 5514; baseline -0.002 -16"><span class='ocrx_word' id='word_1_491' title='bbox 408 5446 545 5514; x_wconf 81' lang='grc' dir='ltr'>ὅπερ</span> <span class='ocrx_word' id='word_1_492' title='bbox 574 5442 623 5496; x_wconf 71' lang='grc' dir='ltr'>οἱ</span> <span class='ocrx_word' id='word_1_493' title='bbox 656 5442 837 5504; x_wconf 85' lang='grc' dir='ltr'>δόλους</span> <span class='ocrx_word' id='word_1_494' title='bbox 866 5440 1173 5501; x_wconf 82' lang='grc' dir='ltr'>πλέκοντες,</span> <span class='ocrx_word' id='word_1_495' title='bbox 1204 5437 1290 5491; x_wconf 85' lang='grc' dir='ltr'>διά</span> <span class='ocrx_word' id='word_1_496' title='bbox 1332 5437 1439 5490; x_wconf 82' lang='grc' dir='ltr'>τῶν</span> <span class='ocrx_word' id='word_1_497' title='bbox 1476 5438 1620 5492; x_wconf 87' lang='grc' dir='ltr'>ίδίων</span> <span class='ocrx_word' id='word_1_498' title='bbox 1676 5441 1981 5507; x_wconf 88' lang='grc' dir='ltr'>νοθεύοντες</span> 
     </span>
    </p>
   </div>
   <div class='ocr_carea' id='block_1_61' title="bbox 410 5520 1980 5596">
    <p class='ocr_par' dir='ltr' id='par_1_61' title="bbox 410 5520 1980 5596">
     <span class='ocr_line' id='line_1_61' title="bbox 410 5520 1980 5596; baseline -0.002 -18"><span class='ocrx_word' id='word_1_499' title='bbox 410 5525 654 5579; x_wconf 88' lang='grc' dir='ltr'>ποιοῦσιν</span> <span class='ocrx_word' id='word_1_500' title='bbox 674 5543 688 5557; x_wconf 77' lang='grc' dir='ltr'><strong>ο</strong></span> <span class='ocrx_word' id='word_1_501' title='bbox 725 5523 897 5585; x_wconf 77' lang='grc' dir='ltr'>οὐδεὶς</span> <span class='ocrx_word' id='word_1_502' title='bbox 926 5522 1034 5594; x_wconf 84' lang='grc' dir='ltr'>γὰρ</span> <span class='ocrx_word' id='word_1_503' title='bbox 1060 5520 1392 5591; x_wconf 80' lang='grc' dir='ltr'>περιγίνεται</span> <span class='ocrx_word' id='word_1_504' title='bbox 1417 5520 1501 5575; x_wconf 90' lang='grc' dir='ltr'>διά</span> <span class='ocrx_word' id='word_1_505' title='bbox 1530 5522 1636 5576; x_wconf 86' lang='grc' dir='ltr'>τῶν</span> <span class='ocrx_word' id='word_1_506' title='bbox 1664 5522 1980 5596; x_wconf 81' lang='grc' dir='ltr'>ἀλλοτρίων,</span> 
     </span>
    </p>
   </div>
   <div class='ocr_carea' id='block_1_62' title="bbox 411 5602 1976 5680">
    <p class='ocr_par' dir='ltr' id='par_1_62' title="bbox 411 5602 1976 5680">
     <span class='ocr_line' id='line_1_62' title="bbox 411 5602 1976 5680; baseline 0.001 -20"><span class='ocrx_word' id='word_1_507' title='bbox 411 5607 503 5660; x_wconf 85' lang='grc' dir='ltr'>ὲάν</span> <span class='ocrx_word' id='word_1_508' title='bbox 539 5608 611 5677; x_wconf 85' lang='grc' dir='ltr'>μὴ</span> <span class='ocrx_word' id='word_1_509' title='bbox 667 5607 756 5659; x_wconf 76' lang='grc' dir='ltr'>διὰ</span> <span class='ocrx_word' id='word_1_510' title='bbox 788 5606 895 5659; x_wconf 84' lang='grc' dir='ltr'>τῶν</span> <span class='ocrx_word' id='word_1_511' title='bbox 930 5604 1177 5659; x_wconf 79' lang='grc' dir='ltr'>οἰκείων·</span> <span class='ocrx_word' id='word_1_512' title='bbox 1236 5604 1417 5669; x_wconf 83' lang='grc' dir='ltr'>καθὼς</span> <span class='ocrx_word' id='word_1_513' title='bbox 1475 5602 1628 5660; x_wconf 78' lang='grc' dir='ltr'>εἶπεν</span> <span class='ocrx_word' id='word_1_514' title='bbox 1678 5607 1705 5659; x_wconf 88' lang='lat'>6</span> <span class='ocrx_word' id='word_1_515' title='bbox 1752 5608 1976 5680; x_wconf 85' lang='grc' dir='ltr'>Σωτήρ·</span> 
     </span>
    </p>
   </div>
   <div class='ocr_carea' id='block_1_63' title="bbox 424 5687 1983 5757">
    <p class='ocr_par' dir='ltr' id='par_1_63' title="bbox 424 5687 1983 5757">
     <span class='ocr_line' id='line_1_63' title="bbox 424 5687 1983 5757; baseline 0 -14"><span class='ocrx_word' id='word_1_516' title='bbox 424 5690 651 5757; x_wconf 78' lang='grc' dir='ltr'>Ἐχθροὶ</span> <span class='ocrx_word' id='word_1_517' title='bbox 678 5690 755 5754; x_wconf 81' lang='grc' dir='ltr'>τῷ</span> <span class='ocrx_word' id='word_1_518' title='bbox 782 5687 1065 5757; x_wconf 81' lang='grc' dir='ltr'>ἀνθρώπῳ</span> <span class='ocrx_word' id='word_1_519' title='bbox 1089 5690 1143 5741; x_wconf 83' lang='grc' dir='ltr'>οὶ</span> <span class='ocrx_word' id='word_1_520' title='bbox 1176 5688 1431 5742; x_wconf 79' lang='grc' dir='ltr'>οἰκιακοὶ</span> <span class='ocrx_word' id='word_1_521' title='bbox 1453 5690 1660 5747; x_wconf 81' lang='grc' dir='ltr'>αὑτοῦ.</span> <span class='ocrx_word' id='word_1_522' title='bbox 1689 5690 1855 5745; x_wconf 85' lang='grc' dir='ltr'>Λαλεῖ</span> <span class='ocrx_word' id='word_1_523' title='bbox 1873 5691 1983 5745; x_wconf 85' lang='grc' dir='ltr'>τοί-</span> 
     </span>
    </p>
   </div>
   <div class='ocr_carea' id='block_1_64' title="bbox 475 5794 1371 5859">
    <p class='ocr_par' dir='ltr' id='par_1_64' title="bbox 475 5794 1371 5859">
     <span class='ocr_line' id='line_1_64' title="bbox 475 5794 1371 5859; baseline 0.004 -19"><span class='ocrx_word' id='word_1_524' title='bbox 475 5794 502 5859; x_wconf 62' lang='grc' dir='ltr'><strong><em>ξ</em></strong></span> <span class='ocrx_word' id='word_1_525' title='bbox 525 5794 614 5859; x_wconf 69' lang='grc' dir='ltr'>ῌὶε</span> <span class='ocrx_word' id='word_1_526' title='bbox 646 5801 783 5859; x_wconf 70' lang='lat' dir='ltr'>potat</span> <span class='ocrx_word' id='word_1_527' title='bbox 803 5795 912 5859; x_wconf 80' lang='lat' dir='ltr'>Sav.</span> <span class='ocrx_word' id='word_1_528' title='bbox 937 5812 1011 5859; x_wconf 86' lang='grc' dir='ltr'>γρ.</span> <span class='ocrx_word' id='word_1_529' title='bbox 1036 5795 1116 5845; x_wconf 87' lang='grc' dir='ltr'>καὶ</span> <span class='ocrx_word' id='word_1_530' title='bbox 1139 5794 1371 5855; x_wconf 83' lang='grc' dir='ltr'>ἀθυμίαις.</span> 
     </span>
    </p>
   </div>
   <div class='ocr_carea' id='block_1_65' title="bbox 472 5850 1002 5918">
    <p class='ocr_par' dir='ltr' id='par_1_65' title="bbox 472 5850 1002 5918">
     <span class='ocr_line' id='line_1_65' title="bbox 472 5850 1002 5918; baseline 0.011 -17"><span class='ocrx_word' id='word_1_531' title='bbox 472 5850 504 5894; x_wconf 70' lang='grc' dir='ltr'>δ</span> <span class='ocrx_word' id='word_1_532' title='bbox 521 5856 633 5903; x_wconf 72' lang='lat' dir='ltr'>Sav.</span> <span class='ocrx_word' id='word_1_533' title='bbox 646 5855 713 5903; x_wconf 77' lang='grc' dir='ltr'>ισ.</span> <span class='ocrx_word' id='word_1_534' title='bbox 736 5850 1002 5918; x_wconf 69' lang='grc' dir='ltr'>χαρίσηταὶ.</span> 
     </span>
    </p>
   </div>
   <div class='ocr_carea' id='block_1_66' title="bbox 1858 406 2229 471">
    <p class='ocr_par' dir='ltr' id='par_1_66' title="bbox 1858 406 2229 471">
     <span class='ocr_line' id='line_1_66' title="bbox 1858 406 2229 471; baseline -0.003 -2"><span class='ocrx_word' id='word_1_535' title='bbox 1858 406 2229 471; x_wconf 72' lang='grc' dir='ltr'>εΕνΕιιιΑΝι</span> 
     </span>
    </p>
   </div>
   <div class='ocr_carea' id='block_1_67' title="bbox 3551 412 3657 470">
    <p class='ocr_par' dir='ltr' id='par_1_67' title="bbox 3551 412 3657 470">
     <span class='ocr_line' id='line_1_67' title="bbox 3551 412 3657 470; baseline 0 0"><span class='ocrx_word' id='word_1_536' title='bbox 3551 412 3657 470; x_wconf 72' lang='grc'>486</span> 
     </span>
    </p>
   </div>
   <div class='ocr_carea' id='block_1_68' title="bbox 2092 523 3652 596">
    <p class='ocr_par' dir='ltr' id='par_1_68' title="bbox 2092 523 3652 596">
     <span class='ocr_line' id='line_1_68' title="bbox 2092 523 3652 596; baseline -0.001 -16"><span class='ocrx_word' id='word_1_537' title='bbox 2092 546 2185 582; x_wconf 90' lang='grc' dir='ltr'>νυν</span> <span class='ocrx_word' id='word_1_538' title='bbox 2238 528 2324 581; x_wconf 88' lang='grc' dir='ltr'>δια</span> <span class='ocrx_word' id='word_1_539' title='bbox 2374 544 2465 580; x_wconf 90' lang='grc' dir='ltr'>του</span> <span class='ocrx_word' id='word_1_540' title='bbox 2510 527 2684 596; x_wconf 85' lang='grc' dir='ltr'>ὄφεως</span> <span class='ocrx_word' id='word_1_541' title='bbox 2713 537 2948 596; x_wconf 78' lang='grc' dir='ltr'>εμφασιν</span> <span class='ocrx_word' id='word_1_542' title='bbox 2987 523 3283 595; x_wconf 82' lang='grc' dir='ltr'>παρασχὼν</span> <span class='ocrx_word' id='word_1_543' title='bbox 3334 523 3415 594; x_wconf 80' lang='grc' dir='ltr'>τῷ</span> <span class='ocrx_word' id='word_1_544' title='bbox 3463 524 3652 596; x_wconf 68' lang='grc' dir='ltr'>Ἀδάμ.</span> 
     </span>
    </p>
   </div>
   <div class='ocr_carea' id='block_1_69' title="bbox 2092 605 3657 680">
    <p class='ocr_par' dir='ltr' id='par_1_69' title="bbox 2092 605 3657 680">
     <span class='ocr_line' id='line_1_69' title="bbox 2092 605 3657 680; baseline -0.003 -18"><span class='ocrx_word' id='word_1_545' title='bbox 2092 608 2397 679; x_wconf 89' lang='grc' dir='ltr'>Παρακαλῶ</span> <span class='ocrx_word' id='word_1_546' title='bbox 2454 610 2551 680; x_wconf 83' lang='grc' dir='ltr'>τὴν</span> <span class='ocrx_word' id='word_1_547' title='bbox 2602 608 2871 679; x_wconf 81' lang='grc' dir='ltr'>ὑμετέραν</span> <span class='ocrx_word' id='word_1_548' title='bbox 2924 608 3182 677; x_wconf 88' lang='grc' dir='ltr'>ἀγάπην,</span> <span class='ocrx_word' id='word_1_549' title='bbox 3243 605 3318 676; x_wconf 84' lang='grc' dir='ltr'>μὴ</span> <span class='ocrx_word' id='word_1_550' title='bbox 3365 606 3657 678; x_wconf 79' lang='grc' dir='ltr'>παρέργως</span> 
     </span>
    </p>
   </div>
   <div class='ocr_carea' id='block_1_70' title="bbox 2092 689 3649 765">
    <p class='ocr_par' dir='ltr' id='par_1_70' title="bbox 2092 689 3649 765">
     <span class='ocr_line' id='line_1_70' title="bbox 2092 689 3649 765; baseline -0.004 -18"><span class='ocrx_word' id='word_1_551' title='bbox 2092 694 2377 765; x_wconf 81' lang='grc' dir='ltr'>προσέχειν</span> <span class='ocrx_word' id='word_1_552' title='bbox 2401 704 2422 732; x_wconf 74' lang='grc' dir='ltr'><strong>ο</strong></span> <span class='ocrx_word' id='word_1_553' title='bbox 2459 696 2568 756; x_wconf 88' lang='grc' dir='ltr'>τοῖς</span> <span class='ocrx_word' id='word_1_554' title='bbox 2599 691 2928 762; x_wconf 88' lang='grc' dir='ltr'>λεγομένοις.</span> <span class='ocrx_word' id='word_1_555' title='bbox 2984 689 3099 745; x_wconf 86' lang='grc' dir='ltr'>Οὐκ</span> <span class='ocrx_word' id='word_1_556' title='bbox 3142 689 3261 743; x_wconf 78' lang='grc' dir='ltr'>ἐστι</span> <span class='ocrx_word' id='word_1_557' title='bbox 3290 689 3350 742; x_wconf 89' lang='grc' dir='ltr'>τὸ</span> <span class='ocrx_word' id='word_1_558' title='bbox 3379 690 3539 759; x_wconf 84' lang='grc' dir='ltr'>τυχὸν</span> <span class='ocrx_word' id='word_1_559' title='bbox 3564 690 3649 761; x_wconf 75' lang='grc' dir='ltr'>ζή-</span> 
     </span>
    </p>
   </div>
   <div class='ocr_carea' id='block_1_71' title="bbox 2089 772 3653 846">
    <p class='ocr_par' dir='ltr' id='par_1_71' title="bbox 2089 772 3653 846">
     <span class='ocr_line' id='line_1_71' title="bbox 2089 772 3653 846; baseline -0.003 -18"><span class='ocrx_word' id='word_1_560' title='bbox 2089 793 2240 845; x_wconf 92' lang='grc' dir='ltr'>τημα</span> <span class='ocrx_word' id='word_1_561' title='bbox 2265 793 2277 805; x_wconf 82' lang='grc'><em>’</em></span> <span class='ocrx_word' id='word_1_562' title='bbox 2315 775 2498 829; x_wconf 79' lang='grc' dir='ltr'>πολλοὶ</span> <span class='ocrx_word' id='word_1_563' title='bbox 2545 776 2653 846; x_wconf 90' lang='grc' dir='ltr'>γάρ</span> <span class='ocrx_word' id='word_1_564' title='bbox 2702 773 2942 844; x_wconf 81' lang='grc' dir='ltr'>ζητοῦσι,</span> <span class='ocrx_word' id='word_1_565' title='bbox 2978 772 3094 836; x_wconf 85' lang='grc' dir='ltr'>πῶς</span> <span class='ocrx_word' id='word_1_566' title='bbox 3146 772 3404 843; x_wconf 78' lang='grc' dir='ltr'>ἐλάλησεν</span> <span class='ocrx_word' id='word_1_567' title='bbox 3440 774 3469 824; x_wconf 93' lang='lat'>6</span> <span class='ocrx_word' id='word_1_568' title='bbox 3498 772 3653 841; x_wconf 83' lang='grc' dir='ltr'>ὄφις·</span> 
     </span>
    </p>
   </div>
   <div class='ocr_carea' id='block_1_72' title="bbox 2090 854 3659 932">
    <p class='ocr_par' dir='ltr' id='par_1_72' title="bbox 2090 854 3659 932">
     <span class='ocr_line' id='line_1_72' title="bbox 2090 854 3659 932; baseline -0.004 -18"><span class='ocrx_word' id='word_1_569' title='bbox 2090 856 2200 932; x_wconf 84' lang='grc' dir='ltr'>ἆρα</span> <span class='ocrx_word' id='word_1_570' title='bbox 2229 860 2539 932; x_wconf 84' lang='grc' dir='ltr'>ἀνθρωπίνῃ</span> <span class='ocrx_word' id='word_1_571' title='bbox 2569 862 2739 929; x_wconf 83' lang='grc' dir='ltr'>φωνῇ,</span> <span class='ocrx_word' id='word_1_572' title='bbox 2769 859 2801 927; x_wconf 86' lang='grc' dir='ltr'>ἢ</span> <span class='ocrx_word' id='word_1_573' title='bbox 2838 855 3084 927; x_wconf 87' lang='grc' dir='ltr'>συρισμῷ</span> <span class='ocrx_word' id='word_1_574' title='bbox 3103 854 3299 924; x_wconf 90' lang='grc' dir='ltr'>ὄφεως,</span> <span class='ocrx_word' id='word_1_575' title='bbox 3328 855 3420 908; x_wconf 78' lang='grc' dir='ltr'>καὶ</span> <span class='ocrx_word' id='word_1_576' title='bbox 3447 856 3659 925; x_wconf 84' lang='grc' dir='ltr'>ἐνενόη-</span> 
     </span>
    </p>
   </div>
   <div class='ocr_carea' id='block_1_73' title="bbox 2092 939 3657 1014">
    <p class='ocr_par' dir='ltr' id='par_1_73' title="bbox 2092 939 3657 1014">
     <span class='ocr_line' id='line_1_73' title="bbox 2092 939 3657 1014; baseline 0.006 -18"><span class='ocrx_word' id='word_1_577' title='bbox 2092 961 2183 998; x_wconf 93' lang='grc' dir='ltr'>σεν</span> <span class='ocrx_word' id='word_1_578' title='bbox 2205 946 2238 1014; x_wconf 87' lang='grc' dir='ltr'>ή</span> <span class='ocrx_word' id='word_1_579' title='bbox 2266 943 2397 998; x_wconf 87' lang='grc' dir='ltr'>Εὑα.</span> <span class='ocrx_word' id='word_1_580' title='bbox 2446 945 2504 995; x_wconf 87' lang='grc' dir='ltr'>Ὀ</span> <span class='ocrx_word' id='word_1_581' title='bbox 2546 942 2716 1013; x_wconf 83' lang='grc' dir='ltr'>Ἀδάμ</span> <span class='ocrx_word' id='word_1_582' title='bbox 2749 941 2853 1013; x_wconf 88' lang='grc' dir='ltr'>πρὸ</span> <span class='ocrx_word' id='word_1_583' title='bbox 2886 945 2985 1012; x_wconf 80' lang='grc' dir='ltr'>τῆς</span> <span class='ocrx_word' id='word_1_584' title='bbox 3015 940 3378 1010; x_wconf 75' lang='grc' dir='ltr'>παραϐάσεως</span> <span class='ocrx_word' id='word_1_585' title='bbox 3415 939 3657 1010; x_wconf 67' lang='grc' dir='ltr'>ἐπεπλὴ-</span> 
     </span>
    </p>
   </div>
   <div class='ocr_carea' id='block_1_74' title="bbox 2094 1022 3656 1096">
    <p class='ocr_par' dir='ltr' id='par_1_74' title="bbox 2094 1022 3656 1096">
     <span class='ocr_line' id='line_1_74' title="bbox 2094 1022 3656 1096; baseline -0.003 -18"><span class='ocrx_word' id='word_1_586' title='bbox 2094 1042 2229 1096; x_wconf 90' lang='grc' dir='ltr'>ρωτο</span> <span class='ocrx_word' id='word_1_587' title='bbox 2267 1026 2455 1094; x_wconf 89' lang='grc' dir='ltr'>σοφίας</span> <span class='ocrx_word' id='word_1_588' title='bbox 2483 1026 2576 1079; x_wconf 77' lang='grc' dir='ltr'>καὶ</span> <span class='ocrx_word' id='word_1_589' title='bbox 2601 1026 2866 1087; x_wconf 86' lang='grc' dir='ltr'>συνέσεως</span> <span class='ocrx_word' id='word_1_590' title='bbox 2909 1024 3002 1076; x_wconf 75' lang='grc' dir='ltr'>καὶ</span> <span class='ocrx_word' id='word_1_591' title='bbox 3045 1023 3398 1094; x_wconf 88' lang='grc' dir='ltr'>προφητείας.</span> <span class='ocrx_word' id='word_1_592' title='bbox 3442 1022 3656 1092; x_wconf 81' lang='grc' dir='ltr'>Ἐννόη-</span> 
     </span>
    </p>
   </div>
   <div class='ocr_carea' id='block_1_75' title="bbox 2092 1100 3654 1179">
    <p class='ocr_par' dir='ltr' id='par_1_75' title="bbox 2092 1100 3654 1179">
     <span class='ocr_line' id='line_1_75' title="bbox 2092 1100 3654 1179; baseline -0.003 -19"><span class='ocrx_word' id='word_1_593' title='bbox 2092 1124 2183 1160; x_wconf 92' lang='grc' dir='ltr'>σον</span> <span class='ocrx_word' id='word_1_594' title='bbox 2211 1110 2340 1178; x_wconf 88' lang='grc' dir='ltr'>ὂσην</span> <span class='ocrx_word' id='word_1_595' title='bbox 2373 1105 2484 1179; x_wconf 80' lang='grc' dir='ltr'>εἶχε</span> <span class='ocrx_word' id='word_1_596' title='bbox 2520 1108 2740 1176; x_wconf 89' lang='grc' dir='ltr'>σοφίαν,</span> <span class='ocrx_word' id='word_1_597' title='bbox 2774 1108 2853 1160; x_wconf 88' lang='grc' dir='ltr'>ὃτι</span> <span class='ocrx_word' id='word_1_598' title='bbox 2894 1107 3195 1177; x_wconf 75' lang='grc' dir='ltr'>ἐπήρκεσεν</span> <span class='ocrx_word' id='word_1_599' title='bbox 3244 1105 3525 1176; x_wconf 87' lang='grc' dir='ltr'>ἄνθρωπος</span> <span class='ocrx_word' id='word_1_600' title='bbox 3552 1100 3654 1170; x_wconf 74' lang='grc' dir='ltr'>εἷς,</span> 
     </span>
    </p>
   </div>
   <div class='ocr_carea' id='block_1_76' title="bbox 2088 1187 3655 1262">
    <p class='ocr_par' dir='ltr' id='par_1_76' title="bbox 2088 1187 3655 1262">
     <span class='ocr_line' id='line_1_76' title="bbox 2088 1187 3655 1262; baseline -0.001 -20"><span class='ocrx_word' id='word_1_601' title='bbox 2088 1190 2405 1244; x_wconf 89' lang='grc' dir='ltr'>διδάσκαλον</span> <span class='ocrx_word' id='word_1_602' title='bbox 2439 1191 2514 1262; x_wconf 81' lang='grc' dir='ltr'>μὴ</span> <span class='ocrx_word' id='word_1_603' title='bbox 2542 1189 2741 1254; x_wconf 88' lang='grc' dir='ltr'>λαϐὼν,</span> <span class='ocrx_word' id='word_1_604' title='bbox 2772 1191 2922 1261; x_wconf 87' lang='grc' dir='ltr'>παρά</span> <span class='ocrx_word' id='word_1_605' title='bbox 2950 1188 3173 1260; x_wconf 88' lang='grc' dir='ltr'>μηδενὸς</span> <span class='ocrx_word' id='word_1_606' title='bbox 3190 1187 3476 1259; x_wconf 84' lang='grc' dir='ltr'>ἀνθρώπου</span> <span class='ocrx_word' id='word_1_607' title='bbox 3509 1188 3655 1241; x_wconf 83' lang='grc' dir='ltr'>διδα-</span> 
     </span>
    </p>
   </div>
   <div class='ocr_carea' id='block_1_77' title="bbox 2088 1271 3655 1344">
    <p class='ocr_par' dir='ltr' id='par_1_77' title="bbox 2088 1271 3655 1344">
     <span class='ocr_line' id='line_1_77' title="bbox 2088 1271 3655 1344; baseline -0.001 -19"><span class='ocrx_word' id='word_1_608' title='bbox 2088 1273 2255 1344; x_wconf 72' lang='grc' dir='ltr'>χθεὶς,</span> <span class='ocrx_word' id='word_1_609' title='bbox 2291 1274 2459 1328; x_wconf 86' lang='grc' dir='ltr'>θεῖναι</span> <span class='ocrx_word' id='word_1_610' title='bbox 2486 1275 2724 1344; x_wconf 88' lang='grc' dir='ltr'>ὀνόματα</span> <span class='ocrx_word' id='word_1_611' title='bbox 2752 1273 2891 1337; x_wconf 86' lang='grc' dir='ltr'>ὅλοις</span> <span class='ocrx_word' id='word_1_612' title='bbox 2912 1275 3197 1337; x_wconf 87' lang='grc' dir='ltr'>πετεινοῖς,</span> <span class='ocrx_word' id='word_1_613' title='bbox 3228 1271 3321 1325; x_wconf 80' lang='grc' dir='ltr'>καὶ</span> <span class='ocrx_word' id='word_1_614' title='bbox 3342 1276 3451 1335; x_wconf 89' lang='grc' dir='ltr'>τοῖς</span> <span class='ocrx_word' id='word_1_615' title='bbox 3476 1273 3655 1340; x_wconf 81' lang='grc' dir='ltr'>ζώοις,</span> 
     </span>
    </p>
   </div>
   <div class='ocr_carea' id='block_1_78' title="bbox 2087 1354 3657 1429">
    <p class='ocr_par' dir='ltr' id='par_1_78' title="bbox 2087 1354 3657 1429">
     <span class='ocr_line' id='line_1_78' title="bbox 2087 1354 3657 1429; baseline -0.003 -18"><span class='ocrx_word' id='word_1_616' title='bbox 2087 1359 2318 1421; x_wconf 76' lang='grc' dir='ltr'>καὶτοῖς</span> <span class='ocrx_word' id='word_1_617' title='bbox 2352 1360 2600 1429; x_wconf 82' lang='grc' dir='ltr'>ἑρπετοῖς</span> <span class='ocrx_word' id='word_1_618' title='bbox 2639 1356 2878 1426; x_wconf 85' lang='grc' dir='ltr'>θηρίοις,</span> <span class='ocrx_word' id='word_1_619' title='bbox 2920 1357 3011 1409; x_wconf 79' lang='grc' dir='ltr'>καὶ</span> <span class='ocrx_word' id='word_1_620' title='bbox 3049 1357 3212 1408; x_wconf 80' lang='grc' dir='ltr'>πᾶσιν</span> <span class='ocrx_word' id='word_1_621' title='bbox 3257 1354 3458 1417; x_wconf 84' lang='grc' dir='ltr'>ἁπλῶς.</span> <span class='ocrx_word' id='word_1_622' title='bbox 3504 1357 3657 1407; x_wconf 73' lang='grc' dir='ltr'>Ἀναο</span> 
     </span>
    </p>
   </div>
   <div class='ocr_carea' id='block_1_79' title="bbox 2091 1437 3657 1511">
    <p class='ocr_par' dir='ltr' id='par_1_79' title="bbox 2091 1437 3657 1511">
     <span class='ocr_line' id='line_1_79' title="bbox 2091 1437 3657 1511; baseline -0.001 -18"><span class='ocrx_word' id='word_1_623' title='bbox 2091 1437 2450 1511; x_wconf 72' lang='grc' dir='ltr'>ζωγράφησον</span> <span class='ocrx_word' id='word_1_624' title='bbox 2481 1442 2538 1492; x_wconf 87' lang='grc' dir='ltr'>ἐν</span> <span class='ocrx_word' id='word_1_625' title='bbox 2568 1442 2633 1509; x_wconf 85' lang='grc' dir='ltr'>τῇ</span> <span class='ocrx_word' id='word_1_626' title='bbox 2663 1439 2870 1510; x_wconf 81' lang='grc' dir='ltr'>διανοίᾳ</span> <span class='ocrx_word' id='word_1_627' title='bbox 2896 1456 2987 1491; x_wconf 90' lang='grc' dir='ltr'>σου</span> <span class='ocrx_word' id='word_1_628' title='bbox 3015 1438 3080 1490; x_wconf 85' lang='grc' dir='ltr'>τὰ</span> <span class='ocrx_word' id='word_1_629' title='bbox 3120 1439 3254 1508; x_wconf 81' lang='grc' dir='ltr'>εἴδη,</span> <span class='ocrx_word' id='word_1_630' title='bbox 3284 1437 3354 1490; x_wconf 89' lang='grc' dir='ltr'>τά</span> <span class='ocrx_word' id='word_1_631' title='bbox 3371 1438 3501 1506; x_wconf 90' lang='grc' dir='ltr'>γένη</span> <span class='ocrx_word' id='word_1_632' title='bbox 3524 1455 3538 1468; x_wconf 90' lang='grc'><strong>·</strong></span> <span class='ocrx_word' id='word_1_633' title='bbox 3568 1439 3657 1491; x_wconf 82' lang='grc' dir='ltr'>ἴνα</span> 
     </span>
    </p>
   </div>
   <div class='ocr_carea' id='block_1_80' title="bbox 2085 1522 3655 1593">
    <p class='ocr_par' dir='ltr' id='par_1_80' title="bbox 2085 1522 3655 1593">
     <span class='ocr_line' id='line_1_80' title="bbox 2085 1522 3655 1593; baseline 0 -17"><span class='ocrx_word' id='word_1_634' title='bbox 2085 1523 2141 1576; x_wconf 83' lang='grc' dir='ltr'>δὲ</span> <span class='ocrx_word' id='word_1_635' title='bbox 2183 1524 2459 1593; x_wconf 90' lang='grc' dir='ltr'>συντόμως</span> <span class='ocrx_word' id='word_1_636' title='bbox 2497 1523 2638 1575; x_wconf 78' lang='grc' dir='ltr'>εἴπω</span> <span class='ocrx_word' id='word_1_637' title='bbox 2663 1565 2676 1588; x_wconf 93' lang='grc'>,</span> <span class='ocrx_word' id='word_1_638' title='bbox 2718 1522 2953 1577; x_wconf 90' lang='grc' dir='ltr'>τοσαῦτα</span> <span class='ocrx_word' id='word_1_639' title='bbox 3009 1523 3199 1591; x_wconf 77' lang='grc' dir='ltr'>ἔθηκεν</span> <span class='ocrx_word' id='word_1_640' title='bbox 3250 1522 3508 1593; x_wconf 86' lang='grc' dir='ltr'>ὀνόματα,</span> <span class='ocrx_word' id='word_1_641' title='bbox 3554 1523 3655 1576; x_wconf 77' lang='grc' dir='ltr'>ὅσα</span> 
     </span>
    </p>
   </div>
   <div class='ocr_carea' id='block_1_81' title="bbox 2088 1604 3654 1677">
    <p class='ocr_par' dir='ltr' id='par_1_81' title="bbox 2088 1604 3654 1677">
     <span class='ocr_line' id='line_1_81' title="bbox 2088 1604 3654 1677; baseline 0 -21"><span class='ocrx_word' id='word_1_642' title='bbox 2088 1606 2324 1677; x_wconf 87' lang='grc' dir='ltr'>σήμερον</span> <span class='ocrx_word' id='word_1_643' title='bbox 2351 1607 2509 1676; x_wconf 79' lang='grc' dir='ltr'>ἡμεῖς</span> <span class='ocrx_word' id='word_1_644' title='bbox 2536 1605 2673 1676; x_wconf 88' lang='grc' dir='ltr'>μετά</span> <span class='ocrx_word' id='word_1_645' title='bbox 2704 1605 2798 1675; x_wconf 85' lang='grc' dir='ltr'>τὴν</span> <span class='ocrx_word' id='word_1_646' title='bbox 2825 1607 3017 1674; x_wconf 85' lang='grc' dir='ltr'>πεῖραν</span> <span class='ocrx_word' id='word_1_647' title='bbox 3043 1604 3372 1675; x_wconf 85' lang='grc' dir='ltr'>δευτερῶσαι</span> <span class='ocrx_word' id='word_1_648' title='bbox 3397 1604 3459 1657; x_wconf 89' lang='grc' dir='ltr'>οὑ</span> <span class='ocrx_word' id='word_1_649' title='bbox 3491 1605 3654 1657; x_wconf 68' lang='grc' dir='ltr'>δυνά⁴</span> 
     </span>
    </p>
   </div>
   <div class='ocr_carea' id='block_1_82' title="bbox 2090 1683 3657 1758">
    <p class='ocr_par' dir='ltr' id='par_1_82' title="bbox 2090 1683 3657 1758">
     <span class='ocr_line' id='line_1_82' title="bbox 2090 1683 3657 1758; baseline -0.002 -17"><span class='ocrx_word' id='word_1_650' title='bbox 2090 1689 2246 1758; x_wconf 87' lang='grc' dir='ltr'>μεθα.</span> <span class='ocrx_word' id='word_1_651' title='bbox 2280 1688 2411 1743; x_wconf 86' lang='grc' dir='ltr'>Ὅτε</span> <span class='ocrx_word' id='word_1_652' title='bbox 2445 1683 2537 1742; x_wconf 85' lang='grc' dir='ltr'>οῦν</span> <span class='ocrx_word' id='word_1_653' title='bbox 2564 1688 2935 1758; x_wconf 85' lang='grc' dir='ltr'>προσήνεγκεν</span> <span class='ocrx_word' id='word_1_654' title='bbox 2967 1690 2994 1741; x_wconf 94' lang='lat'>6</span> <span class='ocrx_word' id='word_1_655' title='bbox 3027 1688 3157 1750; x_wconf 83' lang='grc' dir='ltr'>Θεὸς</span> <span class='ocrx_word' id='word_1_656' title='bbox 3191 1689 3257 1741; x_wconf 83' lang='grc' dir='ltr'>τὰ</span> <span class='ocrx_word' id='word_1_657' title='bbox 3287 1687 3400 1752; x_wconf 74' lang='grc' dir='ltr'>ζῶα</span> <span class='ocrx_word' id='word_1_658' title='bbox 3447 1686 3523 1757; x_wconf 77' lang='grc' dir='ltr'>τῷ</span> <span class='ocrx_word' id='word_1_659' title='bbox 3563 1688 3657 1739; x_wconf 86' lang='grc' dir='ltr'>ἀν-</span> 
     </span>
    </p>
   </div>
   <div class='ocr_carea' id='block_1_83' title="bbox 2086 1771 3658 1843">
    <p class='ocr_par' dir='ltr' id='par_1_83' title="bbox 2086 1771 3658 1843">
     <span class='ocr_line' id='line_1_83' title="bbox 2086 1771 3658 1843; baseline 0.001 -18"><span class='ocrx_word' id='word_1_660' title='bbox 2086 1772 2310 1843; x_wconf 86' lang='grc' dir='ltr'>θρώπῳ,</span> <span class='ocrx_word' id='word_1_661' title='bbox 2343 1772 2417 1835; x_wconf 90' lang='grc' dir='ltr'>ώς</span> <span class='ocrx_word' id='word_1_662' title='bbox 2446 1772 2605 1839; x_wconf 84' lang='grc' dir='ltr'>σοφὸς</span> <span class='ocrx_word' id='word_1_663' title='bbox 2635 1772 2728 1825; x_wconf 74' lang='grc' dir='ltr'>καὶ</span> <span class='ocrx_word' id='word_1_664' title='bbox 2760 1772 2897 1842; x_wconf 78' lang='grc' dir='ltr'>ἔχων</span> <span class='ocrx_word' id='word_1_665' title='bbox 2924 1771 3060 1824; x_wconf 89' lang='grc' dir='ltr'>Θεοῦ</span> <span class='ocrx_word' id='word_1_666' title='bbox 3101 1772 3314 1841; x_wconf 85' lang='grc' dir='ltr'>πνεῦμα</span> <span class='ocrx_word' id='word_1_667' title='bbox 3336 1811 3352 1835; x_wconf 95' lang='grc'>,</span> <span class='ocrx_word' id='word_1_668' title='bbox 3385 1772 3484 1842; x_wconf 74' lang='grc' dir='ltr'>τὴν</span> <span class='ocrx_word' id='word_1_669' title='bbox 3528 1772 3658 1827; x_wconf 63' lang='grc' dir='ltr'>ἐκάη</span> 
     </span>
    </p>
   </div>
   <div class='ocr_carea' id='block_1_84' title="bbox 2088 1849 3656 1926">
    <p class='ocr_par' dir='ltr' id='par_1_84' title="bbox 2088 1849 3656 1926">
     <span class='ocr_line' id='line_1_84' title="bbox 2088 1849 3656 1926; baseline -0.001 -19"><span class='ocrx_word' id='word_1_670' title='bbox 2088 1871 2213 1907; x_wconf 89' lang='grc' dir='ltr'>στου</span> <span class='ocrx_word' id='word_1_671' title='bbox 2241 1855 2475 1925; x_wconf 80' lang='grc' dir='ltr'>ἰδιότητα</span> <span class='ocrx_word' id='word_1_672' title='bbox 2504 1854 2718 1908; x_wconf 83' lang='grc' dir='ltr'>ἐϐλεπε.</span> <span class='ocrx_word' id='word_1_673' title='bbox 2746 1856 3040 1926; x_wconf 90' lang='grc' dir='ltr'>Προσεῖχεν</span> <span class='ocrx_word' id='word_1_674' title='bbox 3066 1849 3157 1907; x_wconf 84' lang='grc' dir='ltr'>οὑν</span> <span class='ocrx_word' id='word_1_675' title='bbox 3189 1853 3263 1924; x_wconf 72' lang='grc' dir='ltr'>ιτῷ</span> <span class='ocrx_word' id='word_1_676' title='bbox 3284 1854 3404 1923; x_wconf 89' lang='grc' dir='ltr'>ὄφει</span> <span class='ocrx_word' id='word_1_677' title='bbox 3430 1854 3505 1918; x_wconf 87' lang='grc' dir='ltr'>ὼς</span> <span class='ocrx_word' id='word_1_678' title='bbox 3527 1872 3656 1926; x_wconf 87' lang='grc' dir='ltr'>φρο-</span> 
     </span>
    </p>
   </div>
   <div class='ocr_carea' id='block_1_85' title="bbox 2085 1936 3656 2007">
    <p class='ocr_par' dir='ltr' id='par_1_85' title="bbox 2085 1936 3656 2007">
     <span class='ocr_line' id='line_1_85' title="bbox 2085 1936 3656 2007; baseline 0.001 -18"><span class='ocrx_word' id='word_1_679' title='bbox 2085 1937 2387 2007; x_wconf 84' lang='grc' dir='ltr'>νιμωτέρῳ,</span> <span class='ocrx_word' id='word_1_680' title='bbox 2437 1937 2512 2000; x_wconf 84' lang='grc' dir='ltr'>ὡς</span> <span class='ocrx_word' id='word_1_681' title='bbox 2551 1936 2800 2006; x_wconf 74' lang='grc' dir='ltr'>αἴσθησιν</span> <span class='ocrx_word' id='word_1_682' title='bbox 2843 1937 3038 2007; x_wconf 75' lang='grc' dir='ltr'>ἔχοντι,</span> <span class='ocrx_word' id='word_1_683' title='bbox 3070 1936 3145 2000; x_wconf 88' lang='grc' dir='ltr'>ώς</span> <span class='ocrx_word' id='word_1_684' title='bbox 3171 1938 3375 1990; x_wconf 89' lang='grc' dir='ltr'>νοοῦντι</span> <span class='ocrx_word' id='word_1_685' title='bbox 3405 1938 3512 1990; x_wconf 86' lang='grc' dir='ltr'>ἀπὸ</span> <span class='ocrx_word' id='word_1_686' title='bbox 3535 1955 3656 1991; x_wconf 77' lang='grc' dir='ltr'>νευ-</span> 
     </span>
    </p>
   </div>
   <div class='ocr_carea' id='block_1_86' title="bbox 2086 2019 3656 2091">
    <p class='ocr_par' dir='ltr' id='par_1_86' title="bbox 2086 2019 3656 2091">
     <span class='ocr_line' id='line_1_86' title="bbox 2086 2019 3656 2091; baseline 0.002 -19"><span class='ocrx_word' id='word_1_687' title='bbox 2086 2020 2272 2089; x_wconf 85' lang='grc' dir='ltr'>μάτων</span> <span class='ocrx_word' id='word_1_688' title='bbox 2295 2020 2365 2072; x_wconf 70' lang='grc' dir='ltr'>τὰ</span> <span class='ocrx_word' id='word_1_689' title='bbox 2400 2021 2695 2090; x_wconf 86' lang='grc' dir='ltr'>κινήματα.</span> <span class='ocrx_word' id='word_1_690' title='bbox 2731 2020 2915 2084; x_wconf 80' lang='grc' dir='ltr'>Οὕτως</span> <span class='ocrx_word' id='word_1_691' title='bbox 2944 2020 3157 2091; x_wconf 80' lang='grc' dir='ltr'>ἔχοντος</span> <span class='ocrx_word' id='word_1_692' title='bbox 3186 2019 3278 2074; x_wconf 88' lang='grc' dir='ltr'>τοῦ</span> <span class='ocrx_word' id='word_1_693' title='bbox 3319 2021 3507 2090; x_wconf 84' lang='grc' dir='ltr'>Ἀδάμ,</span> <span class='ocrx_word' id='word_1_694' title='bbox 3538 2023 3656 2075; x_wconf 82' lang='grc' dir='ltr'>ἐνε-</span> 
     </span>
    </p>
   </div>
   <div class='ocr_carea' id='block_1_87' title="bbox 2084 2102 3656 2175">
    <p class='ocr_par' dir='ltr' id='par_1_87' title="bbox 2084 2102 3656 2175">
     <span class='ocr_line' id='line_1_87' title="bbox 2084 2102 3656 2175; baseline 0.003 -20"><span class='ocrx_word' id='word_1_695' title='bbox 2084 2102 2273 2172; x_wconf 83' lang='grc' dir='ltr'>νόησεν</span> <span class='ocrx_word' id='word_1_696' title='bbox 2322 2105 2351 2157; x_wconf 91' lang='lat'>6</span> <span class='ocrx_word' id='word_1_697' title='bbox 2390 2102 2633 2166; x_wconf 84' lang='grc' dir='ltr'>διάϐολος</span> <span class='ocrx_word' id='word_1_698' title='bbox 2683 2105 2776 2157; x_wconf 81' lang='grc' dir='ltr'>καὶ</span> <span class='ocrx_word' id='word_1_699' title='bbox 2807 2103 2900 2156; x_wconf 92' lang='grc' dir='ltr'>τοῦ</span> <span class='ocrx_word' id='word_1_700' title='bbox 2935 2104 3109 2172; x_wconf 80' lang='grc' dir='ltr'>ὄφεως</span> <span class='ocrx_word' id='word_1_701' title='bbox 3133 2102 3195 2157; x_wconf 92' lang='grc' dir='ltr'>τὸ</span> <span class='ocrx_word' id='word_1_702' title='bbox 3246 2103 3525 2175; x_wconf 86' lang='grc' dir='ltr'>φρόνιμον,</span> <span class='ocrx_word' id='word_1_703' title='bbox 3562 2107 3656 2159; x_wconf 67' lang='grc' dir='ltr'>καὶ⁵</span> 
     </span>
    </p>
   </div>
   <div class='ocr_carea' id='block_1_88' title="bbox 2082 2181 3654 2257">
    <p class='ocr_par' dir='ltr' id='par_1_88' title="bbox 2082 2181 3654 2257">
     <span class='ocr_line' id='line_1_88' title="bbox 2082 2181 3654 2257; baseline 0.002 -20"><span class='ocrx_word' id='word_1_704' title='bbox 2082 2184 2177 2237; x_wconf 90' lang='grc' dir='ltr'>τοῦ</span> <span class='ocrx_word' id='word_1_705' title='bbox 2229 2185 2397 2256; x_wconf 84' lang='grc' dir='ltr'>Ἀδὰμ</span> <span class='ocrx_word' id='word_1_706' title='bbox 2423 2186 2521 2257; x_wconf 83' lang='grc' dir='ltr'>τὴν</span> <span class='ocrx_word' id='word_1_707' title='bbox 2559 2186 2859 2257; x_wconf 57' lang='grc' dir='ltr'>πρόληψιν</span> <span class='ocrx_word' id='word_1_708' title='bbox 2892 2181 3003 2257; x_wconf 81' lang='grc' dir='ltr'>εἶχε</span> <span class='ocrx_word' id='word_1_709' title='bbox 3029 2185 3134 2257; x_wconf 85' lang='grc' dir='ltr'>γὰρ</span> <span class='ocrx_word' id='word_1_710' title='bbox 3173 2188 3301 2257; x_wconf 77' lang='grc' dir='ltr'>περὶ</span> <span class='ocrx_word' id='word_1_711' title='bbox 3347 2186 3439 2240; x_wconf 85' lang='grc' dir='ltr'>τοῦ</span> <span class='ocrx_word' id='word_1_712' title='bbox 3477 2188 3654 2255; x_wconf 81' lang='grc' dir='ltr'>ὄφεως</span> 
     </span>
    </p>
   </div>
   <div class='ocr_carea' id='block_1_89' title="bbox 2084 2265 3651 2341">
    <p class='ocr_par' dir='ltr' id='par_1_89' title="bbox 2084 2265 3651 2341">
     <span class='ocr_line' id='line_1_89' title="bbox 2084 2265 3651 2341; baseline 0.001 -20"><span class='ocrx_word' id='word_1_713' title='bbox 2084 2268 2159 2331; x_wconf 84' lang='grc' dir='ltr'>ὡς</span> <span class='ocrx_word' id='word_1_714' title='bbox 2174 2269 2414 2322; x_wconf 86' lang='grc' dir='ltr'>συνετοῦ.</span> <span class='ocrx_word' id='word_1_715' title='bbox 2430 2269 2595 2322; x_wconf 89' lang='grc' dir='ltr'>Λαλεῖ</span> <span class='ocrx_word' id='word_1_716' title='bbox 2611 2265 2704 2323; x_wconf 77' lang='grc' dir='ltr'>οὖν</span> <span class='ocrx_word' id='word_1_717' title='bbox 2724 2269 2790 2322; x_wconf 84' lang='grc' dir='ltr'>δι’</span> <span class='ocrx_word' id='word_1_718' title='bbox 2807 2268 2990 2333; x_wconf 81' lang='grc' dir='ltr'>αὑτοῦ,</span> <span class='ocrx_word' id='word_1_719' title='bbox 3015 2270 3100 2324; x_wconf 81' lang='grc' dir='ltr'>ἵνα</span> <span class='ocrx_word' id='word_1_720' title='bbox 3117 2271 3389 2341; x_wconf 81' lang='grc' dir='ltr'>ὑπονοήσῃ</span> <span class='ocrx_word' id='word_1_721' title='bbox 3408 2272 3435 2323; x_wconf 91' lang='lat'>6</span> <span class='ocrx_word' id='word_1_722' title='bbox 3456 2270 3651 2341; x_wconf 76' lang='grc' dir='ltr'>Ἀδάμ,</span> 
     </span>
    </p>
   </div>
   <div class='ocr_carea' id='block_1_90' title="bbox 2083 2350 3651 2425">
    <p class='ocr_par' dir='ltr' id='par_1_90' title="bbox 2083 2350 3651 2425">
     <span class='ocr_line' id='line_1_90' title="bbox 2083 2350 3651 2425; baseline 0.003 -20"><span class='ocrx_word' id='word_1_723' title='bbox 2083 2352 2164 2405; x_wconf 89' lang='lat'>6::</span> <span class='ocrx_word' id='word_1_724' title='bbox 2192 2352 2451 2424; x_wconf 87' lang='grc' dir='ltr'>φρόνιμος</span> <span class='ocrx_word' id='word_1_725' title='bbox 2475 2350 2549 2405; x_wconf 86' lang='grc' dir='ltr'>ὢν</span> <span class='ocrx_word' id='word_1_726' title='bbox 2570 2354 2597 2405; x_wconf 95' lang='lat'>6</span> <span class='ocrx_word' id='word_1_727' title='bbox 2619 2352 2741 2421; x_wconf 82' lang='grc' dir='ltr'>ὄφις</span> <span class='ocrx_word' id='word_1_728' title='bbox 2759 2351 3085 2424; x_wconf 90' lang='grc' dir='ltr'>κατώρθωσε</span> <span class='ocrx_word' id='word_1_729' title='bbox 3109 2354 3201 2406; x_wconf 80' lang='grc' dir='ltr'>καὶ</span> <span class='ocrx_word' id='word_1_730' title='bbox 3224 2353 3284 2406; x_wconf 89' lang='grc' dir='ltr'>τὸ</span> <span class='ocrx_word' id='word_1_731' title='bbox 3314 2355 3651 2425; x_wconf 84' lang='grc' dir='ltr'>μιμήσασθαι</span> 
     </span>
    </p>
   </div>
   <div class='ocr_carea' id='block_1_91' title="bbox 2082 2435 3648 2508">
    <p class='ocr_par' dir='ltr' id='par_1_91' title="bbox 2082 2435 3648 2508">
     <span class='ocr_line' id='line_1_91' title="bbox 2082 2435 3648 2508; baseline 0.003 -20"><span class='ocrx_word' id='word_1_732' title='bbox 2082 2437 2182 2507; x_wconf 83' lang='grc' dir='ltr'>τὴν</span> <span class='ocrx_word' id='word_1_733' title='bbox 2206 2435 2298 2488; x_wconf 91' lang='grc' dir='ltr'>τοῦ</span> <span class='ocrx_word' id='word_1_734' title='bbox 2326 2435 2610 2507; x_wconf 88' lang='grc' dir='ltr'>ἀνθρώπου</span> <span class='ocrx_word' id='word_1_735' title='bbox 2639 2439 2842 2507; x_wconf 87' lang='grc' dir='ltr'>φωνήν.</span> <span class='ocrx_word' id='word_1_736' title='bbox 2872 2436 3237 2508; x_wconf 86' lang='grc' dir='ltr'>Προσέρχεται</span> <span class='ocrx_word' id='word_1_737' title='bbox 3260 2437 3437 2489; x_wconf 91' lang='grc' dir='ltr'>τοίνυν</span> <span class='ocrx_word' id='word_1_738' title='bbox 3456 2437 3484 2488; x_wconf 95' lang='lat'>6</span> <span class='ocrx_word' id='word_1_739' title='bbox 3505 2437 3648 2506; x_wconf 83' lang='grc' dir='ltr'>ὄφις.</span> 
     </span>
    </p>
   </div>
   <div class='ocr_carea' id='block_1_92' title="bbox 2084 2514 3653 2590">
    <p class='ocr_par' dir='ltr' id='par_1_92' title="bbox 2084 2514 3653 2590">
     <span class='ocr_line' id='line_1_92' title="bbox 2084 2514 3653 2590; baseline 0.001 -19"><span class='ocrx_word' id='word_1_740' title='bbox 2084 2517 2332 2589; x_wconf 90' lang='grc' dir='ltr'>Οὑδαμοῦ</span> <span class='ocrx_word' id='word_1_741' title='bbox 2372 2518 2430 2572; x_wconf 82' lang='grc' dir='ltr'>δὲ</span> <span class='ocrx_word' id='word_1_742' title='bbox 2472 2520 2505 2590; x_wconf 88' lang='grc' dir='ltr'>ή</span> <span class='ocrx_word' id='word_1_743' title='bbox 2544 2519 2735 2590; x_wconf 60' lang='grc' dir='ltr'>Γραφὴ</span> <span class='ocrx_word' id='word_1_744' title='bbox 2766 2514 2888 2573; x_wconf 85' lang='grc' dir='ltr'>εἶπε</span> <span class='ocrx_word' id='word_1_745' title='bbox 2921 2519 3099 2582; x_wconf 87' lang='grc' dir='ltr'>τοῦτο,</span> <span class='ocrx_word' id='word_1_746' title='bbox 3129 2520 3207 2573; x_wconf 88' lang='grc' dir='ltr'>ὃτι</span> <span class='ocrx_word' id='word_1_747' title='bbox 3248 2522 3277 2573; x_wconf 90' lang='lat'>6</span> <span class='ocrx_word' id='word_1_748' title='bbox 3324 2519 3563 2583; x_wconf 82' lang='grc' dir='ltr'>διάϐολος</span> <span class='ocrx_word' id='word_1_749' title='bbox 3592 2523 3653 2573; x_wconf 83' lang='grc' dir='ltr'>ἐν</span> 
     </span>
    </p>
   </div>
   <div class='ocr_carea' id='block_1_93' title="bbox 2084 2600 3650 2675">
    <p class='ocr_par' dir='ltr' id='par_1_93' title="bbox 2084 2600 3650 2675">
     <span class='ocr_line' id='line_1_93' title="bbox 2084 2600 3650 2675; baseline 0.002 -23"><span class='ocrx_word' id='word_1_750' title='bbox 2084 2600 2161 2672; x_wconf 81' lang='grc' dir='ltr'>τῷ</span> <span class='ocrx_word' id='word_1_751' title='bbox 2180 2600 2300 2669; x_wconf 86' lang='grc' dir='ltr'>ὄφει</span> <span class='ocrx_word' id='word_1_752' title='bbox 2323 2600 2601 2671; x_wconf 85' lang='grc' dir='ltr'>ἐλάλησεν,</span> <span class='ocrx_word' id='word_1_753' title='bbox 2624 2602 2758 2654; x_wconf 89' lang='grc' dir='ltr'>ἀλλά</span> <span class='ocrx_word' id='word_1_754' title='bbox 2777 2603 2871 2655; x_wconf 79' lang='grc' dir='ltr'>καὶ</span> <span class='ocrx_word' id='word_1_755' title='bbox 2895 2603 3131 2673; x_wconf 78' lang='grc' dir='ltr'>Μωῦσῆς</span> <span class='ocrx_word' id='word_1_756' title='bbox 3153 2601 3337 2665; x_wconf 84' lang='grc' dir='ltr'>ἁπλῶς</span> <span class='ocrx_word' id='word_1_757' title='bbox 3363 2603 3601 2675; x_wconf 82' lang='grc' dir='ltr'>παρῆλθε</span> <span class='ocrx_word' id='word_1_758' title='bbox 3621 2603 3650 2643; x_wconf 76' lang='grc' dir='ltr'>ει</span> 
     </span>
    </p>
   </div>
   <div class='ocr_carea' id='block_1_94' title="bbox 2082 2684 3651 2758">
    <p class='ocr_par' dir='ltr' id='par_1_94' title="bbox 2082 2684 3651 2758">
     <span class='ocr_line' id='line_1_94' title="bbox 2082 2684 3651 2758; baseline 0.003 -22"><span class='ocrx_word' id='word_1_759' title='bbox 2082 2684 2183 2755; x_wconf 85' lang='grc' dir='ltr'>τὴν</span> <span class='ocrx_word' id='word_1_760' title='bbox 2221 2685 2480 2754; x_wconf 82' lang='grc' dir='ltr'>ἱστορίαν.</span> <span class='ocrx_word' id='word_1_761' title='bbox 2524 2685 2785 2755; x_wconf 87' lang='grc' dir='ltr'>Πρόσεχε,</span> <span class='ocrx_word' id='word_1_762' title='bbox 2820 2684 3143 2754; x_wconf 83' lang='grc' dir='ltr'>παρακαλῶ,</span> <span class='ocrx_word' id='word_1_763' title='bbox 3178 2686 3316 2756; x_wconf 86' lang='grc' dir='ltr'>μετά</span> <span class='ocrx_word' id='word_1_764' title='bbox 3345 2687 3651 2758; x_wconf 84' lang='grc' dir='ltr'>ἀκριϐείας.</span> 
     </span>
    </p>
   </div>
   <div class='ocr_carea' id='block_1_95' title="bbox 2085 2765 3656 2839">
    <p class='ocr_par' dir='ltr' id='par_1_95' title="bbox 2085 2765 3656 2839">
     <span class='ocr_line' id='line_1_95' title="bbox 2085 2765 3656 2839; baseline 0.002 -21"><span class='ocrx_word' id='word_1_765' title='bbox 2085 2765 2294 2829; x_wconf 89' lang='grc' dir='ltr'>Παῦλος</span> <span class='ocrx_word' id='word_1_766' title='bbox 2336 2766 2587 2836; x_wconf 91' lang='grc' dir='ltr'>δεύτερος</span> <span class='ocrx_word' id='word_1_767' title='bbox 2636 2766 2711 2819; x_wconf 85' lang='grc' dir='ltr'>ὢν</span> <span class='ocrx_word' id='word_1_768' title='bbox 2745 2769 2802 2819; x_wconf 84' lang='grc' dir='ltr'>ἐν</span> <span class='ocrx_word' id='word_1_769' title='bbox 2852 2766 2928 2837; x_wconf 83' lang='grc' dir='ltr'>τῷ</span> <span class='ocrx_word' id='word_1_770' title='bbox 2979 2768 3286 2839; x_wconf 86' lang='grc' dir='ltr'>παραδείσῳ</span> <span class='ocrx_word' id='word_1_771' title='bbox 3309 2809 3323 2832; x_wconf 88' lang='grc'>,</span> <span class='ocrx_word' id='word_1_772' title='bbox 3355 2769 3464 2821; x_wconf 87' lang='grc' dir='ltr'>οὐδ’</span> <span class='ocrx_word' id='word_1_773' title='bbox 3492 2769 3656 2833; x_wconf 87' lang='grc' dir='ltr'>αὑτὸς</span> 
     </span>
    </p>
   </div>
   <div class='ocr_carea' id='block_1_96' title="bbox 2083 2847 3657 2921">
    <p class='ocr_par' dir='ltr' id='par_1_96' title="bbox 2083 2847 3657 2921">
     <span class='ocr_line' id='line_1_96' title="bbox 2083 2847 3657 2921; baseline 0.004 -21"><span class='ocrx_word' id='word_1_774' title='bbox 2083 2848 2236 2901; x_wconf 78' lang='grc' dir='ltr'>ἔλυσε</span> <span class='ocrx_word' id='word_1_775' title='bbox 2264 2849 2361 2919; x_wconf 83' lang='grc' dir='ltr'>τὴν</span> <span class='ocrx_word' id='word_1_776' title='bbox 2386 2847 2551 2913; x_wconf 78' lang='grc' dir='ltr'>λέξιν,</span> <span class='ocrx_word' id='word_1_777' title='bbox 2577 2849 2709 2903; x_wconf 87' lang='grc' dir='ltr'>ἀλλά</span> <span class='ocrx_word' id='word_1_778' title='bbox 2729 2849 2908 2918; x_wconf 88' lang='grc' dir='ltr'>λέγει·</span> <span class='ocrx_word' id='word_1_779' title='bbox 2947 2851 3477 2921; x_wconf 78' lang='grc' dir='ltr'>Ἐμνηστευσὰμην</span> <span class='ocrx_word' id='word_1_780' title='bbox 3497 2850 3657 2921; x_wconf 83' lang='grc' dir='ltr'>ὑμᾶς</span> 
     </span>
    </p>
   </div>
   <div class='ocr_carea' id='block_1_97' title="bbox 2082 2932 3654 3003">
    <p class='ocr_par' dir='ltr' id='par_1_97' title="bbox 2082 2932 3654 3003">
     <span class='ocr_line' id='line_1_97' title="bbox 2082 2932 3654 3003; baseline 0.002 -19"><span class='ocrx_word' id='word_1_781' title='bbox 2082 2932 2173 2984; x_wconf 80' lang='grc' dir='ltr'>ἐνὶ</span> <span class='ocrx_word' id='word_1_782' title='bbox 2197 2932 2390 2998; x_wconf 76' lang='grc' dir='ltr'>ἀνδρὶ,</span> <span class='ocrx_word' id='word_1_783' title='bbox 2414 2933 2711 3000; x_wconf 83' lang='grc' dir='ltr'>παρθένον</span> <span class='ocrx_word' id='word_1_784' title='bbox 2749 2933 2944 3001; x_wconf 71' lang='grc' dir='ltr'>ἁγνὴν</span> <span class='ocrx_word' id='word_1_785' title='bbox 2978 2934 3357 3002; x_wconf 79' lang='grc' dir='ltr'>παραστῆσαι</span> <span class='ocrx_word' id='word_1_786' title='bbox 3389 2933 3468 2999; x_wconf 87' lang='grc' dir='ltr'>τῷ</span> <span class='ocrx_word' id='word_1_787' title='bbox 3514 2937 3654 3003; x_wconf 82' lang='grc' dir='ltr'>Χρι-</span> 
     </span>
    </p>
   </div>
   <div class='ocr_carea' id='block_1_98' title="bbox 2085 3014 3654 3087">
    <p class='ocr_par' dir='ltr' id='par_1_98' title="bbox 2085 3014 3654 3087">
     <span class='ocr_line' id='line_1_98' title="bbox 2085 3014 3654 3087; baseline 0.002 -18"><span class='ocrx_word' id='word_1_788' title='bbox 2085 3014 2227 3080; x_wconf 84' lang='grc' dir='ltr'>στῷ.</span> <span class='ocrx_word' id='word_1_789' title='bbox 2257 3016 2550 3084; x_wconf 80' lang='grc' dir='ltr'>Φοϐοῦμαι</span> <span class='ocrx_word' id='word_1_790' title='bbox 2574 3016 2661 3080; x_wconf 84' lang='grc' dir='ltr'>δὲ,</span> <span class='ocrx_word' id='word_1_791' title='bbox 2678 3016 2887 3085; x_wconf 80' lang='grc' dir='ltr'>μήπως</span> <span class='ocrx_word' id='word_1_792' title='bbox 2908 3018 2987 3083; x_wconf 86' lang='grc' dir='ltr'>ὡς</span> <span class='ocrx_word' id='word_1_793' title='bbox 3015 3021 3049 3072; x_wconf 80' lang='grc' dir='ltr'><em>ὁ</em></span> <span class='ocrx_word' id='word_1_794' title='bbox 3084 3018 3217 3086; x_wconf 69' lang='grc' dir='ltr'>ὄφις</span> <span class='ocrx_word' id='word_1_795' title='bbox 3240 3017 3403 3071; x_wconf 79' lang='grc' dir='ltr'>Εὔαν</span> <span class='ocrx_word' id='word_1_796' title='bbox 3423 3018 3654 3087; x_wconf 78' lang='grc' dir='ltr'>ἐξηπά-</span> 
     </span>
    </p>
   </div>
   <div class='ocr_carea' id='block_1_99' title="bbox 2083 3101 3656 3174">
    <p class='ocr_par' dir='ltr' id='par_1_99' title="bbox 2083 3101 3656 3174">
     <span class='ocr_line' id='line_1_99' title="bbox 2083 3101 3656 3174; baseline 0.003 -19"><span class='ocrx_word' id='word_1_797' title='bbox 2083 3116 2272 3169; x_wconf 84' lang='grc' dir='ltr'>τησεν</span> <span class='ocrx_word' id='word_1_798' title='bbox 2295 3103 2365 3156; x_wconf 83' lang='grc' dir='ltr'>ἐν</span> <span class='ocrx_word' id='word_1_799' title='bbox 2392 3103 2468 3171; x_wconf 78' lang='grc' dir='ltr'>τῇ</span> <span class='ocrx_word' id='word_1_800' title='bbox 2492 3106 2824 3174; x_wconf 76' lang='grc' dir='ltr'>πανουργίᾳ</span> <span class='ocrx_word' id='word_1_801' title='bbox 2854 3105 3040 3159; x_wconf 83' lang='grc' dir='ltr'>αὐτοῦ</span> <span class='ocrx_word' id='word_1_802' title='bbox 3063 3120 3076 3135; x_wconf 88' lang='grc'><strong>·</strong></span> <span class='ocrx_word' id='word_1_803' title='bbox 3106 3106 3198 3159; x_wconf 82' lang='grc' dir='ltr'>καὶ</span> <span class='ocrx_word' id='word_1_804' title='bbox 3243 3107 3342 3158; x_wconf 89' lang='grc' dir='ltr'>οὑκ</span> <span class='ocrx_word' id='word_1_805' title='bbox 3363 3101 3535 3170; x_wconf 78' lang='grc' dir='ltr'>εἶπεν,</span> <span class='ocrx_word' id='word_1_806' title='bbox 3572 3108 3656 3160; x_wconf 88' lang='grc' dir='ltr'>ὅτι</span> 
     </span>
    </p>
   </div>
   <div class='ocr_carea' id='block_1_100' title="bbox 2083 3182 3654 3259">
    <p class='ocr_par' dir='ltr' id='par_1_100' title="bbox 2083 3182 3654 3259">
     <span class='ocr_line' id='line_1_100' title="bbox 2083 3182 3654 3259; baseline 0.002 -22"><span class='ocrx_word' id='word_1_807' title='bbox 2083 3186 2111 3237; x_wconf 91' lang='lat'>6</span> <span class='ocrx_word' id='word_1_808' title='bbox 2136 3185 2399 3250; x_wconf 86' lang='grc' dir='ltr'>διάϐολος.</span> <span class='ocrx_word' id='word_1_809' title='bbox 2434 3187 2629 3250; x_wconf 84' lang='grc' dir='ltr'>Πιστὸς</span> <span class='ocrx_word' id='word_1_810' title='bbox 2652 3182 2719 3256; x_wconf 83' lang='grc' dir='ltr'>ἦν</span> <span class='ocrx_word' id='word_1_811' title='bbox 2747 3186 2855 3240; x_wconf 84' lang='grc' dir='ltr'>τῶν</span> <span class='ocrx_word' id='word_1_812' title='bbox 2894 3186 3123 3259; x_wconf 84' lang='grc' dir='ltr'>Γραφῶν</span> <span class='ocrx_word' id='word_1_813' title='bbox 3147 3186 3340 3256; x_wconf 78' lang='grc' dir='ltr'>φύλαξ,</span> <span class='ocrx_word' id='word_1_814' title='bbox 3374 3188 3654 3259; x_wconf 84' lang='grc' dir='ltr'>ὑπηρέτης</span> 
     </span>
    </p>
   </div>
   <div class='ocr_carea' id='block_1_101' title="bbox 2082 3265 3651 3343">
    <p class='ocr_par' dir='ltr' id='par_1_101' title="bbox 2082 3265 3651 3343">
     <span class='ocr_line' id='line_1_101' title="bbox 2082 3265 3651 3343; baseline 0.004 -23"><span class='ocrx_word' id='word_1_815' title='bbox 2082 3265 2337 3338; x_wconf 87' lang='grc' dir='ltr'>Γραφῶν,</span> <span class='ocrx_word' id='word_1_816' title='bbox 2382 3268 2673 3341; x_wconf 79' lang='grc' dir='ltr'>παιδευτὴς</span> <span class='ocrx_word' id='word_1_817' title='bbox 2707 3269 2959 3341; x_wconf 86' lang='grc' dir='ltr'>Γραφῶν,</span> <span class='ocrx_word' id='word_1_818' title='bbox 3010 3272 3348 3343; x_wconf 84' lang='grc' dir='ltr'>ἑρμηνευτὴς</span> <span class='ocrx_word' id='word_1_819' title='bbox 3396 3272 3651 3343; x_wconf 86' lang='grc' dir='ltr'>Γραφῶν.</span> 
     </span>
    </p>
   </div>
   <div class='ocr_carea' id='block_1_102' title="bbox 2085 3350 3653 3427">
    <p class='ocr_par' dir='ltr' id='par_1_102' title="bbox 2085 3350 3653 3427">
     <span class='ocr_line' id='line_1_102' title="bbox 2085 3350 3653 3427; baseline 0.004 -24"><span class='ocrx_word' id='word_1_820' title='bbox 2085 3351 2201 3403; x_wconf 89' lang='grc' dir='ltr'>Οὑκ</span> <span class='ocrx_word' id='word_1_821' title='bbox 2228 3350 2449 3422; x_wconf 88' lang='grc' dir='ltr'>ἐθέλησε</span> <span class='ocrx_word' id='word_1_822' title='bbox 2478 3351 2636 3406; x_wconf 87' lang='grc' dir='ltr'>λῦσαι</span> <span class='ocrx_word' id='word_1_823' title='bbox 2664 3354 2762 3422; x_wconf 87' lang='grc' dir='ltr'>τὴν</span> <span class='ocrx_word' id='word_1_824' title='bbox 2787 3352 2951 3420; x_wconf 77' lang='grc' dir='ltr'>λέξιν,</span> <span class='ocrx_word' id='word_1_825' title='bbox 2986 3353 3071 3407; x_wconf 82' lang='grc' dir='ltr'>ἵνα</span> <span class='ocrx_word' id='word_1_826' title='bbox 3107 3354 3182 3425; x_wconf 84' lang='grc' dir='ltr'>μὴ</span> <span class='ocrx_word' id='word_1_827' title='bbox 3205 3354 3340 3426; x_wconf 83' lang='grc' dir='ltr'>λύσῃ</span> <span class='ocrx_word' id='word_1_828' title='bbox 3368 3354 3477 3408; x_wconf 85' lang='grc' dir='ltr'>τῶν</span> <span class='ocrx_word' id='word_1_829' title='bbox 3510 3356 3653 3427; x_wconf 83' lang='grc' dir='ltr'>Γρα-</span> 
     </span>
    </p>
   </div>
   <div class='ocr_carea' id='block_1_103' title="bbox 2083 3432 3651 3508">
    <p class='ocr_par' dir='ltr' id='par_1_103' title="bbox 2083 3432 3651 3508">
     <span class='ocr_line' id='line_1_103' title="bbox 2083 3432 3651 3508; baseline 0.004 -22"><span class='ocrx_word' id='word_1_830' title='bbox 2083 3432 2199 3503; x_wconf 86' lang='grc' dir='ltr'>φῶν</span> <span class='ocrx_word' id='word_1_831' title='bbox 2221 3432 2317 3504; x_wconf 83' lang='grc' dir='ltr'>τὴν</span> <span class='ocrx_word' id='word_1_832' title='bbox 2351 3432 2501 3498; x_wconf 77' lang='grc' dir='ltr'>τάξιν</span> <span class='ocrx_word' id='word_1_833' title='bbox 2525 3474 2540 3498; x_wconf 90' lang='grc'>,</span> <span class='ocrx_word' id='word_1_834' title='bbox 2570 3433 2707 3487; x_wconf 86' lang='grc' dir='ltr'>ἀλλά</span> <span class='ocrx_word' id='word_1_835' title='bbox 2742 3437 2810 3506; x_wconf 75' lang='grc' dir='ltr'>τῇ</span> <span class='ocrx_word' id='word_1_836' title='bbox 2857 3436 3036 3506; x_wconf 77' lang='grc' dir='ltr'>ἐννοίᾳ</span> <span class='ocrx_word' id='word_1_837' title='bbox 3068 3435 3166 3507; x_wconf 78' lang='grc' dir='ltr'>τὴν</span> <span class='ocrx_word' id='word_1_838' title='bbox 3205 3437 3437 3508; x_wconf 84' lang='grc' dir='ltr'>ἀπορίαν</span> <span class='ocrx_word' id='word_1_839' title='bbox 3475 3437 3651 3493; x_wconf 78' lang='grc' dir='ltr'>ἔλυσε.</span> 
     </span>
    </p>
   </div>
   <div class='ocr_carea' id='block_1_104' title="bbox 2084 3517 3659 3588">
    <p class='ocr_par' dir='ltr' id='par_1_104' title="bbox 2084 3517 3659 3588">
     <span class='ocr_line' id='line_1_104' title="bbox 2084 3517 3659 3588; baseline 0.003 -18"><span class='ocrx_word' id='word_1_840' title='bbox 2084 3518 2398 3586; x_wconf 80' lang='grc' dir='ltr'>Φοϐοῦμαι,</span> <span class='ocrx_word' id='word_1_841' title='bbox 2429 3517 2582 3587; x_wconf 72' lang='grc' dir='ltr'>φησὶ,</span> <span class='ocrx_word' id='word_1_842' title='bbox 2612 3517 2824 3587; x_wconf 78' lang='grc' dir='ltr'>μήπως</span> <span class='ocrx_word' id='word_1_843' title='bbox 2854 3517 2934 3583; x_wconf 85' lang='grc' dir='ltr'>ὡς</span> <span class='ocrx_word' id='word_1_844' title='bbox 2959 3521 2992 3572; x_wconf 86' lang='grc' dir='ltr'>ό</span> <span class='ocrx_word' id='word_1_845' title='bbox 3014 3519 3145 3586; x_wconf 72' lang='grc' dir='ltr'>ὄφις</span> <span class='ocrx_word' id='word_1_846' title='bbox 3169 3519 3338 3573; x_wconf 82' lang='grc' dir='ltr'>Εὕαν</span> <span class='ocrx_word' id='word_1_847' title='bbox 3358 3518 3659 3588; x_wconf 80' lang='grc' dir='ltr'>ἐξηπάτη-</span> 
     </span>
    </p>
   </div>
   <div class='ocr_carea' id='block_1_105' title="bbox 2076 3598 3657 3675">
    <p class='ocr_par' dir='ltr' id='par_1_105' title="bbox 2076 3598 3657 3675">
     <span class='ocr_line' id='line_1_105' title="bbox 2076 3598 3657 3675; baseline 0.002 -22"><span class='ocrx_word' id='word_1_848' title='bbox 2076 3616 2195 3653; x_wconf 77' lang='grc' dir='ltr'>σεν</span> <span class='ocrx_word' id='word_1_849' title='bbox 2212 3601 2280 3653; x_wconf 86' lang='grc' dir='ltr'>ἐν</span> <span class='ocrx_word' id='word_1_850' title='bbox 2301 3598 2377 3667; x_wconf 80' lang='grc' dir='ltr'>τῇ</span> <span class='ocrx_word' id='word_1_851' title='bbox 2396 3602 2727 3670; x_wconf 80' lang='grc' dir='ltr'>πανουργίᾳ</span> <span class='ocrx_word' id='word_1_852' title='bbox 2760 3602 2967 3668; x_wconf 83' lang='grc' dir='ltr'>αὐτοῦ,</span> <span class='ocrx_word' id='word_1_853' title='bbox 2993 3601 3145 3656; x_wconf 77' lang='grc' dir='ltr'>οὕτω</span> <span class='ocrx_word' id='word_1_854' title='bbox 3185 3601 3384 3672; x_wconf 71' lang='grc' dir='ltr'>φθαρῇ</span> <span class='ocrx_word' id='word_1_855' title='bbox 3420 3602 3492 3656; x_wconf 81' lang='grc' dir='ltr'>τὰ</span> <span class='ocrx_word' id='word_1_856' title='bbox 3512 3602 3657 3675; x_wconf 80' lang='grc' dir='ltr'>νοή-</span> 
     </span>
    </p>
   </div>
   <div class='ocr_carea' id='block_1_106' title="bbox 2075 3679 3650 3755">
    <p class='ocr_par' dir='ltr' id='par_1_106' title="bbox 2075 3679 3650 3755">
     <span class='ocr_line' id='line_1_106' title="bbox 2075 3679 3650 3755; baseline 0.003 -21"><span class='ocrx_word' id='word_1_857' title='bbox 2075 3698 2235 3751; x_wconf 81' lang='grc' dir='ltr'>ματα</span> <span class='ocrx_word' id='word_1_858' title='bbox 2264 3682 2448 3750; x_wconf 84' lang='grc' dir='ltr'>ὑμῶν.</span> <span class='ocrx_word' id='word_1_859' title='bbox 2483 3679 2676 3735; x_wconf 84' lang='grc' dir='ltr'>Οὑτω·</span> <span class='ocrx_word' id='word_1_860' title='bbox 2714 3682 2865 3749; x_wconf 86' lang='grc' dir='ltr'>πῶς;</span> <span class='ocrx_word' id='word_1_861' title='bbox 2894 3685 2969 3754; x_wconf 83' lang='grc' dir='ltr'>μὴ</span> <span class='ocrx_word' id='word_1_862' title='bbox 2998 3687 3107 3755; x_wconf 88' lang='grc' dir='ltr'>γάρ</span> <span class='ocrx_word' id='word_1_863' title='bbox 3141 3684 3385 3754; x_wconf 82' lang='grc' dir='ltr'>ἐφοϐεῖτο</span> <span class='ocrx_word' id='word_1_864' title='bbox 3418 3686 3650 3751; x_wconf 73' lang='grc' dir='ltr'>Παῦλος,</span> 
     </span>
    </p>
   </div>
   <div class='ocr_carea' id='block_1_107' title="bbox 2088 3764 3650 3838">
    <p class='ocr_par' dir='ltr' id='par_1_107' title="bbox 2088 3764 3650 3838">
     <span class='ocr_line' id='line_1_107' title="bbox 2088 3764 3650 3838; baseline 0.004 -21"><span class='ocrx_word' id='word_1_865' title='bbox 2088 3764 2163 3835; x_wconf 87' lang='grc' dir='ltr'>μὴ</span> <span class='ocrx_word' id='word_1_866' title='bbox 2188 3765 2346 3817; x_wconf 86' lang='grc' dir='ltr'>πάλιν</span> <span class='ocrx_word' id='word_1_867' title='bbox 2368 3764 2395 3815; x_wconf 91' lang='grc' dir='ltr'>ὁ</span> <span class='ocrx_word' id='word_1_868' title='bbox 2420 3765 2543 3835; x_wconf 91' lang='grc' dir='ltr'>ὄφις</span> <span class='ocrx_word' id='word_1_869' title='bbox 2572 3765 2722 3838; x_wconf 79' lang='grc' dir='ltr'>ἔλθῃ,</span> <span class='ocrx_word' id='word_1_870' title='bbox 2745 3767 2837 3818; x_wconf 60' lang='grc' dir='ltr'>καί⁵</span> <span class='ocrx_word' id='word_1_871' title='bbox 2856 3768 3112 3838; x_wconf 84' lang='grc' dir='ltr'>ἀπατήσῃ</span> <span class='ocrx_word' id='word_1_872' title='bbox 3135 3769 3313 3833; x_wconf 84' lang='grc' dir='ltr'>τινάς;</span> <span class='ocrx_word' id='word_1_873' title='bbox 3356 3768 3490 3821; x_wconf 87' lang='grc' dir='ltr'>Ἀλλ’</span> <span class='ocrx_word' id='word_1_874' title='bbox 3510 3765 3650 3836; x_wconf 75' lang='grc' dir='ltr'>οῖδα,</span> 
     </span>
    </p>
   </div>
   <div class='ocr_carea' id='block_1_108' title="bbox 2084 3847 3654 3919">
    <p class='ocr_par' dir='ltr' id='par_1_108' title="bbox 2084 3847 3654 3919">
     <span class='ocr_line' id='line_1_108' title="bbox 2084 3847 3654 3919; baseline 0.003 -19"><span class='ocrx_word' id='word_1_875' title='bbox 2084 3849 2267 3919; x_wconf 84' lang='grc' dir='ltr'>φησὶν,</span> <span class='ocrx_word' id='word_1_876' title='bbox 2299 3849 2378 3901; x_wconf 85' lang='grc' dir='ltr'>ὄτι</span> <span class='ocrx_word' id='word_1_877' title='bbox 2411 3851 2439 3901; x_wconf 93' lang='lat'>6</span> <span class='ocrx_word' id='word_1_878' title='bbox 2499 3847 2597 3918; x_wconf 77' lang='grc' dir='ltr'>μὲν</span> <span class='ocrx_word' id='word_1_879' title='bbox 2635 3847 2759 3918; x_wconf 86' lang='grc' dir='ltr'>ὄφις</span> <span class='ocrx_word' id='word_1_880' title='bbox 2784 3849 2845 3902; x_wconf 90' lang='grc' dir='ltr'>οὑ</span> <span class='ocrx_word' id='word_1_881' title='bbox 2877 3849 3121 3918; x_wconf 87' lang='grc' dir='ltr'>φαίνεται</span> <span class='ocrx_word' id='word_1_882' title='bbox 3164 3853 3369 3915; x_wconf 86' lang='grc' dir='ltr'>ἐκεῖνος</span> <span class='ocrx_word' id='word_1_883' title='bbox 3388 3889 3402 3913; x_wconf 89' lang='grc'>,</span> <span class='ocrx_word' id='word_1_884' title='bbox 3432 3853 3461 3905; x_wconf 90' lang='lat'>6</span> <span class='ocrx_word' id='word_1_885' title='bbox 3488 3851 3545 3905; x_wconf 83' lang='grc' dir='ltr'>δὲ</span> <span class='ocrx_word' id='word_1_886' title='bbox 3589 3852 3654 3905; x_wconf 85' lang='grc' dir='ltr'>ἐν</span> 
     </span>
    </p>
   </div>
   <div class='ocr_carea' id='block_1_109' title="bbox 2080 3931 3653 4005">
    <p class='ocr_par' dir='ltr' id='par_1_109' title="bbox 2080 3931 3653 4005">
     <span class='ocr_line' id='line_1_109' title="bbox 2080 3931 3653 4005; baseline 0.004 -23"><span class='ocrx_word' id='word_1_887' title='bbox 2080 3931 2273 4002; x_wconf 81' lang='grc' dir='ltr'>ἐκείνῳ</span> <span class='ocrx_word' id='word_1_888' title='bbox 2306 3933 2609 4002; x_wconf 76' lang='grc' dir='ltr'>ἐνεργήσας</span> <span class='ocrx_word' id='word_1_889' title='bbox 2642 3932 2911 4000; x_wconf 88' lang='grc' dir='ltr'>φαίνεται.</span> <span class='ocrx_word' id='word_1_890' title='bbox 2950 3933 3086 3986; x_wconf 84' lang='grc' dir='ltr'>Ἀλλ’</span> <span class='ocrx_word' id='word_1_891' title='bbox 3112 3936 3141 3987; x_wconf 94' lang='lat'>6</span> <span class='ocrx_word' id='word_1_892' title='bbox 3171 3936 3268 4005; x_wconf 86' lang='grc' dir='ltr'>μὲν</span> <span class='ocrx_word' id='word_1_893' title='bbox 3300 3935 3507 3998; x_wconf 88' lang='grc' dir='ltr'>Παῦλος</span> <span class='ocrx_word' id='word_1_894' title='bbox 3528 3976 3544 3999; x_wconf 93' lang='grc'>,</span> <span class='ocrx_word' id='word_1_895' title='bbox 3572 3934 3653 3998; x_wconf 82' lang='grc' dir='ltr'>ὡς</span> 
     </span>
    </p>
   </div>
   <div class='ocr_carea' id='block_1_110' title="bbox 2083 4014 3649 4087">
    <p class='ocr_par' dir='ltr' id='par_1_110' title="bbox 2083 4014 3649 4087">
     <span class='ocr_line' id='line_1_110' title="bbox 2083 4014 3649 4087; baseline 0.003 -21"><span class='ocrx_word' id='word_1_896' title='bbox 2083 4015 2271 4077; x_wconf 83' lang='grc' dir='ltr'>πιστὸς</span> <span class='ocrx_word' id='word_1_897' title='bbox 2292 4014 2590 4085; x_wconf 85' lang='grc' dir='ltr'>ὑπηρέτης,</span> <span class='ocrx_word' id='word_1_898' title='bbox 2620 4014 2714 4068; x_wconf 80' lang='grc' dir='ltr'>καὶ</span> <span class='ocrx_word' id='word_1_899' title='bbox 2742 4015 2850 4068; x_wconf 87' lang='grc' dir='ltr'>τῶν</span> <span class='ocrx_word' id='word_1_900' title='bbox 2882 4016 3050 4083; x_wconf 87' lang='grc' dir='ltr'>ἀγίων</span> <span class='ocrx_word' id='word_1_901' title='bbox 3083 4016 3314 4086; x_wconf 82' lang='grc' dir='ltr'>Γραφῶν</span> <span class='ocrx_word' id='word_1_902' title='bbox 3345 4017 3539 4087; x_wconf 82' lang='grc' dir='ltr'>φύλαξ,</span> <span class='ocrx_word' id='word_1_903' title='bbox 3583 4016 3649 4071; x_wconf 68' lang='grc' dir='ltr'>οὔ</span> 
     </span>
    </p>
   </div>
   <div class='ocr_carea' id='block_1_111' title="bbox 2083 4095 3649 4173">
    <p class='ocr_par' dir='ltr' id='par_1_111' title="bbox 2083 4095 3649 4173">
     <span class='ocr_line' id='line_1_111' title="bbox 2083 4095 3649 4173; baseline 0.003 -24"><span class='ocrx_word' id='word_1_904' title='bbox 2083 4095 2232 4169; x_wconf 73' lang='grc'>[497]</span> <span class='ocrx_word' id='word_1_905' title='bbox 2262 4099 2569 4168; x_wconf 85' lang='grc' dir='ltr'>παρέτρεψε</span> <span class='ocrx_word' id='word_1_906' title='bbox 2601 4097 2697 4170; x_wconf 78' lang='grc' dir='ltr'>τὴν</span> <span class='ocrx_word' id='word_1_907' title='bbox 2716 4098 2880 4165; x_wconf 78' lang='grc' dir='ltr'>λέξιν,</span> <span class='ocrx_word' id='word_1_908' title='bbox 2913 4098 3028 4152; x_wconf 86' lang='grc' dir='ltr'>ἀλλ’</span> <span class='ocrx_word' id='word_1_909' title='bbox 3044 4101 3267 4171; x_wconf 85' lang='grc' dir='ltr'>ἐνέφηνε</span> <span class='ocrx_word' id='word_1_910' title='bbox 3297 4101 3393 4173; x_wconf 79' lang='grc' dir='ltr'>τὴν</span> <span class='ocrx_word' id='word_1_911' title='bbox 3420 4101 3649 4155; x_wconf 74' lang='grc' dir='ltr'>ἔννοιανο</span> 
     </span>
    </p>
   </div>
   <div class='ocr_carea' id='block_1_112' title="bbox 2082 4180 3654 4253">
    <p class='ocr_par' dir='ltr' id='par_1_112' title="bbox 2082 4180 3654 4253">
     <span class='ocr_line' id='line_1_112' title="bbox 2082 4180 3654 4253; baseline 0.002 -21"><span class='ocrx_word' id='word_1_912' title='bbox 2082 4181 2328 4243; x_wconf 87' lang='grc' dir='ltr'>αὑτὸςδέ</span> <span class='ocrx_word' id='word_1_913' title='bbox 2355 4182 2383 4233; x_wconf 96' lang='lat'>6</span> <span class='ocrx_word' id='word_1_914' title='bbox 2413 4180 2520 4234; x_wconf 84' lang='grc' dir='ltr'>τῶν</span> <span class='ocrx_word' id='word_1_915' title='bbox 2549 4181 2790 4252; x_wconf 87' lang='grc' dir='ltr'>ἀρχαίων</span> <span class='ocrx_word' id='word_1_916' title='bbox 2823 4182 2917 4235; x_wconf 79' lang='grc' dir='ltr'>καὶ</span> <span class='ocrx_word' id='word_1_917' title='bbox 2945 4182 3052 4235; x_wconf 85' lang='grc' dir='ltr'>τῶν</span> <span class='ocrx_word' id='word_1_918' title='bbox 3095 4185 3228 4237; x_wconf 88' lang='grc' dir='ltr'>νέων</span> <span class='ocrx_word' id='word_1_919' title='bbox 3254 4185 3349 4237; x_wconf 79' lang='grc' dir='ltr'>καὶ</span> <span class='ocrx_word' id='word_1_920' title='bbox 3375 4184 3481 4236; x_wconf 83' lang='grc' dir='ltr'>τῶν</span> <span class='ocrx_word' id='word_1_921' title='bbox 3523 4184 3654 4253; x_wconf 82' lang='grc' dir='ltr'>μελ-</span> 
     </span>
    </p>
   </div>
   <div class='ocr_carea' id='block_1_113' title="bbox 2081 4262 3652 4337">
    <p class='ocr_par' dir='ltr' id='par_1_113' title="bbox 2081 4262 3652 4337">
     <span class='ocr_line' id='line_1_113' title="bbox 2081 4262 3652 4337; baseline 0.003 -22"><span class='ocrx_word' id='word_1_922' title='bbox 2081 4262 2279 4316; x_wconf 86' lang='grc' dir='ltr'>λόντων</span> <span class='ocrx_word' id='word_1_923' title='bbox 2298 4264 2573 4335; x_wconf 89' lang='grc' dir='ltr'>Δεσπότης</span> <span class='ocrx_word' id='word_1_924' title='bbox 2601 4264 2897 4335; x_wconf 83' lang='grc' dir='ltr'>ἐσαφήνισε</span> <span class='ocrx_word' id='word_1_925' title='bbox 2933 4265 3030 4335; x_wconf 86' lang='grc' dir='ltr'>τὴν</span> <span class='ocrx_word' id='word_1_926' title='bbox 3063 4267 3313 4335; x_wconf 87' lang='grc' dir='ltr'>ἀπορίαν,</span> <span class='ocrx_word' id='word_1_927' title='bbox 3348 4267 3433 4319; x_wconf 83' lang='grc' dir='ltr'>ἵνα</span> <span class='ocrx_word' id='word_1_928' title='bbox 3465 4268 3538 4337; x_wconf 87' lang='grc' dir='ltr'>μή</span> <span class='ocrx_word' id='word_1_929' title='bbox 3564 4282 3652 4330; x_wconf 87' lang='grc' dir='ltr'>τις</span> 
     </span>
    </p>
   </div>
   <div class='ocr_carea' id='block_1_114' title="bbox 2080 4346 3651 4419">
    <p class='ocr_par' dir='ltr' id='par_1_114' title="bbox 2080 4346 3651 4419">
     <span class='ocr_line' id='line_1_114' title="bbox 2080 4346 3651 4419; baseline 0.003 -21"><span class='ocrx_word' id='word_1_930' title='bbox 2080 4346 2174 4399; x_wconf 76' lang='grc' dir='ltr'>ἐπὶ</span> <span class='ocrx_word' id='word_1_931' title='bbox 2219 4346 2310 4398; x_wconf 91' lang='grc' dir='ltr'>τὸν</span> <span class='ocrx_word' id='word_1_932' title='bbox 2342 4346 2464 4416; x_wconf 86' lang='grc' dir='ltr'>ὄφιν</span> <span class='ocrx_word' id='word_1_933' title='bbox 2514 4347 2778 4419; x_wconf 87' lang='grc' dir='ltr'>ἀνενέγκῃ</span> <span class='ocrx_word' id='word_1_934' title='bbox 2826 4350 2922 4419; x_wconf 76' lang='grc' dir='ltr'>τὴν</span> <span class='ocrx_word' id='word_1_935' title='bbox 2948 4351 3235 4419; x_wconf 85' lang='grc' dir='ltr'>ἁμαρτίαν,</span> <span class='ocrx_word' id='word_1_936' title='bbox 3264 4349 3377 4403; x_wconf 82' lang='grc' dir='ltr'>ἀλλ’</span> <span class='ocrx_word' id='word_1_937' title='bbox 3422 4351 3514 4403; x_wconf 76' lang='grc' dir='ltr'>ἐπὶ</span> <span class='ocrx_word' id='word_1_938' title='bbox 3556 4351 3651 4403; x_wconf 89' lang='grc' dir='ltr'>τὸν</span> 
     </span>
    </p>
   </div>
   <div class='ocr_carea' id='block_1_115' title="bbox 2082 4427 3647 4501">
    <p class='ocr_par' dir='ltr' id='par_1_115' title="bbox 2082 4427 3647 4501">
     <span class='ocr_line' id='line_1_115' title="bbox 2082 4427 3647 4501; baseline 0.002 -18"><span class='ocrx_word' id='word_1_939' title='bbox 2082 4430 2471 4500; x_wconf 88' lang='grc' dir='ltr'>ἐνεργήσαντα.</span> <span class='ocrx_word' id='word_1_940' title='bbox 2522 4430 2685 4499; x_wconf 89' lang='grc' dir='ltr'>Λέγει</span> <span class='ocrx_word' id='word_1_941' title='bbox 2724 4427 2815 4484; x_wconf 81' lang='grc' dir='ltr'>οὖν</span> <span class='ocrx_word' id='word_1_942' title='bbox 2847 4432 2876 4484; x_wconf 88' lang='lat'>6</span> <span class='ocrx_word' id='word_1_943' title='bbox 2916 4432 3148 4501; x_wconf 81' lang='grc' dir='ltr'>Χριστὸς</span> <span class='ocrx_word' id='word_1_944' title='bbox 3188 4435 3299 4496; x_wconf 90' lang='grc' dir='ltr'>τοῖς</span> <span class='ocrx_word' id='word_1_945' title='bbox 3352 4433 3647 4498; x_wconf 84' lang='grc' dir='ltr'>Ἰουδαίοις,</span> 
     </span>
    </p>
   </div>
   <div class='ocr_carea' id='block_1_116' title="bbox 2080 4509 3653 4585">
    <p class='ocr_par' dir='ltr' id='par_1_116' title="bbox 2080 4509 3653 4585">
     <span class='ocr_line' id='line_1_116' title="bbox 2080 4509 3653 4585; baseline 0.003 -20"><span class='ocrx_word' id='word_1_946' title='bbox 2080 4514 2169 4565; x_wconf 83' lang='grc' dir='ltr'>ὅτε</span> <span class='ocrx_word' id='word_1_947' title='bbox 2192 4509 2342 4565; x_wconf 86' lang='grc' dir='ltr'>εἶπον</span> <span class='ocrx_word' id='word_1_948' title='bbox 2372 4513 2538 4583; x_wconf 85' lang='grc' dir='ltr'>αὑτῷ,</span> <span class='ocrx_word' id='word_1_949' title='bbox 2579 4513 2777 4582; x_wconf 82' lang='grc' dir='ltr'>Ἡμεῖς</span> <span class='ocrx_word' id='word_1_950' title='bbox 2804 4514 2874 4567; x_wconf 82' lang='grc' dir='ltr'>ἐκ</span> <span class='ocrx_word' id='word_1_951' title='bbox 2892 4515 2999 4568; x_wconf 87' lang='grc' dir='ltr'>τοῦ</span> <span class='ocrx_word' id='word_1_952' title='bbox 3026 4513 3172 4569; x_wconf 79' lang='grc' dir='ltr'>Θεοῦ</span> <span class='ocrx_word' id='word_1_953' title='bbox 3201 4516 3416 4585; x_wconf 74' lang='grc' dir='ltr'>ἐσμενο</span> <span class='ocrx_word' id='word_1_954' title='bbox 3448 4519 3517 4573; x_wconf 71' lang='lat' dir='ltr'>El</span> <span class='ocrx_word' id='word_1_955' title='bbox 3542 4513 3653 4585; x_wconf 80' lang='grc' dir='ltr'>ἦτε</span> 
     </span>
    </p>
   </div>
   <div class='ocr_carea' id='block_1_117' title="bbox 2080 4595 3652 4668">
    <p class='ocr_par' dir='ltr' id='par_1_117' title="bbox 2080 4595 3652 4668">
     <span class='ocr_line' id='line_1_117' title="bbox 2080 4595 3652 4668; baseline 0.001 -19"><span class='ocrx_word' id='word_1_956' title='bbox 2080 4597 2148 4650; x_wconf 83' lang='grc' dir='ltr'>ἐκ</span> <span class='ocrx_word' id='word_1_957' title='bbox 2169 4596 2277 4650; x_wconf 86' lang='grc' dir='ltr'>τοῦ</span> <span class='ocrx_word' id='word_1_958' title='bbox 2301 4595 2469 4661; x_wconf 80' lang='grc' dir='ltr'>Θεοῦ,</span> <span class='ocrx_word' id='word_1_959' title='bbox 2488 4595 2560 4648; x_wconf 88' lang='grc' dir='ltr'>τὰ</span> <span class='ocrx_word' id='word_1_960' title='bbox 2580 4595 2723 4666; x_wconf 76' lang='grc' dir='ltr'>ἔργα</span> <span class='ocrx_word' id='word_1_961' title='bbox 2740 4596 2838 4651; x_wconf 82' lang='grc' dir='ltr'>καὶ</span> <span class='ocrx_word' id='word_1_962' title='bbox 2860 4597 2926 4651; x_wconf 89' lang='grc' dir='ltr'>τὸ</span> <span class='ocrx_word' id='word_1_963' title='bbox 2949 4599 3178 4668; x_wconf 82' lang='grc' dir='ltr'>θέλημα</span> <span class='ocrx_word' id='word_1_964' title='bbox 3198 4600 3302 4653; x_wconf 88' lang='grc' dir='ltr'>τοῦ</span> <span class='ocrx_word' id='word_1_965' title='bbox 3325 4600 3471 4653; x_wconf 84' lang='grc' dir='ltr'>Θεοῦ</span> <span class='ocrx_word' id='word_1_966' title='bbox 3486 4601 3652 4653; x_wconf 78' lang='grc' dir='ltr'>ἐποι-</span> 
     </span>
    </p>
   </div>
   <div class='ocr_carea' id='block_1_118' title="bbox 2080 4677 3653 4753">
    <p class='ocr_par' dir='ltr' id='par_1_118' title="bbox 2080 4677 3653 4753">
     <span class='ocr_line' id='line_1_118' title="bbox 2080 4677 3653 4753; baseline 0.003 -20"><span class='ocrx_word' id='word_1_967' title='bbox 2080 4678 2195 4733; x_wconf 86' lang='grc' dir='ltr'>εῖτε</span> <span class='ocrx_word' id='word_1_968' title='bbox 2217 4677 2296 4731; x_wconf 81' lang='grc' dir='ltr'>ἄν</span> <span class='ocrx_word' id='word_1_969' title='bbox 2313 4694 2329 4711; x_wconf 78' lang='grc' dir='ltr'><strong><em>ο</em></strong></span> <span class='ocrx_word' id='word_1_970' title='bbox 2350 4677 2466 4732; x_wconf 88' lang='grc' dir='ltr'>νῦν</span> <span class='ocrx_word' id='word_1_971' title='bbox 2492 4677 2561 4731; x_wconf 82' lang='grc' dir='ltr'>δὲ</span> <span class='ocrx_word' id='word_1_972' title='bbox 2577 4679 2646 4732; x_wconf 79' lang='grc' dir='ltr'>ἐκ</span> <span class='ocrx_word' id='word_1_973' title='bbox 2675 4679 2782 4733; x_wconf 88' lang='grc' dir='ltr'>τοῦ</span> <span class='ocrx_word' id='word_1_974' title='bbox 2802 4681 3024 4748; x_wconf 80' lang='grc' dir='ltr'>πατρὸς</span> <span class='ocrx_word' id='word_1_975' title='bbox 3050 4680 3215 4753; x_wconf 74' lang='grc' dir='ltr'>ὑμῶν</span> <span class='ocrx_word' id='word_1_976' title='bbox 3236 4683 3376 4735; x_wconf 85' lang='grc' dir='ltr'>ἐστε</span> <span class='ocrx_word' id='word_1_977' title='bbox 3397 4683 3503 4736; x_wconf 79' lang='grc' dir='ltr'>τοῦ</span> <span class='ocrx_word' id='word_1_978' title='bbox 3523 4682 3653 4737; x_wconf 79' lang='grc' dir='ltr'>δια·-</span> 
     </span>
    </p>
   </div>
   <div class='ocr_carea' id='block_1_119' title="bbox 2082 4757 3651 4836">
    <p class='ocr_par' dir='ltr' id='par_1_119' title="bbox 2082 4757 3651 4836">
     <span class='ocr_line' id='line_1_119' title="bbox 2082 4757 3651 4836; baseline 0.002 -20"><span class='ocrx_word' id='word_1_979' title='bbox 2082 4763 2285 4816; x_wconf 78' lang='grc' dir='ltr'>ϐόλου.</span> <span class='ocrx_word' id='word_1_980' title='bbox 2335 4757 2468 4815; x_wconf 77' lang='grc' dir='ltr'>Εἷπε</span> <span class='ocrx_word' id='word_1_981' title='bbox 2500 4762 2589 4817; x_wconf 89' lang='grc' dir='ltr'>τὸν</span> <span class='ocrx_word' id='word_1_982' title='bbox 2635 4762 2896 4827; x_wconf 86' lang='grc' dir='ltr'>διάϐολον,</span> <span class='ocrx_word' id='word_1_983' title='bbox 2951 4766 3044 4818; x_wconf 81' lang='grc' dir='ltr'>καὶ</span> <span class='ocrx_word' id='word_1_984' title='bbox 3071 4764 3270 4828; x_wconf 84' lang='grc' dir='ltr'>εὐθέως</span> <span class='ocrx_word' id='word_1_985' title='bbox 3310 4767 3513 4833; x_wconf 87' lang='grc' dir='ltr'>εἰσάγει</span> <span class='ocrx_word' id='word_1_986' title='bbox 3549 4769 3651 4836; x_wconf 77' lang='grc' dir='ltr'>τὴν</span> 
     </span>
    </p>
   </div>
   <div class='ocr_carea' id='block_1_120' title="bbox 2085 4843 3650 4916">
    <p class='ocr_par' dir='ltr' id='par_1_120' title="bbox 2085 4843 3650 4916">
     <span class='ocr_line' id='line_1_120' title="bbox 2085 4843 3650 4916; baseline 0.003 -21"><span class='ocrx_word' id='word_1_987' title='bbox 2085 4843 2323 4913; x_wconf 84' lang='grc' dir='ltr'>ἱστορίαν</span> <span class='ocrx_word' id='word_1_988' title='bbox 2350 4859 2365 4873; x_wconf 77' lang='grc' dir='ltr'><strong><em>ο</em></strong></span> <span class='ocrx_word' id='word_1_989' title='bbox 2411 4843 2691 4911; x_wconf 80' lang='grc' dir='ltr'>Ἐκεῖνος,</span> <span class='ocrx_word' id='word_1_990' title='bbox 2722 4847 2905 4915; x_wconf 74' lang='grc' dir='ltr'>φησὶν,</span> <span class='ocrx_word' id='word_1_991' title='bbox 2938 4846 3425 4914; x_wconf 83' lang='grc' dir='ltr'>ἀνθρωποκτόνος</span> <span class='ocrx_word' id='word_1_992' title='bbox 3446 4844 3524 4916; x_wconf 87' lang='grc' dir='ltr'>ἦν</span> <span class='ocrx_word' id='word_1_993' title='bbox 3545 4849 3650 4901; x_wconf 74' lang='grc' dir='ltr'>ἀπ’</span> 
     </span>
    </p>
   </div>
   <div class='ocr_carea' id='block_1_121' title="bbox 2081 4924 3649 5000">
    <p class='ocr_par' dir='ltr' id='par_1_121' title="bbox 2081 4924 3649 5000">
     <span class='ocr_line' id='line_1_121' title="bbox 2081 4924 3649 5000; baseline 0.003 -21"><span class='ocrx_word' id='word_1_994' title='bbox 2081 4924 2294 4993; x_wconf 81' lang='grc' dir='ltr'>ἀρχῆς.</span> <span class='ocrx_word' id='word_1_995' title='bbox 2328 4927 2439 4979; x_wconf 80' lang='grc' dir='ltr'>Καὶ</span> <span class='ocrx_word' id='word_1_996' title='bbox 2471 4929 2498 4979; x_wconf 93' lang='lat'>6</span> <span class='ocrx_word' id='word_1_997' title='bbox 2530 4927 2629 4996; x_wconf 86' lang='grc' dir='ltr'>μὲν</span> <span class='ocrx_word' id='word_1_998' title='bbox 2666 4929 2883 4999; x_wconf 76' lang='grc' dir='ltr'>οἰκέτης</span> <span class='ocrx_word' id='word_1_999' title='bbox 2916 4927 2992 4990; x_wconf 85' lang='grc' dir='ltr'>ὼς</span> <span class='ocrx_word' id='word_1_1000' title='bbox 3024 4930 3238 5000; x_wconf 85' lang='grc' dir='ltr'>οἰκέτης</span> <span class='ocrx_word' id='word_1_1001' title='bbox 3268 4931 3613 5000; x_wconf 87' lang='grc' dir='ltr'>ήρμήνευσεν</span> <span class='ocrx_word' id='word_1_1002' title='bbox 3633 4946 3649 4963; x_wconf 77' lang='grc' dir='ltr'><strong>ο</strong></span> 
     </span>
    </p>
   </div>
   <div class='ocr_carea' id='block_1_122' title="bbox 2082 5007 3652 5081">
    <p class='ocr_par' dir='ltr' id='par_1_122' title="bbox 2082 5007 3652 5081">
     <span class='ocr_line' id='line_1_122' title="bbox 2082 5007 3652 5081; baseline 0.004 -23"><span class='ocrx_word' id='word_1_1003' title='bbox 2082 5008 2110 5059; x_wconf 94' lang='lat'>6</span> <span class='ocrx_word' id='word_1_1004' title='bbox 2144 5007 2201 5059; x_wconf 86' lang='grc' dir='ltr'>δὲ</span> <span class='ocrx_word' id='word_1_1005' title='bbox 2231 5008 2505 5078; x_wconf 85' lang='grc' dir='ltr'>Δεσπότης</span> <span class='ocrx_word' id='word_1_1006' title='bbox 2536 5010 2610 5072; x_wconf 87' lang='grc' dir='ltr'>ὡς</span> <span class='ocrx_word' id='word_1_1007' title='bbox 2638 5010 2913 5080; x_wconf 80' lang='grc' dir='ltr'>Δεσπότης</span> <span class='ocrx_word' id='word_1_1008' title='bbox 2946 5010 3206 5077; x_wconf 83' lang='grc' dir='ltr'>ἐδίδαξεν·</span> <span class='ocrx_word' id='word_1_1009' title='bbox 3238 5012 3403 5078; x_wconf 78' lang='grc' dir='ltr'>ἔδειξε</span> <span class='ocrx_word' id='word_1_1010' title='bbox 3434 5013 3523 5064; x_wconf 89' lang='grc' dir='ltr'>τὸν</span> <span class='ocrx_word' id='word_1_1011' title='bbox 3554 5031 3652 5081; x_wconf 85' lang='grc' dir='ltr'>φο-</span> 
     </span>
    </p>
   </div>
   <div class='ocr_carea' id='block_1_123' title="bbox 2081 5089 3648 5165">
    <p class='ocr_par' dir='ltr' id='par_1_123' title="bbox 2081 5089 3648 5165">
     <span class='ocr_line' id='line_1_123' title="bbox 2081 5089 3648 5165; baseline 0.003 -22"><span class='ocrx_word' id='word_1_1012' title='bbox 2081 5090 2347 5144; x_wconf 88' lang='grc' dir='ltr'>νεύσαντα</span> <span class='ocrx_word' id='word_1_1013' title='bbox 2376 5091 2467 5144; x_wconf 90' lang='grc' dir='ltr'>τὸν</span> <span class='ocrx_word' id='word_1_1014' title='bbox 2509 5093 2695 5161; x_wconf 80' lang='grc' dir='ltr'>Ἀδάμ.</span> <span class='ocrx_word' id='word_1_1015' title='bbox 2739 5093 2851 5145; x_wconf 86' lang='grc' dir='ltr'>Οὑκ</span> <span class='ocrx_word' id='word_1_1016' title='bbox 2900 5089 3052 5145; x_wconf 73' lang='grc' dir='ltr'>εἶπεν</span> <span class='ocrx_word' id='word_1_1017' title='bbox 3084 5094 3266 5157; x_wconf 86' lang='grc' dir='ltr'>ἁπλῶς</span> <span class='ocrx_word' id='word_1_1018' title='bbox 3293 5135 3306 5158; x_wconf 92' lang='grc'>,</span> <span class='ocrx_word' id='word_1_1019' title='bbox 3342 5096 3536 5157; x_wconf 72' lang='grc' dir='ltr'>Φονείις</span> <span class='ocrx_word' id='word_1_1020' title='bbox 3556 5091 3648 5165; x_wconf 82' lang='grc' dir='ltr'>ἦν,</span> 
     </span>
    </p>
   </div>
   <div class='ocr_carea' id='block_1_124' title="bbox 2083 5173 3651 5244">
    <p class='ocr_par' dir='ltr' id='par_1_124' title="bbox 2083 5173 3651 5244">
     <span class='ocr_line' id='line_1_124' title="bbox 2083 5173 3651 5244; baseline 0.004 -19"><span class='ocrx_word' id='word_1_1021' title='bbox 2083 5173 2196 5225; x_wconf 83' lang='grc' dir='ltr'>ἀλλ’</span> <span class='ocrx_word' id='word_1_1022' title='bbox 2236 5173 2746 5240; x_wconf 82' lang='grc' dir='ltr'>ἀνθρωποκτόνος.</span> <span class='ocrx_word' id='word_1_1023' title='bbox 2787 5173 2863 5228; x_wconf 86' lang='grc' dir='ltr'>Οὑ</span> <span class='ocrx_word' id='word_1_1024' title='bbox 2890 5174 2995 5244; x_wconf 87' lang='grc' dir='ltr'>γάρ</span> <span class='ocrx_word' id='word_1_1025' title='bbox 3030 5176 3123 5229; x_wconf 69' lang='grc' dir='ltr'>ἕνα</span> <span class='ocrx_word' id='word_1_1026' title='bbox 3168 5177 3395 5239; x_wconf 87' lang='grc' dir='ltr'>ἀνεῖλεν,</span> <span class='ocrx_word' id='word_1_1027' title='bbox 3423 5177 3554 5230; x_wconf 81' lang='grc' dir='ltr'>ἀλλά</span> <span class='ocrx_word' id='word_1_1028' title='bbox 3581 5179 3651 5231; x_wconf 88' lang='grc' dir='ltr'>δι’</span> 
     </span>
    </p>
   </div>
   <div class='ocr_carea' id='block_1_125' title="bbox 2081 5257 3653 5333">
    <p class='ocr_par' dir='ltr' id='par_1_125' title="bbox 2081 5257 3653 5333">
     <span class='ocr_line' id='line_1_125' title="bbox 2081 5257 3653 5333; baseline 0.001 -24"><span class='ocrx_word' id='word_1_1029' title='bbox 2081 5257 2288 5310; x_wconf 90' lang='grc' dir='ltr'>ἐκείνου</span> <span class='ocrx_word' id='word_1_1030' title='bbox 2323 5257 2497 5310; x_wconf 88' lang='grc' dir='ltr'>πάντα</span> <span class='ocrx_word' id='word_1_1031' title='bbox 2530 5257 2832 5328; x_wconf 81' lang='grc' dir='ltr'>ἄνθρωπον.</span> <span class='ocrx_word' id='word_1_1032' title='bbox 2870 5260 2979 5312; x_wconf 76' lang='grc' dir='ltr'>Καὶ</span> <span class='ocrx_word' id='word_1_1033' title='bbox 3017 5260 3087 5312; x_wconf 81' lang='grc' dir='ltr'>ἐν</span> <span class='ocrx_word' id='word_1_1034' title='bbox 3130 5260 3205 5329; x_wconf 77' lang='grc' dir='ltr'>τῇ</span> <span class='ocrx_word' id='word_1_1035' title='bbox 3242 5262 3508 5328; x_wconf 79' lang='grc' dir='ltr'>ἀληθείᾳ,</span> <span class='ocrx_word' id='word_1_1036' title='bbox 3540 5280 3653 5333; x_wconf 65' lang='grc' dir='ltr'>φη-</span> 
     </span>
    </p>
   </div>
   <div class='ocr_carea' id='block_1_126' title="bbox 2084 5341 3232 5411">
    <p class='ocr_par' dir='ltr' id='par_1_126' title="bbox 2084 5341 3232 5411">
     <span class='ocr_line' id='line_1_126' title="bbox 2084 5341 3232 5411; baseline 0.004 -18"><span class='ocrx_word' id='word_1_1037' title='bbox 2084 5342 2188 5405; x_wconf 78' lang='grc' dir='ltr'>σὶν,</span> <span class='ocrx_word' id='word_1_1038' title='bbox 2222 5343 2335 5410; x_wconf 86' lang='grc' dir='ltr'>οὐχ</span> <span class='ocrx_word' id='word_1_1039' title='bbox 2367 5341 2645 5408; x_wconf 82' lang='grc' dir='ltr'>ἔστηκεν,</span> <span class='ocrx_word' id='word_1_1040' title='bbox 2674 5341 2762 5395; x_wconf 85' lang='grc' dir='ltr'>ὅτι</span> <span class='ocrx_word' id='word_1_1041' title='bbox 2791 5344 3061 5411; x_wconf 72' lang='grc' dir='ltr'>ψεύστης</span> <span class='ocrx_word' id='word_1_1042' title='bbox 3082 5344 3232 5398; x_wconf 79' lang='grc' dir='ltr'>ἐστι’.</span> 
     </span>
    </p>
   </div>
   <div class='ocr_carea' id='block_1_127' title="bbox 2152 5422 3656 5495">
    <p class='ocr_par' dir='ltr' id='par_1_127' title="bbox 2152 5422 3656 5495">
     <span class='ocr_line' id='line_1_127' title="bbox 2152 5422 3656 5495; baseline -0.001 -17"><span class='ocrx_word' id='word_1_1043' title='bbox 2152 5431 2222 5493; x_wconf 92' lang='grc' dir='ltr'>γ’.</span> <span class='ocrx_word' id='word_1_1044' title='bbox 2240 5424 2412 5476; x_wconf 89' lang='grc' dir='ltr'>Βλέπε</span> <span class='ocrx_word' id='word_1_1045' title='bbox 2434 5422 2551 5487; x_wconf 84' lang='grc' dir='ltr'>πῶς</span> <span class='ocrx_word' id='word_1_1046' title='bbox 2572 5426 2900 5495; x_wconf 78' lang='grc' dir='ltr'>ἡρμήνευσε,</span> <span class='ocrx_word' id='word_1_1047' title='bbox 2920 5427 3012 5479; x_wconf 84' lang='grc' dir='ltr'>καί</span> <span class='ocrx_word' id='word_1_1048' title='bbox 3034 5428 3111 5479; x_wconf 86' lang='grc' dir='ltr'>ὄτι</span> <span class='ocrx_word' id='word_1_1049' title='bbox 3131 5426 3372 5489; x_wconf 83' lang='grc' dir='ltr'>διάϐολός</span> <span class='ocrx_word' id='word_1_1050' title='bbox 3398 5428 3534 5486; x_wconf 87' lang='grc' dir='ltr'>ἐστι,</span> <span class='ocrx_word' id='word_1_1051' title='bbox 3558 5428 3656 5477; x_wconf 69' lang='grc' dir='ltr'>καὶ</span> 
     </span>
    </p>
   </div>
   <div class='ocr_carea' id='block_1_128' title="bbox 2081 5506 3656 5579">
    <p class='ocr_par' dir='ltr' id='par_1_128' title="bbox 2081 5506 3656 5579">
     <span class='ocr_line' id='line_1_128' title="bbox 2081 5506 3656 5579; baseline 0.003 -21"><span class='ocrx_word' id='word_1_1052' title='bbox 2081 5508 2320 5579; x_wconf 80' lang='grc' dir='ltr'>ψεύστης</span> <span class='ocrx_word' id='word_1_1053' title='bbox 2342 5507 2476 5559; x_wconf 88' lang='grc' dir='ltr'>ἐστί.</span> <span class='ocrx_word' id='word_1_1054' title='bbox 2512 5508 2622 5560; x_wconf 80' lang='grc' dir='ltr'>Καὶ</span> <span class='ocrx_word' id='word_1_1055' title='bbox 2646 5508 2761 5571; x_wconf 84' lang='grc' dir='ltr'>πῶς</span> <span class='ocrx_word' id='word_1_1056' title='bbox 2786 5508 3082 5579; x_wconf 84' lang='grc' dir='ltr'>ἐψεύσατο;</span> <span class='ocrx_word' id='word_1_1057' title='bbox 3115 5506 3303 5564; x_wconf 74' lang='grc' dir='ltr'>Εἶπεν</span> <span class='ocrx_word' id='word_1_1058' title='bbox 3340 5513 3374 5564; x_wconf 84' lang='grc' dir='ltr'><em>ὀ</em></span> <span class='ocrx_word' id='word_1_1059' title='bbox 3408 5510 3543 5579; x_wconf 73' lang='grc' dir='ltr'>ὄφις</span> <span class='ocrx_word' id='word_1_1060' title='bbox 3572 5509 3656 5577; x_wconf 70' lang='grc' dir='ltr'>τῇ</span> 
     </span>
    </p>
   </div>
   <div class='ocr_carea' id='block_1_129' title="bbox 2146 5615 3657 5690">
    <p class='ocr_par' dir='ltr' id='par_1_129' title="bbox 2146 5615 3657 5690">
     <span class='ocr_line' id='line_1_129' title="bbox 2146 5615 3657 5690; baseline 0.003 -25"><span class='ocrx_word' id='word_1_1061' title='bbox 2146 5620 2168 5647; x_wconf 74' lang='grc' dir='ltr'><strong><em>ο</em></strong></span> <span class='ocrx_word' id='word_1_1062' title='bbox 2196 5615 2344 5666; x_wconf 82' lang='lat' dir='ltr'><strong>Savil.</strong></span> <span class='ocrx_word' id='word_1_1063' title='bbox 2360 5618 2417 5690; x_wconf 50' lang='lat' dir='ltr'><strong>In</strong></span> <span class='ocrx_word' id='word_1_1064' title='bbox 2450 5630 2601 5680; x_wconf 80' lang='lat' dir='ltr'>marg.</span> <span class='ocrx_word' id='word_1_1065' title='bbox 2630 5635 2702 5682; x_wconf 87' lang='grc' dir='ltr'>γρ.</span> <span class='ocrx_word' id='word_1_1066' title='bbox 2726 5621 2887 5677; x_wconf 78' lang='grc' dir='ltr'>ἁπλῶς</span> <span class='ocrx_word' id='word_1_1067' title='bbox 2905 5623 3169 5685; x_wconf 84' lang='grc' dir='ltr'>προσέχειν.</span> <span class='ocrx_word' id='word_1_1068' title='bbox 3194 5622 3348 5672; x_wconf 87' lang='lat' dir='ltr'><strong>Paulo</strong></span> <span class='ocrx_word' id='word_1_1069' title='bbox 3373 5627 3477 5684; x_wconf 68' lang='lat' dir='ltr'>pos!</span> <span class='ocrx_word' id='word_1_1070' title='bbox 3516 5621 3657 5670; x_wconf 79' lang='lat' dir='ltr'>idem</span> 
     </span>
    </p>
   </div>
   <div class='ocr_carea' id='block_1_130' title="bbox 2081 5695 3659 5817">
    <p class='ocr_par' dir='ltr' id='par_1_130' title="bbox 2081 5695 3659 5817">
     <span class='ocr_line' id='line_1_130' title="bbox 2081 5695 2411 5741; baseline 0 -2"><span class='ocrx_word' id='word_1_1071' title='bbox 2081 5696 2153 5741; x_wconf 79' lang='grc' dir='ltr'>γρ·</span> <span class='ocrx_word' id='word_1_1072' title='bbox 2181 5695 2411 5740; x_wconf 73' lang='grc' dir='ltr'>συριγμῳο</span> 
     </span>
     <span class='ocr_line' id='line_1_131' title="bbox 2085 5738 3659 5817; baseline 0 0"><span class='ocrx_word' id='word_1_1073' title='bbox 2085 5802 2106 5817; x_wconf 58' lang='grc' dir='ltr'>η</span> <span class='ocrx_word' id='word_1_1074' title='bbox 2145 5738 2884 5817; x_wconf 23' lang='lat' dir='ltr'>‘_,Si5=_§=!‘ii&#39;,:ui&#39;!fama&quot;</span> <span class='ocrx_word' id='word_1_1075' title='bbox 2921 5746 3143 5817; x_wconf 71' lang='grc' dir='ltr'>πηπείειε</span> <span class='ocrx_word' id='word_1_1076' title='bbox 3166 5752 3352 5817; x_wconf 52' lang='lat' dir='ltr'>autem</span> <span class='ocrx_word' id='word_1_1077' title='bbox 3385 5745 3456 5793; x_wconf 69' lang='grc' dir='ltr'>ῖσ-</span> <span class='ocrx_word' id='word_1_1078' title='bbox 3494 5742 3659 5817; x_wconf 61' lang='grc' dir='ltr'>ἐπῆῖκῖ</span> 
     </span>
    </p>
   </div>
   <div class='ocr_carea' id='block_1_131' title="bbox 2084 5802 3659 5863">
    <p class='ocr_par' dir='ltr' id='par_1_131' title="bbox 2084 5802 3659 5863">
     <span class='ocr_line' id='line_1_132' title="bbox 2084 5802 3659 5863; baseline 0.005 -16"><span class='ocrx_word' id='word_1_1079' title='bbox 2084 5802 2151 5858; x_wconf 72' lang='lat' dir='ltr'>ea,</span> <span class='ocrx_word' id='word_1_1080' title='bbox 2179 5814 2237 5849; x_wconf 84' lang='lat' dir='ltr'>ex</span> <span class='ocrx_word' id='word_1_1081' title='bbox 2260 5802 2539 5860; x_wconf 79' lang='lat' dir='ltr'>conjectura</span> <span class='ocrx_word' id='word_1_1082' title='bbox 2564 5814 2760 5863; x_wconf 69' lang='lat' dir='ltr'>nempe.</span> <span class='ocrx_word' id='word_1_1083' title='bbox 2785 5805 2920 5855; x_wconf 74' lang='lat' dir='ltr'>lianc</span> <span class='ocrx_word' id='word_1_1084' title='bbox 2942 5802 3061 5856; x_wconf 68' lang='lat' dir='ltr'>verb</span> <span class='ocrx_word' id='word_1_1085' title='bbox 3085 5807 3347 5858; x_wconf 73' lang='lat' dir='ltr'>lectionem</span> <span class='ocrx_word' id='word_1_1086' title='bbox 3379 5818 3468 5857; x_wconf 85' lang='lat' dir='ltr'>suo</span> <span class='ocrx_word' id='word_1_1087' title='bbox 3491 5803 3659 5855; x_wconf 69' lang='grc' dir='ltr'>ιλτω</span> 
     </span>
    </p>
   </div>
   <div class='ocr_carea' id='block_1_132' title="bbox 2083 5862 2827 5924">
    <p class='ocr_par' dir='ltr' id='par_1_132' title="bbox 2083 5862 2827 5924">
     <span class='ocr_line' id='line_1_133' title="bbox 2083 5862 2827 5924; baseline 0.003 -12"><span class='ocrx_word' id='word_1_1088' title='bbox 2083 5862 2135 5912; x_wconf 86' lang='lat' dir='ltr'><strong>in</strong></span> <span class='ocrx_word' id='word_1_1089' title='bbox 2160 5869 2290 5914; x_wconf 76' lang='lat' dir='ltr'>textu</span> <span class='ocrx_word' id='word_1_1090' title='bbox 2311 5863 2472 5924; x_wconf 76' lang='lat' dir='ltr'>posui:</span> <span class='ocrx_word' id='word_1_1091' title='bbox 2491 5862 2827 5914; x_wconf 75' lang='lat' dir='ltr'>Combeﬁsius.</span> 
     </span>
    </p>
   </div>
  </div>
