4074 6308
388 398 492 455 485

384 514 518 569 Cum
554 511 743 566 viderit
779 512 918 567 Deus
948 510 1277 567 fatiscentem
1304 509 1532 566 animam
1552 552 1567 579 ,
1596 511 1755 565 rebus
1776 508 1967 580 jucun-

386 604 468 659 dis
494 613 699 659 recreat
727 604 867 658 illam
893 622 906 658 :
932 603 983 659 id
1008 605 1146 675 quod
1177 604 1338 659 etiam
1369 603 1507 673 apud
1536 620 1632 658 nos
1664 603 1776 657 fieri
1806 603 1962 657 solet.

387 697 541 765 Saepe
585 698 724 750 enim
764 713 829 751 ex
871 697 985 751 foro
1021 697 1139 768 quis
1177 706 1487 763 revertens,
1528 698 1706 752 animo
1749 696 1967 751 infinitis

386 789 706 845 mmroribus
735 805 992 858 oppresso
1022 806 1198 844 rerum
1231 789 1514 843 invisarum
1541 798 1794 858 aspectu,
1825 789 1965 842 into-

386 881 616 937 lerandis
651 882 1038 936 calamitatibus
1076 892 1129 935 et
1165 881 1373 937 damnis
1413 882 1709 949 cruciatus,
1750 882 1964 936 domum

387 974 686 1043 ingressus,
734 975 949 1028 infantis
990 973 1237 1029 solatium
1285 973 1521 1036 invenit,
1564 973 1964 1042 molestiamque

386 1065 627 1118 laborum
659 1074 811 1119 tener
838 1065 1046 1119 animus
1072 1064 1296 1120 emollit.
1326 1066 1456 1132 Quia
1484 1067 1623 1120 enim
1651 1075 1961 1121 manentem

385 1172 488 1210 non
517 1156 629 1211 adit
662 1171 796 1211 uxor
817 1155 884 1210 ad
913 1157 1182 1224 solatium,
1213 1157 1331 1229 ejus
1357 1158 1497 1211 enim
1528 1157 1822 1211 consolatio
1850 1165 1961 1211 tum

385 1248 680 1316 importuna
711 1257 888 1315 esset,
922 1250 1146 1304 famulus
1183 1264 1311 1304 vero
1338 1248 1599 1303 consolari
1632 1263 1735 1301 non
1765 1246 1956 1311 audet,

384 1340 584 1394 inducit
612 1340 753 1395 Deus
774 1341 1069 1409 simplicem
1096 1341 1347 1405 indolem,
1378 1340 1636 1409 inculpata
1665 1340 1961 1409 ignorantia

383 1430 678 1501 pneditam,
700 1446 794 1500 per
815 1433 1084 1501 ipsamque
1105 1430 1372 1489 laboribus
1393 1445 1701 1501 oppressum
1723 1430 1958 1484 animum

385 1522 512 1575 lenit
536 1533 589 1575 et
615 1521 837 1575 solatur.
872 1521 1120 1576 Famulus
1149 1523 1192 1577 si
1223 1523 1473 1586 arrideat,
1506 1522 1618 1577 heri
1647 1522 1852 1590 injuriis
1882 1523 1963 1576 in-

382 1614 580 1669 sultare
607 1615 814 1670 videtur
837 1630 852 1680 ;
882 1630 1016 1668 uxor
1043 1615 1085 1667 si
1116 1614 1304 1679 rideat,
1335 1614 1542 1670 videtur
1566 1594 1711 1668 nullo
1737 1614 1959 1667 calami-

386 1705 509 1761 tatis
538 1720 698 1761 sensu
726 1705 861 1760 afﬁci
893 1724 905 1759 :
938 1706 1110 1759 infans
1142 1706 1210 1760 ob
1238 1706 1610 1771 innocentiam,
1641 1720 1747 1759 non
1776 1721 1960 1775 suspe-

382 1801 485 1855 ctis
511 1798 885 1855 blandimentis
910 1799 1109 1853 emollit
1135 1800 1366 1853 animum
1392 1816 1404 1853 :
1433 1814 1496 1853 ac
1524 1814 1665 1869 saepe
1693 1798 1833 1868 quod
1859 1813 1960 1854 nec

384 1889 540 1945 amici
570 1887 828 1954 consiliis,
856 1904 955 1944 nec
984 1889 1251 1957 sapientes
1281 1888 1492 1942 monitis
1521 1888 1734 1942 eflicere
1766 1896 1958 1956 potue—

383 1988 523 2041 runt,
554 1978 604 2033 id
633 1979 723 2037 ille
741 1977 959 2033 ridendo
980 1978 1166 2048 potuit,
1191 1993 1381 2047 nempe
1407 1993 1620 2033 omnem
1645 1978 1958 2033 calamitatis

382 2084 595 2124 sensum
620 2070 832 2124 sedare.
860 2069 1081 2139 Jamque
1110 2069 1321 2123 animus
1359 2070 1410 2123 in
1454 2069 1563 2138 ipsa
1592 2069 1644 2122 vi
1674 2069 1918 2124 maeroris
1938 2109 1954 2133 ,

383 2160 521 2216 videt
544 2161 816 2221 infantem.
844 2160 992 2214 initio
1014 2160 1229 2228 reSpuit.
1256 2159 1575 2229 depellitque
1600 2159 1953 2228 importunam

380 2251 815 2317 consolationem,
841 2267 903 2305 ex
927 2251 1237 2306 assiduitate
1263 2259 1436 2304 tamen
1457 2249 1616 2313 cedit,
1640 2261 1692 2305 et
1714 2250 1956 2319 repetitis

378 2342 679 2409 aspectibus
700 2343 907 2396 animus
927 2343 1237 2407 attrahitur;
1261 2341 1475 2395 domum
1497 2349 1717 2411 accepto
1733 2340 1949 2408 infante,

379 2435 680 2489 nuestitiam
711 2434 959 2503 deponit,
991 2434 1167 2504 aitque
1200 2451 1212 2487 :
1245 2432 1397 2488 Hunc
1430 2431 1559 2487 mihi
1596 2433 1768 2488 solum
1812 2433 1952 2488 Deus

376 2524 613 2594 largitur.
644 2525 890 2596 nullaque
918 2524 1047 2579 mihi
1078 2525 1215 2579 ratio
1246 2523 1594 2594 reliquorum.

445 2617 697 2669 Animalia
738 2616 806 2669 ad
849 2615 1171 2670 recreandum
1208 2615 1457 2670 hominem
1495 2624 1633 2687 apta.
1663 2645 1735 2655 —
1764 2612 1950 2670 Viden’

375 2708 639 2776 quomodo
683 2723 747 2761 ex
789 2707 1073 2762 levissimis
1118 2708 1259 2762 Deus
1306 2708 1485 2761 animo
1530 2707 1948 2762 consolationem

376 2798 553 2853 indat?
574 2798 704 2865 Quia
731 2798 890 2869 igitur
914 2799 1061 2854 solus
1087 2807 1203 2854 erat
1228 2798 1397 2852 Adam
1434 2799 1487 2853 in
1528 2797 1773 2869 paradiso
1794 2839 1810 2866 ,
1841 2813 1947 2853 non

371 2892 599 2945 animum
622 2890 842 2955 habens,
863 2905 966 2945 non
990 2891 1243 2955 vicinum,
1264 2904 1370 2945 non
1392 2899 1693 2961 cognatum,
1711 2889 1777 2944 ad
1798 2888 1947 2944 illum

372 2982 718 3038 recreandum
748 2981 951 3037 induxit
982 2982 1057 3036 illi
1099 2982 1240 3037 Deus
1272 2983 1556 3047 animalia;
1585 2991 1804 3050 puta,ut
1823 2991 1949 3036 sunt

372 3076 638 3146 hodieque
680 3076 924 3130 animalia
960 3075 1023 3129 ad
1057 3075 1368 3130 imitandum
1404 3084 1557 3145 apta,
1588 3090 1811 3144 quorum
1843 3074 1944 3127 alia

370 3176 583 3237 gestus,
616 3167 719 3220 alia
749 3181 929 3221 vocem
972 3166 1281 3230 imitantur;
1314 3166 1458 3220 verbi
1487 3180 1676 3229 causa,
1709 3166 1946 3220 imitatur

370 3260 521 3314 simia
547 3268 727 3329 gestus
752 3259 1023 3314 hominum
1048 3274 1063 3324 ;
1092 3266 1148 3314 et
1171 3258 1221 3313 id
1247 3272 1413 3330 genus
1434 3257 1535 3311 alia
1566 3274 1579 3311 :
1607 3272 1789 3312 vocem
1817 3257 1947 3327 psit-

371 3363 516 3407 tacus
556 3353 783 3421 aliaeque
820 3366 963 3406 aves.
1008 3351 1203 3406 Habuit
1231 3365 1358 3420 ergo
1392 3350 1637 3403 solatium
1670 3364 1737 3403 ex
1776 3347 1944 3404 brutis

368 3446 719 3499 animantibus
738 3487 753 3511 ,
783 3446 901 3500 aliis
928 3445 1352 3510 cantillantibus,
1386 3442 1503 3498 aliis
1528 3441 1940 3497 blandientibus.

367 3536 497 3591 Cum
528 3537 690 3590 multa
721 3537 879 3606 igitur
903 3537 1151 3590 animalia
1179 3544 1392 3602 essent,
1425 3550 1544 3605 quae
1579 3535 1751 3605 ipsum
1780 3535 1943 3589 solari

368 3641 606 3699 possent,
626 3647 845 3699 serpens
860 3631 1232 3685 callidissimus
1252 3642 1364 3685 erat
1384 3631 1521 3685 inter
1540 3646 1726 3686 omnes
1745 3630 1944 3686 bestias

369 3731 553 3787 terrae,
595 3731 651 3775 ut
687 3722 760 3775 ait
797 3722 1063 3791 Scriptura
1094 3739 1109 3778 :
1137 3720 1357 3789 Serpens
1392 3732 1558 3775 autem
1582 3732 1688 3776 erat
1712 3721 1946 3776 callidior

367 3812 557 3865 cunctis
582 3812 745 3866 bestiis
762 3853 777 3876 ,
803 3828 925 3880 quas
955 3816 1139 3883 fecerat
1172 3812 1412 3866 Dominus
1440 3812 1579 3866 Deus
1611 3811 1758 3884 (Gen.
1784 3814 1836 3869 3.
1864 3812 1939 3881 1).

435 3904 490 3957 2.
516 3903 737 3974 Serpens
756 3904 898 3957 initio
918 3904 1108 3957 amicus
1129 3904 1379 3967 hominis;
1410 3903 1659 3973 quomodo
1674 3904 1762 3959 ille
1781 3904 1943 3957 Evam

367 3997 651 4069 alloquutus
678 4003 762 4050 sit.
783 4026 854 4036 —-
878 3996 1005 4050 Erat
1034 3996 1192 4066 igitur
1216 4006 1270 4051 et
1298 3996 1534 4051 imitandi
1561 4005 1614 4052 et
1639 3997 1940 4052 blandiendi

368 4097 480 4143 arte
508 4087 717 4142 steteris
741 4088 1001 4158 superior.
1030 4087 1105 4142 Ne
1127 4087 1372 4142 attendas
1402 4087 1652 4158 praesenti
1680 4089 1938 4156 aspectui,

368 4181 505 4250 quod
536 4196 729 4250 nempe
776 4181 947 4252 ipsum
992 4181 1252 4252 fugiamus
1280 4192 1335 4236 et
1377 4174 1691 4236 horreamus
1722 4200 1738 4238 :
1764 4182 1831 4237 ab
1860 4182 1943 4235 in-

368 4275 461 4331 itio
498 4276 576 4331 sic
615 4290 721 4330 non
756 4285 890 4331 erat.
925 4276 1141 4330 Amicus
1184 4284 1298 4329 erat
1338 4290 1559 4345 serpens
1583 4284 1636 4329 et
1671 4274 1942 4329 blanditiis

368 4367 710 4437 propinquus.
740 4365 870 4434 Quis
892 4381 1020 4435 ergo
1044 4366 1189 4420 illum
1218 4366 1487 4419 inimicum
1520 4365 1677 4420 fecit?
1701 4366 1791 4421 Dei
1819 4380 1943 4420 scn-

368 4460 529 4513 tentia
560 4477 574 4513 :
607 4458 909 4513 Maledictus
929 4459 1068 4513 enim
1093 4468 1145 4511 tu
1172 4474 1277 4524 pra:
1297 4458 1525 4510 omnibus
1548 4457 1731 4512 bestiis.
1762 4454 1942 4510 Inimi-

367 4552 537 4605 citiam
557 4568 744 4618 ponam
768 4553 897 4605 inter
924 4560 969 4604 te
992 4561 1036 4604 et
1059 4551 1314 4604 mulierem
1341 4547 1489 4611 (Gen.
1514 4550 1567 4605 3.
1593 4549 1677 4603 14.
1704 4549 1813 4618 15).
1840 4547 1943 4602 lni-

370 4641 565 4695 micitia
594 4641 680 4695 illa
711 4640 994 4695 amicitiam
1020 4640 1195 4694 solvit.
1214 4638 1513 4693 Amicitiam
1542 4638 1681 4705 dico,
1701 4653 1806 4692 non
1824 4652 1942 4707 quae

368 4722 573 4789 ratione
594 4734 834 4799 ducatur,
857 4734 949 4790 sed
977 4750 1094 4805 quae
1124 4735 1293 4788 bruta:
1310 4733 1591 4787 animantis
1606 4731 1939 4801 cognitione;

371 4835 423 4879 ut
470 4825 735 4896 hodieque
772 4826 1005 4880 ostendit
1038 4826 1187 4880 canis
1224 4826 1471 4879 amicitia:
1519 4825 1749 4894 speciem
1774 4866 1788 4889 ,
1836 4840 1941 4878 non

368 4917 592 4980 ratione,
622 4916 716 4970 sed
740 4980 743 4985 ι
764 4917 987 4972 naturali
1031 4926 1175 4971 motu
1214 4938 1225 4971 :
1253 4917 1330 4971 sic
1358 4929 1411 4971 et
1440 4931 1660 4984 serpens
1707 4915 1945 4969 blandie-

369 5008 525 5062 batur
552 5007 768 5062 homini.
802 5007 871 5063 Ut
894 5024 1023 5077 ergo
1047 5009 1134 5079 qui
1158 5008 1377 5061 multam
1409 5006 1815 5061 familiaritatem
1846 5006 1942 5060 ha—

368 5103 541 5164 beret,
569 5101 713 5155 visus
737 5109 819 5155 est
839 5101 1051 5155 diabolo
1076 5115 1197 5156 esse
1230 5100 1480 5155 idoneum
1510 5099 1940 5152 instrumentum.

368 5191 569 5245 Videns
615 5188 775 5260 igitur
814 5193 1073 5245 Adamum
1120 5200 1370 5261 serpente
1415 5188 1685 5251 delectari,
1726 5203 1945 5258 serpen-

370 5294 474 5337 tem
520 5283 594 5336 illi
636 5282 929 5338 abblandiri
955 5325 970 5345 ,
1013 5285 1281 5353 multaque
1329 5298 1392 5337 ex
1428 5282 1671 5335 humanis
1711 5282 1942 5345 imitari,

367 5375 687 5445 excogitavit
730 5376 854 5430 mali
893 5374 1112 5442 artifex,
1155 5386 1214 5430 ut
1270 5375 1343 5430 illi
1389 5378 1478 5444 qui
1516 5373 1668 5428 dolos
1708 5382 1943 5437 nectunt,

368 5468 565 5537 quique
596 5483 692 5536 per
717 5469 931 5539 propria
971 5469 1227 5538 cujusque
1268 5468 1527 5537 adrepunt
1558 5485 1573 5520 :
1601 5482 1759 5521 nemo
1802 5468 1943 5521 enim

370 5572 465 5626 per
494 5566 771 5620 extranea,
803 5557 897 5613 sed
941 5573 1038 5627 per
1068 5558 1276 5628 propria
1307 5573 1395 5613 res
1441 5557 1573 5612 tales
1618 5556 1858 5616 conﬁcit:
1890 5572 1947 5611 ut

369 5648 443 5699 ait
461 5647 715 5700 Servator
733 5664 747 5700 :
766 5646 969 5700 Inimici
991 5646 1203 5702 hominis
1222 5648 1480 5702 domestici
1503 5651 1609 5719 ejus
1626 5650 1836 5721 (Matth.
1856 5650 1947 5707 1ο.

368 5736 474 5809 36).
490 5737 748 5807 Loquitur
761 5753 888 5808 ergo
904 5752 998 5807 per
1010 5748 1304 5809 serpentem
1318 5740 1493 5797 fucum
1512 5741 1709 5800 faciens
1721 5746 1942 5802 Adamo.

370 5828 521 5900 Rogo
541 5838 773 5884 vestram
802 5829 1113 5898 caritatem,
1150 5847 1215 5888 ne
1243 5832 1599 5902 perfunctorie
1636 5842 1940 5897 attendatis.

1416 396 1503 452 DE
1539 394 1753 453 MUNDI
1788 390 2181 451 CBEATIONE
2220 395 2474 453 ORATIO
2511 399 2597 454 Vl.

3552 413 3650 468 436

2073 509 2186 564 Non
2209 512 2339 567 levis
2363 522 2442 569 est
2471 514 2717 586 quaestio,
2738 519 3004 586 quomodo
3027 536 3247 591 serpens
3275 523 3523 595 loquutus
3550 528 3648 593 sit,

2071 614 2141 654 an
2184 601 2412 659 humana
2456 620 2608 671 voce,
2651 621 2717 661 an
2750 612 3012 678 serpentis
3059 613 3236 680 sibilo,
3286 617 3650 688 intellexitque

2072 692 2202 748 Eva.
2243 695 2410 751 Adam
2441 708 2564 753 ante
2591 701 3064 771 transgressionem
3081 706 3269 777 plenus
3293 720 3410 764 erat
3437 713 3645 781 sapien-

2073 781 2164 848 tia,
2193 783 2559 856 intelligentia,
2587 803 2649 844 ac
2677 790 2973 862 prophetia.
3015 792 3198 865 Cogita
3224 808 3418 867 quanta
3451 802 3646 869 praedi-

2071 882 2156 928 tus
2193 886 2336 932 esset
2383 881 2662 949 sapientia,
2695 884 2784 953 qui
2836 893 3011 955 posset
3060 903 3196 943 unus
3237 892 3383 946 nullo
3428 892 3647 949 homine

2070 965 2307 1035 doctore,
2342 972 2555 1024 nomina
2585 974 2858 1043 imponere
2886 977 3204 1045 volatilibus,
3236 983 3534 1052 reptilibus,
3566 985 3645 1040 fe-

2068 1059 2163 1124 ris,
2195 1075 2299 1114 uno
2335 1063 2499 1118 verbo
2543 1067 2807 1121 omnibus.
2838 1066 2893 1121 In
2921 1080 3100 1126 mente
3143 1081 3230 1126 tua
3262 1074 3488 1146 depinge
3522 1093 3647 1147 spe-

2066 1151 2196 1217 cies,
2225 1169 2454 1223 genera;
2492 1166 2653 1227 utque
2694 1161 3009 1229 compendio
3032 1162 3228 1229 dicam,
3260 1174 3336 1220 tot
3368 1167 3639 1237 imposuit,

2065 1256 2193 1314 quot
2222 1245 2381 1301 hodie
2411 1263 2509 1302 nos
2532 1259 2650 1319 post
2678 1253 3059 1320 experientiam
3100 1272 3207 1311 non
3256 1274 3534 1327 possumus
3555 1278 3642 1318 re-

2064 1336 2262 1392 colere.
2293 1338 2517 1406 Quando
2556 1343 2711 1412 igitur
2741 1345 2877 1400 Deus
2901 1348 3093 1401 obtulit
3133 1350 3383 1406 animalia
3412 1353 3635 1424 homini,

2064 1429 2154 1484 ille
2180 1439 2243 1485 ut
2282 1433 2496 1501 sapiens
2518 1450 2579 1489 ac
2621 1436 2710 1491 Dei
2756 1438 2999 1507 spiritum
3046 1439 3268 1510 habens,
3309 1444 3637 1515 singulorum

2064 1522 2444 1590 proprietatem
2472 1525 2701 1581 videbat.
2749 1529 3137 1586 Animadvertit
3162 1548 3289 1587 vero
3336 1547 3635 1605 serpentem

2063 1611 2394 1668 solertiorem
2437 1630 2579 1683 esse,
2625 1634 2785 1672 sensu
2832 1621 3052 1689 pollere,
3102 1640 3167 1678 ex
3211 1627 3426 1682 nutibus
3463 1638 3638 1683 motus

2062 1701 2222 1757 animi
2252 1705 2541 1775 percipere.
2582 1706 2714 1763 Cum
2745 1711 2821 1764 sic
2863 1711 3029 1767 Adam
3057 1729 3115 1769 se
3142 1714 3379 1784 haberet,
3411 1734 3637 1789 perpen-

2061 1794 2138 1849 dit
2162 1795 2401 1853 diabolus
2428 1808 2483 1854 et
2517 1803 2780 1871 serpentis
2818 1807 3085 1872 astutiam,
3115 1815 3169 1862 et
3192 1808 3381 1865 Adami
3426 1812 3637 1881 opinio-

2062 1903 2182 1943 nem
2213 1908 2225 1944 :
2255 1892 2471 1961 putabat
2516 1895 2659 1949 enim
2705 1907 3009 1967 serpentem
3053 1901 3304 1958 solertem
3347 1919 3485 1961 esse.
3535 1907 3637 1962 Per

2059 1979 2208 2034 illum
2236 1996 2363 2053 ergo
2392 1983 2643 2054 loquitur,
2670 1996 2728 2041 ut
2756 1991 3114 2058 suspicaretur
3137 1992 3305 2047 Adam
3332 2006 3631 2065 serpentem

2058 2087 2177 2127 cum
2199 2089 2354 2146 sagax
2372 2087 2533 2143 esset,
2550 2078 2651 2134 hoc
2672 2082 2984 2147 praestitisse
3005 2093 3125 2138 utet
3140 2085 3421 2142 humanam
3445 2104 3637 2146 vocem

2059 2165 2377 2223 imitaretur.
2406 2169 2621 2226 Accedit
2647 2188 2773 2241 ergo
2799 2188 3041 2243 serpens.
3082 2176 3350 2246 Nusquam
3374 2195 3502 2235 vero
3530 2181 3632 2238 hoc

2058 2256 2327 2329 Scriptura
2368 2261 2520 2326 dixit,
2549 2261 2816 2319 diabolum
2860 2281 3052 2335 nempe
3077 2269 3129 2323 in
3157 2280 3403 2340 serpente
3446 2272 3633 2345 loquu-

2057 2359 2164 2404 tum
2190 2366 2331 2415 esse.
2353 2352 2447 2407 sed
2466 2364 2521 2409 et
2540 2353 2749 2425 Moyses
2779 2358 3087 2427 simpliciter
3110 2374 3221 2415 rem
3247 2373 3448 2432 gestam
3469 2379 3628 2420 enar-

2054 2443 2208 2497 ravit.
2256 2444 2574 2516 Diligenter,
2620 2464 2836 2518 QUIBSO,
2880 2450 3257 2507 animadverte.
3301 2453 3495 2513 Paulus
3537 2459 3628 2526 qui

2054 2538 2318 2594 secundus
2345 2538 2395 2593 in
2426 2540 2667 2611 paradiso
2692 2540 2806 2608 fuit,
2834 2558 2931 2598 nec
2966 2544 3064 2613 ipsi
3087 2544 3281 2599 dictum
3322 2548 3624 2617 explicavit,

2053 2627 2144 2682 sed
2174 2628 2249 2681 ait
2281 2646 2294 2681 :
2324 2627 2583 2699 Despondi
2614 2648 2696 2685 vos
2725 2633 2813 2686 uni
2835 2633 2940 2687 viro
2977 2635 3214 2705 virginem
3240 2646 3449 2701 castam,
3480 2640 3623 2693 exfri-

2052 2718 2165 2773 bere
2188 2718 2404 2773 Christo.
2428 2719 2596 2775 Timeo
2616 2731 2801 2788 autem,
2822 2739 2884 2777 ne
2909 2724 3035 2777 sicut
3062 2741 3262 2794 serpens
3289 2725 3447 2780 Evam
3474 2729 3625 2782 sedu-

2049 2811 2124 2863 atit
2152 2809 2205 2863 in
2224 2811 2407 2864 astutia
2427 2827 2520 2864 sua
2547 2811 2622 2882 (2.
2641 2812 2759 2866 Cor.
2779 2813 2863 2867 11.
2880 2812 2934 2867 2.
2955 2813 3009 2883 '5)
3033 2832 3045 2867 :
3071 2830 3166 2869 nec
3187 2815 3339 2879 dixit,
3367 2817 3417 2871 id
3433 2817 3619 2873 diabo-

2051 2899 2159 2954 lum
2181 2900 2386 2956 fecisse.
2406 2902 2601 2957 Fidelis
2622 2902 3009 2974 Scripturarum
3031 2916 3209 2961 custos
3229 2916 3363 2973 erat,
3385 2909 3623 2980 Scripta-

2049 3004 2227 3045 rarum
2272 2991 2531 3061 minister,
2562 2992 2952 3064 Scripturarum
2997 2995 3203 3062 doctor,
3228 2997 3625 3068 Scripturarum

2048 3082 2329 3151 interpres.
2349 3082 2526 3139 Noluit
2551 3083 2747 3138 dictum
2771 3087 2998 3152 solvere,
3033 3102 3098 3142 ne
3118 3086 3506 3157 Scripturarum
3533 3106 3622 3143 or-

2047 3171 2226 3227 dinem
2271 3173 2532 3238 solveret;
2576 3174 2669 3229 sed
2717 3178 2975 3230 sententia
3022 3178 3179 3232 solvit
3225 3182 3616 3249 quaestionem:

2050 3261 2241 3328 Timeo,
2266 3266 2453 3335 inquit,
2482 3282 2545 3319 ne
2570 3267 2695 3320 sicut
2720 3283 2922 3333 serpens
2951 3266 3107 3321 Evam
3132 3270 3327 3323 seduxit
3352 3272 3404 3324 in
3435 3273 3619 3325 astutia

2045 3372 2159 3420 sua,
2177 3357 2249 3410 sic
2264 3368 2649 3426 corrumpantur
2664 3374 2834 3412 sensus
2848 3361 3014 3413 vestri.
3036 3359 3123 3413 Sic
3143 3378 3160 3426 ,-
3175 3363 3475 3430 quomodo?
3491 3379 3616 3419 num

2047 3446 2311 3501 metuebat
2330 3447 2544 3513 Paulus,
2569 3463 2635 3502 ne
2660 3462 2867 3503 rursum
2890 3464 3107 3518 serpens
3128 3452 3351 3516 veniret,
3375 3468 3435 3508 ac
3456 3470 3616 3524 quos-

2045 3540 2166 3593 dam
2188 3540 2774 3609 seduceret?At,Novi,
2794 3542 2990 3612 inquit,
3010 3543 3154 3597 illum
3181 3555 3481 3614 serpentem
3510 3562 3615 3602 non

2044 3648 2318 3703 apparere,
2340 3632 2431 3687 sed
2452 3641 2670 3703 apparet
2692 3632 2736 3686 is
2755 3636 2842 3703 qui
2862 3633 2913 3688 in
2940 3634 3030 3688 illo
3046 3644 3292 3703 operatus
3311 3644 3410 3690 est.
3442 3637 3614 3693 Crete-

2045 3740 2160 3778 rmn
2182 3724 2394 3789 Paulus,
2410 3735 2465 3778 ut
2480 3724 2649 3778 ﬁdelis
2671 3724 2930 3788 minister,
2954 3735 3006 3779 et
3026 3740 3294 3780 sacrarum
3313 3726 3613 3797 Scriptura-

2044 3832 2161 3871 rum
2182 3827 2381 3881 custos,
2400 3816 2596 3871 dictum
2621 3830 2725 3870 non
2751 3817 2984 3879 invertit,
3008 3815 3101 3870 sed
3137 3819 3450 3872 sententiam
3474 3820 3613 3874 indi-

2044 3908 2215 3963 cavit:
2239 3909 2352 3977 ipse
2373 3923 2497 3961 vero
2520 3916 2776 3970 veterum,
2799 3922 3077 3969 novorum,
3101 3906 3498 3979 futurorumque
3519 3910 3616 3964 Do—

2046 3998 2241 4063 minus,
2261 3998 2607 4067 quzestionem
2626 3996 2823 4066 liquido
2839 3996 3013 4061 solvit,
3041 4012 3108 4051 ne
3128 3998 3244 4067 quis
3266 4010 3535 4068 peccatum
3558 4001 3611 4055 in

2043 4098 2344 4159 serpentem
2366 4086 2581 4150 referat,
2601 4086 2695 4142 sed
2709 4087 2759 4141 in
2777 4102 2899 4141 eum
2919 4088 3009 4156 qui
3033 4088 3084 4141 in
3107 4087 3220 4156 ipso
3240 4098 3488 4158 operatus
3509 4101 3608 4145 est.

2044 4182 2133 4234 Ait
2173 4181 2349 4249 itaque
2384 4178 2628 4234 Christus
2669 4177 2866 4232 Iudaeis
2893 4193 3011 4233 cum
3050 4178 3288 4233 dicerent
3312 4180 3382 4248 ei,
3416 4179 3527 4235 Nos
3553 4197 3616 4237 ea:

2044 4270 2152 4324 Deo
2178 4287 2349 4324 sumus
2380 4286 2399 4323 :
2423 4269 2480 4323 Si
2502 4285 2564 4323 ea:
2604 4268 2710 4322 Deo
2736 4270 2924 4334 essetis,
2953 4268 3049 4322 Dei
3073 4270 3241 4340 utique
3273 4288 3421 4339 opera
3447 4289 3506 4324 ac
3527 4290 3615 4325 vo-

2044 4363 2282 4415 luntatem
2301 4364 2407 4432 ejus
2431 4361 2680 4432 faceretis.
2697 4358 2848 4414 Nunc
2871 4377 2986 4415 vero
3001 4377 3065 4416 ea:
3087 4371 3229 4431 patre
3242 4373 3400 4415 vestro
3416 4361 3614 4416 diabolo

2043 4456 2181 4508 estis.
2205 4453 2346 4507 Dixit
2393 4452 2683 4517 diabolum,
2714 4461 2769 4508 et
2818 4453 2996 4506 statim
3046 4453 3321 4507 historiam
3370 4453 3612 4508 inducit:

2044 4543 2171 4607 Ille,
2198 4544 2383 4614 inquit,
2409 4544 2659 4598 lioniicida
2683 4544 2875 4597 eratab
2917 4544 3080 4597 initio.
3114 4543 3309 4598 Servus
3336 4553 3392 4598 ut
3429 4560 3616 4601 servus

2044 4636 2416 4706 interpretatus
2438 4644 2547 4701 est;
2581 4636 2833 4690 Dominus
2848 4645 3021 4689 autem
3044 4645 3101 4690 ut
3124 4636 3375 4691 Dominus
3399 4639 3610 4693 docuit:

2043 4730 2277 4786 ostendit
2312 4744 2432 4784 eum
2458 4730 2544 4799 qui
2588 4729 2845 4783 Adamum
2873 4727 3159 4783 occiderat.
3187 4727 3303 4783 Non
3339 4727 3477 4783 dixit
3503 4739 3620 4784 tan-

2047 4835 2156 4879 tum
2200 4822 2611 4888 interfectorem,
2638 4824 2731 4877 sed
2777 4821 3113 4882 homicidam.
3145 4820 3260 4878 Non
3283 4823 3424 4878 enim
3454 4839 3619 4878 unum

2045 4924 2247 4969 tantum
2294 4913 2523 4977 occidit,
2555 4912 2645 4967 sed
2670 4927 2763 4982 per
2800 4912 2944 4966 illum
2974 4925 3159 4965 omnes
3187 4910 3446 4967 homines.
3474 4912 3541 4965 Et
3565 4913 3618 4964 in

2044 5008 2266 5069 veritate.
2310 5007 2497 5075 inquit,
2523 5021 2622 5057 non
2644 5004 2813 5057 stetit:
2838 5005 2956 5075 quia
2985 5003 3201 5056 mendax
3226 5014 3299 5057 est
3328 5005 3346 5073 (
3375 5002 3529 5057 Joan.
3561 5004 3615 5056 8.

2044 5100 2133 5154 ιι.
2166 5098 2254 5153 te.
2282 5098 2394 5168 tt).

2117 5191 2171 5246 5.
2213 5190 2433 5260 Serpens
2459 5188 2721 5258 mulierem
2745 5186 3005 5257 alloquens
3028 5186 3260 5239 mentitus
3282 5192 3371 5237 est.
3392 5212 3464 5222 —
3484 5181 3617 5236 Vide

2047 5282 2315 5354 quomodo
2359 5284 2731 5349 interpretatus
2768 5289 2849 5332 est
2889 5287 2943 5333 et
2985 5276 3127 5348 quod
3173 5275 3242 5329 sit
3280 5273 3543 5337 diabolus,
3568 5282 3622 5326 et

2048 5375 2188 5447 quod
2211 5376 2280 5430 sit
2318 5373 2560 5427 mendax.
2603 5371 2883 5439 Quomodo
2912 5371 3159 5424 mentitus
3188 5367 3305 5421 est?
3354 5364 3497 5419 Dixit
3517 5382 3621 5419 ser-

2049 5484 2171 5540 pens
2207 5466 2402 5519 mulieri
2436 5465 2580 5518 :Cur
2621 5463 2855 5532 praecepit
2896 5461 3031 5514 vobis
3073 5458 3229 5522 Deus,
3281 5467 3458 5510 utnon
3487 5473 3622 5509 com-

2049 5559 2248 5612 ederitis
2278 5558 2340 5610 de
2366 5556 2502 5609 omni
2540 5557 2675 5625 ligno
2697 5554 2845 5627 (Gen.
2870 5555 2922 5606 '5.
2965 5551 3044 5619 l)?
3065 5548 3254 5603 Vidisti
3277 5548 3621 5601 mendacem?

2052 5652 2268 5706 Dixerat
2309 5650 2448 5705 Deus
2478 5666 2491 5702 :
2527 5649 2599 5703 De
2642 5648 2785 5702 omni
2826 5646 2967 5715 ligno
2992 5641 3273 5705 eomedite,
3301 5640 3368 5695 de
3395 5655 3498 5694 uno
3524 5654 3623 5692 au-

2051 5755 2157 5799 tem
2184 5758 2250 5799 ne
2276 5742 2600 5807 comedatis;
2653 5739 2883 5794 mendax
2927 5736 3016 5790 ille
3038 5737 3112 5788 ait
3139 5751 3152 5786 :
3181 5735 3287 5788 Cur
3314 5733 3445 5787 dixit
3473 5731 3623 5785 vobis

2054 5842 2214 5907 Deus,
2243 5848 2301 5895 ut
2330 5837 2396 5893 de
2424 5836 2565 5892 omni
2595 5833 2739 5902 ligno
2762 5846 2827 5886 ne
2852 5826 3182 5889 comedetis?
3224 5826 3337 5881 Non
3377 5824 3626 5883 mentitur
