4074 6308
477 402 580 459 437

473 520 671 576 Christi
718 533 850 575 vox:
893 516 995 572 Ille
1021 516 1241 573 mendas
1263 525 1355 571 est.
1388 515 1635 571 Mentitus
1660 521 1743 569 est
1770 523 1969 579 autem,
2001 523 2056 567 et

474 611 686 682 quidem
713 611 963 681 graviter.
993 609 1125 665 Cum
1152 610 1271 679 quis
1300 609 1442 665 enim
1467 607 1652 662 dolose
1681 606 1877 675 aliquid
1904 607 2054 659 moli-

477 714 581 768 tur,
628 713 719 756 aut
762 702 1130 757 necessitatem
1176 701 1411 766 simulat,
1455 710 1545 755 aut
1582 698 1955 769 ignorantiam,
1996 705 2053 751 ut

473 811 580 850 non
627 804 927 864 suspectam
975 793 1186 846 inducat
1232 792 1578 861 pravitatem;
1626 806 1689 843 ac
1727 789 1771 844 si
1817 788 2047 850 diceret,

467 886 584 945 Non
617 887 761 953 novi,
802 885 961 940 nulla:
1002 895 1125 939 sunt
1152 884 1384 938 insidiae:
1429 882 1651 951 simplici
1695 879 1875 932 animo
1904 879 2044 944 veni,

469 979 600 1034 nihil
638 978 768 1031 scio.
818 974 1007 1030 Nonne
1050 974 1334 1028 multorum
1381 972 1558 1026 talium
1608 970 1803 1024 fecistis
1845 969 2049 1037 pericu-

466 1070 617 1127 lum?
640 1086 707 1125 an
739 1070 1039 1138 ignoramus
1058 1066 1182 1120 dolo
1205 1066 1460 1119 utentium
1494 1064 1689 1132 opera?
1725 1077 1901 1116 nonne
1925 1061 2044 1116 talia

465 1170 749 1225 consuunt,
781 1169 835 1215 et
867 1158 1214 1229 ignorantiam
1247 1155 1573 1227 praetexunt?
1598 1155 1684 1211 Sic
1703 1162 1757 1208 et
1780 1153 2039 1207 diabolus.

466 1254 593 1317 Cur,
621 1253 813 1322 inquit,
835 1250 967 1305 dixit
985 1251 1135 1304 vobis
1159 1250 1297 1303 Dens
1313 1249 1336 1301 ?
1355 1248 1486 1301 Male
1502 1256 1556 1302 et
1584 1261 1831 1315 perverse
1845 1245 2038 1309 audivi,

464 1352 519 1398 ut
548 1359 654 1398 non
683 1341 1034 1397 eomederetis
1062 1339 1127 1394 de
1157 1338 1301 1393 omni
1350 1338 1510 1408 ligno.
1559 1335 1881 1390 Existimans
1920 1351 2040 1388 mtt-

465 1434 565 1489 iier
593 1433 644 1488 id
672 1432 1022 1502 ignorantiam
1051 1444 1193 1495 esse,
1216 1443 1515 1485 sermonem
1542 1427 1776 1497 corrigit.
1799 1425 1914 1480 Non
1944 1427 2036 1492 ita,

464 1525 673 1593 inquit,
722 1523 969 1591 loquutus
1012 1528 1136 1575 est:
1166 1535 1271 1574 non
1302 1518 1434 1573 dixit
1476 1518 1633 1581 Deus,
1664 1526 1720 1570 ut
1746 1532 1850 1570 non
1895 1531 2040 1570 com-

462 1617 743 1672 ederemns
763 1614 829 1669 de
855 1613 997 1669 omni
1018 1613 1186 1682 ligno;
1207 1611 1300 1667 sed
1316 1610 1386 1665 de
1410 1610 1554 1664 omni
1580 1608 1920 1678 permisit,ab
1933 1621 2038 1662 uno

460 1708 764 1771 interdixit;
814 1704 946 1760 dixit
988 1704 1128 1760 enim
1171 1704 1325 1758 nobis
1359 1721 1373 1757 :
1403 1701 1480 1756 Ne
1508 1700 1818 1761 comedetis,
1843 1708 1900 1753 ut
1928 1713 2034 1752 non

462 1798 779 1857 moriamini.
813 1798 968 1852 Visus
993 1807 1074 1852 est
1098 1796 1276 1851 dicere
1303 1792 1445 1863 quod
1477 1791 1747 1847 nesciebat
1773 1807 1787 1843 :
1809 1791 1919 1859 jam
1945 1804 2034 1842 su-

458 1893 624 1965 spicio
653 1907 756 1946 non
800 1898 933 1956 erat,
961 1888 1103 1958 quod
1150 1885 1522 1948 insidiaretur;
1570 1882 1749 1952 aitque
1777 1881 1850 1935 illi
1883 1897 1896 1935 :
1929 1878 2034 1933 Ne-

457 1998 705 2052 quaquam
730 1989 889 2035 morte
926 1976 1209 2033 moriemini
1237 1973 1386 2046 (Gen.
1416 1974 1469 2027 5.
1491 1970 1568 2045 4).
1603 1972 1683 2027 En
1710 1970 1851 2026 aliud
1882 1985 2032 2025 men-

456 2074 690 2130 dacium.
732 2073 841 2128 Deo
870 2082 1097 2141 namque
1125 2068 1352 2132 dicente,
1381 2064 1447 2119 In
1471 2080 1777 2135 quacumque
1798 2063 1881 2115 die
1898 2077 2034 2114 com-

453 2166 679 2231 ederitis,
702 2174 859 2219 morte
873 2159 1182 2225 moriemini,
1206 2159 1280 2213 ait
1294 2157 1537 2212 diabolus
1553 2173 1565 2207 :
1584 2153 2033 2225 Nequaquammo-

455 2259 686 2322 riemini;
710 2258 902 2313 iterum
932 2254 1185 2311 mentitus
1208 2262 1307 2307 est.
1343 2249 1546 2305 Sciebat
1576 2250 1707 2302 enim
1733 2246 1886 2309 Deus,
1914 2245 2029 2313 quia

455 2368 553 2421 qua
579 2350 658 2404 die
678 2347 1013 2414 comederitis,
1042 2345 1179 2400 eritis
1201 2345 1327 2398 sicut
1347 2342 1437 2396 dii.
1463 2341 1544 2395 En
1573 2340 1785 2395 tertium
1811 2336 2029 2393 menda-

454 2444 619 2511 cium.
646 2440 781 2497 Vide
803 2438 1042 2494 dolosam
1079 2435 1274 2492 diaboli
1303 2434 1610 2502 nequitiam.
1641 2432 1757 2487 Jam
1805 2445 2028 2501 prteme-

450 2531 652 2587 ditatnr
677 2544 914 2586 errorem
942 2527 1137 2582 mundo
1164 2525 1530 2581 disseminare.
1557 2524 1621 2576 Et
1645 2522 1765 2591 quia
1790 2521 2023 2584 molitur,

455 2632 514 2678 ut
540 2622 675 2688 dixi,
723 2621 898 2691 plures
945 2619 1074 2674 deos
1114 2619 1166 2671 in
1210 2616 1339 2671 orbe
1386 2615 1639 2677 excitare,
1688 2620 2025 2666 antevertens

448 2715 677 2786 quadam
719 2713 1034 2769 narrationis
1077 2710 1275 2781 specie,
1300 2708 1527 2779 plurium
1563 2705 1790 2761 deorum
1815 2704 2025 2774 opinio-

452 2823 573 2863 nem
603 2809 655 2861 in
682 2808 897 2861 auribus
927 2804 1162 2859 mulieris
1193 2801 1436 2856 inseruit.
1466 2800 1555 2855 Sic
1579 2811 1724 2854 certe
1751 2796 1873 2850 mali
1898 2796 2025 2849 arti-

450 2900 536 2954 fex
563 2899 787 2970 plurium
808 2898 1026 2953 deorqu
1049 2895 1417 2966 cogitationem
1449 2892 1595 2962 prius
1618 2890 1821 2944 invexit
1844 2906 1858 2943 :
1882 2887 2023 2942 Deus

450 3006 580 3048 vero
604 2990 933 3061 prazscientia
962 3004 1055 3043 sua
1082 2988 1132 3042 id
1158 2986 1381 3050 curavit,
1428 2993 1485 3039 ut
1511 2984 1715 3039 futurus
1741 2997 1891 3037 error
1916 2996 2022 3036 non

450 3082 684 3139 humano
709 3097 802 3136 ore
839 3080 1186 3151 proferretur,
1218 3093 1286 3133 ne
1310 3077 1481 3147 prima
1510 3076 1733 3146 loquela:
1777 3073 2022 3127 humana:

447 3188 553 3230 vox
590 3174 719 3230 deos
761 3182 1225 3237 commemoraret,
1255 3170 1348 3225 sed
1387 3185 1489 3223 Vox
1519 3172 1686 3238 prima
1736 3166 2019 3236 serpentis,

448 3275 509 3321 ut
533 3282 596 3323 os
613 3280 771 3321 omne
794 3265 860 3320 de
887 3263 1040 3318 idolis
1065 3263 1286 3334 loquens
1305 3261 1377 3317 illi
1405 3261 1579 3315 simile
1600 3269 1758 3315 esset.
1781 3257 1901 3313 Seio
1925 3271 2020 3311 vos

447 3356 572 3413 huic
593 3358 708 3413 voci
739 3370 977 3426 parcere,
1007 3362 1061 3409 et
1083 3363 1321 3408 sanctam
1368 3354 1759 3422 Scripturarum
1787 3358 2018 3403 mentem

446 3450 704 3520 arripere.
755 3447 922 3512 Nemo
950 3447 1107 3515 igitur
1147 3447 1295 3502 vocis
1335 3459 1580 3516 pompam
1607 3441 1875 3506 attendat;
1923 3439 2017 3494 sed

446 3542 829 3598 sententiarum
852 3540 1121 3595 virtutem.

514 3633 653 3689 Deus
676 3649 777 3688 non
800 3633 1050 3705 prohibuit
1078 3632 1333 3686 scientiam
1355 3628 1509 3695 boni;
1527 3628 1688 3682 Adam
1709 3637 1825 3681 ante
1851 3641 2017 3697 pecca-

444 3736 550 3782 tum
575 3726 834 3782 scientiam
861 3725 976 3779 boni
1005 3725 1235 3782 habebat.
1261 3754 1334 3765 â€”
1355 3724 1554 3779 Sciebat
1587 3724 1720 3776 enim
1747 3720 1904 3787 Deus,
1936 3722 2016 3775 in-

441 3820 589 3890 quit,
613 3816 750 3892 quod
770 3833 1079 3887 quacumque
1105 3818 1187 3871 die
1214 3816 1525 3871 comederitis
1541 3856 1556 3881 ,
1581 3816 1719 3870 eritis
1755 3815 1882 3867 sicut
1903 3812 1974 3865 dii
1997 3855 2012 3879 ,

443 3913 652 3967 scientes
694 3911 876 3965 bonum
913 3922 964 3964 et
991 3909 1204 3963 malum.
1245 3910 1408 3963 Aiunt
1440 3909 1607 3971 multi,
1646 3907 2015 3978 praecipueque

440 4004 500 4067 ii,
529 4002 618 4074 qui
647 4002 756 4057 Deo
774 4000 1045 4059 inimicum
1072 4000 1419 4072 Porphyrium
1452 4008 1764 4068 sequuntur,
1796 3996 1887 4067 qui
1914 3996 2012 4050 ad-

442 4108 629 4150 versus
656 4090 987 4149 Christianos
1034 4092 1281 4162 scripsit,
1313 4092 1613 4161 multosque
1644 4106 1674 4144 a
1706 4090 1882 4145 divina
1907 4089 2012 4144 fide

440 4185 658 4242 abduxit
686 4202 703 4252 ;
732 4186 898 4252 aiunt,
928 4187 1145 4256 inquam
1172 4202 1185 4238 :
1215 4187 1320 4241 Cur
1349 4185 1489 4240 Deus
1509 4184 1783 4260 scientiam
1809 4184 1932 4238 boni
1959 4192 2014 4238 et

439 4280 566 4336 mali
589 4279 856 4351 prohibuit
881 4279 905 4335 Ï„
932 4278 1084 4345 Esto,
1115 4278 1313 4339 malum
1336 4277 1661 4347 prohibuerit
1688 4294 1703 4341 ;
1734 4291 1830 4333 cur
1848 4276 2009 4331 etiam

438 4374 637 4430 bonum
653 4372 680 4427 â€˜l
697 4372 827 4427 Cum
853 4372 926 4426 ait
947 4372 1088 4427 enim
1121 4387 1135 4424 :
1166 4370 1245 4427 De
1270 4371 1407 4441 ligno
1431 4370 1650 4425 scientia:
1673 4368 1789 4423 boni
1818 4380 1862 4422 et
1890 4367 2011 4421 mali

438 4481 503 4519 ne
541 4462 813 4518 comedetis
834 4502 851 4529 ,
876 4462 1154 4532 prohibet,
1179 4461 1364 4528 aiunt,
1395 4475 1463 4515 ne
1492 4459 1625 4515 sciat
1652 4459 1847 4514 malum
1873 4476 1885 4512 :
1915 4474 2011 4514 cur

438 4555 598 4611 etiam
626 4555 823 4611 bonum
852 4553 877 4609 Ï„
918 4553 1143 4625 Semper
1175 4552 1375 4609 malitia
1411 4561 1596 4608 contra
1638 4552 1868 4622 seipsam
1893 4567 2007 4606 ma-

437 4646 699 4709 chinatur,
727 4644 887 4716 inque
905 4645 1133 4715 seipsam
1165 4645 1473 4700 occasiones
1503 4645 1722 4715 praebet.
1749 4644 1865 4699 Non
1889 4659 2011 4714 pro-

436 4738 609 4794 hibuit
655 4737 798 4793 Deus
848 4738 1125 4794 scientiam
1172 4736 1335 4791 boni:
1394 4735 1537 4790 illam
1589 4736 1782 4805 quippe
1823 4735 2009 4792 habuit

433 4829 628 4894 Adam,
659 4828 819 4884 etiam
847 4836 1133 4897 antequam
1160 4825 1483 4883 comederet.
1527 4825 1638 4879 Nisi
1678 4826 1822 4879 enim
1865 4825 2006 4880 illam

431 4932 556 4976 ante
572 4920 859 4982 habuisset,
877 4919 1140 4988 quomodo
1160 4920 1495 4989 cognovisset
1510 4932 1727 4972 uxorem
1750 4916 2011 4987 ?quomo-

433 5013 504 5069 do
519 5012 587 5068 de
606 5011 723 5083 ejus
738 5022 924 5066 natura
939 5011 1180 5077 dixisset,
1203 5011 1275 5066 Î¿Îµ
1291 5027 1352 5065 ea:
1369 5013 1563 5065 ossibus
1580 5010 1721 5075 meis,
1741 5018 1787 5061 et
1812 5025 1928 5062 caro
1948 5010 2013 5070 de

432 5122 583 5159 carne
607 5104 758 5158 mea?
784 5103 1051 5174 quomodo
1078 5103 1249 5159 futura
1268 5104 1581 5159 vaticinatus
1599 5109 1758 5163 esset,
1782 5099 1904 5155 Haec
1926 5118 2010 5156 ooâ€”

431 5199 626 5253 cabitur
652 5198 851 5263 mulier,
880 5199 998 5264 quia
1020 5198 1083 5251 de
1127 5199 1233 5252 uiro
1275 5207 1477 5267 sumpta
1520 5206 1608 5250 est.
1658 5194 1874 5265 Propter
1913 5196 2007 5248 hoc

428 5290 673 5359 relinquet
718 5289 866 5341 homo
915 5297 1108 5357 patrem
1150 5298 1195 5340 et
1254 5299 1463 5341 matrem
1490 5286 1509 5354 (
1538 5284 1667 5341 Gen.
1692 5286 1745 5340 2.
1776 5286 2004 5355 25.24),

428 5378 577 5435 Î¸á½·Î±Î½
609 5386 756 5433 tanta
796 5378 1031 5442 sciebat,
1073 5386 1129 5433 et
1162 5377 1358 5433 bonum
1404 5393 1508 5431 non
1550 5378 1813 5433 noverat?
1839 5376 2003 5429 Deum

431 5480 649 5527 noverat
667 5513 682 5539 ,
714 5487 834 5541 qua:
859 5479 983 5525 sunt
1012 5470 1104 5526 Dei
1133 5470 1412 5535 servabat,
1440 5470 1717 5525 scientiam
1752 5469 1997 5533 habebat,

428 5573 504 5619 tot
532 5564 743 5619 nomina
771 5562 1021 5634 imposuit
1052 5578 1067 5626 ;
1112 5561 1378 5631 quomodo
1416 5561 1690 5616 scientiam
1738 5560 1860 5614 boni
1896 5576 2000 5614 non

429 5653 708 5709 habuerit?
738 5653 875 5721 Quid
910 5668 1039 5723 ergo
1067 5650 1193 5706 illud
1239 5650 1355 5707 est?
1404 5650 1519 5705 Non
1570 5649 1814 5720 prohibet
1865 5650 2003 5704 Deus

427 5742 703 5799 scientiam
752 5744 900 5812 boni,
929 5743 1025 5801 sed
1060 5744 1171 5799 vult
1197 5758 1319 5798 cum
1345 5742 1470 5798 boni
1499 5741 1716 5798 scientia
1752 5757 1855 5797 non
1882 5756 2002 5800 esse

428 5832 702 5889 scientiam
740 5836 887 5895 mali.
933 5832 1222 5905 lmpietatis
1260 5834 1527 5904 sophisma
1558 5833 1705 5888 solvo
1744 5848 1806 5889 ex
1848 5830 1995 5890 Scri-

1878 397 2241 456 SEVERIANI

3632 416 3734 471 488

2171 516 2363 584 pluris.
2391 517 2717 576 AitPaulus:
2745 520 2863 575 Non
2881 522 3080 590 potestis
3096 523 3297 577 calicem
3320 523 3523 579 Domini
3551 528 3731 595 bibere,

2161 615 2209 656 et
2251 606 2457 660 calicem
2495 611 2856 664 daemoniorum
2897 611 2974 674 (l.
3000 611 3117 666 Cor.
3142 614 3227 668 10.
3246 614 3359 686 21).
3388 615 3504 669 Non
3548 620 3734 674 ambos

2160 699 2449 765 prohibuit,
2477 701 2571 754 sed
2613 717 2733 756 eum
2759 703 2848 772 qui
2874 712 3088 757 sanctus
3117 715 3259 759 esset
3283 708 3645 773 sanctiï¬cavit,
3678 721 3732 765 et.

2157 791 2420 859 impurum
2446 803 2603 863 atque
2629 794 2903 863 profanum
2930 796 3143 866 altjecit.
3183 797 3255 850 Ita
3303 814 3513 869 quoque
3542 800 3731 856 Serva-

2155 892 2264 935 tor:
2288 882 2405 936 Non
2422 887 2626 952 potestis
2648 886 2754 941 Deo
2770 890 2952 942 servire
2967 901 3011 942 et
3030 907 3276 945 momenta
3293 892 3507 961 (Matth.
3530 893 3588 950 6.
3608 896 3724 966 9.4);

2153 988 2341 1043 nempe
2362 974 2550 1029 eodem
2572 986 2810 1047 tempore
2840 979 2947 1033 Deo
2965 990 3018 1034 et
3035 981 3265 1036 daamoni
3304 984 3503 1039 servire
3530 987 3728 1055 impos.

2151 1062 2303 1117 sihile
2330 1076 2428 1117 est.
2459 1065 2546 1120 Sic
2589 1066 2725 1121 Deus
2755 1070 2876 1122 mali
2906 1071 3258 1139 cognitionem
3288 1074 3486 1128 assumi
3521 1079 3722 1143 vetuit,

2149 1172 2216 1209 ne
2256 1172 2374 1210 cum
2423 1157 2543 1211 boni
2581 1160 2804 1215 scientia
2843 1163 2967 1215 mali
3012 1165 3243 1233 cognitio
3269 1165 3669 1221 admisceretnr.

2217 1246 2269 1299 4.
2304 1245 2405 1299 Cur
2435 1247 2625 1319 lignum
2663 1252 2881 1304 scientiw
2902 1252 3020 1306 boni
3052 1264 3099 1307 et
3133 1256 3256 1307 ntali
3287 1258 3359 1308 sic
3405 1257 3587 1310 dictum
3626 1268 3717 1311 est.

2145 1366 2213 1375 â€”
2236 1337 2331 1391 Hic
2354 1338 2461 1405 jam
2490 1340 2721 1394 animum
2745 1341 3109 1398 adhibeamus.
3144 1346 3251 1399 Cur
3278 1348 3488 1401 tandem
3521 1349 3717 1417 lignum

2147 1428 2382 1481 scientiae
2428 1429 2551 1483 boni
2597 1444 2651 1485 et
2696 1433 2817 1486 mali
2858 1433 3180 1504 appellatum
3228 1437 3363 1491 est?
3403 1437 3516 1492 Non
3560 1441 3717 1495 talem

2143 1527 2383 1573 naturam
2418 1520 2620 1588 habuit,
2648 1524 2739 1577 sed
2769 1525 2872 1580 tale
2901 1536 3270 1596 argumentum
3299 1530 3448 1597 tulit,
3477 1530 3717 1601 Scriptu-

2141 1626 2319 1665 rarum
2354 1616 2726 1682 proprietatem
2754 1618 2890 1671 dico.
2922 1620 3159 1690 Exempli
3187 1637 3340 1677 causa
3374 1641 3386 1675 :
3420 1623 3540 1679 fons
3565 1627 3714 1694 quis-

2141 1702 2281 1769 piam
2331 1703 2382 1755 in
2426 1709 2638 1760 deserto
2681 1718 2897 1764 vocatus
2940 1719 3021 1764 est
3056 1727 3189 1781 aqua
3236 1714 3711 1771 contradictionis:

2141 1791 2359 1847 Probavi
2389 1806 2435 1848 te
2460 1798 2599 1866 apud
2627 1816 2808 1867 aquam
2831 1804 3241 1859 contradictionis
3268 1809 3287 1877 (
3315 1805 3460 1862 Psal.
3491 1807 3579 1863 80.
3610 1808 3642 1864 8
3666 1810 3711 1879 ).

2139 1884 2351 1956 Ergone
2379 1888 2679 1957 hujusmodi
2712 1903 2897 1947 natura
2923 1909 3072 1964 aqua:
3099 1907 3212 1950 erat
3236 1940 3251 1962 ,
3283 1908 3340 1952 ut
3365 1901 3614 1971 populum
3645 1900 3713 1955 ad

2134 1978 2607 2033 contradictionem
2636 1983 2895 2038 excitaret
2921 1984 2944 2036 ?
2971 2001 3067 2040 cur
3094 2002 3221 2057 ergo
3248 1988 3458 2060 Moyses
3488 1991 3573 2045 illa
3612 2006 3712 2061 poo

2136 2078 2295 2133 tatus,
2344 2070 2453 2125 Deo
2499 2087 2604 2127 non
2648 2075 3018 2131 contradixit?
3060 2079 3217 2135 Certe
3251 2091 3435 2137 vocata
3465 2095 3546 2138 est
3574 2099 3711 2154 aqua

2134 2164 2589 2228 Contradictionis,
2638 2182 2744 2220 non
2798 2170 2936 2236 quod
2987 2170 3144 2224 talem
3191 2172 3411 2229 haberet
3438 2183 3708 2238 naturam,

2133 2251 2224 2305 sed
2254 2254 2535 2309 occasione
2562 2256 2635 2309 rei
2666 2272 2783 2327 qua:
2814 2257 2863 2311 in
2897 2259 2985 2313 illa
3017 2261 3227 2316 accidit.
3259 2262 3389 2331 Quia
3418 2266 3558 2319 enim
3600 2265 3711 2318 illic

2131 2345 2450 2400 contradixit
2475 2348 2716 2416 pepulus,
2740 2349 2857 2405 idco
2882 2363 3063 2407 vocata
3081 2364 3160 2409 est
3182 2371 3314 2424 aqua
3331 2356 3709 2411 contradictio-

2132 2438 2232 2492 nis.
2275 2438 2479 2494 Rursns
2510 2441 2642 2495 vidit
2682 2441 2846 2497 Jacob
2877 2445 3043 2501 Deum
3069 2487 3085 2513 ,
3117 2456 3174 2501 ut
3210 2449 3368 2503 homo
3396 2460 3601 2519 poterat
3629 2450 3709 2502 vi-

2127 2530 2278 2595 dere,
2302 2542 2356 2586 et
2380 2534 2587 2588 vocavit
2613 2550 2806 2590 nomen
2840 2536 2937 2592 loci
2969 2539 3172 2607 Species
3193 2539 3289 2595 Dei
3304 2541 3453 2615 (Gen.
3477 2543 3564 2599 52.
3585 2540 3705 2617 50).

2128 2621 2299 2677 Locus
2318 2625 2548 2692 speciem
2588 2635 2680 2680 aut
2721 2626 2944 2682 formam
2990 2629 3084 2685 Dei
3134 2647 3239 2687 non
3286 2633 3558 2703 habebat;
3610 2639 3705 2694 sed

2126 2715 2247 2784 quia
2279 2715 2411 2769 visio
2444 2715 2513 2769 ibi
2551 2718 2770 2788 contigit
2810 2720 2949 2788 ipsi,
2988 2736 3055 2775 ex
3096 2738 3153 2775 re
3197 2723 3367 2780 locum
3395 2731 3701 2798 appellavit,

2125 2805 2279 2860 Alius
2308 2806 2455 2860 locus
2481 2817 2698 2863 vocatus
2718 2819 2798 2863 est
2826 2808 2943 2867 Pax
2961 2808 3081 2865 Dei.
3112 2813 3328 2881 Quando
3348 2817 3582 2877 Gedeoni
3604 2842 3705 2896 ap-

2127 2898 2301 2965 paruit
2324 2900 2541 2968 angelus
2574 2900 2687 2965 Dei,
2717 2915 2778 2955 ac
2800 2912 2942 2956 metu
2968 2906 3239 2972 perculsus
3258 2907 3342 2962 ille
3362 2911 3527 2967 dixit:
3553 2916 3704 2974 Â«Heu

2125 3002 2230 3074 me,
2260 2989 2456 3043 moriar
2484 3006 2496 3041 :
2522 2990 2628 3045 vidi
2654 2991 2795 3044 enim
2822 2993 3064 3061 angelum
3098 2996 3208 3051 Dei.
3239 2999 3325 3051 Ait
3351 3000 3427 3054 illi
3456 3006 3698 3074 angelus:

2126 3072 2236 3132 Pax
2266 3079 2379 3145 tibi,
2413 3095 2479 3133 ne
2506 3081 2715 3136 timeas.
2746 3082 2815 3137 Et
2839 3084 3140 3153 tedificavit,
3171 3106 3191 3138 Î¹
3219 3088 3404 3159 inquit,
3434 3112 3453 3144 â€¹
3482 3072 3700 3152 Gedeon

2122 3169 2310 3263 altare,
2342 3181 2396 3263 et
2422 3174 2629 3229 vocavit
2658 3176 2829 3244 ipsum
2855 3177 2962 3231 Pax
2995 3178 3087 3234 Dei
3121 3199 3140 3232 Î¹
3168 3180 3377 3251 (ludia.
3406 3186 3458 3240 6.
3488 3188 3697 3263 22-24).

2122 3261 2574 3331 Quemadmodum
2607 3281 2733 3336 ergo
2770 3282 2881 3335 ara,
2926 3269 3037 3323 sive
3061 3271 3229 3327 altare
3260 3289 3441 3342 pacem
3470 3294 3572 3333 non
3602 3261 3696 3334 ha-

2122 3354 2254 3421 buit,
2306 3356 2401 3411 sed
2449 3357 2593 3412 inita:
2643 3367 2697 3413 et
2737 3359 2876 3413 datae
2917 3362 3058 3429 pacis
3106 3366 3405 3434 symbolum
3440 3379 3597 3437 erat;
3635 3388 3699 3429 ac

2120 3448 2565 3516 quemadmodum
2619 3464 2755 3521 aqua
2801 3453 3275 3511 contradictionem
3322 3474 3426 3513 non
3482 3460 3693 3525 habuit,

2120 3539 2211 3594 sed
2240 3555 2303 3594 ex
2326 3556 2411 3603 eo,
2441 3542 2581 3612 quod
2609 3542 2679 3597 ibi
2710 3556 2981 3609 evenerat,
3005 3547 3082 3601 sic
3100 3549 3361 3617 appellata
3389 3561 3471 3607 est
3496 3571 3510 3606 :
3544 3554 3613 3607 ita
3642 3564 3697 3609 et

2121 3630 2319 3699 lignum
2348 3647 2451 3686 non
2478 3633 2755 3688 scientiam
2788 3634 3003 3700 habuit,
3033 3637 3124 3691 sed
3152 3640 3274 3709 quia
3305 3644 3543 3714 quisquis
3566 3661 3695 3716 pec-

2119 3730 2222 3788 cat,
2253 3723 2304 3776 in
2336 3725 2576 3778 notitiam
2604 3726 2803 3794 peccati
2846 3728 3007 3782 venit.
3036 3729 3092 3784 ld
3121 3730 3262 3801 quod
3293 3734 3482 3788 iterum
3512 3752 3689 3792 exem-

2120 3814 2207 3881 plo
2230 3814 2489 3870 confirmo
2522 3832 2534 3868 :
2578 3817 2841 3873 interdum
2887 3836 2983 3891 per
3019 3821 3135 3876 loca
3172 3824 3462 3880 latrociniis
3504 3826 3692 3884 infesta

2121 3907 2448 3971 transimus;
2502 3906 2554 3962 in
2598 3924 2853 3979 moreque
2893 3920 2975 3965 est
3018 3912 3200 3969 dicere
3234 3933 3246 3967 :
3279 3915 3404 3971 Haec
3437 3917 3550 3972 loca
3589 3930 3694 3974 tre.

2117 3995 2307 4050 menda
2338 4006 2481 4051 sunt.
2506 3998 2586 4052 An
2616 3998 2764 4053 locus
2793 4000 2904 4070 ipse
2935 4000 3271 4059 formidinem
3300 4005 3497 4062 habet?
3517 4025 3692 4064 nonne

2119 4088 2291 4156 potius
2319 4087 2432 4142 lucc
2468 4088 2714 4144 dicuntur
2750 4091 3010 4147 latronum
3048 4094 3117 4147 ibi
3145 4098 3467 4151 versantium
3498 4101 3693 4153 causa?

2116 4178 2202 4232 Sic
2236 4178 2398 4232 arbor
2429 4179 2517 4232 illa
2546 4195 2648 4233 non
2679 4182 3006 4237 mortiferam
3036 4184 3313 4240 scientiam
3343 4187 3527 4242 habuit
3552 4231 3565 4251 ,
3595 4189 3691 4243 sed

2116 4271 2184 4325 ob
2210 4270 2444 4326 habitam
2471 4272 2578 4326 illic
2598 4273 2738 4327 circa
2756 4274 3015 4329 Adamum
3044 4276 3375 4346 tragoediam,
3393 4278 3493 4334 hoc
3504 4293 3691 4333 conse-

2115 4372 2275 4432 quuta
2305 4379 2498 4419 nomen
2528 4373 2629 4419 est.
2652 4364 2789 4419 Rem
2814 4373 2991 4420 autem
3022 4368 3174 4421 solvo
3199 4385 3212 4421 :
3243 4385 3415 4439 neque
3440 4371 3581 4424 enim
3609 4369 3691 4424 di-

2115 4458 2237 4511 vina
2267 4456 2540 4527 Scriptura
2565 4458 2616 4511 in
2639 4457 2801 4511 dubio
2829 4469 3092 4514 versatur.
3126 4460 3295 4516 Hodie
3320 4461 3574 4517 habemus
3608 4464 3688 4516 al-

2116 4560 2247 4615 tare,
2275 4549 2427 4619 cujus
2455 4551 2737 4619 participes
2766 4559 2887 4606 sunt
2925 4552 3128 4607 fideles.
3164 4552 3301 4607 Num
3339 4569 3466 4625 ergo
3490 4555 3687 4612 donum

2114 4645 2287 4713 ipsum
2330 4644 2624 4698 naturalem
2671 4643 2772 4698 fert
2807 4644 3033 4701 salutem
3058 4686 3073 4709 ,
3100 4661 3166 4700 an
3195 4657 3410 4717 propter
3440 4649 3679 4716 majesta-

2115 4748 2242 4805 tem,
2271 4756 2389 4809 qua:
2417 4740 2714 4804 invocatur,
2760 4741 2951 4809 pignus
2998 4740 3159 4795 habes
3201 4757 3269 4795 ex
3315 4743 3678 4811 praesentibus,

2113 4848 2182 4887 ne
2205 4831 2415 4886 dubites
2428 4831 2494 4886 de
2517 4832 2579 4886 iis
2598 4848 2715 4901 qua:
2744 4833 3169 4900 pra-cesserunt?
3196 4832 3306 4888 lllic
3335 4849 3456 4887 esca
3487 4834 3687 4899 letalis,

2115 4921 2202 4976 hic
2229 4922 2379 4977 cibus
2402 4923 2694 4976 viviticans.
2722 4921 2777 4977 Si
2803 4922 2905 4976 hoc
2931 4931 3115 4977 natura
3140 4934 3340 4987 servat,
3369 4938 3473 4977 non
3495 4925 3688 4992 gratia,

2114 5012 2239 5066 illud
2267 5013 2429 5067 etiam
2458 5023 2642 5066 natura
2666 5012 2884 5078 occidit,
2914 5028 3018 5066 non
3047 5013 3689 5082 transgressioneï¬‚sten-

2116 5101 2237 5155 dam
2268 5103 2361 5155 tibi
2393 5113 2548 5156 extra
2582 5102 2881 5171 paradisum
2910 5103 3083 5155 cibum
3117 5103 3276 5155 alium
3313 5103 3680 5165 mortiferum,

2113 5192 2462 5246 idololatriam
2491 5207 2702 5260 nempe.
2734 5192 2842 5245 Cur
2865 5201 3173 5245 recusarunt
3205 5202 3464 5265 martyres
3495 5208 3688 5249 carnes

2112 5283 2392 5338 comedere
2417 5284 2440 5336 ?
2467 5299 2562 5336 cur
2589 5283 2749 5338 edere
2776 5284 3083 5337 metuebant
3109 5283 3133 5335 ?
3157 5299 3223 5336 an
3258 5284 3451 5337 mortui
3480 5295 3684 5347 essent,

2111 5376 2155 5431 si
2210 5375 2613 5432 comedissent?
2662 5373 3003 5445 Nequaquam
3053 5391 3065 5425 :
3114 5374 3205 5428 sed
3256 5376 3375 5443 quia
3423 5375 3686 5429 idolorum

2109 5470 2308 5523 mentio
2336 5476 2451 5521 erat
2471 5509 2484 5531 ,
2517 5482 2619 5519 non
2650 5481 2827 5520 escam
2873 5466 3162 5535 fugiehant,
3205 5465 3297 5519 sed
3324 5466 3684 5519 exsecrando-

2110 5562 2224 5614 rum
2241 5558 2646 5612 invocationem.
2660 5556 2748 5611 Sic
2765 5567 2887 5611 ncta
2906 5565 3019 5610 erat
3046 5555 3204 5609 arbor
3225 5556 3457 5609 scientia:
3486 5554 3609 5607 boni
3632 5562 3686 5610 et

2111 5649 2258 5715 mali,
2284 5667 2388 5704 non
2415 5649 2691 5705 scientiam
2714 5648 2978 5719 praebens,
3006 5646 3102 5701 sed
3126 5662 3243 5701 eam
3285 5663 3350 5701 ex
3380 5656 3685 5715 transgres~

2109 5743 2259 5797 sione
2303 5742 2522 5797 docens.
2560 5740 2785 5811 Semper
2825 5739 2966 5794 enim
2993 5738 3315 5806 experientia
3344 5736 3686 5805 insipientem

2110 5835 2264 5890 docet
2293 5834 2485 5889 malam
2512 5847 2624 5888 rem
2649 5845 2769 5887 esse
2797 5830 3295 5900 transgressionem.
3328 5829 3556 5885 Rursum
3576 5828 3686 5884 alia
