4044 6306
398 383 501 441 ιε’]

398 497 639 570 γυναικί
654 512 667 525 ·
697 496 778 561 Τί,
810 495 898 549 ὅτι
922 494 1091 548 εἶπεν
1112 494 1255 564 ὑμῖν
1279 499 1311 549 d
1335 495 1479 560 Θεὸς
1497 493 1584 564 μὴ
1611 493 1825 563 φαγεῖν
1854 494 1974 547 ἀπὸ

398 581 626 646 παντὸς
653 579 880 643 Εὐλου;
919 573 1074 641 Εἶδες
1098 578 1191 631 τὸν
1215 577 1456 647 ψεύστην
1481 594 1496 642 ;
1542 578 1599 630 '0
1632 577 1764 639 Θεὸς
1789 572 1971 629 εἶπεν·

411 664 542 719 Ἀπὸ
564 663 762 725 παντὸς
792 660 948 726 ξύλου
977 661 1239 731 φάγεσθε,
1263 661 1371 715 ἀπὸ
1400 661 1443 713 δ’
1471 660 1588 725 ἐνὸς
1623 660 1697 730 μή
1726 660 1935 731 φάγητε
1958 676 1972 692 ·

396 751 426 801 6
455 747 697 817 ψεύστης
735 745 880 813 λέγει
901 761 915 776 ·
958 744 1057 797 Διά
1092 745 1145 796 τί
1174 740 1327 797 εἶπεν
1367 745 1395 796 6
1426 743 1579 808 Θεὸς,
1635 743 1744 797 ἀπὸ
1776 743 1977 808 παντὸς

404 831 564 896 ξύλου
596 828 671 899 μὴ
700 830 897 896 φαγεῖν
923 828 1098 897 ὑμᾶς;
1129 826 1220 898 Μὴ
1244 826 1499 895 ψεύδεται
1536 827 1569 896 ή
1602 825 1695 878 τοῦ
1740 825 1975 897 Χριστοῦ

400 913 552 983 φωνή
575 928 589 941 °
620 910 878 975 Ἐκεῖνος
906 911 1184 979 ψεύστης
1226 910 1417 963 ἐστίν.
1455 908 1752 978 Ἐψεύσατο
1779 909 1855 971 δὲ,
1885 910 1978 961 καὶ

398 996 559 1049 τοῦτο
589 994 801 1057 δεινῶς.
859 996 1025 1048 Ὅταν
1056 993 1165 1065 γάρ
1194 1010 1278 1057 τις
1330 992 1457 1064 θέλῃ
1505 992 1977 1063 κακοηθεύσασθαι

399 1082 654 1151 πρᾶγμα,
687 1080 768 1141 εἰς
798 1076 987 1148 χρείαν
1010 1086 1028 1106 ⁸
1056 1078 1435 1146 προσποιεῖται
1469 1075 1710 1143 ἄγνοιαν,
1758 1076 1844 1128 ἵνα
1881 1076 1977 1128 ἀν-

400 1162 639 1215 ύποπτον
661 1161 931 1232 εἰσαγάγῃ
950 1159 1052 1229 τὴν
1078 1158 1396 1229 σκαιωρίαν,
1425 1158 1543 1210 ἀντὶ
1564 1152 1680 1217 τοῦ,
1713 1158 1824 1210 Οὐκ
1840 1153 1976 1220 οῖδα,

399 1246 585 1316 φησὶν,
642 1244 741 1297 οὐκ
790 1243 906 1295 ἐστι
950 1242 1297 1313 κατασκευή·
1357 1239 1563 1304 ἁπλοῦς
1617 1238 1797 1312 ἦλθον,
1827 1242 1978 1295 οὐδὲν

399 1325 534 1381 οἰδα.
557 1326 673 1380 Οὐκ
701 1325 1026 1397 ἐπειράθητε
1054 1323 1312 1378 τοιούτων
1356 1323 1593 1389 πολλῶν;
1628 1324 1728 1376 οὐκ
1760 1323 1978 1394 οἴδαμεν

400 1410 508 1464 τῶν
533 1409 717 1463 δολίων
750 1409 816 1462 τὰ
838 1407 972 1477 ἔργα
994 1424 1010 1471 ς
1039 1406 1262 1460 τοιαῦτα
1287 1406 1347 1459 ού
1371 1406 1639 1477 ῥάπτουσι
1657 1406 1975 1477 πράγματα,

400 1494 495 1549 καὶ
525 1490 948 1563 προσποιοῦνται
977 1490 1200 1559 ἄγνοιαν
1220 1506 1234 1553 ;
1257 1488 1412 1544 Οὕτω
1435 1490 1529 1542 καὶ
1555 1491 1584 1543 ὁ
1614 1489 1877 1553 διάϐολος·
1920 1491 1979 1544 Τί

400 1577 489 1631 ὅτι
520 1577 669 1640 εἷπε,
699 1576 882 1645 φησὶν,
909 1574 1051 1644 ὑμῖν
1077 1577 1111 1628 ό
1136 1575 1312 1640 Θεός;
1344 1574 1464 1627 ἀντὶ
1488 1572 1603 1636 τοῦ,
1626 1573 1978 1643 Παρήκουσα,

399 1661 462 1714 ού
483 1660 660 1723 καλῶς
692 1660 919 1731 ηκουσα,
949 1657 1023 1729 μὴ
1049 1661 1247 1727 φαγεῖν
1275 1658 1418 1728 ὑμᾶς
1442 1658 1551 1710 ἀπὸ
1581 1658 1779 1721 παντὸς
1798 1658 1973 1723 ξύλου.

412 1745 477 1797 Ἦ
494 1742 629 1814 γυνὴ
660 1744 926 1814 νομίσασα
952 1743 1170 1810 ἄγνοιαν
1194 1738 1353 1805 εἶναι,
1371 1741 1675 1814 διορθοῦται
1692 1741 1789 1813 τὴν
1812 1741 1974 1807 λέξιν.

400 1828 513 1897 Οὐχ
540 1824 703 1889 οὕτω,
736 1827 920 1897 φησὶν,
956 1822 1109 1879 εἶπεν
1133 1841 1146 1855 ·
1178 1826 1279 1878 οὐκ
1307 1819 1461 1877 εἶπεν
1496 1825 1526 1876 6
1570 1825 1701 1888 Θεὸς
1721 1865 1736 1889 ,
1772 1824 1846 1895 μὴ
1878 1841 1980 1893 φα·

401 1913 517 1980 γεῖν
543 1910 649 1963 ἀπὸ
684 1910 882 1973 παντὸς
913 1909 1094 1975 ξύλου,
1148 1908 1263 1962 ἀλλ’
1309 1908 1417 1961 ἀπὸ
1453 1908 1651 1973 παντὸς
1688 1909 1786 1979 μὲν
1822 1909 1977 1974 ξύλου

403 1994 719 2064 ἐπέτρεψεν,
758 1994 865 2046 ἀπὸ
893 1993 947 2045 δὲ
978 1992 1096 2054 ἐνὸς
1144 1990 1415 2044 ἐκώλυσεν
1441 2007 1454 2021 ·
1510 1988 1629 2045 εἶπε
1667 1993 1775 2063 γὰρ
1809 1994 1939 2064 ἡμῖν
1959 2010 1973 2024 ·

403 2078 495 2149 Μὴ
536 2079 767 2147 φάγητε,
805 2076 894 2129 ἵνα
926 2076 999 2145 μὴ
1032 2074 1361 2145 ἀποθάνητε.
1399 2074 1584 2139 Ἔδοξε
1631 2076 1920 2146 μανθάνειν
1949 2075 1977 2128 ὃ

402 2161 504 2214 οὐκ
530 2160 645 2232 ᾔδει
667 2176 681 2189 ·
712 2158 897 2211 λοιπὸν
927 2159 1023 2228 οὐχ
1058 2157 1409 2211 ὑπωπτεύετο
1452 2159 1527 2221 ὡς
1555 2160 1976 2227 ἐγκατάσκευος,

398 2245 498 2296 καὶ
531 2243 676 2312 λέγει
700 2243 835 2313 αὐτῇ
860 2258 872 2271 ο
906 2243 988 2295 Οὺ
1015 2240 1248 2307 θανάτῳ
1269 2242 1685 2297 ἀποθανεῖσθε.
1722 2241 1827 2295 Ἴδε
1854 2242 1980 2296 ἄλλο

400 2326 615 2397 ψεῦδος.
643 2324 812 2380 Τοῦτο
839 2326 951 2395 γὰρ
985 2324 1117 2377 Θεοῦ
1149 2325 1414 2390 εἰπόντος,
1440 2321 1514 2398 ᾞ
1542 2325 1619 2379 ἂν
1645 2325 1832 2395 ἡμέρᾳ
1863 2326 1975 2395 φά-

402 2426 567 2479 γητε,
605 2407 837 2473 θανάτῳ
858 2408 1281 2473 ἀποθανεῖσθε,
1310 2409 1459 2477 λέγει
1492 2412 1520 2463 6
1551 2410 1816 2473 διάϐολος,
1855 2412 1977 2464 Οὐκ

402 2491 799 2548 ἀποθανεῖσθε
820 2508 833 2522 ·
866 2490 1025 2544 τοῦτο
1063 2491 1313 2564 δεύτερον
1350 2492 1639 2561 ἐψεύσατο.
1668 2492 1834 2564 ’ᾙδει
1872 2492 1981 2563 γὰρ

404 2580 438 2629 ὀ
467 2575 632 2642 Θεὸς,
668 2575 852 2645 φησὶν,
888 2573 977 2627 ὅτι
1005 2568 1044 2645 ᾗ
1067 2573 1143 2627 ἂν
1167 2575 1354 2644 ἡμέρᾳ
1388 2574 1633 2643 φάγητε,
1656 2577 1874 2630 ἔσεσθε
1901 2577 1981 2641 ὼς

404 2659 548 2714 θεοί.
606 2659 710 2711 Ἴδε
752 2658 931 2729 τρίτον
988 2657 1201 2726 ψεῦδος.
1269 2659 1413 2729 Ὅρα
1442 2659 1539 2729 τὴν
1578 2659 1981 2728 ἐγκατάσκευον

405 2742 602 2798 κακίαν
630 2741 724 2795 τοῦ
770 2740 1040 2795 διαϐόλου.
1074 2742 1215 2811 Ἤδη
1251 2741 1562 2814 προμελετᾷ
1617 2746 1979 2818 κατασπεῖραι

403 2827 483 2897 τῷ
511 2826 701 2897 κόσμῳ
733 2825 830 2896 τὴν
859 2824 1084 2892 πλάνην.
1117 2825 1225 2877 Καὶ
1269 2824 1457 2896 ἐπειδὴ
1496 2826 1821 2897 ἐμελέτησεν
1844 2867 1859 2888 ,
1907 2827 1981 2891 ὡς

406 2912 685 2983 προεῖπον,
738 2907 1023 2960 πολυθεῖαν
1059 2907 1376 2978 ἐγεῖραιτῴ
1423 2909 1647 2978 κόσμῳ,
1699 2908 1982 2981 προλαϐὼν

404 2995 482 3058 ὡς
517 2997 574 3045 ἐν
603 2994 897 3063 διηγήματι
924 3032 938 3055 ,
979 2991 1339 3062 κατέσπειρεν
1397 2994 1475 3055 είς
1527 2993 1628 3055 τὰς
1678 2993 1848 3057 ἀκοὰς
1887 2994 1983 3063 τῆς

405 3075 666 3146 γυναικὸς
702 3074 934 3144 ἔμφασιν
972 3073 1068 3127 τοῦ
1109 3069 1248 3127 εἶναι
1279 3074 1509 3138 πολλοὺς
1541 3075 1717 3141 θεούς.
1762 3076 1901 3129 Ἀλλ’
1956 3078 1984 3130 6

408 3160 511 3228 μὲν
549 3158 649 3228 τῆς
707 3159 901 3219 κακίας
951 3156 1199 3228 τεχνίτης
1251 3156 1391 3209 οὕτω
1426 3160 1862 3231 προκατέσπειρε
1886 3159 1985 3231 τὴν

404 3242 616 3294 ἔννοιαν
644 3239 752 3293 τῶν
802 3239 967 3292 θεῶν·
1002 3242 1031 3293 6
1058 3239 1114 3291 δὲ
1162 3239 1293 3302 Θεὸς
1346 3238 1611 3310 προέιδὼς
1644 3242 1982 3313 ᾡκονόμησε,

404 3325 506 3396 τὴν
534 3324 776 3395 πλάστην
802 3323 901 3395 τὴν
930 3322 1227 3394 μέλλουσαν
1250 3324 1324 3395 μὴ
1347 3323 1641 3395 λαληθῆναι
1661 3324 1985 3397 ἀνθρωπίνῳ

408 3410 657 3478 στόματι,
692 3406 843 3479 [498]
872 3407 957 3461 ἵνα
991 3405 1063 3477 μὴ
1088 3405 1276 3476 πρώτη
1300 3406 1491 3478 λογικὴ
1518 3407 1667 3479 φωνὴ
1701 3410 1826 3479 περὶ
1847 3408 1985 3464 θεῶν

406 3492 726 3563 φθέγξηται,
748 3489 885 3544 άλλά
911 3489 1127 3560 πρῶτον
1154 3488 1327 3559 στόμα
1348 3489 1544 3558 ϐφεως,
1573 3491 1659 3543 ἴνα
1679 3493 1787 3544 πᾶν
1813 3491 1986 3561 στόμα

406 3574 604 3629 λαλοῦν
627 3574 756 3645 περί
794 3572 1029 3626 εἰδώλων
1066 3572 1145 3641 τῷ
1177 3574 1404 3642 στόματι
1439 3574 1648 3627 ἐκείνου
1676 3575 1985 3645 ἀπεικάζη-

406 3676 517 3713 ται.
552 3653 679 3711 Οἶδα
710 3658 789 3710 ὅτι
837 3658 929 3709 καὶ
975 3658 1041 3726 τῇ
1083 3658 1232 3726 φωνῇ
1284 3655 1717 3723 συγγινώσκετε,
1763 3657 1984 3722 καὶτὰς

406 3742 615 3803 ἐννοίας
646 3740 743 3805 τάς
772 3740 933 3808 ἁγίας
957 3739 1065 3793 τῶν
1094 3739 1134 3792 Γ
1137 3737 1328 3810 ραφῶν
1351 3740 1646 3811 άρπάζετε.
1673 3739 1873 3811 Μηδεὶς
1893 3736 1985 3795 οῦν

407 3828 536 3897 περὶ
569 3825 659 3877 τὸν
684 3824 892 3894 κόμπον
917 3825 1014 3893 τῆς
1048 3823 1231 3893 φωνῆς
1260 3822 1593 3894 ἀσχολείσθω
1618 3864 1631 3889 ,
1683 3823 1817 3877 ἀλλά
1854 3826 1984 3896 περὶ

405 3908 507 3981 τὴν
540 3906 648 3959 τῶν
669 3906 954 3977 νοημάτων
983 3905 1231 3977 δύναμιν.

484 4010 651 4084 ’ᾙδει
677 4013 806 4079 γὰρ,
844 4011 1027 4080 φησὶν,
1075 4011 1108 4064 ό
1146 4010 1310 4075 Θεὸς,
1362 4010 1452 4063 ὅτι
1486 4002 1524 4082 ᾗ
1548 4009 1624 4064 ἂν
1652 4009 1842 4080 ἡμέρᾳ
1874 4009 1985 4079 φάο

405 4112 577 4167 φητε,
600 4095 818 4149 ἔσεσθε
848 4092 928 4159 ὡς
957 4093 1100 4158 θεοὶ,
1125 4094 1523 4163 γινώσκοντες
1546 4092 1734 4148 καλὸν
1754 4094 1853 4147 καί
1875 4108 1983 4148 πο-

406 4180 616 4249 νηρόν.
642 4179 872 4247 Λέγουσι
903 4177 1107 4241 πολλοὶ,
1149 4178 1242 4230 καὶ
1273 4178 1506 4247 μάλιστα
1530 4178 1578 4231 οί
1605 4178 1681 4249 τῷ
1709 4178 1987 4247 θεοστυγεῖ

407 4261 705 4335 Πορφυρίῳ
736 4260 1198 4330 ἀκολουθήσαντες
1222 4258 1298 4329 τῷ
1318 4260 1459 4313 κατά
1498 4259 1838 4330 Χριστιανῶν
1864 4277 1986 4329 συγ-

408 4347 680 4418 γράψαντι
710 4346 802 4399 καὶ
849 4346 942 4398 τοῦ
983 4344 1126 4398 θείου
1161 4342 1427 4415 δόγματος
1470 4342 1694 4406 πολλοὺς
1747 4344 1986 4415 ἀποστή-

409 4448 562 4484 σαντι
590 4446 602 4460 ·
643 4428 861 4497 λέγουσι
898 4427 1076 4480 τοίνυν
1103 4444 1116 4457 ·
1150 4426 1250 4479 Διά
1298 4427 1350 4478 τί
1390 4428 1418 4480 6
1471 4426 1603 4489 Θεὸς
1639 4427 1983 4498 ἀπηγόρευσε

405 4516 507 4584 τὴν
527 4512 727 4581 γνῶσιν
755 4510 847 4564 τοῦ
878 4512 1041 4566 καλοῦ
1072 4511 1165 4563 καὶ
1194 4509 1428 4581 πονηροῦ
1453 4528 1468 4575 ;
1494 4512 1696 4574 Ἔστω,
1727 4512 1789 4564 τὸ
1818 4529 1984 4585 πονη-

411 4597 503 4668 ρὸν
554 4593 933 4665 ἀπηγόρευσε·
967 4594 1055 4646 διὰ
1083 4594 1134 4646 τί
1169 4595 1261 4646 καὶ
1301 4594 1359 4645 τὸ
1394 4594 1587 4659 καλόν;
1641 4595 1824 4648 Εἰπὼν
1852 4595 1985 4667 γὰρ,

421 4678 555 4732 Ἀπὸ
588 4677 693 4730 τοῦ
729 4676 917 4740 ξύλου
959 4674 1068 4729 τοῦ
1095 4675 1314 4730 ειδέναι
1359 4675 1549 4729 καλὸν
1578 4676 1675 4729 καί
1718 4678 1986 4746 πονηρὸν

402 4762 493 4833 μὴ
543 4760 788 4831 φάγητε,
830 4759 1048 4823 κωλύει,
1110 4761 1294 4831 φησὶν,
1344 4759 1506 4814 αὑτὸν
1556 4760 1649 4813 τοῦ
1691 4760 1885 4814 εἰδέναι
1925 4762 1987 4815 τὸ

410 4846 582 4901 κακόν
601 4861 613 4874 ·
642 4843 729 4897 διὰ
754 4842 805 4896 τί
836 4844 928 4897 καὶ
952 4843 1012 4896 τὸ
1042 4842 1276 4910 άγαθόν;
1321 4844 1432 4896 Ἀεὶ
1457 4844 1491 4913 ή
1521 4843 1683 4897 κακία
1713 4843 1834 4901 καθ’
1862 4846 1987 4898 ἐαυ-

408 4930 509 4999 τῆς
537 4927 872 4997 τεχνάζεται,
898 4927 990 4979 καὶ
1028 4925 1127 4990 τὰς
1160 4926 1330 4990 λαϐάς
1361 4926 1481 4979 καθ’
1521 4928 1715 4998 ἑαυτῆς
1751 4928 1985 4983 δίδωσιν.

408 5015 485 5068 Ού
528 5012 624 5083 τὴν
650 5013 847 5079 γνῶσιν
881 5008 1149 5063 ἐκώλυσεν
1183 5010 1210 5060 6
1235 5009 1365 5073 Θεὸς
1393 5009 1483 5063 τοῦ
1510 5010 1674 5063 καλοῦ
1698 5027 1708 5038 ·
1743 5006 1853 5081 εἶχε
1880 5012 1985 5084 γάρ

406 5094 581 5169 αὐτὴν
615 5096 643 5147 6
690 5094 879 5163 Ἀδὰμ,
907 5097 999 5145 καὶ
1025 5093 1130 5163 πρὸ
1156 5092 1249 5145 τοῦ
1287 5096 1500 5161 φαγεῖν.
1538 5094 1602 5145 Εἰ
1639 5094 1745 5164 γάρ
1770 5094 1847 5165 μὴ
1874 5094 1987 5166 εἶχε

405 5180 635 5249 γνῶσιν,
677 5178 795 5241 πῶς
815 5174 1068 5247 γνωρίζει
1091 5176 1189 5247 τὴν
1224 5179 1489 5244 γυναῖκα;
1517 5176 1634 5240 πῶς
1657 5179 1985 5248 φυσιολογεῖ,

418 5260 672 5315 Ὀστοῦν
688 5261 757 5313 ἐκ
785 5258 902 5311 τῶν
931 5258 1126 5313 ὀστῶν
1136 5277 1276 5327 μου,
1306 5259 1401 5313 καί
1428 5259 1583 5327 σὰρξ
1604 5260 1672 5313 ἐκ
1703 5261 1811 5328 τῆς
1844 5276 1988 5330 σαρ-

404 5350 518 5412 κός
533 5363 652 5414 μου
676 5362 694 5410 ;
732 5343 847 5405 πῶς
872 5341 927 5395 δὲ
956 5344 1049 5396 καὶ
1071 5343 1403 5413 προφητεύει
1427 5343 1494 5396 τὰ
1527 5343 1805 5412 μέλλοντα,
1826 5346 1987 5412 Αὕτη

405 5428 779 5497 κληθήσεται
808 5425 983 5496 γυνὴ,
1018 5427 1104 5479 ὅτι
1126 5428 1192 5479 ἐκ
1222 5428 1330 5481 τοῦ
1363 5426 1580 5495 ἀνδρὸς
1617 5426 1807 5495 αὐτῆς
1847 5429 1989 5495 6.1)}-

403 5516 550 5584 φθη.
597 5512 742 5565 Ἀντί
771 5509 985 5562 τούτου
1016 5511 1364 5578 καταλείψει
1396 5508 1704 5578 ἅνθρωπος
1739 5510 1845 5563 τὸν
1878 5527 1989 5564 πα-

471 5664 497 5692 “
526 5659 669 5709 Nolal
708 5661 757 5723 in
784 5670 936 5719 marg.
963 5657 1112 5706 Savil.
1146 5657 1410 5723 legendum
1435 5670 1566 5723 esse,
1603 5660 1633 5715 ἢ
1659 5659 1818 5721 χρείαν
1838 5676 1987 5723 προσ.-

402 5722 686 5779 ποιεῖται,ἢ
729 5722 939 5781 ἄγνοιαν,
980 5733 1122 5781 quam
1166 5720 1428 5767 lectionem
1464 5722 1519 5767 in
1565 5727 1755 5769 textum
1793 5720 1985 5770 invexit

403 5784 669 5847 Combelis.
696 5781 799 5830 Nus
820 5784 870 5847 in
894 5782 1074 5847 Urgecin
1096 5781 1213 5829 nihil
1238 5785 1503 5847 m‘ulanles,
1529 5782 1664 5832 illam
1691 5788 1853 5833 tamen
1878 5784 1983 5834 lec-

410 5854 603 5898 tionem
621 5846 672 5894 in
708 5844 939 5893 versione
964 5841 1135 5897 Latina
1155 5841 1426 5903 sequimur.

1452 375 1537 430 DE
1575 374 1787 429 MUNDI
1826 372 2220 429 CREATIONE
2252 372 2510 429 ORATIO
2542 372 2628 426 Vl.

3542 372 3651 430 688

2078 493 2216 560 τέρα
2235 490 2421 546 αὑτοῦ
2442 492 2541 545 καί
2569 490 2682 558 τὴν
2702 490 2948 559 μητέρα,
2982 487 3076 541 καὶ
3100 486 3165 541 τὰ
3191 486 3353 539 λοιπά
3376 502 3391 549 ;
3416 486 3653 542 τοσαῦτα

2078 571 2206 637 οἶδε,
2241 577 2335 629 καί
2364 575 2464 627 οὐκ
2492 573 2606 643 ᾔδει
2641 571 2704 625 τὸ
2730 571 2928 637 καλόν;
2980 571 3083 623 Τὸν
3119 569 3251 623 Θεὸν
3272 568 3386 639 ᾔδει
3409 606 3426 633 ,
3462 569 3532 622 τὰ
3559 570 3654 623 τοῦ

2078 657 2214 712 Θεοῦ
2248 660 2454 728 ἐτήρει,
2479 654 2677 725 γνῶσιν
2705 649 2868 723 εἶχεν,
2887 653 3125 724 ὀνόματα
3141 651 3375 722 ἐπέθηκε
3396 651 3649 706 τοσαῦτα·

2084 740 2201 801 πῶς
2228 740 2328 793 οὐκ
2356 734 2469 808 εἶχε
2501 738 2699 805 γνῶσιν
2733 735 2939 801 καλοῦ;
2980 735 3045 787 Τί
3092 728 3183 787 οῦν
3217 735 3397 801 ἐστιν;
3439 734 3511 788 Ού
3555 733 3653 806 τὴν

2078 823 2277 892 γνῶσιν
2305 821 2502 875 κωλύει
2532 822 2559 873 ὁ
2591 819 2721 883 Θεὸς
2747 818 2840 871 τοῦ
2867 817 3054 880 καλοῦ,
3079 816 3215 873 ἀλλά
3244 816 3386 869 θέλει
3414 818 3486 888 μὴ
3516 813 3653 871 εἶναι

2081 906 2220 976 μετὰ
2248 903 2341 957 τοῦ
2372 902 2575 972 ἀγαθοῦ
2610 898 2708 972 τὴν
2741 902 2938 971 γνῶσιν
2985 898 3078 977 τοῦ
3132 899 3320 954 κακοῦ.
3354 900 3479 953 Λύω
3509 899 3565 953 δέ
3592 901 3653 954 τὸ

2081 988 2319 1057 σόφισμα
2354 987 2452 1055 τῆς
2484 984 2736 1048 ἀσεϐείας
2765 984 2871 1037 ἀπὸ
2900 981 3008 1035 τῶν
3043 982 3475 1054 Γραφῶν.,Λέγει
3505 984 3654 1036 Παῦ-

2078 1069 2169 1135 λος
2190 1090 2203 1103 ·
2230 1074 2312 1125 Οὐ
2344 1072 2608 1126 δύνασθε
2636 1068 2921 1137 ποτήριον
2947 1066 3170 1135 Κυρίου
3196 1066 3372 1128 πιεῖν,
3417 1068 3513 1120 καὶ
3549 1080 3652 1120 πο·
3748 1128 3761 1147 ο

2078 1153 2284 1222 τήριον
2309 1153 2649 1223 δαιμονίων.
2682 1153 2754 1204 Οὒ
2783 1152 2852 1205 τὰ
2878 1150 2971 1204 δύο
2992 1149 3281 1213 ἐκώλυσεν,
3312 1149 3425 1204 ἀλλ’
3456 1151 3652 1219 ήγίασε

2082 1239 2181 1307 μὲν
2226 1236 2288 1290 τὸ
2316 1237 2492 1305 ἆγιον,
2524 1235 2792 1308 ἀπέρριψε
2843 1234 2899 1288 δὲ
2938 1233 3005 1287 τὸ.
3026 1234 3216 1301 ἐναγὲς
3263 1234 3353 1285 καὶ
3406 1233 3648 1303 βέϐηλον.

2079 1319 2235 1374 Οὖτω
2255 1321 2347 1373 καὶ
2374 1322 2402 1372 6
2420 1319 2610 1389 Σωτήρ
2629 1335 2643 1349 ·
2676 1320 2757 1372 οὐ
2778 1317 3043 1371 δύνασθε
3070 1314 3199 1381 Θεῴ
3218 1315 3528 1371 δουλεύειν
3552 1316 3651 1371 καί

2072 1402 2355 1474 μαμωνᾷ·
2403 1402 2546 1457 κατά
2582 1403 2645 1456 τὸ
2673 1401 2804 1456 αὐτὸ
2833 1403 2928 1456 καὶ
2961 1400 3081 1471 Θεῷ
3101 1399 3367 1456 δουλεύειν
3400 1401 3493 1454 καὶ
3542 1400 3654 1452 δαί.

2083 1506 2203 1560 μονι
2234 1487 2512 1542 ἀδύνατον.
2543 1487 2730 1549 Οὕτως
2749 1490 2777 1541 6
2814 1486 2947 1549 Θεὸς
2978 1484 3219 1538 ἐκώλυσε
3250 1484 3432 1537 λαϐεῖν
3454 1484 3653 1553 γνῶσιν

2078 1571 2172 1624 τοῦ
2199 1570 2458 1641 πονηροῦ,
2487 1570 2572 1625 ἵνα
2599 1569 2673 1640 μὴ
2700 1569 2926 1640 μιγῆται
2957 1568 3095 1639 μετά
3121 1567 3214 1623 τοῦ
3243 1566 3449 1636 ἀγαθοῦ
3489 1568 3581 1620 καί
3618 1569 3652 1638 ή

2080 1653 2280 1723 γνῶσις
2309 1653 2402 1707 τοῦ
2428 1652 2620 1707 κακοῦ.

2150 1760 2213 1813 δ’.
2228 1760 2426 1814 Λοιπὸν
2442 1759 2673 1815 ἐνταῦθα
2686 1758 3059 1831 προσέχωμεν.
3083 1757 3180 1811 Διά
3201 1757 3252 1810 τί
3273 1757 3326 1810 δὲ
3348 1757 3481 1822 ὅλως
3496 1757 3655 1828 ἐκλή-

2078 1842 2146 1914 θη
2165 1843 2320 1909 ξύλον
2332 1841 2570 1911 γνωστὸν
2592 1842 2756 1896 καλοῦ
2775 1844 2867 1895 καὶ
2886 1841 3122 1912 πονηροῦ
3139 1858 3153 1905 ;
3171 1839 3250 1896 Οὐ
3271 1840 3521 1910 τοιαύτην
3541 1835 3653 1910 εἶχε

2080 1926 2262 1994 φύσιν,
2294 1925 2431 1979 ἀλλά
2458 1925 2712 1995 τοιαύτην
2771 1926 3001 1995 ήνεγκεν
3039 1924 3314 1987 ὑπόθεσιν,
3354 1924 3413 1979 τὸ
3461 1924 3655 1994 ἰδίωμα

2080 2008 2185 2061 τῶν
2214 2008 2441 2078 Γραφῶν
2463 2008 2623 2077 λέγω.
2646 2004 2769 2061 Οἷόν
2789 2026 2842 2062 τι
2866 2009 3007 2076 λέγω
3030 2025 3041 2037 ·
3066 2007 3266 2079 ἐκλήθη
3290 2010 3347 2061 ἐν
3374 2010 3440 2079 τῇ
3463 2008 3655 2078 ἐρήμῳ

2082 2093 2182 2163 μία
2222 2093 2370 2164 πηγὴ
2410 2093 2601 2157 ὓδατος
2631 2093 2775 2164 ὕδωρ
2803 2093 3108 2163 ἀντιλογίας
3131 2110 3146 2125 ·
3199 2092 3553 2162 Ἐδοκίμασά
3579 2108 3655 2146 σε

2077 2178 2177 2232 ἐπὶ
2199 2178 2416 2244 ὕδατος
2435 2179 2800 2246 ἀντιλογίας.
2829 2174 2974 2249 Ἀρα
2998 2178 3056 2231 τὸ
3085 2176 3228 2250 ὕδωρ
3256 2177 3507 2247 τοιαύτην
3539 2173 3652 2247 εἶχε

2080 2262 2258 2328 φύσιν,
2288 2261 2362 2325 ὡς
2389 2264 2468 2324 είς
2494 2261 2801 2330 ἀντιλογίαν
2833 2262 3016 2333 φέρειν
3054 2262 3142 2314 τὸν
3172 2261 3334 2324 λαόνς
3372 2261 3460 2314 διὰ
3484 2260 3536 2313 τί
3561 2257 3653 2315 οὖν

2080 2345 2319 2414 Μωῦσῆς
2353 2343 2492 2396 πιὼν
2548 2346 2647 2398 ούκ
2696 2346 2915 2399 ἀντεῖπε
2958 2344 3037 2416 τῷ
3088 2344 3241 2415 Θεῷ;
3296 2347 3503 2415 Ὥσπερ
3560 2341 3659 2399 οὖν.

2080 2428 2280 2498 ἐκλήθη
2312 2427 2370 2480 τὸ
2395 2427 2537 2499 ὕδωρ
2565 2428 2871 2497 ἀντιλογίας
2905 2427 3067 2500 ὕδωρ,
3103 2429 3163 2480 ού
3205 2428 3363 2497 φύσιν
3394 2428 3514 2497 ἔχον
3543 2446 3655 2481 τοι·

2080 2511 2269 2583 αύτην,
2305 2512 2437 2565 άλλά
2463 2512 2549 2565 διὰ
2589 2514 2687 2582 τὴν
2722 2512 2807 2565 ἐπ’
2852 2511 3001 2583 αύτῷ
3038 2514 3337 2584 γενομένην
3380 2513 3650 2567 ὑπόθεσιν.

2093 2597 2311 2669 Ἐπειδὴ
2339 2597 2447 2667 γὰρ
2475 2597 2591 2650 ἐκεῖ
2621 2598 2871 2649 ἀντεῖπεν
2890 2598 2918 2649 6
2950 2595 3096 2659 λαὸς,
3159 2596 3245 2650 διὰ
3270 2596 3427 2649 τοῦτο
3453 2596 3655 2668 ἐκλήθη

2083 2679 2223 2751 ὕδωρ
2252 2679 2578 2748 ἀντιλογίας.
2616 2680 2785 2733 Πάλιν
2823 2674 2961 2733 εἶδεν
3009 2678 3201 2732 Ἰακὼϐ
3248 2679 3336 2732 τὸν
3374 2680 3503 2732 Θεὸν
3529 2720 3542 2741 ,
3577 2680 3655 2744 ὡς

2086 2761 2214 2814 ίδεῖν
2241 2761 2512 2833 ἀνθρώπῳ
2534 2762 2774 2827 δυνατὸν,
2802 2763 2896 2816 καὶ
2926 2761 3083 2815 καλεῖ
3104 2762 3164 2815 τὸ
3185 2762 3353 2831 ὄνομα
3369 2761 3462 2815 τοῦ
3487 2763 3652 2815 τόπου

2082 2846 2260 2912 Εἶδος
2284 2846 2451 2900 Θεοῦ.
2496 2846 2554 2899 Ὀ
2586 2847 2748 2910 τόπος
2779 2846 2878 2899 οὐκ
2922 2841 3065 2916 εῖχεν
3098 2841 3236 2909 εἶδος
3266 2846 3423 2910 Θεοῦ,
3452 2845 3483 2916 ἢ
3518 2863 3653 2918 μορ-

2084 2930 2190 3001 φὴν
2209 2929 2363 2991 Θεοῦ,
2393 2929 2507 2983 ἀλλ’
2544 2930 2731 3001 ἐπειδὴ
2761 2932 2876 2984 ἐκεῖ
2904 2930 3052 3000 αύτῷ
3089 2932 3127 3002 ἡ
3154 2930 3385 2984 ὀπτασία
3418 2931 3653 2998 ἐγένετο,

2084 3012 2310 3065 ἐκάλεσε
2339 3012 2429 3065 τὸν
2453 3012 2615 3065 τόπον
2640 3013 2747 3066 ἀπὸ
2776 3012 2869 3065 τοῦ
2894 3012 3235 3084 πράγματος.
3274 3014 3465 3079 Ἄλλος
3491 3016 3661 3080 τόπος

2084 3096 2286 3168 ἐκλήθη
2309 3096 2528 3165 Είρήνη
2576 3096 2746 3150 Θεοῦ.
2801 3097 2929 3149 Ὅτε
2960 3097 3037 3167 τῷ
3061 3096 3264 3152 Γεδεὼν
3294 3100 3463 3171 ἐφάνη
3490 3100 3659 3169 ἄγγεα

2085 3180 2193 3246 λος,
2238 3180 2500 3251 ἐφοϐήθη,
2534 3182 2627 3234 καὶ
2667 3179 2851 3247 λέγει·
2883 3180 3080 3248 Οῑμοι,
3105 3181 3282 3250 οἴμοι,
3323 3183 3657 3237 ἀποθανοῦ-

2080 3282 2186 3333 μαι
2204 3281 2217 3295 ·
2247 3263 2397 3335 1499]
2424 3259 2589 3317 εἶδον
2622 3262 2730 3333 ⁴γὰρ
2758 3262 3016 3332 ἄγγελον
3047 3264 3216 3317 Θεοῦ.
3248 3265 3416 3333 Λέγει
3436 3260 3596 3330 αὐτῷ
3621 3268 3657 3320 ό

2084 3350 2367 3418 ἄγγελος·
2404 3346 2627 3415 Εἰρήνη
2657 3363 2778 3409 σοι,
2802 3346 2886 3415 μὴ
2907 3347 3112 3415 φοϐοῦ.
3146 3347 3256 3400 Καὶ
3285 3349 3653 3417 ᾠκοδόμησε,

2086 3432 2239 3501 φησὶ,
2267 3427 2501 3483 Γεδεὼν
2535 3426 2987 3496 θυσιαστήριον,
3039 3430 3134 3483 καί
3178 3428 3473 3483 ἐκάλεσεν
3507 3430 3665 3485 αὐτὰ

2084 3513 2308 3581 Εἰρήνη
2350 3510 2520 3565 Θεοῦ.
2555 3512 2765 3582 Ὥσπερ
2794 3506 2887 3565 οὖν
2918 3512 2947 3564 6
2978 3510 3187 3581 βωμὸς,
3217 3512 3249 3581 ἢ
3279 3513 3338 3565 τὸ
3370 3512 3658 3584 θυσιαστή-

2087 3612 2221 3667 ριον,
2256 3595 2355 3648 οὐκ
2392 3594 2524 3647 αὐτὸ
2578 3595 2800 3665 εἰρήνην
2855 3589 3023 3665 εἶχεν,
3072 3593 3209 3647 ἀλλά
3234 3596 3333 3663 τῆς
3360 3595 3659 3666 γενομένης

2085 3679 2177 3733 καὶ
2205 3678 2448 3749 δοθείσης
2495 3678 2717 3748 εἰρήνης
2760 3673 2828 3747 ἦν
2883 3676 3183 3748 σύμϐολον·
3242 3676 3334 3730 καὶ
3362 3678 3550 3749 ὥσπερ
3596 3679 3670 3733 τὸ,

2086 3761 2230 3833 ὕδωρ
2266 3760 2365 3814 οὐκ
2392 3753 2537 3830 εἶχεν
2569 3760 2897 3827 ἀντιλογίαν,
2933 3760 3068 3814 ἀλλά
3097 3759 3186 3813 διὰ
3236 3762 3335 3832 τὴν
3390 3761 3475 3813 ἐπ’
3508 3760 3667 3830 αὐτῷ

2084 3845 2381 3915 γενομένην
2415 3844 2668 3897 ὑπόθεσιν
2692 3843 2861 3907 οὓτως
2883 3844 3083 3916 ἐκλήθη
3101 3860 3114 3873 ·
3138 3843 3279 3897 οὕτω
3300 3846 3392 3898 καὶ
3421 3844 3482 3897 τὸ
3503 3845 3657 3910 ξύλον

2085 3930 2145 3984 οὐ
2172 3930 2370 3997 γνῶσιν
2403 3925 2567 3999 εἶχεν,
2619 3928 2731 3981 ἀλλ’
2764 3928 2947 4000 ἐπειδὴ
2992 3930 3099 3992 πᾶς
3143 3930 3173 3981 6
3208 3928 3534 4001 ἁμαρτάνων
3578 3931 3679 3993 εἰς,

2084 4014 2284 4083 γνῶσιν
2304 4012 2519 4085 ἔρχεται
2548 4005 2622 4065 ὧν
2649 4011 2965 4083 ἁμαρτάνει.
3002 4008 3126 4065 Οἷόν
3146 4029 3198 4064 τι
3224 4012 3387 4079 λέγω,
3414 4010 3574 4069 πάλιν
3592 4013 3658 4065 ἐν

2087 4099 2443 4169 ὑποδείγματι
2462 4115 2476 4130 ·
2497 4097 2665 4151 ἐνίοτε
2684 4097 3067 4169 παρερχόμεθα
3083 4098 3350 4162 ὁδεύοντες
3368 4098 3455 4151 διὰ
3476 4098 3666 4153 τόπων-

2087 4182 2519 4256 λῃστευομένων,
2536 4181 2628 4235 καὶ
2654 4180 2771 4244 ἔθος
2797 4184 2910 4244 τοῖς
2931 4179 3235 4252 ἀνθρώποις
3259 4181 3457 4249 λέγειν,
3484 4183 3546 4235 Οί
3576 4182 3658 4235 τό·

2086 4284 2177 4319 ποι
2209 4265 2274 4336 δὴ
2306 4258 2448 4319 οὗτοι
2475 4265 2693 4336 φοϐεροί
2718 4267 2873 4321 εἰσιν.
2910 4261 3055 4336 Ἄρα
3081 4267 3108 4318 ὁ
3134 4264 3297 4328 τόπος
3321 4264 3432 4335 ἔχει
3460 4265 3622 4333 φόϐον
3639 4282 3669 4331 ς,

2085 4348 2118 4418 ἢ
2149 4348 2235 4402 διὰ
2257 4350 2379 4411 τοὺς
2395 4348 2594 4425 λῃστάς
2609 4348 2849 4416 λέγουσι,
2866 4348 2989 4409 τοὺς
3011 4348 3366 4419 σχολάζοντας
3385 4351 3439 4400 ἐν
3467 4347 3657 4419 ἐκείνῳ

2085 4430 2162 4502 τῷ
2191 4430 2341 4501 τόπῳ
2366 4446 2380 4494 ;
2442 4431 2596 4483 Οὕτω
2649 4430 2822 4483 καὶτὸ
2844 4430 3053 4502 δένδρον
3073 4433 3246 4484 ἐκεῖνο
3272 4431 3331 4484 οὐ
3362 4430 3521 4500 φύσιν
3544 4425 3657 4502 εἶχε

2087 4513 2441 4568 θανατοποιοῦ
2464 4512 2718 4582 γνώσεως
2743 4513 3094 4585 ἐργαστικήν,
3131 4514 3244 4566 ἀλλ’
3273 4514 3379 4567 ἀπὸ
3406 4514 3504 4585 τῆς
3529 4515 3657 4586 περὶ¹

2086 4598 2217 4653 αὐτὸ
2248 4597 2543 4668 γενομένης
2558 4596 2635 4666 τῷ
2678 4597 2849 4666 Ἀδὰμ
2877 4596 3181 4667 τραγῳδίας
3203 4596 3358 4651 ἔλαϐε
3378 4598 3438 4651 τὸ
3465 4597 3656 4669 ὄνομα.

2087 4680 2217 4734 Λύω
2248 4680 2303 4732 δὲ
2337 4679 2396 4732 τὸ
2432 4680 2662 4749 πρᾶγμα
2692 4680 2971 4749 συντόμως
2995 4697 3009 4711 ·
3043 4680 3103 4733 ού
3128 4680 3236 4750 γὰρ
3269 4680 3465 4750 ἀπορεῖ
3484 4682 3517 4752 ή
3538 4680 3657 4733 θεία

2088 4764 2301 4833 Γραφή.
2338 4762 2584 4832 Σήμερον
2608 4761 2803 4832 ἔχομεν
2827 4762 3228 4835 θυσιαστήριον,
3252 4757 3312 4816 οὗ
3344 4764 3658 4834 μετέχουσιν

2087 4850 2134 4901 οἱ
2167 4846 2366 4899 πιστοί.
2401 4842 2549 4917 Ἀρα
2594 4846 2726 4899 αὐτὸ
2759 4846 2817 4899 τὸ
2857 4845 3027 4918 δῶρον
3080 4847 3312 4917 φυσικὴν
3340 4847 3451 4917 ἔχει
3482 4863 3658 4917 σωτη-

2091 4931 2230 5002 ρίαν,
2266 4930 2299 5000 ή
2326 4929 2411 4982 διὰ
2437 4930 2536 5000 τὴν
2565 4929 2996 5002 ἐπικαλουμένην
3038 4930 3194 4996 δόξαν
3230 4930 3373 5001 ἔχεις
3404 4930 3681 5001 ἐνέχυρον,

2088 5015 2195 5067 ἀπὸ
2217 5014 2323 5067 τῶν
2350 5014 2651 5084 παρόντων.
2683 5014 2756 5083 μὴ
2790 5013 3138 5089 ἀμφιϐάλλῃς
3167 5018 3293 5085 περὶ
3326 5014 3434 5067 τῶν
3454 5014 3657 5084 προλα-

2090 5098 2322 5161 ϐόντων;
2366 5097 2517 5151 Ἐκεῖ
2541 5096 2737 5168 βρῶμα
2759 5088 3129 5159 θανατοποιὸν,
3174 5093 3275 5155 ὧδε
3305 5098 3497 5171 βρῶμα
3531 5096 3660 5159 ζωο-

2089 5180 2260 5235 πσιόν.
2291 5181 2353 5232 Εἰ
2376 5180 2533 5233 τοῦτο
2559 5181 2618 5233 τὸ
2644 5180 2839 5252 βρῶμα
2860 5182 3021 5246 σώζει
3047 5182 3225 5252 φύσει,
3252 5182 3344 5235 καὶ
3365 5170 3424 5233 ού
3451 5180 3655 5250 χάριτι·

2088 5265 2306 5317 κάκεῖνο
2328 5266 2394 5333 τῇ
2426 5264 2582 5332 φύσει
2611 5266 2843 5337 ἀναιρεῖ,
2875 5267 2967 5319 καὶ
2996 5267 3059 5318 οὺ
3086 5254 3436 5336 παραϐάσει.
3489 5261 3687 5325 Δείξω.

2091 5364 2173 5400 σοι
2202 5347 2329 5400 ἄλλο
2380 5347 2575 5418 βρῶμα
2623 5347 2726 5412 ἔξω
2771 5348 2863 5402 τοῦ
2906 5345 3677 5421 παραδείσουθανατοποιὸν,

2088 5432 2184 5502 τὴν
2211 5430 2649 5508 εἰδωλολατρεέαν
2678 5432 2836 5500 λέγω.
2882 5432 2983 5485 Διά
3026 5433 3081 5485 τί
3126 5430 3233 5500 γὰρ
3277 5432 3657 5500 παρῃτήσαντο

2088 5515 2137 5568 οἰ
2174 5514 2447 5585 μάρτυρες
2473 5518 2663 5582 φαγεῖν
2695 5515 2865 5585 κρέας
2915 5515 3001 5568 διά
3034 5515 3084 5565 τί
3112 5510 3397 5582 ἐφοϐοῦντο
3423 5514 3651 5579 φαγεῖν;

2089 5592 2216 5666 ἆρα,
2250 5598 2297 5649 εἰ
2324 5596 2542 5665 ἔφαγον,
2578 5597 2951 5667 ἀπέθνησκον;
2984 5593 3243 5663 Οὐδαμῶς
3267 5611 3280 5623 ·
3321 5593 3433 5647 ἀλλ’
3469 5593 3681 5667 ἐπειδὴ,

2088 5680 2441 5746 ἐπωνόμαστο
2486 5680 2594 5732 τῶν
2623 5678 2854 5733 εἰδώλων
2888 5681 2920 5749 ή
2956 5680 3164 5748 μνήμη.
3215 5676 3431 5745 ἔφυγον,
3464 5677 3524 5728 ού
3554 5666 3679 5748 τὴνξη

2091 5762 2312 5834 βρῶσιν,
2346 5762 2481 5815 ἀλλά
2502 5762 2600 5833 τὴν
2622 5762 2731 5816 τῶν
2758 5762 2965 5833 μιαρῶν
2999 5760 3300 5831 ἐπίκλησιν.
3339 5758 3494 5813 Οὕτω
3516 5777 3655 5828 γνω-

2093 5846 2215 5901 στὸν
2240 5841 2307 5918 ἧν
2334 5846 2504 5905 κακοῦ
2529 5847 2623 5905 καὶ
2647 5846 2847 5917 ἀγαθοῦ
2874 5843 3261 5919 τὸ-δένδροννού
3294 5842 3494 5913 γνῶσιν
