4044 6306
490 357 594 413 ιεν

485 472 631 543 ἕχον,
663 470 774 525 ἀλλ’
811 469 919 525 ἀπὸ
955 471 1050 542 τῆς
1096 469 1453 544 παραϐάσεως
1510 471 1762 526 διδάσκον
1803 472 1964 527 αὐτόν
2002 473 2055 526 ι’.

501 560 613 612 Ἀεὶ
642 559 748 629 γὰρ
783 560 816 629 ἠ
840 561 1003 630 πεῖρα
1027 558 1265 613 διδάσκει
1286 560 1376 612 τὸν
1414 560 1659 631 ἀνόητον,
1689 562 1769 615 ὅτι
1809 562 1979 616 κακὸν
2002 561 2064 614 τὸ

487 648 820 720 παραϐῆναι.
857 648 1024 700 Πάλιν
1061 647 1222 720 ἐτέρᾳ
1265 649 1369 719 ὁδῷ
1387 649 1679 721 λυθήσεται
1710 650 1771 703 τὸ
1798 648 2063 721 ζητούμε-

487 754 597 800 νον,
630 736 726 807 οὐχ
749 735 825 800 ὡς
850 736 956 790 τῶν
980 736 1209 808 πρώτων
1246 736 1577 794 ἀτονούντων
1603 778 1617 801 ,
1664 737 1784 791 ἀλλ’
1837 738 1913 801 ὡς
1963 739 2062 809 τῆς

484 826 705 897 χάριτος
729 825 821 879 τοῦ
849 824 983 879 Θεοῦ
1015 826 1271 892 πλουσίας
1304 825 1489 899 οῦσης.
1521 826 1613 897 Μὴ
1646 826 1754 898 γάρ
1797 844 1880 891 τις
1909 845 2063 897 νομι-

485 916 624 978 ζέτω
653 916 751 988 τὴν
774 914 1066 984 ἐπαγωγὴν
1092 915 1202 969 τῶν
1235 915 1443 968 πολλῶν
1485 916 1773 987 νοημάτων
1810 915 1878 968 δι’
1901 916 2061 969 ἀσθέ-

484 1021 635 1058 νειαν
686 1004 934 1073 γίνεσθαι
963 1003 1072 1056 τῶν
1113 1002 1493 1075 προλαϐόντων
1518 1022 1531 1036 ο
1562 1007 1597 1075 ἡ
1626 1005 1719 1057 τοῦ
1769 1005 1904 1058 Θεοῦ
1950 1004 2059 1075 γὰρ

484 1095 643 1165 χάρις
673 1092 901 1146 πλουσία
924 1087 1077 1155 οῦσα,
1106 1093 1169 1143 ἐκ
1196 1090 1304 1143 τῶν
1351 1091 1551 1161 ἑαυτῆς
1584 1092 1877 1163 θησαυρῶν
1918 1111 2060 1166 παρ-

483 1186 596 1254 έχει
626 1186 775 1254 ἡμῖν,
805 1184 899 1237 ἐὰν
927 1176 1077 1252 ὦμεν
1106 1181 1269 1245 ἄξιοι.
1300 1182 1541 1252 Πρόσεχε
1569 1182 1768 1239 τοίνυν.
1812 1185 1876 1236 OE
1918 1184 2059 1256 μάρ-

481 1290 643 1344 τυρες
668 1273 1053 1345 παρῃτήσαντο
1087 1270 1288 1342 βρῶσιν
1320 1270 1701 1334 εἰδωλοθύτων,
1736 1272 1903 1336 ὅντως
1927 1272 2059 1340 φεύ-

480 1381 665 1433 γοντες
689 1365 903 1432 φαγεῖν,
928 1362 1003 1425 ὡς
1031 1364 1079 1414 εί
1112 1360 1310 1429 ἐφυγεν
1343 1359 1515 1431 Ἀδάμ
1535 1362 1596 1413 τὸ
1614 1361 1849 1433 δένδρον,
1878 1361 2055 1434 ἐσώθη

481 1455 565 1509 ἄν.
600 1454 723 1507 Ὅτι
758 1452 815 1505 δέ
848 1453 908 1504 οὐ
956 1451 1019 1503 τὸ
1062 1449 1261 1504 εἰδέναι
1296 1448 1500 1517 ἀγαθὸν
1543 1449 1637 1504 καὶ
1672 1450 1861 1515 κακὸν,
1899 1450 2057 1504 τοῦτο

483 1542 731 1612 μισητὸν,
757 1542 790 1611 η
813 1540 1040 1612 ἀλήθεια
1059 1538 1285 1608 λάμπει.
1326 1538 1575 1608 Ἐρωτῶν
1594 1537 1704 1608 γὰρ
1738 1538 1939 1601 ὁΘεὸς,
1961 1539 2057 1591 καὶ

484 1632 559 1701 μὴ
589 1630 864 1702 πράττων,
894 1624 1033 1682 οἶδεν
1059 1626 1211 1693 αὐτὸ,
1240 1627 1273 1697 ἢ
1306 1625 1401 1692 οῦ;
1428 1626 1524 1691 Τίς
1556 1626 1732 1697 τολμᾷ
1778 1629 1954 1681 εἰπεῖν
1973 1629 2055 1682 ὅτι

479 1721 579 1775 οὐκ
611 1716 751 1773 οἶδεν
770 1738 785 1785 ;
806 1719 880 1772 Οὐ
905 1719 1013 1789 γάρ
1038 1720 1186 1770 ἐστιν
1207 1720 1240 1788 ἡ
1273 1717 1494 1786 γνῶσις,
1516 1718 1733 1788 πρᾶξις.
1753 1713 1898 1788 τΑρα
1918 1717 2057 1771 Παῦ-

479 1809 568 1871 λος
601 1811 629 1861 6
658 1808 850 1875 λέγων,
877 1806 1130 1874 Φεύτετε
1153 1805 1271 1872 τὴν
1294 1806 1597 1873 πορνείαν,
1634 1805 1734 1857 οὐκ
1756 1805 1871 1875 ᾔδει
1904 1803 1956 1859 τί
1987 1802 2055 1875 ἦν

479 1898 512 1967 ή
543 1896 765 1967 πορνεία
786 1913 800 1961 ;
824 1896 853 1947 6
874 1894 1091 1964 φεύγων
1122 1892 1387 1964 μοιχείαν,
1414 1893 1515 1945 οὐκ
1539 1892 1656 1964 ᾔδει
1692 1892 1744 1945 τί
1774 1888 1843 1963 ἦν
1869 1894 1902 1963 ἡ
1937 1910 2055 1963 μοιο

477 1986 631 2056 χεία;
676 1984 814 2038 Ἀλλ’
848 1985 906 2036 οὐ
942 1984 1263 2054 κατέκρινεν
1295 1981 1457 2036 αὑτὸν
1487 1983 1520 2052 ἠ
1550 1981 1772 2050 γνῶσις.
1804 1981 1977 2045 Αὐτὸς
1997 1982 2052 2035 δὲ

476 2076 505 2127 6
533 2075 665 2137 Θεὸς
704 2069 843 2127 οἶδεν
878 2073 1036 2144 ἡμῶν
1077 2072 1206 2136 ὅλας
1241 2070 1340 2135 τὰς
1382 2071 1628 2143 πράξεις,
1668 2071 1917 2143 ἀριθμῶν
1960 2074 2053 2126 καὶ

476 2162 675 2231 λέγων·
718 2163 819 2216 Ἐκ
845 2160 953 2229 τῆς
980 2161 1227 2230 καρδίας
1256 2159 1600 2230 ἐξέρχονται
1628 2162 1903 2231 λογισμοὶ
1940 2177 2050 2214 πο-

476 2250 669 2320 νηροὶ,
703 2253 898 2319 φόνοι,
929 2249 1205 2319 μοιχεῖαι,
1224 2249 1536 2317 ἐπιορκίαι,
1558 2249 1882 2318 ἀσέλγειαι,
1910 2252 2051 2318 φθό-

476 2357 589 2403 νοι,
622 2340 982 2404 πλεονεξίαι.
1015 2338 1205 2397 Ταῦτά
1230 2339 1361 2392 ἐστι
1385 2341 1457 2392 τὰ
1482 2338 1799 2393 κοινοῦντα
1820 2340 1927 2393 τὸν
1947 2341 2051 2393 dr-

477 2431 730 2496 θρωπον.
764 2427 951 2481 Ταῦτα
972 2424 1129 2498 [500]
1174 2426 1383 2494 ἀγνοῶν
1414 2425 1581 2493 λέγει,
1619 2426 1653 2496 ἢ
1678 2426 1829 2490 εἰδὼς
1858 2430 1886 2481 6
1919 2428 2049 2492 Θεὸς

476 2515 570 2570 καὶ
592 2517 621 2568 6
636 2513 952 2577 Ἀπόστολος
973 2531 987 2577 ;
1005 2513 1115 2583 Οὐχ
1138 2512 1346 2585 ὑϐρίζει
1366 2508 1458 2565 οῦν
1480 2515 1513 2583 η
1531 2512 1730 2580 γνῶσις
1742 2513 1834 2565 τὸν
1854 2513 2043 2584 Ἀδάμ.

478 2602 754 2671 Ἐϐλαψεν
787 2602 883 2671 οὐχ
914 2603 947 2671 ἡ
977 2600 1196 2669 γνῶσις,
1223 2600 1338 2654 ἀλλ’
1363 2602 1397 2671 ἡ
1444 2600 1772 2672 παράϐασις.
1805 2601 1953 2655 Θέλω
1991 2604 2047 2656 δὲ

474 2691 750 2762 ἐρωτῆσαι
780 2690 960 2753 αὑτὸν,
993 2693 1144 2743 ποῖον
1172 2689 1342 2759 ἔμαθε
1371 2689 1521 2760 παρὰ
1547 2689 1639 2743 τοῦ
1676 2689 1831 2754 ξύλου
1860 2692 2042 2755 καλὸν,

472 2781 505 2847 ἢ
530 2779 697 2833 κακόν
720 2796 733 2843 ;
760 2778 913 2832 Μετὰ
956 2778 1055 2848 τὴν
1105 2777 1305 2847 βρῶσιν
1336 2777 1476 2845 ἔγνω
1501 2778 1551 2830 τί
1584 2781 1700 2830 ἐστι
1725 2779 1914 2847 φόνος;
1951 2781 2047 2833 Οὐ-

472 2866 583 2929 δεὶς
614 2866 825 2918 οὐδέπω
875 2860 942 2935 ἦν
979 2866 1007 2917 6
1033 2864 1305 2930 κολάζωνο
1354 2866 1414 2917 οὐ
1445 2867 1657 2937 μοιχεία
1685 2868 2008 2934 ἐγινώσκετο
2027 2886 2041 2899 θ

470 2954 682 3007 οὐδέπω
705 2959 812 3023 γὰρ
831 2948 971 3024 ἦσαν
993 2952 1188 3022 γάμοι·
1211 2953 1270 3007 οὐ
1295 2956 1560 3025 πορνεῖαι,
1587 2954 1685 3024 οὐχ
1708 2955 1929 3027 ἁρπαγὴ
1952 2951 2041 3028 ἦν·

470 3041 682 3094 οὐδέπω
712 3040 821 3112 γάρ
843 3037 910 3111 ἦν
943 3040 1192 3104 πλούσιος
1216 3041 1310 3094 καὶ
1350 3041 1549 3113 πένης·
1595 3043 1654 3095 οὐ
1689 3044 2041 3111 συκοφαντίαι

471 3131 566 3183 καὶ
591 3129 1069 3201 ψευδομαρτυρίαι.
1112 3130 1270 3181 Ποῖον
1305 3123 1399 3182 οῦν
1430 3129 1570 3198 ἔγνω
1605 3130 1791 3196 κακὸν,
1823 3131 1855 3202 ἢ
1885 3130 2043 3186 τοῦτο

474 3217 658 3287 μόνον,
684 3220 769 3275 ὅτι
787 3217 950 3271 καλὸν
973 3214 1041 3288 ἦν
1077 3217 1136 3270 τὸ
1164 3218 1470 3273 ὑπακοῦσαι
1508 3217 1648 3290 Θεῷ,
1696 3220 1864 3274 κακὸν
1891 3220 1948 3275 δὲ
1980 3222 2042 3275 τὸ

475 3306 821 3377 παρακοῦσαι
851 3305 1022 3370 Θεοῦ;
1057 3306 1215 3374 Λέγω
1242 3305 1299 3358 δὲ
1336 3306 1512 3360 κοινὸν
1541 3307 1636 3361 καὶ
1671 3310 2040 3381 περιφερόμε-

471 3412 561 3448 νον
594 3396 763 3466 ῥῆμα,
788 3394 882 3447 καὶ
913 3394 986 3465 μή
1021 3410 1104 3456 τις
1135 3392 1298 3447 αὑτοῦ
1324 3393 1399 3457 ὡς
1443 3394 1717 3466 τολμηροῦ
1764 3398 2037 3470 καταγνῷ.

471 3482 758 3553 Είώθαμεν
788 3482 964 3550 λέγειν
991 3482 1103 3543 τοῖς
1125 3481 1549 3551 ἁμαρτάνουσιν,
1582 3484 1930 3549 ἀπειλοῦντες
1951 3489 2042 3541 αὑ-

467 3573 579 3634 τοῖς
618 3571 951 3642 ἐπιστροφήν
975 3586 989 3600 ο
1030 3568 1175 3622 Ποιῶ
1207 3585 1265 3622 σε
1300 3569 1493 3639 μαθεῖν
1515 3573 1865 3644 ἐπιστροφήν.
1892 3570 2040 3646 Ἆρα

467 3658 666 3726 γνῶσιν
696 3657 843 3725 λέγει
876 3658 975 3725 τὴν
1006 3656 1273 3726 μάθησιλν;
1300 3656 1373 3709 Τὸ
1399 3653 1491 3711 οὖν
1515 3660 1756 3727 γνωστὸν
1794 3662 1903 3716 ἀπὸ
1937 3663 2040 3733 τῆς

468 3746 664 3817 πείρας
706 3743 812 3797 τῶν
862 3743 1176 3816 συμφορῶν.
1214 3745 1562 3801 Ἐπαίδευσεν
1605 3748 1767 3802 αὐτὸν
1812 3749 2036 3820 γνῶναι,

468 3833 654 3896 πόσοις
678 3836 867 3895 κακοῖς
898 3831 1225 3907 συνεζεύχθη
1250 3834 1519 3905 παραϐάς.

536 3928 597 3977 ε’.
617 3924 855 3995 Πρόσεχε
874 3923 1051 3978 τοίνυν
1078 3925 1216 3995 μετὰ
1236 3926 1537 3997 ἀκριϐείας.
1557 3927 1623 3982 Εἰ
1646 3928 1753 3999 γάρ
1774 3931 1869 3983 καὶ
1893 3930 2039 4003 εἴρη-

466 4028 555 4064 ται
572 4012 782 4089 πρῴην,
803 4013 917 4067 ἀλλ’
934 4015 967 4084 ἡ
986 4014 1237 4078 ὑπόθεσις
1253 4014 1400 4069 ἕλκει
1418 4017 1508 4069 τὸν
1526 4016 1699 4086 λόγον.
1718 4018 1776 4071 Ὀ
1791 4018 2037 4084 δεδωκὼς

465 4098 534 4151 τὰ
557 4100 733 4152 πάντα
757 4099 888 4163 Θεὸς
908 4100 1137 4171 ἀόρατος
1169 4096 1237 4175 ἧν
1257 4118 1271 4133 ·
1296 4104 1324 4155 6
1344 4102 1523 4161 λαϐὼν
1560 4104 1712 4175 παρὰ
1760 4106 1857 4159 τοῦ
1901 4107 2034 4161 Θεοῦ

463 4187 534 4240 τά
562 4188 737 4241 πάντα
773 4187 1047 4259 ὁρώμενος
1074 4186 1161 4259 ἦν.
1209 4190 1266 4243 '0
1296 4190 1475 4245 λαϐὼν
1519 4194 1787 4263 ἐφαίνετο,
1816 4199 1844 4249 6
1871 4197 2033 4250 δεδω-

464 4276 576 4340 κὼς
597 4276 695 4329 οὐκ
728 4278 994 4346 ἐφαίνετο.
1029 4279 1206 4342 Μόνος
1250 4275 1318 4351 ἦν
1351 4284 1379 4334 6
1402 4281 1719 4352 ἄνθρωπος·
1769 4285 1839 4339 τά
1864 4286 2034 4353 ἄλογα

462 4366 591 4435 περὶ
634 4365 816 4419 αὐτόν.
883 4368 1036 4420 Κατὰ
1072 4368 1313 4440 κεφαλῆς
1359 4370 1547 4427 οὐδένα
1594 4367 1754 4441 εἶχεν.
1797 4372 2033 4445 Ἔθηκεν

463 4452 611 4522 αὑτῷ
642 4455 675 4506 ὁ,
694 4452 824 4516 Θεὸς
849 4455 1030 4525 νόμον,
1070 4457 1128 4509 τὸ
1152 4457 1366 4527 δένδρον
1396 4460 1476 4521 είς
1509 4459 1813 4532 ὑπόμνησιν
1841 4463 1900 4517 ἐν
1936 4463 2033 4532 μέ-

464 4555 562 4609 σῳ,
589 4538 675 4622 ἵνα
708 4540 780 4609 μὴ
802 4540 936 4613 λάθῃ
960 4543 1139 4596 λαϐὼν
1155 4545 1251 4615 τὴν
1274 4545 1609 4601 δεσποτείαν.
1634 4543 1781 4613 (How,
1813 4550 2029 4622 περιῄει

459 4620 675 4692 τρυγῶν
694 4624 819 4685 τούς
846 4628 1090 4696 καρποὺς
1114 4627 1249 4697 μετὰ
1263 4628 1365 4699 τῆς
1386 4633 1660 4697 γυναικός.
1702 4620 2029 4705 Ἐπλησίαξε

458 4709 537 4780 τῷ
567 4710 767 4783 δένδρῳ
787 4729 801 4743 ο
836 4712 1009 4781 ἔλεγε,
1037 4716 1128 4789 Μὴ
1146 4717 1410 4789 ἁψώμεθα
1437 4721 1531 4774 τοῦ
1557 4722 1773 4793 δένδρου
1806 4724 2024 4778 τούτου⁹

459 4800 587 4871 περὶ
613 4798 720 4872 γὰρ
749 4800 911 4854 αὐτοῦ
946 4805 1313 4874 παρήγγειλεν
1334 4808 1363 4859 6
1391 4807 1544 4871 Θεός.
1577 4810 1687 4863 Καὶ
1713 4806 1781 4881 ἦν
1809 4812 1870 4865 τὸ
1892 4813 2030 4884 ὁρώ-

461 4904 624 4957 μενον
669 4887 973 4958 ὑπόμνησις
1003 4890 1101 4943 τοῦ
1127 4894 1357 4964 ἀοράτου
1377 4910 1392 4925 ·
1422 4888 1511 4948 οἷα
1548 4896 1753 4964 γίνεται
1782 4902 1875 4954 καὶ
1908 4901 2022 4957 νῦν.

467 4978 753 5047 Ἐννόησον
781 4978 937 5031 πόσοι
966 4980 1103 5035 είσὶν
1132 4983 1390 5052 ἄρχοντες
1421 4985 1524 5038 ἀνὰ
1566 4987 1747 5040 πᾶσαν
1771 4988 1869 5061 τὴν
1899 4992 2018 5061 γῆν.

454 5062 564 5118 Καὶ
595 5064 781 5134 ἐπειδὴ
804 5064 1053 5134 βασιλεὺς
1076 5070 1241 5121 πᾶσιν
1273 5071 1334 5122 οὐ
1356 5072 1608 5141 πάρεστι,
1637 5073 1719 5126 δεῖ
1744 5079 2027 5149 παραστῆ-

453 5168 543 5206 ναι
571 5152 661 5206 τὸν
689 5156 1011 5226 χαρακτῆρα
1041 5154 1139 5208 τοῦ
1171 5156 1432 5225 βασιλέως
1470 5162 1526 5213 ἐν
1554 5160 1939 5235 δικαστηρίοις,
1964 5167 2023 5220 ἐν

452 5241 700 5312 ἀγοραῖς,
737 5244 796 5295 ἐν
828 5242 1125 5310 συλλόγοις,
1175 5246 1233 5297 ἐν
1284 5245 1551 5319 θεάτροις.
1616 5249 1708 5303 Ἐν
1732 5254 1895 5306 παντὶ
1930 5251 2024 5309 οὖν

450 5328 624 5399 τόπῳ,
650 5332 708 5382 ἐν
729 5324 774 5396 ᾦ
798 5331 1027 5402 πράττει
1045 5331 1249 5403 ἄρχων,
1278 5333 1365 5413 δεῖ
1383 5338 1659 5406 παρεῖναι,
1684 5340 1768 5392 ῖνα
1794 5340 2023 5412 βεϐαιῶ-

448 5433 541 5470 ται
560 5417 628 5469 τὰ
656 5418 936 5488 γινόμενα.
983 5420 1040 5472 '0
1066 5420 1316 5489 βασιλεὺς
1350 5421 1448 5492 μὲν
1478 5420 1573 5478 οὖν
1607 5429 1859 5497 παρεῖναι
1889 5448 2022 5483 παν-

447 5504 634 5574 ταχοῦ,
664 5505 740 5567 ὠς
762 5506 1065 5577 ἄνθρωπος,
1099 5510 1159 5561 οὐ
1180 5508 1403 5571 δύναται
1427 5527 1441 5541 ·
1472 5512 1604 5566 Θεὸν
1626 5514 1683 5567 δὲ
1712 5517 1869 5570 πάλιν
1894 5520 2021 5589 φαί-

449 5593 656 5657 νεσθαι,
689 5594 764 5657 ὡς
808 5596 960 5663 Θεὸν,
988 5596 1295 5669 ἀνθρώποις
1323 5638 1339 5663 ,
1387 5598 1664 5656 ἀδύνατον.
1705 5605 1913 5659 Δέδωκε
1959 5610 2019 5662 τὸ

448 5677 661 5749 δένδρον
693 5685 1014 5756 χαρακτῆρα
1044 5686 1147 5755 τῆς
1195 5686 1491 5756 βασιλείας,
1527 5691 1829 5762 ὑπόμνησιν
1855 5695 2017 5766 φέρον

512 5800 543 5849 ι
562 5800 672 5854 Sav.
705 5807 831 5868 conj.
857 5808 1018 5871 αὐτήν,
1040 5811 1167 5873 quod
1192 5811 1383 5877 recepit
1404 5812 1659 5869 Combeﬁs.

1951 357 2312 416 SEVERIANI

3638 361 3739 418 6‘31)

2171 476 2251 547 τῷ
2291 475 2483 546 Ἀδὰμ.
2519 478 2601 531 ὅτι
2637 477 2857 532 πάντων
2879 477 3035 531 ἔλαϐε
3067 477 3165 548 τὴν
3203 474 3541 530 δεσποτείαν.
3572 474 3740 529 Γνῶθι

2171 566 2262 619 τὸν
2283 566 2552 619 δεδωκότα
2570 566 2671 638 τὴν
2707 565 2973 632 ἐξουσίαν.
3009 567 3120 621 Καὶ
3147 567 3230 619 ἵνα
3264 565 3443 636 μάθῃς
3470 564 3588 627 πῶς
3616 566 3742 618 ὑπε-

2177 653 2484 724 μίμνησκεν
2520 653 2717 715 αὐτοὺς
2741 655 2802 707 τὸ
2828 654 3071 724 δένδρον·
3121 654 3209 707 ὅτε
3257 654 3286 705 6
3314 652 3436 721 ὄφις
3480 652 3741 722 ἠθέλησεν

2166 738 2445 809 ἀπατῆσαι
2471 738 2569 809 τὴν
2596 741 2854 807 γυναῖκα,
2890 734 3043 792 εἶπεν
3065 739 3205 809 αὐτῇ
3224 753 3239 768 ο
3274 738 3379 791 Διά
3415 737 3474 790 τι
3518 732 3686 790 εἶπεν
3710 739 3743 791 ό

2170 826 2314 892 Θεὸς
2332 825 2420 894 μὴ
2450 825 2663 895 φαγεῖν
2689 823 2844 895 ὑμᾶς
2864 825 2982 879 ἀπὸ
3007 825 3228 890 παντὸς
3252 825 3481 888 ξύλουί
3515 821 3577 875 'H
3608 823 3741 893 γυνὴ

2165 916 2265 969 οὐκ
2304 914 2697 970 ἐπελανθάνετο
2732 914 2827 969 τοῦ
2861 916 3052 985 νόμου,
3103 915 3237 969 ἀλλὰ
3286 914 3381 967 καὶ
3435 911 3740 984 διορθοῦται

2163 1004 2263 1076 τὴν
2305 1006 2528 1074 ἄγνοιαν
2551 1046 2566 1068 ,
2626 1006 2717 1059 καί
2752 1023 2940 1077 φησιν·
2980 1005 3096 1059 Οὐκ
3146 1001 3300 1057 εἶπεν
3331 1007 3359 1057 6
3387 1003 3515 1067 Θεὸς
3544 1002 3738 1067 οὕτως,

2164 1093 2279 1146 ἀλλ’
2308 1094 2416 1147 ἀπὸ
2449 1092 2650 1156 παντὸς
2682 1092 2840 1157 ξύλου
2868 1091 3173 1165 φαγώμεθα
3195 1110 3209 1124 ο
3238 1092 3347 1145 ἀπὸ
3378 1090 3435 1144 δέ
3463 1089 3558 1143 τοῦ
3585 1088 3738 1154 ξύλου

2163 1180 2375 1246 τούτου,
2420 1178 2571 1235 εἶπεν
2601 1184 2630 1235 6
2675 1181 2828 1243 Θεὸς,
2868 1180 2941 1252 μὴ
2998 1181 3209 1253 φάγητε
3252 1180 3346 1232 ἀπ’
3380 1176 3566 1240 αὑτοῦ,
3605 1177 3736 1248 μηδὲ

2165 1268 2374 1338 ἂψασθε
2420 1268 2606 1323 αὐτοῦ.
2640 1268 2811 1325 Βλέπε
2862 1270 2960 1339 τὴν
3007 1266 3311 1337 ἀκρίϐειαν.
3367 1267 3425 1319 '0
3463 1263 3596 1327 Θεὸς
3637 1266 3735 1317 οὑκ

2162 1352 2284 1411 εἶπε
2304 1373 2316 1385 ·
2357 1355 2444 1427 Μὴ
2483 1356 2714 1427 ames.
2743 1356 2877 1409 Οὐδὲ
2916 1354 3023 1429 γὰρ
3051 1354 3209 1425 ἔφερε
3257 1353 3497 1407 κίνδυνον
3515 1353 3575 1405 τὸ
3597 1351 3735 1418 ἀψα-

2164 1445 2287 1497 σθαι
2304 1460 2316 1473 ⁸
2342 1444 2457 1498 ἀλλ’
2480 1446 2676 1498 ἐκεῖνοι
2705 1443 2918 1497 σύνεσιν
2941 1442 3150 1513 ἔχοντες
3171 1442 3379 1511 θεῖκὴν,
3408 1440 3517 1492 τῶν
3535 1439 3734 1493 λοιπῶν

2161 1534 2524 1596 ἀπολαύοντες
2549 1572 2565 1598 ,
2596 1532 2802 1605 ὥρισαν
2847 1534 2976 1604 παρ’
3016 1533 3228 1593 ἑαυτοῖς
3254 1545 3269 1560 ’
3332 1528 3483 1602 [501]
3513 1525 3683 1581 Εἶπεν
3706 1530 3733 1583 6

2161 1620 2312 1683 Θεὸς,
2352 1621 2442 1691 Μὴ
2488 1619 2757 1690 γεύσησθε
2813 1619 2908 1673 τοῦ
2970 1619 3221 1690 δένδρουο
3283 1619 3443 1689 ἡμεῖς
3492 1617 3550 1669 δὲ
3603 1615 3734 1688 μηδὲ

2160 1706 2427 1778 ἀψόμεθα.
2476 1707 2740 1760 Τοσοῦτον
2786 1706 2945 1777 ἔμελε
2990 1709 3056 1778 τῇ
3104 1706 3321 1775 γυναικὶ
3371 1705 3612 1777 τηρῆσαι
3643 1703 3732 1758 τοῦ

2159 1793 2294 1847 Θεοῦ
2332 1794 2430 1866 τὴν
2488 1794 2728 1865 ἐντολήν.
2792 1791 2899 1848 τΗν
2955 1790 3049 1848 οὖν
3099 1795 3161 1846 τὸ
3214 1794 3428 1865 δένδρον
3478 1794 3537 1845 ἐν
3586 1793 3733 1863 μέσῳ

2158 1883 2407 1952 κείμενον
2434 1925 2449 1949 ,
2502 1885 2583 1946 εἰς
2647 1883 2676 1936 ὃ
2746 1883 3027 1954 ἠπάτησεν
3074 1882 3288 1944 αὐτούς,
3357 1881 3519 1933 Ξένον
3572 1882 3733 1934 ἄκουε

2158 1973 2409 2043 πρᾶγμα.
2473 1974 2769 2045 Ἐχρήσατο
2800 1973 3015 2044 ὀργάνῳ
3042 1972 3178 2042 πρὸς
3210 1973 3308 2043 τὴν
3330 1972 3569 2041 ἀπάτην,
3601 1973 3737 2041 πρά-

2156 2076 2328 2130 γματι
2364 2061 2830 2132 ἐμπεφυτευμένῳ
2855 2059 2932 2131 τῷ
2962 2058 3255 2130 ἀνθρώπῳ.
3322 2060 3383 2112 '0
3439 2060 3549 2130 γὰρ
3602 2058 3735 2123 Θεὸς

2156 2149 2407 2202 πλάττων
2452 2150 2543 2202 τὸν
2581 2149 2899 2221 ἄνθρωπον,
2938 2148 3076 2219 μετά
3124 2149 3227 2217 τῆς
3273 2148 3438 2218 ἄλλης
3476 2147 3735 2216 γνώσειικ

2155 2236 2413 2307 ἐνέθηκεν
2441 2237 2587 2308 αὑτῷ
2631 2238 2723 2290 καὶ
2754 2237 2914 2290 πόθον
2947 2237 3108 2289 Θεοῦ.
3155 2237 3308 2289 Ἐπεὶ
3363 2233 3457 2290 οῦν
3488 2231 3629 2289 εἶδεν
3675 2239 3733 2290 ἐν

2155 2324 2338 2388 αὐτοῖς
2361 2324 2450 2377 τὸν
2478 2324 2680 2389 πυρσὸν
2710 2324 2806 2377 τοῦ
2833 2323 2997 2377 πόθου
3018 2367 3032 2390 ,
3059 2322 3206 2391 λέγει
3230 2338 3245 2351 ’
3274 2321 3623 2388 Γενήσεσθε
3650 2324 3733 2389 ὡς

2154 2413 2295 2465 θεοί.
2334 2411 2466 2475 Νῦν,
2498 2413 2573 2475 ὡς
2599 2412 2907 2483 ἄνθρωποι,
2951 2412 3009 2464 οὐ
3034 2410 3262 2465 δύνασθε
3310 2406 3449 2463 εἶναι
3497 2410 3730 2464 πάντοτε

2157 2499 2294 2569 μετά
2324 2499 2480 2553 Θεοῦ.
2523 2499 2649 2553 Ἐάν
2683 2499 2911 2569 γένησθε
2943 2500 3017 2563 ὡς
3062 2497 3195 2564 θεοὶ,
3231 2500 3459 2552 πάντοτε
3506 2499 3729 2569 μέλλετε

2152 2582 2290 2641 εἶναι
2320 2588 2434 2657 μετ’
2456 2586 2640 2641 αὐτοῦ.
2679 2590 2754 2640 Οὐ
2785 2588 2894 2658 γάρ
2914 2583 3063 2639 εἶπεν
3101 2588 3313 2650 αὐτοῖς’
3332 2585 3458 2639 Ἐάν
3492 2587 3726 2657 φάγητε,

2150 2674 2364 2741 γίνεσθε
2407 2676 2655 2747 πολέμιοι
2695 2676 2790 2729 τοῦ
2816 2675 2972 2729 Θεοῦ.
3027 2676 3320 2745 Ἐπιθυμία
3364 2671 3458 2728 οὖν
3484 2675 3583 2745 τῆς
3615 2678 3729 2727 ίσο-

2152 2756 2302 2820 θεῒας
2347 2760 2531 2831 ἀπατᾷ
2566 2760 2667 2831 τὴν
2710 2761 2943 2828 γυναῖκα
2968 2799 2984 2824 ,
3024 2760 3254 2830 κάκείνη
3296 2759 3381 2811 τὸν
3418 2758 3587 2827 ἄνδρα
3622 2760 3729 2811 οὐκ

2150 2842 2353 2914 ἀπατᾷ,
2389 2844 2525 2899 ἀλλὰ
2570 2844 2770 2900 πείθει.
2819 2846 2930 2899 Καὶ
2962 2847 3230 2916 μαρτυρεῖ
3276 2842 3479 2905 Παῦλος
3511 2843 3724 2911 λέγων·

2162 2926 2333 2996 Ἀδὰμ
2364 2929 2474 2981 οὐκ
2503 2927 2800 2997 ἠπατήθη.
2836 2928 2947 2982 Καὶ
2981 2929 3069 2982 διά
3107 2930 3161 2982 τί
3194 2927 3524 2999 κατεκρίθη;
3575 2926 3726 2997 ’Ὅρα

2146 3009 2208 3063 τὸ
2234 3009 2423 3067 δεινόν.
2471 3011 2534 3065 Ἠ
2581 3004 2718 3083 γυνῆ
2752 3013 3096 3081 ἀπατηθεῖσα
3135 3012 3303 3081 ἔφαγε
3325 3028 3339 3042 ·
3375 3012 3555 3064 πείθει
3588 3013 3727 3083 μετά

2147 3094 2206 3147 τὸ
2231 3097 2422 3163 φαγεῖν
2446 3097 2537 3149 καὶ
2564 3097 2655 3149 τὸν
2683 3097 2872 3169 ἀνδρα,
2908 3098 2994 3151 ἵνα
3026 3100 3101 3168 μὴ
3127 3098 3260 3168 μόνη
3290 3097 3566 3170 διατραπῇ
3584 3115 3596 3127 ·
3627 3099 3720 3151 καὶ

2148 3175 2384 3242 ἔπεισεν,
2412 3180 2512 3231 οὐκ
2544 3180 2858 3250 ἠπάτησεν
2891 3174 3000 3234 οἷον
3035 3181 3239 3250 γίνεται
3275 3183 3370 3234 καὶ
3394 3182 3488 3233 νῦν
3526 3181 3723 3235 πολλά-

2147 3277 2252 3323 κις.
2291 3258 2445 3316 Οἶδεν
2487 3263 2771 3334 ἄνθρωπος
2814 3264 2913 3335 τὴν
2943 3265 3154 3329 πίστιν,
3188 3266 3382 3338 ἀγαπᾷ
3415 3267 3506 3319 τὸν
3539 3268 3723 3337 νόμον,

2147 3342 2300 3414 ζηλοῖ
2324 3344 2420 3417 τὴν
2466 3346 2796 3418 όρθοδοξίαν,
2829 3349 2923 3401 καὶ
2953 3349 3198 3402 πείθεται
3230 3353 3298 3421 τῇ
3343 3352 3595 3419 γυναικὶ,
3646 3351 3724 3423 μὴ

2144 3427 2313 3495 δεῖξαι
2361 3430 2458 3485 τὸν
2509 3431 2689 3501 ζῆλον,
2722 3432 2822 3485 οὐκ
2856 3432 3065 3498 ἀγνοῶν
3106 3434 3201 3505 τὴν
3255 3434 3535 3507 ἀλήθειαν,
3585 3435 3722 3489 ἀλλά

2145 3512 2463 3583 πειθόμενος
2492 3516 2556 3585 τῇ
2594 3514 2825 3586 συμϐίῳ.
2857 3515 3049 3591 Πολλοί.
3094 3517 3203 3589 γὰρ
3233 3518 3511 3588 ἐνόμισαν,
3547 3521 3625 3572 ὅτι
3657 3522 3723 3571 d-

2145 3594 2317 3663 γνοῶν
2348 3598 2377 3650 ό
2414 3596 2585 3668 Ἀδὰμ
2609 3596 2769 3650 ἔλαϐε
2802 3599 2951 3671 παρὰ
2983 3599 3081 3670 τῆς
3114 3601 3393 3668 γυναικὸς,
3426 3603 3525 3655 οὐκ
3559 3601 3716 3665 είδὼς

2146 3678 2311 3735 πόθεν
2340 3681 2513 3749 ἤγαγε
2546 3681 2638 3734 τὸν
2665 3683 2896 3751 καρπόν.
2944 3683 3086 3735 Ἀλλ’
3113 3685 3215 3736 οὐκ
3243 3684 3356 3755 ἔχει
3387 3686 3680 3752 ἀπολογίαν
3699 3701 3719 3719 ο

2142 3763 2172 3816 ὁ
2192 3764 2301 3833 γὰρ
2332 3763 2464 3827 Θεὸς
2489 3763 2721 3836 ἐλέγχει,
2748 3766 2919 3833 λέγων
2950 3766 3119 3837 αὐτῷ·
3156 3769 3283 3822 Ὅτι
3305 3769 3580 3839 ἤκουσας
3608 3770 3722 3835 τῆς

2142 3848 2346 3917 φωνῆς
2376 3848 2487 3916 τῆς
2532 3852 2814 3918 γυναικός
2844 3868 2980 3905 σου.
3015 3856 3122 3906 Καὶ
3149 3854 3249 3907 οὐκ
3280 3851 3451 3919 εἶπεν,
3497 3856 3716 3927 Ἐπειδὴ

2142 3931 2335 3994 ἔλαϐες
2388 3933 2540 4004 παρά
2570 3933 2672 4003 τῆς
2718 3937 2972 4003 γυναικός
3026 3954 3119 3990 σου
3144 3954 3159 3968 °
3214 3940 3309 3991 καὶ
3346 3940 3452 4010 μὴν
3483 3939 3717 4007 ἠδύνατο

2141 4017 2335 4081 εἰπεῖν,
2366 4018 2639 4086 Ἥγνόουν,
2668 4019 2766 4071 οὐκ
2794 4020 2940 4090 ᾔδειν
2968 4021 3130 4074 πόθεν
3154 4022 3351 4093 ἡνεγκε
3377 4023 3468 4076 τὸν
3480 4023 3713 4093 καρπόν.

2141 4099 2214 4153 Τὸ
2243 4098 2493 4171 ἔγκλημα
2525 4100 2618 4153 τοῦ
2648 4102 2860 4174 ἀνδρὸς,
2893 4103 2991 4173 οὐχ
3022 4105 3103 4157 ὅτι
3144 4106 3398 4177 ἠπατήθη
3423 4146 3438 4171 ,
3475 4106 3588 4161 ἀλλ’
3629 4108 3715 4161 ὅτι

2141 4183 2448 4254 ἐδελεάσθη.
2479 4184 2758 4257 Ἔλθωμεν
2782 4187 2965 4240 λοιπὸν
2990 4189 3083 4240 ἐπὶ
3104 4187 3165 4243 τὸ
3189 4191 3539 4264 δικαστήριον
3560 4211 3571 4223 ·
3601 4194 3721 4247 ἴδω-

2142 4283 2242 4336 μεν
2268 4267 2336 4320 τά
2363 4267 2727 4339 ὑπομνήματα
2745 4272 2814 4325 τά
2834 4272 3023 4343 πρῶτα
3052 4273 3120 4326 τά
3147 4275 3242 4326 ἐπὶ
3265 4276 3360 4347 τῆς
3385 4278 3547 4345 άγίας
3570 4281 3718 4331 ἐκεί-

2137 4368 2235 4421 νης
2262 4351 2356 4404 καὶ
2378 4352 2676 4406 ἀδεκάστου
2709 4352 2863 4422 δίκης
2892 4356 2982 4408 καὶ
3015 4356 3398 4429 φιλανθρώπου
3430 4363 3717 4432 γινόμενα,

2136 4433 2205 4487 τά
2236 4436 2515 4505 γραφέντα
2544 4436 2865 4508 γράμμασιν
2897 4440 3185 4503 ἀθανάτοις
3210 4485 3224 4506 ,
3258 4436 3334 4495 ὧν
3358 4444 3458 4514 τὴν
3492 4448 3720 4516 μνήμην

2136 4516 2231 4569 καὶ⁸
2274 4517 2372 4586 τὴν
2417 4517 2537 4586 ὄψιν
2582 4520 2675 4572 καὶ
2715 4521 2814 4592 τὴν
2849 4522 3183 4596 φαιδρότητα
3213 4526 3333 4579 οὐδὲ
3381 4530 3490 4593 πᾶς
3519 4532 3548 4582 ὁ
3579 4532 3718 4584 αἰὼν

2135 4598 2293 4683 λῦσαι
2332 4600 2574 4656 δύναται.
2612 4604 2853 4675 Πρόσεχε
2892 4604 3093 4661 λοιπόν.
3134 4610 3421 4675 Ἤκουσε,
3457 4615 3644 4683 φησὶν,
3678 4618 3712 4668 ὀ

2147 4681 2319 4752 Ἀδὰμ
2349 4683 2459 4750 τῆς
2485 4685 2690 4755 φωνῆς
2726 4689 2948 4755 Κυρίου
2993 4692 3462 4761 περιπατοῦντος
3499 4681 3563 4749 τὸ
3593 4698 3716 4751 δει-

2132 4766 2307 4819 λινὸν
2344 4766 2414 4820 ἐν
2452 4768 2533 4834 τῷ
2576 4770 2935 4839 παραδείσῳ.
2988 4774 3120 4826 Ἀπὸ
3147 4774 3241 4828 τοῦ
3272 4777 3447 4845 ψόφου
3478 4779 3715 4849 ᾔσθετο,

2133 4850 2226 4903 καὶ
2254 4851 2360 4904 ἀπὸ
2373 4851 2472 4922 τῆς
2493 4854 2795 4924 συνηθείας.
2821 4856 2929 4909 Καὶ
2954 4857 3060 4909 ἀπὸ
3084 4858 3179 4910 τοῦ
3210 4860 3418 4913 κτύπου
3442 4859 3556 4933 εἶχε
3578 4864 3718 4929 Θεὸς

2133 4934 2451 5016 φαίνεσθαις
2494 4937 2775 5006 Ἑφαίνετο
2816 4940 2914 5010 οὐχ
2945 4940 3020 5004 ὡς
3050 4937 3140 5012 ἦν,
3171 4944 3284 4997 ἀλλ’
3322 4945 3399 5009 ὠς
3424 4947 3713 5016 ἠϐούλετο.

2132 5013 2433 5085 Εὐλογητὸς
2465 5017 2495 5068 6
2528 5017 2659 5081 Θεὸς
2677 5017 2783 5072 τῶν
2809 5020 2998 5087 ἁγίων,
3028 5022 3109 5075 ὅτι
3132 5024 3192 5075 τὸ
3218 5013 3591 5080 δειλινὸνήτότε
3618 5029 3716 5081 τὸν

2144 5097 2313 5167 Ἀδὰμ
2344 5099 2702 5169 ἐπεσκέψατο,
2735 5104 2827 5155 καὶ
2860 5103 2954 5156 νῦν
2984 5105 3075 5158 ἐπὶ
3109 5106 3202 5159 τοῦ
3239 5108 3475 5179 σταυροῦ
3510 5109 3573 5163 τὸ
3598 5111 3714 5164 δει-

2129 5181 2291 5236 λινόν.
2340 5184 2450 5237 Καὶ
2488 5183 2596 5256 γὰρ
2640 5187 2761 5237 κατ’
2794 5187 3003 5252 ἐκείνας
3032 5189 3132 5253 τὰς
3165 5189 3316 5262 ὥρας
3346 5193 3648 5265 ὑπέμεινεν
3680 5201 3711 5251 6

2128 5266 2320 5336 Σωτὴρ
2347 5266 2406 5319 τὸ
2437 5266 2625 5331 πάθος,
2658 5269 2779 5321 καθ’
2806 5269 2870 5333 ἀς
2890 5270 3190 5325 διετέλεσεν
3212 5277 3239 5327 6
3283 5276 3453 5347 Ἀδὰμ
3478 5279 3587 5331 ἀπὸ
3615 5280 3713 5333 τοῦ

2129 5351 2323 5416 φαγεῖν
2353 5349 2456 5412 ἕως
2484 5350 2582 5420 τῆς
2612 5352 2973 5429 παραϐάσεως
3005 5366 3030 5394 α
3069 5357 3162 5409 καὶ
3188 5358 3287 5429 τῆς
3312 5360 3571 5429 κρίσεως,
3600 5364 3714 5416 ἀπὸ

2127 5431 2293 5501 ἐκτης
2324 5431 2472 5501 ῶρας
2504 5432 2607 5496 ἐως
2647 5434 2894 5505 ἐννάτης.
2931 5437 3104 5509 Ἕκτῃ
3134 5439 3252 5511 ὥρᾳ
3277 5441 3451 5510 ἔφαγε
3474 5460 3493 5476 ⁸
3526 5445 3711 5499 κανὼν

2126 5513 2234 5585 γὰρ
2270 5514 2513 5583 φύσεως’
2544 5515 2684 5585 μετὰ
2715 5517 2816 5589 τὴν
2845 5518 3007 5590 ἕκτην
3035 5521 3342 5595 ἀπεκρύϐη.
3379 5527 3455 5579 Τὸ
3479 5528 3712 5583 δειλινὸν

2190 5636 2323 5713 ξᾼξὶο
2345 5640 2644 5713 εχειηριιιιτία
2668 5656 2680 5689 :
2705 5644 3006 5713 vergmﬁzgc
3019 5647 3178 5713 jecIio
3199 5650 3317 5699 ferri
3340 5653 3537 5713 nequit.
3561 5655 3711 5706 Com-

2123 5697 2721 5777 P99§F_98_9¥,993'13w.u_ra
2741 5706 2997 5777 ευδειίιμη
3016 5711 3105 5777 εφς
3226 5697 3710 5777 παρἁὶρῖάῑέἐιξὲἶε

2122 5760 2590 5888 ῗὲιέῗρέἓρέοέέῗωι.
2616 5766 2680 5815 AI.
2703 5778 2792 5815 vox
2811 5760 3107 5835 παράκρυψιξ
3144 5760 3708 5841 ἰίιὲοιέιιεήδιιιτιιῄιῖιδέσζ
