4074 6308
455 362 555 418 ιδ’)
1474 352 1560 407 DE
1597 348 1809 406 MUNDI
1844 345 2234 407 CRBATiONE
2270 349 2526 407 ORATIO
2560 350 2627 406 Vl
3600 349 3715 403 490.

454 492 532 530 via
572 472 794 543 qua'stio
823 470 1078 532 solvetur,
1110 483 1215 523 non
1241 465 1382 538 quod
1410 465 1576 535 prima
1603 477 1707 519 non
1736 462 1867 517 satis
1891 463 2014 526 sint,

451 565 544 620 sed
574 562 713 634 quod
739 563 830 616 Dei
860 561 1027 632 gratia
1052 560 1203 614 dives
1231 560 1317 612 sit.
1346 556 1423 611 Ne
1448 556 1567 625 quis
1590 556 1732 609 enim
1760 563 1911 623 putet
1940 569 2023 607 ra«

454 658 655 712 tionum
675 653 1031 708 additamenta
1053 651 1121 706 oh
1132 651 1365 721 priorum
1384 647 1796 702 imbecillitatem
1822 645 2019 700 afferri:

452 762 574 801 nam
606 746 700 800 Dei
728 745 894 815 gratia
914 786 928 808 ,
946 742 1095 798 dives
1125 756 1244 795 cum
1272 741 1373 803 sil,
1401 755 1464 794 ex
1493 737 1755 792 thesauris
1788 738 1896 790 suis
1921 752 2018 789 nu-

452 838 539 893 bis
561 837 700 891 dona
742 834 959 905 profert,
990 835 1033 887 si
1066 844 1237 885 tamen
1270 830 1412 898 digni
1449 831 1631 882 simus.
1661 828 1886 881 Attende
1919 826 2019 895 igi-

454 940 557 983 tur.
597 929 853 997 Martyres
883 931 1193 979 recusarunt
1213 922 1364 976 idolis
1390 920 1776 974 immolatorum
1806 919 2017 973 cibum:

451 1038 516 1075 eo
542 1020 700 1075 modo
724 1019 898 1073 cibum
921 1014 1219 1085 hujusmodi
1251 1014 1527 1084 fugientes,
1552 1026 1656 1081 quo
1681 1012 1725 1066 si
1752 1010 2021 1079 effugisset

449 1112 625 1168 Adam
669 1111 889 1180 lignum,
944 1108 1166 1162 salutem
1218 1114 1643 1173 consequuturus
1688 1111 1822 1157 erat.
1868 1102 2018 1172 Quod

450 1212 626 1258 autem
652 1202 789 1256 scire
821 1201 1014 1255 bonum
1041 1208 1095 1253 et
1124 1197 1319 1251 malum
1340 1237 1355 1263 ,
1388 1212 1493 1250 non
1533 1196 1657 1250 odio
1680 1194 1898 1265 dignum
1926 1196 2015 1259 sit,

451 1309 578 1349 vere
613 1293 868 1362 liquidum
910 1299 1012 1346 est.
1068 1290 1207 1345 Deus
1252 1291 1392 1344 enim
1433 1289 1805 1358 interrogans,
1832 1299 1887 1342 et
1911 1302 2017 1341 non

450 1385 670 1449 faciens,
703 1399 768 1437 an
796 1398 908 1437 rem
939 1381 1103 1446 novit,
1130 1395 1299 1436 necne
1323 1380 1346 1433 ?
1374 1380 1502 1446 Quis
1523 1380 1663 1435 ausit
1686 1378 1867 1433 dicere
1894 1393 2017 1433 eum

450 1491 557 1532 non
585 1491 742 1530 nosse
767 1475 789 1528 ?
814 1474 928 1528 Non
969 1474 1109 1529 enim
1147 1466 1406 1542 cognitio,
1436 1471 1550 1541 ipsa
1582 1471 1721 1526 actio
1753 1479 1851 1524 est.
1882 1470 2016 1524 Num

452 1566 666 1631 Paulus,
698 1568 787 1634 qui
814 1565 1058 1627 dicebat,
1089 1563 1274 1633 Fugite
1306 1563 1685 1633 fornicationem
1716 1562 1789 1630 (i.
1813 1560 1931 1615 Cor.
1960 1560 2013 1615 6.

456 1651 548 1721 18)
574 1691 588 1715 ,
613 1649 887 1718 ignorabat
913 1647 1036 1717 quid
1077 1656 1218 1702 esset
1262 1644 1836 1701 iurnicatio?caveudo
1864 1642 2016 1698 adul-

451 1742 667 1803 torium,
699 1740 965 1793 nesciebat
985 1737 1108 1808 quid
1129 1746 1271 1792 esset
1297 1734 1657 1791 adulterium?
1689 1735 1882 1789 Verum
1908 1748 2013 1787 non

452 1833 574 1888 ideo
599 1846 722 1886 reus
744 1871 759 1895 ,
801 1829 941 1901 quod
988 1838 1186 1885 nosset.
1217 1829 1354 1896 Quin
1387 1829 1499 1897 ipse
1534 1826 1672 1881 Deus
1702 1826 1846 1880 novit
1869 1834 2017 1879 actus

451 1938 638 1979 omnes
666 1931 895 1987 nostros,
924 1923 1065 1991 ipsos
1091 1933 1408 1975 enumerans
1435 1933 1499 1973 ac
1519 1917 1704 1973 dicens
1733 1916 1844 1971 :De
1867 1917 2017 1970 corde

449 2024 631 2069 exeunt
671 2014 988 2085 cogitationes
1032 2012 1198 2075 maloa,
1242 2011 1421 2075 credes,
1458 2009 1726 2074 adulteria,
1772 2007 2013 2077 perjuria,

451 2105 796 2175 impudicitia,
818 2104 1033 2167 invidite,
1058 2103 1268 2174 rapiare.
1300 2100 1424 2155 Haec
1438 2111 1680 2170 suntquae
1697 2101 2017 2170 coinquinant

450 2198 697 2251 hominem
723 2196 743 2267 (
772 2195 953 2249 Matth.
990 2195 1075 2249 15.
1108 2194 1188 2248 l9.
1214 2193 1283 2247 ΞΟ
1303 2193 1346 2264 ).
1383 2192 1628 2247 Haaccine
1654 2192 1899 2261 ignorans
1927 2198 2019 2243 aut

449 2291 625 2346 sciens
650 2289 778 2343 dicit
805 2288 963 2353 Deus,
991 2288 1119 2346 dicit
1140 2286 1469 2356 Apostolus?
1498 2285 1610 2340 Non
1642 2300 1769 2355 ergo
1793 2284 2015 2338 scientia

449 2381 652 2435 Adamo
696 2380 943 2434 dedecori
977 2388 1078 2434 est.
1122 2378 1314 2433 Nocuit
1348 2378 1445 2444 illi,
1484 2393 1588 2432 non
1626 2376 1880 2446 cognitio,
1921 2374 2015 2431 sed

450 2471 822 2541 transgressio.
862 2470 1030 2525 Velim
1066 2479 1241 2526 autem
1274 2469 1342 2527 ab
1362 2469 1453 2523 illo
1482 2483 1723 2538 quaerere
1745 2509 1761 2534 ,
1792 2466 1921 2536 quid
1950 2482 2015 2519 ex

448 2563 588 2634 ligno
604 2563 864 2627 didicerit,
888 2562 1155 2617 bonumne
1175 2577 1241 2615 an
1263 2560 1477 2614 malum.
1507 2562 1586 2613 An
1604 2568 1724 2629 post
1748 2573 1894 2612 esum
1923 2572 2017 2610 no-

446 2658 522 2711 vit
553 2656 678 2727 quid
714 2666 857 2711 esset
897 2654 1238 2710 homicidium
1261 2654 1284 2706 ?
1306 2653 1473 2708 Nemo
1500 2652 1757 2707 hactenus
1778 2658 1891 2705 erat
1925 2651 2013 2720 qui

447 2749 653 2819 puniret
682 2764 697 2813 ;
720 2746 1033 2801 adulterium
1058 2745 1414 2812 nesciebatur,
1431 2760 1549 2799 cum
1580 2744 1814 2798 nondum
1838 2750 2016 2797 essent

447 2842 684 2910 nuptiae:
719 2854 823 2893 non
859 2838 1158 2902 fornicatio,
1191 2853 1293 2890 non
1338 2837 1522 2905 rapina
1570 2844 1727 2899 erat;
1780 2833 2011 2889 nondum

446 2936 586 2988 enim
614 2942 767 2987 erant
787 2932 937 2987 dives
962 2932 1045 2985 vel
1076 2946 1274 3000 pauper
1307 2949 1319 2984 :
1354 2946 1458 2984 non
1495 2929 1877 2999 sycopliantim,
1909 2942 2011 2980 non

447 3026 576 3081 falsa
626 3025 947 3079 testimonia.
984 3022 1135 3090 Quod
1184 3023 1339 3092 igitur
1366 3021 1509 3077 aliud
1549 3022 1741 3074 malum
1788 3020 2011 3084 sciebat,

447 3116 545 3170 nisi
578 3113 680 3172 hoc
699 3113 890 3176 solum,
923 3113 1117 3168 bonum
1147 3128 1337 3181 nempe
1357 3126 1476 3166 esse
1509 3111 1616 3165 Deo
1638 3111 1876 3180 obsequi,
1901 3125 2014 3164 ma-

445 3206 554 3261 lum
583 3205 681 3275 ipsi
709 3220 812 3259 non
838 3203 1095 3259 obedire?
1125 3204 1259 3258 Rem
1288 3202 1410 3257 dico
1441 3217 1560 3272 qua:
1597 3202 1739 3272 vulgi
1778 3217 1871 3256 ore
1905 3202 2010 3256 cir-

444 3295 755 3360 cumfertur,
801 3308 868 3349 ne
917 3294 1036 3364 quis
1079 3308 1167 3348 me
1209 3292 1445 3346 audaciae
1491 3293 1711 3347 incuset.
1770 3292 2013 3347 Solemus

445 3386 620 3441 dicere
674 3386 1032 3456 peccantibus,
1077 3384 1463 3438 comminantes
1503 3392 1560 3436 ut
1594 3393 2011 3439 convertantur:

447 3474 657 3532 Faciam
697 3485 757 3531 ut
786 3475 961 3531 discas
987 3476 1431 3543 resipiscentiam.
1465 3473 1676 3545 Ergone
1713 3475 1801 3545 qui
1829 3476 1907 3530 sic
1930 3475 2012 3531 lo-

450 3568 649 3635 quitur,
671 3567 805 3621 liauc
825 3566 1158 3634 disciplinam
1179 3565 1306 3619 dicit
1329 3580 1451 3621 esse
1469 3566 1743 3620 scientiam
1762 3568 1785 3619 τ
1823 3565 2011 3621 Scien-

448 3659 519 3711 tia
564 3657 720 3727 igitur
758 3673 823 3712 ex
858 3656 1213 3711 calamitatum
1244 3656 1568 3725 experientia
1606 3656 1867 3725 procedit.
1905 3656 2011 3711 Do-

446 3753 554 3805 cuit
577 3766 697 3805 eum
727 3760 782 3803 ut
808 3750 1068 3815 disceret,
1099 3757 1227 3818 quot
1251 3749 1403 3804 malis
1430 3764 1489 3804 se
1514 3763 1609 3820 per
1630 3749 2012 3819 transgressio-

446 3856 567 3895 nem
596 3841 954 3908 implicuisset.
1838 3910 1843 3915 _

518 3934 570 3987 5.
612 3933 859 3987 Animum
898 3932 1056 4001 igitur
1096 3931 1380 4001 diligenter
1422 3931 1633 3987 adhibe.
1683 3931 2010 4001 Quamquam

443 4025 584 4082 enim
641 4022 781 4090 prius
821 4021 1067 4084 diximus,
1113 4020 1405 4090 argumenti
1452 4022 1587 4074 ratio
1623 4036 1687 4074 eo
1720 4021 2013 4075 orationem

445 4114 677 4169 deducit.
701 4112 944 4167 Omnium
970 4112 1188 4181 largitor
1220 4113 1356 4165 Deus
1385 4111 1660 4165 invisibilis
1679 4119 1794 4166 erat
1822 4128 1836 4176 ;
1866 4112 1953 4181 qui
1984 4126 2015 4165 a

447 4205 559 4261 Deo
612 4206 787 4257 omnia
837 4211 1135 4272 acceperat,
1183 4203 1281 4257 sub
1318 4211 1590 4271 aspectum
1631 4201 1877 4257 cadebat.
1914 4202 2015 4270 Qui

444 4306 758 4364 acceperat,
789 4295 953 4351 oculis
984 4296 1223 4364 patebat;
1256 4294 1344 4363 qui
1372 4294 1591 4347 dederat
1617 4334 1632 4356 ,
1659 4309 1763 4347 non
1794 4308 2018 4362 appare—

445 4387 553 4442 hat.
596 4387 753 4443 Solus
796 4396 910 4441 erat
953 4385 1153 4439 homo:
1195 4385 1345 4438 bruta
1383 4384 1669 4437 animantia
1696 4386 1835 4437 circa
1868 4384 2013 4436 illum

445 4490 614 4535 erant.
659 4480 935 4535 Neminem
978 4478 1204 4533 habebat
1226 4479 1548 4547 appositum.
1578 4476 1832 4546 imposuit
1872 4476 2013 4530 Deus

448 4572 616 4641 legem
644 4611 657 4634 ,
682 4572 928 4625 arborem
962 4570 1011 4622 in
1040 4570 1212 4623 medio
1232 4610 1247 4635 ,
1276 4584 1393 4637 qua:
1417 4569 1917 4633 commonefaceret,
1946 4581 2015 4621 ne

447 4661 548 4715 sub
585 4661 856 4717 dominatu
886 4675 945 4714 se
973 4660 1200 4727 positum
1245 4674 1365 4713 esse
1404 4658 1824 4712 oblivisceretur.
1855 4656 2012 4711 Verbi

445 4753 631 4821 gratia,
663 4752 920 4806 circuibat
946 4752 1147 4804 fructus
1167 4750 1455 4817 decerpens
1477 4764 1596 4805 cum
1627 4764 1812 4805 uxore.
1842 4750 2013 4803 Acce-

445 4844 602 4899 debat
627 4844 692 4897 ad
720 4844 961 4898 arborem
987 4859 999 4895 :
1032 4842 1260 4907 dicebat,
1290 4841 1368 4895 Ne
1396 4844 1533 4896 hanc
1558 4842 1801 4897 arborem
1834 4850 2013 4912 tanga-

444 4950 562 4988 mus
590 4952 604 4995 ;
634 4933 699 4987 de
731 4935 812 4988 illa
849 4948 1077 5001 namque
1117 4942 1434 5002 praeceptum
1475 4932 1621 4986 dedit
1653 4933 1814 4986 Deus.
1854 4932 2012 4986 Erat-

443 5038 545 5095 que
572 5027 619 5079 id
645 5025 783 5095 quod
810 5024 1106 5090 videbatur,
1136 5024 1250 5092 ejus
1278 5023 1364 5091 qui
1398 5023 1674 5077 invisibilis
1698 5032 1813 5078 erat
1844 5022 2013 5075 moni-

443 5125 680 5168 mentum
710 5130 724 5179 ;
757 5114 808 5167 id
838 5114 980 5184 quod
1023 5116 1180 5168 etiam
1225 5129 1362 5166 nunc
1400 5113 1609 5166 accidit.
1646 5111 1827 5181 Cogita
1856 5127 2010 5181 quam

443 5207 594 5260 multi
641 5222 735 5276 per
763 5208 1061 5261 universum
1103 5206 1285 5261 orbem
1327 5203 1564 5274 praefecti
1606 5205 1729 5257 sint.
1757 5205 1887 5272 Quia
1916 5220 2011 5256 au-

443 5308 548 5353 tem
580 5298 869 5367 Imperator
915 5315 1019 5352 non
1062 5299 1307 5353 omnibus
1346 5297 1533 5361 adest,
1559 5311 1777 5350 necesse
1806 5305 1883 5348 est
1913 5295 2019 5349 lm-

444 5392 704 5459 peratoris
721 5391 950 5459 effigiem
977 5390 1029 5444 in
1054 5389 1420 5454 tribunalibus,
1446 5389 1496 5441 in
1516 5387 1663 5452 foris,
1690 5388 1738 5440 in
1765 5386 2012 5451 ctetibus,

443 5481 497 5535 in
518 5482 741 5536 theatris
768 5482 1029 5536 exhiberi.
1060 5480 1115 5535 In
1144 5482 1287 5535 omni
1316 5496 1442 5549 ergo
1472 5480 1609 5543 luco,
1634 5481 1686 5534 in
1715 5494 1820 5550 quo
1851 5491 2013 5548 nego-

444 5572 516 5624 tia
547 5580 738 5626 tractat
790 5569 1071 5640 praefectus
1113 5570 1338 5640 efﬁgiem
1386 5585 1504 5624 esse
1542 5578 1768 5638 oportet,
1800 5580 1862 5623 ut
1894 5584 2012 5639 quae

448 5664 580 5717 ﬁunt
622 5665 989 5719 auctoritatem
1032 5661 1276 5716 habeant.
1322 5661 1614 5729 Imperator
1657 5660 1893 5731 quidem.
1923 5669 2009 5712 ut-

448 5760 573 5823 pote
597 5753 757 5811 homo
780 5792 796 5820 ,
829 5752 1021 5821 ubique
1063 5766 1295 5822 praesens
1326 5765 1444 5808 esse
1482 5767 1587 5809 non
1619 5756 1794 5822 potest
1820 5767 1834 5805 :
1868 5750 2010 5807 Deus

2132 477 2263 517 vero
2287 477 2504 526 rursus,
2528 468 2588 515 ut
2616 460 2752 515 Deus
2780 468 2892 524 est,
2925 459 3072 515 nullo
3114 461 3271 516 modo
3306 470 3477 531 potest
3503 462 3568 515 ab
3599 462 3693 514 lm-

2128 553 2361 607 minibus
2384 553 2570 607 videri.
2601 551 2757 606 Dedit
2783 551 3029 606 arborem
3062 553 3266 620 imperii
3293 552 3692 620 characterem,

2126 644 2216 711 qui
2246 643 2505 697 Adamum
2535 641 3035 706 commonefaceret,
3067 644 3332 712 accepisse
3370 658 3427 699 se
3458 646 3693 697 omnium

2125 732 2474 787 dominatum.
2516 733 2755 801 Agnosce
2784 746 2904 786 eum
2933 732 3022 802 qui
3055 733 3145 787 tibi
3188 743 3499 803 potestatem
3526 733 3691 789 dedit.

2127 822 2194 877 Et
2230 832 2285 877 ut
2322 823 2497 877 discas
2550 821 2816 893 quomodo
2840 823 3002 879 arbor
3026 825 3166 892 ipsos
3192 824 3692 891 commonefaceret,

2124 927 2243 966 cum
2292 928 2511 981 serpens
2558 914 2834 967 mulierem
2880 912 3126 981 decipere
3170 916 3353 982 voluit,
3404 917 3538 971 dixit
3583 918 3691 972 illi:

2124 1003 2226 1058 Cur
2251 1007 2377 1060 dixit
2400 1006 2533 1060 vobis
2558 1005 2694 1060 Deus
2720 1023 2781 1060 ne
2794 1007 3115 1062 comederetis
3138 1026 3199 1062 ea:
3226 1011 3362 1063 omni
3385 1010 3521 1079 ligno
3539 1010 3692 1082 (Gen.

2125 1097 2177 1151 5.
2207 1097 2282 1167 2)
2311 1098 2545 1154 ?Mu|ier
2573 1114 2679 1153 non
2708 1098 2871 1153 oblita
2897 1108 3013 1155 erat
3037 1101 3166 1169 legis
3189 1142 3203 1167 ,
3228 1103 3334 1156 imo
3356 1105 3511 1158 etiam
3541 1106 3690 1174 igno-

2122 1187 2347 1241 rantiam
2391 1189 2640 1258 corrigit,
2672 1198 2726 1244 et
2754 1190 2827 1244 ait
2854 1207 2867 1243 :
2899 1189 3014 1245 Non
3042 1191 3110 1245 ita
3143 1192 3275 1247 dixit
3305 1194 3440 1247 Deus
3464 1238 3479 1261 ,
3507 1196 3599 1251 sed
3626 1215 3691 1252 ex

2122 1280 2266 1333 omni
2314 1279 2456 1349 ligno
2498 1281 2865 1342 comedimus:
2897 1282 2965 1338 de
3008 1282 3109 1338 hoc
3152 1294 3333 1339 autem.
3372 1288 3511 1357 ligno
3558 1290 3691 1347 dixit

2123 1371 2283 1438 Deus,
2314 1387 2380 1427 ne
2421 1372 2760 1428 comederitis
2785 1390 2850 1429 ex
2875 1374 2997 1442 illo,
3033 1392 3204 1445 neque
3244 1380 3465 1447 tangatis
3496 1381 3689 1450 ipsum.

2121 1461 2255 1517 Vide
2297 1466 2708 1519 accurationem.
2764 1467 2903 1522 Deus
2945 1483 3050 1522 non
3097 1470 3276 1523 dixit:
3318 1470 3397 1525 Ne
3441 1476 3688 1544 tangatis.

2119 1552 2331 1608 Nullum
2359 1555 2553 1626 quippe
2581 1564 2696 1610 erat
2736 1556 2788 1611 in
2827 1566 2967 1614 tactu
3006 1560 3297 1628 periculum
3327 1579 3340 1615 :
3366 1563 3456 1616 sed
3482 1563 3578 1630 illi,
3602 1569 3687 1636 qui

2120 1643 2293 1699 divina
2325 1646 2533 1715 praediti
2579 1647 2856 1717 prudentia
2897 1658 3070 1717 erant,
3102 1652 3320 1722 reliquis
3349 1653 3605 1721 fruentes,
3639 1660 3689 1714 id

2119 1736 2257 1803 apud
2296 1752 2356 1791 se
2397 1745 2697 1793 statuerunt
2726 1738 2903 1793 :Dixit
2924 1740 3064 1796 Deus
3104 1757 3173 1798 ne
3202 1742 3268 1796 de
3294 1744 3486 1799 arbore
3514 1758 3691 1815 guste-

2121 1841 2240 1882 mus
2268 1842 2283 1892 ;
2311 1842 2408 1881 nos
2446 1844 2513 1883 ne
2553 1837 2828 1899 tangamus
2861 1831 3094 1900 quidem.
3125 1833 3299 1888 Tanta
3332 1836 3536 1891 mulieri
3563 1854 3689 1893 cura

2119 1926 2236 1971 erat
2275 1919 2519 1973 servandi
2569 1919 2659 1973 Dei
2702 1930 3049 1990 praeceptum.
3086 1923 3215 1978 Erat
3248 1926 3406 1995 igitur
3443 1928 3604 1985 arbor
3638 1930 3687 1983 in

2122 2008 2299 2064 medio
2347 2011 2537 2078 posita.
2592 2027 2702 2081 qua
2744 2028 2964 2082 serpens
3006 2014 3214 2071 seduxit
3252 2033 3364 2071 eos.
3406 2018 3537 2073 Rem
3567 2023 3688 2075 audi

2120 2100 2458 2168 stupendam.
2511 2101 2650 2157 Usus
2699 2104 3049 2157 inStrumento
3092 2114 3173 2159 est
3219 2106 3285 2159 ad
3329 2105 3584 2173 fraudem,
3631 2128 3690 2166 re

2120 2206 2312 2260 nempe
2341 2192 2543 2245 homini
2572 2193 2747 2247 insita.
2780 2194 2915 2247 Deus
2942 2196 3082 2248 enim
3116 2196 3383 2254 hominem
3411 2199 3643 2256 formans
3669 2245 3682 2267 ,

2118 2298 2239 2338 cum
2270 2285 2467 2353 reliqua
2495 2284 2737 2350 scientia,
2760 2287 2919 2341 etiam
2947 2285 3264 2342 desiderium
3291 2290 3380 2345 Dei
3404 2293 3683 2348 indiderat.

2119 2375 2249 2429 Cum
2290 2376 2449 2445 igitur
2489 2376 2540 2429 in
2578 2376 2681 2429 illis
2722 2375 2969 2431 desiderii
3015 2376 3278 2433 llaiumam
3311 2382 3533 2448 videret,
3570 2386 3640 2438 ait
3672 2405 3684 2439 :

2120 2465 2277 2520 Eritis
2304 2468 2432 2520 sicut
2457 2466 2547 2519 dii.
2580 2465 2750 2533 Nunc,
2784 2467 3058 2533 homines,
3092 2483 3194 2523 nou
3228 2473 3447 2538 poteSIis
3474 2488 3687 2542 semper

2118 2572 2237 2611 cum
2270 2556 2378 2611 Deo
2402 2571 2540 2611 esse.
2571 2558 2625 2612 Si
2654 2555 2860 2612 fueritis
2887 2558 3021 2613 sicut
3046 2558 3118 2612 dii
3144 2600 3159 2625 ,
3188 2574 3399 2631 semper
3434 2579 3553 2617 cum
3596 2566 3688 2619 illo

2119 2651 2278 2705 futuri
2319 2652 2465 2705 estis.
2506 2650 2688 2723 Neque
2716 2652 2855 2706 enim
2886 2653 3019 2709 dixit
3048 2653 3152 2710 illis
3184 2652 3285 2710 :‘Si
3326 2661 3682 2725 coniederitis,

2122 2740 2212 2795 Dei
2236 2742 2414 2797 hostes
2429 2742 2596 2795 eritis.
2617 2743 2944 2797 Desiderium
2966 2759 3091 2814 ergo
3114 2746 3555 2815 a'qualltatiscum
3576 2750 3687 2805 Deo

2119 2834 2392 2888 mulierem
2423 2833 2656 2903 decipit:
2691 2834 2883 2905 illaque
2913 2835 3082 2889 virum
3116 2851 3218 2890 non
3249 2838 3464 2906 decipit,
3489 2839 3685 2894 sed‘illi

2118 2924 2327 2979 suadet.
2357 2925 2410 2978 Id
2444 2924 2751 2979 testificatur
2777 2926 2972 2981 Paulus
3000 2927 3183 2982 dicens
3212 2946 3225 2981 :
3256 2928 3419 2983 Adam
3456 2931 3686 2986 seductus

2118 3032 2218 3069 non
2243 3025 2313 3068 est
2338 3016 2357 3085 (
2388 3017 2440 3070 1.
2469 3016 2603 3068 Tim.
2628 3016 2683 3069 2.
2720 3018 2787 3071 14
2814 3020 2854 3087 ).
2886 3016 2996 3072 Cur
3037 3028 3213 3073 autem
3251 3018 3529 3075 damnatus
3557 3033 3637 3077 est
3662 3024 3687 3075 τ

2121 3106 2248 3161 Vide
2276 3106 2397 3160 mali
2428 3108 2760 3177 gravitatem.
2787 3107 2975 3162 Mulier
2995 3108 3212 3164 seducta
3233 3112 3463 3165 comedit
3494 3127 3509 3177 ;
3537 3123 3685 3181 post-

2116 3215 2273 3269 quam
2303 3200 2624 3263 comederat,
2650 3202 2763 3253 viro
2784 3200 2990 3265 suadet,
3024 3218 3087 3256 ne
3117 3202 3227 3256 sola
3258 3212 3681 3274 perverteretur:

2116 3293 2301 3356 suasit,
2332 3307 2435 3345 non
2464 3292 2702 3360 decepit;
2731 3293 2910 3361 utjam
2942 3307 3082 3363 saepe
3108 3293 3220 3347 fieri
3247 3295 3401 3349 solet.
3426 3294 3579 3351 Novit
3606 3298 3686 3352 vir

2118 3382 2296 3450 fidem,
2324 3393 2465 3438 amat
2488 3384 2678 3454 legem.
2703 3385 2878 3438 studio
2904 3386 3091 3454 plenus
3114 3395 3193 3439 est
3222 3387 3531 3443 orthodoxa:
3556 3390 3686 3444 reli-

2114 3474 2320 3544 gionis,
2350 3490 2657 3545 moremque
2686 3474 2821 3544 gerit
2850 3475 3033 3541 uxori,
3062 3490 3129 3530 ne
3155 3475 3383 3529 studium
3416 3479 3682 3545 ostendat,

2116 3584 2221 3624 nou
2268 3569 2516 3638 ignorans
2563 3568 2862 3634 veritatem,
2896 3567 2989 3622 sed
3034 3567 3244 3639 conjugi
3292 3569 3681 3639 obtemperans.

2116 3659 2262 3713 Multi
2305 3673 2530 3727 namque
2570 3668 2856 3726 putarunt,
2888 3658 3216 3729 ignorantem
3252 3657 3509 3715 Adamuin
3537 3676 3688 3718 acce-

2118 3750 2258 3818 pisse
2280 3750 2347 3803 ab
2375 3764 2571 3812 uxore,
2601 3765 2720 3802 cum
2763 3750 2995 3804 nesciret
3036 3750 3175 3804 unde
3200 3740 3425 3805 fructum
3456 3752 3685 3813 tulisset.

2117 3842 2187 3895 At
2208 3840 2344 3895 nulia
2374 3842 2469 3911 ipsi
2491 3842 2761 3896 excusatio
2781 3851 3025 3911 superest
3049 3860 3061 3896 :
3093 3841 3235 3897 Deus
3260 3845 3402 3897 enim
3428 3848 3684 3915 coarguit,

2117 3949 2236 3987 cum
2262 3935 2336 3987 ait
2362 3950 2374 3986 :
2406 3934 2536 4001 Quia
2562 3933 2749 3987 audisti
2774 3949 2939 3986 vocem
2967 3936 3139 3987 uxoris
3166 3943 3265 3989 tua:
3290 3934 3454 4008 (Gen.
3478 3938 3531 3993 5.
3560 3938 3626 3993 17
3643 3937 3686 4010 )ι.

2064 4048 2069 4051 λ
2117 4024 2231 4079 Νοη
2270 4023 2445 4083 dixit,
2475 4023 2605 4091 Quia
2648 4023 2893 4092 accepisti
2937 4024 3004 4078 ab
3049 4039 3215 4079 uxore
3252 4034 3339 4078 tua
3374 4044 3387 4080 :
3431 4042 3551 4081 nam
3590 4044 3686 4095 po-

2117 4118 2308 4172 tuisset
2330 4116 2505 4169 dicere
2530 4157 2543 4179 ,
2577 4115 2886 4185 Ignorabam
2913 4156 2928 4182 ,
2962 4116 3263 4171 nesciebam
3295 4117 3433 4173 unde
3454 4118 3686 4174 afferret.

2118 4208 2228 4262 Viri
2256 4209 2454 4263 crimen
2485 4217 2586 4273 est,
2628 4222 2733 4261 non
2771 4207 2909 4277 quod
2946 4207 3197 4277 deceptus
3220 4250 3235 4275 ,
3280 4211 3550 4279 sedquod
3603 4212 3701 4265 in-.

2117 4308 2327 4354 cscatus
2358 4301 2445 4352 sit.
2471 4299 2586 4353 Jam
2617 4299 2679 4352 ad
2710 4299 2962 4368 judicium
2990 4301 3289 4357 veniamus:
3312 4302 3582 4358 videamus
3604 4304 3683 4357 in-

2118 4401 2410 4445 strumenta
2455 4391 2643 4459 prima,
2690 4404 2810 4459 quae
2850 4390 2903 4444 in
2947 4399 3130 4445 saneto
3165 4392 3273 4457 illo,
3306 4393 3611 4462 incorrupto
3635 4405 3699 4448 et:

2116 4480 2361 4534 clementi
2390 4477 2507 4532 foro
2535 4479 2691 4533 aliata
2717 4487 2874 4546 sunt,
2902 4483 3163 4549 descripta
3193 4481 3360 4537 literis
3379 4483 3696 4537 immortalis

2115 4570 2214 4625 bus
2239 4612 2254 4637 ,
2294 4585 2519 4640 quarum
2543 4572 2853 4624 memoriam
2879 4612 2895 4637 ,
2923 4582 3262 4640 conspectum
3287 4616 3303 4641 ,
3330 4576 3689 4645 conspicuita-

2119 4672 2221 4717 tem
2256 4664 2452 4717 nullum
2475 4678 2644 4716 aevum
2671 4662 2853 4719 delere
2880 4665 3093 4733 poterit.
3115 4664 3230 4720 Jam
3260 4667 3681 4725 anidmadverte.

2115 4754 2337 4819 Audiuit,
2377 4754 2566 4823 inquit,
2598 4754 2762 4806 Adam
2795 4770 2965 4809 vocem
2991 4754 3196 4809 Domini
3222 4757 3586 4813 deambulanti:
3622 4764 3690 4813 ad

2115 4862 2368 4915 vesperam
2394 4846 2707 4915 in‘paradiso
2739 4845 2889 4919 (Gen.
2919 4848 2972 4901 5.
3004 4847 3081 4915 8).
3107 4849 3145 4903 A
3170 4850 3387 4919 strepitu
3418 4853 3691 4913 sensit,-et

2114 4952 2143 4989 a
2167 4936 2566 4991 consuetudine.
2596 4936 2807 5007 Ergone
2835 4952 2865 4990 a
2898 4939 3120 5011 strepitu
3160 4941 3325 5010 potuit
3352 4941 3491 4995 Deus
3520 4955 3687 5010 appa-

2116 5036 2235 5075 rere
2263 5020 2615 5090 ?'Apparebat
2643 5035 2748 5075 non
2791 5029 2855 5075 ut-
2881 5032 3017 5089 erat,
3046 5023 3140 5077 sed
3170 5033 3229 5078 ut
3252 5025 3482 5079 volebat.
3514 5023 3688 5078 Bene-

2115 5110 2285 5165 dictus
2310 5122 2610 5166 sanctorum
2639 5112 2810 5178 Deus,
2835 5111 2974 5182 quod
3002 5114 3067 5167 ad
3098 5129 3373 5183 vesperam
3403 5124 3527 5168 tune
3548 5114 3687 5168 Ada-

2116 5218 2260 5256 mum
2283 5201 2572 5257 visitaverit
2596 5243 2611 5267 ,
2643 5213 2696 5256 et
2723 5217 2861 5256 nunc
2892 5204 2942 5257 in
2972 5219 3132 5259 cruce
3153 5206 3217 5257 ad
3246 5219 3545 5275 vesperam.
3578 5205 3687 5261 illis

2114 5293 2308 5362 quippe
2335 5293 2480 5347 hor-is
2505 5291 2747 5346 Christus
2775 5296 3076 5362 passionem
3107 5294 3389 5357 sustinuit,
3421 5309 3553 5363 quas
3579 5298 3686 5365 egit

2114 5382 2281 5436 Adam
2307 5423 2322 5448 ,
2359 5398 2423 5436 ex
2452 5397 2557 5452 quo
2585 5384 2891 5437 comederat
2910 5425 2925 5449 ,
2950 5383 3119 5437 donec
3144 5383 3376 5436 latebras
3400 5395 3680 5451 quaereret,

2113 5488 2177 5528 ac
2197 5473 2455 5542 judicium
2483 5475 2701 5539 subiret,
2733 5491 2762 5529 a
2789 5487 2941 5530 sexta
2964 5489 3130 5542 usque
3158 5473 3224 5527 ad
3256 5489 3448 5527 nonam
3479 5477 3681 5529 horam.

2113 5566 2273 5627 Sexta
2314 5564 2443 5618 hora
2486 5565 2717 5620 comedit
2747 5581 2761 5618 :
2795 5565 2907 5619 haec
2940 5565 3079 5618 enim
3119 5573 3323 5617 natura:
3356 5564 3532 5633 regula
3563 5578 3680 5632 est;

2114 5665 2233 5726 post
2252 5664 2454 5711 sextam
2474 5656 2750 5711 abscondit
2776 5669 2856 5711 se.
2876 5655 2953 5709 Ad
2971 5666 3241 5723 vesperam
3266 5653 3402 5707 Deus
3425 5654 3489 5708 ad
3513 5656 3691 5723 ipsum

2116 5748 2277 5804 venit.
2309 5747 2635 5803 Desideravit
2659 5747 2895 5803 Adamus
2936 5746 3046 5800 ﬁeri
3086 5745 3218 5801 deus
3247 5761 3262 5810 ;
3292 5746 3681 5815 l‘ﬁm.ileOSsir
