4074 6308
410 360 505 416 ιρι

416 480 575 532 bilem
602 474 950 533 desideravit:
980 473 1096 546 ejus
1113 474 1358 532 Christus
1386 475 1705 533 dmiderium
1728 479 1981 550 implevit.

409 567 730 622 Desiderasti
762 565 812 620 id
840 579 959 621 esse
977 606 992 629 ,
1021 565 1161 637 quod
1190 582 1294 622 non
1325 568 1540 637 potuisti
1573 587 1585 621 :
1612 568 1862 626 desidem
1886 587 1986 642 ego

407 658 519 713 ﬁeri
549 657 729 721 homo,
763 666 817 711 et
845 670 1061 726 possum
1088 675 1099 709 :
1133 658 1248 726 ejus
1268 659 1438 714 errori
1463 660 1633 715 vicem
1661 660 1983 717 contrariam

406 749 547 803 Deus
569 747 769 802 retulit.
807 747 1129 802 Desiderasti
1159 764 1277 818 qua:
1306 764 1463 819 supra
1489 759 1541 805 te
1570 762 1743 813 erant,
1769 766 1983 807 assumo

403 852 500 907 ego
528 852 645 907 qua:
676 834 808 890 infra
838 851 924 891 me
950 844 1091 891 sunt.
1130 836 1514 907 Eqnalitatem
1548 855 1668 894 cum
1714 841 1821 895 Deo
1855 856 1983 895 con-

401 926 686 995 cupivisti:
735 926 953 995 aequalis
998 927 1198 981 homini
1241 927 1330 981 fio.
1373 928 1499 983 ldco
1537 929 1610 984 ait
1637 929 1834 985 Paulus
1866 949 1880 984 :
1912 930 1983 984 Et

399 1016 570 1069 habitu
606 1016 833 1069 inventus
866 1026 923 1069 ut
961 1016 1107 1070 homo
1140 1018 1158 1087 (
1187 1016 1417 1089 Philipp.
1443 1017 1497 1073 Ξ.
1526 1020 1557 1073 7
1586 1021 1627 1091 ).
1657 1019 1977 1076 Desiderasli

396 1123 517 1163 esse
542 1102 703 1171 Deus,
734 1125 905 1180 neque
932 1107 1052 1164 ideo
1078 1110 1380 1180 indignatus
1408 1126 1523 1165 sum
1556 1128 1570 1165 :
1600 1112 1721 1166 volo
1755 1114 1896 1167 enim
1928 1121 1978 1168 te

395 1200 753 1268 aequalitatem
799 1216 919 1254 cum
963 1202 1074 1255 Deo
1112 1202 1491 1272 concupiscere
1520 1221 1535 1269 ;
1564 1204 1658 1259 sed
1696 1205 1975 1260 ideoindi-

393 1300 582 1359 gnatus
605 1306 751 1355 sum,
779 1291 916 1362 quod
950 1301 1142 1361 praeter
1169 1292 1375 1349 Domini
1402 1296 1715 1351 sententiam
1744 1312 1861 1351 eam
1891 1297 1973 1351 di-

392 1383 648 1452 gnitatem
679 1397 866 1452 rapere
896 1382 1148 1438 volueris.
1181 1383 1405 1439 Voluisti
1431 1386 1563 1440 deus
1592 1387 1730 1454 ﬁeri,
1761 1403 1860 1443 nec
1881 1402 1977 1457 po-

394 1478 541 1532 tuisti
574 1495 589 1545 ;
617 1476 777 1531 homo
803 1475 872 1532 ﬁo
892 1518 908 1543 ,
950 1485 1005 1532 et
1032 1478 1173 1547 quod
1204 1478 1533 1548 impossibile
1556 1488 1692 1545 erat,
1720 1481 1972 1551 possibile

392 1570 579 1626 reddo.
609 1569 761 1638 Quod
805 1578 982 1624 autem
1028 1584 1094 1624 ex
1129 1569 1396 1625 desiderio
1435 1571 1501 1625 ad
1541 1572 1643 1627 hoc
1668 1573 1967 1641 accederet,

390 1663 505 1733 ipse
534 1664 851 1718 testificatur
878 1661 959 1716 his
985 1660 1162 1717 verbis
1192 1681 1207 1718 :
1235 1679 1355 1718 cum
1395 1663 1510 1735 ipse
1538 1664 1731 1735 pascha
1763 1665 1969 1735 ederet,

390 1755 504 1824 ipse
533 1753 688 1809 alens
709 1769 831 1809 cum
857 1753 921 1808 iis
958 1755 1047 1823 qui
1075 1753 1375 1817 alebantur,
1419 1770 1539 1809 cum
1578 1770 1761 1811 mensa
1802 1772 1971 1827 appo-

389 1849 489 1900 sita
512 1846 586 1900 illi
612 1854 786 1911 esset,
819 1845 906 1914 qui
935 1845 1030 1898 alit
1060 1846 1366 1902 universum
1397 1847 1581 1902 orbem
1604 1889 1617 1911 ,
1650 1848 1818 1917 inquit
1838 1863 1971 1918 apo-

344 1993 356 2009 ,
387 1938 538 1992 stolis
570 1955 583 1992 :
612 1936 871 1992 Desideria
899 1936 1180 1991 desideravi
1209 1940 1303 1993 hoc
1327 1941 1517 2011 pascha
1552 1942 1859 1995 manducare
1886 1958 1972 1995 vo-

389 2031 577 2083 biscum
606 2028 755 2102 (Luc.
794 2027 885 2083 9.2.
920 2028 1032 2099 15).
1062 2027 1198 2083 Num
1228 2030 1370 2084 illam
1401 2046 1522 2085 cum
1554 2032 1663 2087 Deo
1692 2032 1966 2102 aequalita-

387 2131 493 2177 tem
522 2123 684 2177 invidi
711 2122 806 2178 tibi
830 2122 854 2175 ?
874 2121 953 2176 Tu
983 2137 1100 2177 mea
1128 2137 1385 2192 usurpare
1414 2124 1626 2179 voluisti
1652 2167 1667 2193 ,
1696 2140 1817 2180 cum
1860 2143 1965 2181 non

386 2230 607 2285 posses;
638 2228 737 2285 ego
765 2224 851 2269 tua
870 2230 1105 2280 assumo,
1128 2216 1267 2285 quod
1291 2232 1419 2271 sane
1450 2232 1682 2285 possum.
1713 2219 1961 2275 Animum

384 2307 594 2361 adhibe.
630 2306 913 2361 Descendit
939 2306 1005 2360 ad
1032 2321 1311 2376 vestieram
1336 2349 1350 2373 ,
1380 2316 1435 2362 et
1464 2308 1595 2364 dicit
1626 2328 1639 2364 :
1667 2310 1851 2376 Adam,
1882 2312 1966 2366 ubi

382 2416 434 2455 es
462 2399 611 2472 (Gen.
640 2400 691 2453 5.
726 2398 780 2467 9)
804 2399 829 2453 τ

455 2512 509 2567 6.
542 2512 665 2567 llaec
711 2510 889 2566 afﬁnia
931 2519 1055 2566 sunt
1082 2527 1095 2565 :
1122 2513 1279 2566 unius
1322 2513 1462 2567 enim
1495 2513 1591 2568 Dei
1621 2524 1745 2569 sunt
1771 2526 1824 2571 et
1849 2516 1963 2573 hazc

380 2615 436 2660 et
457 2606 567 2660 illa.
594 2604 859 2675 Numquid
884 2604 1025 2658 enim
1056 2603 1191 2658 alius
1217 2604 1283 2658 ad
1313 2605 1609 2674 passionem
1638 2608 1800 2673 venit,
1827 2610 1962 2665 alius

382 2695 657 2752 descendit
695 2695 747 2750 in
779 2693 1126 2764 paradisum?
1153 2693 1448 2749 Abscondit
1474 2711 1534 2752 se
1553 2737 1567 2761 ,
1598 2699 1783 2763 sensit,
1812 2710 1959 2769 post-

380 2804 539 2858 quam
568 2787 895 2842 comederat.
929 2787 1103 2855 Aperti
1145 2794 1259 2840 sunt
1302 2787 1443 2841 enim
1490 2805 1665 2842 eorum
1706 2793 1872 2858 oculi,
1915 2803 1960 2846 et

380 2887 715 2951 cognouerunt
757 2895 811 2932 se
839 2876 1003 2931 nudos
1031 2893 1139 2932 esse
1178 2876 1330 2950 (Gen.
1361 2878 1413 2933 5.
1448 2878 1525 2948 7).
1559 2878 1690 2947 Quia
1719 2880 1959 2937 diabolus

380 2970 627 3036 dixerat,
662 2968 775 3035 Qua
801 2968 882 3021 die
908 2967 1224 3022 comederitis
1242 3009 1257 3032 ,
1289 2969 1576 3038 aperientur
1616 2972 1751 3026 oculi
1778 2975 1958 3031 vestri:

378 3076 528 3125 ecce,
552 3060 741 3129 inquit,
757 3073 882 3113 vera
896 3056 1029 3112 dixit
1047 3067 1280 3113 satanas.
1296 3059 1461 3114 Paulo
1475 3062 1723 3116 convenit
1740 3062 1919 3120 dicere
1941 3083 1955 3120 :

378 3149 503 3204 Non
527 3150 660 3204 enim
674 3151 785 3219 ejus
804 3148 1013 3203 consitia
1028 3149 1317 3219 ignoramus
1328 3149 1405 3219 (2.
1423 3149 1542 3207 Cor.
1554 3151 1611 3205 2.
1627 3154 1649 3207 1
1662 3153 1738 3225 1).
1753 3153 1959 3212 Norunt

376 3242 549 3298 sancti
578 3241 773 3297 diaboli
806 3240 1101 3295 machinas.
1138 3238 1273 3296 Vide
1298 3242 1574 3297 malitiam.
1608 3243 1760 3301 Unde
1803 3258 1958 3303 norat

378 3333 641 3397 diabolus,
671 3332 783 3388 fore
810 3340 886 3395 ut,
910 3340 1186 3401 postquam
1213 3333 1591 3400 comedissent,
1623 3324 1957 3406 aperirentur

376 3440 559 3481 eorum
589 3422 773 3481 oculi?
801 3439 927 3479 num
954 3425 1079 3478 czeci
1106 3423 1294 3480 erant?
1321 3425 1454 3481 Dicit
1477 3427 1773 3498 Scriptura,
1802 3441 1955 3485 ante-

290 3534 291 3537 η
377 3531 533 3586 quam
565 3515 642 3570 illi
683 3515 1026 3570 comederent
1054 3513 1122 3570 de
1150 3516 1380 3571 arbore:
1416 3516 1551 3571 Vidit
1590 3520 1772 3574 mulier
1801 3520 1953 3575 arbo-

377 3626 498 3665 rem.
529 3609 646 3665 Non
680 3624 806 3680 ergo
845 3624 987 3664 caeca
1028 3618 1160 3663 erat.
1198 3607 1369 3677 Vidit,
1415 3610 1602 3682 inquit,
1644 3614 1823 3669 mulier
1864 3633 1953 3669 ar-

375 3703 539 3779 borem
559 3745 573 3769 ,
603 3702 738 3774 quod
764 3709 969 3773 aspectu
996 3701 1209 3771 pulchra
1254 3712 1378 3756 esset
1404 3700 1556 3773 (Gen.
1586 3705 1637 3760 5.
1669 3704 1745 3778 6).
1776 3705 1955 3763 Primo

376 3797 538 3863 vidit,
586 3796 780 3851 deinde
826 3794 1077 3851 comedit.
1124 3796 1401 3864 Quomodo
1431 3797 1589 3868 igitur
1629 3803 1797 3871 aperti
1830 3812 1955 3857 sunt

375 3902 558 3944 eorum
586 3886 762 3941 oculi?
793 3885 1040 3952 Attende,
1072 3900 1291 3956 quaeso;
1336 3887 1420 3942 hic
1443 3889 1583 3942 enim
1608 3892 1829 3960 quaestio
1853 3892 1951 3946 sita

374 3986 477 4032 est.
518 3977 770 4033 Diabolus
817 3977 886 4032 de
930 3992 1152 4032 numero
1180 3992 1362 4033 eorum
1398 3987 1548 4047 erat,
1578 3985 1666 4052 qui
1697 3982 1828 4052 lapsi
1858 4000 1951 4039 seu

376 4071 694 4138 transgressi
744 4070 979 4137 fuerant;
1027 4080 1356 4140 noveratque
1399 4073 1525 4142 quid
1571 4088 1762 4144 passus
1809 4084 1955 4131 esset

376 4172 495 4231 post
518 4162 1011 4233 transgressionem,
1038 4162 1269 4232 quidque
1294 4162 1382 4217 alii
1413 4174 1832 4234 transgressores
1858 4181 1951 4237 pa-

380 4262 636 4308 terentur.
666 4253 978 4310 Communis
1017 4262 1193 4309 autem
1227 4253 1475 4309 omnibus
1504 4264 1587 4310 est
1614 4256 1728 4312 haec
1754 4260 1948 4327 passio.

375 4346 504 4401 Nam
536 4346 797 4416 hodieque
822 4361 941 4401 cum
974 4360 1292 4416 peccamus,
1322 4347 1462 4401 velut
1487 4348 1611 4402 caeci
1638 4364 1949 4419 peccamus:

379 4447 497 4510 post
528 4449 802 4507 peccatum
848 4445 972 4491 tunc
1014 4436 1254 4491 videmus
1284 4436 1410 4507 quid
1456 4436 1758 4494 fecerimus.
1791 4440 1952 4497 Verbi

377 4542 558 4593 causa,
584 4529 628 4582 si
660 4529 777 4598 quis
817 4536 1112 4592 accusetur,
1142 4527 1250 4582 Cur
1278 4527 1379 4582 hoc
1409 4527 1618 4583 fecisti?
1645 4530 1691 4584 is
1716 4533 1952 4587 necessi-

379 4630 540 4675 tatem
590 4619 1058 4689 przntenditzVere
1104 4634 1208 4673 non
1254 4619 1497 4674 videbam
1531 4622 1653 4691 quid
1690 4623 1950 4690 facerem;

378 4727 483 4767 non
511 4710 649 4780 quod
666 4725 839 4764 czecus
859 4720 1023 4773 esset,
1042 4711 1135 4764 sed
1155 4711 1293 4780 quod
1318 4712 1455 4766 inter
1472 4713 1796 4781 peccandum
1819 4715 1954 4771 ratio

376 4802 786 4865 obtcncbretur,
818 4801 945 4856 dum
984 4810 1131 4857 totus
1166 4803 1305 4857 actui
1349 4804 1697 4863 incumberet.
1739 4807 1791 4859 in
1840 4807 1954 4876 ipso

378 4904 555 4951 autem
587 4909 752 4965 opere
793 4904 1109 4948 exczecatur.
1156 4894 1347 4949 Postea
1394 4911 1520 4950 vero
1549 4895 1601 4949 in
1631 4896 1953 4953 conscientia

374 4989 518 5044 videt
556 4987 687 5058 quid
724 4986 927 5041 fecerit.
975 4985 1215 5056 Exempli
1262 5002 1420 5041 causa
1454 5004 1467 5040 :
1497 4986 1787 5057 ingreditur
1833 4990 1957 5060 quis

373 5081 591 5134 dmttum
620 5089 677 5133 nt
706 5078 941 5141 furetur,
982 5086 1041 5131 ut
1084 5092 1257 5131 czeeus
1298 5079 1489 5142 intrat;
1536 5092 1645 5132 non
1668 5079 1862 5148 cogitat
1885 5080 1955 5137 de

373 5172 464 5226 illo
483 5212 498 5237 ,
532 5172 621 5242 qui
651 5170 859 5226 obviam
889 5167 1095 5224 futurus
1119 5177 1200 5223 eat
1220 5211 1234 5233 ,
1261 5168 1329 5223 de
1352 5184 1418 5223 eo
1441 5170 1529 5237 qui
1559 5170 1949 5239 apprehendet,

374 5279 483 5318 non
520 5263 586 5319 de
629 5262 867 5332 judicum
914 5269 1077 5326 metu,
1124 5258 1191 5313 de
1233 5260 1573 5328 impendente
1618 5264 1853 5331 periculo
1882 5282 1896 5320 :
1922 5280 1955 5319 a

374 5358 562 5411 morbo
588 5370 817 5426 namque
851 5354 1014 5413 animi
1054 5362 1353 5408 excaecatus
1377 5360 1478 5408 est.
1509 5353 1643 5411 Cum
1682 5355 1951 5426 ingressus

375 5446 553 5512 fuerit,
581 5462 700 5502 cum
729 5444 1019 5515 abripuerit
1044 5486 1060 5509 ,
1090 5459 1211 5498 cum
1252 5443 1459 5499 furatus
1485 5459 1731 5515 egressus
1760 5446 1916 5503 fuerit
1935 5488 1953 5514 ,

376 5539 589 5597 nemine
621 5547 909 5609 praesente,
939 5546 1085 5592 metu
1110 5535 1345 5606 repletur
1364 5579 1378 5603 ,
1411 5538 1573 5592 sentit
1592 5537 1717 5608 quid
1744 5538 1952 5609 fecerit,

373 5633 667 5701 anxiusque
691 5632 906 5701 cogitat,
934 5630 978 5684 si
1005 5629 1317 5700 perquisitio
1340 5627 1516 5685 futura
1541 5631 1629 5697 sit,
1659 5630 1956 5701 deprehen-

378 5736 535 5775 suros
562 5736 681 5776 esse
707 5722 826 5792 quis
853 5721 1059 5776 facinus
1099 5720 1435 5791 perpetrarit.
1468 5720 1598 5788 Quae
1619 5721 1755 5778 inter
1789 5737 1957 5792 agen-

375 5816 506 5872 dum
535 5828 640 5871 non
667 5828 845 5869 secum
877 5813 1193 5887 reputabat,
1223 5822 1342 5884 post
1368 5828 1485 5872 rem
1507 5824 1710 5889 gestam
1735 5816 1951 5889 cogitat.

1835 365 2198 425 SEVERIANI

3572 372 3673 430 492

2094 481 2253 537 Verbi
2280 481 2468 550 gratia,
2498 481 2586 551 qui
2612 481 2927 545 mmcbatur,
2954 482 3007 537 in
3036 482 3373 555 alienumque
3402 493 3576 540 tortttn
3604 502 3662 545 se

2092 575 2281 645 injicit,
2314 575 2511 639 intrat,
2541 591 2640 631 nec
2662 576 2859 646 cogitat
2885 592 3006 633 esse
3036 578 3212 649 leges,
3244 578 3545 644 tribunalia,
3579 594 3673 634 ac-

2090 674 2363 721 cusatores
2386 707 2401 731 ,
2431 666 2634 738 gladios
2662 676 2845 723 acutos
2867 685 2880 720 :
2899 678 2955 723 at
2983 685 3043 725 re
3073 680 3280 739 peracta
3302 711 3316 736 ,
3360 671 3545 735 timet,
3577 686 3659 727 su-

2087 765 2297 825 spectos
2326 757 2482 812 habet
2506 772 2739 825 servum,
2773 759 3044 827 ancillam,
3078 762 3330 826 vicinum,
3360 772 3664 832 cognatum,

2085 862 2311 917 quaeque
2336 847 2473 903 inter
2492 850 2752 919 agendum
2778 866 2881 904 non
2904 851 3187 922 cogitabat,
3210 852 3438 907 advertit
3462 864 3663 924 postea.

2085 939 2289 993 Rursus
2322 940 2572 995 admonet
2608 941 2727 1011 quis
2755 941 2919 996 alium
2958 950 3016 995 ttt
3045 943 3309 998 abstineat
3338 960 3367 999 a
3398 946 3550 1000 malis
3571 986 3584 1010 ,
3618 945 3665 1001 si

2084 1046 2287 1087 morem
2316 1048 2422 1087 non
2449 1036 2694 1104 gesserit,
2722 1034 2859 1089 solet
2895 1036 2942 1091 ei
2972 1034 3151 1091 dicere
3173 1053 3184 1090 :
3204 1035 3410 1106 Stepius
3438 1037 3543 1092 dixi
3574 1037 3621 1093 ei
3642 1078 3662 1106 ,

2083 1135 2137 1181 et
2161 1141 2265 1181 non
2293 1127 2526 1190 audivit;
2557 1144 2665 1182 non
2689 1128 2827 1199 quod
2860 1144 2964 1183 non
2992 1130 3238 1196 audierit,
3268 1131 3360 1184 sed
3386 1130 3525 1200 quod
3554 1146 3659 1185 non

2081 1217 2483 1288 obtemperarit.
2513 1218 2646 1273 Tum
2678 1219 2961 1291 infligendo
2986 1221 3166 1291 plagas
3189 1222 3267 1276 ait
3290 1240 3303 1277 :
3329 1222 3505 1277 Deceo
3527 1229 3578 1277 te
3599 1231 3659 1277 ut

2080 1307 2298 1374 audias;
2328 1324 2433 1364 non
2458 1311 2597 1381 quod
2624 1310 2859 1366 attditum
2888 1312 2962 1366 illi
2983 1313 3199 1377 tribuat,
3225 1313 3319 1369 sed
3339 1313 3480 1384 quod
3504 1315 3653 1383 plaga

2077 1398 2327 1454 emendet
2372 1413 2795 1472 praeoccupatum
2844 1404 3117 1469 animum,
3161 1414 3215 1460 et
3259 1404 3325 1460 ad
3376 1406 3653 1460 meliorem

2076 1489 2279 1562 frugem
2321 1492 2559 1548 reducat.
2601 1493 2691 1550 Sic
2730 1504 2782 1549 et
2812 1494 3109 1566 propheta:
3139 1495 3419 1566 Disciplina
3448 1496 3656 1551 Domini

2075 1586 2236 1656 aperit
2275 1585 2400 1639 mihi
2439 1602 2588 1641 aures
2625 1584 2777 1656 (lsai.
2821 1585 2908 1641 50.
2952 1587 3031 1655 5).
3073 1587 3205 1654 Quia
3247 1603 3373 1659 ergo
3396 1588 3643 1646 diabolus

2075 1678 2345 1733 exciderat
2377 1677 2502 1747 (non
2531 1678 2672 1732 enim
2700 1676 2993 1752 argumenti
3021 1677 3216 1732 oblitus
3244 1679 3404 1750 sum),
3435 1688 3657 1735 noverat

2076 1767 2161 1822 ubi
2188 1778 2303 1823 erat
2326 1808 2341 1831 ,
2379 1777 2657 1837 postquam
2684 1767 2901 1833 excidit,
2940 1776 3171 1837 tuncque
3199 1768 3250 1822 in
3279 1784 3494 1824 sensum
3521 1769 3654 1825 faci-

2075 1859 2219 1914 noris
2244 1860 2324 1915 sui
2354 1860 2518 1915 venit.
2550 1859 2816 1915 Didicerat
2841 1875 2969 1931 ergo
2997 1875 3061 1914 ex
3093 1861 3156 1915 iis
3185 1876 3409 1931 quorum
3442 1862 3652 1930 pericu-

2073 1953 2180 2007 lmn
2211 1951 2446 2020 fecerat,
2477 1952 2685 2024 aitque,
2717 1952 2780 2007 Si
2805 1952 3148 2019 comederitis,
3191 1953 3476 2021 aperientur
3518 1954 3653 2008 oculi

2070 2047 2248 2112 vestri;
2277 2060 2502 2116 nempe,
2534 2054 2591 2101 ut
2629 2046 2732 2100 mei
2772 2045 2940 2115 aperti
2973 2055 3094 2100 sunt
3126 2064 3139 2101 :
3166 2060 3233 2101 ex
3259 2060 3363 2116 quo
3388 2046 3651 2115 peccavi,

2071 2140 2192 2192 novi
2238 2138 2363 2210 quid
2405 2152 2592 2209 passus
2621 2138 2755 2201 sim,
2802 2138 2924 2193 novi
2963 2138 3088 2208 quid
3122 2139 3410 2193 amiserim.
3452 2137 3650 2193 Deinde

2069 2230 2409 2295 comederunt,
2436 2240 2481 2285 et
2505 2230 2667 2301 aperti
2690 2240 2805 2285 sunt
2832 2232 2965 2286 oculi
2985 2248 3175 2297 eorum,
3198 2240 3241 2285 et
3262 2231 3487 2285 viderunt
3508 2232 3647 2301 quod

2068 2321 2195 2374 nudi
2223 2331 2405 2376 essent.
2438 2323 2575 2377 Ante
2611 2321 2752 2377 enim
2794 2321 2921 2377 nudi
2967 2331 3119 2377 erant
3146 2331 3199 2376 et
3228 2336 3331 2376 non
3361 2322 3645 2376 erubesce-

2072 2411 2219 2466 bant.
2254 2412 2525 2468 Exucrant
2568 2413 3052 2476 immortalitatem,
3103 2413 3307 2469 sublata
3351 2423 3463 2467 erat
3506 2413 3644 2468 stola

2066 2504 2282 2575 gloriae,
2325 2504 2576 2560 nudatum
2613 2505 3047 2575 corpuslfuerat,
3091 2512 3144 2559 et
3187 2504 3351 2558 lutum
3392 2503 3643 2571 deinceps

2064 2606 2199 2651 erat.
2246 2596 2434 2652 Statim
2485 2597 2707 2651 scaturit
2746 2595 3017 2651 inventum
3069 2595 3282 2650 artium.
3333 2595 3436 2649 Ars
3472 2595 3644 2665 prima

2066 2687 2253 2741 Adami
2294 2688 2520 2743 sartoria
2559 2686 2676 2742 fuit.
2724 2689 2861 2742 Ante
2886 2702 3100 2743 omnem
3128 2696 3299 2743 artem
3326 2688 3550 2756 sumpsit
3575 2686 3642 2741 ti-

2063 2780 2268 2833 culneae
2295 2777 2440 2846 folia,
2470 2789 2523 2834 et
2566 2779 2793 2834 censuit.
2826 2779 2955 2848 Quis
2983 2778 3203 2834 docuit?
3226 2780 3344 2850 quis
3372 2787 3641 2833 monstra-

2061 2872 2172 2925 vit?
2194 2871 2368 2927 Semel
2397 2888 2427 2926 a
2459 2873 2567 2927 Deo
2588 2872 2857 2927 solertiam
2877 2881 3174 2942 acceperat.
3199 2872 3369 2942 imago
3388 2882 3503 2926 erat
3518 2871 3638 2936 Dei,

2061 2971 2116 3017 et
2141 2962 2207 3016 de
2234 2962 2455 3017 scientia
2480 2961 2689 3017 dubitas
2712 2963 2735 3015 ?
2756 2963 2885 3016 Cum
2914 2970 3086 3016 tecum
3115 2962 3464 3032 reputaveris,
3496 2960 3639 3016 unde

2061 3054 2290 3122 primum
2334 3053 2494 3107 homo
2521 3062 2754 3108 aratrum
2785 3052 3002 3119 fecerit,
3035 3054 3155 3124 quis
3184 3054 3382 3125 lignum
3412 3064 3598 3124 aptare
3618 3095 3635 3120 ,

2062 3157 2118 3202 et
2143 3148 2194 3201 in
2222 3147 2400 3202 medio
2426 3147 2622 3202 ferrum
2651 3148 2887 3203 inserere
2919 3156 2974 3202 et
3007 3147 3336 3219 adstringere
3363 3148 3635 3214 docuerit,

2055 3236 2240 3307 jugum
2284 3236 2454 3292 bobus
2498 3238 2803 3309 imponere;
2852 3237 2991 3293 unde
3033 3238 3225 3294 mulier
3250 3238 3491 3294 texendae
3518 3239 3641 3294 telae

2057 3337 2227 3383 artem
2253 3328 2545 3396 invenerit,
2576 3329 2818 3385 sumendi
2846 3329 3015 3384 vellus
3037 3372 3052 3396 ,
3082 3331 3322 3395 lavandi,
3352 3330 3593 3401 pectendi
3616 3371 3633 3396 ,

2059 3419 2217 3474 nendi
2240 3462 2254 3484 ,
2284 3420 2527 3490 copulata
2558 3419 2808 3476 tenuandi
2831 3462 2846 3488 ,
2879 3436 3169 3491 rursusque
3195 3422 3439 3477 nectendi
3464 3420 3637 3476 :unde

2058 3509 2199 3565 hoc?
2251 3511 2380 3579 Quis
2441 3510 2836 3582 phrygionicam
2891 3509 3209 3583 phrygiones
3259 3513 3472 3567 docuit?
3523 3511 3638 3568 Stat

2062 3602 2348 3657 textoriutn
2393 3603 2798 3660 instrumentum
2820 3646 2836 3671 ,
2885 3619 3046 3659 unum
3088 3614 3171 3659 est
3203 3607 3343 3676 quod
3374 3608 3631 3661 mittitur:

2057 3710 2162 3749 non
2193 3709 2379 3750 manus
2406 3696 2601 3764 efficit,
2648 3696 2743 3752 sed
2773 3698 2908 3753 ratio
2935 3708 3187 3768 operatur
3210 3740 3225 3764 ,
3270 3684 3635 3754 ratioformas

2056 3786 2310 3840 absolvit.
2358 3786 2563 3841 Artifex
2608 3802 2796 3843 manus
2841 3803 2945 3843 non
2993 3788 3180 3858 injicit,
3229 3789 3466 3860 artisque
3499 3791 3636 3844 ratio

2056 3880 2430 3934 vestimentum
2462 3880 2655 3935 format
2675 3923 2690 3943 ,
2721 3890 2775 3936 et
2801 3882 2852 3935 in
2884 3882 3094 3951 figuris,
3121 3898 3240 3953 quae
3266 3884 3434 3937 oculis
3464 3884 3634 3953 perci-

2058 3974 2289 4043 piuntttr,
2322 3974 2585 4029 excitatur
2608 3974 2824 4029 artificis
2852 3974 3115 4029 voluntas.
3142 3974 3259 4029 .lam
3284 3974 3505 4047 phrygio
3527 3990 3633 4030 non

2057 4077 2238 4120 movet
2268 4081 2457 4121 manus
2480 4108 2496 4133 ,
2535 4075 2591 4120 et
2618 4065 2814 4121 formas
2843 4067 3053 4122 excitat.
3090 4068 3144 4123 Si
3173 4079 3346 4123 autem
3372 4067 3628 4132 audieris,

2062 4158 2224 4212 Deum
2272 4158 2515 4227 operari,
2565 4167 2788 4228 putasne
2836 4159 3009 4228 ipsum
3059 4174 3276 4214 movere
3318 4173 3529 4213 manum
3578 4168 3636 4212 tit

2057 4247 2346 4320 operetur?
2388 4256 2443 4303 et
2485 4249 2528 4302 si
2574 4264 2788 4305 omnem
2838 4259 3007 4305 artem
3056 4264 3319 4321 omneque
3364 4250 3634 4304 inventum

2056 4341 2390 4411 exquisieris,
2417 4340 2741 4412 dixerisque,
2766 4342 3044 4409 Quomodo
3068 4341 3170 4397 hoc
3195 4350 3248 4395 et
3268 4342 3395 4396 illud
3422 4342 3637 4396 invene-

2058 4430 2213 4487 runt?
2243 4431 2555 4487 recordatus
2576 4435 2761 4502 prima:
2782 4433 2928 4488 vocis
2950 4448 3052 4503 qua
3077 4433 3275 4488 dictum
3304 4434 3421 4499 fuit,
3445 4431 3636 4486 Facia-

2058 4540 2170 4577 mus
2200 4524 2449 4577 hominem
2476 4524 2545 4577 ad
2570 4524 2838 4593 imaginem
2862 4534 3106 4591 nostram,
3138 4525 3302 4581 habes
3328 4524 3637 4596 quaestionis

2059 4614 2395 4669 solutionem.
2422 4615 2513 4669 Dei
2538 4615 2707 4685 imago
2725 4624 2833 4679 est,
2856 4626 3024 4670 etnon
3045 4617 3322 4685 intelligit?
3346 4616 3439 4672 Dei
3463 4617 3637 4685 imago

2059 4720 2174 4772 est,
2225 4717 2279 4762 et
2320 4723 2424 4763 non
2471 4709 2704 4762 imitatur
2731 4708 3049 4762 Dominum?
3078 4710 3284 4763 Censuit
3309 4708 3435 4777 [alia
3470 4708 3615 4776 ﬁcus.

2130 4800 2181 4853 7.
2199 4797 2385 4852 Contra
2411 4815 2494 4852 eos
2520 4800 2605 4869 qui
2630 4799 2857 4853 dicebant
2888 4799 3181 4869 paradisum
3202 4801 3255 4853 in
3276 4801 3401 4853 caelo
3416 4815 3541 4853 esse.
3564 4827 3634 4840 --

2062 4889 2397 4945 Erubescant
2424 4892 2512 4961 qui
2539 4891 2827 4961 allegorice
2857 4892 3272 4961 interpretantes
3298 4891 3506 4959 dicunt,
3538 4907 3636 4962 pa-

2060 4982 2295 5036 radisum
2333 4984 2384 5036 in
2416 4984 2549 5038 caelo
2590 4992 2644 5039 et
2682 4983 3013 5054 spirituaiem
3064 4998 3204 5038 esse.
3259 4984 3317 5040 In
3344 4985 3475 5038 caelo
3509 4983 3637 5055 quid

2062 5074 2187 5130 facit
2241 5077 2406 5130 licus?
2448 5076 2643 5132 Verum
2692 5077 2761 5132 sit
2808 5078 2858 5131 in
2888 5078 3021 5132 caelo
3064 5077 3342 5149 paradisus
3376 5094 3388 5130 :
3419 5077 3637 5131 ﬂumina

2062 5169 2202 5223 unde
2230 5170 2461 5229 exeunt?
2492 5186 2669 5225 nonne
2696 5186 2763 5226 ex
2793 5172 2976 5225 terra?
3000 5170 3054 5226 Si
3101 5170 3382 5241 paradisus
3426 5184 3636 5224 sursum

2059 5272 2160 5329 est,
2197 5263 2338 5318 haud
2377 5263 2538 5320 dubie
2580 5264 2796 5318 flumina
2853 5264 2920 5319 de
2959 5266 3203 5335 supernis
3254 5264 3441 5319 ﬂuunt.
3497 5262 3636 5319 Num

2061 5353 2189 5409 dicit
2208 5354 2483 5426 Scriptura
2519 5373 2533 5410 :
2566 5356 2786 5410 Fluvius
2815 5356 3091 5412 descendit
3114 5373 3178 5411 ex
3206 5355 3412 5417 Edem?
3438 5356 3641 5411 Atvide

2062 5445 2358 5515 sephisma.
2401 5446 2631 5502 lrrident
2662 5462 2758 5502 nos
2810 5448 2886 5501 illi
2942 5447 3319 5519 allegoriarum
3369 5458 3636 5502 auctores.

2064 5538 2243 5593 Induit
2267 5556 2374 5606 eos,
2396 5541 2584 5611 inquit,
2604 5539 2743 5594 Deus
2765 5541 2961 5595 tunicas
2993 5542 3227 5611 pelliceas
3254 5539 3411 5610 (Cen.
3444 5542 3498 5596 5.
3521 5539 3639 5610 21).

2061 5630 2197 5684 Num
2228 5631 2391 5686 boves
2415 5642 2470 5687 et
2498 5646 2628 5686 oves
2661 5632 2920 5686 mactavit
2945 5674 2959 5696 ,
2988 5633 3304 5702 aperuitque
3322 5632 3532 5685 coriarii
3561 5630 3639 5683 of.

2063 5723 2298 5788 iicinam,
2331 5739 2393 5779 ac
2418 5725 2633 5779 coriarii
2664 5734 2835 5779 artem
2863 5722 3009 5795 egit?
3037 5723 3445 5793 Respondemus
3490 5737 3587 5777 nos
3612 5764 3627 5783 ,

2068 5822 2232 5873 totum
2260 5815 2455 5873 attimal
2498 5814 2748 5885 produxit
2772 5816 2918 5875 nullo
2943 5829 3269 5889 congressu,
3298 5814 3445 5875 nulla
3472 5829 3639 5886 copit.
