4044 6306
420 386 517 445 491

422 494 553 571 ἦλθε
575 491 709 567 πρὸς
732 493 895 548 αὐτὸν
918 494 947 547 6
964 492 1116 557 Θεός.
1133 490 1328 546 Ἐπεθύ
1338 507 1508 562 μησεν
1547 491 1718 561 ’Δδὰμ
1745 487 1995 558 γενέσθαι.

426 582 543 643 θεός
566 596 579 610 ·
610 576 883 632 ἀδυνάτων
913 576 969 630 δέ
997 575 1337 645 ἐπεθύμησεν
1356 592 1370 606 ο
1409 575 1595 629 ἔλυσεν
1626 573 1790 627 αὐτοῦ
1810 573 1839 624 6
1860 572 1997 639 Χρι-

426 661 548 724 στὸς
571 661 668 730 τὴν
696 658 1008 728 ἐπιθυμίαν.
1039 656 1193 730 [502}
1218 655 1597 727 Ἐπεθύμησας
1627 656 1691 708 σὺ
1721 652 1995 722 γενέσθαι,

424 744 454 797 δ
496 743 595 795 οὐκ
632 741 837 811 ἠδύνω·
875 739 1128 810 ἐπιθυμῶ
1162 738 1273 807 ἐγὼ
1318 740 1571 807 γενέσθαι
1627 737 1935 807 ἄνθρωπος,
1970 733 1999 786 ὃ

425 828 684 896 δύναμαι·
720 825 1066 893 ἀντεσήκωσε
1107 823 1215 892 γάρ
1245 821 1409 875 αὐτοῦ
1442 824 1470 875 6
1512 821 1641 884 Θεὸς
1676 823 1741 891 τῇ
1792 818 1997 890 ἀπάτῃ.

439 908 818 978 Ἐπεθύμησας
851 906 960 958 τῶν
1008 906 1145 977 ὑπὲρ
1188 906 1281 968 σὲ,
1326 904 1589 974 λαμϐάνω
1630 903 1697 956 τά
1744 903 1835 955 ὐπ’
1877 902 1996 972 ἐμέ.

441 992 697 1054 Ἰσοθεῖας
749 988 1144 1060 ἐπεθύμησαςο
1208 988 1543 1059 ἰσάνθρωπος
1600 987 1840 1056 γίνομαι.
1903 985 2001 1038 Διά

428 1076 585 1128 τοῦτο
614 1074 707 1127 καὶ
735 1071 945 1134 Παῦλος
972 1071 1120 1139 λέγει
1143 1085 1155 1099 ⁸
1193 1070 1298 1123 Καὶ
1334 1069 1595 1139 σχήματι
1637 1068 1898 1136 εὑρεθεὶς
1923 1068 2004 1131 ὡς

432 1159 760 1226 ἄνθρωπος.
813 1154 1200 1225 Ἐπεθύμησας
1251 1154 1502 1221 γενέσθαι
1553 1154 1712 1216 θεὸς,
1761 1152 1855 1205 καλ.
1904 1152 2005 1204 οὐκ

430 1240 785 1312 ἠγανάκτησα
810 1238 899 1291 διὰ
921 1237 1079 1291 τοῦτο
1103 1254 1117 1267 ο
1149 1236 1288 1289 Θέλω
1307 1237 1414 1308 γάρ
1444 1252 1502 1289 σε
1532 1236 1761 1289 ίσοθεῖαν
1785 1233 1970 1286 ποθεῖν
1987 1249 2002 1264 ’

432 1326 548 1380 ἀλλ’
570 1327 603 1395 ἡ
635 1322 1034 1392 ἀγανάκτησις,
1066 1322 1148 1373 6::
1179 1320 1330 1391 παρὰ
1358 1318 1585 1389 γνώμην
1612 1318 1705 1371 τοῦ
1737 1317 2005 1370 Δεσπότου

432 1406 701 1477 ἠθέλησας
726 1406 967 1474 ἁρπάσαι
998 1404 1061 1456 τὸ
1093 1403 1331 1473 ἀξίωμα.
1352 1401 1738 1472 Ἐπεθύμησας
1757 1398 2007 1469 γενέσθαι

435 1490 554 1553 θεὸς
575 1530 590 1554 ,
615 1490 710 1543 καὶ
739 1491 840 1542 οὐκ
867 1486 1139 1557 ⁴ἠδυνήθης
1164 1502 1177 1514 ·
1211 1486 1434 1554 γίνομαι
1463 1484 1749 1555 ἄνθρωπος
1773 1524 1788 1545 ,
1827 1484 1921 1536 καὶ
1946 1481 2010 1535 τὸ

434 1572 690 1627 ἀδύνατον
714 1570 932 1624 δυνατὸν
961 1568 1118 1621 ποιῶ.
1149 1568 1271 1621 Ὅτι
1299 1568 1357 1620 δὲ
1389 1566 1671 1638 ἐπιθυμῶν
1699 1562 1831 1637 ἦλθε
1874 1566 2011 1636 πρὸς

433 1656 608 1719 τοῦτο,
642 1656 907 1726 μαρτυρεῖ
932 1652 1093 1715 αὐτὸς
1118 1652 1291 1719 λέγων
1310 1668 1324 1681 ο
1354 1652 1442 1704 ὅτε
1473 1652 1535 1705 τὸ
1565 1652 1750 1721 πάσχα
1771 1649 1958 1720 ἢσθιεν
1983 1650 2012 1702 6

435 1740 647 1810 τρέφων
668 1736 935 1808 μετὰτῶν
954 1735 1321 1806 τρεφομένων,
1346 1736 1439 1788 καὶ
1454 1735 1701 1807 τράπεζα
1728 1735 2013 1805 προέκειτο

435 1822 513 1892 τῷ
543 1821 791 1893 τρέφοντι
826 1822 1005 1872 πᾶσαν
1030 1820 1129 1888 τὴν
1161 1818 1252 1872 ὐπ’
1277 1819 1526 1888 οὐρανὸν,
1560 1819 1706 1887 λέγει
1734 1821 1847 1881 τοῖς
1879 1818 2014 1870 ἀπο·

440 1904 671 1967 στόλοιςο
728 1904 1036 1971 Ἐπιθυμίᾳ
1073 1902 1421 1969 ἐπεθύμησα
1452 1900 1665 1970 φαγεῖν
1704 1900 1769 1953 τὸ
1804 1898 2015 1967 πάσχα

437 1987 613 2041 τσῦτο
633 1985 761 2056 μεθ’
789 1984 976 2054 ὑμῶν.
1000 1983 1093 2054 Μὴ
1125 1983 1233 2054 γάρ
1258 1983 1533 2054 ἐϐάσκηνά
1569 2000 1661 2037 σου
1682 1986 1748 2054 τῇ
1777 1984 2010 2054 ίσοθεῒας

440 2072 511 2124 Σὺ
547 2071 616 2123 τὰ
649 2069 755 2139 ἐμά
803 2068 1071 2140 ἠθέλησας
1101 2067 1376 2139 ἁρπάσαι,
1415 2067 1487 2137 μὴ
1539 2067 1833 2136 δυνάμενος
1859 2084 1872 2098 ·
1905 2066 2015 2133 ἐγὼ

439 2153 508 2206 τά
561 2151 629 2205 σά
667 2151 955 2222 λαμϐάνω,
994 2151 1311 2220 δυνάμενος.
1354 2150 1616 2220 Πρόσεχε.
1658 2148 1909 2221 Κατῆλθε
1954 2148 2016 2202 τὸ

439 2235 684 2299 δειλινὸν,
717 2236 813 2289 καὶ⁵
845 2233 1020 2302 λέγει’
1061 2233 1262 2303 Ἀδὰμ,
1290 2233 1411 2287 ποῦ
1437 2233 1495 2286 εἷ
1510 2273 1526 2297 ,

515 2394 589 2452 ς’.
638 2385 863 2455 Ἀδελφά
890 2386 1070 2437 ἐκεῖνα
1104 2384 1197 2437 καὶ
1220 2382 1422 2437 ταῦτα’
1454 2382 1572 2446 ἐνὸς
1599 2382 1706 2452 γὰρ
1747 2382 1881 2436 Θεοῦ
1922 2383 2021 2436 κὰ-

443 2477 596 2530 κεῖνα
626 2474 723 2527 καὶ
750 2470 939 2525 ταῦτα.
966 2470 1057 2543 Μὴ
1088 2470 1196 2543 γὰρ
1231 2469 1386 2534 ἄλλος
1416 2466 1578 2539 ἦλθεν
1611 2470 1702 2522 ἐπὶ
1734 2470 1794 2521 τὸ
1827 2469 2019 2533 πάθος,

444 2566 556 2620 ἀλλ’
600 2567 628 2619 6
680 2563 953 2619 κατελθὼν
999 2564 1057 2615 ἐν
1112 2561 1190 2633 τῷ
1237 2561 1583 2633 παραδείσῳ;
1645 2560 1903 2632 Ἐκρύϐη,
1953 2561 2021 2632 ᾔ-

446 2649 600 2704 σθετο
646 2646 783 2717 μετά
832 2645 894 2698 τὸ
942 2648 1155 2714 φαγεῖν.
1186 2645 1629 2714 Διηνοίχθησαν
1664 2642 1772 2715 γάρ
1820 2642 2016 2697 αὐτῶν

446 2736 500 2786 οἱ
553 2730 879 2799 ὀφθαλμοὶ,
934 2729 1105 2800 φησὶ,
1164 2728 1264 2781 καί
1326 2727 1601 2796 ἔγνωσαν
1658 2725 1746 2779 ὅτι
1810 2726 2023 2797 γυμνοί

448 2809 629 2885 ἦσαν.
701 2810 917 2883 Ἐπειδὴ
965 2815 993 2864 6
1050 2811 1292 2874 διάϐολος
1351 2805 1537 2877 εἶπεν,
1588 2803 1673 2881 ᾟ
1719 2808 1796 2863 ἂν
1830 2812 2019 2880 ἡμέρᾳ

449 2895 674 2967 φάγητε
694 2937 707 2958 ,
736 2894 1009 2963 διανοιχθ
1023 2893 1274 2959 ήσονται
1302 2892 1469 2963 ὑμῶν
1491 2896 1544 2946 οί
1572 2894 1869 2962 ὀφθαλμοί
1886 2910 1899 2923 ⁸
1927 2894 2023 2956 ἴδε,

452 2979 649 3049 φησὶν,
713 2977 1006 3047 ⁴Ιιλήθευσεν
1069 2978 1097 3029 6
1138 2976 1401 3039 Σατανᾶς.
1444 2974 1640 3045 Παύλῳ
1692 2975 1887 3047 πρέπει
1942 2976 2028 3029 λέ-

448 3078 564 3129 γειν
586 3078 601 3091 ’
636 3062 717 3114 Οὐ
755 3061 863 3130 γὰρ
894 3060 1079 3114 αὑτοῦ
1112 3061 1184 3114 τὰ
1214 3058 1482 3128 νοήματα
1529 3059 1887 3129 ἀγνοοῦμεν.
1935 3061 2027 3113 Οἴ-

449 3147 604 3201 δασιν
645 3147 694 3198 οἱ
725 3146 864 3214 άγιοι
900 3145 998 3209 τὰς
1028 3143 1269 3214 μηχανάς
1305 3144 1399 3197 τοῦ
1439 3143 1707 3199 διαϐόλου,
1760 3146 1900 3215 Ὅρα
1924 3161 2027 3199 κα-

453 3230 595 3285 κίαν.
633 3228 800 3282 Πόθεν
842 3228 956 3300 ⁴ᾔδει
997 3231 1025 3282 6
1079 3227 1323 3291 διάϐολος
1347 3267 1363 3291 ,
1396 3228 1478 3281 6::
1533 3226 1672 3297 μετὰ
1726 3226 1787 3280 τὸ
1836 3231 2028 3297 φαγεῖν

452 3313 756 3382 ἀνοίγονται
782 3311 958 3365 αὐτῶν
982 3313 1031 3364 οί
1060 3310 1359 3381 ὁφθαλμοί;
1393 3309 1469 3381 μὴ
1498 3310 1607 3379 γάρ
1638 3310 1829 3379 τυφλοὶ
1852 3307 2025 3382 ἦσαν;

452 3396 616 3466 Λέγει
645 3398 678 3469 ἡ
703 3397 913 3468 Γραφὴ,
949 3395 1078 3466 πρὶν
1108 3397 1298 3464 φαγεῖν
1320 3394 1515 3457 αὐτοὺς
1538 3394 1646 3447 ἀπὸ
1667 3392 1760 3445 τοῦ
1787 3394 2026 3464 δένδρου,

454 3477 627 3545 Εἶδε,
663 3480 847 3550 φησιν,
896 3480 934 3549 ἠ
977 3477 1131 3549 γυνὴ
1176 3478 1242 3531 τὸ
1288 3475 1558 3546 δένδρον.
1592 3475 1801 3529 Οὐκοῦν
1828 3479 1927 3530 οὐκ
1962 3474 2031 3550 ἧν

454 3566 647 3636 τυφλὴ.
674 3563 829 3627 Εἶδε,
860 3565 1042 3633 φησὶν,
1067 3564 1104 3632 ’ἡ
1129 3560 1283 3631 γυνὴ
1312 3561 1377 3614 τὸ
1405 3559 1679 3628 δένδρον,
1707 3560 1793 3613 ὅτι
1816 3561 2032 3629 ὡραῖον

456 3651 541 3715 είς
578 3647 811 3716 ὅρασιν.
854 3646 1077 3717 Πρῶτον
1113 3642 1219 3700 εἶδε
1243 3685 1257 3709 ,
1290 3644 1383 3697 καὶ
1408 3643 1529 3696 τότε
1557 3642 1759 3713 έφαγε.
1787 3644 1911 3707 Πῶς
1938 3642 2031 3697 οὖν

459 3731 787 3802 ἠνοίχθησαν
809 3728 988 3785 αὐτῶν
1018 3730 1065 3781 οἱ
1087 3727 1384 3799 ὁφθαλμοί;
1413 3726 1672 3797 Πρόσεχε,
1696 3727 1995 3798 παρακαλῶ
2012 3740 2028 3756 ⁸

466 3812 705 3867 ἐνταῦθά
736 3816 853 3866 ἐστι
894 3812 955 3866 τὸ
1011 3810 1360 3882 ζητούμενον.
1409 3809 1468 3861 '0
1514 3808 1755 3872 διάϐολος
1786 3809 1893 3861 ἀπὸ
1938 3811 2033 3862 ἐκ·

458 3897 718 3960 πτώσεως
758 3891 848 3968 ἦν,
884 3895 1162 3958 τουτέστι,
1202 3892 1311 3946 ἀπὸ
1349 3890 1718 3963 παραϐάσεως
1739 3905 1755 3923 ·
1785 3893 1880 3945 καὶ
1913 3892 2033 3963 ᾔδει

457 3980 511 4039 τί
535 3979 734 4034 ἔπαθεν
764 3981 793 4032 6
817 3977 1103 4050 παραϐὰς,
1133 3976 1226 4031 καὶ
1257 3975 1311 4028 τί
1349 3975 1650 4045 πάσχουσιν
1684 3975 1733 4028 οί
1764 3975 2035 4046 παραϐαί-

457 4080 660 4126 νοντες.
694 4062 885 4117 Κοινὸν
931 4061 989 4115 δέ
1032 4062 1145 4113 ἐστι
1186 4059 1247 4112 τὸ
1284 4058 1455 4121 πάθος
1488 4058 1725 4113 πάντων.
1778 4059 1888 4112 Καὶ
1926 4060 2036 4129 γάρ

461 4148 723 4218 σήμερον,
739 4146 865 4199 ὅταν
886 4144 1306 4215 ἁμαρτάνωμεν,
1319 4142 1393 4207 ῶς
1408 4142 1598 4211 τυφλοὶ
1618 4141 2003 4212 ἁμαρτάνομεν
2018 4157 2032 4173 ·

459 4231 555 4297 καὶ
583 4232 711 4284 ὅταν
735 4228 1164 4299 ἁμαρτήσωμεν,
1198 4226 1319 4279 τότε
1356 4224 1573 4296 ὁρῶμεν
1598 4224 1649 4277 τί
1676 4225 2033 4296 ἐποιήσαμεν.

462 4308 609 4376 Οἷον,
637 4312 824 4383 ὥσπερ
856 4310 907 4363 εἰ
934 4327 1018 4372 τις
1041 4308 1371 4377 ἐγκαλεῖται,
1402 4307 1504 4360 Διά
1536 4307 1587 4361 τί
1610 4307 1726 4361 τόδε
1751 4308 2034 4378 ἐποίησας,

460 4394 850 4467 προφασίζεται
864 4390 1375 4462 ἁνάγκηνθΔληθῶς
1384 4392 1484 4444 οὐκ
1498 4389 1521 4442 ἔ
1528 4390 1723 4443 ϐλεπον
1736 4389 1786 4443 τί
1801 4391 2035 4444 ἐποίουνο

460 4481 560 4549 οὐχ
586 4479 661 4543 ὡς
693 4476 888 4546 τυφλὸς
913 4475 1009 4541 ὢν,
1039 4474 1153 4529 ἀλλ’
1177 4475 1361 4545 ἐπειδὴ
1391 4476 1449 4528 ἐν
1473 4477 1538 4545 τῇ
1568 4474 1809 4547 ἁμαρτίᾳ
1836 4476 1863 4527 6
1893 4475 2039 4542 λογι-

465 4563 601 4633 σμὸς
638 4560 907 4632 πηροῦται
941 4599 955 4621 ,
993 4558 1110 4621 ὅλος
1139 4554 1418 4626 γινόμενος
1442 4556 1537 4611 τοῦ
1566 4558 1767 4628 πρᾶξαι
1786 4601 1802 4624 ,
1827 4560 1920 4611 καὶ
1947 4577 2041 4611 τυ-

464 4643 689 4714 φλοῦται
722 4645 778 4695 ἐν
815 4642 892 4712 τῷ
921 4642 1197 4714 πράττειν.
1226 4640 1422 4692 Βλέπει
1452 4641 1590 4711 μετὰ
1619 4640 1790 4693 ταῦτα
1821 4644 1886 4712 τῇ
1918 4658 2042 4695 συν-

464 4728 670 4797 ειδήσει
707 4726 760 4779 τί
781 4725 1070 4795 πεποίηκε.
1097 4724 1255 4791 Λέγω
1275 4722 1333 4776 δὲ
1369 4722 1443 4786 ὡς
1469 4726 1526 4777 ἐν
1548 4723 1801 4777 ὑποθέσει
1821 4741 1835 4754 ο
1866 4724 2043 4794 εἰσέρ-

465 4811 618 4883 χεταί
654 4827 737 4872 τις
778 4807 1071 4880 λῃστεῦσαι
1116 4806 1209 4861 ἐπὶ
1239 4804 1448 4869 οἰκίας,
1489 4808 1583 4859 καὶ
1628 4806 1933 4877 εἰσέρχεται
1965 4808 2041 4866 ὡς

464 4892 661 4961 τυφλός
681 4908 694 4921 ·
726 4892 786 4943 οὐ
812 4889 1082 4957 λογίζεται
1106 4888 1196 4941 τὸν
1217 4888 1562 4951 ἀπαντῶντα,
1596 4888 1684 4941 τὸν
1714 4889 2037 4960 κρατοῦντα,

465 4978 559 5030 τὸν
593 4974 755 5043 φόϐον
784 4975 889 5027 τῶν
919 4970 1206 5033 δικαστῶν,
1230 4970 1322 5023 τὸν
1351 4970 1731 5044 ἐπηρτημένον
1765 4971 2004 5026 κίνδυνον
2024 4988 2038 5004 υ

467 5061 802 5128 τετύφλωται
831 5060 937 5129 γὰρ
967 5058 1071 5113 ὐπὸ
1096 5059 1194 5127 τῆς
1222 5056 1399 5109 νόσου.
1438 5057 1609 5109 Ὅταν
1627 5056 1842 5127 εἰσέλθῃ
1865 5097 1881 5120 ,
1914 5058 2043 5111 ὅταν

468 5145 631 5215 λάϐῃ,
665 5145 789 5195 ὅταν
828 5144 1029 5209 κλέψας
1052 5140 1265 5213 ἐξέλθῃ,
1303 5139 1528 5209 μηδενὸς
1565 5139 1847 5211 παρόντος,
1877 5140 2041 5207 φόϐου

470 5226 788 5297 πληροῦται,
813 5224 1126 5279 αἰσθάνεται
1156 5223 1208 5275 τί
1238 5223 1484 5293 ἐποίησε,
1514 5223 1608 5277 καὶ
1633 5222 1904 5290 λογίζεται
1926 5223 2006 5275 6::
2026 5265 2042 5288 ,

468 5311 566 5364 ἐὰν
603 5309 851 5381 ζητηθῇ,
891 5308 1071 5362 νοοῦσι
1112 5309 1174 5361 τὸ
1216 5308 1453 5378 πρᾶγμα,
1490 5306 1633 5370 τίνος
1666 5307 1813 5363 ἐστὶν
1862 5307 2041 5378 ἔργον.

471 5393 629 5465 1505]
656 5395 766 5448 Καὶ
803 5394 843 5455 ἃ,
870 5394 943 5463 μὴ
975 5393 1255 5461 ἐλογίσατο
1286 5391 1559 5462 πράττων,
1598 5388 1870 5459 λογίζεται
1906 5391 2047 5461 μετὰ

468 5478 531 5530 :6
561 5477 785 5549 πρᾶξαι.
823 5472 968 5540 Οἷον,
998 5479 1026 5530 6
1052 5476 1338 5547 μοιχεύων,
1370 5475 1463 5528 καὶ
1492 5474 1829 5546 ὲπιρρίπτων
1857 5475 2046 5529 ἐαυτὸν

471 5564 735 5635 ἀλλοτρίῳ
767 5564 903 5633 πυρὶ
923 5604 936 5627 ,
966 5565 1266 5637 εἰσέρχεται
1286 5603 1301 5627 ,
1333 5564 1427 5615 καὶ
1457 5564 1517 5615 οὐ
1552 5561 1822 5629 λογίζεται
1851 5563 1931 5615 6::
1963 5562 2048 5615 νό-

479 5663 570 5716 μοι
595 5648 731 5712 είσὶ,
758 5648 1113 5717 δικαστήρια,
1147 5646 1505 5715 κατηγορίαι,
1539 5644 1663 5714 ξίφη
1694 5645 2007 5714 ἠκονημένα
2030 5660 2045 5676 ·

474 5727 585 5782 ἀλλ’
619 5730 744 5783 ὅταν
763 5730 967 5804 πράξῃ,
998 5729 1187 5798 δειλιᾷ,
1211 5726 1505 5781 ὑποπτεύει
1526 5728 1711 5789 παῖδα,
1736 5726 2048 5797 παιδίσκην,

476 5811 713 5885 γείτονα,
735 5812 976 5885 συγγενῆ
994 5828 1008 5841 ·
1037 5812 1130 5869 καὶ
1152 5811 1188 5868 δι
1220 5810 1301 5886 μὴ
1319 5809 1544 5869 ἔϐλεπεν
1571 5813 1631 5871 ἐν
1662 5808 1742 5886 τῷ
1768 5807 2048 5883 πράττειν,

1455 376 1544 433 DE
1582 378 1801 437 MUNDI
1838 370 2236 433 CBEATIONE
2272 372 2531 430 ORATIO
2561 374 2649 430 Vl.

3565 373 3669 429 69?.

2104 485 2289 555 βλέπει
2324 488 2462 558 μετά
2488 488 2549 540 τὸ
2569 486 2792 559 πρᾶξαι.
2828 487 2997 544 Πάλιν
3023 490 3280 561 παραινεῖ
3312 506 3397 553 τις
3434 487 3540 543 τινὶ
3565 489 3672 543 ἀπ·

2103 569 2321 639 έχεσθαι
2358 572 2544 626 κακῶν
2566 587 2581 603 ·
2621 571 2724 626 κᾶν
2769 573 2999 644 ἀπειθὴς
3036 568 3111 647 ᾗ,
3146 576 3179 645 ἡ
3212 571 3469 643 συνήθεια
3497 570 3678 643 τούτῳ

2103 648 2281 718 λέγει’
2326 654 2591 718 Πολλάκις
2639 654 2785 726 αὐτῷ
2817 651 2986 719 εἷπον,
3019 657 3113 710 καὶ
3141 656 3239 709 οὐκ
3273 655 3503 725 ἧκουσεν
3524 670 3539 684 ·
3571 654 3672 724 οὐχ

2105 733 2188 786 6::
2220 735 2317 788 οὐκ
2339 737 2568 806 ηκουσεν
2597 750 2641 790 ι.
2681 738 2911 792 Ἔπειτα
2943 737 3234 807 ἐπαγαγὼν
3263 736 3410 807 αὐτῷ
3435 735 3672 806 πληγάς,

2105 816 2270 885 λέγει·
2302 820 2547 873 Διδάσκω
2568 837 2627 873 σε
2656 820 2903 874 ἀκούειν·
2929 822 3025 892 οὐχ
3055 824 3135 875 6::
3162 822 3330 892 ἀκοὴν
3355 820 3501 888 αὐτῷ
3522 819 3675 874 δίδω-

2110 916 2212 964 σιν,
2256 901 2369 954 ἀλλ’
2404 903 2481 955 6::
2514 905 2546 974 ή
2580 903 2761 976 πληγὴ
2791 904 3090 974 διορθοῦται
3135 904 3229 975 τὴν
3270 903 3557 975 πρόληψιν,
3582 902 3676 956 καὶ⁸

2108 985 2186 1047 είς
2217 984 2426 1037 σύνεσιν
2469 986 2631 1039 αὐτὸν
2657 986 2830 1056 φέρει.
2880 986 3033 1039 Οῦτω
3074 988 3166 1039 καὶ
3193 987 3220 1039 ὁ
3260 987 3575 1055 προφήτης’
3616 982 3679 1036 Ἠ

2110 1067 2344 1121 παιδεία
2371 1070 2586 1136 Κυρίου
2623 1071 2841 1139 ἀνοίγει
2864 1088 2982 1139 ⁹ιιου
3003 1072 3074 1123 τὰ
3107 1066 3244 1124 ὦτα.
3290 1069 3441 1123 Ἐπεὶ
3472 1063 3564 1120 οῦν
3591 1066 3681 1128 ἐξ-
3722 1124 3735 1137 ,

2111 1151 2306 1205 έπεσεν
2339 1152 2368 1203 6
2403 1152 2651 1216 διάϐολος
2682 1154 2763 1218 (οὐ
2798 1153 2904 1225 γὰρ
2950 1153 3307 1224 ἐπιλέλησμαι
3356 1152 3453 1221 τῆς
3485 1148 3680 1204 ὐποθέ-

2114 1251 2249 1297 σεως
2272 1235 2311 1301 ),
2352 1234 2469 1306 ⁴ᾔδει
2508 1235 2612 1288 ποῦ
2651 1230 2719 1307 ἦν
2751 1236 2888 1307 μετά
2928 1236 2988 1289 τὸ
3030 1238 3303 1300 ἐκπεσεῖν,
3335 1236 3426 1288 καὶ
3451 1236 3569 1286 τότε
3599 1234 3680 1294 είς

2111 1318 2361 1389 αἴσθησιν
2382 1315 2543 1390 ἦλθεν
2570 1313 2645 1372 ὧν
2667 1320 2939 1390 ἐποίησεν.
2958 1320 3199 1391 Ἕμαθεν
3213 1314 3305 1372 οῦν
3317 1317 3377 1382 ἐξ
3394 1311 3468 1370 ὧν
3488 1315 3681 1378 ἔπαθε,

2113 1404 2207 1455 καὶ
2226 1402 2392 1471 λέγει,
2424 1402 2558 1456 Ἐὰν
2584 1403 2829 1473 φάγητε,
2850 1404 3189 1474 ἀνοίγονται
3207 1401 3372 1471 ὑμῶν
3389 1404 3444 1455 οι
3460 1402 3683 1470 ὀφθαλ-

2111 1486 2213 1554 μοί
2230 1502 2244 1516 ·
2265 1487 2560 1551 τουτέστιν,
2582 1487 2657 1551 ὡς
2685 1488 2776 1541 καὶ
2802 1490 2850 1541 οἱ
2870 1488 3018 1557 ἐμοί·
3046 1483 3181 1551 οῖδα,
3213 1488 3305 1554 ἀφ’
3323 1478 3384 1539 οὐ
3411 1483 3678 1555 παρέϐην,

2114 1567 2168 1619 τί
2199 1567 2425 1621 ἔπαθον
2454 1568 2626 1638 ἔγνων
2664 1570 2717 1623 τί
2752 1570 2951 1624 ἔπαθον
2970 1610 2984 1633 ,
3012 1571 3182 1639 ἔγνων
3210 1570 3353 1632 τινος
3389 1569 3687 1636 ἀπέτυχονα

2117 1646 2260 1706 Εἶτα
2285 1652 2530 1722 ἔφαγον,
2558 1653 2655 1706 καί
2696 1653 3130 1725 διηνοίχθησαν
3161 1652 3361 1709 αὐτῶν
3381 1655 3435 1707 οἱ
3463 1652 3687 1721 6910a}-

2111 1735 2213 1804 μοὶ
2234 1776 2249 1799 ,
2282 1735 2380 1788 καὶ
2409 1732 2573 1791 εἶδον
2615 1736 2702 1790 ὅτι
2746 1739 2957 1808 γυμνοὶ
2991 1735 3172 1809 ἦσαν.
3215 1738 3328 1809 Πρὸ
3351 1738 3458 1809 γὰρ
3496 1734 3691 1789 τούτου

2116 1815 2256 1889 ἦσαν
2288 1820 2519 1889 γυμνοὶ,
2568 1822 2661 1873 καὶ
2697 1821 2798 1874 οὐκ
2824 1822 3138 1893 ᾐσχύνοντο.
3188 1821 3550 1876 Ἀπεδύσαντο
3584 1817 3685 1888 τὴν

2120 1903 2438 1967 ἀθανασίαν,
2465 1903 2778 1975 περιῃρέθη
2802 1907 2835 1976 ἡ
2873 1906 3033 1976 στολὴ
3063 1906 3159 1975 τῆς
3188 1905 3362 1976 δόξης,
3399 1899 3695 1973 ἐγυμνώθη⁴

2119 1987 2181 2039 τὸ
2209 1985 2365 2055 σῶμα
2393 2026 2407 2050 ,
2437 1986 2530 2039 καὶ
2568 1981 2636 2058 ἦν
2667 1987 2834 2058 πηλὸς
2862 1986 3065 2042 λοιπόν.
3097 1988 3312 2051 Εὐθέως
3340 1986 3491 2058 βρύει
3512 1988 3545 2056 ἡ
3571 1983 3693 2037 ἐπί-

2121 2086 2238 2123 νοια
2270 2069 2377 2122 τῶν
2403 2068 2626 2139 τεχνῶν.
2664 2068 2860 2141 Πρώτη
2891 2070 3049 2141 τέχνη
3084 2069 3177 2123 τοῦ
3219 2070 3390 2141 Ἀδὰμ
3426 2067 3687 2141 ραπτική.

2122 2153 2235 2223 Πρὸ
2264 2152 2442 2220 πάσης
2482 2153 2677 2222 τέχνης
2712 2153 2870 2207 ἔλαϐε
2900 2154 2969 2207 τὰ
3004 2153 3175 2223 φύλλα
3204 2154 3301 2224 τῆς
3344 2153 3548 2221 συκῆς,
3596 2150 3691 2204 καὶ

2122 2233 2348 2306 ἔρραψε.
2390 2234 2482 2297 Τίς
2526 2237 2555 2289 6
2597 2234 2844 2302 διδάξαςς
2882 2238 2966 2299 τίς
3007 2237 3036 2289 6
3077 2236 3409 2300 παιδεύσας,
3460 2232 3699 2287 Ἔλαϐεν

2123 2319 2269 2383 ἅπαξ
2293 2319 2445 2389 παρά
2477 2319 2612 2372 Θεοῦ
2644 2320 2877 2387 σύνεσιν,
2904 2320 3067 2374 εἰκὼν
3092 2316 3159 2391 ἦν
3183 2319 3319 2373 Θεοῦ
3347 2360 3362 2384 ,
3396 2318 3490 2372 καὶ
3517 2319 3692 2388 ἀμφι-

2126 2403 2341 2465 ϐάλλεις
2365 2404 2489 2474 περὶ
2508 2404 2604 2474 τὴν
2626 2404 2828 2471 γνῶσιν
2852 2422 2866 2470 ;
2900 2406 3067 2457 Ὅταν
3090 2406 3347 2477 ἐννοήσῃς
3374 2402 3514 2456 κατά
3541 2417 3696 2454 σεαυ·

2124 2487 2235 2550 τὸν,
2280 2486 2442 2540 πόθεν
2479 2486 2763 2556 ἄνθρωπος
2794 2487 3021 2559 ἄροτρον
3060 2488 3274 2558 πρῶτον
3313 2486 3573 2557 ἐποίησε,
3610 2483 3697 2546 τίς

2128 2570 2367 2637 ὑπέδειξε
2392 2570 2615 2641 ποιῆσαι
2639 2569 2815 2635 ξύλον,
2835 2570 2929 2623 καὶ
2954 2570 3318 2641 μεσολαϐῆσαι
3349 2569 3583 2641 σίδηρον,
3603 2566 3699 2620 καὶ

2128 2654 2369 2722 σφίγξαι,
2412 2654 2504 2708 καλ⁵
2551 2654 2782 2725 ζεύγλην
2833 2653 3097 2707 ἐπιθεῖναι
3145 2656 3256 2717 τοῖς
3303 2652 3486 2724 βουσί’
3535 2649 3705 2703 πόθεν.

2128 2738 2263 2809 γυνὴ
2289 2731 2413 2809 εὗρε
2444 2740 2640 2809 τέχνην
2674 2737 2985 2809 ἰστουργίας
3004 2778 3019 2802 ,
3052 2738 3237 2792 λαϐεῖν
3259 2738 3442 2801 πόκον,
3478 2733 3699 2799 πλῦναι,

2131 2822 2316 2884 ξᾶναι,
2346 2821 2541 2891 νῆσαι,
2580 2821 2642 2874 :6
2682 2820 3026 2892 συνημμένον
3075 2820 3355 2886 λεπτῦναι,
3399 2818 3494 2872 καὶ
3538 2817 3707 2871 πάλιν

2132 2904 2348 2975 σχισθέν
2380 2904 2613 2973 συνάψαι
2633 2921 2648 2937 ·
2678 2905 2839 2958 πόθεν
2866 2905 3056 2970 τοῦτο;
3080 2904 3178 2968 Τίς
3208 2903 3412 2970 ἐδίδαξε
3438 2902 3564 2965 τούς
3584 2917 3705 2955 ποι-

2132 2989 2318 3051 κιλτὰς
2342 2990 2439 3058 τὴν
2466 2988 2833 3060 ποικιλτικήν;
2867 2989 3137 3061 Ἔστηκεν
3167 2990 3329 3055 ἱστὸς,
3365 2989 3422 3042 ἐν
3441 2988 3501 3041 :6
3524 3004 3708 3059 παρα-

2132 3073 2502 3143 πεμπόμενον,
2527 3074 2588 3125 οὐ
2623 3074 2745 3146 χεὶρ
2776 3073 3139 3145 ἐργαζομένη.
3169 3074 3284 3129 ἀλλ’
3312 3078 3341 3128 6
3358 3074 3514 3143 λόγος
3534 3073 3711 3146 ἐργά-.

2133 3160 2304 3226 ζεται,
2328 3158 2485 3227 λόγος
2511 3158 2721 3229 μορφάς
2740 3158 3010 3213 ἀποτελεῖ.
3032 3159 3145 3213 οὐκ
3164 3159 3440 3212 ἐπιϐάλλει
3465 3162 3652 3228 χεῖρας
3678 3159 3718 3212 ἀ

2134 3243 2382 3313 τεχνίτης
2402 3282 2418 3307 ,
2451 3243 2546 3296 καὶ
2569 3242 2598 3295 6
2626 3242 2782 3311 λόγος
2809 3244 2906 3312 τῆς
2932 3243 3128 3313 τέχνης
3161 3246 3359 3314 μορφοῖ
3380 3244 3441 3297 :6
3471 3242 3709 3314 ἱμάτιον,

2135 3330 2229 3383 καὶ
2251 3330 2307 3380 ἐν
2335 3326 2630 3399 ὁρωμένοις
2662 3328 2933 3397 σχήμασιν
2959 3328 3231 3399 ἐγείρεται
3250 3327 3312 3380 τὸ
3342 3326 3586 3397 βούλημα
3612 3326 3721 3385 ’τοὶἷι¹

2133 3412 2401 3483 τεχνίτου.
2434 3407 2567 3464 Εἶτα
2586 3411 2615 3463 6
2645 3410 2924 3481 ποικιλτὴς
2944 3412 3004 3464 οὐ
3026 3413 3167 3464 κινεῖ
3187 3413 3365 3481 χεῖρα,
3393 3411 3486 3464 καὶ
3506 3410 3710 3481 ἐγείρει

2141 3496 2376 3567 μορφάς.
2404 3494 2515 3548 Καὶ
2542 3493 2637 3549 ἐὰν
2660 3493 2929 3567 ἀκούσῃς,
2961 3494 3042 3548 ὅτι
3067 3493 3198 3557 Θεὸς
3223 3492 3534 3565 ἐργάζεται,
3557 3492 3713 3563 νομί-

2138 3579 2250 3644 ζεις
2277 3580 2357 3632 6::
2400 3581 2557 3648 χεῖρα
2600 3576 2766 3630 κινῶν
2804 3576 3141 3650 ἐργάζεται;
3177 3579 3287 3630 Καὶ
3330 3576 3425 3630 ἐάν
3467 3573 3719 3648 ζητήσῃς

2138 3664 2320 3716 πᾶσαν
2348 3662 2565 3733 τέχνην,
2598 3664 2692 3714 καὶ
2720 3662 2901 3713 πᾶσαν
2941 3660 3202 3725 ἐπίνοιαν,
3242 3660 3337 3713 καὶ
3368 3660 3549 3730 εἴπῃς,
3587 3659 3710 3722 Πῶς

2137 3744 2365 3816 ἐνόησαν
2386 3744 2503 3797 τόδε
2531 3744 2566 3817 ἦ
2588 3744 2736 3811 τόδε;
2766 3742 3141 3815 μνημονεύσας
3158 3742 3258 3812 τῆς
3279 3741 3500 3814 πρώτης
3526 3741 3717 3812 φωνῆς

2137 3831 2236 3901 τῆς
2269 3828 2553 3897 λεγούσης,
2603 3827 2956 3897 Ποιήσωμεν
3000 3827 3313 3895 ἄνθρωπον
3341 3828 3469 3880 κατ’
3504 3827 3711 3880 εἰκόνα

2137 3911 2452 3982 ἡμετέραν,
2482 3911 2635 3981 ἔσχες
2655 3912 2755 3981 τῆς
2772 3911 3005 3982 ἀπορίας
3024 3910 3120 3981 τὴν
3141 3909 3317 3964 λύσιν.
3347 3908 3524 3963 Είκὼν
3549 3908 3708 3974 Θεοῦ,

2141 3997 2234 4050 καὶ
2263 3997 2324 4049 οὐ
2346 3998 2456 4048 νοεῖ
2482 4010 2497 4060 ;
2523 3994 2685 4048 είκὼν
2721 3992 2879 4058 Θεοῦ,
2912 3995 3005 4047 καὶ
3030 3994 3092 4049 οὐ
3125 3996 3369 4066 μιμεῖται
3393 3994 3485 4047 τὸν
3507 3993 3711 4047 Δεσπό-

2140 4096 2273 4153 την;
2308 4080 2564 4149 Ἐρῤαψε
2590 4080 2798 4147 φύλλα
2830 4075 3050 4146 συκῆς.

2211 4228 2279 4295 ζ’.
2312 4226 2759 4297 Αίσχυνέσθωσαν
2788 4226 2839 4280 οί
2871 4224 3293 4299 άλληγοροῦντες
3314 4265 3328 4289 ,
3356 4226 3439 4279 6::
3476 4226 3506 4278 6
3534 4225 3716 4297 παρά-

2141 4314 2315 4374 δεισος
2353 4315 2410 4366 ἐν
2448 4310 2662 4382 οὐρανῷ
2698 4312 2834 4377 ἐστι,
2877 4312 2971 4365 καὶ
3010 4311 3374 4381 πνευματικός
3411 4313 3578 4364 ἐστιν.
3626 4310 3715 4364 Ἐν

2142 4395 2356 4467 οὐρανῷ
2394 4395 2531 4465 σι)κῆ
2563 4394 2616 4447 τί
2651 4398 2832 4459 ποιεῖς
2877 4393 3015 4448 Ἀλλ’
3048 4394 3187 4450 ἔστω
3228 4396 3257 4448 6
3300 4394 3625 4465 παράδεισος
3655 4395 3717 4447 ἐν

2144 4480 2358 4552 οὐρανῴ
2383 4495 2397 4510 ·
2426 4478 2577 4553 [504]
2604 4480 2652 4532 οί
2680 4480 2915 4549 ποταμοὶ
2934 4478 3097 4532 πόθεν
3123 4478 3429 4551 ἐξέρχονται
3449 4496 3465 4546 ;
3485 4480 3585 4533 οὐκ
3607 4479 3719 4533 ἀπὸ

2144 4565 2287 4634 γῆς;
2318 4564 2382 4616 EE
2410 4566 2437 4617 6
2464 4563 2792 4633 παράδεισος
2816 4562 2948 4627 άνω,
2979 4562 3136 4634 δῆλον
3167 4564 3249 4616 6::
3283 4564 3378 4617 καὶ
3403 4566 3452 4617 οί
3483 4564 3720 4635 ποταμοὶ

2144 4648 2349 4702 άνωθεν
2372 4646 2575 4717 ῥέουσι.
2598 4646 2690 4717 Μὴ
2714 4647 2821 4719 γάρ
2849 4642 2999 4699 εἷπεν
3019 4648 3054 4717 ἡ
3073 4647 3286 4718 Γραφή·
3311 4646 3560 4718 Ποταμὸς
3580 4664 3715 4701 κατ’

2145 4732 2360 4803 έρχεται
2385 4728 2446 4796 ἐξ
2474 4729 2665 4800 Ἑδέμ;
2696 4730 2855 4783 Ἀλλά
2875 4730 2937 4784 τὸ
2968 4731 3207 4801 σόφισμα
3223 4730 3273 4785 b.
3314 4730 3547 4784 Γελῶσιν
3571 4732 3718 4802 ἡμᾶς

2145 4816 2195 4868 οἱ
2221 4814 2612 4885 ἀλληγορηταί.
2644 4812 2929 4868 Ἐνέδυσε
2952 4812 3345 4884 γὰραύτοὺςό
3373 4814 3535 4880 Θεὸς,
3562 4816 3717 4883 φησὶ,

2148 4896 2402 4965 χιτῶνας
2451 4896 2860 4965 δεμματίνους.
2909 4894 3060 4968 Ἀρα
3108 4897 3181 4968 μὴ
3231 4897 3358 4967 βόας
3403 4898 3723 4968 ἦπρόϐαται

2148 4980 2329 5045 ἔθυσε,
2365 4980 2460 5033 καὶ
2490 4980 2736 5051 βυρσεῖον
2758 4979 2955 5051 ἤνοιξε,
2981 4981 3074 5034 καὶ
3098 4982 3292 5051 τέχνην
3326 4981 3566 5052 βυρσέως
3588 4982 3729 5033 ἀπε..

2146 5064 2331 5118 τέλεσε
2355 5080 2369 5129 ;
2396 5063 2640 5133 Λέγομεν
2657 5066 2838 5134 ἡμεῖς,
2858 5063 2978 5118 ὅλον
2999 5063 3060 5117 :6
3078 5062 3221 5139 ,ζῶον
3245 5065 3563 5135 παρήγαγεν
3587 5061 3717 5115 ἄνευ

2152 5146 2489 5216 συμπλοκῆς,
2522 5146 2649 5199 ἄνευ
2700 5147 2982 5216 συζυγίας.
3020 5148 3092 5201 Τὸ
3138 5149 3211 5219 μὴ
3240 5148 3299 5200 ὃν
3342 5147 3593 5216 ἐποίησε,
3625 5146 3717 5201 καὶ

2155 5231 2317 5302 μέρος
2345 5231 2439 5283 τοῦ
2460 5230 2612 5295 ὄντος
2640 5233 2813 5285 ποιεῖν
2843 5233 2943 5290 οὐκ
2973 5231 3237 5302 ἡδύνατος
3272 5229 3471 5284 Λοιπὸν
3511 5227 3717 5297 φιλοτι-

2154 5314 2377 5385 μοῦνται
2395 5331 2409 5345 ο
2439 5315 2553 5369 ἀλλ’
2592 5316 2845 5370 οὐδέποτε
2867 5316 2998 5379 Θεὸς
3019 5318 3163 5369 ποιεῖ
3185 5314 3349 5385 μέρος
3372 5312 3533 5378 ξώου,
3566 5314 3720 5368 οὐδὲν

2150 5398 2339 5461 ἀτελὲς
2363 5400 2508 5452 ποιεῖ
2532 5398 2561 5450 6
2586 5399 2737 5462 Θεός.
2775 5398 2986 5452 Ἀκούει
3018 5398 3191 5469 δέρμα
3211 5439 3225 5462 ,
3250 5398 3341 5449 καὶ
3360 5396 3514 5465 ζητεῖ
3534 5396 3719 5457 πόθεν.

2152 5476 2558 5535 Οὐκοῦνάκούω
2580 5480 2735 5551 κάγὼ
2751 5477 2888 5552 αἷμα
2905 5485 2962 5534 ἐν
2977 5480 3253 5550 Αἰγύπτῳ,
3276 5480 3370 5532 καὶ
3392 5478 3539 5550 ζητῶ
3558 5478 3733 5534 πόθεν,

2217 5693 2376 5760 ξ’λῌὶο,
2400 5699 2512 5760 pos:
2535 5693 2623 5760 οὐχ
2646 5695 2717 5742 ὅτι
2743 5694 2829 5741 οὐκ
2847 5690 3403 5760 ἤκουσενηόιξξὶᾱεΐείῠῐ
3419 5689 3547 5743 haud
3570 5686 3740 5751 ἀηδίᾳ

2152 5756 2256 5805 ἀλλ’
2277 5756 2350 5803 ὅτι
2383 5753 2471 5815 οὐχ
2494 5753 2779 5811 ὑπήκουσεν,
2804 5758 2878 5801 vel
2913 5753 3027 5815 quid
3053 5753 3231 5800 simile.

2219 5817 2247 5857 δ
2270 5815 2524 5871 (Σοωῢεῧβ.
2547 5815 2685 5869 dedit
2702 5816 2823 5869 ἀλλὰ
2839 5816 2912 5864 ίδε
2928 5815 2983 5871 τὸ
3005 5815 3231 5881 σόφισμα.
