4044 6306
356 361 460 416 696

360 478 622 551 μετέϐαλε
667 476 757 547 τὸν
788 474 975 528 Νεῖλον
1006 476 1085 538 είς
1109 472 1281 545 αἷμα,
1330 476 1457 527 ποῖα
1496 472 1654 526 ἔθυσε
1685 470 1818 535 ζῶα.
1863 472 1919 523 ’0

356 561 597 632 ποταμὸς
637 562 855 629 γέγονεν
883 556 1046 630 αἷμα,
1090 560 1182 614 καὶ
1210 558 1361 611 οὐδὲν
1402 556 1565 626 ἐτύθη
1600 555 1767 619 ζῶον·
1796 554 1920 623 δέρ-

359 663 504 718 ματα
522 644 612 696 δύο
639 643 844 711 γέγονε,
879 646 969 696 καὶ
990 643 1142 712 ζητεῖ
1170 640 1277 694 ἀπὸ
1302 640 1467 693 ποίων
1501 638 1653 703 ζώων
1680 637 1916 705 ἐγένετο.

369 726 526 780 Ἀλλά
564 728 723 779 κάκεῖ
749 727 902 788 ἐκτὸς
943 725 1081 789 ζωου
1111 724 1304 793 δέρμα.
1336 722 1574 793 Πρόσεχε
1604 722 1668 790 τῇ
1697 718 1918 772 ἀκολου-

356 810 477 881 θία,
509 812 558 862 εί
596 810 690 863 καὶ
718 811 751 879 ή
778 808 928 878 φωνὴ
958 808 1128 877 ἐκαμε
1150 847 1163 869 ,
1204 807 1297 859 καὶ
1324 807 1501 875 ἡμεῖς.
1547 804 1685 855 Ἀλλ’
1717 803 1803 855 ἵνα
1842 802 1918 872 μὴ

354 890 775 961 ἀκρωτηριασθῇ
806 891 834 942 6
862 890 1049 957 λόγος,
1092 887 1242 955 ὀλίγα
1289 887 1467 956 ἡρέμα
1496 883 1731 954 εἰρηκὼς
1762 900 1921 935 κατα-

355 975 549 1026 παύσω
571 973 660 1025 τδν
687 973 862 1041 λόγον.
891 974 1154 1041 Ἐρῤιιψε
1175 971 1376 1039 φύλλα
1393 967 1609 1035 συκῆς.
1644 966 1767 1022 Εἴθε
1786 966 1917 1019 ταύ-

354 1074 454 1126 την
494 1056 592 1127 τὴν
638 1058 831 1128 τέχνην
877 1055 1078 1125 ἔμαθον
1122 1052 1417 1124 αίρετικοίί
1467 1050 1635 1121 Ἀδὰμ
1668 1048 1920 1122 παραϐάς

356 1140 580 1208 ῥάπτειν
607 1139 807 1208 ἔμαθεν
827 1154 839 1165 ·
866 1138 1128 1209 αἱρετικοὶ
1159 1134 1519 1206 ἐκτραπέντες
1547 1133 1747 1203 σχίζειν
1786 1131 1921 1200 ἐμα-

358 1223 468 1276 θον.
522 1222 689 1293 Ἀδάμ
717 1221 969 1287 παραϐὰς
993 1220 1251 1292 ἕρῤαψεν,
1276 1218 1361 1273 ἵνα
1389 1216 1639 1287 σκεπάοῃ
1658 1217 1718 1269 τὺ
1745 1215 1918 1284 ἀσχη-

358 1321 485 1375 μον·
522 1306 789 1377 αίρετικοὶ
815 1304 1201 1366 πιστεύσαντες
1227 1302 1247 1375 [
1270 1303 1309 1369 f.
1340 1298 1774 1371 ἀπιστήσαντες]
1811 1298 1922 1367 σχί-

355 1388 556 1453 ζουσιν,
590 1390 675 1441 ἵνα
706 1387 1033 1458 γυμνὼσωσι
1060 1386 1129 1439 τά
1161 1388 1312 1454 ἀγια.
1350 1384 1618 1446 Πολλάκις
1646 1381 1920 1450 ἀκούομεν

353 1472 423 1522 τά
453 1470 546 1524 ἐπὶ
577 1470 667 1523 τοῦ
698 1470 951 1541 σταυροῦ.
974 1471 1066 1523 καὶ
1096 1468 1444 1538 θαυμάζομεν
1478 1467 1557 1519 ὅτι
1594 1464 1919 1537 στρατιῶται

353 1553 543 1607 ἔλαϐον
576 1554 669 1607 τοῦ
704 1555 935 1625 Χριστοῦ
970 1555 1037 1607 τά
1067 1553 1256 1623 ἱμάτια
1275 1592 1291 1615 ,
1322 1551 1416 1606 καὶ
1447 1551 1801 1623 ἐμερίσαντο,
1827 1549 1920 1601 καὶ

354 1636 555 1700 εὐθέως
588 1637 741 1707 ἡμῶν
768 1638 805 1708 ἡ
823 1636 1028 1689 διάνοια
1057 1636 1204 1703 λέγει
1229 1654 1241 1667 ·
1280 1635 1455 1706 Πολλὴ
1485 1634 1629 1707 ήτοῦ
1652 1634 1786 1686 Θεοῦ
1814 1650 1911 1703 μα-

355 1720 648 1790 κροθυμία,
678 1719 752 1791 μὴ
776 1720 1052 1774 κατελθεῖν
1079 1719 1358 1788 κεραυνὸν,
1390 1717 1464 1788 μὴ
1487 1716 1765 1770 κατελθεῖν
1789 1717 1920 1785 ῥομ-

356 1802 539 1871 φαίαν.
579 1802 715 1855 Ἀλλ’
738 1802 983 1875 ὑϐρίζετο
1006 1804 1034 1854 6
1058 1802 1274 1869 Ἀγιος,
1304 1802 1396 1854 καὶ⁸
1424 1803 1478 1854 αί
1502 1800 1713 1871 βέϐηλοι
1741 1802 1919 1871 χεῖρες

352 1885 452 1937 οὐκ
482 1884 784 1955 ἐκόπησαν;
818 1884 1125 1952 Θαυμάζεις
1162 1885 1243 1937 ὅτι
1275 1884 1581 1955 ἐτόλμησαν
1627 1886 1824 1936 ἐκεῖνοι
1868 1884 1917 1934 οἱ

354 1970 676 2040 στρατιῶται
708 1969 1028 2041 μερίσασθαι
1060 1969 1126 2022 τά
1154 1969 1376 2038 ίμάτιας
1407 1967 1697 2039 Θαύμασον
1724 1968 1806 2020 ὅτι
1826 1960 1917 2019 οῦ-

351 2069 433 2105 τοι
466 2052 751 2124 διέρρηξαν
786 2052 848 2105 τὸ
892 2052 1102 2123 ἱμάτιον
1137 2053 1235 2123 τῆς
1281 2050 1625 2120 Ἐκκλησίας.
1659 2051 1723 2103 OE
1755 2067 1919 2120 στρα-

351 2140 540 2193 τιῶται
578 2136 717 2193 εἶδον
753 2138 843 2192 τὸν
873 2139 1076 2209 χιτῶνα
1115 2138 1209 2193 τοῦ
1258 2138 1493 2210 Χριστοῦ
1545 2140 1810 2209 ἀρῤαφον,
1855 2138 1919 2189 ἐκ

351 2223 461 2276 τῶν
484 2224 593 2277 ἀνω
619 2222 850 2291 ὑφαντὸν
869 2223 934 2275 δι’
960 2223 1101 2286 ὅλου,
1130 2223 1225 2279 καὶ
1246 2222 1531 2291 ἐφείσαντο
1550 2221 1643 2274 τοῦ
1667 2221 1881 2291 ἱματίου
1903 2239 1916 2254 ·

351 2306 613 2377 αίρετικοὶ
636 2305 693 2358 δέ
720 2305 815 2376 τὴν
839 2304 1041 2375 ἐσθῆτα
1065 2305 1157 2358 τοῦ
1186 2303 1445 2374 Χριστοῦ,
1472 2304 1572 2375 τὴν
1602 2304 1793 2375 στολὴν
1821 2304 1919 2374 τῆς

363 2388 685 2460 Ἐκκλησίας
727 2388 969 2457 ἐσχισαν,
1012 2388 1377 2458 ἐμερίσαντο,
1410 2388 1727 2456 κατέτεμον.
1781 2386 1917 2439 Ἀλλ’

350 2476 445 2527 ἐπὶ
475 2474 535 2527 τὸ
575 2472 934 2544 προκείμενον
979 2470 1385 2541 ἐπανέλθωμεν.
1423 2473 1689 2539 Ἕῤῥαψε
1717 2471 1921 2538 φύλλα

257 2567 261 2571 ·
351 2556 570 2624 συκῆς.
613 2558 916 2610 Ἤκουσαν
953 2554 1058 2608 τοῦ
1100 2554 1246 2608 Θεοῦ
1293 2553 1799 2621 περιπατοῦντος,
1845 2553 1919 2615 ὼς

351 2638 432 2690 ἐνι
462 2636 688 2692 ἀκοῦσαι
708 2656 721 2668 ·
754 2639 1007 2709 ἥκουσαν.
1033 2638 1130 2690 καὶ
1152 2638 1512 2704 ἐκρύϐησαν.
1544 2635 1853 2704 Εὐγνώμων
1885 2636 1915 2704 ή

352 2727 515 2797 φύσις
538 2744 551 2757 ·
600 2728 701 2781 κᾶν
742 2727 1001 2798 μυριάκις
1037 2721 1186 2797 ὦμεν
1229 2724 1543 2796 ἁμαρτωλοὶ
1566 2763 1581 2787 ,
1615 2724 1920 2793 συνείδησις

348 2818 384 2887 ὴ
392 2816 506 2885 μῶν
519 2816 775 2888 ἐλευθέρα
787 2816 950 2868 ἐστίν.
971 2816 1165 2867 Ἐνίοτε
1181 2814 1240 2866 τὸ
1254 2814 1540 2884 πρόσωπον
1557 2813 1915 2881 ἀναισχυντεῖ·

350 2908 443 2957 καὶ
480 2905 512 2974 ἡ
543 2904 841 2974 συνείδησις
868 2902 1094 2971 ἐλέγχει.
1136 2901 1335 2955 Ἐνίοτε
1364 2903 1397 2971 ἡ
1436 2900 1670 2968 γλῶττα·
1707 2899 1772 2951 Τί
1808 2898 1918 2969 γὰρ

349 2995 632 3065 ἥμαρτον;
677 2995 768 3045 καὶ
823 2992 1125 3060 συνείδησις
1172 2990 1384 3060 ἐλέγχει
1440 2988 1660 3043 ἐσωθεν.
1695 2988 1921 3041 Ἀπλού-

353 3098 535 3133 στατοι
560 3075 699 3151 ἦσαν
727 3079 821 3133 καὶ
858 3078 1107 3149 ἀκέραιοι
1136 3079 1185 3130 οί
1214 3078 1340 3148 περὶ
1372 3077 1462 3130 τὸν
1494 3076 1683 3147 Ἀδάμ,
1714 3075 1922 3147 ὡμολό-

350 3187 480 3237 γουν
510 3169 645 3238 μετὰ
672 3167 999 3239 ἐλευθερίας.
1017 3168 1075 3220 '0
1101 3166 1234 3230 Θεός
1263 3182 1417 3237 φησι·
1457 3166 1581 3220 Ποῦ
1613 3162 1701 3228 si;
1729 3166 1920 3219 Πολλοὶ

352 3258 587 3320 εὐσεϐῶς
622 3256 961 3327 ἐθεώρησαν·
998 3256 1080 3309 δεῖ
1122 3256 1178 3309 δέ
1223 3256 1508 3327 προσέχειν
1534 3258 1601 3326 τῇ
1638 3254 1916 3326 ἀκριϐείᾳ.

352 3347 463 3399 Καὶ
488 3345 595 3417 γάρ
619 3345 710 3399 καὶ
735 3344 803 3398 τά
822 3344 1043 3397 ἐκείνων
1070 3344 1315 3414 δέχομαι,
1347 3342 1535 3413 ἐπειδὴ
1564 3342 1783 3411 εὐσεϐῆ·
1825 3343 1922 3395 καὶ

349 3432 524 3486 ταῦτα
550 3433 713 3501 λέγω,
755 3431 941 3501 ἐπειδὴ
965 3430 1162 3502 ἀληθῆ.
1198 3430 1391 3500 Ἀδὰμ,
1432 3429 1549 3484 ποῦ
1581 3426 1666 3495 aI;
1713 3429 1916 3495 Πόθεν;

350 3521 455 3575 ποῦ
503 3520 802 3590 κατῆλθες;
835 3520 944 3573 ἀπὸ
973 3519 1130 3582 ποίας
1159 3518 1315 3589 δόξης
1354 3518 1643 3582 ἐξέπεσες;
1678 3515 1918 3587 Ἀληθῶς

350 3610 572 3680 δέχομαι
614 3610 712 3680 τὴν
766 3608 972 3662 ἔννοιαν
1002 3608 1077 3671 ὼς
1134 3607 1355 3677 εὐσεϐῆ.
1384 3608 1536 3676 Ἔχει
1580 3606 1690 3677 γάρ
1733 3604 1918 3658 καὶτὸ

350 3697 723 3769 εὐπρόσωπον,
759 3698 855 3750 καὶ
881 3696 944 3750 τὺ
973 3694 1274 3764 συμπαθές.
1314 3692 1473 3747 Ἀλλά
1500 3693 1646 3764 ζητῶ
1674 3692 1770 3764 τὴν
1798 3694 1915 3745 ἀκο-

349 3786 587 3841 λουθίαν.
640 3785 830 3855 Ἀδὰμ,
877 3785 993 3839 ποῦ
1027 3780 1109 3847 el;
1150 3785 1329 3855 ἐρωτᾷ
1360 3786 1389 3837 6
1428 3782 1579 3846 Θεός.
1622 3782 1797 3854 ᾟδει,
1844 3781 1919 3844 ὡς

351 3875 614 3944 πλάστης,
644 3873 736 3926 τοῦ
770 3874 1087 3944 πλάσματος
1116 3872 1214 3943 τὴν
1243 3872 1423 3940 φύσιν,
1458 3872 1538 3925 ὅτι
1563 3872 1665 3934 πᾶς
1690 3871 1718 3922 6
1745 3872 1920 3941 ἀμαρ-

348 3964 542 4032 τήσας,
588 3962 1057 4033 ἀπαρρησίαστος,
1120 3960 1214 4013 καὶ
1258 3960 1338 4013 ὅτι
1391 3962 1504 4022 τοῖς
1546 3958 1916 4029 ἁμαρτάνουσι

351 4049 615 4122 ῥάπτεται
636 4050 704 4101 τά
734 4049 992 4119 στόματα.
1020 4047 1343 4119 Προσέσχεν,
1368 4047 1448 4099 ὅτι
1474 4046 1561 4099 διὰ
1581 4046 1641 4097 τὸ
1672 4045 1745 4116 μὴ
1774 4045 1917 4115 ἐχειν

352 4136 661 4210 παρρησίαν
689 4136 873 4204 ἐφυγε.
905 4135 1099 4199 Δοῦλος
1125 4134 1243 4188 τότε
1277 4134 1509 4205 μάλιστα
1539 4135 1766 4204 ἀγωνιᾷ,
1790 4134 1919 4186 ὅταν

352 4226 606 4295 αἴσθηται
632 4225 714 4278 δτι
739 4224 937 4295 ἔμαθεν
962 4226 991 4277 6
1018 4224 1283 4293 δεσπότης
1308 4221 1473 4275 αὐτοῦ
1504 4221 1564 4274 τὸ
1603 4220 1913 4291 γενόμενον·

352 4314 457 4377 ἓως
487 4314 544 4367 δὲ
581 4315 762 4381 ἀγνοεῖ
785 4313 812 4364 6
845 4311 994 4383 [5051
1036 4310 1322 4382 δεσπότης,
1352 4308 1543 4363 ἐαυτὸν
1572 4308 1918 4379 παραμυθεῖ-

350 4418 441 4454 ται
467 4402 541 4465 ὡς
569 4400 862 4471 δυνάμενος
904 4399 1108 4453 λαθεῖν.
1148 4398 1205 4453 '0
1250 4397 1418 4466 Ἀδὰμ
1445 4397 1643 4465 ἔφυγεν
1671 4397 1746 4459 ῶς
1774 4414 1916 4465 γνω-

353 4490 526 4553 σθείς·
558 4492 586 4543 6
609 4491 741 4553 Θεὸς
781 4492 1154 4562 προσεποιεῖτο
1183 4489 1427 4556 ἄγνοιαν,
1485 4489 1569 4540 ’ίνα
1608 4488 1696 4542 τὸν
1755 4487 1918 4557 φόϐον

351 4576 515 4631 αὐτοῦ
572 4576 884 4649 καταλύσῃ·
933 4578 1008 4641 ὠς
1063 4577 1287 4646 λέγομεν
1335 4577 1494 4645 ἡμεῖς
1548 4576 1676 4646 περὶ
1725 4574 1913 4643 φίλου·

365 4664 625 4734 Ἐποίησα
650 4664 881 4734 ἐμαυτὸν
906 4665 985 4727 είς
1020 4664 1114 4717 τὸν
1140 4663 1213 4734 μή
1244 4663 1440 4724 εἰδότα,
1478 4662 1564 4715 ἵνα
1593 4663 1667 4731 μὴ
1690 4662 1919 4732 λυπήσω

351 4753 533 4809 αὐτόν.
572 4751 834 4814 Πολλάκις
860 4752 968 4822 γὰρ
993 4753 1200 4820 γίνεται
1230 4752 1359 4823 παρ’
1387 4753 1516 4821 ἡμῖν
1546 4751 1735 4806 ταῦτα.
1768 4752 1828 4803 Et
1861 4750 1919 4804 δὲ

351 4842 480 4914 παρ’
512 4843 643 4911 ἡμῖν
671 4839 892 4892 τοιαῦτα
924 4839 1150 4907 γίνεται.
1182 4838 1359 4909 πολλῴ
1387 4839 1581 4909 μᾶλλον
1609 4838 1760 4907 παρὰ
1798 4837 1918 4907 Θεῷ

350 4930 428 5001 τῷ
454 4927 833 5000 φιλανθρώπῳ.
867 4926 1068 4994 Ἀδὰμ,
1099 4927 1215 4981 ποῦ
1240 4922 1326 4991 εῖ;
1354 4927 1474 4979 ἀντὶ
1503 4925 1619 4988 τοῦ,
1640 4925 1754 4977 Οὐκ
1782 4920 1915 4977 οἴδα.

351 5017 483 5073 Εἶτα
507 5018 600 5071 τοῦ
628 5015 761 5069 Θεοῦ
790 5015 1253 5085 προσποιουμένου
1280 5015 1517 5082 ἄγνοιαν,
1544 5016 1577 5083 ή
1610 5012 1908 5082 εὐγνώμων

350 5108 445 5162 καὶ
499 5105 755 5175 ἐλευθέρα
786 5102 931 5173 ψυχὴ
963 5103 1062 5154 οὐκ
1112 5102 1346 5172 ἔκρυψε·
1389 5100 1504 5169 Τῆς
1548 5097 1753 5169 φωνῆς
1801 5115 1918 5155 σου

349 5195 607 5264 ἤκουσα,
633 5192 729 5246 καὶ
758 5190 1077 5261 ἐφοϐήθην,
1100 5189 1188 5243 ὅτι
1216 5189 1440 5257 γυμνός
1463 5190 1598 5257 εἰμι,
1623 5188 1719 5241 καὶ
1745 5188 1918 5255 ἐκρύ-

350 5287 482 5351 ϐην.
517 5283 615 5336 Διά
646 5282 699 5335 τί
730 5279 1036 5352 ἐφοϐήθης;
1068 5278 1157 5331 διὰ
1201 5278 1253 5330 τί
1302 5277 1572 5347 ἐκρύϐης;
1615 5276 1918 5350 Ἐφοϐήθην

349 5372 439 5426 διὰ
464 5371 560 5443 τήν
585 5370 912 5443 παράϐασιν·
938 5366 1176 5438 ἐκρύϐην
1205 5365 1292 5419 διὰ
1322 5366 1421 5436 τὴν
1451 5365 1748 5435 γύμνωσιν.
1768 5367 1917 5436 Ἀληο

351 5460 462 5523 θῶς
509 5460 621 5513 ἔστι
664 5459 893 5513 κλαῦσαι
946 5458 1037 5510 ἐπὶ
1094 5458 1159 5526 τῇ
1210 5455 1359 5524 φωνῇ
1401 5452 1494 5506 τοῦ
1550 5455 1914 5524 παραϐάντος.

356 5547 473 5615 Τῆς
509 5547 713 5617 φωνῆς
742 5562 858 5601 σου
890 5545 1144 5613 ἤκουσα,
1179 5543 1391 5612 ἐκείνης
1424 5541 1521 5613 τῆς
1556 5543 1914 5614 ποθουμένης,

351 5636 563 5704 ἐκείνης
608 5636 707 5705 τῆς
756 5634 928 5688 πάντα
984 5650 1072 5703 μοι
1116 5629 1508 5703 χαρισαμένης,
1557 5628 1769 5699 ἐκείνης
1820 5632 1919 5701 τῆς

351 5722 535 5784 ἀγαθά
588 5740 677 5793 μοι
740 5721 1108 5792 χαρισαμένης
1166 5719 1260 5774 καὶ
1322 5719 1915 5790 πραγματευσαμένης.

354 5810 621 5871 Ἤκουσα
659 5810 770 5880 τῆς
812 5809 1017 5882 φωνῆς
1057 5825 1192 5865 σου.
1232 5807 1527 5879 Ἐνενόησα
1546 5805 1704 5873 ποίας
1733 5808 1917 5880 φωνῆς

1758 354 1882 411 SEV
1893 351 2123 407 ERIANI

3481 350 3507 402 Α
3517 350 3583 405 9-1

2032 473 2269 522 κατέπτυ
2278 486 2363 537 σα,
2381 468 2535 532 ποίας
2549 467 2729 538 φωνῆς
2746 465 3138 537 κατεφρόνησα·
3156 461 3253 516 καὶ
3267 461 3589 531 ἐφοϐήθην,

2028 553 2266 606 τοιούτου
2305 553 2574 605 Δεσπότου
2609 551 2827 621 ἐντολὴν
2868 549 3121 621 παραϐάς
3145 564 3156 574 ·
3185 546 3285 599 καὶ
3307 546 3587 614 ἐκρύϐην,

2028 635 2115 687 ὅτι
2139 636 2364 705 γυμνός
2391 638 2525 705 ειμι.
2560 630 2693 688 Εἶτα
2718 636 2746 687 6
2774 633 2905 697 Θεὸς
2926 631 3171 701 ἐπιμένει
3186 632 3253 699 τῇ
3287 630 3589 700 προτροπῇ·

2035 719 2128 784 Τίς
2161 736 2259 772 σοι
2285 716 2453 773 εἶπεν
2483 718 2567 772 ὅτι
2618 718 2842 787 γυμνὸς
2889 713 2961 779 εἷ,
3001 720 3052 770 εὶ
3078 716 3163 785 μὴ
3194 716 3311 769 ἀπὸ
3352 714 3458 767 τοῦ
3487 713 3595 778 ξύ-

2026 804 2162 862 λου,
2194 798 2266 856 οὗ
2298 801 2689 870 ἐνετειλάμην
2732 817 2829 853 σοι
2867 801 3082 854 τούτου
3114 800 3305 867 μόνου
3345 796 3431 864 μὴ
3480 812 3595 863 59a-

2027 883 2170 950 γεῖν.
2205 885 2306 939 ἀπ’
2329 885 2513 937 αὑτοῦ
2548 886 2805 951 ἐφαγες;
2851 883 2971 935 ἀντὶ⁵
3012 880 3128 943 τοῦ,
3161 882 3222 933 El
3278 879 3351 950 μὴ
3379 880 3593 940 πάντως

2028 970 2203 1021 ἐκεῖνο
2251 968 2534 1038 ἐποίησας,
2568 968 2597 1020 ὂ
2647 968 2915 1020 ἐκώλυσα.
2950 967 3091 1036 Ὂρα
3127 964 3244 1026 πῶς
3299 964 3476 1033 ἐρωτᾷ
3518 962 3595 1024 ὡς

2027 1051 2267 1119 ἀγνοῶν·
2302 1052 2365 1107 El
2396 1050 2469 1122 μὴ
2503 1050 2563 1116 ἐξ
2591 1051 2797 1104 ἐκείνου
2837 1048 2931 1102 τοῦ
2971 1047 3208 1117 δένδρου,
3242 1042 3303 1100 οὗ
3330 1044 3590 1098 ἐνετειλά-

2031 1151 2137 1203 μην
2167 1151 2248 1188 σοι
2280 1134 2355 1205 μὴ
2387 1138 2602 1203 φαγεῖν,
2633 1135 2855 1202 ἔφαγες.
2887 1132 2998 1186 Καὶ
3040 1131 3204 1202 βλέπε
3232 1131 3324 1184 τοῦ
3360 1130 3493 1183 Θεοῦ
3533 1128 3594 1181 τὺ

2028 1216 2426 1289 φιλάνθρωπον.
2458 1219 2553 1284 Τίς
2578 1235 2676 1273 σοι
2703 1214 2865 1278 εἶπες
2897 1216 2997 1269 Διά
3018 1215 3175 1269 τοῦτο
3205 1212 3469 1284 μακρόνει
3496 1211 3591 1282 τήν

2027 1298 2263 1367 ὁμιλίαν,
2296 1300 2381 1354 ἵνα
2407 1300 2542 1372 λύσῃ
2565 1300 2655 1353 τὸν
2686 1300 2869 1368 φόϐον,
2904 1314 2998 1352 και
3044 1297 3231 1368 ἐγείρῃ
3262 1294 3591 1367 παρρησίαν.

2040 1383 2268 1436 Ἐνενόει
2322 1384 2430 1455 γάρ
2477 1386 2506 1437 6
2557 1384 2728 1455 Ἀδὰμ
2773 1382 2891 1448 πῶς
2934 1382 3085 1436 οὐδὲν
3141 1380 3396 1449 σκληρὸν,
3444 1377 3593 1430 οὐδὲν

2026 1464 2318 1535 ἀπότομον.
2346 1468 2446 1537 οὐχ
2477 1466 2658 1537 ὕϐρις,
2696 1467 2757 1519 οὐ
2804 1465 3029 1535 πληγαί.
3059 1465 3239 1535 Ἔχεις
3279 1461 3595 1515 διδάσκαλον

2026 1548 2124 1619 τὴν
2153 1549 2460 1621 συνήθειαν.
2496 1550 2692 1613 Δοῦλος
2731 1551 3050 1622 ἁμαρτήσας
3095 1549 3189 1601 ἐὰν
3222 1544 3492 1617 προσέλθῃ
3519 1543 3597 1613 τῷ

2026 1630 2280 1705 δεσπότῃ,
2314 1634 2421 1687 ἀπὸ
2458 1636 2556 1705 τῆς
2593 1634 2813 1705 πρώτης
2838 1634 3020 1704 φωνῆς
3052 1633 3085 1703 ἢ
3124 1629 3400 1701 θάρσος,ἥ
3433 1628 3596 1698 φόϐον

2026 1713 2310 1785 λαμϐάνει.
2362 1716 2486 1770 Ἐάν
2530 1716 2759 1788 ἄρξηται
2816 1718 3161 1784 ἀγανακτεῖν,
3211 1715 3308 1767 καὶ
3358 1712 3596 1781 κλέπτην

2026 1799 2118 1849 καὶ
2166 1798 2338 1853 δόλιον
2394 1800 2678 1871 ὀνομάζειν
2725 1800 2818 1854 καὶ
2880 1799 3085 1870 μυρίων
3129 1796 3373 1852 θανάτων
3423 1795 3594 1861 ἀξιον,

2027 1881 2360 1951 παραλύεται
2384 1898 2398 1914 ⁶
2430 1883 2525 1937 ἐὰν
2548 1882 2753 1954 ἀκούσῃ
2788 1881 2951 1935 αὐτοῦ
2985 1881 3348 1945 ὀνειδίζοντος,
3387 1878 3595 1944 ’Δθλιε,

2025 1969 2078 2020 τί
2108 1968 2322 2037 ἐγένετό
2355 1986 2437 2022 σοι
2461 1969 2655 2037 τοῦτος
2695 1970 2782 2023 διὰ
2827 1970 2880 2022 τί
2922 1969 3204 2040 ἦμαρτεςς
3251 1967 3451 2030 εὐθέως
3495 1968 3594 2035 ἐφ’

2026 2056 2317 2122 οδιάζεται,
2350 2057 2444 2110 καὶ
2475 2058 2667 2129 θαρρεῖ
2689 2058 2846 2120 τέως·
2874 2058 2935 2109 οὐ
2964 2058 3073 2127 γάρ
3101 2056 3177 2119 ὡς
3203 2055 3468 2123 δεσπότης
3497 2071 3595 2107 κο,-

2026 2143 2194 2208 λάζει,
2218 2144 2330 2197 ἀλλ’
2349 2145 2423 2207 ὼς
2450 2144 2767 2208 διδάσκαλος
2790 2143 3046 2197 νουθετεῖ.
3076 2143 3232 2196 Οὕτω
3261 2143 3355 2195 καὶ⁵
3380 2144 3408 2195 6
3439 2141 3594 2203 Θεός·

2032 2233 2127 2297 Τίς
2161 2247 2261 2285 σοι
2303 2227 2472 2286 εἶπεν
2499 2233 2589 2286 ὅτι
2634 2232 2860 2302 γυμνὸς
2886 2228 2961 2295 εἷ,
2993 2234 3046 2285 εί
3080 2230 3165 2300 μὴ
3202 2230 3322 2285 ἀπὸ
3351 2228 3455 2283 τοῦ
3491 2229 3611 2291 εύο.

2025 2322 2140 2371 λου
2168 2315 2241 2375 οὗ
2275 2320 2664 2389 ἐνετειλάμην
2705 2336 2804 2373 σοι
2842 2319 2927 2388 μὴ
2975 2319 3206 2389 φαγεῖν,
3259 2317 3358 2372 ἀπ’
3407 2314 3595 2370 αὑτοῦ

2025 2408 2244 2475 ἔφαγες
2262 2423 2280 2469 ;
2313 2409 2403 2476 Μὴ
2428 2406 2537 2479 γάρ
2563 2407 2728 2460 πολλά
2760 2407 3043 2473 ἐκώλυσας
3075 2407 3169 2459 Ἓν
3205 2406 3362 2476 μόνον
3390 2404 3595 2457 ἐκώλυ-

2030 2512 2118 2559 σα,
2157 2496 2249 2547 καὶ
2290 2496 2445 2549 τοῦτο
2500 2497 2562 2549 οὐ
2615 2496 2810 2565 μισῶν,
2846 2496 2979 2549 ἀλλά
3029 2496 3291 2565 προνοῶν.
3354 2495 3449 2559 Τίς
3495 2508 3607 2545 σοι

2026 2580 2195 2637 εἶπεν
2222 2583 2311 2636 ὅτι
2342 2585 2567 2652 γυμνὸς
2597 2581 2680 2647 el;
2709 2584 2873 2637 Οὐδὲν
2902 2584 3252 2653 ἀναίσχυντον
3278 2578 3450 2644 εἶπεν,
3482 2582 3597 2633 Οὐκ

2028 2671 2203 2741 ᾔδειν·
2258 2670 2394 2725 ἀλλά
2426 2670 2476 2723 τί
2500 2688 2513 2735 ;
2550 2672 2611 2725 Ἠ
2667 2672 2843 2741 γυνὴ,
2897 2670 2975 2738 ἣν
3012 2670 3236 2734 ἔδωκάς
3268 2688 3391 2738 μοι,
3440 2668 3592 2735 αῦτη

2020 2774 2122 2826 μοι
2157 2758 2359 2823 ἔδωκε,
2411 2759 2510 2811 καί
2547 2758 2803 2827 ἔφαγον·
2842 2760 2960 2811 ἀντί¹
3007 2757 3122 2821 τοῦ,
3156 2756 3214 2808 ’11
3248 2754 3459 2810 δοθεῖσά
3502 2772 3594 2824 μοι

2028 2846 2163 2916 πρὸς
2222 2845 2490 2917 βοήθειαν.
2536 2848 2781 2899 Ἤκουσα
2843 2848 2948 2917 γὰρ
2998 2847 3086 2899 ὅτε
3139 2844 3408 2913 ἐπλάσθην
3456 2842 3591 2911 ἐγὼ,

2026 2934 2207 3003 ἐκείνη
2238 2933 2294 2987 δὲ
2324 2933 2553 2994 οὐδέπω.
2583 2934 2830 3003 λέγοντος
2849 2950 2862 2962 ·
2894 2932 3242 3004 Ποιήσωμεν
3268 2929 3423 2995 αὑτῷ
3447 2931 3595 2999 ,Βοη-

2027 3021 2134 3074 θόν
2171 3020 2296 3073 κατ’
2342 3022 2546 3074 αὐτόν.
2574 3021 2678 3074 Ἦν
2704 3020 2930 3085 ἔδωκάς
2972 3039 3096 3091 μοι,
3140 3020 3288 3087 αὕτη
3322 3037 3423 3089 μοι
3454 3018 3598 3074 ἐδω-

2027 3124 2155 3161 κεν.
2187 3109 2299 3161 Οὐκ
2338 3104 2513 3171 εἶπεν,
2554 3108 2885 3179 Ἦπάτησεν,
2920 3110 3038 3174 οὐκ,
3081 3108 3397 3178 Ἐψεύσατω
3437 3107 3596 3173 Αὕτη

2022 3216 2124 3268 μοι
2160 3198 2343 3252 ἔδωκε
2373 3199 2471 3253 καὶ
2503 3201 2746 3269 ἔφαγον.

2095 3352 2164 3416 η’.
2186 3340 2322 3397 Εἷτά
2338 3362 2503 3416 φησιν
2520 3346 2547 3398 6
2568 3344 2696 3408 Θεός
2710 3362 2726 3377 ·
2745 3345 2851 3398 Καὶ
2870 3345 3032 3416 ἐχρῆν
3050 3362 3108 3397 σε
3136 3346 3358 3415 γυναικὶ
3375 3346 3597 3399 πιστεῦ-

2028 3448 2139 3496 σαι,
2167 3434 2260 3485 καὶ
2306 3433 2380 3503 μὴ
2426 3432 2712 3502 ἐμοί;·καὶ
2756 3432 3169 3503 ἀξιοπιστοτέρα
3203 3434 3237 3502 ή
3276 3433 3414 3503 γυνὴ
3457 3434 3598 3504 ὑπὲρ

2026 3520 2162 3591 ἐμέ;
2200 3518 2340 3588 Ἐγὼ
2361 3519 2429 3573 τὰ
2454 3520 2636 3588 ἀγαθά
2672 3520 2899 3583 δέδωκα,
2936 3520 3224 3591 πράγμασι
3256 3538 3315 3573 σε
3340 3522 3592 3592 ἐτίμησα·

2026 3611 2207 3681 ἐκείνη
2240 3612 2477 3681 ῥήμασιν
2520 3610 2786 3664 ἐδελέασε.
2819 3612 2927 3664 Καὶ
2960 3610 3123 3680 βλέπε
3150 3628 3164 3641 ·
3211 3610 3401 3683 ὥσπερ
3442 3611 3596 3664 δικα-

2028 3698 2160 3769 στὴς
2213 3699 2307 3752 ἐάν
2352 3698 2571 3770 δέξηται
2610 3698 2905 3765 ἀπολογίαν
2945 3698 3039 3752 τοῦ
3085 3699 3461 3771 δικαζομένου,
3502 3700 3595 3753 καὶ

2029 3788 2227 3859 μηκέτι
2256 3786 2486 3858 ἐξετάσῃ
2526 3786 2708 3850 αὐτὸν,
2744 3786 2878 3840 ἀλλὰ
2925 3786 3130 3859 μεταϐῇ
3163 3789 3256 3841 ἐπὶ
3295 3788 3387 3841 τὸν
3413 3788 3593 3851 ἄλλον,

2025 3876 2226 3937 εὐθέως
2247 3875 2457 3946 θαρρεῖ,
2488 3875 2581 3930 καὶ
2598 3875 2764 3943 λέγει·
2794 3875 2940 3939 Τέως
2972 3875 3081 3945 ἐγὼ
3102 3875 3426 3948 ἐξητάσθην·
3452 3875 3595 3929 οὕτω

2026 3965 2120 4017 καὶ
2146 3964 2175 4015 6
2202 3962 2331 4024 Θεὸς
2363 3962 2675 4034 μεταϐαίνει
2699 3963 2808 4017 ἀπὸ
2832 3963 2925 4016 τοῦ
2942 3963 3131 4034 Ἀδὰμ,
3161 3966 3248 4018 ῖνα
3272 3964 3409 4037 λύσῃ
3429 3964 3594 4018 αὐτοῦ

2025 4051 2117 4103 τὸν
2159 4049 2311 4122 [506]
2358 4050 2541 4120 φόϐον,
2595 4052 2687 4104 καὶ
2736 4052 2883 4120 λέγει
2916 4055 2980 4122 τῇ
3026 4052 3276 4119 γυναικί·
3326 4054 3387 4107 Τί
3417 4053 3595 4107 τοῦτο

2025 4137 2355 4203 ἐποίησας;
2398 4136 2567 4207 Λέγει
2610 4138 2841 4206 ἐκείνη·
2883 4140 2944 4192 '0
2992 4140 3127 4207 ὄφις
3172 4139 3447 4208 ἠπάτησέ
3496 4156 3594 4208 με,

2027 4224 2127 4278 καὶ
2157 4226 2401 4293 ἔφαγον.
2436 4225 2656 4297 Ἐπειδὴ
2687 4226 2821 4288 ὅλως
2849 4226 3023 4296 ἀληθῆ
3059 4222 3229 4290 εἶπεν,
3258 4228 3356 4298 οὐχ
3383 4226 3595 4298 ὑϐρίζει

2024 4313 2125 4383 τῆς
2180 4311 2437 4381 ἀληθείας
2486 4312 2585 4383 τὴν
2637 4313 2954 4381 ἀπολογίαν,
3010 4312 3145 4367 ἀλλά
3197 4315 3598 4386 καταλιμπάνει

2026 4400 2197 4471 αὐτὴν
2224 4399 2594 4464 ἀνεξέταστον.
2624 4403 2736 4454 Οὐκ
2759 4399 2898 4454 εἷπε·
2933 4402 3039 4455 Καὶ
3061 4403 3351 4474 ἐπιστεύθη
3370 4407 3594 4471 ἐκεῖνος,

2027 4489 2190 4560 ῆγουν
2218 4492 2245 4542 6
2276 4489 2418 4558 δφις,
2453 4489 2590 4559 ὑπὲρ
2619 4489 2750 4557 ἐμές
2799 4490 3191 4559 Ἐπηγγείλατο
3225 4492 3476 4555 ίσοθεῖαν,
3500 4494 3596 4545 καὶ

2027 4576 2353 4647 προεξένησε
2397 4576 2642 4630 θάνατον.
2681 4576 2818 4628 Ἀλλ’
2864 4578 2925 4630 οὐ
2971 4578 3146 4648 κρίνει
3190 4572 3411 4642 εὐθέως,
3460 4580 3595 4633 ἀλλά

2031 4664 2225 4735 μᾶλλον
2251 4664 2326 4727 ὼς
2349 4664 2731 4734 ἀσθενεστέρου
2757 4665 2981 4728 σκεύους
3007 4665 3279 4735 ἐφείσατο,
3307 4668 3401 4719 καὶ
3430 4673 3597 4739 χωρεῖ

2028 4752 2120 4804 ἐπὶ
2147 4752 2237 4805 τὸν
2267 4754 2409 4820 ὅφιν,
2459 4752 2547 4805 ἵνα
2589 4753 2752 4823 πείσῃ
2789 4753 3037 4805 κάκεῖνον
3070 4753 3348 4823 κάκείνην,
3383 4756 3465 4808 ὅτι
3501 4758 3597 4809 ἐπὶ

2025 4840 2117 4893 τὸν
2147 4842 2317 4894 αἴτιον
2357 4843 2543 4910 χωρεῖ,
2575 4841 2667 4893 καί
2698 4857 2870 4909 φησι·
2901 4841 3020 4892 ’Ότι
3062 4842 3238 4895 τοῦτο
3278 4843 3594 4911 ἐποίησας.

2028 4925 2179 4992 Εἶδες
2213 4928 2524 4999 θαυμαστὸν
2555 4929 2779 5000 κριτήν;
2818 4929 2955 4992 Τοὺς
2984 4931 3359 4998 ἀπατηθέντας
3394 4934 3595 5003 ἐρωτᾷ,

2026 5016 2118 5070 τὸν
2166 5018 2523 5085 ἀπατήσαντα
2583 5017 2682 5068 οὐκ
2732 5017 2929 5086 ἐρωτᾷ.
2998 5018 3072 5069 Οὐ
3125 5017 3270 5085 λέγει
3308 5019 3478 5088 αὐτῷ,
3530 5020 3596 5073 Τί

2026 5104 2324 5175 ἐποίησας;
2374 5103 2512 5164 ἀλλ’,
2575 5102 2807 5169 Ἐπειδὴ
2852 5102 3026 5157 τοῦτο
3073 5104 3388 5173 ἐποίησας.
3440 5109 3598 5162 Κατά

2024 5192 2229 5262 ταύτην
2255 5192 2353 5262 τὴν
2386 5191 2568 5245 είκόνα
2606 5191 2768 5245 Δαυῒδ
2793 5191 2960 5259 λέγει.
2996 5194 3120 5246 Οὐκ
3145 5195 3597 5259 ἀναστήσονται

2026 5279 2264 5343 ἀσεϐεῖς
2287 5279 2357 5331 ἐν
2383 5279 2605 5346 κρίσει·
2640 5278 2735 5348 οὐχ
2768 5280 2849 5332 ὃτι
2876 5281 2974 5333 οὐκ
3002 5281 3324 5351 ἐγείρονται,
3358 5283 3475 5335 ἀλλ’
3513 5286 3598 5337 δτι

2025 5368 2126 5421 οὐκ
2158 5367 2517 5434 ἐξετάζονται.
2554 5367 2785 5434 Ἐπειδὴ
2816 5368 2989 5421 τοῦτο
3016 5369 3328 5436 ἐποίησας.
3367 5372 3432 5424 ’Π
3462 5374 3599 5442 πρὸς

2026 5457 2116 5510 τὸν
2140 5456 2263 5525 ὄφιν
2292 5456 2490 5525 ἀπειλὴ
2534 5454 2791 5523 ἐκούφισε
2830 5454 2929 5518 τάς
2971 5456 3184 5525 πληγάς
3226 5459 3334 5510 τῶν
3380 5460 3599 5532 ἀπατη-

2028 5544 2245 5597 θέντων.
2276 5542 2339 5595 Εἰ
2367 5542 2463 5614 μὴ,
2497 5543 2682 5612 φησὶν,
2713 5542 2905 5613 ἐκείνῳ
2926 5544 2953 5595 6
2981 5543 3112 5607 Θεὸς
3137 5545 3454 5617 ἐπέγραψεν
3473 5548 3593 5613 δλα,

2025 5634 2124 5687 οὐκ
2152 5632 2219 5686 ἀν
2248 5631 2617 5697 ἀνεξετάστως
2663 5631 2824 5686 αὐτὸν
2856 5632 3087 5702 ἔκρινεν,
3139 5634 3373 5703 Ἐπειδὴ
3419 5639 3599 5695 τοῦτο

2022 5722 2334 5788 ἐποίησας,
2364 5720 2792 5788 ἐπικατὰρατος
2824 5722 2906 5775 σὺ
2933 5722 3052 5776 ἀπὸ
3079 5720 3319 5775 πάντων
3346 5724 3468 5778 τῶν·
3493 5729 3595 5794 θη-

2018 5812 2166 5885 ριων
2194 5808 2305 5880 τῆς
2349 5809 2485 5880 τῆς.
2522 5807 2654 5865 Ἐπὶ
2687 5807 2767 5875 τῷ
2794 5810 3000 5879 στήθει
3030 5811 3135 5867 καί.
3154 5810 3241 5880 τῇ.
3260 5816 3465 5883 κοιλίᾳ
3488 5829 3603 5873 ποι
