4074 6308
522 356 627 414 ωδ

520 470 591 524 la.
619 467 771 536 Quod
801 483 907 523 non
936 476 1055 525 erat
1099 469 1228 526 fecit
1256 512 1271 537 ,
1322 485 1497 527 annon
1528 483 1734 543 partem
1762 473 1881 541 ejus
1920 472 2095 528 facere

519 558 757 629 poterit?
786 560 1024 614 Instant:
1052 570 1107 615 at
1134 576 1420 631 numquam
1464 563 1604 618 Deus
1634 572 1839 632 partem
1893 564 2098 617 anima-

520 650 585 706 lis
618 652 775 717 facit,
816 651 948 707 nihil
976 653 1345 722 imperfectum
1368 653 1492 709 facit
1517 655 1675 709 Deus.
1698 655 1860 709 Audit
1880 655 2093 724 pellem,

520 752 575 797 et
597 744 790 812 quaerit
816 742 975 796 unde.
1019 744 1194 797 Audio
1214 755 1265 797 et
1292 759 1394 814 ego
1423 744 1733 814 sanguinem
1762 746 1813 798 in
1840 745 2093 816 IEgypto,

518 844 573 890 et
597 850 779 905 quaero
803 876 818 900 ,
868 836 1008 888 unde
1034 839 1255 889 mutavit
1286 835 1459 889 Nilum
1500 837 1551 890 in
1582 837 1892 904 sanguinem
1920 878 1934 901 ,
1978 852 2095 901 qua:

520 925 772 979 animalia
806 927 1079 979 mactavit.
1112 925 1327 980 Fluvius
1377 928 1429 981 in
1469 926 1782 997 sanguinem
1811 934 2049 981 mutatur
2075 967 2091 990 ,

518 1025 575 1070 et
605 1017 806 1071 nullum
835 1024 1123 1070 mactatum
1149 1026 1232 1070 est
1255 1017 1453 1071 animal
1477 1034 1492 1085 ;
1523 1017 1691 1087 pelles
1720 1017 1838 1071 dua:
1858 1018 2090 1081 fuerunt,

519 1115 576 1161 et
621 1108 809 1177 quaerit
840 1122 904 1160 ex
933 1106 1124 1176 quibus
1150 1108 1471 1162 animalibus
1502 1108 1754 1162 detractae
1780 1108 1948 1176 pelles
1975 1107 2092 1161 fue-

518 1202 647 1258 rint.
681 1200 876 1254 Verum
901 1199 1007 1254 illic
1026 1201 1144 1253 sine
1169 1200 1382 1253 animali
1405 1199 1577 1269 pellis.
1610 1199 1840 1254 Attende
1871 1199 2090 1265 seriem,

518 1308 846 1363 quamquam
876 1308 978 1346 vox
1007 1292 1233 1359 laborat,
1257 1301 1312 1347 et
1341 1308 1436 1347 nos
1462 1293 1582 1362 ipsi.
1630 1294 1699 1346 At
1721 1307 1787 1346 ne
1824 1291 2003 1345 mutila
2026 1292 2095 1345 sit

518 1386 712 1449 oratio,
743 1385 927 1454 paucis
957 1385 1130 1439 lenius
1153 1385 1395 1454 prolatis,
1436 1385 1596 1439 ﬁnem
1619 1383 1828 1438 dicendi
1872 1383 2087 1437 faciam.

517 1475 727 1531 Censuit
750 1476 874 1547 folia
917 1476 1066 1543 ﬁcus.
1096 1474 1309 1532 Utinam
1341 1476 1578 1530 haeretici
1624 1476 1760 1530 hanc
1808 1485 1978 1530 artem
2005 1474 2090 1530 di-

515 1566 789 1622 dicissent!
814 1566 982 1621 Adam
1012 1568 1392 1637 pravaricatus
1412 1582 1677 1623 censuere
1706 1567 1896 1623 didicit
1930 1586 1943 1621 :
1979 1568 2089 1623 hie-

515 1658 668 1713 retici
694 1658 932 1727 perversi
963 1656 1208 1713 scindere
1237 1658 1555 1721 didicerunt.
1588 1659 1755 1713 Adam
1794 1669 2091 1730 transgres-

514 1761 606 1802 sus
660 1749 909 1814 consuit,
952 1757 1010 1802 ut
1062 1748 1297 1804 verenda
1352 1756 1587 1818 tegeret;
1638 1749 1878 1804 haeretici
1926 1748 2085 1804 ﬁdem

515 1848 769 1909 negantes
797 1840 1067 1905 scindunt,
1091 1848 1149 1893 ut
1187 1848 1372 1894 sancta
1412 1840 1632 1895 nudent.
1657 1838 1811 1910 Saepe
1840 1841 2087 1896 audimus

513 1945 631 1999 qum
653 1930 704 1984 in
718 1944 875 1984 cruce
895 1932 1247 2001 contigerunt,
1278 1932 1635 2002 miramurque
1646 1931 1937 2000 sumpsisse
1957 1932 2091 1987 mili-

513 2031 595 2077 tes
624 2023 941 2077 vestimenta
967 2021 1186 2088 Christi,
1222 2031 1279 2077 et
1301 2021 1567 2087 divisisse,
1595 2024 1880 2093 statimque
1908 2034 2086 2079 mente

511 2113 740 2167 dicimus
769 2130 782 2165 :
817 2112 998 2181 Magna
1029 2113 1120 2168 Dei
1171 2114 1445 2183 patientia,
1474 2114 1615 2183 quod
1662 2130 1769 2168 non
1800 2115 2082 2171 immiserit

511 2203 710 2259 fulmen
733 2246 748 2271 ,
776 2204 916 2274 quod
949 2220 1052 2259 non
1083 2205 1358 2259 strinxerit
1381 2205 1639 2275 gladium.
1670 2206 1773 2260 Sed
1800 2214 2083 2261 contume-

509 2296 593 2351 liis
622 2296 953 2352 afﬁciebatur
980 2296 1208 2353 Sanctus
1232 2339 1245 2361 ,
1273 2307 1325 2353 et
1356 2298 1591 2368 profanae
1627 2314 1816 2366 manus
1842 2315 1945 2360 non
1985 2300 2083 2353 ab-

510 2388 925 2444 scindebantur?
951 2389 1156 2444 Miraris
1198 2391 1339 2459 quod
1367 2391 1561 2445 milites
1611 2392 1723 2446 ausi
1777 2393 1883 2446 sint
1912 2394 2078 2447 vesti-

510 2491 686 2535 menta
714 2481 991 2536 dividere?
1022 2482 1211 2537 Mirare
1239 2484 1375 2553 quod
1409 2484 1461 2539 hi
1489 2486 1862 2540 vestimentum
1895 2488 2082 2541 Eccle-

509 2573 603 2626 sia:
652 2572 983 2626 disciderint.
1033 2571 1190 2627 Certe
1255 2575 1451 2629 milites
1499 2576 1609 2630 visa
1663 2577 1858 2631 Christi
1904 2579 2082 2632 tunica

510 2665 832 2728 inconsutili,
861 2680 889 2717 a
936 2679 1145 2719 summo
1169 2676 1413 2721 contexta
1465 2683 1559 2737 per
1588 2678 1754 2722 totum
1783 2668 1958 2741 (Joan.
1994 2670 2082 2724 19.

508 2755 622 2828 25),
670 2756 805 2810 vesti
848 2767 1242 2828 pepercerunt;
1298 2757 1529 2813 haeretici
1582 2775 1711 2814 vero
1762 2760 1957 2815 Christi
1987 2775 2082 2816 vc—

512 2857 669 2913 stem,
705 2848 958 2904 Ecclesiae
988 2848 1353 2904 indumentum
1404 2849 1705 2913 sciderunt,
1750 2850 2078 2916 diviserunt,

510 2940 857 2995 dissecarunt.
887 2940 991 2995 Sed
1022 2940 1084 2995 ad
1116 2942 1442 3011 propositum
1472 2953 1823 2997 revertamur.
1874 2943 2082 2997 Censuit

511 3032 633 3101 folia
660 3033 807 3101 ﬁcus.
838 3032 1115 3086 Audierunt
1152 3031 1317 3087 Deum
1359 3032 1692 3087 ambulantem
1718 3075 1733 3099 ,
1786 3049 1976 3103 nempe
2024 3044 2083 3087 ut

509 3120 692 3175 audire
710 3122 852 3187 licet,
878 3130 925 3175 et
942 3138 994 3175 se
1012 3114 1374 3176 absconderant
1395 3120 1543 3192 (Cen.
1560 3123 1613 3178 5.
1636 3122 1771 3191 7.8).
1808 3122 1975 3177 Proba
2002 3132 2082 3177 est

509 3221 692 3267 initura
726 3230 739 3265 :
767 3213 866 3267 etsi
912 3214 1178 3268 sexcentis
1208 3214 1438 3284 peccatis
1489 3214 1655 3268 simus
1684 3215 1920 3280 obnoxii,
1952 3229 2083 3268 con-

507 3305 725 3358 scientia
778 3313 957 3359 nostm
984 3305 1148 3360 libera
1189 3315 1290 3360 est.
1324 3304 1595 3361 Interdum
1624 3306 1770 3360 frons
1799 3306 2079 3376 impudens

506 3407 608 3463 est,
639 3406 693 3450 et
718 3397 1042 3452 conscientia
1069 3397 1261 3467 arguit.
1290 3396 1558 3451 Interdum
1608 3398 1781 3466 lingua
1808 3397 1915 3450 ait:
1941 3398 2076 3463 Quid

507 3488 648 3543 enim
676 3490 933 3557 peccavi?
957 3497 1010 3543 et
1035 3489 1359 3543 conscientia
1388 3488 1529 3543 intus
1550 3487 2075 3557 repreliendit.-Sim-

511 3581 827 3650 plicissimus
847 3590 902 3637 et
930 3582 1171 3634 sincerus
1192 3591 1308 3634 erat
1332 3579 1496 3634 Adam
1531 3598 1543 3634 :
1568 3580 1735 3633 libere
1779 3578 2078 3633 conﬁteba-

510 3682 612 3724 tur.
643 3671 779 3726 Deus
802 3672 909 3724 ait:
937 3670 1032 3725 Ubi
1058 3671 1151 3725 es?
1174 3671 1318 3726 Multi
1347 3672 1430 3739 pie
1466 3671 1639 3725 locum
1671 3669 2076 3725 intelleXerunt:

505 3771 712 3830 oportet
741 3770 913 3816 tamen
950 3770 1195 3816 accurate
1221 3762 1502 3831 inspicere.
1534 3762 1748 3816 Illorum
1790 3776 1945 3818 sensa
1974 3762 2071 3816 ad-

506 3854 659 3907 mitto
682 3863 866 3923 utpote
893 3855 977 3924 pia
1002 3871 1016 3918 ;
1047 3864 1100 3909 et
1132 3854 1247 3908 baac
1275 3854 1394 3908 dico
1418 3854 1556 3923 quod
1585 3868 1708 3908 vera
1729 3854 1855 3908 sint.
1887 3853 2073 3918 Adam,

504 3948 592 4001 ubi
616 3949 709 4001 es?
737 3946 932 4003 Unde?
957 3963 1062 4016 quo
1108 3946 1470 4001 descendisti?
1505 3963 1569 4002 ex
1595 3962 1697 4017 qua
1726 3946 1891 4016 gloria
1934 3948 2079 4001 exci-

506 4039 667 4093 disti?
703 4039 938 4093 Admitte
979 4038 1115 4093 hanc
1159 4040 1544 4107 expositionem
1594 4048 1651 4092 ut
1692 4041 1852 4108 piam.
1912 4039 2079 4094 Habet

506 4136 647 4185 enim
676 4140 729 4186 et
754 4132 865 4186 veri
894 4133 1145 4200 speciem,
1177 4141 1230 4186 et
1257 4132 1558 4185 miserantis
1592 4130 1855 4186 effectum.
1887 4134 1957 4186 At
1993 4148 2080 4185 se—

507 4226 640 4279 riem
671 4238 869 4293 quaaro.
902 4223 1087 4288 Adam,
1119 4224 1205 4276 ubi
1248 4223 1342 4277 es.’
1380 4223 1673 4292 Interrogat
1714 4224 1870 4278 Deus.
1904 4223 2081 4277 Nove-

501 4326 607 4379 rat,
632 4326 691 4373 ut
713 4315 910 4386 opifex,
942 4317 1133 4385 opiticii
1180 4327 1420 4370 naturam
1454 4316 1594 4383 quod
1622 4318 1858 4387 quisquis
1888 4332 2079 4386 pecca-

512 4409 670 4473 verit,
705 4407 951 4462 liduciam
974 4408 1209 4473 amittat,
1234 4408 1478 4477 quodque
1505 4417 1826 4461 consuantur
1851 4424 2078 4477 peccau-

508 4499 635 4550 tium
663 4513 776 4551 ora.
809 4498 1276 4552 Animadvertebat
1305 4497 1422 4551 ideo
1449 4496 1668 4567 fugisse,
1698 4498 1837 4566 quod
1880 4500 2072 4553 fiducia

504 4598 727 4642 careret.
761 4587 958 4642 Servus
999 4598 1106 4642 tum
1134 4589 1368 4641 maxime
1398 4589 1584 4641 anxius
1611 4596 1712 4652 est,
1736 4603 1856 4642 cum
1887 4604 2075 4642 sense-

504 4681 569 4735 rit
600 4678 782 4735 herum
812 4686 1041 4754 peractae
1085 4680 1162 4732 rei
1193 4693 1411 4747 gnarum
1440 4692 1561 4731 esse
1606 4693 1619 4728 :
1653 4677 1904 4746 quamdiu
1934 4680 2074 4747 igno-

503 4779 584 4823 rat
626 4769 808 4835 herus,
837 4770 1066 4839 seipsum
1117 4770 1440 4835 consolatur,
1472 4778 1529 4821 ut
1568 4769 1654 4837 qui
1688 4769 1848 4823 latere
1875 4771 2073 4839 possit.

503 4861 672 4917 Adam
716 4862 949 4932 fugiebat
996 4871 1053 4914 ut
1092 4861 1495 4929 deprehensus:
1528 4860 1669 4914 Deus
1727 4862 2076 4930 ignorantiam

505 4953 788 5007 simulabat
812 4994 827 5018 ,
854 4961 913 5006 ut
939 4964 1134 5005 metum
1166 4952 1281 5018 ejus
1328 4951 1598 5015 solveret;
1628 4960 1683 5004 ut
1730 4966 1826 5005 nos
1850 4951 2077 5006 dicimus

503 5046 568 5100 de
593 5047 800 5099 amico:
836 5046 1079 5113 lgnorare
1108 5060 1194 5097 me
1237 5043 1519 5107 simulavi,
1567 5058 1634 5095 ne
1681 5042 1754 5096 illi
1782 5043 2077 5097 molestiam

502 5153 759 5192 crearem.
794 5138 916 5192 Ilaec
936 5137 1075 5191 enim
1108 5152 1248 5205 smpe
1273 5135 1408 5205 apud
1442 5150 1537 5187 nos
1565 5136 1902 5204 contingunt.
1927 5134 2079 5201 Quod

503 5231 545 5283 si
576 5230 711 5304 apud
746 5247 841 5283 nos
865 5230 977 5283 haec
1011 5228 1294 5293 accidunt,
1328 5227 1493 5279 multo
1542 5227 1705 5295 magis
1749 5226 1884 5293 apud
1911 5227 2077 5280 Deum

501 5320 999 5374 clementissimum.
1056 5319 1219 5372 Adam
1243 5360 1257 5383 ,
1288 5319 1371 5371 ubi
1394 5319 1486 5372 es?
1514 5333 1577 5372 ac
1615 5320 1659 5371 si
1714 5318 1939 5379 diceret,
1978 5316 2083 5371 Ne-

502 5412 632 5464 scio.
665 5411 800 5465 Tum
831 5411 937 5464 Deo
968 5426 1025 5463 se
1046 5412 1249 5464 nescire
1277 5410 1578 5472 simulantc,
1610 5410 1805 5477 probus
1835 5409 2078 5478 liberque

502 5503 710 5555 animus
734 5516 836 5554 non
862 5502 1053 5560 celavit
1085 5520 1097 5554 :
1150 5501 1329 5553 Vocem
1351 5512 1488 5553 tuam
1514 5502 1685 5554 audivi
1713 5510 1759 5553 et
1802 5501 1946 5554 timui
1968 5543 1983 5566 ,
2012 5518 2070 5554 eo

504 5596 634 5659 quod
660 5594 824 5648 nudus
852 5610 1028 5655 essem,
1060 5604 1106 5647 et
1145 5611 1223 5647 me
1254 5596 1494 5648 abscondi
1523 5594 1541 5664 (
1567 5593 1694 5647 Gen.
1724 5595 1776 5646 5.
1808 5594 1917 5664 10).
1972 5595 2080 5648 Cur

508 5685 724 5744 timuisti
747 5685 773 5745 2
797 5699 893 5741 cur
930 5694 982 5738 te
1008 5683 1369 5738 abscondisti?
1393 5685 1567 5738 Timui
1597 5684 1668 5738 ob
1704 5685 2082 5756 transgressio-

511 5789 629 5829 nem
661 5790 676 5829 :
705 5791 792 5833 me
816 5773 1069 5829 abscondi
1109 5774 1178 5829 ob
1208 5775 1519 5831 nuditatem.
1549 5775 1692 5831 Vere
1712 5786 2077 5848 transgresso-

1555 360 1643 416 DE
1680 360 1888 417 MUNDI
1926 360 2319 417 CREATIONE
2357 360 2614 418 ORATIO
2649 361 2735 416 VI.

3677 370 3779 426 494

2208 473 2282 527 ris
2310 489 2412 528 vox
2432 473 2698 545 lacrymas
2742 484 2940 531 movet.
2994 476 3179 532 Vocem
3223 486 3369 533 tuam
3404 478 3598 545 audiri,
3632 481 3778 538 illam

2204 563 2632 629 desiderabilem,
2660 566 2801 620 illam
2830 582 2949 637 qua:
2991 568 3118 623 mibi
3156 571 3332 624 omnia
3357 569 3542 639 largita
3571 580 3675 637 est,
3706 572 3775 626 il-

2201 653 2304 707 lam
2333 670 2449 724 ane
2478 656 2608 709 mihi
2653 656 2788 710 bona
2817 660 3043 712 contulit
3089 670 3144 714 et
3172 670 3389 729 operata
3436 670 3537 716 εει.
3589 663 3776 717 Audivi

2199 761 2368 799 vocem
2398 756 2557 799 tuam.
2599 747 2835 817 Cogitavi
2865 750 3074 818 qualem
3122 767 3307 805 vocem
3356 753 3576 822 respui,
3621 770 3777 825 quam

2197 852 2383 891 vocem
2437 837 2654 906 despexi
2686 854 2700 891 z
2733 850 2787 892 ct
2833 839 3005 907 timui,
3051 842 3173 896 talis
3226 842 3439 896 Domini
3470 845 3775 898 mandatmn

2200 940 2589 999 transgressus,
2622 941 2677 986 et
2719 946 2809 987 me
2831 932 3108 997 abscondi,
3144 949 3210 987 eo
3238 935 3377 1004 quod
3435 936 3607 990 nudus
3647 938 3770 991 sim.

2199 1021 2409 1077 Exinde
2433 1022 2572 1077 Deus
2612 1038 2833 1079 monere
2862 1025 3066 1094 pergit:
3094 1026 3220 1092 Quis
3248 1027 3484 1082 indicarit
3523 1030 3610 1083 tibi
3636 1030 3774 1094 quod

2198 1113 2366 1167 nudus
2394 1129 2544 1175 esses,
2577 1114 2675 1168 nisi
2701 1115 2834 1184 quod
2860 1132 2922 1168 ea:
2947 1116 3085 1185 ligno
3127 1117 3188 1171 de
3224 1134 3322 1183 quo
3370 1125 3478 1173 solo
3525 1137 3774 1189 prtrcepe-

2195 1217 2311 1255 ram
2339 1202 2429 1255 tibi
2472 1218 2534 1255 ne
2558 1204 2842 1259 comederes
2866 1245 2881 1269 ,
2933 1207 3195 1261 comedisti
3223 1206 3372 1277 (Gen.
3411 1210 3463 1265 5.
3507 1211 3641 1281 Il)?
3671 1210 3769 1267 hoc

2196 1302 2296 1356 est,
2326 1292 2432 1347 Nisi
2462 1293 2615 1361 plane
2648 1296 2747 1347 hoc
2770 1296 3005 1362 fecisses,
3037 1298 3175 1366 quod
3206 1298 3610 1366 prohibueram?
3640 1302 3769 1356 Vide

2195 1383 2465 1452 quomodo
2489 1385 2786 1438 sciscitatur
2812 1400 2876 1440 ac
2905 1386 2949 1439 si
2980 1387 3209 1441 nesciret
3233 1406 3247 1443 :
3270 1387 3377 1441 Nisi
3417 1389 3555 1459 quod
3585 1405 3648 1443 ex
3681 1391 3767 1443 illa

2192 1475 2404 1541 arbore,
2431 1472 2499 1529 de
2526 1490 2628 1544 qua
2659 1490 3011 1545 przeceperam
3044 1476 3135 1530 tibi
3164 1493 3231 1531 ne
3265 1478 3593 1544 comederes,
3621 1494 3769 1531 com-

2191 1563 2376 1619 edisti?
2401 1565 2468 1619 At
2506 1565 2625 1619 vide
2650 1566 2742 1620 Dei
2774 1565 3167 1636 benignitatem.
3209 1567 3333 1633 Quis
3354 1568 3591 1621 indicavit
3632 1569 3719 1623 tibi
3739 1570 3767 1623 ἶ

2199 1655 2325 1710 Ideo
2348 1657 2671 1728 colloquium
2700 1658 2961 1734 producit,
2987 1667 3043 1713 ut
3069 1669 3266 1714 metum
3295 1658 3505 1725 solvat,
3548 1670 3603 1714 et
3630 1659 3767 1714 ﬁdu—

2191 1748 2327 1802 ciam
2355 1751 2567 1803 excitet.
2600 1747 2877 1820 Cogitabat
2900 1750 3039 1805 enim
3070 1751 3238 1805 Adam
3270 1752 3400 1805 nihil
3444 1752 3514 1806 ibi
3550 1750 3766 1815 durum,

2192 1841 2326 1896 nihil
2365 1856 2612 1912 asperum
2658 1856 2810 1908 esse,
2856 1858 2962 1896 non
2989 1843 3404 1909 contumeliam,
3432 1858 3537 1898 non
3567 1844 3768 1913 plagas.

2191 1928 2367 1985 Habes
2415 1931 2719 2001 magistram
2744 1932 3203 1988 consuetudinem.
3226 1933 3423 1988 Servus
3448 1934 3536 2004 qui
3582 1949 3768 2004 peccas

2190 2022 2285 2086 vit,
2313 2023 2356 2075 si
2388 2020 2577 2077 herum
2594 2022 2769 2088 adeat,
2800 2038 2829 2076 a
2856 2023 3023 2092 prima
3055 2038 3188 2079 voce
3234 2033 3327 2077 aut
3376 2023 3622 2078 tlduciam
3674 2033 3764 2077 aut

2192 2126 2394 2171 metum
2426 2116 2669 2171 assumit.
2704 2114 2759 2171 Si
2789 2116 2877 2170 ille
2903 2115 3162 2186 indignari
3194 2116 3455 2184 cmperit,
3485 2114 3765 2183 furemque

2188 2207 2360 2271 illum,
2394 2205 2807 2268 fraudulentum,
2840 2207 3086 2276 milleque
3112 2206 3375 2261 mortibus
3412 2205 3628 2276 dignum
3666 2220 3762 2274 ap-

2188 2298 2415 2367 pellarit,
2446 2298 2624 2352 animo
2653 2297 2864 2363 deﬁcit;
2896 2298 2977 2351 sin
3023 2298 3169 2351 illum
3222 2297 3631 2367 exprobrantcm
3662 2312 3761 2350 au-

2186 2391 2316 2456 dial,
2345 2390 2523 2453 Miser,
2555 2405 2654 2445 cur
2682 2391 2780 2445 hoc
2811 2391 3017 2445 fecisti?
3052 2405 3145 2444 cur
3172 2389 3444 2461 peccasti?
3474 2390 3650 2443 statim
3678 2404 3763 2441 re»

2186 2491 2405 2550 sumpto
2434 2482 2616 2536 animo
2642 2481 2865 2536 conﬁdit
2892 2498 2904 2534 :
2931 2496 3102 2550 neque
3142 2481 3285 2534 enim
3311 2490 3365 2533 ut
3397 2480 3559 2533 herus
3590 2480 3760 2548 punit.

2186 2572 2280 2628 sed
2307 2584 2363 2627 ut
2389 2575 2642 2643 magister
2668 2583 2868 2627 monet.
2892 2571 2981 2627 Sic
3010 2572 3186 2626 Deus:
3213 2571 3338 2639 Quis
3356 2570 3484 2625 dixit
3514 2570 3599 2623 tibi
3630 2575 3759 2640 quod

2189 2664 2358 2717 nudus
2384 2648 2536 2729 esses,
2575 2664 2673 2717 nisi
2700 2663 2834 2734 quod
2859 2662 2922 2716 de
2969 2662 3138 2733 ligno,
3173 2663 3236 2717 de
3278 2679 3377 2733 quo
3424 2678 3757 2732 prwceperum

2186 2756 2276 2809 tibi
2303 2772 2364 2809 ne
2409 2756 2713 2823 contederes,
2761 2755 3021 2809 comedisti
3042 2755 3068 2809 7
3106 2754 3242 2809 Num
3277 2755 3439 2808 multa
3468 2754 3756 2824 prohibui?

2190 2847 2363 2902 Unum
2395 2848 2638 2917 prohibui
2665 2889 2678 2910 ,
2724 2847 2880 2917 idque
2926 2862 3029 2900 non
3071 2848 3144 2901 tui
3169 2847 3313 2912 odio,
3353 2846 3447 2901 sed
3492 2847 3632 2916 quod
3666 2847 3758 2900 tibi

2187 2942 2569 3009 prospicerem.
2615 2940 2740 3005 Quis
2769 2941 2855 2993 tibi
2883 2940 3158 2999 indicavit,
3201 2939 3337 3009 quod
3382 2939 3547 2992 nudus
3584 2956 3712 2992 esses
3735 2938 3761 2991 ἓ

2183 3030 2327 3085 Nihil
2358 3030 2691 3100 impudenter
2721 3031 2995 3101 respondit
3023 3049 3036 3086 :
3068 3046 3174 3085 non
3205 3030 3372 3095 dixit,
3420 3030 3755 3089 Nesciebam.

2183 3121 2319 3189 Quid
2358 3122 2527 3191 ergo?
2572 3121 2795 3187 Mulier,
2836 3139 2986 3194 quant
3045 3123 3228 3176 dedisti
3269 3122 3395 3175 mihi
3410 3163 3425 3187 ,
3468 3122 3576 3175 lucc
3619 3121 3758 3174 dedit

2182 3215 2327 3281 mihi,
2355 3224 2400 3267 et
2420 3215 2611 3268 comedi
2634 3214 2785 3283 (Gen.
2816 3216 2869 3270 5.
2896 3214 3011 3281 12);
3037 3230 3099 3268 ac
3126 3217 3168 3268 si
3196 3214 3415 3279 diceret,
3461 3216 3590 3278 Quae
3635 3211 3757 3265 data

2184 3307 2312 3362 mihi
2345 3316 2492 3371 erat,
2523 3318 2578 3361 ut
2603 3306 2898 3375 adjuvaret.
2953 3306 3144 3361 Audivi
3179 3306 3319 3360 enim
3350 3320 3469 3361 cum
3500 3304 3759 3359 formatus

2182 3414 2357 3454 essem
2383 3440 2396 3461 ,
2445 3409 2499 3454 et
2525 3400 2609 3453 illa
2652 3399 2883 3454 nondum
2932 3407 3113 3462 esset,
3140 3398 3403 3452 dicentem
3436 3415 3450 3451 :
3485 3395 3759 3450 Faciamus

2183 3491 2260 3545 illi
2306 3493 2588 3563 adjutorem
2614 3492 2829 3544 similem
2855 3491 2901 3545 ei
2928 3489 3080 3561 (Gen.
3109 3490 3164 3544 2.
3198 3491 3308 3557 I5).
3344 3489 3469 3543 Ha’c
3488 3505 3639 3560 quam
3665 3489 3755 3541 dc-

2182 3583 2303 3636 disti
2329 3584 2474 3647 mihi,
2506 3583 2643 3637 dedit
2681 3584 2827 3637 mihi.
2850 3582 2962 3637 Non
2992 3582 3145 3649 dixit,
3182 3582 3417 3652 Decepit,
3453 3597 3577 3646 non,
3609 3581 3756 3636 Men-

2183 3675 2277 3728 tita
2307 3686 2383 3729 est
2413 3693 2426 3729 :
2469 3674 2594 3728 Haec
2614 3675 2737 3747 mihi
2757 3674 2912 3735 dedit,
2935 3684 2981 3727 et
3004 3674 3216 3728 comedi.

2254 3769 2307 3822 8.
2354 3767 2488 3821 Tum
2522 3766 3008 3834 Deus:0portebat
3044 3775 3095 3820 te
3148 3765 3297 3819 uxori
3350 3763 3571 3819 credere
3596 3805 3611 3829 ,
3649 3778 3754 3817 non

2183 3859 2352 3911 mihi?
2383 3873 2506 3911 num
2531 3857 2633 3911 ﬁde
2661 3856 2873 3926 dignior
2894 3872 2979 3909 me
3005 3856 3240 3909 mulier?
3266 3855 3377 3924 Ego
3399 3854 3536 3908 bona
3570 3853 3754 3917 tribui,

2182 3964 2282 4017 ego
2313 3958 2363 4004 te
2384 3949 2542 4003 rebus
2570 3947 2699 4017 ipsis
2723 3946 2976 4002 bonoravi
3007 3963 3021 4000 :
3056 3947 3142 4000 illa
3186 3946 3362 4001 verbis
3388 3945 3663 3999 inescavit.
3692 3945 3760 3999 lit

2183 4042 2305 4095 vide
2329 4058 2343 4094 :
2375 4049 2432 4092 ut
2475 4040 2638 4109 judex
2667 4047 2883 4110 accepta
2913 4040 3258 4093 excusatione
3283 4037 3383 4102 rei,
3411 4038 3455 4089 si
3484 4051 3590 4090 non
3620 4036 3758 4090 ultra

2182 4130 2568 4185 examinaverit
2594 4130 2762 4190 illum.
2808 4129 2903 4185 sed
2933 4130 3203 4183 transierit
3228 4128 3291 4181 ad
3341 4129 3503 4181 alium
3530 4169 3547 4196 ,
3575 4127 3753 4182 statim

2183 4238 2307 4276 rcus
2336 4237 2456 4275 cum
2488 4220 2677 4275 ﬁducia
2706 4220 2853 4287 dicit,
2885 4219 3102 4276 Interim
3145 4235 3245 4290 ego
3297 4235 3519 4275 examen
3570 4218 3705 4273 subii
3737 4236 3753 4271 :

2183 4314 2258 4368 sic
2289 4324 2342 4368 et
2365 4314 2504 4369 Deus
2533 4313 2599 4367 ab
2630 4313 2830 4367 Adaino
2852 4313 3060 4377 transit,
3092 4322 3151 4366 ut
3180 4314 3295 4378 ejus
3316 4322 3513 4366 metum
3542 4310 3712 4365 solvat
3736 4352 3748 4375 ,

2182 4416 2235 4459 et
2268 4404 2475 4459 mulieri
2503 4404 2650 4467 dicit,
2684 4403 2787 4458 Cur
2804 4404 2898 4457 hoc
2928 4404 3134 4473 fecisti?
3161 4403 3290 4467 Quae
3304 4402 3605 4473 respondit:
3633 4400 3757 4456 Ser-

2182 4512 2303 4567 pons
2330 4495 2529 4549 seduxit
2576 4512 2684 4561 me,
2726 4505 2770 4549 et
2795 4495 2987 4548 comedi
3020 4493 3171 4564 (Gen.
3202 4494 3255 4549 3.
3287 4494 3400 4564 I3).
3449 4493 3579 4560 Quia
3631 4507 3757 4547 vera

2180 4587 2333 4649 dixit,
2358 4600 2536 4640 veram
2585 4586 2726 4640 Deus
2755 4586 3122 4640 defensionem
3174 4599 3281 4638 non
3323 4585 3628 4654 vituperat,
3659 4583 3753 4637 sed

2184 4681 2300 4733 sine
2331 4678 2566 4733 ulteriori
2596 4679 2841 4733 examine
2863 4678 3114 4748 relinquit
3133 4692 3271 4732 eam.
3308 4678 3420 4732 Non
3452 4677 3585 4731 dixit
3614 4694 3630 4730 :
3659 4676 3756 4730 Er-

2182 4786 2317 4840 gone
2343 4770 2430 4824 ille
2455 4812 2470 4836 ,
2503 4771 2706 4824 scilicet
2732 4784 2955 4839 serpens
2981 4810 2995 4834 ,
3036 4784 3124 4823 me
3161 4769 3267 4824 ﬁde
3315 4768 3520 4840 dignior
3547 4767 3758 4821 habitus

2182 4863 2304 4918 est?
2332 4862 2583 4916 Promisit
2607 4860 2964 4930 aequalitatem
2996 4875 3115 4914 cum
3149 4861 3279 4925 Deo,
3304 4870 3357 4915 et
3385 4868 3608 4913 mortem
3633 4873 3756 4925 pro-

2183 4956 2406 5011 curavit.
2439 4954 2637 5009 Verum
2666 4970 2770 5008 non
2796 4955 2975 5007 statim
3020 4952 3246 5023 judicat,
3280 4953 3374 5007 sed
3410 4951 3457 5005 ei
3506 4959 3565 5001 ut
3603 4947 3754 5001 inﬁr‘

2184 5048 2337 5102 miori
2367 5048 2479 5101 vasi
2511 5047 2677 5117 magis
2704 5046 2981 5115 pepercit;
3013 5053 3423 5113 serpentemque
3452 5039 3649 5101 adivit,
3698 5046 3758 5092 ut

2182 5147 2237 5192 et
2262 5138 2377 5191 viro
2404 5126 2458 5191 et
2483 5137 2693 5191 mulieri
2722 5135 3089 5206 persuaderet,
3120 5149 3177 5187 se
3193 5144 3462 5186 auctorem
3488 5128 3755 5181 aditurum

2184 5243 2304 5282 esse
2328 5245 2343 5293 ;
2375 5228 2575 5297 aitque,
2604 5226 2733 5292 Quia
2759 5226 2851 5279 hoc
2877 5226 3054 5296 fecisti.
3085 5222 3266 5277 Viden'
3283 5223 3472 5275 mirum
3502 5220 3759 5289 judiccm?

2186 5318 2451 5387 Deceptus
2479 5319 2789 5387 interrogat,
2812 5317 3151 5388 deceptorem
3177 5329 3349 5368 secus.
3372 5312 3486 5366 Non
3513 5314 3559 5366 ei
3583 5312 3711 5367 dicit
3742 5353 3757 5376 ,

2185 5410 2318 5477 Quid
2363 5410 2726 5477 fecisti?sed,
2781 5410 2915 5474 Quia
2973 5410 3065 5462 hoc
3114 5408 3296 5480 fecisti.
3347 5406 3544 5460 Eodem
3602 5407 3761 5461 modo

2186 5500 2349 5555 David
2377 5502 2542 5566 dicit,
2578 5501 2699 5555 Non
2724 5512 2983 5569 resurgent
3031 5500 3177 5568 impii
3200 5500 3253 5551 in
3265 5498 3465 5567 judicio
3497 5498 3671 5570 (Psal.
3700 5502 3751 5552 l.

2186 5593 2276 5661 5);
2307 5608 2411 5647 non
2440 5594 2562 5664 quia
2590 5608 2694 5648 non
2730 5600 3010 5662 resurgent
3033 5631 3047 5653 ,
3094 5590 3187 5643 sed
3213 5589 3333 5658 quia
3351 5605 3465 5644 non
3492 5592 3763 5647 examina-

2187 5683 2403 5738 buntur.
2443 5684 2574 5748 Quia
2600 5685 2693 5737 hoc
2720 5683 2905 5753 fecisti.
2939 5679 3141 5735 Inllicta
3173 5682 3406 5748 serpenti
3463 5696 3638 5750 pinna.
3662 5697 3758 5734 eo-

2189 5793 2305 5833 rum
2335 5793 2469 5849 quos
2492 5777 2774 5836 seduxerat
2803 5791 2986 5848 pinnas
3013 5774 3244 5831 leviores
3266 5773 3463 5831 ellccit.
3504 5776 3639 5843 Nisi,
3682 5776 3759 5834 ixv-
