4126 6326
379 357 484 411 495

378 470 511 539 quit,
549 467 685 520 Deus
707 463 882 519 omnia
914 463 985 516 illi
1012 461 1397 529 adsc'ripsisset,
1420 473 1523 511 non
1546 457 1661 511 sine
1697 459 1942 512 examine

381 559 699 614 sementium
733 557 955 609 tulisset.
983 554 1114 620 Quia
1141 554 1233 605 hoc
1260 552 1435 622 fecisti,
1461 549 1756 603 maledictus
1778 565 1827 602 es
1857 566 1945 601 su-

383 666 471 719 per
488 664 658 701 omnes
684 648 864 700 bestias
891 656 1060 700 terra.
1088 644 1257 711 Super
1279 651 1450 711 pectus
1480 650 1619 693 tuum
1656 650 1699 692 et
1729 650 1946 693 ventrem

377 740 622 810 gradieris
672 732 819 800 (Gen.
848 734 899 787 5.
938 732 1041 801 14).
1070 733 1212 798 Quia
1238 732 1334 783 hoc
1371 732 1541 799 fecisti
1579 731 1737 797 :quia
1782 728 1944 782 eorde

375 831 561 898 cepisti
589 869 603 891 ,
640 842 703 881 ac
744 825 914 880 ventri
941 833 1000 877 ut
1025 823 1202 877 cibum
1230 828 1466 892 gustaret
1491 821 1726 884 suasiSti,
1775 819 1943 887 Super

376 932 546 988 pectus
589 930 636 971 et
686 927 900 971 ventrem
927 914 1196 985 gradieris.
1245 912 1360 966 Non
1385 911 1524 980 quod
1573 920 1696 964 ante
1723 911 1943 979 pedibus

373 1013 444 1063 sit
472 1025 618 1069 usus,
642 1007 880 1063 decernit
906 1007 1044 1059 Deus
1083 1015 1137 1057 ut
1168 1018 1327 1072 super
1352 1013 1593 1057 ventrem
1638 1002 1939 1072 gradiatur,

373 1102 464 1154 sed
484 1102 602 1169 quia
631 1109 841 1154 erectus
864 1098 1137 1151 mulierem
1165 1098 1466 1164 alloquntus
1490 1105 1622 1151 erat.
1654 1095 1765 1149 Non
1797 1095 1939 1149 enim

376 1202 579 1259 poterat
604 1192 707 1244 alio
728 1190 884 1243 modo
906 1204 1023 1243 cntn
1043 1188 1152 1241 Eva
1180 1187 1496 1254 colloquium
1527 1187 1773 1239 miscere.
1796 1185 1943 1238 Allo-

371 1282 564 1351 quendi
599 1282 851 1342 formam,
874 1295 975 1349 qua
1005 1279 1165 1332 Evam
1195 1277 1496 1338 seduxerat,
1539 1274 1816 1345 gradiendi
1849 1288 1939 1326 su-

378 1389 472 1443 per
499 1383 681 1442 pectus
721 1386 875 1441 paena
903 1370 1155 1439 castigat,
1186 1377 1239 1421 et
1266 1383 1294 1421 a
1325 1368 1611 1421 constituto
1658 1363 1936 1419 incedendi

374 1464 532 1518 modo
555 1462 716 1532 ejicit.
743 1462 854 1515 Etsi
882 1461 1021 1515 enim
1053 1459 1169 1513 sine
1198 1459 1421 1527 pedibus
1456 1472 1484 1509 a
1538 1456 1795 1527 principio
1828 1455 1937 1509 for-

374 1564 546 1608 matus
574 1564 726 1619 erat,
766 1562 821 1606 at
848 1551 1070 1622 agilibus
1119 1550 1432 1620 quibusdam
1477 1548 1936 1603 convolutionihus

370 1656 602 1708 erectus,
620 1657 841 1701 extenso
864 1654 1078 1711 pectore
1102 1642 1249 1712 quasi
1282 1641 1570 1710 equitabat.
1602 1639 1748 1696 Unde
1774 1640 1933 1693 etiam

372 1753 514 1790 nintc
539 1750 759 1804 serpens
783 1735 945 1787 iratus
971 1748 1115 1800 smpe
1141 1733 1371 1800 seipsnm
1393 1731 1569 1799 erigit,
1602 1740 1657 1784 et
1686 1731 1736 1783 in
1765 1729 1936 1783 circu-

370 1828 475 1881 lum
494 1827 805 1881 convolutus
819 1826 1012 1879 currit:
1034 1838 1343 1893 progressus
1354 1830 1526 1875 autem
1539 1830 1788 1889 quantum
1805 1820 1934 1874 satis

371 1927 476 1982 cst,
506 1927 562 1971 ut
581 1918 779 1985 antiqui
800 1930 1011 1985 gressus
1038 1914 1251 1967 relricet
1273 1913 1602 1975 memoriam,
1633 1926 1843 1965 rursum
1868 1925 1934 1963 cx

366 2008 641 2063 sententia:
662 2008 775 2075 lege
800 2006 1169 2075 prosternitur.
1203 2003 1265 2056 Et
1291 2013 1473 2057 terram
1500 2002 1723 2056 comedes
1742 2002 1934 2054 cunctis

367 2100 537 2154 diebus
566 2100 679 2153 vitw
710 2108 826 2151 tuan
848 2098 1148 2150 Inimicitias
1175 2113 1355 2167 ponam
1384 2097 1511 2149 inter
1539 2104 1585 2148 te
1608 2105 1653 2147 et
1675 2094 1934 2147 mulierem

368 2190 519 2260 (Gen.
542 2192 594 2244 5.
618 2188 725 2261 15).
751 2189 886 2256 Quid
914 2190 1010 2243 sibi
1038 2189 1169 2253 vult,
1196 2188 1402 2241 Terram
1427 2188 1691 2241 comedas?
1717 2186 1769 2241 Id
1791 2185 1931 2255 quod

367 2282 624 2335 Adamnm
648 2281 758 2335 fore
781 2282 1071 2350 procurasti
1101 2322 1115 2347 ,
1144 2281 1244 2334 hoc
1283 2280 1455 2349 ipsum
1495 2278 1735 2333 comede.
1770 2279 1933 2333 Audi-

366 2385 518 2427 tnrus
544 2374 683 2426 enim
711 2373 799 2427 ille
826 2383 909 2427 est
938 2390 951 2425 :
988 2372 1145 2425 Terra
1165 2389 1237 2435 es,
1277 2374 1395 2424 etin
1425 2382 1607 2424 terram
1647 2373 1925 2425 reverteris.

366 2464 664 2518 Inimicitias
696 2480 876 2533 ponam
897 2465 1025 2516 inter
1052 2472 1100 2517 le
1133 2472 1178 2515 et
1203 2463 1460 2515 mulierem
1511 2460 1658 2533 (Gen.
1712 2462 1765 2517 5.
1818 2462 1924 2527 19).

365 2559 494 2626 Quia
525 2558 765 2611 simulata
810 2557 1043 2610 amicitia
1070 2555 1349 2619 seduxisti,
1379 2564 1643 2623 tamquam
1686 2554 1931 2607 inimicus

364 2648 589 2715 ejiceris.
620 2648 807 2702 Sermo
835 2648 933 2701 iste
966 2648 1017 2700 in
1041 2647 1208 2716 legem
1239 2647 1462 2700 transiit.
1486 2636 1712 2700 Attende
1739 2647 1926 2713 igitur:

378 2739 585 2794 Terram
622 2740 851 2792 comedes
882 2739 1070 2791 cunctis
1117 2737 1291 2791 diebus
1335 2739 1448 2790 vita:
1472 2747 1589 2791 tute.
1623 2737 1752 2790 Vide
1788 2753 1927 2790 :non

361 2830 490 2885 dicit
519 2831 772 2898 serpenti,
804 2830 963 2883 Terra
994 2829 1085 2882 tibi
1145 2829 1294 2882 cibus
1329 2830 1428 2883 erit
1453 2847 1465 2882 :
1492 2843 1594 2882 non
1636 2830 1775 2882 enim
1812 2844 1927 2882 ser-

363 2934 552 2995 pentes
591 2934 781 2977 terram
814 2937 1027 2990 semper
1044 2920 1351 2987 comedunt,
1380 2921 1472 2975 sed
1501 2922 1749 2975 carnibus
1767 2922 1924 2974 etiam

364 3016 577 3068 aluntur
615 3024 669 3066 et
699 3012 974 3077 h'uetihus,
1002 3012 1204 3065 semina
1234 3011 1510 3075 mandunt,
1540 3021 1594 3065 et
1622 3012 1811 3066 herbas
1840 3027 1929 3065 ca—

366 3116 531 3174 ptant.
563 3106 676 3161 Hoc
721 3115 895 3159 autem
943 3104 1072 3159 dicit
1106 3122 1118 3157 :
1147 3104 1410 3159 Absumcs
1460 3114 1688 3169 terram,
1746 3105 1797 3158 in
1840 3104 1926 3157 illa

361 3209 596 3265 reptans.

434 3292 493 3347 Si
536 3288 766 3343 diabolus
806 3288 1031 3357 decepit,
1085 3304 1174 3340 cur
1226 3288 1443 3356 serpenti
1492 3287 1823 3341 maledicitur.
1860 3317 1929 3326 —

364 3383 554 3437 Verum
586 3384 733 3434 aiunt
762 3381 972 3449 quidam
1004 3397 1019 3434 ε
1056 3380 1109 3435 Si
1138 3379 1378 3433 diabolus
1404 3380 1640 3449 decepit,
1685 3396 1781 3433 cur
1817 3396 1931 3434 ser-

360 3491 491 3546 pens
529 3474 950 3528 maledictiouem
990 3472 1222 3541 excipit?
1269 3472 1585 3526 lnvisibilem
1632 3472 1927 3526 daemonem

361 3567 606 3623 invisibili
632 3567 778 3635 plaga
817 3564 1012 3628 afﬁcit;
1058 3564 1263 3618 visibile
1297 3564 1705 3619 instrumentum
1737 3564 1927 3618 visibili

359 3660 616 3729 supplicio
646 3659 871 3727 subjicit.
918 3658 1132 3724 Quare?
1160 3656 1306 3710 Sicut
1340 3657 1477 3709 Deus
1507 3656 1782 3709 invisibilis
1806 3671 1926 3709 cum

361 3753 461 3817 sit,
490 3751 691 3804 visibile
730 3756 1125 3802 monumentum
1152 3746 1298 3802 dedit
1323 3748 1567 3800 arborem
1600 3763 1612 3799 :
1641 3746 1716 3799 sic
1744 3746 1928 3800 diabo-

359 3845 462 3909 lus,
493 3842 766 3897 invisibilis
785 3857 905 3895 cum
933 3841 1037 3905 sit,
1071 3839 1310 3892 homines
1350 3854 1445 3907 per
1468 3848 1765 3906 serpentem
1796 3839 1926 3889 allo-

358 3936 554 4004 quitur.
601 3932 825 3999 Subjicit
865 3947 990 4001 ergo
1033 3931 1171 3985 Deus
1207 3938 1506 3998 serpentem
1547 3930 1923 3995 maledictioni,

360 4038 416 4080 ut
444 4027 487 4080 si
518 4026 599 4079 cui
634 4025 875 4079 diabolus
916 4024 1037 4077 mali
1068 4023 1335 4092 quidpiam
1374 4024 1552 4077 fecerit
1576 4064 1593 4090 ,
1624 4033 1923 4092 serpentem

358 4132 514 4187 quem
539 4115 679 4170 videt
704 4125 997 4182 repentem,
1021 4113 1330 4168 recordetur
1344 4114 1470 4167 olim
1487 4123 1719 4168 erectum
1743 4113 1923 4181 fuisse,

358 4209 673 4278 cogitetque,
703 4208 744 4260 si
774 4206 1015 4274 nequitia:
1039 4206 1279 4259 minister
1302 4206 1379 4260 sic
1403 4206 1669 4275 plectitur,
1694 4204 1810 4275 ejus
1834 4222 1928 4259 au-

358 4310 473 4353 ctor
500 4307 693 4368 quanta
712 4297 974 4367 patiatur?
1004 4297 1383 4351 Animadverte
1410 4296 1590 4366 igitur.
1608 4296 1741 4351 lluic
1759 4296 1835 4350 rci
1850 4295 1927 4349 al-

360 4392 479 4447 linia
514 4393 569 4445 in
592 4391 878 4460 Evangelia
914 4389 1286 4459 deprehendis.
1311 4388 1762 4456 Quemadmodum
1783 4389 1925 4443 enim

360 4483 410 4533 in
437 4480 629 4535 visibili
660 4491 906 4548 serpente
937 4482 1236 4550 loquentem
1268 4496 1370 4533 una
1406 4494 1525 4533 cum
1565 4495 1629 4533 eo
1658 4481 1749 4549 qui
1779 4480 1925 4533 vide-

360 4573 513 4624 batur
541 4569 931 4635 condemnavit,
977 4570 1053 4625 sic
1068 4570 1189 4625 etin
1206 4570 1309 4623 Eva
1320 4570 1491 4639 ngelio
1506 4585 1627 4623 cum
1654 4569 1927 4624 daemones

357 4662 625 4715 Christum
655 4670 934 4728 rogarent,
977 4675 1044 4714 ne
1074 4660 1406 4715 mitterentur
1432 4660 1483 4715 in
1511 4659 1797 4730 abyssum,
1841 4660 1925 4714 di-

360 4761 676 4819 cerentque,
712 4748 953 4804 Permitte
979 4750 1118 4803 nobis
1161 4752 1212 4804 in
1256 4766 1434 4819 porcos
1470 4750 1664 4820 ingredi
1694 4748 1840 4815 (Luc.
1870 4748 1925 4801 8.

359 4846 448 4901 51.
476 4842 605 4913 32);
638 4841 875 4910 permisit
917 4841 1155 4909 ingredi,
1212 4850 1268 4893 ut
1315 4840 1605 4893 invisibiles
1650 4839 1767 4891 illos
1805 4852 1923 4890 cum

360 4935 651 4991 \isibilibus
687 4931 999 5000 corporibus
1034 4931 1415 5001 submergeret.
1441 4930 1650 4983 Terram
1678 4928 1921 4981 comedes.

357 5028 659 5087 Inimicitias
702 5040 882 5095 ponam
922 5023 1052 5076 inter
1078 5032 1122 5075 te
1148 5032 1191 5075 et
1221 5024 1493 5075 mulierem.
1538 5019 1833 5074 Amicitiam
1875 5018 1925 5071 in

357 5121 537 5174 odium
570 5120 821 5182 mutavit,
859 5127 912 5169 et
943 5129 1118 5168 sermo
1156 5115 1206 5167 in
1243 5114 1411 5183 legem
1439 5128 1624 5167 versus
1649 5122 1750 5167 est.
1785 5112 1928 5164 Alias

357 5215 551 5281 quippe
599 5210 794 5265 bestias
836 5206 1053 5262 student
1104 5206 1346 5258 homines
1398 5204 1603 5258 cicures
1656 5201 1922 5256 reddere:

358 5310 659 5372 serpentem
701 5315 830 5354 vero
873 5300 915 5351 si
961 5297 1078 5367 quis
1120 5294 1343 5357 viderit,
1395 5294 1574 5347 statim
1612 5292 1925 5346 concitatur.

359 5396 533 5449 Manet
577 5394 770 5461 quippe
816 5391 1087 5446 decretum
1120 5406 1132 5442 :
1162 5385 1461 5439 Inimicitias
1496 5400 1677 5454 ponant
1709 5384 1836 5435 inter
1862 5393 1926 5435 te.

360 5485 578 5541 Etiamsi
608 5484 748 5537 domi
778 5482 996 5545 viderit,
1031 5494 1221 5533 necare
1242 5476 1405 5544 cupit.
1450 5476 1503 5529 Si
1532 5474 1582 5527 in
1611 5475 1690 5526 via
1718 5473 1928 5540 viderit,

359 5577 535 5631 furore
566 5576 629 5628 ad
652 5574 995 5628 occidendum
1027 5572 1211 5627 fertur.
1243 5568 1488 5624 Stimulat
1502 5582 1620 5620 eum
1643 5576 1789 5621 vetus
1809 5582 1933 5620 seu-

362 5668 544 5721 lentia.
592 5667 645 5719 Si
672 5675 948 5721 sescentas
985 5666 1161 5733 plagas
1184 5660 1417 5731 serpenti
1448 5659 1700 5722 intulerit,
1732 5658 1933 5712 videat-

358 5775 463 5837 que
488 5765 645 5829 caput
672 5773 773 5810 non
805 5757 1153 5821 vulneratum,
1176 5752 1355 5811 statim
1382 5758 1560 5810 mouet
1583 5768 1595 5803 :
1623 5749 1791 5818 Caput
1816 5764 1929 5805 scr-

1809 341 2171 400 SEVERIANI

3523 358 3624 413 196

2054 461 2225 528 pentis
2276 476 2382 517 non
2434 463 2763 532 percussisti,
2810 474 2967 535 caput
3014 467 3143 531 feri;
3189 471 3437 538 quoniam
3486 473 3624 526 Deus

2051 553 2181 607 dicit
2210 570 2223 606 ε
2253 552 2374 623 Ipse
2392 555 2665 608 observabit
2692 566 2839 626 caput
2862 566 3025 623 tuum,
3056 569 3102 611 et
3127 569 3180 611 tu
3208 560 3486 615 observabis
3514 564 3624 632 ejus

2052 642 2360 696 cale-oneum.
2403 644 2535 712 Quid
2568 645 2668 701 hoc
2687 647 2785 701 sibi
2814 648 2960 701 vult?
3002 649 3114 702 Non
3142 649 3301 713 dicit,
3330 651 3537 706 Faciam
3567 668 3623 707 υ.

2054 730 2212 784 homo
2252 747 2281 785 a
2320 735 2527 788 caeteris
2581 735 2683 789 tuis
2730 736 2983 790 membris
3037 738 3286 793 feriendis
3334 740 3615 804 abstineat,

2050 822 2328 892 solumque
2355 835 2513 892 caput
2552 828 2742 881 caedat.
2792 828 2968 883 Utitur
3006 832 3146 884 enim
3187 830 3346 885 homo
3374 833 3541 902 plagis
3566 834 3619 888 in

2050 912 2223 966 omnia
2251 915 2509 983 serpentis
2542 916 2777 970 membra
2800 958 2814 982 ,
2852 927 2908 971 ut
2934 918 3250 989 ubicumque
3278 923 3617 989 percusserit,

2051 1010 2216 1055 totum
2262 1005 2565 1059 ulciscatur.
2610 1004 2665 1060 ld
2707 1022 2863 1075 porro
2890 1010 3027 1078 quod
3058 1024 3088 1062 a
3118 1010 3341 1065 Domino
3383 1016 3617 1081 serpenti

2047 1094 2243 1148 dictum
2268 1106 2381 1163 est,
2409 1096 2488 1150 Tu
2521 1098 2799 1152 observabis
2831 1100 3121 1154 calcaneum
3148 1103 3257 1167 ejus
3280 1142 3294 1166 ,
3323 1117 3427 1157 ηοω
3457 1104 3619 1173 signi-

2047 1184 2199 1250 ficat,
2242 1186 2337 1254 ipsi
2367 1202 2676 1242 concessum
2702 1205 2821 1244 esse
2851 1201 2909 1244 ut
2950 1192 3251 1246 caleaneum
3301 1193 3572 1248 adoriatur
3600 1212 3614 1249 :

2046 1275 2246 1330 invadit
2271 1278 2415 1331 enim
2460 1279 2775 1348 quandoque
2814 1297 3036 1349 serpens
3086 1282 3443 1347 dormientes,
3490 1301 3618 1339 vcn-

2046 1374 2179 1421 trem
2212 1382 2313 1421 non
2343 1385 2463 1423 raro
2487 1380 2738 1438 occupat,
2788 1372 3023 1425 immittit
3052 1389 3313 1427 venenum
3333 1416 3347 1439 ,
3373 1376 3616 1431 manibus

2043 1470 2103 1511 ac
2132 1457 2345 1527 reliquis
2372 1460 2622 1513 membris
2650 1476 2857 1516 morsus
2884 1462 3091 1533 inﬁgit,
3119 1474 3279 1533 atque
3306 1465 3358 1519 in
3391 1467 3614 1534 quodvis

2044 1550 2338 1604 membrum
2372 1551 2603 1616 incidat,
2652 1552 2778 1606 illud
2805 1553 3000 1608 damno
3039 1554 3233 1618 allicit;
3284 1572 3464 1610 verum
3493 1572 3616 1611 sen-

2044 1641 2224 1695 tentia:
2266 1657 2418 1696 mens
2461 1642 2578 1695 talis
2606 1650 2689 1695 est
2717 1660 2730 1691 :
2758 1642 2873 1696 Non
2923 1644 3094 1709 ultra,
3146 1645 3346 1714 inquit,
3395 1660 3614 1714 serpens

2043 1732 2210 1786 libere
2239 1732 2437 1785 homini
2489 1732 2852 1797 insidiabitur;
2899 1734 2991 1788 sed
3023 1736 3163 1789 intus
3204 1750 3426 1789 manens
3468 1745 3613 1790 tanto

2043 1823 2313 1877 hominum
2359 1834 2563 1877 terrore
2595 1822 2880 1889 afﬁcieris,
2921 1832 2977 1878 ut
3004 1826 3055 1879 in
3094 1825 3334 1879 cavernis
3377 1825 3609 1891 latitans,

2040 1914 2124 1968 vix
2154 1930 2217 1968 ex
2240 1913 2586 1968 foraminibus
2609 1913 2981 1968 formidolosus
3005 1915 3316 1984 respiciens,
3336 1914 3611 1971 hominum

2040 2005 2290 2058 transitus
2313 2015 2511 2057 tantum
2539 2005 2795 2059 observes
2819 2045 2835 2071 ,
2864 2016 2919 2059 ut
2944 2005 3077 2059 citra
3114 2006 3401 2074 periculum
3431 2020 3607 2059 exeas.

2039 2096 2209 2151 Homo
2228 2105 2426 2163 autem,
2460 2098 2648 2166 inquit,
2680 2098 2846 2152 libere
2875 2098 3185 2163 ambulabit,
3210 2106 3367 2166 caput
3395 2109 3539 2151 tuum
3557 2098 3608 2152 in

2038 2188 2384 2245 foraminibus
2434 2191 2741 2252 observans,
2784 2199 3049 2261 tamquam
3096 2190 3292 2245 inimici
3332 2191 3605 2257 latitantis,

2037 2296 2139 2334 non
2169 2284 2319 2337 amici
2350 2284 2526 2351 specie
2554 2283 2836 2352 loquentis.

2107 2372 2161 2427 9.
2184 2373 2286 2428 Sed
2312 2374 2431 2442 quia
2465 2384 2671 2442 tempus
2694 2382 2874 2443 urget,
2903 2373 3199 2428 orationem
3228 2373 3606 2442 compleamus.

2038 2466 2379 2537 Interrogavit
2402 2483 2519 2520 eam
2547 2483 2664 2535 qua:
2690 2466 2909 2535 decepta
2938 2467 3106 2520 fuerat
3148 2482 3163 2519 :
3206 2466 3393 2520 transit
3416 2465 3484 2519 ad
3511 2466 3605 2520 de-

2035 2566 2327 2626 ceptorem.
2374 2556 2645 2611 Sententia
2672 2571 2700 2609 a
2730 2556 2907 2610 radice
2931 2570 3053 2610 orsa
3082 2563 3163 2609 est
3186 2596 3201 2621 ,
3243 2571 3431 2625 nempe
3457 2572 3485 2608 a
3516 2571 3604 2609 se-

2036 2650 2272 2705 ductore.
2307 2650 2503 2705 Deinde
2529 2650 2592 2702 ad
2618 2650 2893 2718 deceptam
2917 2648 3062 2704 venit
3090 2658 3144 2703 et
3168 2649 3337 2702 minas
3358 2650 3602 2702 intentat.

2036 2741 2208 2795 Prima
2239 2756 2340 2794 vox
2367 2741 2430 2793 ad
2475 2749 2778 2809 serpentem
2805 2739 2944 2794 dicta
2988 2739 3122 2802 fuit,
3176 2739 3491 2792 Maledictus.
3540 2737 3605 2790 Et

2036 2832 2161 2885 dixit
2199 2831 2334 2885 Deus
2366 2831 2563 2885 mulieri
2594 2848 2612 2884 :
2648 2830 2700 2883 Μ
2709 2830 2996 2899 ultiplicans
3029 2832 3369 2899 multiplicabo
3406 2830 3604 2882 dolores

2036 2932 2147 2975 tuos
2189 2933 2233 2975 et
2269 2922 2479 2991 gemitus
2519 2930 2629 2974 tuos
2654 2919 2803 2993 (Gen.
2836 2922 2888 2976 5.
2922 2922 3033 2991 16).
3078 2920 3191 2975 Non
3220 2919 3503 2983 maledicit,
3537 2934 3604 2973 ne

2037 3015 2224 3083 pariat,
2255 3015 2375 3084 quia
2399 3014 2507 3082 jam
2532 3014 2674 3082 prius
2702 3012 3044 3068 benedixerat
3074 3030 3088 3066 :
3122 3028 3240 3065 nam
3267 3028 3385 3065 cum
3405 3011 3601 3064 forma-

2034 3108 2113 3161 vit
2139 3124 2231 3162 θος
2258 3150 2271 3171 ,
2296 3109 2366 3160 ait
2398 3126 2410 3159 :
2440 3106 2506 3159 Et
2546 3106 2795 3160 benedixit
2832 3107 2916 3159 eos
2945 3104 3078 3159 Deus
3104 3105 3290 3167 dicens,
3320 3104 3530 3158 Crescite
3555 3110 3601 3156 et

2035 3201 2471 3269 multiplicamini,
2522 3209 2567 3252 et
2607 3202 2790 3269 replete
2836 3209 3017 3253 terram
3062 3197 3211 3268 (Gen.
3248 3199 3296 3250 1.
3321 3196 3435 3265 28).
3471 3195 3602 3249 Dicit

2033 3306 2160 3345 vero
2193 3291 2384 3345 Paulus
2404 3331 2418 3353 ,
2448 3290 2571 3345 Sine
2600 3290 2889 3359 pmnitentia
2917 3297 3027 3341 sunt
3053 3287 3187 3340 dona
3207 3285 3300 3339 Dei
3321 3286 3491 3355 (Rom.
3514 3285 3599 3336 11.

2032 3382 2145 3451 29).
2176 3382 2287 3435 Non
2316 3397 2445 3451 ergo
2475 3382 2739 3436 maledicit
2757 3395 2889 3449 quos
2911 3379 3251 3434 benedixerat
3277 3395 3290 3429 :
3319 3377 3410 3431 sed
3433 3375 3599 3445 quid?

2034 3475 2361 3546 Stupeudum
2416 3474 2705 3529 remedium
2751 3473 2955 3526 vulneri
3001 3471 3246 3529 adhibet.
3297 3469 3508 3523 dolores
3548 3471 3617 3521 et'

2031 3568 2303 3636 gemitum.
2355 3565 2531 3620 Genus
2558 3565 2833 3618 sententia:
2870 3572 2987 3627 cst,
3031 3576 3147 3630 qua:
3177 3561 3461 3628 percutiat,
3506 3558 3599 3613 sed

2032 3659 2205 3712 delicti
2255 3657 2567 3710 solutionem
2614 3655 2901 3723 promittat.
2961 3651 3344 3719 Multiplicans,
3395 3649 3597 3718 inquit,

2032 3748 2371 3815 multiplicabo
2397 3748 2591 3800 dolores
2614 3757 2743 3811 tuos,
2763 3754 2807 3797 et
2832 3745 3070 3814 gemitum
3086 3752 3243 3794 tuum.
3271 3740 3596 3796 Paenitentias

2032 3842 2285 3897 remedia.
2339 3841 2585 3894 Animum
2638 3838 2846 3891 adhibe.
2901 3834 3353 3902 Quemadmodum
3408 3831 3595 3886 medici

2031 3936 2216 3990 eodem
2243 3934 2479 3988 remedLo
2504 3932 2745 3986 mordent
2771 3939 2825 3983 et
2853 3929 3087 3992 leniunt;
3140 3927 3371 3995 itemque
3400 3924 3595 3979 ferrum

2031 4027 2215 4082 eadem
2254 4025 2486 4080 sectione
2529 4025 2817 4091 eodemque
2852 4021 3036 4075 dolore
3076 4018 3294 4072 salutem
3335 4024 3592 4085 praestat:

2030 4120 2107 4172 sie
2138 4118 2274 4171 Deus
2305 4116 2538 4184 peccanti
2565 4114 2766 4168 mulieri
2797 4112 2903 4166 duo
2932 4111 3022 4165 dat
3046 4109 3367 4180 pmnitentia:
3392 4108 3594 4170 viatica,

2031 4211 2265 4265 dolorem
2295 4219 2349 4263 et
2375 4209 2645 4277 gemitum.
2697 4206 2831 4272 Quid
2876 4204 3024 4273 juvat
3063 4203 3217 4257 dolor
3260 4212 3313 4255 et
3353 4201 3596 4254 tristitia?

2031 4302 2166 4355 Audi
2198 4301 2413 4355 Paulum
2439 4299 2702 4352 dicentem
2733 4313 2746 4351 :
2774 4297 2898 4361 Qua:
2913 4294 3190 4348 secundum
3219 4292 3376 4345 Deum
3406 4302 3476 4345 est
3504 4291 3593 4341 tri-

2030 4392 2161 4445 stitia
2191 4390 2523 4459 poznitentiam
2552 4388 2604 4441 in
2626 4388 2837 4441 salutem
2861 4384 3088 4439 stabilem
3112 4393 3346 4451 operatur
3372 4382 3444 4450 (2.
3477 4380 3591 4433 Cor.

2030 4485 2083 4537 7.
2108 4486 2215 4543 10).
2244 4483 2311 4536 Et
2336 4481 2459 4552 quid
2482 4488 2730 4551 operatur
2752 4477 3022 4549 gemitus?
3042 4473 3177 4529 Audi
3205 4472 3391 4526 Isaiam
3430 4490 3441 4523 :
3470 4469 3595 4522 Cum

2029 4573 2576 4644 aversusingemueris,
2612 4580 2736 4624 tunc
2770 4567 2948 4622 salvus
2990 4571 3097 4622 eris
3145 4560 3305 4636 (Isai.
3359 4566 3444 4620 30'
3481 4565 3587 4632 15).

2034 4657 2086 4709 Μ
2095 4656 2379 4726 ulliplitans
2400 4655 2732 4723 multiplicabo
2750 4651 2973 4703 tristitias
2999 4660 3109 4700 tuas
3122 4655 3166 4696 et
3194 4645 3428 4713 gemitum
3454 4657 3595 4696 tuum

2029 4725 2261 4803 Tristitia
2287 4745 2602 4800 exteriorem
2630 4740 2830 4793 vultum
2860 4736 3121 4790 deformat
3147 4747 3211 4785 ac
3241 4730 3443 4784 tristem
3475 4725 3595 4780 red-

2030 4842 2127 4896 dit.
2174 4839 2332 4893 Corde
2366 4838 2568 4891 lwtautc
2603 4835 2748 4902 floret
2785 4831 2990 4891 vultus;
3029 4842 3141 4879 cum
3163 4840 3276 4877 vero
3311 4823 3363 4875 in
3385 4818 3596 4872 tristitiis

2030 4943 2287 4995 versatur,
2324 4938 2523 4982 mlestus
2546 4935 2615 4980 est
2641 4922 2822 4994 (Prov.
2854 4922 2936 4976 15.
2966 4919 3079 4987 51).
3126 4915 3255 4984 Quia
3300 4912 3480 4965 oculos
3509 4925 3595 4962 ar-

2031 5026 2214 5078 borem
2245 5020 2464 5081 viderat,
2494 5016 2953 5087 aequalitatemque
2978 5025 3098 5065 cum
3127 5009 3233 5061 Deo
3262 5013 3436 5059 mente
3456 5004 3598 5069 cogi-

2033 5124 2250 5174 taverat,
2278 5113 2367 5165 dat
2388 5112 2525 5165 Deus
2553 5107 2699 5162 cordi
2719 5105 2992 5175 gemitum,
3020 5100 3289 5166 vultuique
3311 5096 3595 5154 tristitiam,

2034 5219 2089 5261 ut
2111 5222 2203 5276 per
2222 5220 2282 5257 ea
2311 5219 2427 5272 qua:
2449 5207 2756 5270 peccaverat
2782 5196 3046 5265 puniatur,
3076 5201 3235 5259 utque
3260 5186 3594 5255 supplicium,

2033 5299 2141 5352 imo
2171 5296 2311 5349 salus
2341 5294 2451 5360 ipsa
2475 5332 2490 5356 ,
2534 5289 2739 5343 mulieri
2769 5284 3021 5349 suadeat,
3056 5282 3219 5335 Deum
3254 5294 3359 5332 non
3401 5278 3597 5329 irritam

2035 5388 2220 5441 fecisse
2249 5385 2475 5453 priorem
2522 5377 2964 5434 benedictionem.
3016 5371 3147 5425 Nam
3190 5385 3309 5423 cum
3358 5366 3596 5425 dixisset,

2035 5480 2241 5548 Replete
2270 5487 2472 5538 terram,
2497 5474 2591 5537 ait,
2610 5470 2675 5524 In
2693 5470 2865 5523 dolore
2884 5470 3047 5537 paries
3071 5464 3218 5531 ﬁlios.
3249 5462 3465 5516 Partum
3496 5473 3599 5509 non

2037 5570 2163 5623 tollo
2188 5586 2199 5620 :
2229 5565 2391 5622 semel
2419 5565 2557 5618 enim
2588 5560 2830 5616 benedixi
2856 5576 2869 5622 ;
2898 5557 2991 5614 sed
3030 5556 3205 5625 paries
3234 5554 3286 5606 in
3313 5551 3598 5613 laboribus,

2035 5660 2088 5713 in
2116 5654 2620 5728 perturbationibus.
2661 5650 2980 5706 Gravissima
3012 5647 3123 5699 haec
3152 5643 3381 5698 tristitia.
3434 5639 3488 5691 ld
3518 5649 3593 5691 te-

2038 5758 2203 5806 statur
2228 5748 2478 5802 Scrvator
2507 5761 2519 5798 :
2553 5742 2738 5799 Mulier
2761 5782 2785 5809 ,.
2808 5756 2921 5794 cum
2965 5738 3135 5810 parit,
3173 5732 3421 5787 tristitiam
3461 5728 3610 5781 Itubcl.
