4118 6310
532 318 638 373 495

524 438 741 507 ρεύσῃ.
780 433 1020 501 Ἐπειδὴ
1073 433 1249 489 τοῦτο
1288 433 1609 502 ἐποίησας’
1661 436 1850 506 ἐπειδὴ
1884 435 2108 506 καρδίαν

531 522 843 592 ἡπάτησας,
880 517 975 571 καί
1008 518 1109 586 τὴν
1154 518 1359 570 κοιλίαν
1390 517 1612 582 ἔπεισας
1647 519 1931 590 βρώματος
1966 519 2109 587 ἀψα-

532 607 678 665 σθαι,
720 601 845 655 Ἐπὶ
900 599 981 665 τῷ
1042 601 1252 665 στήθει
1296 602 1394 654 καὶ
1449 600 1525 668 τῇ
1566 604 1764 668 κοιλίᾳ
1815 604 2105 671 πορεύσῃ.

514 688 778 754 ’Ἐπειδὴ
818 686 994 740 τοῦτο
1047 685 1375 752 ἐποίησας’
1412 686 1595 757 ἐπειδὴ
1647 688 1872 757 καρδίαν
1897 688 2108 758 ἠπάτη-

530 791 649 835 σας,
710 772 802 825 καὶ
839 770 936 839 τὴν
988 769 1195 821 κοιλίαν
1239 768 1463 831 ἔπεισας
1513 768 1796 842 βρώματος
1846 770 2105 837 ἅψασθαι,

543 854 668 907 ,Επὶ
700 852 781 919 τῷ
810 851 1017 917 στήθει
1050 852 1146 904 καὶ
1192 849 1268 919 τῆ
1320 856 1522 917 κοιλία
1570 856 1858 921 πορεύσῃ.
1890 854 2001 923 Οὐχ
2033 854 2108 917 ὼς

507 939 657 991 ’ποσὶ
685 934 1026 1008 κεχρημένου
1055 934 1117 987 16
1145 934 1432 1005 πρότερον,
1461 936 1556 991 νῦν
1586 938 1944 1005 ἀποφαίνεται
1977 939 2109 1000 Θεὸς

528 1022 619 1076 16v
656 1022 748 1074 ἐπὶ
793 1018 895 1087 τῆς
947 1018 1155 1083 κοιλίας
1216 1019 1538 1089 περίπατον,
1586 1020 1700 1074 ἀλλ’
1738 1020 1925 1091 ἐπειδὴ
1950 1021 2107 1091 ὀρθὸς

527 1102 774 1175 έστηκὼς
798 1104 866 1172 τῇ
906 1101 1126 1169 γυναικὶ
1155 1100 1440 1169 διελέγετο.
1475 1104 1548 1155 Οὐ
1580 1103 1686 1176 γάρ
1716 1098 1783 1174 ἦν
1808 1103 1980 1165 ἄλλως
2010 1104 2107 1155 αὐ-

526 1189 618 1241 τὸν
639 1188 738 1256 τὴν
782 1187 922 1256 πρὸς
972 1185 1071 1255 τὴν
1116 1183 1259 1238 Εὕαν
1290 1186 1561 1239 ποιεῖσθαι
1593 1187 1845 1254 διάλεξιν.
1877 1187 2018 1241 Αὐτὸ
2046 1187 2107 1241 τὸ

525 1272 625 1343 τῆς
657 1268 939 1332 διαλέξεως
988 1268 1191 1338 σχῆμα,
1249 1268 1367 1339 μεθ’
1420 1262 1480 1322 οὗ
1532 1269 1675 1323 Εὐαν
1707 1270 1978 1342 ἠπάτησε,
2028 1270 2106 1341 τῷ

527 1356 667 1410 κατά
705 1353 768 1426 [ί.
810 1351 927 1424 ἐπὶ]
959 1351 1035 1421 τῷ
1078 1351 1260 1423 στήθει
1290 1354 1574 1423 περιπάτῳ
1618 1353 1854 1419 κολάζει,
1884 1356 2105 1426 καὶτῆς

525 1437 970 1507 ἁνατεταγμένης
997 1435 1247 1488 ἐκϐάλλει
1273 1435 1554 1502 βαδίσεως.
1586 1437 1649 1490 Et
1676 1438 1786 1510 γὰρ
1814 1442 1907 1492 καὶ
1930 1441 2104 1504 ἄπους

524 1522 585 1588 ἐξ
611 1521 786 1593 ἀρχῆς
814 1518 1195 1584 διεπέπλαστο,
1239 1519 1375 1573 ἀλλά
1416 1519 1638 1585 κύκλοις
1684 1522 1899 1592 γοργῶν
1940 1540 2103 1576 τινων

524 1606 768 1660 κάτωθεν
833 1602 1071 1672 ἑλιγμῶν
1131 1601 1549 1674 ἀνορθούμενος,
1614 1606 1932 1673 τεταμένοις
1991 1607 2103 1668 τοῖς

524 1689 777 1759 στήθεσιν
806 1687 1026 1739 ἵππευε.
1054 1685 1145 1738 Διὸ
1168 1687 1265 1739 καὶ
1291 1685 1386 1739 νῦν
1412 1688 1439 1739 6
1472 1686 1593 1755 ὄφις
1614 1687 1872 1751 πολλάκις
1900 1687 2103 1758 θυμού·

526 1790 684 1844 μενος
715 1771 998 1840 ἀνίστησιν
1046 1770 1258 1833 ἐαυτὸν,
1307 1771 1402 1824 καὶ
1453 1771 1723 1835 κυκλικῶς
1758 1772 2102 1842 ἑλισσόμενος

521 1856 705 1929 τρέχει
728 1871 743 1886 θ
786 1853 996 1924 προϐὰς
1022 1853 1080 1906 δέ
1116 1853 1239 1906 ὅσον
1266 1853 1434 1917 δεῖξαι
1458 1854 1551 1906 τοῦ
1586 1854 1818 1907 παλαιοῦ
1849 1854 2102 1925 βαδίσμα-

520 1956 611 2002 τος
638 1938 738 2010 τὴν
768 1937 1009 2008 μνήμην,
1040 1935 1202 1991 πάλιν
1233 1935 1312 2007 τῷ
1335 1936 1436 2007 τῆς
1472 1938 1797 2006 ἀποφάσεως
1824 1939 2099 1992 καταϐάλ-

521 2022 674 2075 λεται
702 2020 870 2091 νόμῳ.
894 2019 1005 2073 Καὶ
1042 2018 1159 2088 γῆν
1191 2017 1353 2088 sea-ﬂ}
1382 2019 1586 2085 πάσας
1609 2021 1715 2087 τὰς
1739 2021 1963 2090 ἡμέρας
1991 2021 2101 2088 τῆς

521 2103 671 2173 ζωῆς
700 2119 836 2157 σου.
864 2102 1121 2169 Ἔχθραν
1138 2102 1306 2171 θήσω
1341 2102 1458 2157 ἀνὰ
1480 2102 1675 2171 μέσον
1714 2103 1829 2157 σοῦ
1859 2106 1956 2157 καὶ
1989 2103 2100 2173 τῆς

522 2189 827 2257 γυναικός.
858 2185 923 2239 Τί
967 2187 1082 2238 ἐστι
1111 2185 1193 2250 16,
1229 2184 1361 2254 Γῆν
1388 2185 1590 2256 φαγῆ;
1623 2189 1687 2240 Ὃ
1732 2188 2100 2260 προεξένησας

520 2270 774 2339 γενέσθαι
801 2267 880 2338 τῷ
914 2267 1106 2339 Ἀδὰμ,
1155 2268 1314 2321 τοῦτο
1348 2269 1514 2323 ἔσθιε.
1564 2269 1764 2323 Μέλλει
1797 2271 1904 2342 γάρ
1945 2264 2100 2335 οὗτος

525 2353 776 2407 ἀκούειν·
823 2349 913 2420 Γῆ
962 2347 1033 2416 εἷ,
1070 2352 1165 2405 καί
1199 2354 1287 2418 είς
1330 2351 1449 2421 γῆν
1474 2354 1809 2422 ἀπελεύσῃ.
1844 2356 2101 2424 Ἕχθραν

517 2437 687 2507 θήσω
721 2436 837 2491 ἀνὰ
868 2435 1062 2504 μέσον
1097 2434 1213 2488 σοῦ
1240 2436 1338 2489 καὶ
1369 2433 1482 2503 τῆς
1504 2438 1807 2503 γυναικός.
1846 2438 1997 2491 Ἐπεὶ
2023 2439 2099 2502 ὡς

520 2513 673 2590 φίλον
698 2519 1003 2589 ὴπάτησας,
1030 2516 1106 2580 ὼς
1133 2517 1326 2588 ἐχθρὸς
1351 2518 1607 2590 ἐκϐάλλῃ.
1626 2520 1859 2583 Ἐκεῖνος
1887 2523 1914 2575 6
1943 2521 2099 2590 λόγος

520 2604 684 2675 νόμος
718 2602 953 2670 ἐγένετο.
1000 2601 1245 2673 Πρόσεχε
1288 2599 1497 2654 τοίνυνσ
1532 2602 1665 2671 Γῆν
1694 2604 1857 2673 φαγῇ
1895 2604 2099 2672 πάσας

518 2690 627 2753 τὰς
670 2686 897 2756 ἡμέρας
942 2683 1052 2752 τῆς
1084 2684 1231 2753 ζωῆς
1284 2699 1423 2740 σου.
1450 2686 1625 2759 Ὅρα⁹
1676 2688 1737 2740 οὐ
1773 2689 1932 2742 τοῦτο
1972 2689 2099 2759 περὶ

518 2773 611 2826 τοῦ
635 2772 812 2841 ὄφεως
832 2770 998 2839 λέγει,
1030 2770 1112 2822 ὅτι
1145 2769 1339 2821 Ἔσται
1367 2786 1449 2821 σοι
1476 2771 1643 2824 σιτίον
1668 2771 1791 2842 ήγῆ
1815 2791 1827 2803 ·
1853 2773 1970 2825 οὐδὲ
1991 2774 2098 2840 γάρ

518 2856 605 2909 ἀεὶ
632 2858 744 2919 τοῖς
789 2854 945 2924 ὄφεσι
990 2853 1051 2906 16
1091 2852 1405 2923 ἐσθιόμενον
1442 2856 1536 2924 γῆ,
1581 2855 1716 2909 ἀλλά
1760 2857 1853 2909 καὶ
1904 2857 2096 2927 κρέασι

517 2938 828 3010 τρέφονται,
865 2939 959 2990 καὶ
986 2939 1217 3009 καρποῖς
1247 2937 1602 3006 εὐωχοῦνται,
1635 2939 1728 2992 καὶ
1769 2941 2098 3010 σπερμάτων

521 3021 870 3089 ἐφάπτονται,
920 3021 1013 3073 καὶ
1061 3020 1290 3089 βοτάνας
1345 3020 1605 3091 θηρῶσιν.
1660 3022 1819 3075 Ἀλλά
1867 3023 1954 3076 διὰ
2004 3025 2095 3077 τοῦ

521 3105 715 3179 εἰπεῖν,
749 3104 883 3172 Γῆν
910 3102 1092 3174 scan},
1110 3103 1268 3156 τοῦτο
1292 3104 1438 3173 λέγει
1462 3121 1477 3136 ο
1497 3107 1909 3180 Δαπανήσει[ς],
1940 3110 2091 3178 φησὶ,

520 3170 619 3259 τὴν
652 3189 775 3259 γῆν,
802 3170 888 3243 ἐπ’
1114 3170 1512 3261 ἐντριϐόμενος.

617 3338 762 3393 Αλλά
803 3338 1021 3407 λέγουσι
1061 3356 1203 3403 τινες
1225 3356 1238 3370 ο
1277 3340 1337 3392 Et
1363 3341 1391 3392 6
1433 3339 1678 3404 διάϐολος
1710 3341 1975 3413 ὴπάτησε,
2008 3344 2097 3398 διὰ

517 3422 570 3475 τί
595 3425 624 3477 6
648 3422 770 3491 ὄφις
793 3424 892 3494 τὴν
923 3422 1167 3493 κατάραν
1194 3421 1447 3489 ἐδέξατος
1483 3423 1587 3477 Τὸν
1611 3424 1841 3495 ἀόρατον
1868 3427 2098 3497 δαίμονα

518 3506 737 3579 ἀοράτῳ
776 3506 1026 3576 μαστίζει
1058 3506 1261 3578 πληγῇο
1292 3507 1353 3560 16
1379 3507 1655 3579 ὁρώμενον
1686 3510 1916 3580 ὄργανον
1953 3513 2095 3582 ὁρω-

522 3592 656 3663 μένῃ
710 3590 1001 3644 ὑποϐάλλει
1046 3591 1305 3662 τιμωρίᾳ.
1339 3592 1437 3645 Διά
1482 3593 1567 3659 τί;
1606 3593 1816 3665 Ὠσπερ
1866 3596 2096 3666 ἀόρατος

517 3673 593 3726 ὣν
618 3676 651 3727 6
683 3673 837 3736 Θεὸς,
874 3672 1073 3726 ἔδωκεν
1099 3672 1376 3745 ὁρώμενον
1419 3676 1719 3747 ὑπόμνημα
1746 3677 1807 3730 16
1844 3677 2059 3750 δένδρον
2078 3697 2091 3712 ·

518 3756 690 3820 οὕτως
728 3757 957 3829 ἀόρατος
1008 3756 1083 3810 ὢν
1110 3759 1138 3811 6
1182 3756 1444 3823 διάϐολος,
1496 3758 1804 3831 ἀνθρώποις
1838 3761 1982 3831 λέγει
2011 3763 2097 3817 διά

519 3842 612 3895 τοῦ
633 3841 826 3908 ὄφεως.
845 3841 1166 3895 ’Υποϐάλλει
1196 3843 1375 3895 τοίνυν
1395 3845 1423 3897 6
1444 3843 1574 3907 Θεὸς
1599 3844 1688 3897 τὸν
1714 3844 1835 3914 ὄφιν
1860 3849 2093 3919 κατάρᾳ,

521 3927 609 3979 ῖνς.
633 3925 739 3979 κᾶν
766 3924 857 3977 τὸν
897 3925 1140 3979 διάϐολόν
1170 3938 1196 3967 ι
1219 3927 1302 3989 τίς
1335 3944 1388 3979 τι
1433 3926 1621 3991 ἔπαθε,
1659 3928 1746 3982 16v
1781 3927 1931 4002 [507]
1974 3932 2096 4001 ὄφιν

519 4010 605 4063 ἀεὶ
663 4008 872 4079 βλέπων
920 4010 1214 4080 συρόμενον
1259 4009 1352 4063 τόν
1385 4027 1514 4062 ποτε
1563 4011 1974 4083 διανεστηκότα,
2017 4019 2097 4078 εἰς

519 4092 826 4163 ὑπόμνησιν
853 4092 1015 4163 λάϐῃ,
1054 4094 1134 4145 ὅτι
1161 4094 1208 4145 εί
1241 4094 1269 4145 6
1296 4093 1568 4164 ὑπουργὸς
1593 4096 1691 4166 τῆς
1725 4098 1922 4161 κακίας
1953 4098 2096 4152 οὕτω

519 4176 827 4241 κολάζεται,
854 4179 881 4230 6
909 4176 1206 4246 αὐτουργὸς
1231 4176 1428 4241 πόσον;
1470 4178 1709 4248 Πρόσεχε
1740 4182 1938 4236 τοίνυν.
1969 4183 2098 4235 Τού-

518 4276 614 4314 του
644 4259 847 4329 ἀδελφά
878 4258 1150 4330 εὑρίσκεις
1196 4261 1254 4312 ἐν
1280 4258 1360 4329 τῷ
1388 4258 1718 4332 Εὐαγγελίῳ.
1741 4264 1951 4336 Ὥσπερ
1987 4267 2096 4339 γὰρ

519 4346 579 4395 ἐν
608 4342 686 4413 τῷ
723 4342 984 4413 ὁρωμένῳ
1028 4342 1148 4411 ὄφει
1198 4342 1289 4395 τὸν
1325 4342 1587 4398 λαλοῦντα
1624 4346 1913 4419 κατέκρινε
1959 4351 2096 4419 μετά

518 4425 619 4480 τοῦ
644 4426 945 4497 ὁρωμένου,
966 4423 1107 4478 οὕτω
1133 4425 1228 4479 καὶ
1252 4428 1311 4478 ἐν
1330 4426 1410 4497 τῷ
1432 4428 1765 4500 Εὐαγγελίῳ,
1790 4432 1879 4485 ὅτε
1908 4435 1956 4486 οί
1984 4435 2097 4487 δαί-

525 4526 683 4578 μονες
733 4508 915 4577 ἠξίουν
961 4510 1053 4563 τὸν
1102 4509 1333 4581 Χριστὸν
1387 4510 1461 4583 μὴ
1517 4514 1829 4584 πεμφθῆναι
1874 4518 1953 4581 είς
1996 4518 2096 4588 τὴν

522 4594 777 4655 ἄϐυσσον,
828 4593 1046 4662 ελεγον·
1078 4595 1427 4663 Ἐπίτρεψον
1473 4596 1619 4664 ἡμῖν
1664 4600 1961 4653 εἰσελθεῖν
2008 4605 2097 4669 εὶς

523 4677 665 4744 τοὺς
698 4676 969 4745 χαίρους’
1014 4677 1311 4748 ἐπέτρεψεν
1347 4679 1629 4745 εἰσελθεῖν,
1664 4681 1750 4734 ἵνα
1774 4684 1899 4746 τοὺς
1925 4684 2096 4756 ἀορά-

523 4777 647 4822 τους
676 4761 775 4813 σὺν
805 4761 915 4823 τοῖς
951 4760 1247 4830 ὁρωμένοις
1281 4761 1494 4832 σώμασι
1541 4767 1928 4841 καταποντίσῃ.
1964 4769 2097 4839 Γῆν

524 4841 707 4920 pani.
734 4844 999 4911 Ἕχθραν
1028 4841 1193 4910 θήσω
1220 4845 1336 4900 ἀνὰ
1356 4844 1551 4914 μέσον
1576 4848 1692 4902 σοῦ
1725 4849 1819 4902 καί
1854 4850 1964 4919 τῆς
1988 4870 2094 4920 γυ-

523 4914 748 4993 ναικός.
781 4927 890 4997 Τὴν
917 4927 1098 4996 φιλίαν
1123 4928 1203 4990 εἰς
1237 4927 1435 5000 ἔχθραν
1467 4931 1784 5003 μετέστησε,
1812 4914 2096 5007 καὶίνόμος

524 5009 740 5076 ἐγένετο
772 5012 800 5063 6
827 5010 1002 5078 λόγος.
1051 5011 1161 5064 Καὶ
1190 5010 1259 5063 τὰ
1287 5013 1384 5080 μὲν
1413 5012 1549 5066 ἄλλα
1579 5012 1742 5085 θηρία
1778 5017 2096 5074 σπεύδουσιν

522 5093 569 5144 οἱ
602 5093 875 5163 ἄνθρωποι
903 5092 1218 5164 ήμερῶσαν
1255 5093 1379 5162 ὄφιν
1409 5095 1465 5147 δὲ
1504 5095 1598 5149 ἐάν
1627 5115 1709 5161 τις
1747 5099 1851 5171 ίδῃ,
1896 5103 2096 5170 σφαδά-

523 5173 625 5238 ζει.
663 5175 828 5228 Μένει
863 5175 968 5245 γάρ
1001 5178 1030 5229 6
1059 5177 1216 5246 ὅρος·
1246 5177 1510 5245 ’Ἑχθραν
1551 5179 1715 5244 θήσω
1760 5182 1875 5236 ἀνὰ
1904 5184 2099 5253 μέσον

521 5257 658 5310 σοῦ.
710 5258 827 5311 Κᾶν
856 5259 916 5310 ἐν
942 5258 1088 5329 οἰκίᾳ
1134 5258 1239 5329 ἴδῃ,
1268 5260 1526 5327 φονεῦσαι
1555 5262 1696 5316 θέλει
1720 5282 1733 5295 ο
1779 5266 1881 5319 κᾶν
1910 5271 1969 5321 ἐν
1995 5268 2098 5339 ὁδῷ

525 5339 628 5411 ἴδῃ,
660 5342 909 5410 μαίνεται
938 5340 1212 5410 φονεῐὲσαι.
1248 5342 1453 5397 Νύσσει
1477 5345 1586 5417 γὰρ
1621 5348 1781 5402 αὐτὸν
1804 5351 1832 5401 ὀ
1873 5352 2098 5422 ἀρχαῖος

521 5427 695 5495 λόγος.
734 5430 949 5499 Μυρίας
989 5429 1084 5481 ἐὰν
1115 5429 1189 5499 δῷ
1233 5430 1446 5500 πληγὰς
1472 5434 1551 5504 τῷ
1591 5434 1732 5503 ὄφει,
1765 5438 1858 5491 ἐάν
1887 5438 1970 5512 ἴδῃ
2002 5441 2099 5513 τὴν

522 5514 759 5587 κεφαλὴν
788 5518 862 5585 μὴ
898 5516 1216 5599 τρωθεῖσαν,
1246 5519 1444 5580 εὐθέως
1473 5527 1848 5594 παρεγγυᾶται
1883 5528 1961 5599 τῷ
2001 5530 2068 5597 ἐφ

522 5597 736 5651 εστῶτι·
778 5599 888 5669 Τήν
927 5598 1163 5669 κεφαλὴν
1198 5601 1297 5654 οὐκ
1326 5601 1561 5677 ἐπληξας
1598 5608 1694 5662 τοῦ
1722 5597 1938 5679 ὄφεως,
1960 5613 2100 5668 κατὰ

586 5765 615 5797 ⁸
643 5767 772 5818 Fort.
800 5769 878 5818 διὰ
898 5769 978 5818 τὸν
997 5771 1039 5819 δ.

1635 314 1719 369 DE
1753 313 1967 371 MUNDI
1999 314 2393 372 CREATIONE
2431 321 2688 381 ORATIO
2720 325 2806 381 VI.

3684 334 3788 389 ιςισ

2212 438 2314 509 τῆς
2345 439 2588 511 κεφαλῆς
2631 442 2896 513 κροῦσον·
2934 446 3121 520 ἐπειδὴ
3162 449 3189 502 6
3229 448 3362 513 Θεὸς
3390 443 3567 515 εἶπεν,
3595 454 3788 520 Αὐτός

2210 536 2327 574 σου
2368 522 2615 591 τηρήσει
2658 527 2955 595 κεφαλὴν,
3001 530 3099 582 καί
3144 530 3225 585 σὺ
3284 531 3568 601 τηρήσεις
3600 539 3788 592 αὐτοῦ

2209 602 2489 671 πτέρναν.
2536 606 2599 658 Τί
2643 608 2700 661 δὲ
2738 609 2894 662 τοῦτό
2926 614 3101 679 ἐστιν;
3132 615 3206 667 Οὐ
3233 614 3400 682 λέγει,
3443 616 3525 668 ὅτι
3569 618 3788 690 Ποιήσω

2207 686 2301 738 τὸν
2351 688 2633 759 ἄνθρωπον
2685 693 2826 745 κατὰ
2872 693 2981 748 τῶν
3023 696 3199 751 ἄλλων
3243 697 3337 750 τοῦ
3389 697 3638 769 σώματός
3692 686 3786 756 σου

2212 770 2389 841 μελῶν
2424 773 2498 843 μή
2555 777 2930 848 καταχρῆσθαι
2976 779 3179 851 πληγῇ,
3229 782 3396 853 μόνην
3439 784 3495 837 δὲ
3540 784 3787 851 κολάζειν

2208 853 2305 924 τὴν
2352 856 2616 927 κεφαλήν.
2667 858 2943 930 Κέχρηται
2976 863 3084 933 γὰρ
3129 868 3156 917 6
3201 866 3487 935 ἄνθρωπος
3531 870 3623 922 καὶ
3668 873 3786 933 ταῖς

2208 937 2351 989 κατά
2379 938 2597 993 πάντων
2628 941 2737 994 τῶν
2769 944 2947 1014 μελῶν
2986 948 3077 999 ἐπὶ
3119 949 3207 1001 τὸν
3253 950 3372 1017 ὄφιν
3405 951 3661 1021 πληγαῖς,
3709 953 3785 1016 ὡς

2207 1019 2428 1106 ὅθενηάν
2464 1023 2660 1096 πλήξῃ,
2686 1026 2747 1078 16
2788 1029 2897 1080 πᾶν
2934 1031 3360 1103 τιμωρούμενος.
3400 1019 3510 1087 Καί
3548 1035 3609 1088 16
3648 1035 3783 1106 πρὸς

2205 1104 2296 1155 τὸν
2329 1105 2451 1174 ὄφιν
2474 1106 2531 1159 δὲ
2562 1111 2710 1179 παρὰ
2732 1111 2824 1163 τοῦ
2853 1114 3123 1167 Δεσπότου
3156 1116 3336 1187 ῥηθὲν,
3369 1118 3450 1171 ὅτι
3480 1117 3564 1173 Σὺ
3597 1104 3784 1173 αὐτοῦ

2206 1190 2492 1257 τηρήσεις
2523 1194 2805 1262 πτέρναν,
2844 1199 2904 1249 οὐ
2933 1199 3092 1253 τοῦτο
3135 1204 3392 1272 κηρύττει
3424 1206 3485 1257 16
3516 1207 3657 1258 κατὰ
3683 1205 3784 1275 τῆς

2209 1277 2446 1364 πτέρνης
2470 1279 2712 1335 δεδόσθαι
2751 1288 2863 1348 τοῖς
2901 1286 3086 1356 ὄφεσιν
3115 1288 3327 1357 ἔφοδονο
3357 1291 3647 1363 ἐπέρχεται
3674 1294 3783 1364 γάρ

2206 1359 2319 1412 ἐσθ’
2368 1364 2457 1415 ὅτε
2505 1364 2599 1416 καὶ
2637 1366 3008 1434 καθεύδουσιν,
3069 1359 3783 1448 ἐπιλαμϐάνεται-’γαστρὸς

2205 1444 2484 1528 πολλάκις,
2515 1448 2719 1519 ἐνίησιν
2752 1451 2848 1517 ίὸν,
2900 1454 2993 1507 καὶ
3039 1457 3195 1526 χερσὶ
3242 1461 3506 1528 προσάγει
3535 1444 3630 1513 καὶ
3668 1444 3783 1524 τοῖς

2203 1527 2409 1593 λοιποῖς
2441 1531 2625 1600 μέλεσι
2659 1534 2944 1605 δήγματα·
2996 1540 3091 1590 καὶ
3133 1541 3267 1605 ὅλως
3293 1527 3445 1597 οὐδὲν
3470 1544 3648 1597 αὐτῶν
3673 1544 3782 1597 τῶν

2204 1612 2561 1685 ἀνθρωπίνων
2609 1617 2787 1687 μελῶν
2834 1621 3072 1690 ἐμπεσὸν
3118 1624 3415 1695 ἀχείρωτον
3449 1626 3631 1698 μένειο
3666 1628 3781 1681 ἀλλ’

2203 1698 2234 1766 ὴ
2267 1698 2367 1768 τῆς
2396 1700 2722 1768 ἀποφάσεως
2774 1704 2977 1758 διάνοια
3028 1707 3248 1779 τοιαύτη
3273 1727 3284 1737 ·
3327 1711 3439 1764 Οὐκ
3489 1710 3589 1773 ἔτι,
3626 1712 3778 1781 φησὶ,

2203 1781 2341 1850 πρὸς
2397 1782 2688 1855 ἐπιϐουλὴν
2735 1786 3024 1857 ἀνθρώπου
3073 1792 3101 1841 6
3152 1790 3275 1861 ὄφις
3321 1794 3778 1865 παῤῥησιάσεται,

2202 1864 2317 1918 ἀλλ’
2348 1866 2478 1919 εῐσω
2513 1866 2710 1937 μένων,
2745 1872 3000 1925 τοσοῦτον
3028 1872 3170 1937 ἕξεις
3211 1875 3318 1928 τῶν
3356 1864 3657 1949 ἀνθρώπων
3688 1876 3781 1929 τὸν

2202 1948 2389 2018 φόϐον,
2440 1949 2581 2003 ὥστε
2627 1952 2853 2020 φωλεοῖς
2899 1956 3366 2031 ἐγκατακρύπτειν
3417 1948 3629 2025 σαυτὸν,
3687 1960 3782 2014 καὶ

2204 2031 2356 2102 μόλις
2384 2032 2444 2097 ἐξ
2472 2033 2621 2087 ὀπῶν
2656 2036 2793 2106 μετὰ
2832 2038 2999 2106 φόϐου
3031 2040 3382 2111 προκύπτειν,
3408 2042 3508 2107 τὰς
3537 2044 3645 2097 τῶν
3684 2045 3781 2097 ἀν·-

2202 2115 2434 2187 θρώπων
2483 2119 2752 2188 παρόδους
2801 2121 2962 2191 μόνον
3000 2123 3272 2195 τηροῦντα
3314 2127 3451 2196 πρὸς
3502 2126 3781 2181 ἀκίνδυνον

2202 2199 2445 2270 πρόοδον.
2480 2201 2538 2254 '0
2564 2202 2620 2254 δέ
2652 2202 2956 2273 ἄνθρωπος,
2991 2209 3175 2278 φησὶν,
3204 2210 3262 2261 ἐν
3291 2210 3445 2281 ἀδείᾳ
3473 2212 3781 2280 περιπατή-

2202 2300 2304 2345 σει,
2332 2285 2431 2353 τῆς
2461 2284 2658 2337 σαυτοῦ
2690 2287 2933 2356 κεφαλῆς
2968 2290 3024 2340 ἐν
3056 2291 3281 2360 φωλεοῖς
3311 2294 3671 2365 τηρουμένης,
3705 2295 3781 2357 ὡς

2200 2365 2393 2436 ἐχθροῦ
2448 2369 2849 2439 κρυπτομένου,
2889 2373 2948 2424 οὐ
2999 2374 3377 2447 φθεγγομένης
3419 2377 3554 2447 πρὸς
3593 2379 3777 2443 αὐτὴν,

2200 2448 2275 2512 ὼς
2312 2450 2446 2520 πρὸς
2481 2452 2655 2521 φίλον.

2270 2531 2335 2585 θ’.
2369 2534 2507 2618 ’.ἀλλ’
2528 2535 2715 2607 ἐπειδὴ
2744 2538 2771 2589 6
2801 2539 2991 2611 καιρὸς
3015 2541 3246 2611 ἐπείγει,
3275 2544 3651 2618 πληρώσωμεν
3685 2561 3780 2601 και

2198 2616 2357 2686 ἡμεῖς
2385 2617 2474 2671 τὸν
2509 2618 2684 2689 λόγον.
2726 2623 3003 2694 Ἦρώτησε
3034 2626 3132 2697 τὴν
3173 2616 3564 2699 ἀπατηθεῖσαν,
3613 2650 3777 2701 μετα-

2200 2698 2372 2752 ϐαίνει
2405 2702 2497 2754 ἐπὶ
2524 2704 2613 2755 τὸν
2654 2705 3027 2776 ἀπατήσαντα.
3060 2712 3124 2762 Ἡ
3158 2698 3427 2780 ἀπόφασις
3457 2698 3640 2768 λοιπὸν
3670 2716 3777 2769 ἀπὸ

2198 2784 2296 2852 τῆς
2325 2783 2481 2852 ῥίζης
2514 2786 2715 2856 ἤρξατο
2742 2791 2834 2843 τοῦ
2871 2793 3274 2863 ἀπατήσαντος.
3325 2793 3456 2849 Εἶτα
3490 2793 3652 2868 ἦλθεν
3684 2801 3778 2853 ἐπὶ

2196 2864 2294 2935 τὴν
2325 2867 2718 2937 ἀπατηθεῖσαν,
2752 2874 2845 2926 καὶ
2870 2877 3097 2931 ἀπειλεῖ.
3141 2879 3204 2931 Ἢ
3231 2878 3419 2951 πρώτη
3454 2864 3603 2952 φωνὴ
3642 2884 3779 2953 πρὸς

2197 2948 2287 3001 τὸν
2312 2949 2455 3018 ὄφιν,
2495 2954 2978 3024 Ἐπικατάρατος.
3005 2961 3116 3014 Καὶ
3148 2948 3318 3015 εἶπεν
3343 2967 3375 3017 ό
3406 2948 3549 3031 Θεὸς
3578 2948 3653 3033 τῇ
3676 2948 3781 3036 θυι

2196 3034 2385 3085 ναικί·
2425 3038 2756 3102 Πληθύνων
2793 3042 3083 3110 πληθυνῶ
3128 3045 3233 3112 τὰς
3271 3048 3471 3115 λύπας
3517 3066 3633 3104 σου
3677 3034 3778 3104 καὶ

2197 3115 2339 3181 τοὺς
2389 3124 2762 3190 στεναγμούς
2832 3141 2969 3180 σου.
3034 3129 3108 3180 Οὐ
3178 3133 3503 3202 καταρᾶται,
3561 3133 3648 3187 ἵνα
3700 3136 3776 3207 μὴ

2199 3198 2381 3271 τίκτῃ,
2419 3202 2606 3288 ἐπειδὴ
2640 3206 2961 3275 προφθάσας
2999 3210 3291 3281 εὐλόγησεν
3313 3198 3332 3242 ί
3355 3215 3443 3267 ὅτε
3471 3216 3578 3288 γὰρ
3608 3198 3776 3273 ἕπλαί

2199 3299 2290 3335 σεν
2333 3285 2550 3349 αὐτοὺς,
2578 3287 2761 3356 λέγει’
2806 3292 2914 3345 Καὶ
2949 3296 3291 3363 εὐλόγησεν
3317 3285 3601 3366 αὐτοὺςνό
3633 3302 3778 3370 Θεὸς

2196 3368 2428 3453 λέγωνξ
2448 3370 2794 3434 Αὺξάνεσθε
2827 3375 2923 3428 καὶ
2953 3380 3356 3445 πληθύνεσθε,
3400 3384 3497 3437 καὶ
3537 3368 3776 3453 πληρώζ

2197 3465 2344 3504 σατε
2372 3450 2488 3520 τὴν
2524 3453 2661 3523 γῆν.
2692 3457 2853 3524 Λέγει
2891 3458 2947 3511 δὲ
2981 3459 3211 3525 Παῦλος,
3246 3450 3683 3535 Ἀμεταμέλητα
3704 3470 3777 3522 τὰ

2197 3535 2537 3604 χαρίσματα
2575 3538 2682 3592 τοῦ
2724 3540 2891 3594 Θεοῦ.
2920 3543 2992 3595 Οὐ
3040 3548 3345 3614 καταρᾶται
3378 3544 3471 3601 οὖν
3510 3550 3603 3614 οὓς
3635 3552 3778 3606 εὐλό-

2197 3634 2366 3687 γησεν
2386 3638 2400 3652 ο
2438 3620 2688 3707 ἀλλὰᾼτί;
2720 3624 2881 3677 Ξένον
2908 3627 3195 3697 φάρμακον
3228 3629 3377 3703 [508]
3408 3635 3668 3704 προσάγει
3699 3636 3777 3707 τῷ

2195 3704 2492 3773 τραύματι,
2524 3705 2701 3771 λύπας
2730 3712 2823 3762 καὶ
2863 3713 3185 3782 στεναγμόν.
3232 3716 3425 3785 Σχῆμά
3464 3720 3610 3773 ἐστιν
3638 3704 3775 3773 ἀπολ-

2197 3786 2414 3856 φάσεως
2446 3788 2806 3860 πληττούσης,
2838 3791 2992 3846 λύσιν
3016 3794 3073 3846 δὲ
3102 3796 3195 3848 τοῦ
3225 3800 3565 3869 πταίσματος
3606 3805 3777 3873 ἐπαγεε

2196 3870 2545 3957 γελλόμενον.
2567 3874 2921 3942 Πληθύνων,
2951 3879 3105 3948 φησὶ,
3131 3883 3419 3947 πληθυνῶ
3445 3887 3553 3950 τὰς
3575 3870 3777 3957 λύπας

2196 3969 2313 4006 σου
2353 3954 2450 4007 καί
2489 3955 2596 4039 τόν
2623 3960 2962 4027 στεναγμόν
2993 3975 3131 4015 σου.
3162 3965 3432 4034 Φάρμακα
3465 3954 3774 4039 μετανοίας.

2197 4037 2436 4107 Πρόσεχε
2464 4054 2475 4067 ·
2517 4037 2705 4110 ὥσπερ
2748 4043 2798 4127 οᾼί
2847 4044 3018 4127 ίατροὶ
3078 4047 3135 4098 ἐν
3178 4046 3256 4117 τῷ
3305 4037 3777 4127 αὐτῷ-φαρμάκῳ

2197 4120 2291 4171 καὶ
2324 4120 2583 4187 στύφουσι
2624 4124 2718 4175 καὶ
2764 4123 3145 4195 θεραπεύουσι,
3176 4132 3208 4200 ἡ
3254 4131 3391 4202 αὐτὴ
3424 4120 3687 4207 τομὴψκαὶ
3715 4120 3777 4193 16

2197 4201 2330 4285 αὐτὸ
2373 4203 2612 4275 σιδήριον
2643 4208 2736 4290 καὶ
2764 4210 2797 4278 ἡ
2832 4209 2969 4281 αὐτὴ
2997 4210 3155 4283 ὀδύνη
3190 4215 3328 4283 μετά
3353 4201 3452 4286 τῆς
3475 4201 3646 4290 τομῆς
3677 4240 3777 4277 σω⁶

2196 4275 2389 4373 τηρίαν
2428 4290 2618 4359 γεννᾷ’
2650 4275 2822 4353 οὓτως
2846 4295 2873 4344 6
2904 4275 3032 4358 Θεὸς
3056 4275 3234 4349 δίδωσι
3274 4298 3366 4351 δύο
3604 4275 3775 4373 ἐἱετά-

2198 4367 2346 4432 νοίας
2374 4372 2440 4441 τῇ
2468 4372 2853 4445 ἀμαρτησάσῃ,
2873 4374 3049 4447 λύπην
3074 4380 3165 4431 καὶ
3191 4367 3514 4453 στεναγμόν.
3543 4367 3776 4458 Τι’ὡφε-

2198 4452 2281 4504 λεὶ·
2311 4452 2485 4523 λύπη;
2525 4457 2729 4541 ’Ἄκουε
2771 4458 2981 4512 Παύλου
3030 4460 3307 4530 λέγοντος*
3352 4452 3421 4521 Ἦ
3471 4468 3578 4541 γὰρ
3624 4452 3775 4528 κατὰ

2206 4535 2354 4588 Θεὸν
2384 4538 2549 4605 λύπη
2583 4539 2907 4606 μετάνοιαν
2950 4547 3037 4608 εις
3075 4548 3378 4615 σωτηρίαν
3406 4535 3774 4624 ἀμεταμέληα

2201 4633 2308 4671 τον
2355 4621 2778 4689 κατεργάζεται.
2832 4626 2940 4678 Καὶ
2990 4627 3041 4679 τί
3094 4630 3382 4699 ἐργάζεται
3435 4621 3771 4707 στεναγμός;

2202 4700 2397 4754 Ἀκουε
2445 4702 2694 4757 Ἡσαΐου·
2763 4707 2938 4761 Ὅταν
2986 4710 3393 4783 ἀποστραφείς
3450 4700 3770 4789 στενάξῃς,

2197 4786 2330 4840 τότε
2369 4787 2644 4871 σωθήσῃ.
2693 4791 3023 4859 Πληθύνων
3066 4796 3355 4864 πληθυνῶ
3410 4800 3516 4868 τὰς
3574 4786 3772 4871 λύπας

2198 4883 2315 4957 σρυ
2472 4872 2580 4925 τὸν
2612 4875 2951 4944 στεναγμόν
2995 4893 3131 4932 σου.
3182 4881 3245 4932 Ἠ
3274 4881 3415 4955 λύπη
3448 4885 3687 4957 άμορφοῖ
3713 4869 3775 4940 16

2203 4950 2308 5017 ἔξω
2332 4953 2629 5035 πρόσωπον
2668 4959 2761 5009 καὶ
2794 4960 3019 5027 στυγνὸν
3052 4965 3213 5018 ποιεῖ.
3252 4950 3507 5033 Καρδίας

2198 5034 2458 5102 νομένης
2486 5036 2695 5119 θάλλει
2727 5041 3071 5109 πρόσωπον,
3102 5045 3172 5098 ἑν
3215 5046 3283 5099 δὲ
3312 5049 3537 5114 λύπαις
3580 5034 3775 5119 οὔσης

2198 5118 2623 5203 σκυθρωπάζςι.
2662 5122 2879 5193 Ἐπειδὴ
2911 5122 3047 5181 εἶδεν
3080 5130 3108 5182 6
3136 5130 3410 5199 ὀφθαλμὸς
3440 5131 3500 5183 τὸ
3536 5132 3775 5203 δένδρον,

2200 5201 2294 5252 καὶ
2339 5201 2620 5267 ἐλογίσατο
2666 5209 2733 5278 τῇ
2782 5205 2990 5281 διανοίᾳ
3032 5211 3282 5278 ίσοθεῖαν,
3327 5213 3541 5266 δίδωσιν
3574 5218 3604 5268 6
3642 5201 3776 5279 Θεὸς

2203 5286 2504 5354 στεναγμὸν
2540 5290 2606 5359 τῇ
2643 5291 2858 5363 καρδίᾳ,
2890 5296 2980 5346 καὶ
3022 5294 3195 5365 λύπην
3240 5295 3322 5365 τῷ
3353 5297 3651 5370 προσώπῳ,
3689 5302 3776 5355 ἵνα

2204 5365 2268 5418 δι’
2297 5362 2371 5421 ὧν
2392 5370 2605 5441 ἥμαρτε
2628 5362 2888 5447 κολασθῇ,
2929 5378 3021 5430 καὶ
3056 5362 3339 5449 ἵνα-πείσῃ
3380 5362 3516 5451 αὐτη
3544 5384 3575 5454 ή
3601 5362 3775 5455 τιμω-

2206 5451 2317 5521 ρία,
2348 5453 2548 5520 μᾶλλον
2582 5456 2637 5508 δὲ
2682 5459 2944 5529 σωτηρία,
2969 5461 3064 5531 τὴν
3098 5464 3349 5529 γυναῖκα,
3378 5463 3460 5515 ὅτι
3492 5451 3592 5519 οὐκ
3619 5468 3779 5537 ἐψεύ-

2204 5549 2333 5584 σατο
2359 5536 2457 5603 τὴν
2483 5538 2716 5608 ἀρχαίαν
2740 5542 3008 5610 εὐλογίαν.
3041 5543 3222 5596 Εἰπὼν
3248 5544 3357 5615 γὰρ
3390 5547 3592 5615 αὐτοῖς,
3620 5536 3780 5619 Πλη-

2195 5617 2432 5685 ρώσατε
2471 5621 2585 5687 τὴν
2624 5623 2756 5693 γῆν,
2791 5625 2955 5694 λέγει,
3007 5628 3110 5681 Ἔν
3139 5627 3362 5695 λύπαις
3388 5629 3530 5700 τέξῃ
3576 5617 3776 5689 τέκνα.

2203 5700 2289 5789 T6
2318 5702 2420 5789 ’μὲν
2461 5705 2663 5759 τίκτειν
2707 5708 2807 5761 οὐκ
2834 5709 3071 5779 ἀναιρῶ·
3122 5708 3269 5775 ἅπαξ
3319 5713 3428 5785 γὰρ
3470 5715 3737 5789 εὐλόγησα
3763 5735 3776 5748 ·

2207 5782 2341 5838 ἀλλά
2371 5785 2649 5859 ὀδυνήσεις
2694 5793 2751 5845 ἐν
2800 5792 3003 5860 πόνοις,
3050 5795 3107 5848 ἐν
3160 5782 3444 5867 ταραχαῖς.
3482 5782 3693 5873 Ἑκεινη
3741 5803 3777 5873 ή
