4118 6310
339 278 444 336 497

339 393 484 464 λύπη
533 389 830 461 βαρυτάτη.
871 389 984 444 Kal
1015 393 1282 462 μαρτυρεῖ
1306 392 1336 444 6
1368 392 1594 464 Σωτήρ·
1636 394 1705 449 Ἡ
1731 392 1910 462 γυνὴ,

340 476 487 531 ὅταν
515 476 704 542 τίκτῃ,
733 475 942 541 λύπην
971 474 1118 543 ἔχει.
1153 476 1414 529 Λυπεῖται
1451 477 1729 540 τίκτουσα,
1762 493 1916 547 μερι-

341 564 455 634 μνᾷ
494 560 769 630 τρέφουσα
788 574 803 589 ·
835 559 929 611 ἐὰν
1023 559 1052 610 6
1089 562 1218 622 παῖς
1244 562 1302 612 ὲν
1334 559 1539 631 ἡλικίᾳ,
1573 562 1812 632 μεριμνᾷ
1840 559 1915 631 μὴ

342 647 566 717 ἀνόητος
701 644 796 696 ἐὰν
841 643 1116 713 ἀποδημῇ,
1163 643 1236 714 μὴ
1274 644 1539 715 ἀποθάνῃ,
1585 645 1656 715 μὴ
1690 649 1913 716 νοσήσῃ,

341 729 423 798 μὴ
449 727 716 780 όδυνᾶται.
749 724 918 778 Τοῦτο
946 728 974 778 6
1013 725 1151 797 ἀνὴρ
1183 727 1283 780 οὐκ
1313 726 1426 796 ἔχει
1448 744 1460 756 ·
1491 726 1593 780 κᾶν
1615 728 1721 798 γάρ
1765 744 1918 798 μερι-

336 813 526 881 μνήσῃ
552 812 580 862 6
616 809 816 880 πατὴρ,
845 809 941 878 οὐχ
974 808 1144 871 οὓτως
1171 810 1245 872 ὼς
1274 812 1306 880 ἡ
1348 811 1552 881 μήτηρ,
1582 811 1715 864 ἀλλὰ
1741 828 1918 879 παρα-

336 895 592 966 μυθεῖται
621 894 830 959 ἑαυτὸν,
863 893 1056 960 λέγων·
1087 893 1403 964 Ἄνθρωπός
1431 895 1598 957 ἐστιν,
1625 891 1764 947 οἶδεν
1792 895 1918 946 ἑαυ-

343 979 438 1031 τοῦ
482 979 816 1048 προστῆναι·
852 977 943 1028 καὶ
987 976 1046 1027 οὐ
1107 978 1364 1048 μεριμνᾷ.
1408 977 1506 1030 Διὰ
1541 978 1620 1043 τί;
1651 979 1771 1030 Ὅτι
1817 979 1945 1030 οὐκ·

339 1061 574 1132 ἧκουσεν
599 1060 780 1123 αὐτός·
816 1060 912 1112 Ἐν
942 1060 1165 1124 λύπαις
1197 1059 1338 1128 τέξῃ
1372 1060 1570 1114 τέκνα.
1600 1058 1761 1114 Ξένον
1782 1057 1917 1123 εἶδος

344 1145 531 1214 δίκης·
569 1145 602 1214 ἡ
652 1146 814 1212 πεῖρα
851 1143 1080 1213 μάρτυς.
1119 1144 1284 1196 Ὅταν
1336 1142 1521 1205 ὠδῖνες
1573 1143 1777 1196 λάϐωσι
1822 1161 1917 1213 γυ-

345 1232 528 1293 ναῖκα,
572 1227 691 1280 οὐδὲ
736 1230 792 1279 ὲν
833 1227 1016 1289 αὐτοῖς
1061 1229 1174 1289 τοῖς
1225 1227 1406 1290 πόνοις
1446 1226 1776 1298 ἀπαγορεύει
1825 1225 1916 1280 τὸν

340 1312 533 1382 ἄνδρα.
579 1311 653 1364 Οὐ
711 1310 877 1377 λέγει·
916 1309 1041 1362 Εἴθε
1084 1309 1158 1378 μὴ
1202 1305 1269 1380 ἦν
1325 1312 1520 1380 γάμος,
1569 1310 1679 1362 εἴθε
1731 1309 1804 1380 μὴ
1849 1306 1916 1378 ἦν

345 1394 660 1463 τεκνογονία
683 1397 696 1449 !
731 1397 804 1448 Οὐ
831 1397 1099 1464 συγχωρεῖ
1124 1395 1257 1465 αὐτῇ
1285 1397 1313 1447 6
1337 1394 1469 1455 Θεὸς
1504 1392 1626 1446 οὐτε
1659 1393 1795 1464 μετὰ
1818 1393 1916 1464 τὴν

341 1483 542 1550 ’πεῖραν
577 1480 800 1549 μισῆσαι
832 1479 921 1530 τὸν
951 1478 1150 1547 ἄνδρα·
1206 1477 1318 1530 ἀλλ’
1351 1473 1458 1530 οἶδε
1495 1479 1586 1530 καὶ
1633 1478 1686 1528 τί
1724 1476 1914 1539 ἔπαθε,

340 1564 442 1617 -καὶ
465 1563 517 1614 τί
549 1562 776 1631 ὑπέστη,
808 1562 899 1614 καὶ
935 1561 1122 1630 ἀγαπᾷ
1147 1561 1236 1614 τὸν
1270 1562 1457 1630 ἄνδρα.
1483 1561 1579 1613 Διά
1604 1560 1782 1626 τοῦτο,
1816 1562 1918 1614 Ἐν

346 1648 569 1710 λύπαις
600 1645 740 1712 τέξῃ
771 1645 971 1704 τέκνα,
1001 1645 1094 1697 καὶ
1144 1643 1293 1712 πρὸς
1326 1645 1433 1697 τὸν
1489 1644 1677 1712 ἄνδρα
1718 1660 1834 1698 σου
1874 1644 1913 1711 ἡ

341 1726 700 1796 ἀποστροφή
724 1742 862 1789 σου,
895 1726 989 1780 καὶ
1014 1727 1196 1792 αὐτός
1213 1743 1328 1780 σου
1360 1728 1679 1795 κυριεύσει.
1699 1728 1915 1800 Ἐπειδὴ

341 1814 473 1882 ἄρτι
507 1812 690 1874 κακῶς
727 1811 1066 1880 ἐκυρίευσας,
1093 1811 1186 1863 καὶ
1219 1811 1432 1878 ἐγένετο
1454 1810 1639 1875 δοῦλος
1673 1811 1774 1881 τῆς
1815 1811 1916 1880 σῆς

349 1895 630 1967 αἱρέσεως,
662 1893 772 1946 λύω
815 1893 912 1964 τὴν
949 1893 1302 1948 ἀκολουθίαν·
1351 1893 1510 1958 αὐτὸς
1556 1894 1861 1960 δεσποζέτω
1887 1897 1916 1948 ὁ

349 1978 428 2049 μὴ
459 1977 771 2046 ἀπατηθείς.
800 1978 897 2031 Διὰ
941 1975 1096 2029 τοῦτο
1123 1976 1332 2040 Παῦλος
1362 1977 1540 2044 λέγει·
1571 1981 1620 2031 Γ
1628 1977 1819 2032 uram!
1849 1977 1918 2030 δὲ

349 2060 658 2114 διδάσκειν
695 2062 804 2112 οὐκ
831 2059 1140 2127 ἐπιτρέπω,
1171 2059 1312 2114 οὐδὲ
1339 2060 1647 2115 αὐθεντεῖν
1673 2059 1912 2128 ἀνδρός.

348 2143 550 2206 Κακῶς
589 2143 694 2213 γὰρ
738 2142 958 2212 πρῶτον
1006 2143 1242 2208 ἐδίδαξεν
1295 2145 1353 2196 ὲν
1402 2145 1732 2214 παραδείσῳ.
1765 2144 1917 2198 Οὐδὲ

348 2225 656 2280 αὐθεντεῖν
706 2225 941 2291 ἀνδρός.
984 2226 1183 2288 Κακῶς
1226 2225 1334 2296 γάρ
1383 2227 1734 2297 ηύθεντησεν.
1775 2228 1916 2298 Ἀρα

349 2305 442 2363 οὖν
478 2308 616 2362 κατὰ
641 2305 842 2378 ταῦτην
868 2309 966 2378 τὴν
1002 2307 1207 2362 ἔννοιαν
1253 2311 1505 2379 παραινεῖ
1534 2313 1562 2363 6
1594 2310 1802 2374 Παῦλος
1841 2310 1916 2380 μὴ

347 2391 618 2446 διδάσκειν
649 2394 899 2460 γυναῖκα,
933 2391 1020 2444 διὰ
1060 2391 1130 2444 τά
1169 2391 1226 2443 ἐν
1274 2391 1587 2462 παραδείσῳ
1635 2393 1912 2461 γινόμενα.

348 2476 441 2545 Μὴ
483 2477 642 2545 ἡμεῖς
689 2473 1057 2544 σοφιζώμεθα,
1091 2473 1253 2526 ἄκουε
1299 2472 1497 2527 αὐτοῦ·
1548 2474 1798 2528 ιύναικὶ
1849 2475 1916 2528 δὲ

348 2556 657 2610 διδάσκειν
679 2558 788 2610 οὐκ
814 2556 1123 2624 ἐπιτρέπω,
1153 2556 1294 2610 οὐδὲ
1330 2557 1638 2612 αὐθεντεῖν
1675 2557 1912 2625 ἀνδρός.

349 2641 460 2694 Kal
486 2641 573 2694 ἵνα
604 2640 749 2711 δείξῃ
781 2641 861 2693 ὃτι
891 2639 977 2693 διὰ
1006 2640 1072 2693 τὰ
1097 2640 1308 2709 πρῶτα,
1341 2642 1535 2709 ὲπάγει
1559 2658 1574 2672 ·
1616 2642 1784 2710 Ἀδὰμ
1804 2644 1915 2710 γὰρ

348 2725 460 2776 οὐκ
503 2722 803 2791 ἠπατήθη,
843 2723 882 2790 ἠ
919 2721 989 2775 δέ
1019 2724 1172 2792 γυνὴ
1218 2723 1587 2792 άπιιτηθεῖσα
1624 2726 1694 2778 ἐν
1733 2739 1916 2794 παρα-

351 2807 524 2861 ϐάσει
566 2805 792 2874 γέγονε.

425 2897 474 2942 ι’.
495 2890 559 2941 Τί
583 2885 674 2943 οὖν
697 2907 712 2954 ;
745 2887 1106 2960 ὐποϐἐὸληται
1131 2891 1194 2960 τῇ
1221 2889 1488 2964 καταδίκῃ
1515 2890 1576 2943 τὸ
1601 2891 1711 2944 τῶν
1731 2907 1917 2958 γυναι-

349 2973 462 3026 κῶν
501 2973 674 3040 γένος,
708 2972 801 3024 καὶ
833 2972 980 3042 μένει
1010 2974 1066 3024 ὲν
1097 2973 1312 3037 λύπαις,
1341 2974 1435 3026 καὶ
1459 2974 1518 3026 οὐ
1556 2973 1739 3026 λύεται
1772 2975 1800 3025 6
1824 2975 1912 3026 δε-

350 3056 517 3125 σμός;
543 3051 743 3108 Ἦλθεν
767 3056 794 3106 ό
823 3055 1053 3125 Χριστὸς
1077 3058 1104 3108 6
1124 3055 1263 3109 λύων
1290 3057 1379 3110 τὸν
1410 3057 1605 3126 δεσμόν
1626 3075 1639 3088 ·
1679 3058 1916 3128 ἀπήντη-

351 3156 442 3192 σεν
477 3140 509 3208 ἠ
539 3137 867 3209 Κυριοτόκος
901 3138 1038 3208 ὑπὲρ
1074 3139 1166 3192 τοῦ
1195 3140 1383 3208 γένους
1409 3140 1839 3212 ἀπολογουμένη,
1879 3145 1911 3212 ή

349 3220 656 3293 1599]άγία
701 3221 975 3291 Παρθένος
1003 3223 1120 3275 ἀντὶ
1162 3224 1261 3293 τῆς
1305 3223 1573 3295 παρθένου
1598 3241 1610 3253 ·
1653 3223 1915 3292 παρθένος

347 3305 458 3372 γὰρ
489 3299 556 3375 ἦν
586 3305 680 3356 καὶ
713 3306 744 3374 ἡ
781 3303 893 3356 Εὕα
937 3305 1025 3358 ὅτε
1070 3305 1345 3375 ἥμαρτεν·
1397 3305 1551 3358 ἔλυσε
1594 3305 1692 3378 τὴν
1740 3307 1915 3376 λύπην

347 3391 443 3443 καὶ
496 3389 584 3441 τὸν
626 3389 926 3458 στεναγμὸν
970 3390 1067 3459 τῆς
1130 3389 1678 3460 καταδεδικασμένης.
1707 3391 1916 3460 Ὥσπερ

347 3475 457 3544 γὰρ
489 3473 582 3526 ὲάν
602 3488 685 3534 τις
723 3471 894 3542 κληθῇ
923 3473 1002 3534 είς
1034 3473 1100 3524 τὰ
1143 3471 1407 3541 βασίλεια,
1456 3470 1743 3535 σπουδάζει
1789 3474 1916 3536 τοὺς

351 3558 515 3620 ιδίους
539 3556 788 3627 τιμῆσαι,
815 3554 915 3608 κᾶν
942 3549 1076 3608 ὦσιν
1098 3556 1154 3608 ὲν
1184 3555 1416 3626 ἀνάγκῃ,
1445 3554 1738 3608 ἀπολῦσαι·
1775 3555 1916 3607 οὕτω

348 3639 608 3709 κληθεῖσα
634 3641 668 3708 ἡ
707 3638 836 3705 άγία
859 3637 1132 3709 Παρθένος
1156 3640 1236 3700 εἰς
1266 3639 1334 3691 τὰ
1361 3638 1605 3707 βασίλεια
1641 3639 1917 3708 ὑπηρετή-

351 3723 545 3776 σασθαι
575 3724 640 3793 τῇ
675 3721 796 3792 θείᾳ
836 3723 1103 3790 γεννήσει.
1138 3720 1367 3774 ἐλθοῦσα
1409 3723 1488 3784 εἰς
1526 3721 1681 3786 ξένας
1721 3723 1915 3786 ὠδῖνας

346 3807 550 3876 ταύτην
596 3807 817 3875 πρώτην
857 3807 998 3858 αἰτεῖ
1041 3805 1218 3874 χάριν,
1275 3803 1472 3874 μᾶλλον
1518 3805 1575 3858 δὲ
1625 3805 1912 3875 λαμϐάνει.

361 3889 579 3959 Ἐπειδὴ
605 3889 704 3941 οὐκ
728 3888 932 3958 ἔπρεπε
965 3887 1063 3959 τὴν
1086 3887 1373 3940 κατάδικον
1404 3889 1635 3956 γυναῖκα
1661 3891 1916 3960 γεννῆσαι

348 3975 439 4027 τὸν
463 3972 772 4038 ἀνεύθυνον,
808 3973 1024 4044 ἔρχεται
1051 3975 1080 4026 6
1109 3971 1250 4025 λύων
1276 3971 1491 4043 πρῶτον
1521 3973 1618 4042 τῆς
1651 3972 1793 4036 Εὐας
1818 3974 1916 4044 τὴν

346 4055 525 4127 λύπην
555 4055 642 4109 διὰ
668 4056 859 4126 χαρᾶς.
890 4055 1146 4126 Ἔρχεται
1171 4056 1198 4108 6
1227 4053 1455 4123 ἄγγελος
1472 4053 1643 4123 λέγων
1669 4058 1735 4126 τῇ
1766 4057 1915 4126 Παρ-

349 4141 489 4211 θένῳ
504 4156 519 4170 ·
537 4139 729 4206 Χαῖρε,
749 4136 1206 4206 κεχαριτωμένη.
1222 4135 1353 4192 Εἶτα
1371 4137 1460 4190 διὰ
1479 4137 1572 4191 τοῦ
1600 4139 1772 4206 Xar'pe
1799 4138 1914 4193 λύει

351 4224 440 4276 τὸν
471 4221 666 4290 δεσμὸν
696 4223 794 4290 τῆς
820 4219 1015 4290 λύπης.
1043 4219 1218 4288 Χαῖρε
1237 4238 1251 4251 ·
1284 4217 1446 4290 ἦλθεν
1474 4220 1503 4272 6
1531 4219 1671 4274 λύων
1698 4223 1796 4293 τὴν
1824 4215 1916 4275 λύ-

353 4323 480 4376 πην.
506 4304 698 4372 Xans,
724 4303 1157 4373 κεχαριτωμένη
1183 4317 1197 4331 ·
1223 4302 1409 4374 ἐπειδὴ
1431 4303 1534 4366 ἕως
1559 4304 1652 4356 νῦν
1676 4321 1915 4376 κεκατη-

353 4389 582 4460 ραμένη.
604 4385 730 4441 Ὧδε
754 4389 987 4458 πρόσεχε
1003 4389 1066 4458 τῇ
1092 4387 1186 4439 τοῦ
1212 4385 1346 4438 Θεοῦ
1369 4387 1569 4457 χάριτι.
1597 4387 1791 4455 Χαῖρε,
1823 4405 1916 4441 κε-

355 4475 746 4541 χαριτωμένη·
808 4475 842 4526 ὁ
903 4472 1116 4539 Κύριος
1159 4469 1308 4540 μετὰ
1354 4471 1490 4526 σοῦ.
1533 4470 1748 4542 Ἐπειδὴ
1797 4473 1912 4543 μετ’

351 4554 563 4624 ἐκείνης
598 4556 626 4606 6
657 4555 778 4622 δφις
831 4556 889 4607 ὲν
925 4553 1090 4626 λύπῃ,
1133 4556 1309 4623 χαῖρε,
1349 4552 1533 4624 ἐπειδὴ
1577 4553 1715 4624 μετὰ
1765 4555 1858 4608 σοῦ
1886 4557 1916 4608 6

349 4636 500 4700 Θεός.
540 4637 646 4688 Kal
674 4636 838 4705 βλέπε
866 4637 968 4706 τὴν
1006 4635 1188 4707 φωνὴν
1223 4635 1316 4689 τοῦ
1359 4635 1614 4704 άγγέλου,
1645 4638 1761 4702 πῶς
1787 4639 1914 4709 ὃλην

349 4719 638 4792 ἑρμηνεύει
666 4718 757 4771 τοῦ
781 4718 1016 4790 Χριστοῦ
1043 4719 1142 4789 τὴν
1165 4720 1493 4789 οἰκονομίαν.
1519 4721 1714 4789 Χαῖρε,
1736 4738 1913 4790 κεχα-

344 4803 654 4872 ριτωμένη.
673 4802 888 4873 Ἐπειδὴ
914 4803 1093 4874 ἐκείνη
1119 4803 1312 4874 διπλῆν
1341 4803 1499 4856 ἔλαϐε
1528 4806 1791 4874 κατάραν,
1815 4805 1914 4874 τὴν

343 4883 521 4956 λύπην
552 4888 644 4940 καὶ
675 4885 764 4938 τὸν
805 4886 1102 4954 στεναγμὸν
1139 4887 1228 4940 τὸν
1272 4888 1362 4940 ἐπὶ
1397 4886 1507 4939 τῶν
1549 4887 1771 4950 ώδίνων,
1804 4889 1914 4940 εἰσ-

348 4973 471 5038 άγει
494 4969 584 5022 τὸν
617 4967 832 5022 τοκετὸν
865 4967 955 5020 τὸν
982 4967 1174 5020 λύοντα
1204 4971 1406 5022 ἐκεῖνον
1433 4970 1523 5023 τὸν
1554 4970 1727 5022 τόκον.
1767 4969 1912 5023 Ἰδοὺ

345 5052 644 5122 cum-:11”
687 5052 756 5104 ἐν
785 5050 1015 5121 γαστρὶ,
1046 5051 1142 5104 καί
1167 5051 1306 5119 τέξῃ
1331 5053 1483 5115 υἱὸν,
1513 5052 1608 5105 καὶ
1637 5052 1915 5119 καλέσεις

344 5137 411 5188 τὸ
459 5136 645 5204 ὄνομα
686 5134 871 5188 αὐτοῦ
913 5134 1166 5201 Ἰησοῦν.
1217 5135 1408 5200 Αὐτὸς
1448 5133 1559 5204 γὰρ
1591 5133 1774 5188 σώσει
1807 5135 1914 5188 τὸν

345 5220 498 5272 ,λαὸν
563 5220 749 5273 αὐτοῦ
809 5217 927 5272 ἀπὸ
982 5216 1101 5271 τῶν
1175 5217 1472 5286 ἁμαρτιῶν
1525 5215 1742 5270 αὐτῶν.
1801 5220 1915 5282 Τάς

347 5303 618 5372 ἁμαρτίας
640 5302 747 5355 τῶν
777 5301 885 5355 σῶν
911 5304 1159 5372 πατέρων
1191 5300 1306 5353 λύει
1331 5302 1360 5352 6
1390 5303 1454 5354 ἐκ
1482 5299 1574 5353 σοῦ
1606 5299 1913 5369 βλαστάνων

348 5385 579 5454 καρπός.
609 5385 808 5439 Λοιπὸν
860 5384 1161 5456 μετεϐλήθη
1206 5385 1267 5436 τὸ
1321 5385 1570 5455 πρᾶγμα.
1616 5383 1726 5455 Τὴν
1768 5382 1913 5437 Εὐαν

344 5467 452 5528 ἓως
492 5459 727 5539 σήμερον
764 5469 815 5522 oi
858 5467 1146 5531 ἀκούοντες
1199 5466 1576 5530 ταλανίζουσιν
1601 5483 1614 5498 ·
1652 5468 1788 5521 Οὐαὶ
1840 5469 1910 5538 τῇ

345 5549 526 5620 ἀθλία,
553 5552 670 5614 οἵας
701 5551 858 5623 δόξης
906 5552 1191 5618 ἐξέπεσενι
1243 5552 1364 5604 οὐαὶ
1391 5554 1456 5623 τῇ
1487 5550 1667 5622 ἀθλία,
1697 5551 1749 5603 τί
1781 5548 1916 5603 ἐπα-

345 5632 471 5686 θενι
510 5633 576 5685 Ἦ
622 5634 808 5704 Μαρία
851 5635 972 5688 καθ’
1013 5634 1249 5704 ἑκάστην
1290 5634 1503 5704 ἡμέραν
1532 5634 1716 5688 ἀκούει
1765 5633 1914 5703 παρὰ

345 5716 564 5772 πάντων
583 5716 846 5787 μακαρία,
867 5717 1056 5787 ἀμέλει
1080 5716 1379 5789 πλησθεῖσα
1395 5718 1534 5772 Πνεύ
1543 5735 1704 5788 ματος
1727 5718 1906 5786 ἁγίου,

1781 273 2152 331 SEVERlANl

3473 283 3578 339 498

2016 393 2126 446 Kal
2149 390 2291 464 αὕτη
2321 395 2359 462 ἡ
2385 393 2658 465 Παρθένος
2683 396 2868 448 λοιπὸν
2901 394 3322 465 προφητεύσασα
3354 397 3588 452 ἄκουσον

2011 477 2068 528 τί
2095 476 2244 545 λέγει
2266 493 2282 507 ·
2323 480 2672 550 Εὐλογητὸς
2693 481 2910 547 Κύριος
2932 483 2966 533 ὁ
2995 479 3144 545 Θεὸς
3171 478 3279 532 τοῦ
3315 481 3586 549 Ἰσραὴλ,

2013 559 2103 612 ὅτι
2129 559 2508 628 ἐπεσκέψατο
2546 562 2664 629 τὴν
2697 563 3062 617 ταπείνωσιν
3092 560 3200 628 τῆς
3227 561 3456 631 δούλης
3479 567 3590 617 αὐ-

2013 643 2150 697 τοῦ·
2198 645 2318 698 ἀπὸ
2349 645 2461 713 γὰρ
2494 644 2599 698 τοῦ
2627 645 2745 699 νῦν
2761 645 3126 714 μακαριοῦσί
3159 662 3238 715 με
3283 645 3475 700 πᾶσαι
3528 651 3592 702 αι

2014 728 2231 796 γενεαί.
2264 728 2382 781 Ἰνα
2409 728 2557 800 δείξῃ
2585 727 2667 780 ὅτι
2696 727 2756 780 τὸ
2787 728 3074 799 πρόσωπον
3098 728 3198 796 τῆς
3240 727 3383 791 Εὐας
3409 729 3587 800 φέρει,

2019 811 2166 874 Ἕως
2208 810 2320 874 νῦν,
2343 813 2527 880 φησὶν,
2555 809 2938 881 ὑϐριζομένην,
2967 810 3076 864 άπὸ
3118 811 3210 864 τοῦ
3265 811 3363 866 νῦν
3409 830 3589 882 μακα-

2017 895 2190 967 ριοῦσί
2231 912 2298 964 με
2331 897 2502 948 πᾶσαι
2527 896 2582 946 αἱ
2609 895 2811 963 γενεαί.
2843 894 2951 948 Kal
2981 894 3054 959 τί,
3086 895 3272 965 φησὶν,
3300 895 3590 964 ὠφελεῖται

2018 980 2092 1050 μὴ
2127 981 2436 1044 ἁκούουσα;
2489 981 2738 1033 Μάλιστα
2783 979 2881 1048 μὲν
2920 975 3014 1031 οὖν
3041 978 3249 1040 ἀκούει,
3296 979 3362 1031 ὲκ
3397 979 3491 1033 τοῦ
3530 981 3589 1032 ὲν

2013 1063 2163 1133 τόπῳ
2199 1062 2464 1132 φωτεινῷ,
2496 1063 2553 1114 ἐν
2581 1061 2734 1134 χώρᾳ
2763 1061 2978 1127 ζώντων
3009 1059 3170 1126 εἶναι,
3200 1064 3232 1132 ἡ
3268 1064 3451 1133 μήτηρ
3489 1063 3589 1132 τῆς

2015 1147 2310 1217 σωτηρίας,
2333 1150 2365 1217 ἠ
2403 1148 2553 1217 πηγὴ
2585 1146 2677 1199 τοῦ
2701 1144 2958 1215 αἰσθητοῦ
2979 1145 3183 1214 φωτός·
3216 1143 3476 1214 αἰσθητοῦ
3503 1146 3589 1200 διὰ

2014 1231 2111 1296 τὴν
2144 1228 2340 1300 σάρκα,
2363 1228 2552 1300 νοητοῦ
2569 1229 2655 1281 διὰ
2669 1228 2766 1298 τὴν
2788 1227 3034 1298 θεότητα.
3059 1227 3244 1291 Οὕτως
3273 1223 3367 1280 οὖν
3385 1227 3451 1280 δι’
3467 1227 3587 1280 ὅλου

2018 1312 2401 1383 μακαρίζεται.
2431 1312 2592 1365 Ἀλλὰ
2630 1314 2723 1365 καὶ
2751 1315 2826 1375 ὡς
2849 1311 2929 1364 ἔτι
2964 1312 3059 1382 ἔζη
3091 1313 3148 1364 ὲν
3176 1312 3358 1382 σαρκὶ,
3383 1313 3590 1381 ἐμακα-

2015 1396 2223 1466 ρίξετο·
2288 1397 2486 1466 ἤκουσε
2527 1396 2632 1467 γὰρ
2668 1395 2762 1447 τοῦ
2824 1394 3172 1466 μακαρισμοῦ
3217 1394 3296 1447 ἔτι
3333 1397 3389 1447 ἐν
3427 1395 3590 1466 σαρκὶ¹

2013 1477 2167 1534 οὐσα.
2185 1480 2398 1550 Ἐκείνη
2420 1480 2636 1549 πρῶτον
2659 1475 2789 1545 εἶδε,
2817 1480 2910 1531 καὶ
2937 1479 3060 1531 τότε
3083 1478 3346 1546 ἐγεύσατο
3367 1478 3461 1531 τοῦ
3481 1479 3591 1531 δένο

2012 1564 2139 1634 δρου
2164 1578 2179 1593 ·
2221 1562 2358 1631 αὕτη
2394 1562 2608 1632 πρῶτον
2634 1559 2778 1625 εἷπε,
2812 1562 2907 1614 καὶ
2930 1562 3050 1614 τότε
3083 1563 3282 1632 ἢκουσε
3305 1559 3396 1613 τοῦ
3421 1577 3592 1630 μακα-

2016 1644 2371 1716 ρισμοῦ.”οτε
2408 1644 2516 1716 γὰρ
2558 1647 2588 1696 ὁ
2633 1643 2822 1716 Σωτὴρ
2851 1643 3152 1706 ἐδίδασκεν,
3193 1641 3406 1710 Ἐπῆρε
3433 1643 3587 1712 γυνή

2013 1746 2103 1794 τις
2130 1728 2341 1797 φωνὴν
2360 1730 2428 1781 ἐκ
2461 1729 2567 1782 τοῦ
2603 1729 2814 1796 ὄχλου,
2859 1728 2950 1780 καὶ
2989 1726 3134 1794 λέγει
3167 1725 3337 1797 αὐτῷ,
3373 1726 3590 1780 πάντων

2014 1813 2344 1865 ἀκουόντων·
2367 1812 2640 1878 Μακαριά
2659 1813 2696 1879 ἠ
2723 1812 2920 1864 κοιλία
2933 1811 2970 1876 ἡ
2983 1807 3358 1874 βαστάσασά
3377 1825 3469 1875 σε,
3492 1809 3589 1863 καὶ

2008 1896 2249 1964 μαστοὶ,
2263 1895 2370 1960 οὒς
2382 1895 2706 1961 ἐθήλασας.
2726 1894 2864 1947 Ἀλλ’
2879 1893 2970 1946 ἐπὶ
2983 1893 3073 1946 τὸν
3088 1893 3259 1963 Ἀδὰμ
3273 1894 3590 1966 ἐπλήρωσεν

2013 1979 2042 2030 ό
2075 1979 2206 2042 Θεὸς
2233 1980 2332 2049 τὴν
2358 1979 2652 2047 ἀπόφασιν,
2682 1977 2881 2048 μᾶλλον
2906 1977 2965 2030 δὲ
2994 1978 3093 2049 τὴν
3128 1977 3271 2031 ἴασιν
3293 1978 3394 2048 τῆς
3421 1995 3589 2048 μετα-

2014 2063 2182 2124 νοίας,
2196 2063 2287 2114 καὶ
2303 2061 2465 2129 λέγει·
2485 2061 2613 2114 ’Ότι
2633 2060 2902 2129 ἤκουσας
2922 2060 3031 2129 τῆς
3045 2059 3250 2130 φωνῆς
3267 2061 3377 2129 τῆς
3390 2077 3588 2130 γυναιν

2015 2146 2123 2210 κός
2149 2162 2287 2209 σου,
2305 2144 2403 2198 καὶ
2429 2143 2643 2213 ἔφαγες
2668 2142 2786 2198 ἀπὸ
2817 2142 2924 2196 τοῦ
2955 2143 3168 2209 ξύλου,
3197 2140 3269 2200 οὗ
3299 2143 3587 2198 ἐνετειλά-

2009 2246 2134 2298 μην
2152 2244 2251 2281 σοι
2265 2227 2350 2296 μὴ
2372 2227 2602 2297 φαγεῖν,
2633 2226 3062 2294 ἐπικατάρατος
3087 2227 3125 2293 ἠ
3156 2225 3231 2295 τῆ
3262 2227 3334 2281 έν
3351 2226 3474 2293 τοῖς
3491 2227 3586 2296 ἐρ-

2014 2329 2139 2380 τοις
2159 2326 2295 2364 σου.
2323 2310 2491 2365 Πάλιν
2506 2313 2534 2363 6
2559 2310 2920 2380 εὐλογημένος
2941 2310 3000 2363 οὐ
3024 2309 3288 2380 λαμϐάνει
3309 2311 3407 2380 τὴν
3429 2310 3591 2364 κατά-

2016 2411 2136 2464 ραν,
2177 2393 2288 2446 air
2317 2394 2348 2462 ή
2394 2393 2691 2463 γῆ.Ἃλλος
2722 2393 2958 2463 ἥμαρτε,
2994 2393 3088 2446 καὶ
3127 2392 3260 2463 άλλη
3303 2391 3586 2446 τύπτεται.

2017 2477 2229 2546 Ὠσπερ
2251 2477 2284 2546 ή
2309 2474 2462 2546 [510]
2486 2476 2584 2545 τῆς
2610 2473 2752 2538 Εὔας
2779 2476 3013 2546 κατάρα·
3049 2474 3250 2545 μᾶλλον
3273 2476 3332 2528 δὲ
3359 2477 3393 2545 ἡ
3419 2476 3589 2528 ἐπιτί-

2018 2575 2180 2628 μησις
2213 2558 2295 2629 (οὐ
2326 2559 2435 2630 γὰρ
2465 2554 2531 2628 ἦν
2553 2559 2784 2626 κατάρα,
2807 2557 2943 2610 ἀλλὰ
2970 2557 3312 2629 διόρθωσις)·
3340 2558 3525 2629 ὥσπερ
3552 2561 3585 2629 η

2014 2641 2325 2711 ἐπιτίμησις
2340 2641 2436 2711 τῆς
2462 2639 2625 2703 Εὐας,
2644 2641 2706 2693 Ἐ
2708 2657 2745 2692 ν
2767 2641 2991 2705 λύπαις
3015 2640 3156 2708 τέξῃ
3177 2641 3293 2710 (καὶ
3311 2641 3419 2711 γάρ
3438 2643 3588 2693 πᾶσα

2014 2724 2151 2794 γυνὴ
2171 2725 2228 2776 ἐν
2244 2723 2438 2786 λύπαις
2454 2723 2667 2792 τίκτει),
2691 2722 2902 2793 ἔμεινεν
2923 2723 3027 2785 ἕως
3050 2723 3194 2794 ἄρτι·
3222 2722 3363 2778 οὓτω
3381 2724 3470 2777 καὶ
3491 2722 3583 2776 τοῦ

2026 2807 2216 2877 ’Δδάμ·
2267 2805 2716 2874 Ἐπικατάρατος
2747 2806 2785 2872 ἠ
2825 2803 2900 2874 τῆ
2939 2805 3008 2858 έν
3049 2805 3174 2870 τοῖς
3218 2807 3405 2875 ἔργοις
3442 2820 3580 2860 σου.

2025 2887 2086 2941 ῚΙ
2095 2889 2209 2959 μῶν
2226 2888 2513 2959 παράνομα
2531 2889 2598 2941 τὰ
2611 2888 2766 2958 ἔργα,
2787 2891 2881 2942 καὶ
2899 2890 2931 2959 ἠ
2955 2889 3028 2958 γῆ
3046 2888 3381 2958 μαστίζεται.
3395 2885 3584 2958 Ἥμείς

2015 2972 2420 3043 ἁμαρτάνομεν,
2449 2972 2545 3024 καὶ
2577 2973 2609 3042 η
2638 2972 2707 3042 γῆ
2745 2970 2958 3041 δέχεται
2994 2973 3093 3042 τὴν
3119 2971 3383 3042 κατάραν.
3409 2971 3588 3024 Φείδε-

2013 3071 2103 3106 ται
2125 3057 2152 3107 6
2180 3053 2311 3116 Θεὸς
2347 3053 2438 3107 τοῦ
2467 3053 2802 3124 πλάσματος,
2834 3053 2910 3117 ὡς
2958 3054 3214 3122 εὐγενοῦς
3251 3055 3458 3118 παιδὸς.
3495 3056 3590 3108 καὶ

2013 3137 2203 3190 τύπτει
2247 3139 2345 3207 τὴν
2376 3141 2479 3209 γῆν
2509 3138 2582 3202 ὼς
2628 3137 2994 3206 παιδαγωγόν.
3059 3137 3516 3206 Ἐπικατάρατος
3549 3135 3590 3206 ἦ

2016 3219 2091 3289 γῆ
2117 3221 2185 3273 ἐν
2211 3221 2333 3286 τοῖς
2362 3220 2556 3290 ἔργοις
2582 3235 2717 3274 σου.
2750 3221 2842 3291 Μὴ
2870 3225 2934 3292 τῇ
2974 3220 3134 3290 φύσει
3163 3222 3421 3293 πρόσεχε,
3456 3223 3590 3276 ἀλλὰ

2013 3305 2077 3372 τῇ
2105 3301 2198 3355 τοῦ
2225 3303 2359 3356 Θεοῦ
2379 3305 2581 3374 χάριτι.
2604 3303 2716 3355 Οὐκ
2737 3299 2908 3369 εἶπεν,
2946 3305 3409 3371 Ἐπικατάρατος
3427 3307 3466 3373 ἠ
3488 3305 3586 3373 γῆο

2016 3388 2136 3440 ἐπεὶ
2169 3387 2326 3456 ἔμενε
2361 3386 2800 3458 κεκατηραμένη,
2836 3387 2931 3439 καὶ
2969 3385 3180 3455 καρπόν
3220 3389 3321 3441 οὐκ
3364 3389 3586 3459 ἔφερεν·

2014 3470 2201 3539 ὥσπερ
2220 3467 2336 3522 εἷπε
2356 3473 2421 3541 τῇ
2448 3472 2604 3540 συκῇ.
2630 3468 2857 3536 Μηκέτι
2881 3470 2950 3522 ἐκ
2967 3468 3082 3522 σοῦ
3101 3469 3326 3536 καρπὸς
3347 3469 3585 3538 ἐξέλθῃ.

2015 3552 2116 3606 καὶ
2140 3551 2460 3620 ἐξηράνθη·
2479 3550 2648 3615 οὕτως
2673 3547 2786 3622 εἶχε
2813 3551 3062 3620 γενέσθαι
3086 3554 3235 3624 καὶὴ
3263 3554 3337 3624 γῆ
3357 3565 3383 3593 ι
3401 3570 3415 3583 ·
3451 3554 3588 3608 ἀλλὰ

2014 3635 2183 3704 λέγει·
2223 3636 2320 3688 Ἑν
2341 3635 2464 3700 τοῖς
2484 3635 2679 3704 ἔργοις
2699 3650 2836 3688 σου.
2865 3635 3032 3688 Ὅταν
3054 3635 3304 3706 ἁμάρτω,
3331 3635 3588 3689 τύπτεται

2013 3722 2047 3790 ἡ
2076 3718 2171 3788 γῆ·
2214 3719 2303 3771 ὅτε
2341 3716 2659 3788 εὐοδοῦμαι,
2703 3717 2915 3784 εὐλογεί
2952 3718 3139 3788 αὐτήν.
3175 3719 3284 3771 Καὶ
3329 3719 3490 3788 βλέπε
3529 3719 3586 3772 τὸ

2015 3804 2344 3876 θαυμαστόν.
2377 3805 2505 3858 Ὅτε
2530 3804 2744 3857 ἔκτισεν
2761 3806 2790 3856 6
2819 3803 2952 3867 Θεὸς
2986 3804 3086 3874 τὴν
3113 3805 3239 3875 γῆν,
3263 3806 3364 3876 τὴν
3388 3807 3584 3861 θάλασο

2017 3906 2136 3951 σαν,
2158 3887 2226 3941 τά
2251 3887 2490 3952 πετεινά,
2511 3887 2578 3940 τὰ
2598 3885 2823 3957 ἑρπετὰ,
2852 3885 2919 3940 τὰ
2946 3887 3131 3959 θηρία,
3162 3888 3255 3942 τὸν
3279 3888 3578 3960 ἄνθρωπον,

2014 3972 2191 4025 πάντα
2217 3970 2474 4039 εὐλόγησε
2495 3986 2507 4000 ·
2529 3971 2654 4032 τοὺς
2679 3971 2924 4040 καρποὺς
2941 3971 3041 4023 οὐκ
3061 3971 3374 4039 εὐλόγησεν,
3400 3971 3581 4042 ἐπειδὴ

2014 4054 2127 4125 ⁴ιὶδει
2147 4055 2227 4107 ὄτι
2249 4053 2571 4122 φυλάττεται
2594 4056 2658 4124 τῇ
2685 4057 2754 4126 γῇ
2784 4054 2921 4126 αὕτη
2941 4056 2975 4125 ἡ
3004 4055 3264 4126 τιμωρία,
3298 4057 3383 4109 ἵνα
3409 4057 3583 4128 ἁμαρ-

2012 4137 2281 4190 τανόντων
2301 4135 2408 4190 τῶν
2433 4135 2732 4207 ἀνθρώπων
2751 4136 2969 4207 δέξηται
2990 4137 3245 4209 ἀφορίαν,
3274 4141 3368 4192 καὶ
3385 4140 3582 4193 δικαιο-

2015 4219 2368 4290 πραγούντων
2406 4217 2622 4289 δέξηται
2665 4219 2942 4290 εὐφορίαν.
2995 4221 3111 4272 Οὐκ
3153 4221 3415 4291 εὐλόγησε
3460 4224 3582 4287 τοὺς

2014 4301 2280 4372 καρπούς·
2315 4299 2723 4372 ἀμεταμέλητον
2760 4302 2868 4373 γὰρ
2895 4298 2963 4371 ἦν
2992 4302 3054 4355 τὸ
3076 4304 3339 4375 χάρισμα·
3385 4305 3583 4360 Ἀκάν-

2014 4389 2122 4452 θας
2169 4384 2268 4438 καὶ
2311 4385 2619 4453 τριϐόλους
2648 4383 2932 4439 ἀνατελεῖ
2970 4399 3089 4438 σοι.
3131 4387 3580 4458 Κατεφρόνησας,

2014 4470 2169 4539 φησὶ,
2206 4467 2314 4521 τῶν
2338 4467 2608 4537 μεγάλων·
2642 4467 2843 4522 τύπτου
2881 4468 2988 4522 ὑπὸ
3024 4469 3130 4522 τῶν
3157 4471 3390 4541 μικρῶν.
3416 4471 3580 4525 Βλέπε

2015 4551 2130 4613 πῶς
2159 4552 2252 4604 καὶ
2277 4553 2333 4604 al
2361 4550 2596 4604 παιδεῖαι
2624 4552 2943 4624 σύμμετροι.
2980 4553 3225 4608 ’Δκανθα
3255 4556 3494 4625 ἀναιρεῖν
3521 4556 3580 4609 ού

2014 4633 2254 4687 δύναται·
2290 4632 2516 4704 αἱμάξαι
2545 4634 2572 4674 ι»
2599 4633 2840 4688 δύναται.
2878 4635 2986 4689 Καὶ
3012 4636 3245 4704 φάγεται
3272 4637 3370 4709 τὴν
3400 4639 3502 4708 γῆν
3524 4641 3582 4691 ἐν

2014 4717 2230 4782 λύπαις.
2273 4718 2485 4787 Ἐκείνη
2510 4719 2680 4771 τίκτει
2703 4720 2760 4772 ἐν
2779 4718 2994 4782 λύπαις·
3026 4723 3090 4772 σὺ
3118 4722 3261 4790 φάγε
3286 4724 3345 4775 ὲν
3368 4722 3578 4785 λύπαιςε

2023 4803 2090 4855 Ἠ
2119 4802 2229 4872 γὰρ
2260 4801 2460 4872 ἀρχαία
2489 4803 2760 4871 ἀπόφασις
2796 4803 2950 4873 μένει
2993 4805 3096 4868 ἕως
3119 4806 3266 4876 άρτι.
3290 4808 3398 4860 Kal
3421 4808 3577 4878 βλέπε

2017 4903 2108 4956 μοι
2142 4884 2412 4949 πλούσιον,
2437 4885 2664 4954 πένητα,
2683 4885 2937 4958 ἄρχοντα,
2965 4893 3155 4956 μεταν,
3179 4890 3230 4942 εί
3246 4889 3392 4944 ἐστιν
3420 4890 3579 4945 αὐτοῦ

2012 4969 2104 5021 τὸν
2125 4969 2237 5038 βίον
2269 4967 2471 5022 άλυπον
2500 4969 2698 5038 εὑρεῖν,
2734 4970 2766 5040 ἢ
2801 4969 3123 5040 ἀμέριμνον.
3151 4971 3251 5025 Διὰ
3279 4973 3358 5037 τί;
3382 4974 3478 5026 Διὰ
3498 4974 3578 5034 τὸ,

2027 5053 2122 5104 Ἐν
2163 5050 2354 5119 ἱδρῶτι
2392 5051 2496 5105 τοῦ
2534 5050 2858 5119 προσώπου
2904 5067 3022 5107 σου
3049 5054 3213 5123 spargi
3257 5056 3363 5108 τὸν
3405 5056 3582 5124 ἄρτον

2010 5149 2148 5187 σου.
2191 5135 2303 5188 υύκ
2343 5131 2612 5204 ἠθέλησας
2646 5134 2784 5202 μετὰ
2816 5135 3071 5200 ἀνέσεως·
3103 5139 3161 5190 ὲν
3193 5137 3376 5209 ἱδρῶτι
3423 5139 3576 5208 φάγε.

2014 5219 2089 5271 υύ
2128 5217 2342 5282 κολάζει
2362 5217 2523 5271 αὐτὸν
2542 5217 2706 5289 λιμῷ,
2731 5218 2845 5272 ἀλλ’
2871 5221 3158 5274 ὑποϐάλλει
3178 5223 3417 5294 τιμωρίᾳ
3442 5234 3464 5261 ε
3492 5225 3582 5274 καὶ

2015 5301 2182 5368 πόνῳ.
2206 5301 2406 5356 Λοιπὸν
2434 5301 2519 5365 σὺ,
2539 5303 2568 5354 6
2589 5299 2796 5365 πιστὸς,
2821 5304 2995 5357 ἐκεῖνο
3015 5304 3246 5373 λόγισαι·
3274 5304 3336 5358 Ei
3355 5308 3385 5358 6
3415 5305 3581 5374 ‘A6‘1p.

2073 5471 2253 5536 fConj.
2275 5473 2386 5523 Sav.
2413 5478 2470 5536 τῇ
2491 5479 2569 5536 τῇ.

2075 5533 2104 5573 δ
2131 5533 2182 5582 ln
2215 5548 2326 5583 mss.
2354 5533 2465 5590 ..Eai
2487 5533 2744 5597 I'e'gebalur
2766 5536 3010 5598 prioribus
3028 5535 3212 5587 abrasit
3232 5537 3430 5586 litteris.
3456 5538 3581 5585 Sen-

2011 5608 2094 5661 ευε
2112 5603 2274 5661 anilem
2303 5599 2616 5661 posluialaui
2633 5599 2802 5661 c1i€a_i.
2830 5606 2913 5661 aui
2930 5600 3138 5661 αἱμάξαι,
3165 5601 3244 5661 νει
3265 5599 3384 5660 quid
3405 5602 3580 5648 simile.

2075 5660 2099 5689 ο
2145 5658 2240 5706 Pro
2293 5659 2497 5720 τιμωρίᾳ
2554 5663 2693 5719 putat
2753 5658 2992 5709 Savilius'
3019 5658 3299 5722 legendum‘
3345 5662 3579 5709 ταλαιπω-

2015 5728 2108 5794 ρία.
2133 5728 2340 5788 Recepit
2361 5727 2618 5777 Fomheﬁs.
