4126 6326
439 358 536 414 191
1528 353 1614 409 DE
1652 349 1863 407 MUNDl
1904 345 2297 404 CREATiONE
2337 350 2591 407 ORATIO
2628 350 2713 404 Vl.

436 474 609 542 (Joan.
639 470 729 527 l6.
758 468 872 540 21).
903 468 1165 524 ‘Iristatur
1196 484 1316 523 cum
1360 468 1535 538 parit,
1579 464 1733 521 anxia
1772 474 1854 519 est
1878 463 2006 518 dum

434 564 641 624 nutrit;
669 559 755 614 ubi
787 575 916 628 puer
937 559 1189 629 grandior
1216 568 1318 623 est,
1350 567 1564 612 veretur
1604 572 1670 609 ne
1693 569 1875 608 socors
1902 554 2008 613 sit:

434 653 478 704 si
508 648 892 720 peregrinetur,
923 649 1108 701 metuit
1131 664 1197 701 ne
1224 648 1479 701 moriatur
1501 687 1517 710 ,
1549 662 1615 699 ne
1637 646 1688 697 in
1712 646 1898 697 morbo
1927 643 2009 697 vel

435 744 486 795 in
515 755 749 795 mrumna
777 750 1035 793 versetur.
1083 738 1175 792 His
1214 739 1294 791 vir
1330 752 1434 791 non
1462 746 1542 789 cst
1567 735 1863 796 obnoxius;
1909 731 2010 787 etsi

434 832 574 885 enim
602 840 754 900 pater
782 829 851 883 sit
876 828 1165 891 soliicitus,
1218 844 1322 881 non
1363 826 1581 896 perinde
1626 835 1802 878 tamen
1850 833 2010 892 atque

434 932 636 986 mater;
680 922 777 976 seu
811 922 1041 989 seipsum
1078 921 1379 974 consolatur
1418 919 1602 972 dicens
1640 935 1652 969 :
1699 918 1870 971 llomo
1903 926 2005 982 est,

435 1015 535 1067 scit
563 1013 661 1067 sibi
697 1013 1031 1081 prospicere;
1073 1026 1241 1080 neque
1268 1010 1457 1063 anxius
1485 1018 1589 1063 est.
1634 1008 1847 1075 Quare?
1877 1008 2009 1074 Quia

435 1122 540 1159 non
570 1106 771 1159 audivit
796 1105 883 1158 ille
918 1122 930 1157 :
960 1102 1027 1157 In
1052 1102 1305 1157 doloribus
1334 1103 1501 1172 paries
1528 1102 1680 1168 ﬁlios.
1735 1100 2007 1155 insolitum

436 1211 606 1265 penis
622 1211 787 1265 genus
804 1214 817 1247 :
834 1192 1158 1263 experientia
1172 1194 1317 1247 testis
1336 1201 1439 1246 est.
1456 1193 1585 1245 Cum
1605 1191 1817 1246 dolores
1833 1204 2010 1260 partus

432 1286 709 1341 mulierem
752 1284 1031 1345 invadunt,
1072 1298 1139 1337 ne
1164 1283 1216 1336 in
1248 1282 1374 1352 ipsis
1401 1282 1611 1351 quidem
1643 1281 1909 1337 laboribus
1936 1282 2012 1334 vi-

436 1394 552 1432 rum
582 1374 825 1445 despicit.
865 1374 979 1429 Non
1018 1373 1179 1436 dicit,
1214 1372 1420 1427 Utinam
1451 1373 1643 1441 uuptia:
1672 1386 1777 1426 non
1806 1378 2006 1437 essent,

436 1472 634 1523 utinam
686 1482 789 1522 non
831 1477 971 1521 esset
1021 1466 1305 1519 liberorum
1350 1463 1667 1533 procreatio.
1725 1461 1840 1517 Non
1882 1461 2009 1516 sinit

438 1561 578 1614 Deus
602 1559 744 1613 illam
775 1565 891 1627 post
921 1555 1077 1610 talem
1099 1555 1475 1625 experientiam
1504 1553 1680 1608 odisse
1707 1553 1880 1607 virum
1910 1569 1923 1604 :
1955 1560 2010 1606 at

437 1652 559 1705 licet
586 1651 731 1703 novit
758 1648 882 1718 quid
913 1662 1087 1716 passa,
1118 1644 1242 1715 quid
1267 1654 1481 1715 experta
1504 1645 1601 1709 sit,
1629 1645 1800 1698 virum
1834 1655 2009 1698 tamen

436 1741 622 1809 diligit.
654 1739 794 1803 Ideo,
824 1737 888 1791 In
913 1735 1168 1791 doloribus
1189 1736 1352 1804 paries
1376 1736 1527 1804 ﬁlios,
1546 1745 1590 1789 et
1606 1735 1671 1787 ad
1693 1736 1851 1787 virum
1870 1743 2010 1787 tuum

438 1832 688 1883 conversio
730 1839 851 1895 tua,
894 1838 941 1882 et
982 1828 1090 1899 ipse
1131 1826 1471 1881 dominabitur
1507 1827 1579 1879 tui
1623 1824 1772 1898 (Gen.
1802 1826 1855 1880 5.
1891 1827 2005 1897 16).

437 1922 568 1987 Quia
592 1921 700 1990 jam
731 1921 865 1975 male
912 1920 1178 1988 imperasti
1204 1960 1217 1979 .
1268 1928 1322 1973 et
1353 1917 1636 1971 voluntatis
1681 1926 1781 1970 tua:
1825 1933 2010 1971 servus

437 2012 653 2067 allectus
694 2021 809 2075 est,
854 2012 1093 2066 ordinem
1133 2011 1282 2063 solvo
1315 2027 1328 2063 :
1373 2010 1485 2079 ipse
1527 2009 1774 2065 dominus
1802 2011 1888 2073 sit,
1918 2010 2008 2080 qui

438 2121 541 2158 non
568 2113 651 2158 est
674 2104 945 2172 deceptus.
980 2101 1103 2157 ldeo
1130 2102 1321 2155 Paulus
1348 2102 1419 2154 ait
1446 2118 1458 2152 :
1494 2099 1697 2154 Mulieri
1725 2111 1887 2155 autem
1912 2101 2008 2153 do-

427 2212 544 2250 cere
582 2212 682 2249 non
712 2198 940 2264 permitto
960 2236 974 2257 ,
1015 2209 1171 2262 neque
1208 2192 1458 2246 dominari
1500 2193 1553 2245 in
1582 2194 1741 2245 virum
1768 2194 1842 2260 (l.
1871 2191 2005 2246 Tim.

434 2287 491 2342 ἓ.
516 2286 625 2357 η).
679 2286 807 2339 Nam
846 2285 982 2339 male
1005 2286 1230 2354 primum
1258 2283 1439 2337 docuit
1462 2283 1511 2336 in
1537 2282 1798 2352 paradiso.
1833 2280 2010 2351 Neque

431 2379 681 2433 dominari
707 2379 761 2432 in
783 2380 979 2432 virum:
1000 2378 1138 2431 male
1160 2377 1303 2431 enim
1332 2376 1597 2430 dominata
1619 2385 1723 2431 est.
1754 2375 1863 2429 Hoc
1880 2389 2009 2443 ergo

434 2484 589 2523 sensu
614 2470 767 2539 jubet
792 2469 985 2524 Paulus
1015 2468 1283 2522 mulierem
1314 2482 1417 2522 non
1444 2467 1655 2531 docere,
1685 2466 1754 2521 ob
1788 2482 1850 2520 ea
1890 2481 2009 2536 quae

433 2563 484 2616 in
530 2562 774 2630 paradiso
802 2572 1091 2616 evenerant
1123 2578 1135 2612 :
1167 2575 1265 2614 nec
1310 2574 1409 2614 nos
1438 2558 1761 2628 50phismate
1790 2558 2005 2611 utimur.

432 2653 566 2706 Audi
595 2667 715 2707 eum
746 2670 759 2705 :
793 2650 999 2705 Mulieri
1020 2661 1185 2704 autem
1212 2650 1386 2703 docere
1422 2666 1522 2703 non
1566 2652 1815 2718 permitto,
1854 2666 2009 2719 neque

434 2744 681 2797 dominari
708 2746 758 2796 in
787 2745 963 2797 virum.
993 2743 1058 2797 Et
1082 2754 1138 2797 ut
1164 2742 1408 2797 ostendat
1429 2758 1508 2808 se,
1541 2742 1659 2796 ideo
1679 2743 1727 2795 id
1750 2751 2005 2809 statuere,

433 2837 607 2891 subdit
640 2855 652 2889 :
685 2836 848 2889 Adam
883 2837 1014 2889 enim
1042 2852 1141 2889 non
1166 2845 1238 2889 est
1268 2837 1500 2889 seductus
1524 2877 1539 2898 ,
1582 2836 1762 2889 mulier
1788 2851 1900 2889 vero
1924 2852 2007 2889 se-

434 2930 581 2983 ducta
603 2940 677 2983 est
704 2930 757 2983 in
778 2927 1363 3005 pravaricationeUbid.
1393 2944 1441 2983 υ.
1476 2925 1587 3000 14).

504 3023 590 3077 l0.
640 3021 807 3074 Maria
836 3023 973 3092 virgo
1012 3037 1102 3093 pro
1142 3020 1330 3091 virgine
1357 3019 1466 3073 Eva
1507 3019 1785 3073 intercedit.
1839 3019 2009 3073 Maria

434 3114 653 3182 quotidie
676 3113 816 3167 beata
844 3113 1042 3166 dicitur.
1071 3142 1143 3152 —
1165 3111 1302 3178 Quid
1330 3112 1526 3181 igitur?
1555 3111 1881 3165 damnationi
1911 3112 2008 3164 ob-

435 3206 623 3259 noxius
650 3216 730 3259 est
756 3205 991 3259 mulieris
1016 3218 1194 3267 sexus,
1219 3213 1500 3273 manetque
1522 3203 1571 3255 in
1595 3203 1886 3265 doloribus,
1909 3218 2009 3258 nec

435 3296 697 3350 vinculum
732 3296 990 3348 solvitur?
1034 3294 1188 3348 Venit
1217 3293 1457 3348 Christus
1486 3293 1569 3362 qui
1602 3294 1870 3347 vinculum
1901 3294 2008 3347 sol-

433 3390 508 3442 vit
537 3390 803 3445 :occurrit
829 3405 890 3443 ea
918 3405 1033 3457 qua:
1069 3389 1343 3442 Dominum
1379 3388 1577 3456 peperit
1607 3427 1622 3451 ,
1654 3388 1802 3440 sexui
1835 3397 2008 3455 patro-

434 3484 652 3546 cinans,
697 3490 875 3534 sancta
924 3480 1082 3549 Virgo
1127 3494 1222 3547 pro
1258 3479 1495 3548 virgine;
1545 3494 1666 3533 nam
1717 3478 1863 3548 virgo
1892 3488 2008 3533 erat

437 3573 544 3625 Eva
585 3588 704 3626 cum
740 3571 1002 3641 peccavit;
1050 3570 1311 3623 damnatae
1350 3569 1589 3623 dolorem
1623 3568 1812 3634 solvit,
1851 3580 2008 3640 atque

434 3665 706 3731 gemitum.
733 3663 877 3718 Sicut
903 3663 1042 3715 enim
1082 3661 1126 3714 si
1153 3662 1272 3731 quis
1297 3662 1347 3714 in
1381 3662 1575 3730 regiam
1605 3670 1819 3716 vocetur
1838 3703 1851 3725 ,
1882 3677 2008 3717 suos

436 3751 723 3808 honoribus
750 3767 941 3822 augere
969 3750 1178 3825 studet,
1207 3764 1270 3805 ac
1293 3790 1309 3815 ,
1346 3750 1389 3805 si
1422 3751 1472 3804 in
1509 3752 1747 3820 angustia
1791 3753 2005 3819 fuerint,

436 3843 695 3897 liberare:
722 3844 798 3896 sic
816 3850 998 3896 sancta
1025 3842 1179 3910 Virgo
1204 3842 1256 3895 in
1284 3842 1480 3910 regiam
1511 3851 1717 3907 vocata,
1741 3853 1796 3897 ut
1815 3844 2008 3899 divina:

436 3934 760 4004 generationi
790 3934 1145 3994 ministraret,
1179 3932 1391 3986 insolito
1421 3932 1617 3987 donata
1650 3944 1801 4002 partu
1828 3975 1842 3998 ,
1872 3934 2007 3990 hanc

438 4026 658 4094 primam
686 4027 905 4095 gratiam
937 4027 1096 4094 petit,
1141 4025 1249 4079 imo
1286 4025 1500 4095 accipit.
1548 4027 1681 4093 Quia
1712 4043 1818 4082 non
1853 4029 2009 4083 dece-

438 4117 526 4171 bat
548 4117 714 4186 cnlpze
730 4117 1010 4171 obnoxiam
1044 4117 1288 4172 feminam
1312 4119 1581 4173 innoxium
1606 4119 1840 4190 gignere,
1864 4123 2010 4177 venit

437 4208 482 4261 is
510 4208 596 4277 qui
628 4209 797 4276 primo
830 4209 952 4261 Eva:
981 4209 1243 4264 tristitiam
1264 4226 1357 4279 per
1378 4210 1625 4280 gaudium
1653 4212 1828 4266 solvit.
1853 4213 2010 4269 Venit

436 4298 653 4367 angelus
684 4298 879 4367 Virgini
909 4299 1087 4353 dicens
1118 4318 1131 4354 :
1162 4302 1448 4372 Ave,gratia
1465 4303 1610 4372 plena
1637 4302 1784 4375 (Luc.
1812 4306 1862 4358 l.
1890 4305 2004 4378 9.8).

437 4386 569 4443 Tum
599 4404 690 4458 per
717 4389 935 4454 Ave,seu
975 4389 1151 4443 Gaude
1178 4391 1325 4457 illud,
1356 4393 1583 4447 tristitia:
1610 4395 1874 4448 vinculum
1900 4397 2009 4451 sol-

439 4480 528 4532 vit.
567 4480 706 4545 Ave;
732 4481 875 4533 venit
895 4480 937 4533 is
956 4481 1042 4550 qui
1064 4482 1215 4536 solvit
1234 4482 1516 4537 tristitiam.
1537 4484 1818 4553 Ave,gratia
1836 4486 2007 4553 plena,

436 4572 557 4639 quia
586 4570 839 4624 hactenus
880 4570 1163 4625 maledicto
1200 4571 1448 4637 obnoxia.
1507 4573 1602 4628 llic
1652 4574 1743 4628 Dei
1784 4577 2005 4644 gratiam

436 4662 812 4716 animadverte.
843 4664 1133 4732 Ave,gratia
1161 4663 1309 4730 plena
1331 4703 1346 4727 ,
1377 4663 1624 4718 Dominus
1647 4675 1826 4719 tecum.
1876 4669 2008 4733 Quia

434 4766 555 4806 cum
599 4753 684 4807 illa
714 4768 935 4822 serpens
974 4755 1023 4807 in
1065 4753 1272 4807 tristitia
1294 4795 1309 4820 ,
1336 4754 1533 4824 gaude,
1562 4755 1683 4824 quia
1716 4765 1885 4810 tecum
1925 4768 2009 4812 est

436 4843 594 4898 Deus.
627 4846 703 4898 Ac
735 4844 852 4897 vide
877 4845 1047 4912 angeli
1080 4860 1261 4898 vocem
1286 4885 1300 4909 ,
1330 4846 1593 4914 quomodo
1620 4857 1781 4902 totam
1812 4848 2008 4904 Christi

432 4932 880 5005 dispensationem
930 4939 1177 5005 explicat.
1228 4938 1517 5009 Ave,gratia
1542 4940 1709 5007 plena.
1757 4941 1888 5009 Quia
1919 4944 2006 4997 illa

429 5025 695 5095 duplicem
725 5030 1143 5084 maledictionem
1172 5031 1409 5099 accepit,
1448 5030 1709 5086 tristitiam
1749 5042 1802 5088 et
1836 5036 2006 5103 gemi-

429 5128 544 5172 tum
579 5132 777 5189 partus,
810 5121 1010 5174 inducit
1034 5133 1261 5189 partum,
1285 5123 1373 5191 qui
1401 5123 1570 5176 solvat
1597 5124 1825 5191 priorem
1855 5125 2004 5179 illum

424 5219 662 5275 partum.
718 5210 848 5263 Ecce
876 5213 1121 5279 concipies
1151 5212 1201 5264 in
1230 5221 1367 5265 utero
1390 5252 1403 5274 ,
1448 5222 1493 5264 et
1532 5213 1694 5280 paries
1734 5213 1898 5280 filium
1917 5258 1931 5280 ,
1960 5226 2007 5269 et

418 5300 627 5353 vocabis
654 5318 829 5355 nomen
851 5303 958 5367 eius
982 5302 1156 5357 Jesum
1192 5301 1348 5368 (Ibid.
1378 5320 1424 5356 v.
1456 5304 1571 5373 5l).
1595 5304 1718 5375 Ipse
1744 5309 1874 5361 enim
1898 5308 2004 5361 sal-

412 5405 549 5443 vum
580 5393 724 5461 faciet
756 5393 1000 5461 populum
1038 5410 1183 5447 suum
1208 5411 1239 5445 a
1266 5397 1478 5461 peccatis
1505 5412 1678 5449 eorum
1708 5396 1919 5466 (Matth.
1954 5400 2001 5452 l.

414 5480 551 5547 21).
595 5482 807 5537 Patrum
840 5493 1046 5537 tuorum
1088 5495 1298 5553 peccata
1328 5487 1480 5540 solvit
1505 5489 1593 5557 qui
1624 5504 1689 5542 ex
1725 5498 1776 5543 te
1804 5488 2005 5543 fructus

425 5572 619 5626 oritur.
661 5574 778 5630 Jam
811 5583 1009 5627 mutata
1039 5591 1123 5630 res
1151 5584 1252 5630 est.
1304 5576 1567 5633 llactenus
1603 5579 1692 5647 qui
1722 5580 1882 5635 Evam
1912 5596 2006 5634 au-

428 5662 685 5730 diebant,
718 5666 966 5717 miseram
1002 5665 1355 5731 praedicabant
1385 5685 1397 5720 :
1432 5667 1518 5721 Va:
1547 5667 1755 5723 misera:
1790 5687 1803 5723 :
1835 5684 2005 5738 quan-

430 5765 545 5807 tam
576 5755 793 5823 gloriam
825 5751 1039 5807 amisit!
1085 5770 1165 5809 va:
1195 5756 1403 5812 misera:
1432 5775 1443 5810 :
1475 5767 1669 5827 quanta
1706 5773 1861 5829 passa
1887 5761 2002 5816 est!

3574 346 3680 402 498

2115 463 2275 519 Maria
2301 464 2536 521 uuotidie
2558 443 2790 518 omnium
2809 479 2937 519 voce
2961 463 3126 531 audit,
3156 462 3311 516 Beata
3343 477 3358 516 :
3386 473 3511 514 sane
3535 459 3690 530 plena

2116 554 2317 623 Spiritu
2345 566 2546 609 saneto.
2580 556 2655 607 Ac
2675 554 2887 608 demum
2916 554 3210 607 vaticinans
3243 550 3399 619 Virgo
3421 550 3540 604 audi
3563 549 3688 619 quid

2114 647 2256 701 dieat
2287 665 2299 701 :
2329 646 2627 701 Benedictus
2655 645 2899 701 Dominus
2928 644 3062 699 Deus
3088 644 3285 711 Israel,
3329 645 3446 713 quia
3474 643 3694 711 respexit

2116 736 2445 789 humilitatem
2468 736 2670 790 ancilla:
2704 751 2812 789 sua!
2836 751 2855 790 :
2884 751 2948 789 ea:
2976 737 3069 788 hoc
3111 737 3239 788 enim
3279 734 3476 787 beatam
3505 750 3585 786 nte
3613 735 3692 785 dt-

2114 838 2221 880 cent
2244 844 2411 881 omnes
2439 827 2781 897 generationes
2822 825 2968 896 (Luc.
3004 827 3053 880 l.
3078 826 3167 880 68.
3198 836 3242 879 et
3270 827 3380 896 48).
3416 825 3482 880 Ut
3507 835 3693 879 osten-

2114 916 2205 970 dat
2228 932 2286 971 se
2316 932 2592 985 personam
2616 916 2741 970 Erae
2766 926 3003 986 gestare,
3034 916 3114 969 Me
3138 915 3202 969 ad
3230 914 3330 969 hoc
3358 930 3523 983 usque
3554 923 3693 968 tem-

2117 1023 2243 1077 pus,
2298 1010 2495 1078 inquit,
2548 1010 2882 1063 contumelia:
2930 1007 3190 1070 babitam,
3237 1024 3299 1060 ex
3332 1018 3439 1061 tum
3482 1008 3691 1061 beatam

2115 1101 2146 1152 d
2170 1109 2291 1154 cent
2313 1116 2500 1154 omnes
2526 1100 2909 1169 generationes.
2934 1099 3157 1168 thuid,
3187 1101 3407 1168 inquies,
3426 1100 3499 1153 illi
3532 1098 3693 1167 prod-

2114 1204 2229 1256 est,
2283 1211 2403 1248 cum
2446 1210 2548 1247 non
2584 1193 2804 1247 audiat?
2850 1196 2916 1246 At
2943 1207 3128 1247 revera
3161 1192 3345 1255 audit,
3374 1192 3514 1260 quod
3542 1192 3610 1245 sit
3640 1194 3691 1245 in

2114 1284 2390 1352 Splendido
2433 1284 2580 1347 loco,
2626 1285 2677 1337 iu
2710 1284 2923 1354 regione
2949 1283 3225 1344 vivorum.
3273 1292 3442 1335 mater
3484 1283 3689 1346 salutis,

2115 1371 2233 1427 fnns
2259 1373 2389 1427 lucis
2409 1415 2424 1438 ,
2456 1389 2573 1443 qua:
2608 1383 2661 1428 et
2686 1389 2843 1428 sensu
2872 1383 2925 1428 et
2965 1384 3141 1426 mente
3184 1372 3501 1441 percipitur;
3533 1388 3693 1426 sensu

2114 1475 2331 1533 propter
2355 1480 2592 1527 carnem,
2625 1478 2803 1521 mente
2832 1477 3051 1537 propter
3077 1465 3425 1519 divinitatem.
3472 1466 3559 1521 Sic
3588 1467 3693 1519 ita—

2113 1570 2216 1624 que
2241 1572 2454 1624 prorsus
2480 1558 2997 1637 beatapra‘dicalur.
3028 1556 3136 1610 lmn
3158 1556 3316 1611 etiam
3344 1556 3467 1611 dum
3494 1557 3694 1611 viveret

2115 1647 2168 1701 in
2198 1662 2358 1701 carne
2378 1689 2392 1710 ,
2425 1648 2575 1702 beata
2603 1648 3022 1719 praedicabatur:
3051 1648 3251 1702 audivit
3288 1648 3428 1703 enim
3464 1646 3692 1703 beatitu-

2113 1738 2290 1793 dinem
2322 1738 2461 1793 illam
2487 1754 2608 1793 cum
2628 1738 2800 1793 adhuc
2825 1739 2875 1792 in
2899 1753 3059 1793 carne
3087 1746 3248 1793 esset.
3295 1736 3389 1791 Illa
3417 1738 3590 1807 primo
3614 1739 3693 1791 vi-

2112 1828 2222 1894 dit,
2250 1845 2313 1884 ac
2338 1829 2530 1884 deinde
2555 1845 2621 1883 ex
2654 1830 2842 1884 arbore
2868 1830 3129 1899 gustavit;
3172 1828 3286 1884 haac
3327 1830 3499 1897 primo
3537 1828 3690 1895 dixit,

2113 1931 2167 1977 et
2188 1930 2311 1977 tunc
2335 1922 2711 1976 beatitudinem
2736 1920 2953 1975 audivit.
2997 1920 3129 1974 Cum
3160 1920 3301 1974 enim
3328 1919 3567 1974 Salvator
3591 1919 3692 1974 do-

2072 2002 2077 2005 ’
2112 2023 2295 2077 ceret,
2329 2014 2590 2068 Extollens
2612 2030 2778 2067 vocem
2807 2012 3040 2081 quendam
3078 2012 3259 2066 mulier
3283 2012 3346 2065 de
3375 2012 3518 2065 turba
3540 2010 3689 2082 (Luc.

2114 2107 2200 2161 ll.
2226 2105 2340 2177 27),
2372 2106 2578 2161 cunctis
2606 2105 2962 2170 audientibus,
2985 2103 3113 2157 dicit
3141 2103 3217 2157 illi
3250 2121 3263 2157 :
3290 2102 3478 2156 Beatus
3512 2112 3687 2155 venter

2111 2200 2196 2269 qui
2222 2209 2269 2253 te
2297 2200 2529 2267 portavit,
2554 2209 2597 2252 et
2617 2197 2770 2251 ubera
2795 2213 2907 2267 qnte
2924 2197 3121 2251 suxisti.
3138 2196 3397 2251 Ca2terum
3420 2196 3471 2250 in
3488 2196 3692 2251 Adamo

2112 2290 2349 2358 implevit
2388 2291 2526 2344 Deus
2552 2290 2867 2344 sententiam
2893 2328 2911 2353 ,
2944 2289 3049 2341 imo
3076 2303 3201 2341 vero
3232 2287 3551 2357 {uenitentim
3574 2302 3690 2341 me-

2111 2380 2321 2444 delam,
2370 2382 2591 2449 aitque:
2625 2379 2757 2445 Quia
2802 2379 2989 2432 audisti
3032 2395 3199 2432 vocem
3249 2378 3419 2432 uxoris
3467 2388 3598 2443 tuae,
3642 2384 3691 2431 et

2112 2472 2369 2526 comedisti
2394 2472 2457 2526 de
2493 2472 2629 2541 ligno
2646 2513 2659 2534 ,
2690 2486 2751 2524 ex
2775 2487 2873 2541 quo
2899 2485 3232 2542 preceperam
3266 2470 3354 2523 tibi
3380 2486 3441 2523 ne
3463 2469 3692 2523 comede-

2112 2582 2209 2629 res,
2238 2565 2499 2617 maledicta
2526 2574 2657 2616 terra
2683 2566 2735 2615 in
2771 2564 3000 2630 operibus
3022 2564 3118 2616 tuis
3150 2561 3301 2633 (Gen.
3325 2560 3377 2617 5.
3413 2563 3525 2633 17).
3556 2564 3690 2617 littr-

2111 2670 2202 2709 sus
2235 2654 2323 2724 qui
2354 2653 2664 2708 benedictus
2692 2654 2901 2719 fuerat,
2933 2653 3356 2708 maledictionem
3388 2669 3491 2708 non
3523 2654 3690 2707 susci-

2112 2748 2224 2815 pit,
2253 2745 2345 2800 sed
2377 2756 2534 2799 terra.
2568 2745 2719 2798 Alius
2756 2746 3031 2815 peccavit,
3063 2745 3163 2799 alia
3203 2746 3439 2799 caeditur.
3469 2744 3537 2801 Ut
3567 2746 3689 2800 Eva:

2112 2837 2414 2891 maledictio
2446 2854 2458 2889 :
2490 2838 2594 2890 imo
2632 2838 2805 2905 potius
2844 2836 3180 2901 emendatio;
3229 2851 3330 2889 non
3358 2838 3499 2890 enim
3524 2836 3689 2889 male-

2110 2928 2272 2981 dictio
2322 2935 2475 2987 crat,
2527 2927 2620 2982 sed
2664 2928 2966 2981 emendatio
3011 2942 3024 2979 :
3069 2926 3509 2995 quemadmodum
3563 2928 3686 2982 Eva:

2111 3020 2391 3085 correctio,
2417 3018 2481 3072 In
2510 3020 2767 3073 doloribus
2792 3020 2957 3087 paries
2988 3017 3204 3089 (etenim
3227 3018 3399 3070 omnis
3425 3017 3612 3072 mulier
3634 3019 3684 3071 in

2110 3115 2380 3169 doloribus
2435 3112 2636 3183 parit),
2692 3113 2946 3166 hactenus
2993 3112 3184 3165 mansit
3214 3129 3225 3163 :
3259 3111 3336 3165 sic
3372 3120 3424 3163 et
3450 3110 3637 3163 Adami
3669 3129 3683 3166 :

2113 3204 2385 3258 Maledicta
2407 3204 2602 3256 terrain
2624 3202 2854 3270 operibus
2881 3203 2997 3254 tuis.
3027 3200 3274 3255 Nostrum
3302 3216 3460 3269 opera
3488 3201 3683 3271 iniqua,

2111 3308 2164 3351 et
2192 3307 2327 3350 terra
2358 3295 2619 3363 plectitur.
2652 3291 2757 3346 Nos
2780 3306 3079 3360 peccamus,
3108 3301 3162 3345 et
3188 3300 3328 3344 terra
3357 3290 3684 3345 maledictio-

2113 3404 2233 3442 nem
2258 3386 2468 3454 accipit.
2520 3384 2695 3438 Parcit
2740 3384 2875 3436 Deus
2904 3380 3138 3451 opificio,
3186 3389 3244 3434 ut
3286 3381 3514 3451 ingenuo
3556 3382 3683 3448 tilio,

2113 3492 2304 3535 terram
2334 3490 2390 3535 ut
2419 3479 2760 3549 pmdagogum
2790 3478 2985 3547 plectit.
3030 3475 3305 3530 Maledicta
3332 3487 3465 3530 terra
3490 3478 3543 3531 in
3567 3495 3685 3547 ope-

2110 3572 2247 3626 ribus
2273 3573 2387 3625 tuis.
2417 3570 2494 3625 Ne
2520 3569 2827 3624 consideres
2864 3579 3105 3621 naturam
3131 3608 3146 3632 ,
3195 3567 3287 3620 sed
3326 3567 3416 3621 Dei
3442 3570 3684 3637 gratiam.
3728 3598 3735 3607 ι

2111 3664 2225 3718 Νοιι
2267 3662 2506 3715 absolute
2534 3660 2700 3725 dixit,
2746 3657 3022 3711 Maledicta
3050 3668 3182 3710 terra
3210 3672 3229 3710 :
3259 3673 3378 3711 nam
3407 3658 3683 3712 maledicta

2112 3755 2432 3816 mansisset,
2483 3760 2537 3805 et
2580 3751 2781 3804 fructus
2810 3766 2913 3803 non
2959 3749 3197 3812 tulisset;
3239 3749 3684 3815 quemadmodum

2110 3844 2243 3898 dixit
2268 3843 2387 3896 (icui
2423 3859 2434 3894 :
2470 3840 2591 3894 Non
2620 3842 2752 3894 ultra
2787 3856 2848 3892 ea:
2882 3851 2928 3891 te
2951 3849 3091 3892 exeat
3116 3840 3319 3910 "fructus
3343 3881 3357 3905 ,
3404 3850 3450 3893 et
3489 3844 3685 3894 exaruit

2113 3937 2323 4008 (Matth.
2353 3935 2444 3989 2|.
2479 3935 2565 4003 l9)
2596 3950 2609 3985 :
2638 3935 2714 3987 sic
2750 3943 2803 3985 et
2849 3932 2899 3985 in
2948 3941 3088 3986 terra
3134 3933 3363 3985 futurum
3405 3942 3558 3998 erat;
3592 3932 3685 3986 scd

2111 4030 2203 4093 ait,
2231 4027 2295 4080 In
2321 4027 2552 4097 operibus
2584 4024 2698 4078 tuis.
2728 4022 2948 4091 Quando
2976 4037 3158 4092 pecco,
3192 4022 3481 4091 percutitur
3510 4033 3682 4086 terra;

2112 4120 2323 4192 quando
2366 4130 2511 4173 recte
2556 4116 2780 4181 incedo,
2824 4116 2967 4169 illam
2996 4115 3280 4170 benedicit.
3330 4115 3399 4169 At
3423 4115 3541 4171 vide
3570 4132 3683 4168 rem

2113 4213 2324 4267 miram.
2349 4210 2570 4277 Quando
2596 4210 2794 4264 creavit
2819 4208 2957 4263 Deus
2984 4217 3202 4272 terram,
3234 4224 3399 4274 mare,
3423 4209 3681 4272 volatilia,

2113 4304 2341 4375 reptilia,
2373 4303 2593 4364 bestias,
2623 4301 2913 4366 hominem,
2936 4301 3113 4355 omnia
3139 4301 3409 4356 benedixit
3440 4320 3452 4354 :
3483 4304 3685 4357 fructus

2112 4408 2239 4448 vero
2282 4408 2386 4447 non
2434 4391 2735 4453 benedixit,
2766 4390 2909 4461 quod
2950 4405 3141 4459 nempe
3167 4391 3325 4445 sciret
3362 4391 3500 4445 hanc
3531 4402 3685 4446 terra:

2114 4493 2375 4539 servatam
2401 4498 2517 4539 esse
2547 4499 2779 4553 pinnam,
2807 4493 2863 4538 ut
2889 4484 3229 4552 peccantibus
3255 4484 3555 4540 hominibus
3576 4496 3685 4541 ste-

2112 4578 2305 4631 rilitate
2350 4575 2704 4646 plecteretur,
2740 4584 2793 4629 et
2833 4575 2997 4643 probe
3024 4576 3320 4643 agentibus,
3362 4576 3683 4631 fertilitatem

2111 4671 2392 4737 acciperet.
2434 4667 2547 4721 Non
2575 4668 2841 4722 benedixit
2867 4667 3121 4722 fructibus
3146 4687 3160 4722 :
3187 4669 3382 4723 donum
3412 4672 3553 4724 enim
3574 4682 3687 4725 erat

2113 4761 2227 4815 sine
2249 4756 2573 4828 paenitentia.
2595 4758 2784 4826 Spinas
2797 4768 2841 4811 et
2862 4757 3066 4811 tribulos
3088 4760 3323 4828 producet
3348 4760 3452 4813 tibi.
3477 4760 3683 4830 Magna,

2112 4853 2309 4922 inquit,
2353 4850 2680 4919 despexisti;
2717 4850 3007 4903 minoribus
3051 4852 3317 4919 plectaris.
3372 4852 3500 4905 Vide
3525 4868 3681 4920 quam

2113 4944 2399 4998 moderatae
2428 4943 2534 4995 sint
2563 4943 2952 5011 castigationes.
3001 4942 3161 5011 Spina
3192 4943 3436 4997 occidere
3464 4945 3642 5011 nequit
3667 4961 3681 5005 ;

2111 5046 2390 5090 cruentare
2414 5042 2604 5103 p0test.
2631 5033 2692 5086 Et
2714 5032 2954 5087 comedet
2976 5045 3166 5087 terram
3196 5034 3247 5086 in
3273 5033 3559 5087 doloribus.
3595 5033 3681 5085 Illa

2113 5129 2247 5195 parit
2273 5127 2323 5179 in
2346 5125 2618 5179 doloribus
2642 5142 2656 5189 ;
2686 5135 2741 5178 tu
2761 5125 2980 5179 comede
3002 5125 3051 5178 in
3074 5124 3361 5179 doloribus.
3381 5124 3508 5177 Nam
3531 5135 3685 5178 vetus

2113 5216 2201 5269 illa
2240 5216 2497 5269 sententia
2539 5217 2792 5268 hactenus
2820 5224 3014 5268 manet.
3061 5214 3129 5267 Et
3154 5215 3269 5268 vide
3294 5214 3419 5266 mihi
3443 5212 3679 5277 divitem,

2110 5322 2415 5378 pauperem,
2448 5307 2756 5374 principem,
2784 5321 3052 5374 magnum,
3088 5321 3211 5357 num
3245 5305 3346 5357 vita
3372 5304 3485 5373 ejus
3520 5306 3685 5372 possit

2113 5399 2226 5452 sine
2250 5398 2431 5452 dolore
2456 5406 2509 5451 et
2540 5414 2663 5450 cura
2696 5398 2938 5450 inveniri.
2969 5395 3185 5462 Quare?
3219 5394 3475 5461 Quoniam
3507 5394 3572 5446 In
3598 5412 3685 5447 su-

2113 5490 2233 5542 dore
2260 5490 2423 5543 vultus
2441 5490 2513 5541 tui
2543 5490 2749 5542 vesceris
2776 5505 2905 5557 pane
2929 5498 3014 5540 tuo
3045 5485 3193 5554 (Gen.
3219 5487 3271 5539 5.
3304 5485 3414 5553 l9).
3460 5486 3685 5541 Noluisti

2114 5582 2428 5651 tranquille;
2459 5582 2509 5635 in
2535 5581 2727 5636 sudore
2748 5580 2990 5634 comede.
3038 5578 3151 5631 Non
3176 5579 3325 5646 punit
3349 5579 3493 5631 illum
3522 5578 3683 5639 fame,

2112 5670 2205 5724 sed
2249 5672 2474 5725 miseriae
2510 5680 2666 5741 atque
2710 5669 2877 5723 labori
2920 5667 3150 5734 subjicit.
3205 5666 3320 5720 Jam
3358 5675 3445 5727 tu,
3496 5667 3684 5731 fidelis,

2112 5760 2239 5816 illud
2271 5762 2463 5832 cogita.
2509 5761 2565 5817 Si
2596 5761 2762 5815 Adam
2803 5758 2917 5813 sine
2956 5756 3151 5812 sudore
3180 5772 3367 5827 panem
3400 5772 3504 5811 non
3533 5772 3686 5813 coui-
