4126 6326
502 341 610 399 499

496 454 639 515 edit,
671 466 769 506 nos
802 450 1070 521 quomodo
1114 451 1231 506 sine
1272 449 1542 505 laboribus
1574 449 1965 519 sudoribusque
1992 465 2081 504 re-

491 559 655 614 gnum
678 544 923 597 ctelorutn
945 542 1369 611 consequamur?
1392 540 1581 605 Donec,
1610 541 1798 610 inquit,
1818 541 2083 595 revertaris

495 637 549 688 in
573 644 773 696 terram,
804 635 865 687 de
887 650 987 703 qua
1000 643 1229 704 sumptus
1254 648 1325 687 es.
1351 630 1395 687 Ο
1414 632 1730 687 sententiam
1752 632 1765 684 !
1795 647 1827 684 0
1848 635 2081 684 clemen-

498 726 623 778 tiam
655 734 797 777 metu
829 723 1079 792 plenam!
1123 740 1155 776 o
1204 724 1518 777 sententiam
1563 723 1928 777 consolatione
1970 724 2080 790 ple-

494 818 657 873 nam!
718 817 960 872 Nondum
1005 817 1322 885 expulerat,
1377 827 1430 869 et
1483 816 1783 870 revocavit!
1842 816 2077 869 nondum

496 911 745 979 ejecerat,
776 918 831 964 et
864 910 1181 977 resumpsit!
1218 908 1387 961 Donec
1419 908 1682 962 revertan's
1712 908 1765 960 in
1790 917 1995 972 terram,
2018 907 2081 960 de

491 1020 595 1071 qua
633 1014 859 1070 sumptus
910 1020 979 1056 es.
1037 1002 1149 1056 Non
1179 1002 1347 1067 dixit,
1399 1002 1574 1056 Donec
1603 1001 1863 1066 delcaris,
1907 1002 2079 1055 donec

490 1092 840 1154 dissolvat'is;
879 1092 970 1146 sed
991 1133 1005 1154 ,
1058 1091 1230 1145 Donec
1262 1092 1524 1145 revertaris
1548 1092 1600 1144 in
1629 1102 1813 1145 terram
1835 1131 1850 1156 ,
1891 1092 1954 1144 de
1980 1108 2080 1160 qua

495 1193 726 1252 sumptus
768 1200 819 1237 es
846 1199 865 1237 :
892 1193 949 1237 ut
996 1183 1087 1237 tibi
1134 1199 1281 1249 spem
1330 1182 1736 1236 resurrectionis
1766 1182 2074 1235 substituas.

492 1276 594 1331 Illo
625 1286 675 1331 te
705 1276 859 1331 mitto
878 1317 891 1338 ,
939 1276 1080 1330 unde
1124 1285 1173 1329 te
1201 1276 1412 1343 accepi;
1452 1284 1509 1329 ut
1539 1285 1589 1328 te
1614 1284 1740 1328 tunc
1765 1275 1981 1342 accepi,
2025 1282 2078 1327 tc

493 1383 684 1424 rursus
708 1383 924 1440 possum
950 1368 1225 1437 accipere,
1272 1366 1402 1432 Quia
1432 1375 1564 1420 terra
1587 1382 1639 1418 es
1660 1406 1675 1429 ,
1721 1374 1768 1418 et
1809 1366 1861 1418 in
1890 1376 2077 1419 terrast

1951 337 2321 395 SEVERIANI

3665 359 3770 415 500

2188 453 2303 508 ibis.
2330 454 2466 521 Non,
2486 456 2913 524 Delcberis,setl,
2934 458 3065 515 Ibis.
3092 460 3246 525 Illud,
3282 463 3409 529 Ibis,
3436 466 3651 536 quidam
3683 472 3769 525 in-

2191 548 2463 613 terpretati
2490 557 2647 610 sunt,
2677 547 2978 604 Reeerteris.
3008 551 3273 620 Quantum
3303 558 3459 625 igitur
3485 576 3580 631 per
3605 562 3772 618 iaculo

2190 645 2350 689 tatem
2397 636 2573 699 licuit,
2625 653 2720 706 per
2744 642 2966 707 gratiam
2998 645 3164 697 sancti
3195 645 3421 714 Spiritus
3444 690 3459 710 ,
3488 652 3766 707 vobiscum

2187 726 2489 796 paradisum
2534 730 2919 797 percurrimus,
2967 733 3111 801 regia
3152 737 3471 793 monimenta
3520 741 3766 811 legimus,

2188 818 2417 871 vidimus
2446 833 2565 873 reos
2596 819 2838 874 libertate
2861 821 3116 890 donatos,
3146 825 3349 881 Judicis
3391 831 3767 891 clementiam:

2186 925 2288 978 qua
2320 910 2519 964 utinam
2546 926 2575 963 a
2612 910 2826 967 Christo
2865 914 3089 970 salutem
3133 932 3553 989 consequamur,
3583 933 3772 977 utcm-

2187 1001 2412 1056 lestihus
2439 1003 2542 1056 illis
2566 1013 2621 1057 et
2640 1006 2978 1074 sempiternis
3007 1007 3243 1064 fruamur
3265 1012 3437 1076 bonis,
3470 1013 3518 1066 in
3548 1012 3768 1070 Christo

2185 1091 2313 1147 Jesu
2354 1093 2578 1148 Domino
2632 1105 2815 1149 nostro
2860 1112 2874 1148 :
2917 1100 3163 1166 quoniam
3210 1090 3310 1170 ipsi
3353 1103 3518 1172 gloria
3572 1114 3627 1157 ct
3668 1105 3770 1158 im-

2185 1185 2424 1252 perium,
2468 1200 2608 1240 nunc
2642 1196 2695 1241 ct
2735 1202 2977 1257 semper,
3023 1200 3077 1245 et
3114 1192 3166 1245 in
3206 1195 3402 1271 εςιξουῐι
3429 1197 3764 1251 mulorum.

2183 1279 2377 1331 Amen.

1758 1558 1910 1565 ——_——
1923 1555 2666 1565 _.—-————-—.'—-——_.r—

1541 1557 1731 1565 ._..-_-..
1758 1547 3734 1578 ___________:=____r_______._..-—=..__.____...

533 1553 1731 1583 Wa:

600 1591 605 1599 ι

1939 1838 1998 1897 Μ
2008 1835 2319 1897 ONITUM

585 2083 819 2143 Iacobus
866 2083 1193 2142 Sirmondus
1242 2088 1306 2142 ad
1343 2087 1653 2143 Ennodium
1694 2087 1757 2141 Τ.
1818 2088 1840 2140 l
1877 2095 2166 2158 postremae
2207 2083 2497 2145 Etlitionis,
2525 2099 2580 2154 p.
2615 2082 2771 2147 l8t2,
2825 2082 2894 2135 de
2941 2078 3043 2133 hac
3085 2075 3303 2132 homilia
3347 2074 3423 2129 sic
3474 2073 3757 2144 loquitur:

441 2221 445 2225 ’
517 2251 542 2284 1
573 2232 900 2291 Severianus
925 2233 1253 2289 Gabalorum
1302 2236 1588 2305 episcopus
1637 2250 1667 2287 a
1710 2242 1960 2304 serpente
1988 2233 2101 2299 illo,
2132 2232 2256 2303 quia
2289 2230 2591 2303 symbolum
2629 2236 2746 2283 erat
2781 2226 2958 2283 crucis
2984 2221 3206 2287 Christi,
3241 2219 3491 2283 salutem,
3526 2219 3618 2270 καὶ
3652 2214 3762 2269 ἀπὸ

512 2377 610 2430 τοῦ
642 2378 1045 2449 ἐπικαταράτου
1091 2377 1341 2448 εὐλογίαν
1371 2378 1590 2434 ﬂuxisse
1620 2380 1697 2433 ait
1729 2379 1786 2433 in
1815 2376 1967 2434 Orat.
1992 2374 2036 2429 ll
2058 2392 2081 2431 ε

2188 2390 2302 2429 cem
2324 2390 2461 2445 quas
2488 2369 2859 2444 Chrysostomi
2881 2366 3102 2423 nomine
3126 2365 3181 2420 in
3203 2364 3380 2418 lucem
3410 2357 3558 2414 dedit
3592 2353 3758 2410 Card.

509 2520 763 2576 Sirletus.
814 2522 922 2577 Sed
976 2522 1271 2579 Severiano
1299 2525 1439 2578 hanc
1472 2532 1742 2587 asserunt,
1795 2537 1961 2593 quam
2003 2519 2135 2588 dixi,
2163 2520 2529 2574 Damasceuus
2562 2526 2619 2571 et
2663 2512 2969 2568 Hadrianus
2992 2521 3152 2579 papa,
3203 2518 3332 2560 cum
3360 2497 3574 2572 Synodo
3613 2492 3767 2547 Pari-

512 2666 703 2721 siensi.
742 2687 759 2718 ι
791 2669 930 2723 Nihil
965 2671 1147 2742 itaque
1176 2671 1328 2728 dubii
1364 2667 1691 2739 relinquitur
1740 2672 1879 2726 hanc
1918 2670 2193 2724 homiliam
2233 2684 2354 2723 esse
2410 2664 2711 2725 Severiani,
2761 2660 2998 2715 hominis
3047 2664 3194 2711 certe
3228 2667 3340 2707 non
3365 2645 3615 2718 elinguis,
3666 2641 3763 2698 sed

646 2936 883 2981 ουτω
923 2937 1007 2980 DE
1054 2936 1397 2994 SERPENTR,
1443 2940 1619 2993 QUEM
1663 2941 1904 2985 MOYSES
1950 2942 2013 2983 ΙΝ
2057 2942 2261 2984 CRUCE
2305 2939 2650 2983 SUSPENDIT
2693 2937 2754 2979 IN
2800 2938 3110 3003 DESEDTO,
3157 2938 3365 2991 DEQUE
3406 2940 3625 2983 DIVINA

1890 3040 2231 3084 TMNITATE
2280 3022 2392 3102 (tt).

1943 3186 2344 3222 ’ψ

578 3302 630 3356 1.
672 3300 795 3355 Heri
820 3314 1118 3355 sermonem
1140 3301 1466 3359 instituimus
1490 3314 1672 3360 contra
1699 3304 1997 3373 haereticos,
2024 3317 2078 3361 et

505 3405 606 3462 pro
644 3392 808 3461 gloria
849 3390 1114 3462 Unigeniti
1155 3396 1614 3462 concertavimus,
1643 3412 1749 3451 non
1794 3407 1849 3450 ut
1889 3414 2081 3452 arcana

500 3485 746 3555 quzedam
778 3486 831 3539 in
879 3484 1052 3540 lucem
1096 3487 1491 3555 proferremus,
1524 3490 1616 3544 sed
1659 3498 1715 3544 ut
1754 3493 1974 3561 gratiam
2016 3508 2083 3545 ex

502 3578 687 3631 animo
713 3576 1100 3648 proﬁterentur.
1128 3578 1241 3633 Non
1267 3581 1407 3634 enim
1428 3596 1492 3634 ex
1513 3581 1690 3637 verbis
1711 3584 1907 3636 nostris
1926 3582 2082 3638 Chri-

504 3670 575 3723 sti
601 3669 764 3739 gloria
794 3681 1017 3741 augetur
1040 3711 1054 3735 ,
1085 3672 1180 3726 sed
1212 3672 1478 3741 praeclaris
1504 3674 1573 3729 ab
1598 3680 1663 3729 eo
1692 3676 1861 3729 ornati
1893 3691 2083 3730 mune-

504 3762 654 3816 ribus
679 3805 694 3828 ,
727 3773 884 3832 grato
912 3764 1091 3817 animo
1118 3763 1432 3819 beneﬁcium
1465 3766 1833 3834 praadicamus.
1878 3769 2082 3822 Absur-

502 3852 782 3907 dissimum
812 3854 954 3908 enim
980 3864 1141 3918 esset,
1172 3870 1269 3910 nos
1293 3854 1562 3912 beneﬁciis
1590 3867 1806 3913 ornatos
1827 3902 1841 3926 ,
1874 3861 2085 3916 silentio

506 3959 788 3998 munerum
806 3945 977 3998 vicem
1001 3946 1334 4015 persolvere:
1355 3949 1582 4003 maxime
1604 3965 1733 4003 vero
1750 3965 1871 4005 cum
1896 3952 2080 4018 David,

506 4044 567 4088 ut
590 4035 754 4089 modo
778 4036 996 4091 audistis
1019 4076 1033 4101 ,
1065 4037 1135 4090 ita
1164 4037 1381 4106 jubeat:
1414 4036 1590 4093 Omnis
1617 4050 1749 4094 terra
1784 4042 1958 4096 adoret
2001 4052 2081 4107 te,

504 4134 554 4179 et
577 4126 765 4195 psallat
794 4126 881 4178 tibi
900 4125 1067 4196 (Psal.
1096 4127 1184 4181 65.
1206 4127 1284 4198 4).
1309 4128 1473 4183 Deum
1496 4130 1788 4196 laudamus,
1818 4147 1921 4187 non
1943 4132 2083 4202 quod

509 4216 607 4285 ipsi
631 4216 883 4271 honorem
908 4216 1211 4286 alferamus,
1233 4219 1326 4274 sed
1352 4220 1502 4276 nobis
1524 4221 1651 4290 ipsis
1674 4223 1929 4280 honorem
1950 4240 2082 4280 con-

504 4309 772 4363 ciliemus.
800 4307 1034 4364 Gloriam
1066 4310 1175 4365 Deo
1202 4309 1498 4377 referimus,
1532 4328 1636 4367 non
1664 4330 1820 4385 quam
1851 4316 1949 4386 ipsi
1980 4318 2085 4372 lar-

504 4401 753 4468 giamur,
798 4399 891 4454 sed
932 4414 1090 4469 quam
1130 4400 1283 4455 nobis
1323 4401 1677 4459 immortalem
1706 4406 2081 4465 conferamus:

510 4504 631 4541 tiam
660 4488 785 4555 Eos,
810 4490 903 4561 qui
930 4508 1009 4544 me
1032 4492 1338 4560 gloriﬁcant,
1368 4494 1663 4563 gloriﬁcabo
1679 4514 1699 4561 ;
1726 4508 1773 4550 et
1804 4500 1891 4569 qui
1919 4510 2085 4554 conte-

510 4590 687 4633 mnunt
712 4598 793 4633 itte
814 4622 828 4645 ,
853 4586 1272 4651 contemnentur(
1299 4585 1349 4638 1.
1378 4583 1508 4656 Reg.
1552 4587 1607 4640 2.
1646 4587 1715 4643 ω
1735 4588 1778 4657 ).
1810 4590 1913 4645 Pro
1947 4591 2083 4645 virili

511 4680 691 4724 nostra
738 4671 1054 4739 docuimus,
1106 4690 1213 4728 non
1261 4675 1422 4731 licere
1466 4679 1721 4734 terminos
1763 4682 1945 4751 gloria:
1987 4684 2083 4738 Dei

508 4762 811 4829 transilire,
840 4778 944 4818 non
972 4764 1275 4821 hominibus
1299 4808 1315 4833 ,
1346 4767 1434 4837 qui
1466 4768 1516 4822 in
1547 4778 1683 4823 terra
1711 4771 1908 4841 degunt
1931 4814 1946 4839 ,
1976 4789 2081 4828 non

506 4855 712 4923 angelis
728 4854 821 4923 qui
854 4855 905 4908 in
928 4856 1095 4922 caelis,
1126 4874 1232 4912 non
1256 4858 1606 4930 archangelis,
1638 4879 1745 4917 non
1776 4866 2084 4933 principati-

508 4943 625 5009 bus,
658 4959 765 4998 non
792 4944 1131 5013 Cherubinis,
1160 4964 1265 5003 non
1293 4950 1619 5020 Seraphinis.
1652 4957 1721 5007 At
1745 4957 2080 5022 meministis,

506 5043 565 5088 ut
585 5035 718 5089 bene
740 5036 860 5090 novi
877 5078 889 5097 ,
906 5045 1169 5105 quotquot
1187 5041 1314 5094 estis
1336 5041 1571 5097 discendi
1594 5046 1769 5114 cupidi
1791 5047 2079 5113 auditores,

505 5144 605 5197 qua
638 5128 844 5183 ratione
884 5128 965 5182 his
1002 5128 1067 5184 de
1104 5130 1263 5185 rebus
1302 5133 1535 5189 instituta
1573 5137 1742 5190 oratio
1780 5137 1843 5191 ad
1883 5140 2081 5194 exitum

502 5219 728 5275 deducta
759 5223 844 5276 sit.
879 5222 983 5277 Sed
1014 5223 1134 5291 quia
1164 5222 1346 5289 hodie,
1380 5227 1566 5281 fratres
1585 5268 1601 5292 ,
1629 5230 1741 5299 ipse
1766 5229 1874 5284 Rex
1902 5233 2083 5301 gloria;

503 5326 718 5368 crucem
749 5330 897 5369 suam
930 5317 1300 5383 prasituntiavit
1323 5359 1337 5381 ,
1367 5321 1747 5391 etApostolus,
1773 5325 1967 5393 regiam
1995 5343 2083 5383 se-

507 5418 677 5473 quens
703 5406 1001 5461 Servatoris
1033 5421 1216 5461 vocem
1241 5450 1256 5475 ,
1285 5408 1353 5463 de
1379 5424 1534 5465 cruce
1560 5410 1962 5484 philosophatus
2000 5428 2084 5473 est

503 5496 664 5564 (nam
704 5498 960 5555 Dominus
995 5500 1269 5571 discipulis
1304 5503 1554 5559 dicebat:
1596 5507 1726 5563 Ecce
1764 5512 2081 5568 ascendimus

502 5586 894 5660 lerasolymam,
918 5602 963 5645 et
986 5592 1154 5649 Filius
1176 5596 1393 5649 hominis
1412 5598 1637 5653 tradetur
1655 5601 1705 5655 in
1728 5618 1905 5657 manus
1923 5605 2084 5659 inimi-

565 5761 642 5825 (a)
673 5762 850 5815 foliata
870 5781 978 5817 cum
999 5768 1175 5820 Codice
1200 5777 1314 5833 Reg.
1343 5770 1481 5821 1658.

2184 3323 2361 3360 eorum
2382 3304 2463 3379 [Μ
2467 3305 2593 3358 atth.
2616 3304 2705 3359 20.
2730 3302 2818 3376 18]
2840 3322 2854 3370 ;
2884 3304 3074 3359 Paulus
3096 3321 3225 3360 vero
3245 3306 3458 3363 Galatas
3479 3308 3765 3377 objurgans

2187 3399 2398 3466 scripsit
2426 3414 2439 3449 :
2473 3396 2597 3462 Quis
2622 3413 2709 3449 vos
2735 3396 3030 3467 fascinavit,
3067 3397 3247 3467 quibus
3275 3410 3393 3453 ante
3418 3401 3589 3453 oculos
3613 3397 3765 3455 Chri-

2188 3498 2293 3542 stus
2323 3488 2643 3558 praescriptus
2670 3496 2741 3541 est
2764 3488 2817 3540 in
2844 3488 2980 3541 vobis
3008 3488 3321 3557 cruciﬁxus?
3350 3484 3495 3557 [ϐαι.
3526 3490 3578 3542 5.
3607 3488 3659 3561 l]
3702 3491 3722 3563 )
3746 3533 3761 3557 ,

2190 3580 2438 3649 quoniam
2480 3579 2636 3649 igitur
2674 3587 2728 3633 ct
2766 3579 2907 3648 regia
2944 3580 3150 3633 Domini
3179 3596 3278 3634 vox
3302 3621 3319 3648 ,
3347 3591 3400 3636 ct
3430 3581 3601 3637 ﬁdelis
3627 3583 3765 3638 servi

2190 3671 2430 3724 doctrina
2458 3709 2472 3733 ,
2517 3668 2678 3739 regiis
2717 3668 2970 3724 insistunt
3004 3671 3237 3740 vestigiis
3260 3713 3276 3738 ,
3315 3688 3494 3742 opera:
3536 3676 3764 3744 pretium

2191 3761 2458 3826 existimo,
2488 3774 2585 3815 nos
2610 3760 2768 3814 etiam
2795 3776 2892 3831 pro
2913 3761 3049 3815 virili
3076 3763 3144 3817 de
3164 3763 3423 3820 dominica
3451 3781 3610 3821 cruce
3633 3782 3764 3822 con-

2189 3862 2441 3908 sentanea
2474 3852 2613 3922 loqui
2636 3894 2649 3913 ,
2680 3867 2783 3905 non
2812 3863 2866 3905 ut
2894 3852 3201 3922 dignitatem
3234 3855 3374 3908 illam
3401 3857 3721 3927 attingamus
3741 3899 3760 3923 ,

2191 3943 2285 3998 sed
2328 3952 2387 3997 ut
2427 3956 2524 4012 pro
2552 3942 2683 3996 virili
2715 3955 2894 3996 nostra
2922 3944 3157 3998 debitum
3199 3946 3582 4013 persolvaitttrs.
3626 3948 3763 4015 Quid

2191 4035 2349 4105 igitur
2372 4036 2446 4089 ait
2468 4026 2765 4090 Servator?
2794 4036 2923 4089 Ecce
2948 4038 3260 4091 ascendimus
3284 4037 3650 4110 Jerosolymam
3671 4082 3685 4104 ,
3714 4051 3764 4095 et

2193 4127 2358 4182 Filius
2406 4128 2620 4182 hominis
2662 4129 2903 4181 tradetur.
2960 4128 3206 4184 Prmdicit
3253 4130 3548 4200 passionem
3593 4132 3763 4188 victor

2192 4219 2412 4285 mortis;
2437 4228 2649 4274 crucem
2676 4219 3012 4289 prmttuntiat,
3035 4222 3122 4290 qui
3146 4236 3307 4276 cruce
3329 4236 3549 4277 mortem
3570 4223 3763 4277 dissol-

2188 4309 2267 4364 vit
2293 4327 2307 4362 :
2334 4321 2599 4364 certamen
2623 4311 2957 4380 praenuntiat,
2981 4319 3039 4365 ut
3064 4311 3336 4366 victoriam
3364 4312 3632 4381 prtedioet.
3665 4312 3762 4368 llic

2190 4416 2377 4455 rursus
2405 4401 2470 4455 ad
2502 4401 2895 4471 intelligendam
2922 4402 3127 4457 Domini
3155 4417 3338 4458 vocem
3373 4406 3606 4459 animum
3637 4420 3765 4459 con-

2189 4501 2358 4546 verte.
2388 4492 2521 4547 Vide
2548 4500 2740 4562 Quanta
2765 4507 2882 4547 cum
2905 4495 3221 4549 auctoritate
3248 4495 3421 4549 dicat:
3444 4495 3577 4550 Ecce
3593 4513 3767 4551 ascen-

2186 4585 2355 4636 dimus
2379 4582 2765 4654 Jerosolgmum,
2796 4594 2841 4638 et
2866 4583 3033 4637 Filius
3062 4585 3278 4639 hominis
3302 4586 3548 4651 tradetur,
3573 4597 3628 4639 ut
3651 4604 3765 4640 cru-

2190 4674 2442 4743 ciﬁgatur.
2487 4673 2586 4740 Qui
2618 4674 2731 4726 haec
2763 4673 3004 4741 praedicit
3026 4715 3042 4740 ,
3084 4673 3139 4728 in
3178 4675 3293 4744 ipso
3330 4678 3622 4730 certamine
3656 4677 3762 4745 jam

2188 4766 2505 4819 constitutus
2540 4763 2849 4834 dignitatem
2891 4767 3222 4823 auctoritatis
3258 4776 3463 4832 mutat,
3505 4778 3764 4839 negatque

2189 4857 2497 4927 dignitatem
2527 4858 2813 4912 divinitatis
2850 4873 2960 4913 sua:
2988 4860 3170 4915 dicens
3201 4879 3213 4913 :
3247 4860 3432 4924 Pater,
3463 4862 3506 4914 si
3532 4861 3765 4929 possibile

2188 4957 2294 5011 est,
2323 4958 2540 5002 transeat
2579 4965 2609 5001 a
2635 4959 2714 5002 ‘me
2737 4951 2873 5003 calix
2896 4952 3042 5023 iste<(
3064 4952 3250 5005 Matth.
3289 4952 3377 5007 26.
3410 4952 3537 5023 59).
3573 4956 3762 5006 Annon

2192 5040 2587 5109 repugnantiam
2636 5042 3056 5097 animadvertis?
3102 5044 3515 5099 lncarnationcm
3564 5048 3757 5115 cogita.

2188 5129 2292 5185 Sed
2337 5131 2400 5184 ad
2444 5134 2771 5201 propositum
2815 5134 3116 5189 redeamus.
3168 5136 3447 5205 Discipulis
3484 5136 3557 5190 ait
3588 5155 3600 5190 :
3631 5137 3762 5191 Ecce

2188 5223 2501 5277 ascendimus
2538 5223 2940 5295 Jerosolymam,
2976 5237 3021 5280 et
3058 5226 3224 5282 Filius
3263 5230 3476 5284 hominis
3516 5232 3761 5283 tradetur.

2190 5312 2321 5367 Vide
2344 5329 2502 5381 quam
2526 5326 2681 5369 caute
2711 5316 2970 5385 loquatur.
2999 5316 3131 5371 Cum
3164 5321 3459 5387 passionem
3487 5322 3758 5390 pra-dicat,

2188 5403 2469 5459 humanam
2500 5407 2735 5460 ostendit
2763 5418 3003 5462 naturam
3021 5451 3034 5473 ,
3063 5408 3228 5464 Filius
3257 5413 3471 5466 hominis
3509 5414 3754 5466 tradetur.

2187 5494 2397 5549 Etenim
2439 5511 2635 5565 corpus
2658 5497 2865 5553 visibile
2891 5498 3416 5567 patitur;divinitatis
3436 5517 3562 5557 vero
3581 5502 3754 5572 digni-

2186 5594 2287 5648 tas,
2307 5602 2425 5656 qua:
2448 5588 2791 5659 intelligendo
2811 5592 3110 5661 percipitur,
3136 5593 3299 5647 vitam
3319 5593 3489 5649 aﬂert.
3511 5596 3575 5649 Et
3595 5597 3755 5665 ﬁgura

2187 5678 2399 5747 quidem
2429 5682 2668 5748 corporis
2688 5724 2702 5746 ,
2737 5681 2955 5747 fratres,
2988 5693 3158 5737 morte
3185 5684 3439 5750 solvitur;
3466 5686 3633 5752 virtus
3658 5701 3754 5739 au-

2184 5781 2289 5827 tent
2322 5772 2666 5830 inhabitantis
2695 5775 2745 5831 id
2775 5776 2917 5846 quod
2951 5778 3178 5832 solutum
3221 5787 3335 5834 erat
3373 5778 3584 5834 excitat.
3638 5780 3755 5851 Ipse
