4118 6310
554 336 651 389 501

551 445 735 516 φύσιν.
788 444 846 498 '0
884 443 1011 509 Υἰδς
1037 443 1132 501 τοῦ
1175 447 1467 520 ἀνθρώπου
1509 448 1882 522 παραδίδοται.
1930 450 2137 524 Πάσχει

551 530 662 599 γὰρ
697 528 759 581 τὸ
787 528 1110 599 φαινόμενον
1144 530 1304 601 σῶμα
1324 574 1340 598 ,
1387 529 1643 596 ζωοποιεῖ
1677 533 1735 586 δὲ
1761 533 1824 587 16
1853 534 2142 606 νοούμενον

547 613 650 682 τῆς
689 611 941 682 θεότητος
972 611 1208 683 ἀξίωμα.
1237 615 1347 669 Καὶ
1386 615 1572 669 λύεται
1613 617 1732 688 μὲν,
1773 616 2010 687 ἀδελφοὶ,
2045 618 2141 672 θα-

550 699 695 768 νάτῳ
717 696 777 748 16
809 696 994 767 σχῆμα
1020 697 1114 750 τοῦ
1142 697 1394 769 σώματος
1415 716 1430 732 ⁸
1459 701 1665 772 ἐγείρει
1701 701 1760 756 δὲ
1790 703 1850 756 16
1882 720 2140 774 Αυομενον

546 782 582 849 ἡ
613 780 707 832 τοῦ
735 780 1069 844 ἐνοικοῦντος
1091 781 1339 853 δύναμις.
1366 785 1538 848 Αὐτὸς
1565 781 1633 856 ἦν
1661 787 1691 838 6
1715 785 1974 856 λυόμενος
1999 788 2138 841 κατὰ

546 873 608 917 το
640 864 817 934 σῶμα,
844 865 1004 929 αὐτὸς
1029 865 1260 938 ἐγείρων
1282 869 1342 921 16
1367 868 1625 939 λυόμενον
1644 869 1784 923 κατά
1805 869 1866 924 16
1889 871 2133 942 Πνεῦμα.

547 949 786 1004 Λύσατε
807 949 937 1019 γὰρ,
967 951 1120 1019 φησὶ,
1145 949 1254 1003 τόν
1285 951 1436 1005 ναὸν
1457 952 1692 1017 τοῦτον,
1724 953 1821 1006 καί
1843 953 1914 1008 ἐν
1939 955 2139 1023 τρισὶν

546 1031 794 1100 ἡμέραις
831 1030 1014 1100 ἐγερῶ
1043 1034 1247 1087 αὐτόν.
1292 1034 1437 1088 Ἰδοὺ
1467 1035 1869 1106 ἀναϐαίνομεν
1909 1040 1996 1104 είς
2045 1040 2138 1091 ἰε⁸

539 1117 874 1185 ροσόλομα.
902 1116 1122 1188 Χριστῷ
1147 1117 1571 1184 ἀκολουθοῦντας
1598 1120 1697 1173 οὐκ
1730 1120 1874 1173 ἐστιν
1899 1122 2135 1191 οὐδαμοῦ

545 1198 844 1262 κατελθεῖν,
883 1199 996 1252 ἀλλ’
1045 1200 1254 1254 ἀνιέναι
1305 1201 1392 1255 διὰ
1434 1203 1654 1264 παντός.
1710 1203 1918 1268 ’Ἄλλως
1946 1222 2005 1258 τε
2043 1206 2137 1258 καὶ

546 1283 822 1353 αἰσθητῶς
848 1285 880 1353 ή
917 1283 1036 1345 ὁδὸς
1067 1283 1174 1336 ἀπὸ
1211 1283 1422 1356 Ἱεριχὼ
1453 1287 1532 1350 είς
1573 1288 1925 1359 Ἰεροσόλυμα
1951 1289 2137 1342 ἄνοδον

544 1367 678 1440 εἶχε,
707 1371 800 1423 καὶ¹
819 1371 1027 1442 νοητῶς
1051 1371 1113 1424 16
1132 1372 1303 1437 πάθος
1325 1374 1417 1427 ἐπὶ
1436 1373 1534 1446 τήν
1560 1375 1745 1430 ἄνοδον
1772 1378 1872 1447 τῆς
1897 1378 2130 1432 ἀναστά-

545 1471 683 1518 σεως
725 1455 938 1525 ἔφερεν.
1006 1455 1177 1527 Ἀδάμ
1220 1458 1329 1529 γὰρ
1364 1458 1456 1512 τὸν
1490 1461 1569 1524 εἰς
1614 1461 1743 1532 ᾇδου
1785 1462 2020 1516 πεσόντα
2054 1463 2135 1526 εἰς

541 1539 771 1610 οὐρανὸν
813 1538 1157 1604 ἀνεκαλεῖτο,
1193 1542 1286 1595 καὶ
1312 1541 1412 1613 τὴν
1451 1544 1626 1614 χαμαὶ
1656 1547 1915 1616 κειμένην
1949 1547 2134 1600 εἰκόνα

543 1625 622 1684 είς
653 1622 784 1692 ὕψος
817 1624 1109 1693 ἀνήγαγεν.
1144 1626 1572 1696 Ἀναϐαίνομεν
1608 1631 1696 1696 εἰς
1728 1630 2129 1698 Ἰεροσόλυμα.

544 1709 716 1760 Ὅπου
743 1707 895 1771 Θεὸς,
926 1710 1044 1762 ἐκεῖ
1071 1711 1272 1780 ἀρετῆς
1303 1711 1565 1775 ἀνάϐασις
1589 1730 1603 1743 ο
1633 1713 1766 1766 ὃπου
1805 1714 1993 1778 κακία,
2018 1717 2135 1769 ἐκεῖ

540 1791 891 1862 παρανομίας
920 1793 1242 1856 κατάϐασις.
1268 1793 1368 1846 Διά
1399 1793 1559 1847 τοῦτο
1585 1797 1714 1866 περὶ
1745 1797 1844 1866 μὲν
1873 1797 1981 1850 τῶν
2010 1801 2130 1853 κατ’

538 1873 739 1945 ἀρετὴν
764 1875 1194 1947 πολιτευομένων
1227 1877 1392 1949 φησὶν
1418 1880 1445 1931 6
1477 1879 1656 1931 Δαυΐδ·
1684 1879 1969 1948 Μακάριοι
1990 1880 2133 1935 πάν-

537 1974 638 2022 τες
663 1961 716 2012 οἱ
748 1960 1168 2028 κατοικοῦντες
1191 1962 1260 2015 ἐνν
1285 1961 1364 2027 τῷ
1391 1961 1535 2030 οἴκῳ
1567 1977 1704 2017 σου·
1726 1966 1813 2031 εἰς
1839 1965 1981 2032 τοὺς
2005 1964 2133 2019 αίῶ-

537 2058 650 2106 νας
679 2041 799 2095 τῶν
817 2043 1048 2098 αἰώνων
1071 2046 1392 2100 αίνέσουσί
1411 2061 1503 2099 σε.
1529 2046 1834 2116 Μακάριος
1857 2047 2034 2116 ἀνὴρ,
2054 2043 2129 2106 οὗ

537 2125 708 2178 ἐστιν
752 2127 1076 2197 ἀντίληψις
1125 2127 1285 2194 αὑτῷ
1321 2130 1480 2197 παρὰ
1518 2131 1669 2184 σοῦ’
1705 2134 1764 2185 αἱ
1809 2131 2130 2200 ἀναϐάσεις

537 2222 655 2262 σου
681 2208 751 2264 ὲν
774 2209 849 2279 τῇ
876 2211 1089 2280 καρδίᾳ
1127 2214 1331 2268 αὐτοῦ.
1372 2217 1440 2268 Al
1463 2213 1789 2281 ἀναϐάσεις
1817 2230 1953 2280 σου,
1971 2233 2128 2270 τουτ-

534 2293 705 2356 έστιν,
747 2297 797 2348 οἱ
851 2297 1098 2360 εὐσεϐεῖς
1144 2297 1238 2350 καὶ
1281 2298 1580 2370 ἀνηγμένοι
1631 2298 1915 2370 λογισμοὶ,
1960 2303 2008 2354 οἱ
2049 2304 2128 2365 είς

537 2376 670 2446 ὕψος
695 2379 988 2446 ἀνάγοντες
1017 2381 1144 2442 τοὺς
1171 2380 1354 2444 καλῶς
1380 2381 1507 2454 περὶ
1532 2381 1667 2435 Θεοῦ
1691 2383 2123 2454 διανοουμένους.

539 2463 726 2516 Ἔστιν
751 2459 844 2516 οὖν
875 2464 993 2528 ὁδὸς
1017 2463 1166 2536 [5151
1191 2465 1544 2537 σαοφροσύνης
1569 2467 1648 2529 εἰς
1680 2466 1811 2536 ῦψος
1828 2467 2123 2534 άνάγουσα,

535 2545 654 2608 ὁδὸς
685 2546 1034 2616 δικαιοσύνης
1075 2550 1154 2610 εἰς
1193 2547 1327 2617 ὖψος
1373 2549 1615 2620 φέρουσα
1638 2564 1652 2579 ⁸
1701 2550 1795 2603 καὶ
1832 2553 2015 2620 πάσα,
2051 2554 2127 2616 ὼς

535 2632 726 2689 εἰπεῖν,
768 2632 884 2696 ὁδὸς
909 2632 1192 2695 εὐσεϐείας
1224 2633 1304 2694 εἰς
1336 2633 1396 2686 τὸ
1432 2632 1562 2703 ὕψος
1593 2635 1768 2687 ἐκεῖνο
1795 2639 2129 2705 χειραγωγΞῖ

532 2713 625 2766 τὸν
669 2713 944 2784 φιλόθεον,
981 2716 1109 2786 περὶ
1143 2707 1204 2768 οὐ
1239 2715 1422 2785 ἔλεγον
1457 2717 1506 2769 οἱ
1546 2717 1656 2770 ἀπὸ
1691 2717 1881 2771 ὲθνῶν·
1914 2719 2122 2782 Δεῦτε,

533 2798 912 2867 πορευθῶμεν
948 2801 1035 2866 εἰς
1067 2799 1133 2852 τὸ
1173 2798 1310 2866 ὄρος
1342 2799 1450 2853 τοῦ
1481 2800 1731 2869 Κυρίου,
1765 2802 1863 2855 καί
1900 2805 1988 2868 είς
2019 2803 2126 2856 τὸν

533 2878 702 2935 οἷκον
728 2882 834 2936 τοῦ
869 2883 1017 2937 Θεοῦ
1056 2881 1272 2936 Ἰακώϐ.
1312 2882 1487 2938 Ὅπου
1513 2884 1614 2954 μὲν
1639 2883 1923 2948 εὐσεϐείας
1943 2885 2122 2954 λόγος,

531 2967 650 3020 ἐκεῖ
673 2965 769 3019 καὶ
799 2966 986 3028 ἄνοδος
1018 2978 1067 3006 ι’
1104 2967 1240 3019 ὅπου
1263 2965 1320 3019 δὲ
1355 2965 1527 3020 κακία
1545 3007 1562 3029 ,
1603 2967 1906 3032 κατάϐασις
1936 2969 2124 3039 ὁμολο-

529 3049 793 3120 γουμένη.
823 3051 932 3104 Καὶ
979 3053 1246 3122 μαρτυρεῖ
1281 3051 1448 3104 Δαυῒδ
1489 3053 1516 3106 6
1577 3053 1866 3124 προφήτης
1912 3053 2120 3122 λέγων’

541 3135 756 3189 Ῥῦσαι
780 3151 857 3203 με
903 3135 1021 3189 ἀπὸ
1053 3135 1173 3188 τῶν
1215 3135 1697 3189 καταϐαινόντων
1735 3125 1823 3202 εἰς
1851 3135 2118 3192 λάκκονο

530 3218 626 3270 καὶ¹
655 3218 837 3279 πάλιν,
879 3217 932 3270 Ὀ
953 3215 1126 3286 ὑψῶν
1139 3235 1217 3287 με
1233 3219 1301 3272 ἐκ
1324 3217 1442 3272 τῶν
1466 3217 1678 3273 πυλῶν
1704 3219 1810 3273 τοῦ
1841 3219 2118 3275 θανάτου.

533 3300 696 3354 Ὥστε
728 3301 848 3354 οὐδὲ
874 3300 952 3363 τὸ,
994 3302 1428 3371 ’Λναϐαίνομεν,
1467 3303 1741 3373 περιττόν.
1785 3302 1941 3357 Ἰδοὺ
1980 3304 2122 3357 ἁνα-

530 3386 832 3455 ϐαίνομεν.
864 3385 1056 3439 Καίτοι
1081 3387 1240 3456 μόνος
1271 3385 1432 3450 αὐτὸς
1460 3387 1552 3438 ἐπὶ
1582 3386 1641 3439 τὸ
1675 3386 1845 3450 πάθος
1879 3385 2118 3458 ἔρχεται.

529 3469 629 3522 Διά
645 3471 697 3522 τί
722 3465 813 3522 οὐν
836 3469 1050 3532 κοινῶς,
1093 3469 1549 3537 Ἀναϐἀίνομεν;
1582 3469 1704 3521 Ὅτι
1736 3468 1797 3522 τὸ
1823 3469 1924 3540 μὲν
1951 3471 2120 3534 πάθος

531 3553 683 3625 ἐμὸν,
733 3552 886 3624 κοινὴ
918 3553 975 3606 δὲ
1017 3553 1234 3606 πάντων
1272 3551 1575 3621 ἀνθρώπων
1619 3553 1652 3622 ή
1703 3553 1970 3624 σωτηρία.
2021 3553 2120 3607 Διά

527 3637 685 3690 τοῦτο
737 3638 765 3688 6
804 3635 946 3702 θεῖος
989 3635 1309 3698 Ἀπόστολος
1351 3636 1448 3705 τὴν
1483 3635 1735 3702 γενναίαν
1779 3636 1992 3707 ἐκείνην
2027 3637 2120 3690 καὶ

526 3719 628 3772 Gaz?
638 3737 805 3790 ματος
827 3720 1031 3791 μεστὴν
1052 3718 1248 3790 ἔρρηξε
1283 3717 1462 3788 φωνὴν
1483 3717 1558 3780 ὡς
1597 3717 1798 3789 ἀρτίως
1822 3719 2115 3789 ἀκηκόατε”

534 3802 616 3868 Τῷ
638 3802 864 3872 Χριστῷ
886 3804 1397 3870 συνεσταύρωμαι.
1425 3798 1516 3853 Ζῶ
1538 3799 1624 3866 δὲ,
1656 3803 1853 3856 οὐκέτι
1883 3803 2016 3872 ἐγὼ,
2047 3803 2117 3873 ζῆ

527 3885 596 3938 δὲ
622 3887 691 3939 ἐν
723 3887 852 3955 ἐμοὶ
887 3889 1159 3954 Χριστός.
1201 3885 1409 3947 ’Ἄλλως
1437 3902 1495 3937 τε
1515 3925 1528 3948 ,
1569 3885 1847 3956 βουληθεὶς
1883 3888 2118 3953 ἐνδείξα-

531 3971 656 4022 σθαι
687 3971 781 4022 καὶ
815 3970 906 4022 τὸν
936 3970 1149 4041 καρπὸν
1177 3968 1270 4022 τοῦ
1318 3967 1577 4039 σταυροῦ,
1614 3970 1890 4039 ἐπήγαγεν
1918 3970 2118 4035 εὐθέως

529 4051 617 4104 διὰ
647 4051 752 4104 τῶν
785 4052 1004 4121 ὲφεξῆςσ
1035 4052 1287 4120 Χριστὸς
1316 4049 1476 4119 ἡμᾶς
1506 4051 1879 4121 ἐξηγόρασεν
1908 4053 1977 4108 ἐκ
2007 4052 2117 4122 τῆς

526 4133 790 4202 κατάρας
810 4136 914 4189 τοῦ
931 4137 1140 4204 νόμου,
1164 4136 1487 4204 γενόμενος
1508 4135 1659 4204 ὑπὲρ
1679 4134 1848 4204 ἡμῶν
1869 4135 2111 4206 κατάρα⁸

525 4219 840 4292 γέγραπται
877 4220 1014 4290 γάρ’
1048 4218 1504 4288 Ἐπικατάρατος
1539 4219 1661 4285 πᾶς
1686 4223 1720 4274 ό
1745 4221 2115 4292 κρεμάμενος

524 4302 626 4357 ἐπὶ
654 4303 865 4368 ξύλου.

596 4386 662 4456 β’.
706 4386 968 4442 Ἐνταῦοά
1004 4405 1098 4458 μοι
1129 4387 1361 4459 πρόσεχε
1399 4386 1643 4460 ἀκριϐῶς
1668 4387 1761 4442 τὸν
1782 4389 1925 4456 νοῦν,
1948 4389 2020 4460 μή
2053 4406 2112 4442 σε

523 4469 761 4543 διαφύγῃ
792 4473 889 4542 τῆς
919 4471 1177 4543 ἀληθείας
1220 4471 1281 4524 τὸ
1311 4473 1554 4543 θήραμα.
1603 4472 1962 4537 Ἀντιλέξουσι
2004 4473 2112 4542 γὰρ

524 4553 727 4617 εὐθέως
767 4555 1028 4621 Ἰουδαῖοι,
1057 4557 1185 4627 περὶ
1210 4549 1284 4609 ὧν
1305 4573 1468 4626 φησιν
1497 4558 1524 4609 6
1552 4554 1787 4620 Παῦλος,
1823 4559 1886 4610 Οἰ
1909 4556 2113 4625 ἐχθροί

523 4640 632 4696 τοῦ
658 4640 924 4709 σταυροῦ
955 4642 1062 4698 τοῦ
1085 4643 1363 4712 Χριστοῦ,
1397 4637 1484 4696 ὧν
1513 4644 1578 4696 τὸ
1607 4643 1780 4710 τέλος
1807 4643 2072 4698 ἀπώλεια
2090 4683 2108 4710 ,

524 4729 617 4782 καὶ
648 4727 862 4799 ἐροῦσιν
881 4729 992 4782 ἔσθ’
1014 4730 1103 4785 ὅτε
1133 4731 1270 4803 1196;
1292 4732 1418 4795 τοὺς
1448 4731 1761 4803 ἀκεραίους⁹
1787 4733 1850 4785 El
1882 4734 2110 4787 ἐπικατ-

523 4814 725 4884 άρατος
773 4815 802 4868 6
841 4813 1220 4886 κρεμάμενος,
1274 4815 1390 4879 πῶς
1421 4814 1530 4868 ἀπὸ
1569 4814 1662 4868 τοῦ
1703 4817 2109 4887 ὲπικαταράτου

523 4896 771 4966 εὐλογίαν
799 4915 880 4951 σοι
914 4897 1230 4968 δοθήσεσθαι
1266 4899 1603 4970 προσδοκᾷς;
1640 4897 1760 4961 πῶς
1787 4897 1844 4949 δὲ
1869 4898 1976 4950 ἀπὺ
2013 4898 2107 4951 τοῦ

522 4979 735 5050 θανάτῳ
768 4980 1132 5044 ὐποπεσόντος
1153 4981 1297 5052 ζωὴν
1317 4982 1607 5052 ἀναμένεις
1628 4997 1643 5045 ;
1666 4981 1738 5034 Τὸ
1761 4980 2107 5052 φαινόμενον,

519 5064 596 5126 ὼς
617 5065 710 5118 καὶ
725 5065 883 5128 αὐτός
906 5081 1067 5135 φησιν
1087 5065 1116 5105 δ
1136 5068 1165 5118 6
1183 5065 1498 5129 διδάσκαλος
1517 5067 1550 5135 ή
1558 5065 1673 5135 μῶν
1696 5063 1906 5128 Παῦλος
1923 5104 1938 5127 ,
1961 5065 2107 5136 ὡμο-

518 5147 735 5219 λόγησε,
755 5148 968 5220 κατάρα
991 5149 1126 5200 ἐστί·
1142 5148 1475 5217 Γέγραπται
1491 5148 1622 5218 γάρ·
1648 5147 2110 5217 Ἐπικατάρατος

519 5235 553 5286 ὀ
591 5232 960 5303 κρεμάμενος
1001 5233 1100 5287 ἐπὶ
1129 5233 1342 5296 ξύλου.
1371 5233 1434 5285 Εἰ
1463 5236 1644 5286 τοίνυν
1677 5232 1983 5302 γέγραπται
2014 5235 2108 5288 καὶ

524 5318 981 5390 μεμαρτύρηται.
1033 5317 1149 5380 πῶς
1177 5315 1288 5371 ἀπὸ
1320 5315 1418 5369 τοῦ
1453 5316 1854 5388 ὲπικαταράτου
1890 5317 2108 5387 εὐλογία

518 5401 722 5458 δίδοται
747 5407 859 5467 τοῖς
883 5404 971 5457 16v
1007 5401 1240 5473 σταυρὸν
1280 5399 1642 5472 περιέπουσι;
1684 5400 1868 5456 Ταῦτα
1900 5403 1988 5455 ἀεὶ
2012 5403 2104 5456 καὶ

517 5489 786 5558 προτείνει
811 5488 902 5542 καὶ
917 5487 1064 5556 λέγει
1092 5486 1362 5551 Ἰουδαῖος,
1377 5487 1405 5540 6
1421 5483 1611 5557 ἐχθρὸς
1635 5484 1730 5539 τοῦ
1757 5483 1989 5556 σταυροῦ
2011 5486 2104 5542 τοῦ

517 5570 774 5642 Χριστοῦ.
805 5571 1011 5626 Οὐκοῦν
1036 5569 1130 5625 ὲάν
1151 5570 1279 5642 εἴπῃ
1305 5569 1439 5642 πρὸς
1463 5569 1544 5635 σὲ,
1569 5569 1693 5634 Πῶς
1713 5572 1744 5624 6
1765 5570 2106 5641 ὲπικατάρα·

517 5668 609 5720 τος
647 5655 894 5725 εὐλογίαν
926 5655 1174 5723 δίδωσιν;
1207 5654 1327 5709 είπὲ
1355 5652 1524 5726 αὐτῷ,
1557 5651 1682 5718 Πῶς
1729 5655 1787 5708 ἐν
1815 5655 1884 5726 τῇ
1914 5655 2106 5727 ἐρήμῳ

582 5780 608 5846 ξ
631 5780 753 5846 Reg.
774 5781 894 5830 ὃπου
914 5783 999 5845 μὲν
1016 5781 1235 5846 ἀληθείας
1252 5782 1408 5846 λόγος,
1436 5782 1534 5846 ἐκεῖ
1556 5782 1638 5830 καὶ
1656 5781 1895 5840 εὐσεϐείας
1915 5781 2099 5839 ἄνοδος.

583 5839 614 5882 δ
631 5839 735 5894 Ani
756 5839 926 5906 φησιν,
941 5849 1027 5895 aut
1049 5839 1338 5908 ὡμολόγησί
1354 5839 1641 5896 delendum.

2003 337 2370 396 SEVERIANI

3710 331 3818 390 5|]!

2247 454 2299 508 οἰ
2314 453 2468 524 ὄφεις
2500 451 2723 509 ἔδακνόν
2758 469 2851 507 σου
2883 454 3008 517 τούς
3034 452 3353 524 προγόνους,
3378 447 3562 505 εἶκόνα
3582 445 3638 504 δε
3656 447 3830 519 ὄφεως

2245 537 2453 608 χαλκῆν
2505 538 2742 608 ποιήσας
2779 537 3021 607 Μωῦσῆς
3084 534 3486 605 ἀνεσταύρωσε,
3538 534 3635 588 καὶ
3688 530 3829 598 εἶπε,

2245 620 2376 686 Πᾶς
2397 624 2430 675 ὀ
2453 621 2700 689 δηχθείς
2731 620 2851 677 ὑπὸ
2881 622 2988 674 τοῦ
3007 620 3193 689 ὄφεως
3217 617 3558 687 προσεχέτω
3587 615 3666 683 τῷ
3683 616 3828 686 ὄφει,

2244 705 2346 758 καὶ
2372 704 2749 772 σωθήσεται;
2797 703 2909 757 Καὶ
2941 703 3015 767 τί,
3049 705 3204 772 φησὶ,
3244 703 3406 754 τοῦτο
3438 700 3573 771 πρὸς
3603 700 3664 754 16
3696 718 3829 768 προ-

2244 787 2530 857 κείμενον;
2588 786 2748 840 Ἀλλά
2794 787 2890 840 καὶ
2939 783 3543 857 σφόδρα”οἰκειότατον.
3605 783 3677 836 Ἢ
3733 784 3830 838 οὐκ

2244 871 2485 940 ήκουσας
2512 869 2608 924 τοῦ
2632 869 2767 923 Θεοῦ
2792 870 3060 938 λέγοντος,
3102 867 3567 935 Ἐπικατάρατος
3601 867 3684 920 σὺ
3711 866 3829 921 ἀπὸ

2244 953 2487 1007 πάντων
2507 953 2627 1008 τῶν
2649 955 2869 1021 θηρίων
2898 951 3004 1020 τῆς
3037 951 3183 1022 τῆςς
3211 950 3336 1014 Πῶς
3361 948 3456 1005 οὖν
3491 953 3526 1020 ή
3551 949 3714 1003 εἰκὼν
3737 950 3826 1002 τοῦ

2245 1040 2478 1093 ὲπικατα
2489 1040 2651 1110 ράτου
2673 1039 2815 1110 ζωὴν
2838 1039 3036 1110 ἤνεγκε
3067 1041 3180 1102 τοῖς
3207 1037 3492 1107 ὖμετέροις
3515 1036 3823 1106 προγόνοιςς

2255 1121 2650 1194 Ἀναλαμϐάνω
2684 1123 2744 1176 16
2769 1123 2941 1194 ῥῆμα,
2966 1123 3054 1176 ἵνα
3092 1123 3276 1192 στήσω
3302 1121 3362 1174 16
3387 1121 3585 1192 νόημα.
3613 1121 3826 1174 Είάπο·

2245 1205 2339 1276 ρόν
2379 1223 2460 1261 σοι
2492 1207 2768 1277 νομίζεται
2811 1206 2904 1259 τοῦ
2935 1207 3338 1276 ὲπικαταράτου
3367 1215 3398 1244 ὀ
3433 1204 3682 1274 εὐλογίαν
3725 1223 3828 1276 πηο

2242 1289 2409 1357 γάσαι
2444 1290 2944 1359 (Ἐπικατάρατος
2980 1293 3090 1360 γὰρ
3128 1291 3248 1355 πᾶς
3275 1291 3309 1344 ὸ
3337 1289 3702 1358 κρεμαμένος
3731 1290 3827 1343 ἐπὶ

2243 1372 2484 1440 ξύλου),
2535 1375 2656 1438 πῶς
2687 1377 2720 1446 ή
2758 1373 2921 1428 εἰκὼν
2951 1375 3044 1428 τοῦ
3076 1374 3252 1442 ὄφεως
3278 1371 3372 1426 τοῦ
3400 1374 3824 1445 ὲπικαταράτου,

2241 1455 2299 1518 ὃς
2331 1455 2586 1526 ήκουσεν,
2617 1457 3073 1527 Ἐπικατάρατος
3086 1457 3166 1511 σὺ
3183 1456 3301 1512 ἀπὸ
3329 1455 3571 1510 πάντων
3585 1455 3703 1509 τῶν
3724 1463 3826 1525 θηο

2231 1539 2405 1606 ρίων,
2434 1541 2633 1611 ήνεγκε
2659 1540 2738 1613 τῷ
2757 1541 2873 1613 λαῷ
2903 1545 2961 1596 ὲν
2986 1543 3241 1612 συμφορᾷ
3265 1540 3502 1611 κειμένῳ
3527 1541 3628 1610 τὴν
3652 1557 3825 1612 σωτη-

2241 1622 2393 1693 ρίαν;
2423 1618 2568 1694 *Αρα
2601 1625 2702 1679 οὐκ
2734 1621 2802 1695 ἦν
2847 1625 3290 1694 ἀξιοπιστότερον
3341 1626 3536 1685 εἰπεῖν,
3583 1623 3711 1677 Ἐάν
3741 1640 3824 1687 τις

2240 1708 2395 1778 ὑμῶν
2422 1709 2617 1782 δηχθῇ,
2661 1712 2938 1784 ἀναϐλέψῃ
2965 1714 3046 1774 εἰς
3073 1711 3165 1765 τὸν
3209 1711 3438 1783 οὐρανὸν
3460 1711 3571 1766 ἄνω
3599 1711 3691 1764 ἐπὶ
3734 1710 3823 1763 τὸν

2238 1792 2390 1854 Θεὸν,
2415 1796 2508 1847 καὶ
2537 1794 2840 1866 σωθήσεται
2861 1814 2876 1862 ;
2907 1797 2993 1850 ἵνα
3015 1797 3069 1849 δὲ
3098 1797 3191 1849 καὶ
3217 1797 3278 1849 16
3305 1797 3592 1868 προσέχειν
3613 1794 3825 1865 οὐρανῷ

2237 1878 2620 1952 παραλιε]ίπῃ,
2647 1879 2794 1954 [514]
2816 1881 2916 1934 οὐκ
2931 1880 3159 1952 ἠδύνατο
3178 1881 3370 1944 εἰπεῖν,
3391 1880 3515 1933 Ἐάν
3537 1879 3821 1950 τιςδηχθῇ,

2235 1959 2520 2034 ἀποϐλέψῃ
2545 1966 2625 2027 εἰς
2649 1963 2747 2035 τὴν
2772 1963 2993 2034 λυχνίαν
3013 1964 3108 2017 τοῦ
3133 1963 3330 2034 φωτὸς,
3367 1964 3459 2017 καὶ
3491 1963 3820 2034 σωθήσεται;

2235 2043 2572 2118 ἢάποϐλέψῃ
2629 2048 2710 2110 εἰς
2757 2047 2858 2118 τὴν
2883 2047 3165 2119 τράπεζαν
3209 2046 3309 2116 τῆς
3361 2047 3669 2117 προθέσεως
3714 2047 3822 2100 τῶν

2237 2127 2408 2194 ἁγίων
2455 2128 2660 2198 ἄρτων,
2681 2131 2777 2184 καὶ
2809 2129 3142 2202 σωθήσεται;
3167 2128 3200 2200 ἢ
3233 2131 3312 2193 εἰς
3333 2129 3392 2182 16
3416 2129 3821 2200 θυσιαστήριον,

2235 2209 2269 2280 ἢ
2299 2212 2379 2274 εἰς
2406 2212 2467 2265 16
2499 2213 2922 2285 καταπέτασμα,
2968 2214 2999 2285 ἢ
3032 2215 3110 2276 εἰς
3143 2213 3242 2284 τὴν
3265 2212 3514 2274 κιϐωτὸν,
3547 2213 3578 2283 ἧ
3611 2213 3692 2274 εἰς
3724 2212 3823 2283 τὴν

2235 2294 2419 2347 εἰκόνα
2450 2295 2559 2348 τῶν
2593 2295 2891 2367 Χερουϐὶμ,
2919 2295 2952 2367 ἣ
2983 2298 3062 2359 είς
3096 2295 3154 2349 16
3191 2295 3532 2364 ἱλαστήριονς
3577 2295 3718 2348 Ἀλλ’
3733 2299 3824 2349 οὐ-

2230 2375 2322 2429 δὲν
2344 2377 2548 2431 τούτων
2571 2380 2868 2450 εἰσήγαγεν
2896 2381 2925 2434 6
2955 2377 3251 2450 νομοθέτης
3283 2381 3311 2432 6
3343 2380 3532 2446 μέγας·
3556 2377 3692 2432 άλλά
3727 2380 3823 2449 μόι-

2234 2476 2332 2529 νην
2378 2460 2547 2531 ἔπηξε
2576 2461 2670 2514 τοῦ
2725 2462 2958 2536 σταυροῦ
2987 2463 3086 2532 τὴν
3125 2463 3328 2524 εἰκόνα,
3363 2463 3458 2516 καὶ
3490 2461 3694 2533 ταύτην
3734 2462 3822 2516 διὰ

2231 2542 2326 2596 τοῦ
2357 2545 2758 2617 ἐπικαταράτου
2779 2547 2972 2616 ὄφεως.
2997 2545 3095 2599 Διά
3126 2546 3179 2598 τί
3207 2542 3320 2613 οὖν,
3342 2539 3388 2599 ὧ
3421 2547 3662 2611 Ἰουδαϊε,
3693 2546 3820 2601 ταῦ-

2231 2642 2300 2680 τα
2328 2631 2472 2681 ποιεῖ
2488 2630 2758 2700 Μωῦσῆςς
2781 2629 2868 2682 διά
2895 2629 2948 2682 τί
2975 2629 3202 2700 χωνεύει
3229 2629 3350 2698 ὄφιν
3373 2633 3400 2684 6
3421 2630 3593 2698 λέγων
3613 2631 3700 2684 διά
3726 2629 3819 2684 τοῦ

2231 2711 2419 2779 νόμου,
2455 2713 2536 2766 Οὐ
2595 2712 2874 2778 ποιήσεις
2926 2713 3219 2784 τλυπτόν,
3279 2714 3423 2767 οὐδὲ
3471 2719 3818 2783 χωνευτίνς

2243 2794 2406 2847 Ἀλλὰ
2429 2793 2482 2847 τί
2501 2794 2675 2848 ταῦτα
2695 2797 2832 2866 1196;
2861 2796 2948 2849 τὸν
2974 2796 3268 2868 ἀγνώμονα
3299 2797 3819 2867 φθέγγομαι;Αὐτὸν

2230 2875 2421 2948 ἐρωτῶ
2449 2879 2540 2931 τὸν
2561 2879 2876 2949 νομοθέτην·
2909 2881 3042 2933 Εἰπέ
3066 2898 3180 2948 μοι,
3199 2874 3244 2932 ὦ
3268 2881 3550 2933 πιστότατε
3565 2880 3659 2933 τοῦ
3678 2879 3818 2934 Θεοῦ

2231 2961 2507 3033 θεράπων,
2537 2964 2566 3018 ὃ
2591 2965 2974 3036 ἀπαγορεύεις,
3024 2969 3230 3032 ποιεῖς;
3269 2967 3296 3020 ὃ
3336 2967 3681 3038 ἀνατρέπεις,
3711 2985 3818 3018 πα-

2232 3046 2620 3116 ρασκευάζεις;
2654 3050 2682 3102 6
2704 3049 2896 3116 λέγων,
2926 3050 3006 3102 Οὐ
3039 3050 3316 3116 ποιήσεις
3361 3049 3650 3120 τλυπτόν,
3678 3050 3820 3103 οὐδὲ

2229 3133 2550 3198 χωνευτὸν,
2607 3133 2674 3185 σὺ
2731 3132 2988 3203 χωνεύεις
3033 3135 3125 3187 καὶ
3177 3133 3400 3202 γλύφεις
3460 3134 3622 3201 ὄφιν;
3682 3133 3817 3186 Ἀλλ’

2228 3213 2408 3267 ἐκεῖνα
2439 3215 2538 3285 μὲν
2571 3215 2957 3287 ἐνομοθέτησα,
2994 3217 3175 3286 φησὶν,
3206 3217 3292 3269 ἴνα
3316 3217 3414 3280 τάς
3449 3217 3581 3281 ὔλας
3605 3218 3820 3287 ἐκκόψω

2227 3295 2327 3364 τῆς
2371 3297 2648 3362 ἀσεϐείας,
2694 3301 2786 3352 καὶ
2817 3299 2908 3353 τὸν
2938 3299 3064 3354 λαὸν
3100 3301 3287 3353 τοῦτον
3322 3302 3596 3369 ἀπαγάγω
3640 3301 3818 3372 πάσης

2227 3379 2688 3453 είδωλολατρείας’
2717 3383 2834 3436 νυνὶ
2865 3383 2921 3436 δὲ
2957 3381 3179 3452 χωνεύω
3204 3382 3296 3435 τὸν
3317 3385 3464 3452 ὄφιν,
3495 3385 3582 3437 ἴνα
3613 3400 3817 3455 προτο-

2227 3461 2397 3516 πὼσω
2440 3465 2536 3535 τὴν
2579 3466 2762 3517 εἰκόνα
2789 3468 2886 3536 τῆς
2915 3467 3009 3519 τοῦ
3054 3465 3288 3537 σταυροῦ
3319 3467 3657 3537 οἰκονομίας·
3689 3486 3819 3539 πρέ-ο

2225 3547 2569 3617 ομαλίζωτὸν
2598 3550 2797 3621 δρόμον
2824 3553 2936 3613 τοῖς
2971 3551 3307 3612 ἀποστόλοις·
3346 3552 3720 3622 προγυμνάζω
3755 3552 3817 3604 τὸ

2229 3631 2369 3701 μέγα
2390 3633 2483 3685 καὶ
2512 3633 2662 3699 ξένον
2702 3637 2878 3687 ἐκεῖνο
2901 3635 2960 3686 16
2984 3633 3078 3687 τοῦ
3119 3633 3354 3706 σταυροῦ
3387 3635 3674 3706 σύμϐολον.
3698 3637 3818 3688 ’Ότι

2223 3713 2280 3767 δὲ
2306 3715 2366 3766 οὐ
2387 3715 2745 3786 βεϐιασμένος
2785 3718 2814 3769 6
2839 3716 3017 3784 λόγος,
3053 3717 3218 3771 ἄκουε
3248 3717 3342 3770 τοῦ
3372 3717 3582 3789 Κυρίου
3620 3719 3717 3788 τήν
3744 3722 3819 3771 εἰ·

2224 3798 2357 3851 κόνα
2399 3798 2495 3870 τὴν
2525 3801 2760 3871 ἀρχαίαν
2793 3803 3008 3872 ἐκείνην
3043 3801 3409 3871 βεϐαιοῦντος,
3438 3804 3533 3855 καὶ
3582 3803 3664 3866 εἰς
3691 3805 3816 3856 ἑαυ-

2223 3881 2314 3933 τὸν
2367 3883 2861 3953 ἀναλαμϐάνοντος.
2922 3884 3221 3955 Νικοδήμῳ
3267 3885 3377 3956 γάρ
3398 3902 3503 3938 τινι
3550 3887 3814 3939 Ἰουδαίων

2222 3965 2445 4036 ἄρχοντι
2491 3967 2896 4039 διαλεγόμενος,
2921 3968 2996 4032 ὡς
3051 3968 3361 4040 διδασκάλῳ
3405 3970 3497 4022 τοῦ
3549 3969 3676 4021 λαού
3718 3970 3813 4022 καὶ

2225 4049 2463 4102 συνιέναι
2501 4050 2783 4121 δυναμένῳ
2801 4052 2898 4122 τῆς
2915 4053 3229 4122 οἰκονομίας
3259 4053 3359 4124 τὴν
3385 4053 3632 4123 θεωρίαν,
3652 4053 3807 4120 φησί·

2221 4132 2332 4184 Καὶ
2356 4132 2548 4200 καθὼς
2577 4134 2841 4204 Μωυσῆς
2877 4135 3088 4203 ὗψωσε
3111 4135 3219 4188 τὸν
3250 4136 3388 4203 ὅφιν
3408 4136 3476 4188 ἐν
3500 4133 3569 4202 τῇ
3589 4135 3807 4204 ἐρήμῳ,

2221 4215 2374 4269 οὕτω
2411 4217 2502 4270 δεῖ
2534 4216 2847 4286 ὑψωθῆναι
2881 4219 2984 4271 τὸν
3028 4217 3166 4271 Υιόν
3198 4220 3306 4272 τοῦ
3333 4220 3662 4284 ἀνθρώπου.
3706 4220 3810 4272 ἵνα

2219 4296 2340 4364 πᾶς
2373 4302 2405 4352 ό
2434 4301 2735 4354 πιστεύων
2755 4305 2841 4368 εἰς
2867 4300 3149 4370 αὐτὸνμὴ
3184 4303 3492 4368 ἀπόληται.
3530 4303 3669 4355 ἀλλ’
3689 4302 3812 4372 ἔχῃ

2220 4379 2372 4448 ζωὴν
2389 4382 2648 4437 αἰώνιον.
2673 4385 2806 4438 Εἰπὲ
2827 4381 2940 4447 οὖν,
2963 4378 3008 4437 ὣ
3029 4385 3318 4455 άναίσθητε
3347 4384 3582 4447 Ἰουδαιε,
3605 4387 3664 4437 οὐ
3686 4387 3815 4456 χαλ-

2219 4466 2314 4529 κὸς
2336 4467 2509 4520 ἐκεῖνο
2533 4463 2635 4538 ἦνς
2659 4468 2848 4539 Νεκρὰ
2866 4468 2965 4539 ὐλη
2989 4469 3211 4539 νικῆσαι
3233 4469 3458 4523 θάνατον
3477 4469 3739 4540 ἰσχύουσα
3757 4467 3812 4535 δ,

2217 4549 2386 4602 τύπον
2406 4549 2602 4621 ἔχουσα
2623 4551 2878 4622 σταυροῦο
2905 4553 2996 4604 καὶ
3015 4552 3151 4623 αὐτὴ
3169 4555 3201 4624 ή
3220 4553 3444 4626 ἀλήθεια
3460 4553 3554 4606 τοῦ
3579 4556 3816 4626 σταυροῦ

2216 4633 2278 4686 οὐ
2311 4633 2656 4702 πιστεύεται;
2694 4637 2789 4688 καὶ
2822 4634 2994 4688 ταῦτα
3032 4636 3166 4705 μετὰ
3211 4637 3312 4708 τὴν
3344 4638 3684 4708 ἐπιστροφὴν
3715 4639 3817 4709 τῆς

2216 4717 2364 4768 οἰκου
2373 4717 2557 4788 μένης,
2568 4719 2704 4789 μετά
2718 4718 2815 4790 τὴν
2830 4717 3121 4790 λάμψασαν
3137 4720 3195 4772 ὲν
3222 4721 3386 4773 παντὶ
3409 4721 3488 4791 τῷ
3506 4721 3696 4793 κόσμῳ
3716 4723 3817 4792 τῆς

2217 4799 2498 4863 εὐσεϐείας
2514 4801 2866 4862 κατάστασιν,
2885 4803 3022 4872 μετά
3034 4801 3131 4874 τὴν
3145 4803 3328 4857 πίστιν
3341 4804 3452 4856 τῶν
3468 4805 3660 4870 ἐθνῶν,
3678 4807 3816 4876 μετά

2215 4877 2312 4950 τὴν
2330 4879 2544 4951 ἔγερσιν
2565 4881 2671 4934 τῶν
2687 4881 3042 4952 Ἑκκλησιῶν,
3062 4883 3198 4952 μετά
3211 4881 3464 4936 τοσοῦτον
3477 4886 3812 4954 ἀγωνισμὺν,

2219 4957 2354 5023 μετὰ
2371 4959 2636 5032 τοσαύτην
2664 4961 2916 5032 ἄσκησιν,
2956 4963 3091 5032 μετά
3114 4963 3380 5033 τοσαύτην
3402 4963 3700 5034 ἀπελικῆς
3724 4981 3816 5018 πο-

2215 5038 2325 5091 λιτε
2334 5039 2415 5102 ίας
2434 5041 2666 5094 ἐπίδοσιν
2683 5058 2697 5106 ;
2735 5042 2895 5094 Ἀλλά
2915 5042 3022 5113 γάρ
3043 5042 3417 5095 ἀποδέδεικται
3437 5043 3644 5112 σαφῶς,
3664 5045 3816 5109 ὅπως

2214 5119 2638 5174 ἀποκέκλεισται
2671 5123 2784 5184 τοῖς
2813 5123 3028 5192 ἐχθροῖς
3055 5121 3150 5174 τοῦ
3171 5122 3410 5192 σταυροῦ
3434 5122 3495 5174 τὸ
3526 5124 3812 5190 ὀνειδίζειν

2215 5198 2347 5268 ἡμῖν
2376 5199 2437 5252 16
2460 5201 2646 5271 σχῆμα
2658 5201 2752 5254 τοῦ
2777 5202 3209 5272 ὲπικαταράτου.
3239 5202 3350 5255 Καὶ
3381 5202 3518 5273 πρὸς
3541 5203 3643 5272 μὲν
3672 5205 3814 5258 ἐκεί·

2215 5294 2338 5341 νους
2356 5277 2548 5332 ταῦτα·
2611 5282 2774 5352 ήμείς
2802 5279 2860 5334 δὲ
2888 5283 2938 5334 οἰ
2969 5281 3151 5337 πιστοὶ
3199 5283 3328 5352 παρ’
3362 5281 3577 5346 ἑαυτοῖς
3615 5285 3811 5351 ἐξετά-

2216 5373 2418 5428 σωμεν,
2437 5361 2531 5412 καὶ
2550 5359 2931 5432 βασανίσωμεν
2952 5360 3062 5413 τῶν
3087 5362 3348 5432 ῥημάτων
3368 5360 3468 5433 τὴν
3490 5363 3808 5435 ἀκρίϐειαν.

2213 5435 2279 5490 Τί
2310 5437 2508 5506 δήποτε
2533 5438 2563 5490 6
2581 5437 2784 5509 Κύριος
2811 5438 2910 5510 τὴν
2932 5439 3116 5493 εἰκόνα
3135 5438 3236 5508 τῆς
3248 5439 3564 5511 οἰκονομίας
3587 5443 3809 5512 ἐκείνης

2212 5517 2274 5570 οὐ
2301 5515 2368 5569 δι’
2414 5516 2601 5586 ἑτέρου
2648 5515 2814 5580 τινὸς,
2847 5515 2982 5571 ἀλλά
3029 5517 3100 5571 δι’
3149 5517 3328 5587 ὄφεως
3359 5519 3628 5588 ἐποίησες
3660 5520 3809 5592 Πρὸς

2216 5599 2317 5670 μὲν
2345 5599 2455 5671 γὰρ
2475 5601 2601 5664 τοὺς
2655 5599 2878 5668 ἀγῶνας
2904 5600 3014 5654 τῶν
3051 5602 3311 5656 ἐναντίων
3348 5602 3534 5657 ἱκανὸν
3567 5604 3630 5658 16
3671 5604 3806 5658 ὐπὸο

2277 5715 2300 5744 ⁸
2348 5715 2637 5826 ιὲἕειιάυω
2676 5722 2816 5778 putat
2864 5716 3046 5766 Fronto
3085 5729 3198 5765 cum
3235 5715 3422 5768 Savillo
3442 5718 3540 5768 ἀπὸ
3567 5718 3657 5770 τοῦ
3696 5721 3807 5771 ια-

2277 5791 2323 5823 τ.
2341 5776 2376 5825 S
2467 5779 2634 5826 lectio.
2659 5786 2715 5826 ut
2736 5786 2836 5826 est.
2856 5779 2974 5826 ferri
2995 5790 3141 5826 mne
3164 5779 3376 5826 videtur.

2485 5780 2634 5837 ectio,
2659 5786 2715 5828 ut
2736 5786 2836 5840 est,
2856 5779 2974 5830 ferri
2995 5790 3141 5843 pone
3164 5779 3376 5834 videtur.

2275 5837 2305 5878 ἀ
2325 5837 2438 5892 Sav.
2461 5840 2654 5903 ῐσχυσε.
