4126 6326
389 363 491 419 501

381 493 498 539 erat
517 484 603 554 qui
627 497 851 551 corpore
870 483 1197 551 solvebatur,
1215 492 1269 538 et
1288 483 1374 554 qui
1397 482 1686 537 secundum
1708 482 1963 552 Spiritum

382 576 522 647 quod
547 577 777 631 solutqu
803 586 913 630 erat
936 576 1220 631 excitabat.
1244 575 1372 629 Nam
1395 576 1486 638 ait,
1512 574 1702 629 Solvite
1726 575 1965 645 templum

382 671 498 737 hoc,
522 680 567 725 et
588 670 639 722 in
660 668 818 723 tribus
841 668 1011 723 diebus
1027 668 1251 722 excitabo
1266 667 1395 721 illud
1415 666 1589 739 (Joan.
1611 666 1665 721 2.
1691 666 1803 738 19).
1830 665 1964 721 Ecce

381 762 694 825 ascendimus
731 759 1118 831 Jerosolymam.
1166 760 1438 815 Christum
1478 759 1809 830 sequentium
1855 775 1959 813 non

380 864 462 909 est
506 869 755 924 umquam
803 853 1171 918 descendere,
1210 852 1304 907 sed
1348 852 1635 907 ascendere
1680 862 1957 923 perpetuo.

382 946 625 1015 Alioquin
671 962 794 1001 vero
839 947 918 999 via
964 946 1272 1001 Jericlumte
1314 945 1701 1017 .Ierosolymam
1747 946 1960 1001 acclivis

380 1045 531 1100 erat,
563 1037 720 1091 modo
759 1037 995 1101 sensibili
1026 1037 1293 1107 loquendo
1316 1079 1331 1101 ,
1361 1045 1416 1091 et
1445 1036 1769 1107 intelligendi
1801 1036 1959 1091 modo

382 1129 555 1197 passio
583 1129 649 1182 ad
680 1143 956 1182 ascensum
983 1128 1386 1183 resurrectionis
1415 1127 1657 1182 ducebat.
1695 1126 1955 1181 Adamum

378 1222 518 1273 enim
552 1221 601 1274 in
645 1219 908 1274 infernum
939 1220 1210 1289 delapsum
1253 1221 1306 1273 in
1335 1219 1521 1273 caelum
1554 1218 1874 1282 revocabat,
1904 1227 1958 1272 et

380 1313 521 1366 IllllltI
544 1314 808 1382 jaceutem
837 1313 1117 1383 imaginem
1148 1314 1200 1366 in
1221 1312 1446 1367 sublime
1466 1310 1737 1366 eﬂ'erebat.
1773 1313 1959 1365 Ascen-

375 1405 539 1459 dimus
557 1404 949 1476 Jerosolymam.
975 1405 1075 1461 Ubi
1102 1406 1259 1469 Deus,
1282 1406 1351 1460 ibi
1373 1414 1427 1459 et
1447 1404 1653 1459 virtutis
1672 1419 1951 1469 ascensus;

376 1495 461 1548 ubi
494 1496 690 1549 malitia
715 1537 730 1561 ,
760 1496 830 1550 ibi
861 1495 1153 1566 iniquitatis
1179 1496 1486 1551 descensus.
1538 1496 1661 1550 Ideo
1688 1496 1850 1549 David
1887 1495 1954 1549 de

375 1587 439 1641 iis
464 1588 549 1657 qui
577 1587 868 1642 secundum
890 1588 1138 1642 virtutem
1159 1593 1343 1642 vivunt
1368 1588 1442 1641 ait
1472 1606 1484 1643 :
1516 1605 1534 1639 ι
1567 1587 1715 1641 Beati
1742 1601 1950 1651 omnes,

373 1680 460 1749 qui
491 1678 727 1733 habitant
754 1679 806 1733 in
831 1678 991 1733 domo
1020 1689 1104 1733 tua
1140 1696 1154 1733 :
1189 1680 1240 1733 in
1271 1679 1464 1734 saecula
1488 1678 1803 1732 saeculorum
1836 1676 1953 1730 Iau-

373 1769 574 1824 dabunt
617 1782 686 1825 te.
738 1770 930 1827 Beatus
976 1771 1059 1828 vir
1102 1771 1253 1840 cujus
1293 1780 1377 1826 est
1416 1770 1671 1825 auxilium
1712 1769 1808 1824 abs
1854 1777 1949 1826 te:

373 1862 712 1917 ascensiones
759 1870 863 1917 ture
908 1864 962 1916 in
1010 1862 1174 1919 corde
1217 1862 1332 1933 ejus
1370 1880 1390 1915 ι
1428 1860 1601 1933 (Psal.
1640 1862 1730 1917 85.
1776 1862 1830 1917 5.
1867 1861 1945 1931 6).

372 1954 701 2010 Ascensiones
741 1964 860 2023 tute,
885 1956 986 2012 hoc
1026 1966 1130 2023 est,
1150 1956 1251 2026 piae.
1295 1956 1401 2010 illa:
1439 1963 1495 2011 et
1527 1955 1583 2010 in
1623 1954 1785 2009 altum
1826 1969 1952 2009 eve-

370 2059 472 2102 cta:
503 2050 929 2105 ratiocinationes
951 2090 965 2112 ,
998 2064 1117 2119 qua:
1149 2049 1202 2103 in
1240 2048 1467 2103 sublime
1492 2054 1656 2119 agunt
1683 2061 1777 2101 eos
1799 2087 1814 2111 ,
1858 2046 1951 2117 qui

371 2151 516 2197 recte
542 2141 611 2199 de
648 2142 761 2198 Deo
787 2143 1040 2213 cogitant.
1090 2142 1184 2197 Est
1223 2156 1350 2212 ergo
1382 2141 1755 2210 temperantia:
1782 2139 1863 2193 via
1897 2139 1950 2192 in

367 2235 593 2290 sublime
617 2235 844 2307 erigens,
878 2237 959 2290 via
980 2236 1199 2305 jllStIlifB
1222 2235 1274 2289 in
1295 2236 1458 2288 altum
1484 2233 1684 2288 ducens
1707 2250 1719 2285 :
1745 2232 1949 2287 omnis-

366 2342 489 2394 que,
521 2336 577 2381 ut
603 2328 670 2381 ita
697 2327 901 2390 dicam,
936 2328 1144 2397 pietatis
1172 2326 1257 2380 via
1286 2325 1377 2381 Dei
1404 2334 1669 2380 amantem
1698 2324 1751 2378 in
1780 2325 1945 2378 altum

364 2418 596 2483 adducit,
626 2419 691 2472 de
718 2434 823 2489 quo
849 2418 1095 2473 dicebant
1120 2418 1343 2489 gentiles
1376 2436 1389 2472 :
1426 2416 1621 2483 Venite,
1650 2417 1944 2486 proﬁcisca-

365 2530 476 2565 mur
518 2514 586 2566 ad
631 2523 849 2567 montem
898 2513 1140 2579 Domini,
1190 2523 1237 2567 et
1283 2512 1351 2566 ad
1397 2511 1602 2565 domum
1646 2510 1743 2565 Dei
1783 2508 1943 2564 Jacob

367 2602 547 2674 (Mich.
572 2606 625 2659 4.
654 2602 731 2675 2).
765 2605 856 2659 Ubi
888 2604 1096 2674 pietatis
1116 2603 1378 2670 doctrina,
1406 2602 1476 2657 ibi
1504 2616 1757 2657 ascensus
1783 2611 1866 2655 est
1888 2602 1939 2653 ¹;

365 2698 450 2751 ubi
482 2714 606 2753 vero
634 2698 832 2751 malitia
857 2738 873 2763 ,
903 2698 972 2752 ibi
1006 2698 1162 2769 plane
1185 2697 1495 2756 descensus.
1542 2695 1597 2753 Id
1628 2694 1941 2754 testiﬁcatur

365 2788 536 2845 David
567 2788 824 2861 propheta
848 2789 1070 2847 dicens:
1096 2791 1278 2846 Libera
1302 2807 1381 2845 me
1403 2807 1435 2843 a
1461 2787 1866 2844 descendentibus
1887 2788 1941 2840 in

364 2885 529 2937 locum
553 2883 723 2952 (Psal.
740 2882 830 2939 29.
855 2883 936 2951 4);
959 2894 1013 2939 et
1036 2898 1235 2949 rursus,
1262 2882 1363 2947 Qui
1381 2882 1574 2937 exultas
1594 2897 1672 2935 me
1696 2881 1759 2935 de
1783 2880 1942 2951 portis

365 2975 536 3027 mortis
558 2973 723 3044 (Psat.
752 2975 805 3030 9.
827 2972 942 3044 15).
967 2975 1142 3043 Itaque
1165 2974 1313 3040 illud,
1335 2973 1682 3036 Ascendimus,
1703 2986 1806 3026 non
1825 2970 1939 3024 fru—

363 3073 471 3118 stra
489 3066 685 3119 dictum
708 3074 806 3119 est.
821 3064 953 3119 Ecce
968 3065 1303 3118 ascendimus.
1325 3065 1481 3134 Atqui
1503 3063 1648 3119 solus
1662 3062 1729 3117 ad
1749 3061 1943 3132 passio-

364 3174 485 3213 nem
512 3159 673 3211 venit.
696 3158 802 3211 Cur
817 3174 942 3228 ergo
965 3158 1015 3212 in
1030 3157 1300 3212 communi
1319 3157 1412 3222 ait,
1429 3156 1785 3211 Ascendimus?
1807 3155 1940 3224 Quia

363 3253 539 3321 passio
556 3249 765 3320 quidem
783 3267 919 3312 mea.
940 3251 1085 3306 salus
1100 3266 1228 3305 vero
1249 3251 1486 3305 omnium
1506 3249 1777 3305 hominum
1797 3265 1939 3304 com-

362 3344 535 3397 munis
564 3352 664 3397 est.
696 3343 817 3398 Ideo
844 3343 1052 3397 divinus
1074 3343 1345 3412 apestolus
1372 3343 1424 3396 in
1453 3356 1763 3412 generosam
1791 3342 1936 3396 illam

360 3444 413 3490 et
436 3434 678 3490 miraculi
709 3435 917 3502 plenam
945 3436 1119 3505 erupit
1153 3449 1335 3489 vocem
1360 3475 1376 3499 ,
1405 3443 1461 3487 ut
1487 3433 1647 3487 modo
1677 3432 1936 3487 audistis:

361 3528 487 3582 Cum
507 3528 703 3582 Christo
729 3528 1000 3595 cruciﬁxus
1025 3544 1154 3581 sum.
1188 3526 1310 3580 Vivo
1328 3536 1523 3589 autem,
1554 3526 1661 3591 iam
1688 3542 1788 3579 non
1814 3542 1903 3595 ego
1920 3565 1933 3588 ,

360 3621 473 3673 vivit
494 3635 606 3673 uero
626 3620 681 3674 in
698 3636 777 3673 me
796 3618 1022 3673 Christus
1045 3618 1184 3689 (Gal.
1208 3620 1261 3672 2.
1291 3619 1373 3672 l9.
1396 3616 1508 3690 20).
1529 3617 1796 3687 Alioquin,
1816 3632 1935 3671 cum

361 3710 522 3765 vellet
550 3710 773 3765 fructum
799 3709 972 3763 crucis
1001 3710 1302 3773 ostendere,
1331 3708 1557 3778 subjecit
1581 3708 1759 3762 statim
1786 3708 1835 3760 in
1860 3722 1939 3761 se-

358 3800 640 3870 quentibus
660 3819 673 3855 :
693 3800 918 3854 Christus
940 3816 1031 3853 nos
1059 3799 1263 3853 redemit
1284 3816 1315 3851 a
1332 3799 1594 3851 maledicto
1614 3797 1755 3867 legis,
1775 3801 1938 3869 fartus

360 3911 450 3963 pro
480 3893 620 3949 nobis
646 3894 963 3947 maledictum
991 3891 1130 3963 (Gal.
1161 3894 1214 3949 5.
1246 3893 1338 3962 15)
1371 3909 1385 3946 :
1414 3891 1656 3961 scriptum
1676 3900 1746 3942 est
1770 3892 1899 3943 enim
1920 3932 1935 3956 ,

362 3989 661 4043 Maledictus
689 3990 851 4043 omnis
880 3988 965 4060 qui
998 3987 1177 4058 pendet
1203 3987 1254 4039 in
1276 3987 1412 4056 ligno
1443 3985 1621 4053 (Deut.
1649 3985 1733 4039 21.
1768 3984 1882 4052 25).

428 4082 482 4134 2.
527 4081 624 4135 llic
650 4079 777 4134 mihi
808 4080 1089 4148 diligenter
1113 4076 1475 4132 animadverte
1501 4118 1513 4138 ,
1545 4092 1611 4130 ne
1636 4076 1730 4129 abs
1763 4084 1813 4129 te
1843 4091 1937 4128 vc-

361 4174 529 4227 ritatis
573 4173 842 4243 perceptio
871 4172 1131 4226 elabatur.
1178 4170 1553 4224 Contradicent
1587 4169 1727 4222 enim
1759 4167 1937 4220 statim

359 4265 526 4321 Judaei
550 4306 565 4332 ,
599 4266 665 4319 de
690 4265 882 4334 quibus
906 4264 980 4317 ait
1010 4263 1200 4317 Paulus
1226 4304 1240 4326 ,
1293 4260 1493 4314 Inimici
1524 4260 1686 4313 crucis
1711 4258 1896 4313 Christi
1920 4299 1935 4321 ,

358 4376 570 4429 quorum
600 4359 716 4428 ﬁnis
742 4358 973 4411 interitus
1000 4357 1016 4425 (
1043 4355 1276 4425 Philipp.
1306 4355 1358 4408 5.
1395 4353 1477 4413 18.
1514 4351 1645 4423 l9),
1674 4362 1729 4407 et
1758 4351 1935 4406 statim

361 4452 685 4522 simplicibus
710 4450 957 4519 objicient
984 4466 997 4502 :
1023 4450 1077 4504 Si
1105 4447 1417 4502 maledictus
1443 4446 1530 4516 qui
1560 4445 1773 4515 pendet,
1801 4460 1936 4514 quo-

360 4547 518 4602 modo
546 4561 573 4598 a
609 4545 890 4599 maledicto
935 4544 1026 4597 tibi
1072 4541 1493 4597 benedictionem
1543 4539 1801 4608 impertiri
1844 4554 1939 4593 ex-

360 4637 609 4709 spectas?
627 4635 892 4707 quomodo
914 4635 978 4689 ab
995 4650 1080 4699 eo,
1103 4633 1193 4702 qui
1219 4633 1270 4686 in
1299 4644 1520 4686 mortem
1542 4630 1752 4693 cecidit,
1776 4631 1937 4683 vitam

360 4732 586 4802 speras?
638 4730 690 4783 Id
720 4730 862 4801 quod
889 4736 1126 4797 apparet,
1161 4736 1220 4780 ut
1245 4726 1357 4795 ipse
1382 4725 1569 4779 doctor
1592 4734 1774 4778 noster
1804 4723 1939 4777 Pau-

360 4827 443 4881 lus
486 4823 767 4880 conlitetur
787 4862 802 4885 ,
849 4821 1188 4876 maledictum
1224 4826 1306 4874 est
1335 4835 1347 4870 :
1377 4816 1636 4886 Scriptum
1666 4825 1738 4869 est
1765 4819 1935 4883 enim,

361 4917 663 4972 Maledictus
688 4914 849 4969 omnis
875 4914 957 4983 qui
984 4911 1163 4982 pendet
1186 4910 1240 4963 in
1261 4911 1395 4980 ligno
1418 4907 1559 4974 (Gal.
1583 4909 1636 4962 5.
1660 4909 1746 4964 1⁵5.
1786 4907 1936 4961 Deut.

358 5011 444 5065 21.
466 5011 579 5080 25).
603 5009 659 5064 Si
680 5011 857 5077 itaque
877 5005 1131 5075 scriptum
1150 5013 1231 5059 est
1251 5014 1304 5058 et
1326 5002 1629 5057 testimonio
1648 5001 1934 5068 firmatum,

356 5101 627 5171 quomodo
652 5097 956 5158 benedictio
983 5113 1013 5150 a
1039 5095 1320 5150 maledicto
1346 5093 1499 5148 datur
1527 5094 1699 5148 crucis
1723 5094 1938 5148 cultori-

361 5192 502 5245 bus?
547 5192 670 5245 Hmc
709 5205 922 5258 semper
950 5188 1078 5242 dicit
1104 5197 1159 5241 et
1186 5186 1368 5255 objicit
1406 5185 1657 5251 Judaaus,
1695 5186 1938 5240 inimicus

358 5284 532 5338 crucis
555 5282 771 5337 Christi.
799 5280 853 5335 Si
880 5280 1053 5348 itaque
1071 5278 1286 5333 Judteus
1309 5278 1400 5331 tibi
1422 5277 1634 5343 dixerit,
1661 5277 1940 5345 Quomodo

359 5376 673 5431 maledictus
702 5376 798 5429 dat
825 5372 1287 5426 benedictionem?
1326 5370 1411 5425 dic
1437 5370 1508 5424 illi
1533 5412 1548 5436 ,
1579 5370 1857 5438 Quomodo
1886 5370 1938 5423 in

358 5471 572 5525 deserto
594 5474 870 5537 serpentes
892 5463 1202 5517 mordebant
1228 5463 1592 5534 progenitores
1614 5475 1762 5525 tuos;
1791 5461 1939 5532 Moy-

360 5575 448 5618 ses
467 5571 641 5615 autem
665 5558 898 5627 imagine
919 5556 1178 5623 serpentis
1202 5554 1357 5622 facta,
1384 5564 1437 5609 et
1462 5555 1513 5608 in
1539 5569 1696 5607 cruce
1719 5568 1940 5622 suspen-

363 5668 442 5717 sa,
462 5651 611 5717 dicit,
636 5648 951 5714 Quicumque
968 5661 999 5696 a
1018 5655 1241 5713 serpente
1261 5662 1455 5698 morsus
1475 5645 1644 5716 fuerit,
1666 5654 1940 5712 serpentem

1590 364 1678 420 ne
1715 362 2073 451 seorsum
2114 364 2415 421 nouum.

3546 371 3651 425 51⁸2

2070 483 2325 552 respiciat,
2357 493 2405 539 et
2436 484 2604 539 salvus
2632 488 2725 540 erit
2761 487 2780 557 (
2803 485 2966 541 Num.
2994 486 3086 543 21.
3115 486 3223 558 8)?
3247 486 3351 542 Sed
3380 486 3452 542 ait
3474 528 3491 555 ,
3521 487 3647 557 quid

2070 576 2171 631 hoc
2209 578 2274 631 ad
2304 578 2460 632 rem?
2500 578 2639 633 Sane
2665 579 2889 634 multum
2918 580 2986 634 ad
3014 595 3126 635 rem
3158 578 3406 651 pertinet.
3456 579 3645 651 Annon

2067 668 2257 721 audisti
2300 669 2463 724 Deum
2503 668 2765 723 dicentem
2791 711 2806 733 ,
2851 669 3155 725 Maledictus
3194 681 3247 725 tu
3286 686 3390 739 pra:
3419 672 3646 724 omnibus

2068 759 2233 813 bestiis
2259 769 2404 814 terra:
2432 760 2598 831 (Gen.
2629 761 2683 816 5.
2713 762 2780 816 14
2799 760 2861 831 )?
2891 761 3166 830 Quomodo
3194 761 3352 832 igitur
3380 761 3643 817 maledicti

2066 851 2238 922 imago
2260 853 2419 909 vitam
2441 854 2614 909 attulit
2635 854 3059 925 progenitoribus
3082 853 3302 909 vestris?
3326 854 3531 907 Dictum
3555 867 3643 908 re-

2064 954 2207 1012 peto,
2230 952 2284 996 ut
2300 945 2611 998 sententiam
2638 944 2839 998 ﬁrmius
2855 953 3103 998 statuam.
3125 945 3178 999 Si
3197 943 3409 1014 quidem
3425 943 3641 998 difﬁcile

2066 1035 2156 1089 tibi
2200 1037 2442 1091 videatur
2484 1053 2550 1092 ex
2599 1037 2881 1091 maledicto
2923 1037 3343 1092 benedictionem
3390 1052 3640 1092 emanare

2065 1126 2086 1203 (
2107 1127 2159 1180 Μ
2166 1128 2409 1183 uledictus
2428 1128 2569 1184 enim
2593 1131 2753 1183 omnis
2772 1130 2857 1199 qui
2874 1128 3051 1198 pendit
3071 1129 3124 1183 in
3145 1129 3279 1197 ligno
3299 1128 3315 1195 )
3332 1170 3346 1192 ,
3370 1128 3639 1199 quomodo

2064 1219 2236 1290 imago
2265 1223 2528 1288 serpentis
2559 1220 2857 1284 maledicti,
2883 1222 2970 1289 qui
2999 1220 3195 1274 audivit
3214 1262 3228 1284 ,
3261 1205 3638 1275 Maledictus'tu

2060 1326 2168 1379 prie
2187 1311 2412 1364 euntibus
2433 1310 2617 1375 bestiis,
2638 1313 2832 1382 populo
2851 1313 2901 1365 in
2925 1312 3225 1366 calamitate
3245 1312 3531 1365 constituto
3551 1309 3636 1364 bc-

2060 1402 2411 1479 nedictionem
2433 1404 2845 1457 attulit?Annou
2872 1403 2973 1457 fide
2999 1404 3206 1473 dignius
3225 1401 3408 1456 fuisset
3434 1401 3632 1463 dicere,

2057 1491 2111 1547 Si
2138 1494 2256 1563 quis
2283 1509 2350 1548 ex
2379 1493 2527 1548 vobis
2553 1509 2759 1548 morsus
2790 1492 2965 1559 fuerit,
2994 1494 3238 1562 respiciat
3275 1491 3325 1545 in
3356 1490 3540 1545 caelum
3567 1490 3632 1543 ad

2058 1568 2247 1648 Deum,
2272 1594 2325 1638 et
2353 1585 2667 1640 sanabitur?
2703 1584 2785 1637 vel
2807 1583 3026 1638 dimisso
3047 1584 3162 1637 cadi
3188 1592 3427 1653 aspectu.
3457 1597 3635 1635 annon

2058 1684 2267 1745 poterat
2290 1676 2485 1740 dicere,
2510 1676 2565 1732 Si
2587 1676 2704 1747 quis
2726 1690 2934 1731 morsus
2954 1676 3128 1740 fuerit,
3156 1676 3403 1744 reSpiciat
3423 1675 3474 1728 in
3504 1688 3635 1728 cau-

2056 1767 2326 1823 delabrum
2350 1768 2582 1831 luminis,
2601 1777 2653 1822 et
2678 1768 2852 1821 salvus
2870 1766 2999 1821 erit?
3023 1776 3113 1821 aut
3129 1766 3376 1836 respiciat
3400 1764 3453 1818 in
3479 1779 3634 1818 men-

2055 1876 2166 1917 sam
2194 1862 2569 1933 pr0positionis
2612 1870 2914 1915 sanctorum
2944 1875 3137 1930 panum
3162 1900 3177 1926 ,
3203 1868 3258 1914 et
3282 1858 3461 1912 salvus
3491 1855 3633 1911 erit?

2053 1963 2144 2008 aut
2168 1953 2219 2008 in
2246 1953 2430 2019 altare,
2457 1962 2547 2008 aut
2574 1954 2626 2008 in
2652 1953 2849 2020 velum,
2867 1952 3030 2007 autin
3052 1966 3227 2006 arcam
3247 1993 3260 2015 ,
3284 1951 3395 2006 sive
3417 1950 3471 2005 in
3492 1950 3629 2004 ima-

2053 2049 2230 2118 ginem
2256 2046 2701 2110 Cberubinorum,
2728 2046 2810 2100 vel
2841 2048 2892 2098 in
2920 2042 3373 2114 propitiatorium?
3399 2043 3467 2097 At
3496 2041 3623 2097 nihil

2054 2153 2237 2194 eorum
2258 2139 2476 2194 adduxit
2496 2136 2765 2208 legislator
2786 2151 3041 2206 magmts;
3067 2150 3248 2190 verum
3276 2148 3433 2187 unam
3456 2132 3631 2188 crucis

2053 2232 2335 2304 imaginem
2363 2232 2549 2297 erexit,
2574 2239 2627 2286 et
2654 2230 2789 2284 hanc
2820 2245 2913 2299 per
2939 2228 3276 2283 maledictum
3303 2234 3624 2295 serpentem.

2049 2323 2157 2379 Cur
2180 2340 2309 2394 ergo
2332 2365 2345 2390 ,
2376 2323 2558 2377 Judtee
2582 2364 2597 2385 ,
2630 2322 2839 2393 Moyses
2864 2320 2980 2375 bare
3009 2317 3169 2373 facit?
3193 2332 3288 2370 cur
3325 2323 3626 2384 serpentem

2049 2417 2277 2482 eonﬁat,
2307 2417 2393 2486 qui
2424 2431 2520 2486 per
2560 2415 2727 2483 legem
2762 2413 3000 2475 dixerat,
3033 2408 3154 2464 Non
3188 2410 3341 2480 facies
3364 2407 3625 2477 sculptile.

2048 2524 2206 2579 neque
2234 2507 2381 2576 fusile
2405 2507 2424 2577 (
2448 2504 2605 2559 Leuit.
2633 2504 2722 2559 26.
2754 2504 2777 2557 1
2810 2503 2872 2573 )?
2902 2502 3005 2557 Sed
3036 2516 3133 2556 cur
3160 2499 3276 2554 hate
3314 2499 3518 2567 ingrato
3547 2498 3625 2550 lo-

2048 2600 2220 2670 quor?
2249 2598 2420 2668 Ipsum
2452 2597 2807 2668 legislatorem
2843 2595 3111 2663 interrogo
3142 2611 3155 2647 :
3183 2591 3278 2645 Die
3313 2589 3462 2653 mibi,
3493 2587 3626 2643 lide-

2047 2693 2248 2750 lissime
2292 2691 2387 2748 Dei
2433 2691 2627 2746 lamule
2650 2730 2663 2754 ,
2697 2704 2765 2743 an
2795 2687 2845 2742 id
2879 2686 3007 2741 facis
3043 2684 3183 2755 quod
3219 2681 3512 2755 prohibes?
3556 2697 3622 2733 an

2046 2784 2188 2856 quod
2228 2782 2520 2854 reprobus,
2564 2781 2614 2835 id
2655 2778 2930 2850 operaris?
2968 2776 3055 2848 qui
3099 2776 3229 2831 dicis
3254 2816 3269 2841 ,
3314 2772 3432 2827 Non
3472 2772 3626 2844 facies

2045 2876 2275 2948 sculptile
2295 2915 2311 2940 ,
2354 2890 2511 2945 neque
2539 2872 2689 2941 fusile
2712 2912 2727 2937 ,
2771 2870 2946 2924 fandis
2972 2878 3027 2923 et
3057 2866 3255 2936 sculpis
3283 2866 3625 2934 serpentem?

2047 2969 2245 3025 Verum
2294 2967 2433 3022 dicet
2465 2986 2477 3020 :
2519 2965 2638 3019 Illas
2666 2963 2761 3017 tuli
2791 2962 2935 3032 leges
2958 3002 2974 3026 ,
3014 2968 3071 3013 ut
3097 2974 3308 3013 onmem
3341 2955 3624 3025 impietatis

2045 3062 2320 3117 materiam
2361 3059 2760 3121 exscinderem,
2802 3065 2858 3110 et
2901 3056 3040 3108 hunc
3072 3052 3321 3122 populum
3366 3065 3394 3103 a
3437 3048 3626 3118 quovis

2045 3154 2307 3215 idolorum
2351 3150 2496 3205 cultu
2541 3157 2870 3209 averterem;
2922 3160 3062 3197 nunc
3104 3151 3277 3195 autem
3319 3148 3635 3207 serpentch

2044 3243 2237 3308 contio,
2263 3252 2318 3297 ut
2340 3240 2622 3311 imaginem
2641 3235 3051 3306 dispensationis
3070 3233 3243 3289 crucis
3266 3231 3622 3301 pra-ligurem,

2044 3339 2181 3393 viam
2203 3352 2297 3407 per
2314 3349 2471 3406 quam
2489 3331 2716 3403 apostoli
2730 3329 3019 3385 decurrant
3034 3342 3150 3381 com
3158 3326 3394 3395 planans,
3414 3324 3635 3391 signum.

2046 3430 2187 3485 illius
2213 3427 2388 3483 crucis
2416 3438 2667 3495 maguum
2700 3420 3098 3489 inauditumque
3119 3417 3274 3482 longe
3293 3424 3446 3468 antea
3471 3411 3627 3466 adbi-

2045 3522 2164 3576 beo.
2197 3519 2346 3587 Quod
2373 3529 2548 3572 autem
2577 3515 2693 3569 luce
2718 3512 2999 3582 eXplicatio
3024 3525 3128 3564 non
3153 3507 3356 3563 detorta
3384 3506 3473 3572 sit,
3498 3504 3623 3559 audi

2046 3613 2323 3668 Dominum
2346 3653 2361 3677 ,
2391 3611 2478 3681 qui
2508 3618 2739 3663 veterem
2771 3607 2914 3663 illam
2945 3604 3222 3674 imaginem
3250 3600 3531 3655 continuat
3559 3614 3626 3653 ae

2042 3706 2108 3760 de
2136 3704 2312 3773 seipse
2351 3704 2744 3770 interpretatur.
2792 3695 3137 3751 Nicodcmum
3176 3692 3317 3747 enim
3346 3692 3622 3760 alloquens

2044 3806 2100 3852 ut
2128 3795 2303 3867 populi
2330 3794 2623 3855 doctorem,
2656 3790 2824 3843 virum
2854 3786 2990 3855 apud
3017 3783 3230 3840 Iudaeos
3257 3783 3578 3853 praacipuum
3602 3823 3619 3848 ,

2042 3888 2129 3958 qui
2175 3895 2356 3956 posset
2393 3884 2743 3939 oeconomiam
2788 3877 3118 3946 intelligere,
3152 3874 3227 3928 ait
3263 3891 3276 3927 :
3324 3893 3342 3925 ι
3390 3873 3456 3928 Et
3484 3873 3624 3928 sicut

2042 3980 2292 4039 exaltavit
2325 3978 2534 4048 Moyses
2571 3982 2871 4043 serpentem
2913 3971 2963 4024 in
3005 3968 3217 4022 deserto
3242 4007 3258 4031 ,
3298 3967 3367 4020 ita
3399 3965 3621 4021 exaltari

2043 4082 2251 4144 oportet
2271 4071 2462 4125 Filium
2487 4066 2749 4127 hominis,
2774 4072 2830 4117 ut
2850 4062 3025 4116 omnis
3051 4061 3137 4131 qui
3167 4058 3334 4114 credit
3364 4059 3415 4112 in
3444 4059 3616 4128 ipsum

2043 4183 2147 4220 non
2180 4171 2359 4233 pereat
2382 4202 2396 4224 ,
2427 4160 2519 4215 sed
2561 4158 2752 4212 habeat
2791 4157 2949 4209 vitam
2992 4166 3244 4208 mtcrnam
3280 4171 3296 4204 ι
3333 4149 3531 4222 (Joan.
3559 4151 3619 4207 5.

2044 4261 2129 4313 14.
2164 4256 2230 4311 15
2253 4258 2291 4326 ).
2326 4255 2418 4307 Die
2446 4254 2622 4322 igitur,
2654 4266 2685 4303 ο
2716 4246 2924 4315 διιψίιιθ
2949 4244 3150 4308 Judare,
3177 4259 3243 4296 an
3275 4258 3378 4297 non
3400 4257 3474 4297 res
3499 4250 3618 4297 erat

2043 4350 2211 4406 illud?
2241 4348 2443 4402 Mortua
2476 4343 2723 4398 materies
2758 4348 2983 4394 mortem
3012 4337 3224 4390 vincere
3253 4334 3450 4405 possit,
3480 4332 3616 4404 ligu-

2043 4460 2154 4500 ram
2177 4441 2349 4497 crucis
2371 4439 2590 4500 habens,
2615 4444 2667 4490 et
2688 4433 2798 4503 ipsa
2819 4431 2992 4486 erucis
3010 4429 3201 4483 veritas
3224 4443 3328 4481 non
3351 4426 3617 4483 creditur?

2041 4545 2096 4591 et
2123 4535 2236 4588 lucc
2264 4542 2382 4602 post
2410 4526 2812 4583 conversionem
2839 4522 2983 4577 orbis
3012 4531 3185 4587 terrm,
3213 4529 3331 4588 post
3356 4519 3616 4572 constitu-

2043 4636 2149 4681 tam
2181 4625 2232 4678 in
2262 4631 2371 4676 toto
2398 4620 2528 4675 orbe
2562 4619 2810 4687 pietatem
2835 4656 2849 4679 ,
2880 4620 3155 4683 postquam
3182 4610 3407 4681 gentiles
3440 4609 3614 4664 credi-

2041 4718 2254 4781 derunt,
2274 4722 2392 4785 post
2410 4712 2665 4767 excitatas
2686 4706 2972 4771 Ecclesias,
2998 4711 3115 4772 post
3136 4710 3277 4756 tanta
3301 4700 3616 4765 certamina,

2044 4818 2164 4879 post
2204 4817 2399 4861 tantam
2445 4803 2694 4856 virtutqu
2743 4796 3173 4854 exercitationem
3198 4835 3212 4856 ,
3260 4800 3377 4862 post
3417 4801 3615 4845 tantum

2042 4898 2265 4972 angelici
2304 4894 2527 4951 instituti
2569 4887 2970 4946 accessionem?
3010 4885 3147 4940 Sane
3186 4884 3479 4938 luculenter
3520 4880 3615 4934 dc-

2042 4971 2391 5047 monstralum
2434 4995 2550 5048 est,
2590 4995 2800 5037 omnem
2845 4975 3158 5031 adversariis
3199 4975 3372 5029 crucis
3414 4971 3615 5025 aditum

2042 5086 2358 5157 praeelusum
2408 5093 2565 5143 esse,
2608 5075 2673 5128 ad
2721 5069 3145 5140 exprobrandam
3196 5067 3347 5120 nobis
3395 5064 3615 5133 figuram

2043 5155 2326 5234 maledicti.
2360 5173 2427 5227 Et
2451 5171 2708 5225 adversus
2750 5166 2868 5219 illos
2910 5162 3123 5233 quidem
3164 5159 3275 5212 lucc
3313 5156 3440 5210 satis
3467 5155 3573 5207 sint
3604 5170 3617 5206 :

2044 5288 2142 5327 nos
2168 5279 2340 5324 autem
2370 5265 2554 5320 ﬁdeles
2579 5259 2857 5314 nobiscum
2885 5252 3271 5325 expendamus,
3301 5256 3353 5300 et
3377 5245 3619 5315 exploro.

2044 5379 2161 5420 mus
2181 5363 2457 5418 verborum
2479 5355 2890 5411 accurationem.
2931 5351 3035 5404 Cur
3052 5344 3306 5401 Dominus
3338 5339 3617 5409 imaginem

2044 5459 2185 5515 illius
2217 5452 2529 5511 oeconomiae
2560 5464 2664 5503 non
2695 5461 2790 5517 per
2825 5444 2983 5497 alium
3008 5482 3022 5503 ,
3060 5436 3152 5492 sed
3191 5449 3283 5503 per
3318 5439 3619 5500 serpentem

2046 5543 2455 5619 przesignilicat?
2498 5541 2579 5596 Ad
2617 5535 2903 5593 certamina
2943 5546 3063 5585 cum
3095 5523 3409 5579 adversariis
3448 5522 3621 5575 susci-

2046 5614 2234 5712 pienda
2270 5634 2542 5705 exemplar
2570 5631 2709 5686 illius
2739 5622 3003 5682 maledicti
3037 5617 3298 5687 serpentis
3331 5614 3460 5712 satis
3486 5622 3569 5668 est
3602 5630 3617 5666 :

2046 5707 2229 5787 verum
2257 5729 2365 5798 jam
2397 5721 2820 5796 persuadendum
2845 5718 2910 5770 iis
2935 5755 2949 5781 ,
2978 5712 3066 5781 qui
3100 5710 3189 5763 lilii
3224 5707 3431 5778 pietatis
3459 5716 3582 5761 sunt
3606 5744 3622 5769 ,

2046 5838 2152 5896 quo
2179 5829 2332 5893 pacto
2360 5818 2525 5891 ﬁgura
2552 5816 2694 5872 illius
2719 5806 2985 5868 maledicti
3013 5801 3275 5878 serpentis
3302 5800 3473 5872 imago
3503 5800 3623 5857 lue-
