4118 6310
405 356 509 416 595

400 474 596 541 δειγμα
639 473 730 525 τοῦ
780 476 1180 548 ἐπικαταράτου
1228 479 1423 547 ὄφεως·
1452 480 1586 551 πρὸς
1614 482 1670 534 δὲ
1703 485 1763 537 τὸ
1796 488 1980 541 πεῖσαι

398 564 525 623 τοὺς
546 561 692 623 υἱοὺς
714 562 809 630 τῆς
831 563 1130 627 εὐσεϐείας,
1165 566 1217 619 τί
1246 568 1446 638 δήποτε
1472 568 1533 621 τὸ
1555 570 1740 640 σχῆμα
1762 572 1856 626 τοῦ
1874 574 1984 626 ἐπι·

403 644 713 712 καταράτου
738 645 912 712 δφεως
934 646 1094 700 εἰκὼν
1129 649 1345 716 ἐγένετο
1373 650 1464 703 τοῦ
1505 657 1981 725 προσκυνουμένου

402 729 656 796 Χριστοῦ,
701 731 791 781 Διό
823 730 902 783 δεῖ
934 733 1024 785 καὶ
1051 735 1198 801 ἡμᾶς
1236 735 1409 787 εἰπεῖν
1441 736 1578 806 μετὰ
1612 738 1865 809 σπουδῆς,
1890 743 1978 795 καὶ

402 812 546 882 ὑμᾶς
569 813 798 865 ἀκοῦσαι
832 816 968 884 μετὰ
1002 816 1324 887 προθυμίας.

470 894 539 961 γ’.
563 896 736 947 Εξκὼν
760 893 849 966 ἦν,
873 898 1106 965 ἀδελφοὶ,
1142 900 1239 969 τῆς
1262 900 1354 954 τοῦ
1375 903 1611 974 σταυροῦ
1633 907 1983 977 οἰκονομίαςὸ

399 976 566 1040 τύπος
596 979 687 1030 τοῦ
709 979 902 1046 ὄφεως.
929 982 1083 1034 Κατὰ
1107 982 1163 1035 δὲ
1187 983 1277 1036 τὸν
1307 984 1527 1055 τρόπον,
1567 986 1752 1058 ὥσπερ
1778 976 1982 1054 ἐκεῖνος

402 1063 431 1113 6
456 1063 623 1125 τύπος
651 1064 743 1116 τοῦ
770 1064 949 1133 ὄφεως
979 1066 1161 1118 εἰκόνα
1197 1067 1292 1136 μὲν
1323 1068 1414 1122 καὶ
1442 1068 1745 1142 ὄψιν.εἰχεν
1778 1073 1973 1141 ὄφεως,

406 1148 484 1199 ἰὸν
512 1147 569 1199 δὲ
600 1148 693 1201 καὶ
728 1149 991 1218 πονηρίαν
1012 1150 1110 1202 οὐκ
1133 1146 1274 1220 εἶχεν
1300 1152 1493 1219 ὄφεωςο
1528 1153 1672 1208 οὕτω
1704 1158 1839 1209 καὶὸ
1865 1158 1977 1210 Σωο

399 1230 524 1301 τὴρ,
560 1229 712 1301 [515]
743 1233 882 1285 κατὰ
910 1232 999 1286 τὸν
1034 1232 1174 1286 θεῖον
1216 1234 1552 1298 Ἀπόστολον,
1588 1239 1647 1289 ἐν
1675 1239 1974 1309 ὁμοιώματι

402 1317 602 1388 σαρκὸς
627 1318 899 1387 ἁμαρτίας
920 1319 1223 1384 ἐπιφανεὶς,
1246 1318 1351 1383 ἔξω
1373 1320 1561 1388 γέγονε
1584 1321 1767 1392 πάσης
1798 1324 1976 1394 ἁμαρ-

399 1403 537 1463 τίας·
568 1400 749 1464 καθὼς
781 1403 876 1455 καὶ
900 1403 927 1453 6
963 1403 1229 1473 μακάριος
1278 1406 1503 1470 Ἡσαΐας
1537 1408 1747 1477 συνῳδὰ
1770 1408 1847 1479 τῷ
1870 1426 1977 1479 μα-

401 1486 575 1556 καρίῳ
605 1484 799 1553 Παύλῳ
830 1485 1195 1555 φθεγγόμενος
1227 1504 1409 1557 φησιν’
1435 1489 1534 1553 Ὃς
1553 1491 1843 1558 ἁμαρτίαν
1866 1493 1978 1545 οὐκ

397 1569 707 1635 ἐποίησεν,
746 1568 889 1620 οὐδὲ
923 1569 1132 1636 εὑρέθη
1167 1570 1347 1637 δόλος
1388 1571 1457 1624 ἐν
1485 1572 1565 1634 τῷ
1594 1575 1845 1643 στόματι
1868 1577 1975 1630 αὐ-

399 1652 525 1710 τοῦ.
557 1652 713 1705 Κατὰ
760 1653 850 1704 τὸν
888 1652 1115 1707 Ἡσαΐαν
1146 1654 1290 1725 ἔχεις
1340 1657 1470 1726 μίαν
1493 1658 1697 1711 εἰκόνα·
1724 1658 1845 1714 ἐλθέ
1887 1678 1976 1731 μοι

400 1737 493 1789 καὶ
525 1738 607 1804 ἐφ’
638 1736 834 1804 ἑτέραν
889 1735 1092 1790 εἰκόνα.
1133 1737 1306 1790 Βλέπε
1351 1739 1437 1793 διὰ
1482 1740 1588 1795 τῶν
1614 1741 1799 1795 τύπων
1833 1743 1975 1814 λάμ-

400 1838 608 1872 πουσαν
656 1821 755 1886 τὴν
793 1818 1069 1889 ἀλήθειαν.
1103 1822 1163 1873 Οἰ
1195 1820 1345 1891 ὄφεις
1388 1823 1607 1877 ἔδακνόν
1657 1827 1782 1889 τοὺς
1828 1828 1976 1891 υἱοὺς

410 1904 644 1974 Ἰσραὴλ,
685 1905 772 1956 ὅτε
812 1902 939 1966 λαὸς
960 1903 1163 1975 ὀλέθρῳ
1208 1906 1521 1975 περιέπεσε.
1563 1908 1859 1980 Φάρμακον
1897 1913 1977 1974 εἰς

400 1988 673 2057 σωτηρίαν
702 1988 940 2058 Μωῦσῆς
970 1987 1195 2041 ίκετεύει
1227 1989 1410 2043 δοῦναι
1439 1991 1529 2044 τὸν
1562 1992 1714 2045 Θεόν.
1760 1993 1814 2045 '0
1842 1992 1976 2058 Θεὸς

399 2074 743 2132 ὑποδείκνυσι
803 2073 883 2144 τῷ
938 2072 1229 2144 θεράποντι
1288 2074 1577 2145 φάρμακον
1634 2078 1973 2149 εὐεργεσίας,

398 2156 492 2209 καί
517 2173 668 2225 φησι·
691 2158 960 2224 Ποίησον
998 2158 1137 2225 ὄφιν
1178 2158 1466 2225 χαλκοῦν,
1497 2159 1597 2213 καὶ
1634 2160 1835 2227 πῆξον
1867 2165 1975 2216 αὺ-

398 2240 504 2295 τὸν
531 2239 644 2306 πρὸ
683 2238 790 2307 τῆς
835 2239 1075 2309 σκηνῆς
1116 2240 1221 2294 τοῦ
1246 2243 1598 2311 μαρτυρίου.
1630 2243 1694 2296 Τί
1727 2243 1973 2315 βούλεται

399 2324 458 2378 τὸ
487 2324 823 2393 ύπόδειγμα;
857 2324 1039 2377 Ἄλλοι
1080 2325 1131 2377 οἰ
1165 2324 1452 2389 δάκνοντες
1479 2327 1653 2394 όφεις,
1678 2330 1773 2381 καὶ
1817 2329 1975 2394 ἄλλος

398 2408 540 2479 ὑπὲρ
572 2408 751 2463 αὐτῶν
780 2408 1199 2480 σταυρούμενος.
1230 2410 1294 2463 Τί
1332 2409 1578 2483 βούλεται
1624 2412 1686 2464 τὸ
1718 2414 1970 2484 αἰνιγμα;

397 2492 450 2544 τί
480 2491 871 2559 ἐπαγγέλλεται
904 2494 947 2562 νή
989 2492 1116 2551 σκιὰ
1166 2492 1259 2547 τοῦ
1309 2494 1608 2565 μυστηρίου
1647 2506 1706 2560 ι;
1764 2496 1972 2568 Ὥσπερ

397 2577 532 2636 ἐκεῖ,
568 2576 750 2644 φησὶν,
786 2576 813 2629 ὁ
840 2573 1030 2638 τύπος,
1059 2575 1234 2629 ἄλλων
1270 2575 1575 2630 δακνόντων
1599 2577 1795 2646 ὄφεων,
1837 2582 1865 2633 6
1897 2579 1975 2651 μὴ

395 2659 604 2713 δάκνων
630 2660 763 2729 μηδὲ
797 2658 1004 2729 πλήξας
1041 2660 1386 2731 προσήλωται
1411 2660 1487 2731 τῷ
1520 2660 1679 2731 ξύλῳ·
1707 2662 1847 2715 οῦτω
1880 2666 1973 2717 καὶ

396 2742 501 2795 τῶν
550 2743 722 2797 ἄλλων
756 2743 1058 2813 ἀνθρώπων
1108 2744 1546 2813 ἁμαρτανόντων,
1585 2744 1725 2815 ὑπὲρ
1758 2746 1973 2799 πάντων

400 2826 579 2899 μέλλει
604 2827 831 2896 πάσχειν
863 2828 890 2879 6
931 2826 1137 2896 Ἰησοῦς
1168 2828 1195 2880 6
1229 2826 1629 2898 ἀναμάρτητος.
1668 2829 1835 2899 ’Υπὲρ
1865 2829 1973 2884 τῶν

394 2910 695 2965 δακνόντων
719 2910 894 2978 ὄφεων
916 2909 1036 2979 δφις
1070 2910 1449 2982 ἀναμάρτητος
1472 2911 1813 2983 σταυροῦταιο
1835 2914 1973 2986 ὑπὲρ

397 2994 555 3064 ἡμῶν
613 2993 720 3045 τῶν
755 2993 1131 3063 ὑποκειμένων
1163 2992 1376 3066 θανάτῳ
1405 2995 1432 3046 6
1460 2994 1699 3066 ἁμαρτία
1731 2995 1804 3067 μὴ
1838 2997 1971 3050 ὑπο-

398 3078 647 3148 κείμενος
669 3076 1049 3149 προσηλοῦται.
1092 3078 1268 3148 Ὅπερ
1299 3078 1436 3147 μετὰ
1463 3076 1571 3130 τῶν
1601 3078 1774 3133 ἄλλων
1795 3080 1973 3145 καλῶς

398 3160 850 3232 προανεφώνησεν
878 3157 979 3214 ὧδέ
1008 3177 1123 3223 πως
1166 3160 1391 3224 Ἡσαΐας
1420 3159 1612 3230 λέγων·
1660 3163 1837 3233 ’Υπὲρ
1858 3163 1975 3218 τῶν

396 3246 695 3319 ἁμαρτιῶν
728 3245 834 3298 τοῦ
884 3245 1038 3305 λαοῦ
1084 3240 1272 3314 ἦλθεν
1303 3248 1390 3311 εἰς
1433 3246 1709 3300 θάνατον·
1749 3250 1861 3313 καὶ,
1910 3248 1974 3302 '0

395 3327 614 3399 Κύριος
657 3330 998 3398 παρέδωκεν
1049 3330 1266 3383 ἑαυτὸν
1311 3328 1463 3396 ὑπὲρ
1515 3330 1634 3384 τῶν
1678 3332 1975 3402 ἁμαρτιῶν

398 3414 587 3486 ἡμῶν.
654 3414 1132 3486 Ἀναμαρτυρῆσαι
1182 3415 1287 3485 χρὴ
1344 3415 1504 3471 πάλιν
1540 3416 1636 3469 τοῦ
1674 3419 1971 3491 μυστηρίου

394 3501 487 3555 τὸν
510 3500 687 3568 λόγον.
722 3502 934 3571 Ὥσπερ
963 3500 1081 3553 ὲ,κεί
1107 3499 1255 3553 ἄλλοι
1284 3502 1335 3553 oi
1358 3500 1662 3567 δάκνοντες,
1695 3503 1789 3556 καὶ
1817 3504 1974 3569 ἄλλος

394 3586 424 3636 6
458 3583 822 3656 πηγνύμενος·
860 3583 1002 3636 οῦτω
1035 3585 1128 3637 καὶ
1164 3582 1397 3638 ἐνταῦθα
1423 3584 1622 3647 πάντες
1643 3586 1692 3637 οί
1721 3587 1973 3659 ἁμαρτή-

397 3684 608 3731 σαντες,
635 3669 731 3721 καὶ
758 3662 838 3728 εἷς
863 3668 891 3722 6
926 3668 1064 3738 ὑπὲρ
1091 3667 1305 3721 πάντων
1337 3667 1752 3739 σταυρούμενος.
1788 3671 1974 3741 Ἔχεις

393 3751 651 3822 δευτέραν
680 3750 883 3803 εἰκόνα·
917 3750 1192 3821 σκόπησόν
1212 3768 1303 3821 μοι
1323 3750 1416 3803 καὶ
1444 3752 1636 3823 ἑτέραν
1652 3752 1835 3805 εἰκόνα
1860 3753 1974 3825 τρί-

394 3849 517 3904 την*
561 3833 692 3887 Ἐπὶ
720 3834 1015 3902 στόματος
1041 3832 1147 3887 δύο
1182 3833 1280 3886 καὶ
1299 3832 1475 3903 τριῶν
1494 3836 1807 3903 μαρτύρων
1838 3854 1974 3890 στα-

392 3919 642 3987 θήσεται
665 3918 787 3973 πᾶν
806 3916 991 3988 ῥῆμα.
1008 3918 1105 3970 Δια
1124 3918 1176 3971 τί
1205 3917 1528 3989 σταυροῦται
1562 3919 1795 3988 χαλκοῦς
1819 3920 1971 3990 όφιςς

396 4004 523 4056 Ἵνα
555 4002 873 4073 καταργηθῇ
898 4003 965 4054 τά
981 4002 1231 4074 δήγματα
1253 4000 1363 4054 τῶν
1386 4002 1579 4072 ὄφεων.
1614 4003 1775 4056 ’Ἄλλο
1795 4000 1887 4057 οὖν
1913 4003 1974 4057 τὸ

399 4085 823 4155 σταυρούμενον,
860 4084 956 4138 καὶ
986 4084 1120 4138 ἄλλα.
1141 4084 1211 4139 τὰ
1238 4085 1675 4157 καταργούμενα.
1698 4087 1809 4157 Οὐχ
1840 4089 1973 4159 ὁρᾷς

396 4169 499 4241 τὴν
524 4168 757 4239 ἔμφασιν
788 4169 887 4238 τῆς
914 4168 1204 4240 ἁληθείας;
1240 4169 1300 4221 ού
1322 4168 1539 4241 βλέπεις
1563 4171 1637 4234 ὡς
1661 4172 1719 4224 ἐν
1750 4171 1974 4242 κρυπτῷ

395 4253 685 4323 γράμματι
709 4252 807 4322 τὴν
828 4251 1058 4321 δύναμιν
1085 4252 1185 4321 τῆς
1216 4254 1554 4323 οἰκονομίας;
1599 4253 1972 4325 Ἐσταυρὼθη,

395 4336 584 4406 φησὶν,
598 4336 833 4404 όφις,ῐνα
850 4336 1171 4409 καταργηθῇ
1186 4336 1293 4389 τῶν
1305 4336 1606 4407 δρακόντων
1619 4338 1685 4391 τά
1700 4338 1972 4410 δήγματα·

395 4419 714 4494 ἐσταυρώθη
738 4420 989 4489 Χριστος,
1028 4420 1114 4473 ἵνα
1151 4420 1537 4492 καταργηθῶσι
1576 4421 1682 4475 τῶν
1709 4423 1974 4491 δαιμόνων

396 4505 457 4559 αἱ
479 4504 771 4575 ἐνέργειαι.
798 4503 989 4567 Ἀλλος
1024 4506 1052 4556 6
1081 4503 1203 4572 ὄφις
1222 4504 1250 4557 6
1271 4503 1634 4576 πηγνύμενος,
1649 4507 1740 4558 καὶ
1760 4506 1908 4560 ἄλλοι
1925 4508 1973 4560 οἱ

398 4588 833 4659 καταργούμενοι
868 4588 1179 4658 δράκοντες·
1219 4587 1374 4650 ἄλλος
1397 4591 1424 4641 6
1449 4588 1541 4641 ἐπὶ
1579 4589 1813 4660 σταυροῦ
1842 4591 1977 4661 Χρι-

400 4671 543 4736 στὸς,
573 4672 665 4725 καὶ¹
688 4671 834 4726 ἄλλοι
850 4672 897 4724 οί
928 4672 1636 4744 καταργούμενοιδαίμονες.
1665 4675 1771 4728 Καὶ
1788 4672 1976 4745 ὥσπερ

398 4755 518 4807 ἐκεῖ
552 4754 777 4825 ήῳείκὼν
815 4755 907 4808 τοῦ
936 4754 1112 4824 ὄφεως
1153 4754 1247 4807 τοῦ
1293 4756 1615 4827 φαινομένου
1661 4761 1974 4829 κατήργησε

397 4840 469 4892 τά
510 4840 758 4911 δήγματα
783 4839 890 4893 τῶν
908 4839 1104 4909 ὄφεων,
1134 4838 1273 4892 οὕτω
1293 4841 1386 4896 καὶ
1413 4840 1645 4893 ἐνταῦθα
1679 4844 1711 4913 ή
1735 4844 1827 4895 τοῦ
1845 4844 1978 4913 Χρι-

404 4922 532 4979 στοῦ
564 4923 824 4993 νέκρωσις
862 4922 957 4976 τοῦ
1016 4922 1246 4978 θανάτου
1302 4924 1490 4993 γέγονε
1540 4924 1825 4995 νέκρωσις,
1883 4926 1979 4980 καὶ

398 5007 509 5060 τῶν
542 5007 810 5076 δαιμόνων
836 5006 1175 5077 καθαίρεσις.
1223 5007 1460 5071 Εἰκότως
1481 5003 1572 5061 οὖν
1601 5011 1629 5061 ὁ
1666 5009 1852 5080 Σωτὴρ
1878 5009 1979 5081 τὴν

398 5090 588 5143 εἰκόνα
610 5091 742 5162 πρὸς
762 5091 951 5145 ἑαυτὸν
974 5090 1228 5163 ἁρμόζων
1251 5091 1423 5161 ἔλεγε·
1444 5093 1553 5146 Καὶ
1582 5092 1776 5159 καθὼς
1808 5098 1977 5148 Μωῢ-

400 5172 527 5241 σῆς
557 5174 770 5246 ὒψωσε
791 5173 898 5227 τὸν
929 5174 1069 5243 ὄφιν
1096 5173 1255 5244 ἐντῇ
1284 5174 1499 5243 ἐρήμῳ,
1525 5177 1677 5232 οὕτω
1701 5176 1796 5231 δεῖ
1814 5180 1979 5246 ὑψω-

400 5260 579 5328 θῆναι
604 5260 711 5312 τὸν
741 5259 875 5314 Υἰὸν
890 5260 994 5314 τοῦ
1014 5259 1347 5327 ἀνθρώπου,
1373 5261 1471 5317 ἵνα
1488 5260 1604 5328 πᾶς
1622 5264 1655 5315 ὁ
1680 5262 1981 5317 πιστεύων

399 5349 489 5412 εἰς
530 5346 715 5399 αὑτὸν
742 5344 829 5413 μὴ
868 5344 1185 5411 ἀπόληται,
1214 5345 1351 5399 ἀλλ’
1381 5344 1493 5415 ἔχῃ
1527 5345 1679 5414 ζωὴν
1719 5346 1976 5403 αἰώνιον.

404 5432 611 5499 Ἔχεις,
642 5426 856 5495 ἁδελφὲ,
892 5428 1160 5498 μακάριον
1190 5428 1431 5499 Μωῢσῆν
1451 5429 1544 5482 καὶ
1572 5431 1629 5483 ὲν
1650 5430 1821 5502 ἑτέρῳ
1843 5432 1979 5501 σχή-

402 5530 537 5584 ματι
567 5512 658 5563 τὸν
694 5508 922 5582 σταυρὸν
979 5510 1408 5583 ὑπογράφοντα··
1434 5513 1529 5566 καὶ
1581 5512 1746 5580 ὅπως,
1792 5514 1977 5568 ἄκουε.

402 5598 497 5650 Δεῐ
529 5595 638 5665 γὰρ
679 5597 809 5664 περὶ
856 5592 1089 5666 σταυροῦ
1120 5592 1374 5661 λέγοντας
1403 5595 1601 5661 πολλάς
1631 5598 1980 5670 παραστῆσαι

402 5684 509 5739 σοῦ’
550 5681 851 5755 μυστηρίου
903 5680 1002 5744 τὰς
1055 5679 1319 5752 θεωρίας.Δ
1357 5682 1641 5739 Ἐπέθεντό
1700 5702 1827 5739 ποτε
1869 5688 1981 5748 τοῖς

468 5812 499 5840 ⁸
518 5811 641 5874 Reg.
676 5808 765 5861 τοῦ
789 5806 1059 5871 μαρτυρίου.

1613 370 1698 424 DE
1740 369 2100 431 SERPENTE
2146 370 2450 431 HOMILIA.

3546 379 3652 438 501

2099 487 2456 559 Ἰσραηλίταις
2489 486 2801 555 ἀλλόφυλοι,
2844 490 2984 543 κατὰ
3012 489 3110 561 τήν
3146 490 3373 562 ἔρημον*
3411 492 3657 566 Ἀμαλὴκ

2080 569 2137 623 δὲ
2162 569 2333 643 ὄνομα
2369 575 2481 639 τοῖς
2514 572 2851 641 ἀλλοφύλοις.
2896 574 3234 629 Ἀποστέλλει
3270 576 3507 646 Μωῦσῆς
3550 579 3657 649 Ἰη-

2081 651 2209 705 σοῦν
2240 654 2331 708 τὸν
2362 654 2459 708 τοῦ
2492 655 2671 725 Ναυῆ,
2718 658 3168 727 στρατηγήσοντα
3200 660 3314 723 τοῖς
3340 660 3653 729 ὁμοφύλοις.

2080 737 2173 789 καὶ
2195 736 2401 801 ὁπλίζει
2432 738 2527 807 μὲν
2553 739 2645 791 τὸν
2675 739 2915 809 διάδοχον
2961 740 3175 805 ἑαυτοῦ,
3212 742 3361 812 μένει
3409 742 3467 795 δὲ
3500 742 3655 817 [516]

2078 820 2241 883 αὐτὸς
2266 822 2324 874 ὲν
2348 820 2425 890 τῷ
2444 822 2558 893 ὄρει
2581 822 2679 886 τὰς
2709 826 2895 893 χεῖρας
2932 826 3205 879 ἐκτείνων.
3242 824 3499 894 Μωῦσῆς
3521 827 3652 900 γὰρ,

2079 904 2260 971 φησὶν’
2300 904 2482 971 ἀνέϐη
2521 907 2607 970 εἷς
2643 905 2709 956 τὸ
2737 906 2894 971 ὅρος,
2926 907 3021 961 καί
3044 906 3291 973 ἦπλωσε
3319 909 3425 974 τὰς
3452 909 3655 978 χεῖρας

2076 986 2282 1045 αὐτοῦ·
2311 988 2408 1040 καὶ
2436 987 2668 1056 ἐγένετο
2695 988 2872 1054 ἡνίκα
2896 988 2971 1042 ἂν
2993 989 3249 1054 ἐξέτεινε
3270 990 3532 1061 Μωῠσῆς
3548 992 3656 1065 τὰς

2076 1068 2302 1136 χεῖρας,
2348 1072 2519 1123 ἐνίκα
2566 1075 2598 1125 ὀ
2640 1070 2896 1139 Ἰσραήλσ
2933 1071 3031 1125 καὶ
3064 1073 3245 1139 ’ἡνίκα
3275 1074 3351 1128 ἂν
3377 1078 3651 1144 κατετέθη

2078 1152 2182 1216 τὰς
2205 1152 2407 1220 χεῖρας
2439 1152 2558 1206 ὑπὸ
2578 1154 2682 1207 τοῦ
2702 1155 3039 1222 σωματικοῦ
3054 1154 3285 1225 βάρους
3307 1157 3650 1226 νικώμενος,

2074 1236 2245 1290 ἐνίκα
2272 1239 2303 1289 ὁ
2338 1238 2624 1307 Ἅμαλήκ.
2681 1238 2744 1291 Τί
2777 1239 3022 1308 βούλεται
3074 1240 3134 1294 τδ
3161 1240 3373 1310 σχῆμας
3423 1242 3482 1295 Ὀ
3524 1243 3653 1295 Ἰουο

2074 1318 2220 1381 δαῖος
2252 1320 2454 1382 εὐθέως
2489 1320 2839 1391 φοϐούμενος,
2868 1323 2942 1392 μὴ
2971 1322 3161 1393 λάμψῃ
3202 1322 3290 1377 διὰ
3319 1325 3419 1396 τῆς
3444 1324 3653 1389 εἰκόνος

2074 1402 2256 1470 ἡδόξα
2306 1404 2399 1456 τοῦ
2440 1405 2675 1475 σταυροῦ
2726 1405 2820 1458 τοῦ
2871 1407 3133 1476 Χριστοῦ,
3166 1407 3355 1469 Οὐδὲν,
3386 1406 3572 1477 φησιν,
3621 1410 3652 1463 6

2072 1482 2241 1548 τύπος
2272 1485 2383 1557 ἔχει
2417 1487 2524 1541 τῶν
2559 1488 2709 1560 παρὰ
2756 1490 2840 1542 σοι
2893 1488 3297 1559 μυθευομένων.
3335 1489 3650 1562 Προσευχῆς

2072 1562 2139 1637 ἦν
2178 1570 2352 1624 ἐκεῖνο
2375 1571 2436 1623 τὸ
2465 1572 2652 1643 σχῆμα
2692 1572 2882 1635 τύπος,
2908 1572 3010 1626 οὐκ
3043 1571 3269 1634 εἰκόνος,
3304 1572 3380 1635 ὡς
3410 1572 3475 1625 σὺ
3512 1573 3648 1625 ὑπο-

2072 1654 2231 1716 νοεῖς.
2263 1654 2371 1707 Καί.
2398 1656 2448 1709 τί
2480 1655 2701 1727 δήποτε,
2752 1655 2912 1727 εἴπερ
2958 1654 3171 1727 ἀληθῶς
3214 1657 3295 1710 ὃτι
3337 1656 3545 1727 καρπὸς
3580 1651 3649 1726 ἦν

2071 1734 2172 1804 τῆς
2214 1738 2517 1808 προσευχῆς
2544 1741 2576 1808 ή
2606 1739 2751 1810 νίκη,
2802 1739 2862 1792 ού
2896 1740 2963 1809 τῇ
3016 1741 3291 1809 προσευχῇ
3335 1740 3435 1810 τὴν
3493 1738 3648 1809 νίκην

2079 1816 2391 1889 ὑπέγραψεν
2416 1822 2445 1874 ὁ
2468 1821 2621 1890 λόγος
2650 1824 2731 1890 (οὺ
2754 1820 2863 1892 γὰρ
2884 1816 3035 1877 εἶπεν
3065 1823 3324 1895 ήΓραφή·
3342 1822 3534 1876 ἰινίκα
3557 1820 3651 1891 ηὖ-

2075 1920 2199 1972 χετο
2230 1906 2485 1976 Μωῦσῆς
2516 1905 2674 1960 τοῦτο
2701 1906 2807 1979 γάρ
2835 1902 2902 1976 ἦν
2931 1905 3284 1978 γνωρίζοντος
3313 1905 3546 1977 ἀληθῶς,
3566 1906 3648 1960 ὅτι

2076 1988 2282 2056 καρπὸς
2311 1989 2409 2041 οὐκ
2432 1985 2501 2059 ἦν
2531 1989 2631 2059 τῆς
2657 1989 2965 2060 προσευχῆς
2995 1992 3028 2061 ή
3055 1989 3225 2059 νίκηὶ,
3255 1989 3370 2044 ἀλλ’
3400 1989 3433 2060 ἢ
3466 1993 3532 2061 τῇ
3566 1990 3648 2045 εί-

2072 2074 2187 2127 κόνι
2204 2076 2298 2128 καί
2325 2074 2402 2145 τῷ
2422 2076 2661 2146 σχήματι
2690 2075 2798 2129 τῶν
2816 2074 3049 2145 χειρῶνς
3084 2075 3276 2128 Ἠνίκα
3303 2074 3411 2145 γὰρ
3438 2073 3649 2145 καθῆκε

2070 2159 2310 2229 Μωῦσῆς
2340 2158 2439 2223 τὰς
2487 2162 2695 2228 χεῖρας,
2750 2160 2951 2228 ἡττᾶτο
2995 2151 3035 2210 ’ό
3094 2157 3328 2228 Ἰσραήλ’
3379 2158 3540 2229 ἡνίκα
3591 2156 3649 2209 δὲ

2070 2240 2264 2310 ἧπλου,
2291 2243 2489 2311 ἡττᾶτο
2520 2243 2550 2294 6
2582 2241 2851 2312 Ἀμαλήκ.
2892 2242 2955 2294 Εἰ
2979 2240 3087 2311 γάρ
3119 2242 3218 2311 τῆς
3243 2242 3551 2310 προσευχῆς
3577 2234 3648 2309 ἦν

2069 2325 2131 2378 τὸ
2160 2325 2340 2397 ἔργον,
2364 2327 2530 2397 ἐχρῆν
2572 2328 2765 2381 εἰπεῖν·
2799 2325 2908 2380 Καὶ
2946 2325 3112 2397 ἡνίκα
3153 2324 3352 2396 ηὔχετο
3384 2323 3646 2394 Μωῦσῆς,

2070 2409 2243 2466 ἐνίκα.
2290 2410 2448 2472 Ἀλλ’,
2483 2410 2559 2473 ὼς
2578 2411 2749 2481 ἔφθην
2780 2410 2969 2469 εἰπὼν,
2987 2410 3086 2480 τὴν
3114 2409 3421 2480 προσευχὴν
3448 2425 3649 2479 παρεν-

2071 2492 2317 2564 θέμενος,
2360 2495 2459 2564 οὐχ
2491 2493 2568 2557 ὡς
2598 2495 2892 2565 ἄχρηστον,
2934 2493 3047 2548 ἀλλ’
3079 2494 3154 2557 ὡς
3180 2493 3498 2563 ὀφείλουσαν
3536 2511 3645 2546 πα-

2072 2576 2387 2648 ραχωρῆσαι
2420 2581 2486 2649 τῇ
2521 2577 2688 2632 εἰκόνι
2720 2577 2815 2632 τοῦ
2862 2577 3120 2649 σταυροῦ,
3142 2576 3220 2647 τῷ
3257 2576 3413 2648 τύπῳ
3450 2575 3646 2646 καὶτῷ

2072 2660 2281 2730 σημείῳ
2326 2660 2424 2731 τὴν
2457 2660 2615 2730 νίκην
2658 2661 2984 2731 ὑπογράφει.
3032 2660 3223 2714 Ἦνίκα
3275 2658 3385 2730 γὰρ
3423 2658 3645 2730 ήπλωσε

2071 2744 2313 2814 Μωῦσῆς
2349 2743 2449 2807 τὰς
2482 2746 2691 2815 χεῖρας,
2739 2744 2895 2798 ἐνίκα
2928 2745 2957 2796 6
3002 2743 3239 2815 Ἰσραήλ.
3294 2742 3358 2795 Τί
3399 2740 3645 2812 βούλεται

2068 2827 2379 2899 άπλουμένη
2412 2826 3071 2900 χείρ;Ἀναξωγράφησον
3102 2826 3231 2897 παρ’
3260 2825 3437 2895 ἐαυτῷ
3456 2828 3645 2896 χεῖρας

2067 2910 2417 2981 ήπλωμένας,
2450 2911 2536 2964 ἵνα
2568 2910 2683 2984 ἴδῃς
2711 2909 2806 2964 τοῦ
2836 2907 3212 2983 προσκυνητοῦ
3243 2907 3477 2979 σταυροῦ
3504 2908 3645 2979 λάμ-

2069 3011 2277 3047 πουσαν
2304 2994 2402 3065 τὴν
2436 2993 2639 3049 εἰκόνα.
2699 2993 2840 3047 Ἀλλ’
2879 2993 3071 3063 ἔκαμε.
3101 2992 3253 3062 φησὶ,
3288 2990 3548 3060 Μωῦσῆς’
3581 2990 3644 3044 ού

2070 3077 2177 3148 γὰρ
2204 3078 2555 3149 ὗπούργησαν
2581 3079 2636 3130 αἱ
2660 3078 2840 3148 χεῖρες
2856 3076 2992 3148 πρὸς
3020 3076 3119 3147 τὴν
3151 3076 3336 3130 εἰκόνα
3363 3075 3442 3145 τῷ
3464 3092 3647 3147 σωμα-

2068 3159 2206 3231 τικῷ
2247 3160 2401 3231 βάρει
2435 3160 2753 3231 νικώμεναι.
2784 3159 2848 3212 Τί
2876 3156 3002 3225 οῦν;
3032 3160 3151 3213 ἰνα
3174 3160 3248 3230 μὴ
3279 3158 3532 3229 λυθείσης
3545 3159 3646 3228 τῆς

2068 3247 2293 3313 εἰκόνος,
2329 3246 2462 3318 λυθῇ
2487 3247 2583 3301 καὶ
2626 3247 2658 3317 ὴ
2704 3245 2851 3316 νίκη,
2899 3246 3116 3300 ἵσταται
3163 3244 3371 3317 Ἀαρὼν
3395 3244 3491 3298 καὶ
3524 3244 3645 3313 Ὢρ,

2068 3336 2164 3391 καὶ
2200 3334 2485 3405 ἐκούφιζον
2508 3334 2674 3389 αὐτοῦ
2700 3335 2800 3398 τὰς
2825 3338 3034 3406 χεῖρας,
3065 3334 3152 3388 ἵνα
3188 3335 3262 3405 μὴ
3290 3335 3329 3404 ή
3358 3331 3522 3387 εἰκὼν
3550 3331 3644 3387 τοῦ

2071 3424 2305 3497 σταυροῦ
2344 3424 2690 3495 παρελθοῦσα
2737 3425 2832 3478 καὶ
2878 3423 3204 3493 παυσαμένη
3241 3421 3408 3490 σόέσῃ
3444 3422 3545 3490 τὴν
3569 3420 3648 3475 νί-

2068 3533 2192 3585 κην.
2228 3514 2329 3568 Διὰ
2352 3514 2405 3568 τί
2431 3513 2489 3568 δὲ
2512 3513 2647 3577 ὅλως
2680 3511 2888 3584 Ἀαρὼν
2918 3512 3012 3566 καὶ
3036 3512 3137 3584 Ὦρ
3165 3510 3261 3575 τάς
3297 3512 3484 3582 χεῖρας
3514 3509 3647 3562 ὑπο-

2071 3604 2450 3674 στηρίζουσινς
2510 3602 2742 3671 Ἀαρὼν,
2777 3601 3015 3670 ἀδελφοὶ,
3049 3600 3151 3672 τὴν
3189 3598 3469 3670 ἱερατικὴν
3501 3598 3648 3649 ἐπεῖ-

2070 3713 2164 3766 χεν
2197 3694 2374 3761 ἀξίαν·
2415 3696 2443 3746 ὁ
2484 3693 2543 3746 δὲ
2572 3695 2672 3763 Ὣρ
2714 3694 2813 3763 τῆς
2860 3691 3141 3761 βασιλικῆς
3190 3687 3363 3757 φυλῆς
3405 3683 3517 3757 εἶχε
3549 3685 3647 3756 τὴν

2072 3782 2409 3851 συγγένειαν.
2442 3784 2737 3853 Δορυφορεί
2762 3780 2937 3834 τοίνυν
2960 3778 3057 3851 τὴν
3082 3777 3267 3831 εἰκόνα
3296 3774 3389 3829 τοῦ
3412 3774 3645 3845 σταυροῦ

2073 3872 2339 3945 ἱερωσύνη
2372 3873 2466 3926 καὶ
2494 3871 2755 3943 βασιλεία.
2785 3871 2895 3924 Καὶ
2913 3869 3103 3940 ὥσπερ
3129 3864 3645 3952 μεταμορφωθέντος

2070 3960 2164 4013 τοῦ
2190 3961 2392 4031 Κυρίου
2427 3960 2484 4012 ὲν
2505 3958 2580 4029 τῷ
2612 3958 2751 4031 δρει,
2781 3956 2936 4029 ὤφθη
2971 3954 3210 4025 Μωῦσῆς
3236 3954 3331 4007 καὶ
3366 3952 3549 4017 Ἠλίας
3582 3953 3648 4005 ἐκ

2071 4048 2261 4114 δεξιῶν
2294 4051 2388 4103 καὶ
2422 4048 2483 4114 ἐξ
2502 4049 2819 4120 εὐωνύμων,
2848 4048 2933 4100 ἵνα
2952 4044 3363 4117 δορυφορήσωσι
3388 4041 3481 4096 τοῦ
3514 4044 3648 4113 Χρι-

2072 4136 2199 4190 στοῦ
2228 4136 2327 4211 τὴν
2356 4135 2637 4208 βασιλικὴν
2666 4133 3025 4188 είκόειαόὖτω
3056 4133 3155 4186 καί
3171 4129 3400 4184 ἐνταῦθα
3417 4128 3645 4205 Ἀαρὼν,

2070 4225 2170 4293 τῆς
2192 4224 2463 4295 ἰερατείας
2489 4222 2643 4288 τάξιν
2676 4222 2906 4291 ὲπέχων,
2947 4220 3234 4291 δορυφορεῖ
3268 4217 3358 4271 τὸν
3396 4216 3645 4289 σταυρὸν,

2074 4313 2168 4366 καί⁸
2189 4313 2287 4384 Ὢρ
2315 4312 2514 4382 ὁμοίως
2544 4311 2642 4381 τῆς
2673 4308 2953 4381 βασιλικῆς
2983 4307 3119 4377 ἔχων
3146 4306 3205 4359 τὸ
3226 4304 3441 4376 πρῶτον
3467 4305 3647 4369 ἄνθος,

2072 4401 2364 4472 δορυφορεῖ
2378 4398 2468 4453 τὸν
2501 4397 2750 4468 σταυρόν.
2781 4396 2966 4450 Ταῦτά
2991 4412 3078 4465 μοι
3112 4393 3345 4466 εἴρηται,
3366 4393 3452 4446 ἴνα
3466 4392 3645 4457 δείξω,

2072 4489 2221 4551 ὅπως
2250 4490 2360 4550 τοῖς
2416 4487 2654 4556 πατράσι
2699 4487 2810 4548 τοῖς
2839 4481 3082 4554 ἀρχαίοις
3108 4480 3337 4544 ἐκείνοις
3356 4481 3455 4551 τῆς
3490 4481 3647 4535 εὐσε-

2075 4575 2226 4637 όείας
2249 4576 2500 4645 εἰσήγετο
2533 4576 2565 4643 ή
2597 4572 2780 4637 εἰκὼν,
2800 4573 2894 4625 καί¹
2915 4570 3147 4641 ἐτιμήθη
3167 4570 3260 4624 καὶ
3298 4570 3326 4623 6
3355 4569 3524 4633 τύπος
3548 4570 3649 4640 τῆς

2073 4663 2403 4733 οἰκονομίας.
2440 4663 2503 4715 Εἰ
2530 4662 2585 4715 δὲ
2617 4659 2665 4713 οἱ
2700 4657 3217 4727 προαναφωνοῦντες
3239 4656 3413 4721 οὕτως
3457 4659 3652 4728 ἐκήρυ-

2076 4751 2170 4817 ξαν
2194 4749 2436 4815 ἐνδόξως,
2466 4748 2608 4801 οὕτω
2628 4746 3020 4818 προετύπωσαν
3060 4744 3314 4815 ἐντίμως,
3357 4745 3529 4808 ποίοις
3556 4745 3650 4799 καὶ

2075 4840 2260 4900 πόσοις
2297 4836 2326 4877 ιι
2360 4837 2520 4906 ἡμεῖς
2550 4836 2643 4888 καὶ
2680 4834 2928 4904 πηλίκοις
2960 4832 3185 4904 στόμασι
3214 4833 3308 4887 τοῦ
3335 4832 3533 4903 Κυρίου
3558 4832 3651 4884 τὸν

2079 4922 2312 4995 σταυρὸν
2334 4922 2424 4976 καὶ
2451 4921 2551 4991 τὴν
2576 4919 2756 4973 ἔνθεον
2786 4918 3097 4988 οἰκονομίαν
3127 4916 3451 4988 κηρύξωμεν
3476 4934 3490 4981 ;
3520 4912 3653 4969 οἶδα

2076 5018 2158 5069 δτι
2189 5013 2357 5077 πολὺς
2385 5014 2529 5083 ὑμᾶς
2574 5011 2686 5081 ἔχει
2715 5009 2877 5073 πόθος
2924 5010 3031 5063 τῶν
3078 5007 3422 5080 δογματικῶν
3450 5007 3645 5073 λόγων,

2078 5104 2302 5157 καὶτῶν
2332 5102 2431 5173 τῆς
2468 5100 2745 5168 θεολογίας
2768 5098 3158 5169 κηρυγμάτων·
3194 5097 3310 5150 ἀλλ’
3328 5095 3477 5148 ἔστιν
3504 5094 3648 5146 ὲκεί-

2078 5209 2184 5244 νων
2212 5190 2416 5260 ἀδελφά
2441 5190 2536 5242 καὶ
2566 5187 2635 5240 τά
2658 5185 2753 5240 νῦν
2776 5186 3059 5257 εἰρημένα.
3101 5185 3211 5254 Τῆς
3233 5182 3342 5253 γάρ
3370 5181 3539 5250 αὐτῆς
3563 5181 3649 5232 ὲν-

2078 5280 2229 5341 νοίας
2257 5280 2351 5331 καὶ
2394 5276 2625 5348 σταυρὸν
2654 5273 2887 5347 κηρῦξαι
2914 5314 2927 5338 ,
2965 5273 3059 5325 καὶ
3108 5271 3199 5325 τὸν
3230 5269 3487 5340 μονογενῆ
3516 5267 3651 5321 Θεὸν

2079 5365 2250 5435 Λόγον
2308 5364 2541 5434 ὑψῶσαι.
2604 5361 2903 5433 Τοιγαροῦν
2943 5360 3043 5415 κᾶν
3096 5358 3196 5428 τὴν
3234 5354 3382 5428 [σιτ]
3422 5356 3665 5426 θεότηταε.

2079 5453 2172 5507 τοῦ
2203 5453 2540 5519 Μονογενοῦς
2570 5454 2839 5525 ὑμνήσῃς,
2872 5449 2977 5507 κᾶν
3007 5446 3105 5516 τὴν
3137 5444 3449 5515 οἰκονομίαν
3480 5446 3647 5515 τιμή-

2084 5555 2202 5609 σῃς,
2222 5539 2350 5610 μίαν
2367 5540 2461 5593 καὶ
2491 5538 2590 5609 τὴν
2621 5538 2787 5607 αὐτὴν
2804 5536 2917 5605 ἔχει
2934 5530 3205 5597 ἀπόδειξιν
3225 5529 3325 5601 τῆς
3346 5530 3646 5594 εὐσεϐείας.

2151 5623 2190 5676 δ’
2197 5662 2210 5676 .
2226 5622 2370 5694 Πλὴν
2388 5623 2515 5677 ὅταν
2530 5621 2769 5693 ἀκούσῃς
2798 5617 3048 5689 σταυρὸν,
3065 5616 3190 5669 ὅταν
3206 5613 3338 5668 ἀκού
3347 5630 3444 5688 an;
3463 5613 3673 5686 σῶμα--

2144 5747 2173 5788 ι)
2200 5748 2319 5805 Post
2334 5748 2503 5803 πόσοις
2523 5747 2637 5797 ειν.
2663 5748 2715 5797 in
2736 5757 2889 5805 marg.
2913 5741 3048 5793 addit
3070 5741 3303 5803 σημείοις,
3320 5744 3378 5791 ει
3398 5751 3486 5802 pro
3504 5736 3676 5802 ιιι-,εὔρις

2089 5812 2236 5875 ξωμεν
2256 5802 2397 5863 aﬂ‘erl
2424 5802 2521 5860 vat.
2546 5810 2664 5860 lect.
2686 5802 2975 5867 δρᾶσι-ὗμιν.
