4118 6310
509 371 619 429 $05

511 507 605 553 τος
625 489 970 559 οἰκονομίαν,
1009 485 1253 562 ἀνάγαγέ
1287 509 1383 546 σου
1426 493 1530 564 τὴν
1563 492 1800 548 διάνοιαν
1837 494 1974 563 πρὸς
2021 494 2083 547 16

513 572 648 642 ὕψος
674 572 772 643 τῆς
791 590 887 626 του
917 575 1252 643 Μονογενοῦς
1303 577 1570 643 ἐξουσίας.
1607 576 1698 648 Μὴ
1718 577 1780 630 16
1806 577 1991 647 σχῆμα
2025 577 2087 629 16

511 657 601 710 διὰ
629 658 690 710 σὲ
717 658 1008 728 γενόμενον
1051 659 1391 714 ταπεινούτω
1427 677 1520 714 σου
1560 661 1622 714 τὸ
1649 660 1923 731 φρόνημα,
1971 659 2085 713 ἀλλ’

513 743 547 812 ή
576 740 947 811 φιλανθρωπία
965 743 1058 796 τοῦ
1083 743 1353 809 σώσαντος
1381 745 1704 814 ἀναγαγέτω
1725 762 1818 798 σου
1847 745 1944 816 τὴν
1971 744 2088 798 διά-

514 841 683 877 νοιαν.
708 825 946 896 Σταυρὸς
978 827 1076 896 μὲν
1099 828 1208 898 γὰρ
1235 827 1322 881 διὰ
1349 829 1429 892 σὲ,
1472 829 1597 894 ἀξία
1617 829 1675 882 δὲ
1713 828 1846 881 Θεοῦ
1874 827 1940 881 δι’
1956 825 2086 880 ἑαυ-

513 905 625 959 τόν.
656 905 804 971 ’Δξία
827 906 885 959 δὲ
905 908 1037 961 Θεοῦ
1059 910 1155 979 οὐχ
1173 910 1404 978 ὑψοῦται
1429 911 1626 980 λόγοις,
1653 911 1713 964 οὺ
1743 911 2086 982 καθαιρεῖται

514 987 691 1056 λόγοις
711 1007 725 1021 ·
753 990 870 1043 ἀλλ’
898 993 945 1043 οἰ
975 993 1378 1063 καθαιροῦντες,
1401 996 1609 1049 ἑαυτῶν
1645 995 1964 1067 ἐργάζονται
1988 995 2088 1065 τὴν

516 1071 865 1141 καθαίρεσινο
899 1075 950 1126 οἰ
994 1074 1049 1127 δὲ
1093 1076 1371 1145 ὑψοῦντες,
1409 1079 1615 1132 ἑαυτῶν
1667 1080 1767 1151 τήν
1815 1079 2087 1132 εὐτέλειαν

516 1157 594 1218 εἰς
639 1154 772 1224 ὕψος
802 1157 1112 1225 ἀνάγουσιν.
1154 1161 1362 1233 Ὥσπερ
1392 1157 1486 1215 οῦν
1532 1160 1776 1231 ἔφθημεν
1820 1161 2084 1226 εἰπόντες,

515 1237 596 1290 ὃτι
643 1238 737 1291 καὶ
787 1240 816 1291 ὁ
862 1239 959 1310 τὴν
997 1243 1323 1310 οἰκονομίαν,
1370 1245 1464 1297 καὶ
1494 1247 1521 1297 6
1554 1244 1651 1314 τὴν
1695 1244 1969 1314 θεολογίαν
1999 1247 2091 1299 ἀν-

517 1322 785 1392 υμνήσας,
811 1322 908 1393 τῆς
932 1325 1102 1395 αὐτῆς
1128 1325 1308 1394 ἔχεται
1333 1327 1589 1392 διανοίαςο
1631 1328 1745 1381 ἀλλ’
1771 1330 1956 1401 ἐπειδὴ
1979 1332 2090 1393 τοῖς

517 1403 644 1471 χθὲς
669 1407 801 1474 ήμῖν
829 1409 1294 1478 γεγυμνασμένοις
1333 1409 1513 1463 έλειπέ
1553 1427 1606 1464 τι
1650 1412 1786 1481 πρὸς
1837 1413 1917 1475 16,
1955 1411 2092 1466 Ἵνα

518 1485 856 1555 τινώσκωσί
873 1506 946 1544 σε
960 1491 1066 1544 τὸν
1078 1493 1269 1560 μόνον
1288 1494 1580 1563 ἀληθινὸν
1594 1496 1742 1549 Θεὸν
1759 1497 1854 1550 καὶ
1875 1498 2093 1564 Κύριον

531 1571 764 1637 Ἰησοῦν
787 1574 1044 1641 Χριστόν
1063 1591 1076 1604 ο
1102 1577 1195 1628 καὶ
1223 1577 1358 1648 πρὸς
1388 1579 1486 1648 μὲν
1525 1579 1633 1632 τὸν
1664 1579 1854 1649 μόνον
1869 1581 2092 1646 ἀληθι-

518 1655 630 1706 νὸν
670 1654 818 1707 Θεὸν
834 1657 1230 1728 ἀπεδείχθησαν
1265 1661 1321 1713 αί
1345 1664 1668 1732 προφητεῖαι
1691 1663 1784 1715 καὶ
1804 1665 1860 1716 αἰ
1887 1679 2092 1734 μαρτυ-

524 1736 634 1807 ρίαι
655 1737 734 1807 τῷ
756 1738 886 1810 Υἱῷ,
907 1739 986 1794 ὅτι
1013 1743 1105 1794 καὶ
1129 1742 1286 1810 μόνος
1307 1743 1557 1813 ἀληθινός
1576 1763 1588 1775 ·
1619 1746 1910 1815 ἀναγκαῖον
1929 1746 1986 1799 δὲ
2011 1742 2093 1799 οἷ-

524 1837 621 1888 μαι
644 1821 902 1891 κάκείνην
939 1823 1188 1889 ἐξετάσαι
1211 1828 1310 1896 τῆς
1333 1825 1528 1891 λέξεως
1547 1827 1646 1899 τὴν
1669 1829 1921 1900 θεωρίαν.
1951 1829 2091 1882 Καί-

520 1919 601 1955 τοι
624 1904 787 1974 φησὶν
811 1907 838 1957 6
867 1906 1161 1976 αἱρετικός·
1195 1907 1259 1960 Τί
1287 1908 1348 1980 δὴ
1374 1909 1535 1962 πάλιν
1571 1910 1714 1981 ἔχεις
1747 1913 1840 1965 καὶ
1871 1912 2006 1984 πρὸς
2033 1909 2093 1965 16

521 1985 927 2056 ἀπεσταλμένον
949 1989 1151 2054 εἰπεῖν;
1184 1990 1390 2062 Ῥητῶς
1409 1993 1516 2063 γάρ
1536 1993 1962 2065 ἀναγέγραπται·
1985 1995 2091 2049 Καὶ

520 2068 594 2121 ὃν
629 2068 989 2137 ἀπέστειλας
1037 2072 1280 2146 Ἰησοῦν
1299 2076 1579 2141 Χριστόν.
1607 2077 1698 2146 Μή
1722 2077 1750 2128 6
1773 2077 2092 2140 ἀποστείλας

519 2151 598 2222 τῷ
629 2153 980 2208 ἀποσταλέντι
1009 2145 1268 2226 ὁμότίμον
1301 2157 1412 2228 ἔχει
1431 2158 1530 2228 τὴν
1561 2145 1742 2226 ἀξίανς
1786 2161 1968 2215 Ταῦτα
1998 2160 2093 2214 ἐὰν

526 2237 624 2306 μὲν
674 2239 738 2308 τῇ
789 2237 927 2303 λέξει
977 2239 1240 2293 δουλεύων
1279 2240 1674 2316 ἀναγινώσκης,
1720 2244 1997 2308 πολλάκις,
2020 2245 2097 2308 ὡς

525 2322 944 2393 προειρήκαμεν,
966 2322 1166 2393 πολλὴν
1189 2324 1441 2395 εὑρήσεις
1465 2325 1540 2388 ὡς
1563 2325 1776 2395 ἀληθῶς
1797 2327 1933 2398 πρὸς
1950 2329 2095 2398 ἡμᾶς

523 2405 889 2473 ἐναντιότητα,
923 2407 1016 2458 καὶ
1051 2407 1112 2459 οὐ
1143 2408 1535 2477 συμφωνοῦντα
1581 2411 1692 2473 τοῖς
1723 2410 1906 2474 αὐτοῖς
1950 2411 2096 2478 λογι-

527 2488 684 2554 σμοῖς
697 2485 763 2539 τά
785 2487 963 2550 καλῶς
983 2489 1080 2559 μὲν
1095 2491 1474 2559 γεγραμμένα,
1495 2491 1677 2553 κακῶς
1691 2491 1748 2545 δὲ
1763 2493 2061 2563 νενοημένα
2077 2509 2092 2524 ·

527 2567 620 2619 ὲάν
658 2567 716 2620 δὲ
756 2569 892 2639 πρὸς
931 2571 1099 2642 αὐτὴν
1130 2571 1228 2640 τὴν
1267 2571 1524 2643 ἀλήθειαν
1557 2573 1830 2645 ἀναλάϐῃς
1874 2575 1971 2646 τὴν
2011 2575 2096 2628 ἐν·

525 2667 693 2714 νοιαν,
721 2653 955 2724 οὐδαμοῦ
987 2672 1068 2708 σοι
1099 2656 1234 2726 πρὸς
1258 2656 1602 2728 ἐναντιότητα
1630 2661 2095 2730 περιτραπήσεται

526 2735 589 2787 τὸ
613 2735 712 2805 τῆς
737 2736 972 2801 διανοίας
989 2738 1163 2809 ὄμμα,
1185 2741 1274 2793 ὑπ’
1291 2740 1455 2793 αὐτοῦ
1482 2741 1574 2794 τοῦ
1600 2742 1754 2810 ἁγίου
1783 2742 2098 2813 Πνεῦματος

526 2818 883 2890 ὁδηγούμενοι)
912 2822 1046 2890 πρὸς
1072 2823 1270 2893 ἀκριϐῆ
1307 2824 1651 2894 κατανόησιν.
1697 2825 1769 2876 Τὸ
1795 2825 1924 2896 γάρ,
1961 2826 2096 2878 Ἀπ-

529 2901 778 2970 εστάλη,
804 2904 897 2957 καί¹
941 2906 1336 2972 Ἀπέστειλεν,
1362 2907 1678 2978 ἀνθρώπινα
1702 2908 1797 2978 μὲν
1819 2910 1973 2981 φέρει
2001 2911 2098 2979 ῥή-

531 3003 697 3055 ματα,
739 2986 857 3040 θεῖα
901 2988 957 3041 δὲ
1001 2989 1258 3061 κηρύττει
1301 2992 1564 3062 νοήματα.
1613 2992 1748 3045 Οὔτε
1781 2993 1888 3064 γὰρ
1917 2996 1944 3047 6
1973 2995 2102 3046 ἀπο-

531 3067 744 3131 στείλας
795 3070 900 3123 ἀπὺ
938 3070 1118 3126 τόπων
1167 3076 1246 3136 εἰς
1291 3074 1486 3137 τόπους
1530 3075 1865 3140 ἀπέστειλεν,
1899 3076 2021 3130 οὕτε
2071 3079 2099 3131 6

529 3152 854 3217 ἀποσταλεὶς
887 3154 993 3214 ἀπὸ
1026 3156 1204 3209 τόπων
1246 3159 1325 3220 εἰς
1355 3157 1552 3221 τόπους
1592 3155 1772 3230 ἦλθεν.
1822 3159 1961 3212 Ἀλλ’
1989 3161 2097 3214 ἀπ-

527 3234 756 3297 έστειλε,
793 3239 976 3307 φησὶν,
1011 3241 1039 3291 6
1071 3239 1257 3310 Πατὴρ
1288 3241 1376 3292 τὸν
1400 3240 1523 3293 Υίὸν
1553 3243 1632 3304 εἰς
1663 3242 1753 3294 τὸν
1773 3242 1994 3314 κόσμον,
2023 3242 2100 3305 ὡς

532 3319 608 3389 μὴ
660 3321 901 3391 παρόντα
945 3322 1023 3392 τῷ
1064 3325 1272 3394 κόσμῳ,
1304 3324 1438 3395 πρὸς
1464 3325 1522 3378 ὃν
1560 3325 1853 3396 ἐπέμπετο.
1897 3326 2020 3390 Πῶς
2065 3329 2098 3397 ἡ

529 3405 570 3456 Γ
574 3406 716 3477 ραφή
745 3423 876 3476 φησι
906 3409 1035 3478 περὶ
1079 3408 1244 3461 αὐτοῦ
1271 3408 1362 3460 τοῦ
1395 3409 1620 3479 Κυρίου,
1659 3411 1762 3464 Ἐν
1791 3409 1871 3475 τῷ
1894 3411 2099 3479 κόσμῳ

526 3483 627 3558 ἦν,
643 3488 740 3542 καὶ
763 3493 794 3543 ό
811 3491 1035 3559 κόσμος
1055 3491 1128 3543 δι’
1148 3491 1333 3554 αὐτοῦ
1355 3491 1621 3560 ἑγένετω
1644 3493 1767 3556 Πῶς
1785 3489 1876 3547 οὖν
1890 3489 2052 3564 ἦλθεν
2071 3497 2100 3549 6

529 3569 738 3643 παρὼν,
764 3572 934 3644 ἐφάνη
956 3575 983 3626 6
1005 3573 1307 3640 λανθάνων;
1335 3577 1382 3628 εἰ
1404 3575 1460 3629 δὲ
1489 3575 1705 3646 ἀληθῶς
1726 3615 1740 3639 ,
1767 3576 1841 3638 ὡς
1861 3576 2097 3644 ἀκούεις,

537 3658 668 3719 νοεῖς
697 3654 777 3721 16,
820 3656 1180 3719 Ἀπέστειλε,
1208 3659 1359 3711 πᾶσα
1385 3658 1596 3728 ἀνάγκη
1626 3660 1718 3712 καὶ
1752 3659 1841 3712 τὸν
1862 3660 2100 3716 ἀποσταο

530 3737 689 3791 λέντα
740 3737 946 3802 τούτοις
1005 3741 1288 3811 ἐπιστῆναι
1334 3742 1444 3803 τοῖς
1495 3741 1697 3803 τόποις,
1741 3736 1822 3806 οἷς
1877 3742 2101 3814 μηδέπω

531 3821 730 3892 παρῆν,
759 3823 851 3874 καὶ
883 3822 973 3875 16v
1011 3823 1400 3876 ἀποστείλαντα
1429 3825 1545 3877 ἐκεῖ
1571 3825 1827 3895 πέμπειν,
1854 3827 1987 3880 ὅπου
2025 3826 2099 3898 μὴ

531 3904 782 3974 πάρεστι.
825 3905 948 3967 Πῶς
981 3901 1076 3958 οὖν
1105 3908 1133 3958 6
1171 3906 1561 3975 εὑαγγελιστὴς
1595 3907 1767 3976 ἔλεγε,
1795 3907 1999 3962 Πάντα
2025 3909 2098 3962 δι’

529 3986 718 4040 αὑτοῦ
752 3987 1008 4054 ἐγένετο,
1037 3989 1134 4042 καὶ
1159 3990 1334 4058 χωρὶς
1362 3990 1548 4044 αὐτοῦ
1575 3989 1810 4060 ἐγένετο
1831 3991 1972 4045 οὐδὲ
1995 3992 2100 4056 Er;

543 4070 646 4123 Ἐν
670 4066 750 4132 τῷ
770 4070 974 4139 κόσμῳ
993 4068 1089 4140 ἦν,
1116 4071 1212 4125 καὶ
1236 4075 1269 4126 o'
1295 4073 1523 4141 κόσμος
1540 4072 1614 4126 δι’
1639 4073 1822 4128 αὑτοῦ
1843 4074 2100 4144 έγένετο;

532 4153 595 4206 Εἰ
626 4151 800 4207 τοίνυν
819 4149 886 4223 ἦν
912 4157 968 4206 ὲν
995 4155 1072 4225 τῷ
1097 4155 1304 4227 κόσμῳ,
1351 4156 1468 4220 πῶς
1501 4157 1883 4212 ἀποστέλλεται
1922 4161 1981 4212 ὲν
2023 4159 2100 4231 τῷ

531 4236 750 4307 κόσμῳ;
792 4237 904 4290 Οὐκ
948 4237 1185 4308 ἤκουσας
1232 4240 1395 4293 αὑτοῦ
1440 4239 1717 4308 λέγοντος,
1767 4242 1878 4297 Τὸν
1922 4244 2098 4313 οὐρα-

530 4320 647 4375 νὸν
675 4322 772 4375 καὶ
812 4321 925 4389 τὴν
951 4321 1066 4392 γῆν
1111 4323 1225 4393 ἐγὼ
1265 4323 1492 4392 πληρῶ,
1536 4324 1696 4394 λέγει
1746 4327 1992 4395 Κύριος;
2034 4328 2100 4381 Τί

533 4400 626 4458 οὖν
675 4404 916 4473 βούλεται
969 4407 1045 4467 16,
1120 4406 1478 4474 Ἇπεστάλη;
1549 4409 1691 4461 Ἀντί.
1736 4409 1851 4473 τοῦ,
1899 4409 2096 4480 Ὠφθη,

534 4485 655 4538 ἀντὶ
685 4487 778 4540 τοῦ
799 4529 813 4552 ,
847 4488 946 4541 Διά
991 4490 1192 4561 σαρκὸς
1247 4489 1505 4560 ἔλαμψεν.
1561 4490 1624 4543 Ἡ
1678 4491 1786 4562 γὰρ
1828 4493 2098 4563 ἀποστολὴ

532 4571 593 4622 οὐ
627 4570 726 4640 τὴν
783 4572 889 4625 ἀπὸ
951 4573 1129 4627 τόπων
1178 4576 1259 4637 εἰς
1308 4575 1506 4637 τόπους
1559 4575 1856 4644 μετάϐασιν
1911 4577 2102 4648 σημαί·

533 4670 634 4717 νει,
669 4653 805 4707 ἀλλά
829 4654 927 4726 τήν
963 4657 1026 4709 ὲκ
1069 4657 1170 4726 τῆς
1215 4658 1446 4728 ἀοράτου
1475 4658 1724 4728 θεότητος
1763 4661 1842 4723 εἰς
1885 4662 2098 4731 ἐμφανῆ

535 4736 859 4808 παρουσίαν.
897 4737 1031 4791 υῠτε
1079 4740 1188 4806 γὰρ
1226 4740 1571 4811 ἐπιδημήσας
1613 4744 1679 4812 τῇ
1715 4745 1784 4812 γῇ
1825 4745 1965 4796 κατὰ
2002 4745 2100 4813 τὴν

533 4819 878 4892 ἀνθρωπίνην
923 4821 1250 4891 οἰκονομίαν,
1290 4825 1416 4885 τοὺς
1463 4825 1724 4896 οὐρανοὺς
1777 4823 1925 4896 [5181
1973 4827 2099 4878 éxé-

534 4921 672 4958 νωσε
715 4906 814 4975 τῆς
863 4905 1057 4978 ἑαυτοῦ
1103 4903 1277 4970 ἀξίας,
1308 4905 1430 4960 οὕτε
1467 4907 1560 4962 νῦν
1593 4907 1921 4979 ἀναληφθεὶς
1963 4909 2103 4963 κατὰ

533 4988 632 5058 τὴν
659 4987 758 5059 τῆς
799 4988 996 5059 σαρκὸς
1027 4987 1312 5057 ἀνάληψιν,
1337 4990 1436 5058 τὴν
1474 4992 1577 5062 γῆν
1614 4993 1816 5064 ἔρημον
1843 4991 2102 5046 κατέλιπε

532 5073 630 5144 τῆς
666 5072 802 5136 ἰδίας
829 5071 1164 5136 ἐπιστασίας.
1187 5072 1356 5127 Πάλιν
1380 5075 1582 5146 ἑτέρως
1603 5076 1693 5129 τὸν
1713 5074 1869 5142 λόγον
1891 5076 2102 5146 γυμνά-

537 5175 740 5228 σωμεν.
771 5159 836 5213 Εἰ
879 5157 1020 5212 κατά
1061 5155 1158 5228 τὴν
1200 5155 1366 5221 λέξιν,
1408 5158 1647 5227 ἀδελφοὶ,
1694 5161 1722 5212 6
1772 5159 1959 5230 Πατὴρ
1997 5161 2104 5213 ἀπ-

536 5241 738 5296 έστειλε
765 5242 856 5296 τὸν
885 5239 1010 5294 Υίὸν
1039 5243 1115 5303 εἰς
1142 5239 1233 5293 τὸν
1264 5240 1486 5310 κόσμον,
1514 5241 1670 5311 δῆλον
1701 5243 1781 5296 ὅτι
1803 5243 1832 5294 6
1855 5242 2106 5300 61103155-

534 5324 630 5388 λας
671 5324 765 5378 τοῦ
820 5323 1225 5394 ἀπεσταλμένου
1286 5322 1573 5394 χωρίζεται
1636 5322 1776 5378 κατὰ
1820 5325 1918 5396 τὴν
1971 5325 2104 5380 ίδίαν

536 5408 742 5462 στάσιν.
774 5407 836 5460 Εί
866 5409 964 5479 μὲν
985 5411 1092 5480 γὰρ
1132 5409 1226 5462 σὺν
1251 5405 1399 5478 αὐτῷ
1436 5408 1570 5474 ἐστι,
1594 5408 1842 5479 περιττὸν
1867 5409 1944 5473 τὸ,
1982 5409 2105 5463 Ἀπ’

535 5491 821 5547 ἔστειλεν·
853 5493 901 5544 εἰ
922 5491 977 5545 δὲ
1003 5491 1338 5554 ἀπέστειλεν,
1361 5492 1568 5562 ἀνάγκη
1591 5491 1938 5563 κεχωρίσθαι,
1964 5491 2104 5546 κατά

533 5573 633 5646 τὴν
661 5573 761 5644 τῆς
799 5571 994 5642 λέξεως
1031 5575 1286 5646 ἔμφασιν.
1326 5573 1463 5628 Ἀλλ’
1500 5575 1560 5628 οὐ
1610 5576 1688 5628 δεῖ
1729 5578 1793 5647 τῇ
1827 5573 1966 5640 λέξει
1993 5576 2105 5629 δου-

534 5656 728 5721 λεύειν,
766 5657 899 5711 ἀλλά
942 5660 1007 5729 τῇ
1052 5659 1230 5713 πίστει
1271 5660 1522 5730 στοιχεῖν.
1558 5660 1667 5713 Καὶ
1694 5661 1778 5724 τίς
1813 5661 1942 5732 ἡμῖν
1972 5677 2104 5732 μαρ-

533 5738 762 5810 τυρήσει
781 5739 958 5808 λόγος,
981 5742 1064 5795 ὃτι
1087 5743 1181 5796 ὲπί
1208 5743 1314 5814 γῆς
1331 5743 1519 5812 φανεὶς
1544 5743 1871 5814 ὲνόὐρανοῖς
1889 5739 1991 5814 ﬁxa;
2017 5744 2102 5808 τίς

533 5822 590 5876 δὲ
624 5823 960 5894 μαρτυρήσει
984 5825 1160 5896 λόγος,
1187 5829 1268 5883 ὅτι
1285 5827 1443 5902 παρὰ
1462 5828 1675 5901 Πατρὺς
1697 5827 2100 5899 ἀπεσταλμένος

1934 371 2064 430 SEV
2076 370 2308 430 ERIANI

2185 497 2286 549 οὐκ
2309 497 2578 568 ἐχωρίσθη
2605 496 2696 550 τοῦ
2737 495 2984 568 Πατρός;
3015 492 3079 547 EE
3120 489 3396 562 ἀπεστάλη
3435 491 3513 552 εἰς
3538 489 3630 543 τὸν
3662 491 3758 544 κό-

2185 596 2338 649 σμον.
2359 579 2500 633 κατὰ
2522 579 2620 650 τήν
2646 579 2812 646 λέξιν,
2846 581 2894 632 εἰ
2918 580 2947 631 6
2971 575 3191 647 πέμψας
3219 575 3312 628 τοῦ
3346 571 3757 640 ἀπεσταλμένου

2185 663 2495 734 χωρίζεται,
2516 663 2632 723 πῶς
2653 663 2855 730 ἔλεγεν,
2890 661 3116 732 Ἐ’γὼὲν
3139 658 3344 727 Πατρὶ,
3371 657 3468 710 καὶ
3493 659 3526 710 ό
3551 654 3757 723 Πατὴρ

2181 747 2398 816 ἐν’ἐμοί
2409 762 2428 810 ;
2451 747 2566 811 πῶς
2595 747 2652 800 δὲ
2679 747 2839 801 πάλιν
2877 745 3051 813 ἔλεγε,
3069 743 3181 798 Καὶ
3218 746 3251 796 ό
3272 739 3514 810 πέμψας
3533 755 3610 807 με
3635 741 3758 791 Πα-

2183 829 2292 898 τὴρ
2303 832 2433 900 μετ’
2453 831 2598 900 ἐμοῦ
2619 831 2819 893 ἐστιν;
2845 829 3007 900 Ὁρᾷς
3026 829 3107 883 ὅτι
3125 830 3156 896 ἡ
3177 824 3334 895 φύσις
3349 825 3408 876 οὐ
3433 821 3724 893 χωρίζεται
3739 837 3754 850 ·

2183 915 2217 985 ἡ
2240 915 2296 968 δὲ
2331 915 2607 986 οἰκονομία
2625 914 2686 967 16
2717 914 2900 984 σχῆμα
2943 913 3036 980 τῆς
3069 907 3370 977 ἀποστολῆς
3405 905 3756 958 ἐνδείκνυται.

2183 997 2246 1050 Τί
2262 993 2353 1051 οὖν
2370 997 2615 1068 βούλεται
2637 997 2716 1059 16,
2734 995 3057 1050 Ἀναϐαίνω
3075 992 3224 1060 πρὸς
3245 989 3352 1043 τὸν
3367 987 3595 1053 Πατέρα
3605 1003 3724 1054 μου
3739 999 3758 1047 ;

2185 1082 2247 1134 Εἰ
2275 1081 2383 1152 γάρ
2411 1082 2507 1134 σὺν
2537 1079 2684 1150 αὐτῷ
2706 1081 2732 1132 6
2769 1076 2975 1149 Πατὴρ,
2999 1075 3086 1130 διά
3113 1074 3164 1128 τί
3189 1072 3504 1135 ἀναϐαίνει;
3539 1071 3605 1122 Ἦ
3630 1069 3760 1122 ἀνά-

2185 1164 2342 1227 ϐασις
2380 1165 2477 1236 τὴν
2529 1161 2833 1232 οἰκονομίαν
2867 1159 3180 1232 ὲρμηνεύει,
3224 1156 3318 1211 τοῦ
3363 1155 3612 1226 σώματος
3661 1153 3760 1222 τὴν

2185 1251 2472 1320 ἀνάληψιν,
2519 1249 2578 1304 οὗ
2612 1250 2710 1320 τῆς
2755 1248 3004 1317 θεότητος
3036 1246 3134 1315 τήν
3162 1243 3456 1297 διάστασιν.
3488 1240 3673 1302 Θέλεις
3702 1238 3760 1291 δὲ

2190 1336 2403 1405 μαθεῖν,
2435 1335 2516 1386 ὅτι
2543 1333 2730 1403 ὥσπερ
2763 1331 3103 1400 ἐπιδημήσας
3129 1331 3196 1398 τῇ
3226 1329 3318 1398 γῇ,
3344 1326 3474 1388 τοὺς
3499 1323 3762 1394 οὐρανοὺς

2185 1418 2247 1471 οὐ
2283 1417 2596 1479 κατέλιπεν,
2634 1413 2758 1469 οὔτε
2786 1413 2880 1467 τοῦ
2922 1413 3130 1484 Πατρὸς
3170 1407 3464 1480 ἐχωρίσθη,
3495 1405 3637 1460 οὕτω
3669 1407 3764 1459 καὶ

2189 1503 2268 1564 εἰς
2295 1501 2558 1573 οὐρανοὺς
2585 1496 2934 1568 ἀναληφθεὶς,
2967 1495 3069 1566 τὴν
3095 1493 3198 1563 γῆν
3234 1493 3295 1573 ου
3326 1489 3614 1573 κατέλιπεν
3636 1486 3765 1573 6913‘-

2194 1599 2330 1653 μον;
2367 1568 2430 1636 ἱ0
2451 1581 2622 1635 εἰπὼν
2650 1580 2786 1651 πρὸς
2809 1581 2934 1642 τοὺς
2965 1576 3158 1632 ἑαυτοῦ
3197 1572 3461 1645 μαθητὰς.
3493 1569 3603 1624 Καὶ
3634 1568 3764 1623 ἰδοὺ

2189 1665 2304 1735 ἐγὼ
2317 1666 2443 1736 μεθ’
2462 1663 2629 1733 ὑμῶν
2647 1665 2783 1732 εἰμι,
2806 1660 2942 1714 ἀλλά
2969 1659 3309 1726 ἀνέρχομαι,
3329 1655 3451 1708 ὅθεν
3472 1653 3763 1722 κατῆλθον,

2191 1747 2341 1816 πρὸς
2361 1746 2469 1801 τὸν
2492 1744 2724 1813 Πατέρα
2747 1761 2864 1814 μου
2883 1760 2899 1776 ·
2924 1744 2953 1797 6
2977 1741 3140 1804 αὐτὸς
3175 1739 3332 1793 πάλιν
3356 1737 3488 1808 πρὸς
3525 1737 3768 1800 ἐκείνους

2190 1831 2356 1901 λέγει·
2377 1830 2486 1885 Καὶ
2508 1829 2634 1884 ἰδοὺ
2660 1828 2775 1898 ἐγὼ
2788 1828 2917 1897 μεθ’
2941 1823 3106 1896 ὑμῶν
3129 1826 3245 1892 εἰμι
3275 1821 3474 1885 πάσας
3494 1820 3602 1901 τὰς
3624 1817 3768 1887 ἠμέ-

2183 1899 2298 1986 ρας
2316 1916 2426 1982 ἕως
2448 1914 2557 1983 τῆς
2582 1913 2938 1977 συντελείας
2975 1908 3081 1964 τοῦ
3110 1906 3344 1972 αἰῶνος.
3388 1905 3460 1956 T6
3483 1899 3598 1967 οὖν,
3640 1903 3769 1957 Ἵνα

2190 1999 2528 2067 γινώσκωσί
2565 2012 2638 2051 σε
2674 1997 2781 2050 τὸν
2811 1997 3003 2066 μόνον
3025 1989 3312 2058 ἀληθινὸν
3352 1988 3518 2051 Θεὸν,
3557 1987 3655 2042 καί
3695 1986 3770 2042 ὃν

2189 2083 2551 2146 ἀπέστειλας
2603 2077 2845 2147 Ἰησοῦν
2879 2073 3365 2144 Χριστὸν,διπλῆν
3402 2072 3604 2126 ἔννοιαν
3632 2071 3766 2143 ἔχει,

2193 2166 2285 2221 καὶ
2325 2166 2596 2236 μάχαιραν
2638 2161 2859 2231 διπλῆν·
2889 2161 2988 2231 τὴν
3033 2159 3129 2229 μὲν
3158 2157 3299 2210 κατά
3341 2156 3443 2225 τῆς
3484 2154 3769 2208 εἰδωλολα-

2189 2255 2374 2324 τρείας
2417 2250 2794 2321 ὁπλιζομένην,
2855 2248 2954 2318 τὴν
3006 2247 3064 2300 δὲ
3111 2243 3252 2299 κατά
3309 2244 3409 2313 τῆς
3470 2241 3769 2324 Ἰουδαϊκῆς

2191 2323 2474 2399 ἀπειθείας
2503 2331 3005 2404 παραταττομένην.
3039 2329 3214 2383 Μόνον
3245 2325 3346 2397 μὲν
3386 2327 3494 2396 γάρ
3514 2323 3768 2396 ἀληθινὸν

2191 2418 2322 2472 Θεὸν
2340 2418 2507 2486 λέγει,
2526 2417 2612 2470 ἶνα
2635 2415 2705 2468 τά
2724 2413 2892 2486 νεκρά
2913 2412 3106 2467 εἴδωλα
3126 2408 3450 2481 στηλιτεύσῃ
3466 2426 3480 2439 ·
3496 2406 3770 2462 ἀπεσταλ-

2195 2505 2354 2574 μένον
2385 2503 2441 2555 δὲ
2495 2500 2700 2572 Ἰησοῦν
2741 2498 2997 2570 Χριστὸν,
3049 2497 3137 2550 ἵνα
3166 2494 3292 2556 τοὺς
3319 2494 3416 2563 τὴν
3455 2491 3770 2562 οἰκονομίαν

2193 2587 2554 2658 ἀρνουμένους
2591 2581 2943 2652 ἐπιστομίσῃ·
2987 2578 3294 2650 ὲκλάμϐανε
3341 2577 3518 2629 τοίνυν
3561 2574 3631 2658 τά
3668 2577 3770 2658 97f)?-

2196 2655 2340 2740 ματα
2367 2655 2510 2740 πρὸς
2540 2667 2639 2736 τὴν
2673 2664 2900 2724 ἔννοιαν,
2928 2664 3022 2718 καὶ
3049 2662 3124 2733 μὴ
3156 2660 3345 2731 ὕϐριζε
3378 2657 3474 2730 τήν
3498 2657 3653 2724 ἀξίαν
3679 2655 3772 2710 διὰ

2192 2752 2288 2824 τὴν
2321 2751 2482 2816 λέξιν.

2263 2886 2324 2932 ε’.
2350 2878 2467 2932 Ἵνα
2492 2877 2548 2930 δὲ
2584 2875 2761 2947 μάθῃς
2783 2871 3046 2946 ἀκριϐῶς,
3066 2868 3228 2925 ὅτιτὸ
3253 2863 3577 2947 ἀπεστάλθαι
3610 2863 3767 2934 παρά

2193 2962 2284 3014 τοῦ
2313 2959 2449 3014 Θεοῦ
2499 2958 2559 3012 οὐ
2587 2946 2822 3029 τὴνάπὸ
2852 2957 3032 3009 τόπων
3077 2955 3156 3016 είς
3195 2951 3391 3014 τόπους
3436 2946 3770 3020 μετάστασιν

2195 3045 2468 3115 σημαίνει,
2496 3041 2631 3096 ἀλλά
2662 3043 2758 3112 τῆς
2805 3038 3114 3108 οἰκονομίας
3142 3037 3240 3107 τὴν
3267 3034 3570 3105 φανέρωσιν
3589 3031 3771 3115 ’,περὶ

2209 3113 2452 3183 Ἰωάννου
2480 3126 2573 3182 τοῦ
2596 3122 2897 3178 Βαπτιστοῦ
2919 3122 3066 3190 λέγει
3089 3121 3147 3174 16
3167 3118 3516 3186 Εὑαγγέλιον,
3540 3113 3635 3168 τοῦ
3663 3114 3771 3168 ἀπὸ

2195 3212 2297 3282 γῆς
2320 3210 2489 3272 ὄντος.
2515 3211 2610 3262 καὶ
2647 3208 2738 3261 ἐπὶ
2765 3209 2867 3277 γῆς
2896 3203 3332 3282 φανερωθέντος;
3369 3198 3632 3271 Ἐγένετο
3668 3201 3772 3252 αν-

2196 3278 2425 3363 θρωπος
2447 3289 2902 3360 ἀπεσταλμένος
2934 3287 3091 3367 παρὰ
3115 3284 3282 3367 Θεοῦ.
3309 3278 3377 3337 Ἀ
3387 3301 3472 3367 ρα-
3495 3283 3590 3367 ἀπ’
3610 3282 3772 3367 οίζρα-
3787 3351 3806 3367 ο

2197 3378 2302 3431 νῶν
2337 3375 2613 3446 ἀπεστάλη
2667 3372 2948 3437 Ἰωάννης;
2985 3366 3093 3441 ἆρα
3129 3366 3332 3422 ἄνωθεν
3363 3365 3619 3437 ὲλήλυθε;
3649 3363 3772 3426 Πῶς

2194 3456 2287 3514 οὖν
2331 3459 2619 3530 έλήλυθεν;
2667 3453 2801 3510 Εἶτα
2845 3455 3131 3526 ἄνθρωπος
3180 3451 3279 3523 μὲν
3311 3449 3773 3518 ἀποστελλόμενος

2194 3545 2296 3597 οὐκ
2327 3542 2434 3596 ἀπὸ
2461 3542 2640 3594 τόπων
2668 3542 2745 3602 εἰς
2773 3537 2968 3602 τόπους
3001 3535 3253 3607 μετέστη,
3274 3532 3409 3586 ἀλλά
3433 3533 3533 3602 τὴν
3569 3533 3772 3584 οἰκονοο

2197 3627 2326 3697 μίαν
2352 3624 2686 3698 ἐνεχειρίσθη
2708 3640 2721 3652 ο
2751 3624 2779 3675 6
2801 3623 2855 3686 δὲ
2885 3621 3018 3685 Θεὸς
3036 3620 3229 3688 Λόγος,
3264 3619 3294 3670 6
3314 3617 3495 3672 πάντα
3523 3614 3770 3688 πληρῶν,

2197 3711 2290 3763 ἐὰν
2314 3710 2444 3782 εἴπῃ
2468 3706 2657 3760 ἑαυτὸν
2687 3704 3111 3775 ἀπεσταλμένον,
3132 3703 3232 3773 τὴν
3262 3700 3424 3770 φύσιν
3449 3699 3662 3770 ὕϐρισε.
3681 3698 3774 3751 καὶ

2194 3794 2255 3846 οὐ
2275 3793 2371 3864 τὴν
2390 3789 2696 3862 οἰκονομίαν
2718 3790 2983 3861 ἐμήνυσεν
3007 3805 3020 3854 ;
3049 3787 3193 3857 Ὅρα
3224 3784 3408 3852 αὐτὸν,
3437 3783 3654 3851 ἀδελφέ,
3681 3783 3774 3836 καί.

2197 3874 2502 3949 πληροῦν-,τα
2518 3875 2616 3944 τῆς
2640 3872 2842 3944 σαρκὸς
2867 3871 2965 3943 τὴν
2993 3869 3325 3940 οἰκονομίαν,
3353 3868 3447 3922 καὶ
3482 3868 3556 3939 μή
3577 3866 3771 3920 καθαι-

2199 3961 2395 4031 ροῦντα
2421 3959 2520 4028 τῆς
2549 3958 2737 4028 θεῖκῆς
2761 3956 3041 4027 δυνάμεως
3067 3955 3165 4026 τὴν
3192 3953 3366 4020 ἀξίαν.
3387 3953 3497 4006 Καὶ
3529 3952 3588 4003 16
3617 3951 3767 4020 ἰερα-

2194 4044 2341 4098 τικὸν
2363 4045 2568 4113 σχῆμα·
2601 4040 2922 4095 Ἀναϐαίνω
2946 4038 3095 4106 πρὸς
3114 4037 3219 4091 τὸν
3247 4033 3477 4102 Πατέρα
3500 4050 3638 4102 μου,
3666 4031 3769 4084 καὶ

2195 4124 2583 4196 παρακαλέσει.
2601 4124 2805 4182 αὐτὸν.
2831 4121 2934 4176 καί
2960 4120 3353 4188 Παράκλητον
3383 4118 3593 4185 πέμψει
3623 4115 3767 4184 ὑμῖν

2196 4207 2351 4282 [319]
2383 4207 2449 4261 τὸ
2481 4205 2724 4275 Πνεῦμα
2749 4204 2860 4275 τῆς
2886 4205 3188 4272 ἀληθείας.
3214 4203 3280 4257 Εἰ
3311 4198 3762 4282 ἀναϐαίνεις

2196 4280 2287 4347 καὶ
2306 4290 2658 4362 παρακαλεῖς,
2673 4291 2767 4344 καὶ
2780 4287 3106 4359 παρακαλῶν
3118 4287 3396 4347 δυσωπεῖς,
3416 4283 3502 4336 καί
3519 4280 3766 4352 μετὰτὴν

2198 4377 2537 4449 παράκλησιν
2565 4372 2911 4436 ἀποστέλλεις
2943 4372 3005 4426 16
3033 4368 3257 4440 Πνεῦμα
3288 4363 3606 4442 (παρακαλῶ
3629 4365 3765 4434 γὰρ,

2195 4461 2349 4534 ἔφης,
2383 4461 2474 4514 καὶ
2499 4458 2761 4528 πέμπω),’
2781 4457 2925 4519 τίνος
2953 4455 3140 4509 ἕνεκεν
3183 4453 3291 4524 πρὸ
3329 4453 3428 4522 τῆς
3455 4449 3773 4534 ἀναϐάσεως

2195 4532 2340 4608 λύείς
2356 4544 2452 4615 τὴν
2473 4543 2565 4596 τοῦ
2586 4541 2798 4611 Πατρὸς
2815 4538 3125 4605 αὐθεντίαν;
3150 4539 3212 4591 Εἰ
3234 4537 3308 4608 μὴ
3326 4536 3599 4596 αὑθεντεῖς
3629 4532 3776 4586 κατά

2194 4629 2292 4698 τήν
2319 4627 2468 4680 θείαν
2483 4624 2658 4690 ἀξίαν,
2682 4624 2794 4678 ἀλλ’
2820 4623 3108 4694 ἀναμένεις
3129 4621 3370 4674 ἀνελθεῖν
3393 4618 3530 4690 πρὸς
3559 4617 3639 4670 εδν
3668 4617 3775 4668 Πα-

2194 4711 2328 4782 τέρα
2374 4713 2452 4775 εἰς
2491 4709 2581 4764 τὸν
2621 4706 2868 4780 οὐρανὸν,
2902 4707 2996 4758 καὶ
3046 4704 3391 4775 παράκλησιν
3427 4704 3521 4756 καὶ
3556 4701 3771 4754 ἱκεσίαν

2197 4795 2512 4864 προσάγειν,
2535 4793 2625 4847 καὶ
2650 4791 2791 4844 οὓτω
2814 4790 2998 4844 λαϐεῖν
3019 4788 3110 4842 τοῦ
3136 4788 3272 4842 Πνεύ
3282 4803 3448 4858 ματος
3471 4785 3570 4857 τήν
3588 4785 3770 4855 χάριν,

2197 4878 2292 4933 καὶ
2318 4879 2395 4940 είς
2419 4879 2595 4930 πᾶσαν
2621 4873 2898 4946 ἐκπέμψαι
2923 4873 3021 4945 τὴν
3045 4873 3390 4943 οἰκουμένην,
3418 4871 3562 4930 τίνος
3585 4870 3771 4921 ἕνεκεν

2198 4963 2326 5034 πρὶν
2347 4961 2572 5030 ἀναϐᾔς,
2608 4962 2734 5030 πρὶν
2772 4957 3177 5030 παρακαλέσῃς,
3203 4955 3408 5009 οἰκείαν
3433 4953 3771 5007 ὲνδείκνυσαι

2197 5044 2294 5116 τὴν
2328 5042 2648 5108 αὑθεντίανς
2695 5041 2782 5095 διὰ
2809 5041 2861 5094 τί
2890 5041 2996 5112 πρὸ
3036 5041 3132 5110 τῆς
3155 5038 3492 5108 ἀναλήψεως,
3533 5036 3771 5098 ἀναστάς

2199 5133 2263 5185 ὲκ
2292 5132 2517 5203 νεκρῶν,
2553 5129 2889 5201 ἐνεφύσησας
2917 5130 2997 5187 εἰς
3021 5127 3088 5179 16
3118 5126 3381 5197 πρόσωπα
3411 5125 3520 5177 τῶν
3541 5124 3773 5178 ἀποστό-

2198 5221 2323 5285 λων,
2370 5220 2463 5274 καί
2493 5219 2690 5287 λέγεις,
2725 5217 2945 5273 Λάϐετε
2982 5215 3221 5284 Πνεῦμα
3258 5214 3463 5284 ᾶγιον;
3500 5215 3568 5267 Ὃ
3600 5214 3772 5276 αἰτεῖς

2200 5309 2350 5381 παρά
2384 5307 2615 5380 Πατρός,
2648 5308 2772 5378 πρὶν
2797 5304 3075 5377 ἱκετεύσῃς
3097 5304 3335 5371 Πατέρα,
3359 5302 3535 5365 δίδως.
3559 5301 3772 5356 Οὐκοῦν

2198 5397 2458 5470 εἰρωνεύῃ
2486 5397 2585 5468 τὴν
2616 5397 2858 5466 αἴτησιν;
2883 5395 2997 5447 Οὐκ
3026 5390 3402 5464 εἰρωνεύομαι,
3444 5389 3640 5460 φησίν·
3671 5389 3772 5442 οὐκ

2199 5483 2447 5556 ἔστιγὰρ
2498 5484 2750 5556 εἰρωνεία
2785 5481 2934 5553 παρά
2978 5483 3044 5551 τῇ
3087 5480 3346 5550 ἀληθεία·
3392 5477 3532 5532 ἀλλά
3575 5478 3637 5530 τὸ
3672 5477 3770 5548 μὲν

2197 5574 2471 5645 ἥρμοσται
2504 5576 2568 5644 τῇ
2601 5571 2749 5644 ἀξίᾳ,
2773 5571 2833 5625 τὸ
2859 5570 2916 5624 δὲ
2943 5568 3142 5640 πρέπει
3170 5570 3236 5639 τῇ
3266 5565 3566 5638 οἰκονομίᾳ.
3597 5565 3695 5619 Διά
3718 5564 3769 5618 τί

2195 5658 2288 5717 οὖν
2318 5663 2654 5734 ὲνεφὺσησας
2703 5663 2782 5725 είς
2830 5660 2898 5713 τά
2951 5659 3220 5729 πρόσωπα
3267 5655 3376 5708 τῶν
3422 5655 3769 5719 ἀποστόλωνς

2200 5750 2346 5804 Ἔδει
2382 5767 2471 5820 με,
2501 5750 2664 5819 φησὶν
2686 5750 2715 5802 6
2745 5747 2958 5819 Σωτὴρ,
2985 5745 3292 5800 ἀναστάντα
3319 5745 3381 5797 ὲκ
3409 5742 3519 5796 τῶν
3538 5740 3770 5814 νεκρῶν,

2197 5835 2292 5906 τὴν
2313 5836 2562 5906 ἀπαρχὴν
2584 5835 2681 5904 τῆς
2703 5835 2845 5901 ζωῆς
2866 5835 2942 5901 τῷ
2967 5833 3154 5901 κόσμῳ
3177 5829 3521 5900 χαρίσασθαι.
3551 5826 3776 5884 Ἐπειῆ
