  <div class='ocr_page' id='page_1' title='image "/cluster/home/n/w/nwhite01/storage/ocr_20150623/56/mdp.39015028574351/498.png"; bbox 0 0 4126 6326; ppageno 0'>
   <div class='ocr_carea' id='block_1_1' title="bbox 330 375 444 433">
    <p class='ocr_par' dir='ltr' id='par_1_1' title="bbox 330 375 444 433">
     <span class='ocr_line' id='line_1_1' title="bbox 330 375 444 433; baseline 0 0"><span class='ocrx_word' id='word_1_1' title='bbox 330 375 444 433; x_wconf 71' lang='lat'><strong>505</strong></span> 
     </span>
    </p>
   </div>
   <div class='ocr_carea' id='block_1_2' title="bbox 337 483 1919 557">
    <p class='ocr_par' dir='ltr' id='par_1_2' title="bbox 337 483 1919 557">
     <span class='ocr_line' id='line_1_2' title="bbox 337 483 1919 557; baseline -0.006 -11"><span class='ocrx_word' id='word_1_2' title='bbox 337 501 425 546; x_wconf 86' lang='lat' dir='ltr'><strong>cta</strong></span> <span class='ocrx_word' id='word_1_3' title='bbox 463 496 569 553; x_wconf 85' lang='lat' dir='ltr'><strong>est,</strong></span> <span class='ocrx_word' id='word_1_4' title='bbox 610 500 802 543; x_wconf 78' lang='lat' dir='ltr'><strong>sensus</strong></span> <span class='ocrx_word' id='word_1_5' title='bbox 830 494 972 542; x_wconf 80' lang='lat' dir='ltr'><strong>tuos</strong></span> <span class='ocrx_word' id='word_1_6' title='bbox 1013 484 1301 557; x_wconf 87' lang='lat' dir='ltr'><strong>deprimat,</strong></span> <span class='ocrx_word' id='word_1_7' title='bbox 1346 483 1442 540; x_wconf 89' lang='lat' dir='ltr'><strong>sed</strong></span> <span class='ocrx_word' id='word_1_8' title='bbox 1485 484 1784 553; x_wconf 75' lang='lat' dir='ltr'><strong>benignitas</strong></span> <span class='ocrx_word' id='word_1_9' title='bbox 1826 484 1919 538; x_wconf 81' lang='lat' dir='ltr'><strong>illa</strong></span> 
     </span>
    </p>
   </div>
   <div class='ocr_carea' id='block_1_3' title="bbox 339 573 1920 651">
    <p class='ocr_par' dir='ltr' id='par_1_3' title="bbox 339 573 1920 651">
     <span class='ocr_line' id='line_1_3' title="bbox 339 573 1920 651; baseline -0.006 -13"><span class='ocrx_word' id='word_1_10' title='bbox 339 581 562 647; x_wconf 76' lang='lat' dir='ltr'><strong>Christi,</strong></span> <span class='ocrx_word' id='word_1_11' title='bbox 589 579 681 651; x_wconf 88' lang='lat' dir='ltr'><strong>qui</strong></span> <span class='ocrx_word' id='word_1_12' title='bbox 712 591 765 634; x_wconf 90' lang='lat' dir='ltr'><strong>te</strong></span> <span class='ocrx_word' id='word_1_13' title='bbox 793 578 1044 644; x_wconf 76' lang='lat' dir='ltr'><strong>servavit,</strong></span> <span class='ocrx_word' id='word_1_14' title='bbox 1075 586 1310 633; x_wconf 92' lang='lat' dir='ltr'><strong>mentem</strong></span> <span class='ocrx_word' id='word_1_15' title='bbox 1341 584 1486 632; x_wconf 83' lang='lat' dir='ltr'><strong>tuam</strong></span> <span class='ocrx_word' id='word_1_16' title='bbox 1513 575 1750 631; x_wconf 72' lang='lat' dir='ltr'><strong>extollat.</strong></span> <span class='ocrx_word' id='word_1_17' title='bbox 1772 573 1920 630; x_wconf 79' lang='lat' dir='ltr'><strong>Crux</strong></span> 
     </span>
    </p>
   </div>
   <div class='ocr_carea' id='block_1_4' title="bbox 338 666 1919 742">
    <p class='ocr_par' dir='ltr' id='par_1_4' title="bbox 338 666 1919 742">
     <span class='ocr_line' id='line_1_4' title="bbox 338 666 1919 742; baseline -0.004 -16"><span class='ocrx_word' id='word_1_18' title='bbox 338 672 553 742; x_wconf 81' lang='lat' dir='ltr'><strong>quidem</strong></span> <span class='ocrx_word' id='word_1_19' title='bbox 576 679 796 739; x_wconf 93' lang='lat' dir='ltr'><strong>propter</strong></span> <span class='ocrx_word' id='word_1_20' title='bbox 821 679 893 732; x_wconf 87' lang='lat' dir='ltr'><strong>te,</strong></span> <span class='ocrx_word' id='word_1_21' title='bbox 925 669 1179 737; x_wconf 86' lang='lat' dir='ltr'><strong>majestas</strong></span> <span class='ocrx_word' id='word_1_22' title='bbox 1208 682 1335 723; x_wconf 89' lang='lat' dir='ltr'><strong>vero</strong></span> <span class='ocrx_word' id='word_1_23' title='bbox 1364 666 1461 721; x_wconf 89' lang='lat' dir='ltr'><strong>Dei</strong></span> <span class='ocrx_word' id='word_1_24' title='bbox 1487 677 1705 736; x_wconf 86' lang='lat' dir='ltr'><strong>propter</strong></span> <span class='ocrx_word' id='word_1_25' title='bbox 1724 666 1919 736; x_wconf 90' lang='lat' dir='ltr'><strong>ipsum.</strong></span> 
     </span>
    </p>
   </div>
   <div class='ocr_carea' id='block_1_5' title="bbox 340 758 1921 835">
    <p class='ocr_par' dir='ltr' id='par_1_5' title="bbox 340 758 1921 835">
     <span class='ocr_line' id='line_1_5' title="bbox 340 758 1921 835; baseline -0.006 -14"><span class='ocrx_word' id='word_1_26' title='bbox 340 766 585 835; x_wconf 73' lang='lat' dir='ltr'><strong>Maiestas</strong></span> <span class='ocrx_word' id='word_1_27' title='bbox 613 763 789 818; x_wconf 86' lang='lat' dir='ltr'><strong>divina</strong></span> <span class='ocrx_word' id='word_1_28' title='bbox 818 762 958 817; x_wconf 91' lang='lat' dir='ltr'><strong>nulla</strong></span> <span class='ocrx_word' id='word_1_29' title='bbox 984 762 1226 816; x_wconf 86' lang='lat' dir='ltr'><strong>oratione</strong></span> <span class='ocrx_word' id='word_1_30' title='bbox 1247 759 1580 829; x_wconf 78' lang='lat' dir='ltr'><strong>amplificari,</strong></span> <span class='ocrx_word' id='word_1_31' title='bbox 1603 758 1745 813; x_wconf 84' lang='lat' dir='ltr'><strong>nulla</strong></span> <span class='ocrx_word' id='word_1_32' title='bbox 1761 758 1921 814; x_wconf 84' lang='lat' dir='ltr'><strong>etiam</strong></span> 
     </span>
    </p>
   </div>
   <div class='ocr_carea' id='block_1_6' title="bbox 338 851 1922 928">
    <p class='ocr_par' dir='ltr' id='par_1_6' title="bbox 338 851 1922 928">
     <span class='ocr_line' id='line_1_6' title="bbox 338 851 1922 928; baseline -0.004 -17"><span class='ocrx_word' id='word_1_33' title='bbox 338 859 497 927; x_wconf 81' lang='lat' dir='ltr'><strong>dejici</strong></span> <span class='ocrx_word' id='word_1_34' title='bbox 535 866 745 928; x_wconf 83' lang='lat' dir='ltr'><strong>potest:</strong></span> <span class='ocrx_word' id='word_1_35' title='bbox 773 854 871 911; x_wconf 79' lang='lat' dir='ltr'><strong>sed</strong></span> <span class='ocrx_word' id='word_1_36' title='bbox 912 854 999 926; x_wconf 88' lang='lat' dir='ltr'><strong>qui</strong></span> <span class='ocrx_word' id='word_1_37' title='bbox 1029 854 1260 924; x_wconf 82' lang='lat' dir='ltr'><strong>dejicere</strong></span> <span class='ocrx_word' id='word_1_38' title='bbox 1284 853 1520 920; x_wconf 84' lang='lat' dir='ltr'><strong>student,</strong></span> <span class='ocrx_word' id='word_1_39' title='bbox 1551 854 1761 923; x_wconf 90' lang='lat' dir='ltr'><strong>seipsos</strong></span> <span class='ocrx_word' id='word_1_40' title='bbox 1783 851 1922 921; x_wconf 79' lang='lat' dir='ltr'><strong>deji-</strong></span> 
     </span>
    </p>
   </div>
   <div class='ocr_carea' id='block_1_7' title="bbox 339 946 1922 1019">
    <p class='ocr_par' dir='ltr' id='par_1_7' title="bbox 339 946 1922 1019">
     <span class='ocr_line' id='line_1_7' title="bbox 339 946 1922 1019; baseline -0.004 -14"><span class='ocrx_word' id='word_1_41' title='bbox 339 954 522 1015; x_wconf 69' lang='lat' dir='ltr'><strong>ciunt;</strong></span> <span class='ocrx_word' id='word_1_42' title='bbox 550 951 638 1019; x_wconf 89' lang='lat' dir='ltr'><strong>qui</strong></span> <span class='ocrx_word' id='word_1_43' title='bbox 671 964 797 1005; x_wconf 87' lang='lat' dir='ltr'><strong>vero</strong></span> <span class='ocrx_word' id='word_1_44' title='bbox 825 948 990 1003; x_wconf 80' lang='lat' dir='ltr'><strong>Deum</strong></span> <span class='ocrx_word' id='word_1_45' title='bbox 1022 947 1267 1002; x_wconf 89' lang='lat' dir='ltr'><strong>laudibus</strong></span> <span class='ocrx_word' id='word_1_46' title='bbox 1291 946 1544 1013; x_wconf 82' lang='lat' dir='ltr'><strong>evehunt,</strong></span> <span class='ocrx_word' id='word_1_47' title='bbox 1584 962 1644 1001; x_wconf 88' lang='lat' dir='ltr'><strong>se</strong></span> <span class='ocrx_word' id='word_1_48' title='bbox 1674 947 1799 1001; x_wconf 85' lang='lat' dir='ltr'><strong>licet</strong></span> <span class='ocrx_word' id='word_1_49' title='bbox 1834 946 1922 1000; x_wconf 82' lang='lat' dir='ltr'><strong>in—</strong></span> 
     </span>
    </p>
   </div>
   <div class='ocr_carea' id='block_1_8' title="bbox 339 1037 1920 1113">
    <p class='ocr_par' dir='ltr' id='par_1_8' title="bbox 339 1037 1920 1113">
     <span class='ocr_line' id='line_1_8' title="bbox 339 1037 1920 1113; baseline -0.004 -15"><span class='ocrx_word' id='word_1_50' title='bbox 339 1044 526 1113; x_wconf 90' lang='lat' dir='ltr'><strong>dignos</strong></span> <span class='ocrx_word' id='word_1_51' title='bbox 569 1043 621 1099; x_wconf 88' lang='lat' dir='ltr'><strong>in</strong></span> <span class='ocrx_word' id='word_1_52' title='bbox 649 1043 813 1097; x_wconf 85' lang='lat' dir='ltr'><strong>altum</strong></span> <span class='ocrx_word' id='word_1_53' title='bbox 840 1040 1120 1097; x_wconf 81' lang='lat' dir='ltr'><strong>extollunt.</strong></span> <span class='ocrx_word' id='word_1_54' title='bbox 1160 1039 1539 1108; x_wconf 84' lang='lat' dir='ltr'><strong>Quamobrem,</strong></span> <span class='ocrx_word' id='word_1_55' title='bbox 1578 1046 1637 1092; x_wconf 92' lang='lat' dir='ltr'><strong>ut</strong></span> <span class='ocrx_word' id='word_1_56' title='bbox 1667 1037 1920 1108; x_wconf 79' lang='lat' dir='ltr'><strong>priusdi-</strong></span> 
     </span>
    </p>
   </div>
   <div class='ocr_carea' id='block_1_9' title="bbox 340 1130 1917 1205">
    <p class='ocr_par' dir='ltr' id='par_1_9' title="bbox 340 1130 1917 1205">
     <span class='ocr_line' id='line_1_9' title="bbox 340 1130 1917 1205; baseline -0.005 -13"><span class='ocrx_word' id='word_1_57' title='bbox 340 1139 612 1201; x_wconf 87' lang='lat' dir='ltr'><strong>cchamus,</strong></span> <span class='ocrx_word' id='word_1_58' title='bbox 643 1137 731 1205; x_wconf 85' lang='lat' dir='ltr'><strong>qui</strong></span> <span class='ocrx_word' id='word_1_59' title='bbox 760 1134 1207 1200; x_wconf 81' lang='lat' dir='ltr'><strong>incarnationem,</strong></span> <span class='ocrx_word' id='word_1_60' title='bbox 1248 1132 1342 1203; x_wconf 89' lang='lat' dir='ltr'><strong>qui</strong></span> <span class='ocrx_word' id='word_1_61' title='bbox 1370 1131 1690 1202; x_wconf 84' lang='lat' dir='ltr'><strong>theologiam</strong></span> <span class='ocrx_word' id='word_1_62' title='bbox 1718 1130 1917 1199; x_wconf 84' lang='lat' dir='ltr'><strong>laudat,</strong></span> 
     </span>
    </p>
   </div>
   <div class='ocr_carea' id='block_1_10' title="bbox 338 1224 1919 1300">
    <p class='ocr_par' dir='ltr' id='par_1_10' title="bbox 338 1224 1919 1300">
     <span class='ocr_line' id='line_1_10' title="bbox 338 1224 1919 1300; baseline -0.006 -12"><span class='ocrx_word' id='word_1_63' title='bbox 338 1234 393 1288; x_wconf 93' lang='lat' dir='ltr'><strong>in</strong></span> <span class='ocrx_word' id='word_1_64' title='bbox 423 1234 523 1289; x_wconf 90' lang='lat' dir='ltr'><strong>hac</strong></span> <span class='ocrx_word' id='word_1_65' title='bbox 552 1232 812 1288; x_wconf 86' lang='lat' dir='ltr'><strong>sententia</strong></span> <span class='ocrx_word' id='word_1_66' title='bbox 840 1238 1115 1285; x_wconf 73' lang='lat' dir='ltr'><strong>versatur:</strong></span> <span class='ocrx_word' id='word_1_67' title='bbox 1146 1228 1400 1300; x_wconf 91' lang='lat' dir='ltr'><strong>quoniam</strong></span> <span class='ocrx_word' id='word_1_68' title='bbox 1440 1241 1573 1281; x_wconf 91' lang='lat' dir='ltr'><strong>vero</strong></span> <span class='ocrx_word' id='word_1_69' title='bbox 1598 1224 1795 1296; x_wconf 88' lang='lat' dir='ltr'><strong>aliquid</strong></span> <span class='ocrx_word' id='word_1_70' title='bbox 1822 1224 1919 1280; x_wconf 90' lang='lat' dir='ltr'><strong>de-</strong></span> 
     </span>
    </p>
   </div>
   <div class='ocr_carea' id='block_1_11' title="bbox 338 1315 1923 1393">
    <p class='ocr_par' dir='ltr' id='par_1_11' title="bbox 338 1315 1923 1393">
     <span class='ocr_line' id='line_1_11' title="bbox 338 1315 1923 1393; baseline -0.006 -13"><span class='ocrx_word' id='word_1_71' title='bbox 338 1338 454 1380; x_wconf 86' lang='lat' dir='ltr'><strong>erat</strong></span> <span class='ocrx_word' id='word_1_72' title='bbox 476 1326 564 1391; x_wconf 86' lang='lat' dir='ltr'><strong>iis,</strong></span> <span class='ocrx_word' id='word_1_73' title='bbox 586 1341 703 1393; x_wconf 71' lang='lat' dir='ltr'><strong>qua:</strong></span> <span class='ocrx_word' id='word_1_74' title='bbox 730 1324 846 1379; x_wconf 88' lang='lat' dir='ltr'><strong>heri</strong></span> <span class='ocrx_word' id='word_1_75' title='bbox 874 1322 1241 1388; x_wconf 81' lang='lat' dir='ltr'><strong>tractavimus,</strong></span> <span class='ocrx_word' id='word_1_76' title='bbox 1268 1320 1408 1376; x_wconf 87' lang='lat' dir='ltr'><strong>circa</strong></span> <span class='ocrx_word' id='word_1_77' title='bbox 1440 1318 1569 1373; x_wconf 92' lang='lat' dir='ltr'><strong>illud</strong></span> <span class='ocrx_word' id='word_1_78' title='bbox 1597 1318 1831 1389; x_wconf 89' lang='lat' dir='ltr'><strong>quidem,</strong></span> <span class='ocrx_word' id='word_1_79' title='bbox 1853 1315 1923 1372; x_wconf 78' lang='lat' dir='ltr'><strong>Ut</strong></span> 
     </span>
    </p>
   </div>
   <div class='ocr_carea' id='block_1_12' title="bbox 337 1409 1922 1488">
    <p class='ocr_par' dir='ltr' id='par_1_12' title="bbox 337 1409 1922 1488">
     <span class='ocr_line' id='line_1_12' title="bbox 337 1409 1922 1488; baseline -0.004 -18"><span class='ocrx_word' id='word_1_80' title='bbox 337 1427 643 1488; x_wconf 76' lang='lat' dir='ltr'><strong>cognoscant</strong></span> <span class='ocrx_word' id='word_1_81' title='bbox 676 1424 727 1471; x_wconf 80' lang='lat' dir='ltr'><strong>te</strong></span> <span class='ocrx_word' id='word_1_82' title='bbox 765 1415 928 1470; x_wconf 63' lang='lat' dir='ltr'><strong>totum</strong></span> <span class='ocrx_word' id='word_1_83' title='bbox 954 1430 1128 1469; x_wconf 79' lang='lat' dir='ltr'><strong>verum</strong></span> <span class='ocrx_word' id='word_1_84' title='bbox 1154 1412 1317 1467; x_wconf 83' lang='lat' dir='ltr'><strong>Deum</strong></span> <span class='ocrx_word' id='word_1_85' title='bbox 1346 1421 1393 1467; x_wconf 77' lang='lat' dir='ltr'><strong>et</strong></span> <span class='ocrx_word' id='word_1_86' title='bbox 1436 1410 1709 1465; x_wconf 87' lang='lat' dir='ltr'><strong>Dominum</strong></span> <span class='ocrx_word' id='word_1_87' title='bbox 1744 1409 1922 1465; x_wconf 80' lang='lat' dir='ltr'><strong>Iesum</strong></span> 
     </span>
    </p>
   </div>
   <div class='ocr_carea' id='block_1_13' title="bbox 338 1502 1923 1582">
    <p class='ocr_par' dir='ltr' id='par_1_13' title="bbox 338 1502 1923 1582">
     <span class='ocr_line' id='line_1_13' title="bbox 338 1502 1923 1582; baseline -0.003 -23"><span class='ocrx_word' id='word_1_88' title='bbox 338 1509 594 1562; x_wconf 77' lang='lat' dir='ltr'><strong>Christum</strong></span> <span class='ocrx_word' id='word_1_89' title='bbox 624 1506 801 1582; x_wconf 83' lang='lat' dir='ltr'><strong>(Joan.</strong></span> <span class='ocrx_word' id='word_1_90' title='bbox 834 1507 921 1561; x_wconf 80' lang='grc'><strong>17.</strong></span> <span class='ocrx_word' id='word_1_91' title='bbox 951 1506 1043 1577; x_wconf 81' lang='grc'><strong>5);</strong></span> <span class='ocrx_word' id='word_1_92' title='bbox 1071 1521 1133 1560; x_wconf 92' lang='lat' dir='ltr'><strong>ac</strong></span> <span class='ocrx_word' id='word_1_93' title='bbox 1156 1505 1300 1560; x_wconf 87' lang='lat' dir='ltr'><strong>circa</strong></span> <span class='ocrx_word' id='word_1_94' title='bbox 1328 1503 1453 1558; x_wconf 87' lang='lat' dir='ltr'><strong>illud</strong></span> <span class='ocrx_word' id='word_1_95' title='bbox 1475 1504 1711 1574; x_wconf 86' lang='lat' dir='ltr'><strong>quidem,</strong></span> <span class='ocrx_word' id='word_1_96' title='bbox 1740 1502 1923 1557; x_wconf 81' lang='lat' dir='ltr'><strong>Solum</strong></span> 
     </span>
    </p>
   </div>
   <div class='ocr_carea' id='block_1_14' title="bbox 337 1595 1920 1668">
    <p class='ocr_par' dir='ltr' id='par_1_14' title="bbox 337 1595 1920 1668">
     <span class='ocr_line' id='line_1_14' title="bbox 337 1595 1920 1668; baseline -0.004 -13"><span class='ocrx_word' id='word_1_97' title='bbox 337 1618 507 1657; x_wconf 78' lang='lat' dir='ltr'><strong>verum</strong></span> <span class='ocrx_word' id='word_1_98' title='bbox 554 1601 735 1664; x_wconf 83' lang='lat' dir='ltr'><strong>Deum,</strong></span> <span class='ocrx_word' id='word_1_99' title='bbox 772 1599 997 1668; x_wconf 58' lang='lat' dir='ltr'><strong>prolatas</strong></span> <span class='ocrx_word' id='word_1_100' title='bbox 1036 1607 1161 1653; x_wconf 91' lang='lat' dir='ltr'><strong>sunt</strong></span> <span class='ocrx_word' id='word_1_101' title='bbox 1202 1596 1495 1667; x_wconf 76' lang='lat' dir='ltr'><strong>prophetim</strong></span> <span class='ocrx_word' id='word_1_102' title='bbox 1536 1605 1592 1650; x_wconf 89' lang='lat' dir='ltr'><strong>et</strong></span> <span class='ocrx_word' id='word_1_103' title='bbox 1620 1595 1920 1649; x_wconf 85' lang='lat' dir='ltr'><strong>testimonia</strong></span> 
     </span>
    </p>
   </div>
   <div class='ocr_carea' id='block_1_15' title="bbox 338 1687 1919 1765">
    <p class='ocr_par' dir='ltr' id='par_1_15' title="bbox 338 1687 1919 1765">
     <span class='ocr_line' id='line_1_15' title="bbox 338 1687 1919 1765; baseline -0.004 -18"><span class='ocrx_word' id='word_1_104' title='bbox 338 1694 478 1765; x_wconf 87' lang='lat' dir='ltr'><strong>quod</strong></span> <span class='ocrx_word' id='word_1_105' title='bbox 511 1693 674 1749; x_wconf 82' lang='lat' dir='ltr'><strong>Filius</strong></span> <span class='ocrx_word' id='word_1_106' title='bbox 701 1692 851 1747; x_wconf 89' lang='lat' dir='ltr'><strong>solus</strong></span> <span class='ocrx_word' id='word_1_107' title='bbox 875 1705 1036 1746; x_wconf 89' lang='lat' dir='ltr'><strong>verus</strong></span> <span class='ocrx_word' id='word_1_108' title='bbox 1064 1691 1201 1755; x_wconf 88' lang='lat' dir='ltr'><strong>Deus</strong></span> <span class='ocrx_word' id='word_1_109' title='bbox 1231 1689 1327 1753; x_wconf 90' lang='lat' dir='ltr'><strong>sit;</strong></span> <span class='ocrx_word' id='word_1_110' title='bbox 1353 1688 1709 1743; x_wconf 89' lang='lat' dir='ltr'><strong>necessarium</strong></span> <span class='ocrx_word' id='word_1_111' title='bbox 1736 1687 1919 1742; x_wconf 80' lang='lat' dir='ltr'><strong>existi-</strong></span> 
     </span>
    </p>
   </div>
   <div class='ocr_carea' id='block_1_16' title="bbox 340 1780 1920 1852">
    <p class='ocr_par' dir='ltr' id='par_1_16' title="bbox 340 1780 1920 1852">
     <span class='ocr_line' id='line_1_16' title="bbox 340 1780 1920 1852; baseline -0.004 -10"><span class='ocrx_word' id='word_1_112' title='bbox 340 1803 431 1842; x_wconf 85' lang='lat' dir='ltr'><strong>mo</strong></span> <span class='ocrx_word' id='word_1_113' title='bbox 463 1786 605 1840; x_wconf 87' lang='lat' dir='ltr'><strong>illius</strong></span> <span class='ocrx_word' id='word_1_114' title='bbox 643 1785 767 1839; x_wconf 84' lang='lat' dir='ltr'><strong>dicti</strong></span> <span class='ocrx_word' id='word_1_115' title='bbox 812 1785 918 1838; x_wconf 87' lang='lat' dir='ltr'><strong>vim</strong></span> <span class='ocrx_word' id='word_1_116' title='bbox 964 1784 1262 1852; x_wconf 77' lang='lat' dir='ltr'><strong>explorare.</strong></span> <span class='ocrx_word' id='word_1_117' title='bbox 1296 1781 1477 1851; x_wconf 73' lang='lat' dir='ltr'><strong>Atqui,</strong></span> <span class='ocrx_word' id='word_1_118' title='bbox 1508 1782 1583 1835; x_wconf 91' lang='lat' dir='ltr'><strong>ait</strong></span> <span class='ocrx_word' id='word_1_119' title='bbox 1614 1780 1920 1847; x_wconf 67' lang='lat' dir='ltr'><strong>haereticus,</strong></span> 
     </span>
    </p>
   </div>
   <div class='ocr_carea' id='block_1_17' title="bbox 339 1871 1924 1948">
    <p class='ocr_par' dir='ltr' id='par_1_17' title="bbox 339 1871 1924 1948">
     <span class='ocr_line' id='line_1_17' title="bbox 339 1871 1924 1948; baseline -0.003 -18"><span class='ocrx_word' id='word_1_120' title='bbox 339 1877 468 1948; x_wconf 89' lang='lat' dir='ltr'><strong>quid</strong></span> <span class='ocrx_word' id='word_1_121' title='bbox 495 1889 643 1948; x_wconf 90' lang='lat' dir='ltr'><strong>potes</strong></span> <span class='ocrx_word' id='word_1_122' title='bbox 664 1876 730 1930; x_wconf 90' lang='lat' dir='ltr'><strong>de</strong></span> <span class='ocrx_word' id='word_1_123' title='bbox 755 1876 1011 1930; x_wconf 84' lang='lat' dir='ltr'><strong>missione</strong></span> <span class='ocrx_word' id='word_1_124' title='bbox 1045 1875 1132 1928; x_wconf 91' lang='lat' dir='ltr'><strong>illa</strong></span> <span class='ocrx_word' id='word_1_125' title='bbox 1165 1873 1380 1928; x_wconf 87' lang='lat' dir='ltr'><strong>dicere?</strong></span> <span class='ocrx_word' id='word_1_126' title='bbox 1411 1873 1616 1927; x_wconf 88' lang='lat' dir='ltr'><strong>Diserte</strong></span> <span class='ocrx_word' id='word_1_127' title='bbox 1632 1873 1775 1926; x_wconf 91' lang='lat' dir='ltr'><strong>enim</strong></span> <span class='ocrx_word' id='word_1_128' title='bbox 1791 1871 1924 1926; x_wconf 88' lang='lat' dir='ltr'><strong>scri-</strong></span> 
     </span>
    </p>
   </div>
   <div class='ocr_carea' id='block_1_18' title="bbox 341 1962 1923 2039">
    <p class='ocr_par' dir='ltr' id='par_1_18' title="bbox 341 1962 1923 2039">
     <span class='ocr_line' id='line_1_18' title="bbox 341 1962 1923 2039; baseline -0.003 -19"><span class='ocrx_word' id='word_1_129' title='bbox 341 1977 490 2039; x_wconf 80' lang='lat' dir='ltr'><strong>ptum</strong></span> <span class='ocrx_word' id='word_1_130' title='bbox 521 1976 624 2034; x_wconf 87' lang='lat' dir='ltr'><strong>est,</strong></span> <span class='ocrx_word' id='word_1_131' title='bbox 654 1966 719 2020; x_wconf 89' lang='lat' dir='ltr'><strong>Et</strong></span> <span class='ocrx_word' id='word_1_132' title='bbox 746 1982 892 2035; x_wconf 86' lang='lat' dir='ltr'><strong>quem</strong></span> <span class='ocrx_word' id='word_1_133' title='bbox 916 1965 1094 2019; x_wconf 85' lang='lat' dir='ltr'><strong>misisti</strong></span> <span class='ocrx_word' id='word_1_134' title='bbox 1113 1963 1290 2018; x_wconf 80' lang='lat' dir='ltr'><strong>Jesum</strong></span> <span class='ocrx_word' id='word_1_135' title='bbox 1311 1963 1583 2018; x_wconf 75' lang='lat' dir='ltr'><strong>Christum.</strong></span> <span class='ocrx_word' id='word_1_136' title='bbox 1614 1963 1696 2017; x_wconf 87' lang='lat' dir='ltr'><strong>An</strong></span> <span class='ocrx_word' id='word_1_137' title='bbox 1718 1962 1807 2032; x_wconf 91' lang='lat' dir='ltr'><strong>qui</strong></span> <span class='ocrx_word' id='word_1_138' title='bbox 1826 1962 1923 2016; x_wconf 87' lang='lat' dir='ltr'><strong>mi-</strong></span> 
     </span>
    </p>
   </div>
   <div class='ocr_carea' id='block_1_19' title="bbox 342 2054 1921 2128">
    <p class='ocr_par' dir='ltr' id='par_1_19' title="bbox 342 2054 1921 2128">
     <span class='ocr_line' id='line_1_19' title="bbox 342 2054 1921 2128; baseline -0.004 -14"><span class='ocrx_word' id='word_1_139' title='bbox 342 2062 413 2114; x_wconf 87' lang='lat' dir='ltr'><strong>sit</strong></span> <span class='ocrx_word' id='word_1_140' title='bbox 451 2074 629 2128; x_wconf 88' lang='lat' dir='ltr'><strong>parem</strong></span> <span class='ocrx_word' id='word_1_141' title='bbox 656 2072 775 2113; x_wconf 90' lang='lat' dir='ltr'><strong>cum</strong></span> <span class='ocrx_word' id='word_1_142' title='bbox 807 2058 973 2112; x_wconf 91' lang='lat' dir='ltr'><strong>misso</strong></span> <span class='ocrx_word' id='word_1_143' title='bbox 1000 2058 1220 2112; x_wconf 83' lang='lat' dir='ltr'><strong>sortitur</strong></span> <span class='ocrx_word' id='word_1_144' title='bbox 1262 2056 1555 2110; x_wconf 82' lang='lat' dir='ltr'><strong>honorem?</strong></span> <span class='ocrx_word' id='word_1_145' title='bbox 1601 2054 1725 2111; x_wconf 79' lang='lat' dir='ltr'><strong>llaec</strong></span> <span class='ocrx_word' id='word_1_146' title='bbox 1766 2057 1811 2111; x_wconf 89' lang='lat' dir='ltr'><strong>si</strong></span> <span class='ocrx_word' id='word_1_147' title='bbox 1853 2056 1921 2109; x_wconf 88' lang='lat' dir='ltr'><strong>ita</strong></span> 
     </span>
    </p>
   </div>
   <div class='ocr_carea' id='block_1_20' title="bbox 345 2149 1923 2218">
    <p class='ocr_par' dir='ltr' id='par_1_20' title="bbox 345 2149 1923 2218">
     <span class='ocr_line' id='line_1_20' title="bbox 345 2149 1923 2218; baseline -0.002 -12"><span class='ocrx_word' id='word_1_148' title='bbox 345 2153 509 2218; x_wconf 68' lang='lat' dir='ltr'><strong>legas,</strong></span> <span class='ocrx_word' id='word_1_149' title='bbox 544 2161 600 2206; x_wconf 90' lang='lat' dir='ltr'><strong>ut</strong></span> <span class='ocrx_word' id='word_1_150' title='bbox 625 2151 791 2206; x_wconf 72' lang='lat' dir='ltr'><strong>litem</strong></span> <span class='ocrx_word' id='word_1_151' title='bbox 810 2152 1030 2215; x_wconf 85' lang='lat' dir='ltr'><strong>servias,</strong></span> <span class='ocrx_word' id='word_1_152' title='bbox 1060 2158 1117 2203; x_wconf 92' lang='lat' dir='ltr'><strong>ut</strong></span> <span class='ocrx_word' id='word_1_153' title='bbox 1142 2165 1297 2218; x_wconf 86' lang='lat' dir='ltr'><strong>supra</strong></span> <span class='ocrx_word' id='word_1_154' title='bbox 1326 2149 1577 2214; x_wconf 83' lang='lat' dir='ltr'><strong>diximus,</strong></span> <span class='ocrx_word' id='word_1_155' title='bbox 1602 2164 1742 2218; x_wconf 66' lang='lat' dir='ltr'><strong>smpe</strong></span> <span class='ocrx_word' id='word_1_156' title='bbox 1762 2149 1923 2204; x_wconf 81' lang='lat' dir='ltr'><strong>(lissi-</strong></span> 
     </span>
    </p>
   </div>
   <div class='ocr_carea' id='block_1_21' title="bbox 343 2242 1925 2313">
    <p class='ocr_par' dir='ltr' id='par_1_21' title="bbox 343 2242 1925 2313">
     <span class='ocr_line' id='line_1_21' title="bbox 343 2242 1925 2313; baseline -0.002 -12"><span class='ocrx_word' id='word_1_157' title='bbox 343 2246 501 2301; x_wconf 83' lang='lat' dir='ltr'><strong>dehis</strong></span> <span class='ocrx_word' id='word_1_158' title='bbox 517 2261 545 2297; x_wconf 89' lang='lat' dir='ltr'><strong>a</strong></span> <span class='ocrx_word' id='word_1_159' title='bbox 570 2245 743 2310; x_wconf 91' lang='lat' dir='ltr'><strong>nobis,</strong></span> <span class='ocrx_word' id='word_1_160' title='bbox 765 2258 939 2313; x_wconf 89' lang='lat' dir='ltr'><strong>neque</strong></span> <span class='ocrx_word' id='word_1_161' title='bbox 963 2243 1156 2297; x_wconf 89' lang='lat' dir='ltr'><strong>rationi</strong></span> <span class='ocrx_word' id='word_1_162' title='bbox 1182 2242 1527 2313; x_wconf 82' lang='lat' dir='ltr'><strong>congruentia</strong></span> <span class='ocrx_word' id='word_1_163' title='bbox 1557 2242 1925 2313; x_wconf 84' lang='lat' dir='ltr'><strong>deprehendes</strong></span> 
     </span>
    </p>
   </div>
   <div class='ocr_carea' id='block_1_22' title="bbox 342 2333 1921 2406">
    <p class='ocr_par' dir='ltr' id='par_1_22' title="bbox 342 2333 1921 2406">
     <span class='ocr_line' id='line_1_22' title="bbox 342 2333 1921 2406; baseline -0.002 -14"><span class='ocrx_word' id='word_1_164' title='bbox 342 2354 427 2403; x_wconf 85' lang='lat' dir='ltr'><strong>ea,</strong></span> <span class='ocrx_word' id='word_1_165' title='bbox 447 2352 565 2406; x_wconf 72' lang='lat' dir='ltr'><strong>qua:</strong></span> <span class='ocrx_word' id='word_1_166' title='bbox 583 2337 717 2391; x_wconf 91' lang='lat' dir='ltr'><strong>bene</strong></span> <span class='ocrx_word' id='word_1_167' title='bbox 731 2334 946 2404; x_wconf 91' lang='lat' dir='ltr'><strong>quidem</strong></span> <span class='ocrx_word' id='word_1_168' title='bbox 964 2334 1182 2404; x_wconf 87' lang='lat' dir='ltr'><strong>scripta,</strong></span> <span class='ocrx_word' id='word_1_169' title='bbox 1205 2333 1299 2388; x_wconf 90' lang='lat' dir='ltr'><strong>sed</strong></span> <span class='ocrx_word' id='word_1_170' title='bbox 1328 2334 1467 2388; x_wconf 91' lang='lat' dir='ltr'><strong>male</strong></span> <span class='ocrx_word' id='word_1_171' title='bbox 1484 2334 1748 2389; x_wconf 86' lang='lat' dir='ltr'><strong>intellecta</strong></span> <span class='ocrx_word' id='word_1_172' title='bbox 1767 2344 1921 2399; x_wconf 90' lang='lat' dir='ltr'><strong>sunt;</strong></span> 
     </span>
    </p>
   </div>
   <div class='ocr_carea' id='block_1_23' title="bbox 344 2425 1923 2495">
    <p class='ocr_par' dir='ltr' id='par_1_23' title="bbox 344 2425 1923 2495">
     <span class='ocr_line' id='line_1_23' title="bbox 344 2425 1923 2495; baseline -0.002 -12"><span class='ocrx_word' id='word_1_173' title='bbox 344 2431 387 2483; x_wconf 88' lang='lat' dir='ltr'><strong>si</strong></span> <span class='ocrx_word' id='word_1_174' title='bbox 417 2443 546 2483; x_wconf 88' lang='lat' dir='ltr'><strong>vero</strong></span> <span class='ocrx_word' id='word_1_175' title='bbox 594 2427 914 2481; x_wconf 87' lang='lat' dir='ltr'><strong>sententiam</strong></span> <span class='ocrx_word' id='word_1_176' title='bbox 944 2425 1235 2480; x_wconf 89' lang='lat' dir='ltr'><strong>secundum</strong></span> <span class='ocrx_word' id='word_1_177' title='bbox 1262 2427 1339 2479; x_wconf 90' lang='lat' dir='ltr'><strong>rei</strong></span> <span class='ocrx_word' id='word_1_178' title='bbox 1366 2426 1640 2481; x_wconf 85' lang='lat' dir='ltr'><strong>veritatem</strong></span> <span class='ocrx_word' id='word_1_179' title='bbox 1673 2426 1923 2495; x_wconf 90' lang='lat' dir='ltr'><strong>accipias,</strong></span> 
     </span>
    </p>
   </div>
   <div class='ocr_carea' id='block_1_24' title="bbox 344 2519 1925 2590">
    <p class='ocr_par' dir='ltr' id='par_1_24' title="bbox 344 2519 1925 2590">
     <span class='ocr_line' id='line_1_24' title="bbox 344 2519 1925 2590; baseline -0.001 -16"><span class='ocrx_word' id='word_1_180' title='bbox 344 2536 605 2590; x_wconf 89' lang='lat' dir='ltr'><strong>nusquam</strong></span> <span class='ocrx_word' id='word_1_181' title='bbox 640 2519 731 2573; x_wconf 88' lang='lat' dir='ltr'><strong>tibi</strong></span> <span class='ocrx_word' id='word_1_182' title='bbox 763 2520 816 2573; x_wconf 92' lang='lat' dir='ltr'><strong>in</strong></span> <span class='ocrx_word' id='word_1_183' title='bbox 845 2519 1170 2573; x_wconf 89' lang='lat' dir='ltr'><strong>contrarium</strong></span> <span class='ocrx_word' id='word_1_184' title='bbox 1216 2527 1453 2573; x_wconf 87' lang='lat' dir='ltr'><strong>vertetur</strong></span> <span class='ocrx_word' id='word_1_185' title='bbox 1498 2521 1691 2573; x_wconf 90' lang='lat' dir='ltr'><strong>mentis</strong></span> <span class='ocrx_word' id='word_1_186' title='bbox 1739 2520 1925 2574; x_wconf 89' lang='lat' dir='ltr'><strong>oculus</strong></span> 
     </span>
    </p>
   </div>
   <div class='ocr_carea' id='block_1_25' title="bbox 342 2606 1924 2682">
    <p class='ocr_par' dir='ltr' id='par_1_25' title="bbox 342 2606 1924 2682">
     <span class='ocr_line' id='line_1_25' title="bbox 342 2606 1924 2682; baseline -0.001 -13"><span class='ocrx_word' id='word_1_187' title='bbox 342 2616 408 2669; x_wconf 88' lang='lat' dir='ltr'><strong>ad</strong></span> <span class='ocrx_word' id='word_1_188' title='bbox 430 2622 730 2668; x_wconf 89' lang='lat' dir='ltr'><strong>accuratam</strong></span> <span class='ocrx_word' id='word_1_189' title='bbox 756 2606 1153 2682; x_wconf 77' lang='lat' dir='ltr'><strong>intelligentiam</strong></span> <span class='ocrx_word' id='word_1_190' title='bbox 1184 2626 1214 2665; x_wconf 90' lang='lat' dir='ltr'><strong>a</strong></span> <span class='ocrx_word' id='word_1_191' title='bbox 1236 2611 1431 2681; x_wconf 89' lang='lat' dir='ltr'><strong>Spiritu</strong></span> <span class='ocrx_word' id='word_1_192' title='bbox 1455 2622 1638 2667; x_wconf 88' lang='lat' dir='ltr'><strong>sancto</strong></span> <span class='ocrx_word' id='word_1_193' title='bbox 1671 2613 1924 2668; x_wconf 91' lang='lat' dir='ltr'><strong>directus.</strong></span> 
     </span>
    </p>
   </div>
   <div class='ocr_carea' id='block_1_26' title="bbox 345 2703 1926 2774">
    <p class='ocr_par' dir='ltr' id='par_1_26' title="bbox 345 2703 1926 2774">
     <span class='ocr_line' id='line_1_26' title="bbox 345 2703 1926 2774; baseline -0.003 -13"><span class='ocrx_word' id='word_1_194' title='bbox 345 2705 519 2761; x_wconf 87' lang='lat' dir='ltr'><strong>Verba</strong></span> <span class='ocrx_word' id='word_1_195' title='bbox 546 2706 688 2760; x_wconf 90' lang='lat' dir='ltr'><strong>enim</strong></span> <span class='ocrx_word' id='word_1_196' title='bbox 735 2705 867 2770; x_wconf 81' lang='lat' dir='ltr'><strong>haec,</strong></span> <span class='ocrx_word' id='word_1_197' title='bbox 914 2703 1102 2757; x_wconf 82' lang='lat' dir='ltr'><strong>Missus</strong></span> <span class='ocrx_word' id='word_1_198' title='bbox 1132 2712 1224 2770; x_wconf 82' lang='lat' dir='ltr'><strong>est,</strong></span> <span class='ocrx_word' id='word_1_199' title='bbox 1252 2712 1325 2770; x_wconf 88' lang='lat' dir='ltr'><strong>et,</strong></span> <span class='ocrx_word' id='word_1_200' title='bbox 1356 2703 1517 2767; x_wconf 82' lang='lat' dir='ltr'><strong>Misit,</strong></span> <span class='ocrx_word' id='word_1_201' title='bbox 1552 2706 1778 2759; x_wconf 88' lang='lat' dir='ltr'><strong>humana</strong></span> <span class='ocrx_word' id='word_1_202' title='bbox 1805 2704 1926 2774; x_wconf 88' lang='lat' dir='ltr'><strong>qui-</strong></span> 
     </span>
    </p>
   </div>
   <div class='ocr_carea' id='block_1_27' title="bbox 344 2794 1927 2867">
    <p class='ocr_par' dir='ltr' id='par_1_27' title="bbox 344 2794 1927 2867">
     <span class='ocr_line' id='line_1_27' title="bbox 344 2794 1927 2867; baseline 0.001 -16"><span class='ocrx_word' id='word_1_203' title='bbox 344 2798 465 2852; x_wconf 88' lang='lat' dir='ltr'><strong>dem</strong></span> <span class='ocrx_word' id='word_1_204' title='bbox 491 2805 630 2859; x_wconf 88' lang='lat' dir='ltr'><strong>sunt,</strong></span> <span class='ocrx_word' id='word_1_205' title='bbox 653 2794 927 2849; x_wconf 90' lang='lat' dir='ltr'><strong>atdivinos</strong></span> <span class='ocrx_word' id='word_1_206' title='bbox 946 2794 1201 2865; x_wconf 89' lang='lat' dir='ltr'><strong>quosdam</strong></span> <span class='ocrx_word' id='word_1_207' title='bbox 1230 2810 1417 2849; x_wconf 90' lang='lat' dir='ltr'><strong>sensus</strong></span> <span class='ocrx_word' id='word_1_208' title='bbox 1436 2794 1727 2850; x_wconf 87' lang='lat' dir='ltr'><strong>declarant.</strong></span> <span class='ocrx_word' id='word_1_209' title='bbox 1746 2795 1927 2867; x_wconf 87' lang='lat' dir='ltr'><strong>Neque</strong></span> 
     </span>
    </p>
   </div>
   <div class='ocr_carea' id='block_1_28' title="bbox 345 2889 1925 2961">
    <p class='ocr_par' dir='ltr' id='par_1_28' title="bbox 345 2889 1925 2961">
     <span class='ocr_line' id='line_1_28' title="bbox 345 2889 1925 2961; baseline -0.001 -15"><span class='ocrx_word' id='word_1_210' title='bbox 345 2893 488 2946; x_wconf 92' lang='lat' dir='ltr'><strong>enim</strong></span> <span class='ocrx_word' id='word_1_211' title='bbox 511 2902 563 2946; x_wconf 94' lang='lat' dir='ltr'><strong>et</strong></span> <span class='ocrx_word' id='word_1_212' title='bbox 592 2893 681 2961; x_wconf 90' lang='lat' dir='ltr'><strong>qui</strong></span> <span class='ocrx_word' id='word_1_213' title='bbox 712 2890 873 2954; x_wconf 89' lang='lat' dir='ltr'><strong>misit,</strong></span> <span class='ocrx_word' id='word_1_214' title='bbox 904 2905 969 2945; x_wconf 84' lang='lat' dir='ltr'><strong>ex</strong></span> <span class='ocrx_word' id='word_1_215' title='bbox 997 2889 1128 2944; x_wconf 87' lang='lat' dir='ltr'><strong>locis</strong></span> <span class='ocrx_word' id='word_1_216' title='bbox 1157 2890 1209 2943; x_wconf 91' lang='lat' dir='ltr'><strong>in</strong></span> <span class='ocrx_word' id='word_1_217' title='bbox 1238 2890 1352 2944; x_wconf 92' lang='lat' dir='ltr'><strong>loca</strong></span> <span class='ocrx_word' id='word_1_218' title='bbox 1380 2889 1540 2953; x_wconf 86' lang='lat' dir='ltr'><strong>misit,</strong></span> <span class='ocrx_word' id='word_1_219' title='bbox 1571 2905 1745 2960; x_wconf 89' lang='lat' dir='ltr'><strong>neque</strong></span> <span class='ocrx_word' id='word_1_220' title='bbox 1765 2890 1809 2945; x_wconf 92' lang='lat' dir='ltr'><strong>is</strong></span> <span class='ocrx_word' id='word_1_221' title='bbox 1837 2892 1925 2961; x_wconf 91' lang='lat' dir='ltr'><strong>qui</strong></span> 
     </span>
    </p>
   </div>
   <div class='ocr_carea' id='block_1_29' title="bbox 348 2984 1925 3055">
    <p class='ocr_par' dir='ltr' id='par_1_29' title="bbox 348 2984 1925 3055">
     <span class='ocr_line' id='line_1_29' title="bbox 348 2984 1925 3055; baseline -0.001 -16"><span class='ocrx_word' id='word_1_222' title='bbox 348 2987 541 3040; x_wconf 86' lang='lat' dir='ltr'><strong>missus</strong></span> <span class='ocrx_word' id='word_1_223' title='bbox 561 2994 660 3052; x_wconf 80' lang='lat' dir='ltr'><strong>est,</strong></span> <span class='ocrx_word' id='word_1_224' title='bbox 683 3000 747 3039; x_wconf 84' lang='lat' dir='ltr'><strong>ex</strong></span> <span class='ocrx_word' id='word_1_225' title='bbox 770 2985 899 3038; x_wconf 88' lang='lat' dir='ltr'><strong>locis</strong></span> <span class='ocrx_word' id='word_1_226' title='bbox 920 2985 970 3037; x_wconf 91' lang='lat' dir='ltr'><strong>in</strong></span> <span class='ocrx_word' id='word_1_227' title='bbox 1000 2984 1113 3038; x_wconf 91' lang='lat' dir='ltr'><strong>loca</strong></span> <span class='ocrx_word' id='word_1_228' title='bbox 1137 2985 1297 3038; x_wconf 89' lang='lat' dir='ltr'><strong>venit.</strong></span> <span class='ocrx_word' id='word_1_229' title='bbox 1324 2985 1500 3055; x_wconf 85' lang='lat' dir='ltr'><strong>Atqui,</strong></span> <span class='ocrx_word' id='word_1_230' title='bbox 1526 2986 1599 3039; x_wconf 88' lang='lat' dir='ltr'><strong>ait</strong></span> <span class='ocrx_word' id='word_1_231' title='bbox 1624 2984 1925 3051; x_wconf 65' lang='lat' dir='ltr'><strong>haereticus,</strong></span> 
     </span>
    </p>
   </div>
   <div class='ocr_carea' id='block_1_30' title="bbox 348 3076 1929 3148">
    <p class='ocr_par' dir='ltr' id='par_1_30' title="bbox 348 3076 1929 3148">
     <span class='ocr_line' id='line_1_30' title="bbox 348 3076 1929 3148; baseline -0.001 -15"><span class='ocrx_word' id='word_1_232' title='bbox 348 3078 506 3133; x_wconf 81' lang='lat' dir='ltr'><strong>Pater</strong></span> <span class='ocrx_word' id='word_1_233' title='bbox 534 3078 722 3132; x_wconf 86' lang='lat' dir='ltr'><strong>Filium</strong></span> <span class='ocrx_word' id='word_1_234' title='bbox 762 3077 904 3131; x_wconf 86' lang='lat' dir='ltr'><strong>misit</strong></span> <span class='ocrx_word' id='word_1_235' title='bbox 948 3076 1001 3130; x_wconf 92' lang='lat' dir='ltr'><strong>in</strong></span> <span class='ocrx_word' id='word_1_236' title='bbox 1044 3076 1322 3141; x_wconf 91' lang='lat' dir='ltr'><strong>mundum,</strong></span> <span class='ocrx_word' id='word_1_237' title='bbox 1354 3077 1504 3146; x_wconf 91' lang='lat' dir='ltr'><strong>quasi</strong></span> <span class='ocrx_word' id='word_1_238' title='bbox 1530 3076 1619 3148; x_wconf 89' lang='lat' dir='ltr'><strong>qui</strong></span> <span class='ocrx_word' id='word_1_239' title='bbox 1647 3079 1695 3130; x_wconf 93' lang='lat' dir='ltr'><strong>in</strong></span> <span class='ocrx_word' id='word_1_240' title='bbox 1728 3077 1929 3132; x_wconf 90' lang='lat' dir='ltr'><strong>mundo</strong></span> 
     </span>
    </p>
   </div>
   <div class='ocr_carea' id='block_1_31' title="bbox 349 3169 1928 3241">
    <p class='ocr_par' dir='ltr' id='par_1_31' title="bbox 349 3169 1928 3241">
     <span class='ocr_line' id='line_1_31' title="bbox 349 3169 1928 3241; baseline 0.001 -17"><span class='ocrx_word' id='word_1_241' title='bbox 349 3185 585 3239; x_wconf 73' lang='lat' dir='ltr'><strong>pnesens</strong></span> <span class='ocrx_word' id='word_1_242' title='bbox 623 3186 729 3224; x_wconf 91' lang='lat' dir='ltr'><strong>non</strong></span> <span class='ocrx_word' id='word_1_243' title='bbox 773 3179 937 3236; x_wconf 88' lang='lat' dir='ltr'><strong>esset,</strong></span> <span class='ocrx_word' id='word_1_244' title='bbox 970 3169 1034 3223; x_wconf 91' lang='lat' dir='ltr'><strong>ad</strong></span> <span class='ocrx_word' id='word_1_245' title='bbox 1074 3185 1231 3241; x_wconf 90' lang='lat' dir='ltr'><strong>quem</strong></span> <span class='ocrx_word' id='word_1_246' title='bbox 1276 3171 1601 3225; x_wconf 87' lang='lat' dir='ltr'><strong>mittebatur.</strong></span> <span class='ocrx_word' id='word_1_247' title='bbox 1648 3170 1928 3238; x_wconf 84' lang='lat' dir='ltr'><strong>Quomodo</strong></span> 
     </span>
    </p>
   </div>
   <div class='ocr_carea' id='block_1_32' title="bbox 348 3258 1929 3331">
    <p class='ocr_par' dir='ltr' id='par_1_32' title="bbox 348 3258 1929 3331">
     <span class='ocr_line' id='line_1_32' title="bbox 348 3258 1929 3331; baseline -0.001 -14"><span class='ocrx_word' id='word_1_248' title='bbox 348 3263 615 3331; x_wconf 86' lang='lat' dir='ltr'><strong>Scriptura</strong></span> <span class='ocrx_word' id='word_1_249' title='bbox 643 3259 709 3314; x_wconf 90' lang='lat' dir='ltr'><strong>de</strong></span> <span class='ocrx_word' id='word_1_250' title='bbox 734 3259 849 3329; x_wconf 87' lang='lat' dir='ltr'><strong>ipso</strong></span> <span class='ocrx_word' id='word_1_251' title='bbox 876 3260 1101 3315; x_wconf 90' lang='lat' dir='ltr'><strong>Domino</strong></span> <span class='ocrx_word' id='word_1_252' title='bbox 1126 3260 1218 3327; x_wconf 88' lang='lat' dir='ltr'><strong>ait,</strong></span> <span class='ocrx_word' id='word_1_253' title='bbox 1253 3258 1319 3314; x_wconf 91' lang='lat' dir='ltr'><strong>In</strong></span> <span class='ocrx_word' id='word_1_254' title='bbox 1340 3262 1529 3314; x_wconf 87' lang='lat' dir='ltr'><strong>mundo</strong></span> <span class='ocrx_word' id='word_1_255' title='bbox 1553 3271 1681 3327; x_wconf 90' lang='lat' dir='ltr'><strong>erat,</strong></span> <span class='ocrx_word' id='word_1_256' title='bbox 1706 3271 1751 3316; x_wconf 87' lang='lat' dir='ltr'><strong>et</strong></span> <span class='ocrx_word' id='word_1_257' title='bbox 1780 3278 1929 3315; x_wconf 82' lang='lat' dir='ltr'><strong>mun-</strong></span> 
     </span>
    </p>
   </div>
   <div class='ocr_carea' id='block_1_33' title="bbox 349 3350 1929 3423">
    <p class='ocr_par' dir='ltr' id='par_1_33' title="bbox 349 3350 1929 3423">
     <span class='ocr_line' id='line_1_33' title="bbox 349 3350 1929 3423; baseline 0.001 -17"><span class='ocrx_word' id='word_1_258' title='bbox 349 3354 444 3407; x_wconf 85' lang='lat' dir='ltr'><strong>dus</strong></span> <span class='ocrx_word' id='word_1_259' title='bbox 465 3369 554 3423; x_wconf 84' lang='lat' dir='ltr'><strong>per</strong></span> <span class='ocrx_word' id='word_1_260' title='bbox 578 3353 746 3423; x_wconf 86' lang='lat' dir='ltr'><strong>ipsum</strong></span> <span class='ocrx_word' id='word_1_261' title='bbox 772 3354 937 3423; x_wconf 79' lang='lat' dir='ltr'><strong>factus</strong></span> <span class='ocrx_word' id='word_1_262' title='bbox 957 3362 1026 3405; x_wconf 89' lang='lat' dir='ltr'><strong>est</strong></span> <span class='ocrx_word' id='word_1_263' title='bbox 1051 3350 1229 3423; x_wconf 84' lang='lat' dir='ltr'><strong>(Joan.</strong></span> <span class='ocrx_word' id='word_1_264' title='bbox 1262 3352 1311 3406; x_wconf 84' lang='grc'><strong>1.</strong></span> <span class='ocrx_word' id='word_1_265' title='bbox 1347 3352 1471 3419; x_wconf 78' lang='lat'><strong>10)?</strong></span> <span class='ocrx_word' id='word_1_266' title='bbox 1497 3351 1773 3420; x_wconf 87' lang='lat' dir='ltr'><strong>Quomodo</strong></span> <span class='ocrx_word' id='word_1_267' title='bbox 1799 3367 1929 3423; x_wconf 88' lang='lat' dir='ltr'><strong>ergo</strong></span> 
     </span>
    </p>
   </div>
   <div class='ocr_carea' id='block_1_34' title="bbox 348 3444 1931 3515">
    <p class='ocr_par' dir='ltr' id='par_1_34' title="bbox 348 3444 1931 3515">
     <span class='ocr_line' id='line_1_34' title="bbox 348 3444 1931 3515; baseline 0.001 -16"><span class='ocrx_word' id='word_1_268' title='bbox 348 3447 493 3500; x_wconf 89' lang='lat' dir='ltr'><strong>venit</strong></span> <span class='ocrx_word' id='word_1_269' title='bbox 530 3445 617 3515; x_wconf 92' lang='lat' dir='ltr'><strong>qui</strong></span> <span class='ocrx_word' id='word_1_270' title='bbox 644 3444 845 3506; x_wconf 91' lang='lat' dir='ltr'><strong>aderat,</strong></span> <span class='ocrx_word' id='word_1_271' title='bbox 877 3446 1119 3513; x_wconf 83' lang='lat' dir='ltr'><strong>apparuit</strong></span> <span class='ocrx_word' id='word_1_272' title='bbox 1160 3444 1249 3514; x_wconf 90' lang='lat' dir='ltr'><strong>qui</strong></span> <span class='ocrx_word' id='word_1_273' title='bbox 1288 3444 1519 3499; x_wconf 88' lang='lat' dir='ltr'><strong>latebat?</strong></span> <span class='ocrx_word' id='word_1_274' title='bbox 1542 3445 1695 3513; x_wconf 85' lang='lat' dir='ltr'><strong>Quod</strong></span> <span class='ocrx_word' id='word_1_275' title='bbox 1734 3445 1779 3499; x_wconf 91' lang='lat' dir='ltr'><strong>si</strong></span> <span class='ocrx_word' id='word_1_276' title='bbox 1806 3461 1931 3501; x_wconf 89' lang='lat' dir='ltr'><strong>vere</strong></span> 
     </span>
    </p>
   </div>
   <div class='ocr_carea' id='block_1_35' title="bbox 350 3535 1929 3608">
    <p class='ocr_par' dir='ltr' id='par_1_35' title="bbox 350 3535 1929 3608">
     <span class='ocr_line' id='line_1_35' title="bbox 350 3535 1929 3608; baseline 0.003 -18"><span class='ocrx_word' id='word_1_277' title='bbox 350 3536 499 3601; x_wconf 87' lang='lat' dir='ltr'><strong>illud,</strong></span> <span class='ocrx_word' id='word_1_278' title='bbox 526 3536 686 3602; x_wconf 80' lang='lat' dir='ltr'><strong>Misit,</strong></span> <span class='ocrx_word' id='word_1_279' title='bbox 713 3535 782 3590; x_wconf 91' lang='lat' dir='ltr'><strong>ita</strong></span> <span class='ocrx_word' id='word_1_280' title='bbox 812 3536 1060 3607; x_wconf 87' lang='lat' dir='ltr'><strong>intelligis</strong></span> <span class='ocrx_word' id='word_1_281' title='bbox 1087 3545 1143 3591; x_wconf 91' lang='lat' dir='ltr'><strong>ut</strong></span> <span class='ocrx_word' id='word_1_282' title='bbox 1167 3535 1337 3603; x_wconf 88' lang='lat' dir='ltr'><strong>audis,</strong></span> <span class='ocrx_word' id='word_1_283' title='bbox 1357 3550 1575 3592; x_wconf 90' lang='lat' dir='ltr'><strong>necesse</strong></span> <span class='ocrx_word' id='word_1_284' title='bbox 1596 3539 1811 3593; x_wconf 86' lang='lat' dir='ltr'><strong>omnino</strong></span> <span class='ocrx_word' id='word_1_285' title='bbox 1826 3546 1929 3608; x_wconf 91' lang='lat' dir='ltr'><strong>est,</strong></span> 
     </span>
    </p>
   </div>
   <div class='ocr_carea' id='block_1_36' title="bbox 350 3628 1932 3702">
    <p class='ocr_par' dir='ltr' id='par_1_36' title="bbox 350 3628 1932 3702">
     <span class='ocr_line' id='line_1_36' title="bbox 350 3628 1932 3702; baseline 0.001 -17"><span class='ocrx_word' id='word_1_286' title='bbox 350 3645 471 3685; x_wconf 86' lang='lat' dir='ltr'><strong>eum</strong></span> <span class='ocrx_word' id='word_1_287' title='bbox 500 3629 589 3698; x_wconf 90' lang='lat' dir='ltr'><strong>qui</strong></span> <span class='ocrx_word' id='word_1_288' title='bbox 635 3628 829 3683; x_wconf 90' lang='lat' dir='ltr'><strong>missus</strong></span> <span class='ocrx_word' id='word_1_289' title='bbox 872 3628 988 3694; x_wconf 83' lang='lat' dir='ltr'><strong>fuit,</strong></span> <span class='ocrx_word' id='word_1_290' title='bbox 1020 3629 1073 3682; x_wconf 90' lang='lat' dir='ltr'><strong>in</strong></span> <span class='ocrx_word' id='word_1_291' title='bbox 1104 3628 1168 3682; x_wconf 90' lang='lat' dir='ltr'><strong>iis</strong></span> <span class='ocrx_word' id='word_1_292' title='bbox 1194 3629 1439 3683; x_wconf 90' lang='lat' dir='ltr'><strong>constitui</strong></span> <span class='ocrx_word' id='word_1_293' title='bbox 1469 3628 1619 3695; x_wconf 92' lang='lat' dir='ltr'><strong>locis,</strong></span> <span class='ocrx_word' id='word_1_294' title='bbox 1663 3629 1714 3684; x_wconf 92' lang='lat' dir='ltr'><strong>in</strong></span> <span class='ocrx_word' id='word_1_295' title='bbox 1742 3630 1932 3702; x_wconf 88' lang='lat' dir='ltr'><strong>quibus</strong></span> 
     </span>
    </p>
   </div>
   <div class='ocr_carea' id='block_1_37' title="bbox 353 3722 1930 3791">
    <p class='ocr_par' dir='ltr' id='par_1_37' title="bbox 353 3722 1930 3791">
     <span class='ocr_line' id='line_1_37' title="bbox 353 3722 1930 3791; baseline 0.001 -15"><span class='ocrx_word' id='word_1_296' title='bbox 353 3722 587 3777; x_wconf 88' lang='lat' dir='ltr'><strong>nondum</strong></span> <span class='ocrx_word' id='word_1_297' title='bbox 618 3735 854 3791; x_wconf 67' lang='lat' dir='ltr'><strong>praesens</strong></span> <span class='ocrx_word' id='word_1_298' title='bbox 893 3731 1027 3787; x_wconf 89' lang='lat' dir='ltr'><strong>erat,</strong></span> <span class='ocrx_word' id='word_1_299' title='bbox 1070 3730 1123 3776; x_wconf 89' lang='lat' dir='ltr'><strong>et</strong></span> <span class='ocrx_word' id='word_1_300' title='bbox 1151 3722 1446 3776; x_wconf 89' lang='lat' dir='ltr'><strong>mittentem</strong></span> <span class='ocrx_word' id='word_1_301' title='bbox 1491 3737 1554 3775; x_wconf 93' lang='lat' dir='ltr'><strong>eo</strong></span> <span class='ocrx_word' id='word_1_302' title='bbox 1580 3722 1812 3786; x_wconf 88' lang='lat' dir='ltr'><strong>mittere,</strong></span> <span class='ocrx_word' id='word_1_303' title='bbox 1844 3722 1930 3777; x_wconf 87' lang='lat' dir='ltr'><strong>ubi</strong></span> 
     </span>
    </p>
   </div>
   <div class='ocr_carea' id='block_1_38' title="bbox 352 3812 1935 3883">
    <p class='ocr_par' dir='ltr' id='par_1_38' title="bbox 352 3812 1935 3883">
     <span class='ocr_line' id='line_1_38' title="bbox 352 3812 1935 3883; baseline -0.001 -14"><span class='ocrx_word' id='word_1_304' title='bbox 352 3830 457 3869; x_wconf 92' lang='lat' dir='ltr'><strong>non</strong></span> <span class='ocrx_word' id='word_1_305' title='bbox 475 3814 679 3868; x_wconf 85' lang='lat' dir='ltr'><strong>aderat.</strong></span> <span class='ocrx_word' id='word_1_306' title='bbox 696 3812 973 3881; x_wconf 90' lang='lat' dir='ltr'><strong>Quomodo</strong></span> <span class='ocrx_word' id='word_1_307' title='bbox 991 3813 1149 3883; x_wconf 83' lang='lat' dir='ltr'><strong>igitur</strong></span> <span class='ocrx_word' id='word_1_308' title='bbox 1162 3813 1483 3883; x_wconf 83' lang='lat' dir='ltr'><strong>evangelista</strong></span> <span class='ocrx_word' id='word_1_309' title='bbox 1499 3813 1725 3878; x_wconf 89' lang='lat' dir='ltr'><strong>dicebat,</strong></span> <span class='ocrx_word' id='word_1_310' title='bbox 1749 3812 1935 3867; x_wconf 86' lang='lat' dir='ltr'><strong>Omnia</strong></span> 
     </span>
    </p>
   </div>
   <div class='ocr_carea' id='block_1_39' title="bbox 352 3904 1935 3978">
    <p class='ocr_par' dir='ltr' id='par_1_39' title="bbox 352 3904 1935 3978">
     <span class='ocr_line' id='line_1_39' title="bbox 352 3904 1935 3978; baseline 0.001 -19"><span class='ocrx_word' id='word_1_311' title='bbox 352 3923 443 3978; x_wconf 85' lang='lat' dir='ltr'><strong>per</strong></span> <span class='ocrx_word' id='word_1_312' title='bbox 470 3907 634 3976; x_wconf 84' lang='lat' dir='ltr'><strong>ipsum</strong></span> <span class='ocrx_word' id='word_1_313' title='bbox 669 3906 807 3975; x_wconf 77' lang='lat' dir='ltr'><strong>facta</strong></span> <span class='ocrx_word' id='word_1_314' title='bbox 834 3916 970 3971; x_wconf 88' lang='lat' dir='ltr'><strong>sunt,</strong></span> <span class='ocrx_word' id='word_1_315' title='bbox 999 3912 1044 3957; x_wconf 89' lang='lat' dir='ltr'><strong>et</strong></span> <span class='ocrx_word' id='word_1_316' title='bbox 1085 3904 1192 3958; x_wconf 89' lang='lat' dir='ltr'><strong>sine</strong></span> <span class='ocrx_word' id='word_1_317' title='bbox 1214 3904 1325 3973; x_wconf 89' lang='lat' dir='ltr'><strong>ipso</strong></span> <span class='ocrx_word' id='word_1_318' title='bbox 1367 3907 1557 3975; x_wconf 81' lang='lat' dir='ltr'><strong>factum</strong></span> <span class='ocrx_word' id='word_1_319' title='bbox 1583 3914 1653 3960; x_wconf 90' lang='lat' dir='ltr'><strong>est</strong></span> <span class='ocrx_word' id='word_1_320' title='bbox 1681 3906 1810 3959; x_wconf 81' lang='lat' dir='ltr'><strong>nihil</strong></span> <span class='ocrx_word' id='word_1_321' title='bbox 1821 3906 1846 3960; x_wconf 86' lang='lat'><strong>?</strong></span> <span class='ocrx_word' id='word_1_322' title='bbox 1865 3905 1935 3961; x_wconf 84' lang='lat' dir='ltr'><strong>In</strong></span> 
     </span>
    </p>
   </div>
   <div class='ocr_carea' id='block_1_40' title="bbox 350 3996 1932 4069">
    <p class='ocr_par' dir='ltr' id='par_1_40' title="bbox 350 3996 1932 4069">
     <span class='ocr_line' id='line_1_40' title="bbox 350 3996 1932 4069; baseline 0 -17"><span class='ocrx_word' id='word_1_323' title='bbox 350 4000 542 4053; x_wconf 88' lang='lat' dir='ltr'><strong>mundo</strong></span> <span class='ocrx_word' id='word_1_324' title='bbox 558 4007 683 4061; x_wconf 84' lang='lat' dir='ltr'><strong>erat,</strong></span> <span class='ocrx_word' id='word_1_325' title='bbox 707 4008 750 4052; x_wconf 87' lang='lat' dir='ltr'><strong>et</strong></span> <span class='ocrx_word' id='word_1_326' title='bbox 769 3997 984 4051; x_wconf 86' lang='lat' dir='ltr'><strong>mundus</strong></span> <span class='ocrx_word' id='word_1_327' title='bbox 1007 4014 1095 4067; x_wconf 88' lang='lat' dir='ltr'><strong>per</strong></span> <span class='ocrx_word' id='word_1_328' title='bbox 1114 3998 1280 4066; x_wconf 85' lang='lat' dir='ltr'><strong>ipsum</strong></span> <span class='ocrx_word' id='word_1_329' title='bbox 1301 3996 1462 4065; x_wconf 74' lang='lat' dir='ltr'><strong>{actus</strong></span> <span class='ocrx_word' id='word_1_330' title='bbox 1485 4007 1556 4051; x_wconf 88' lang='lat' dir='ltr'><strong>est</strong></span> <span class='ocrx_word' id='word_1_331' title='bbox 1584 3996 1761 4069; x_wconf 84' lang='lat' dir='ltr'><strong>(Joan.</strong></span> <span class='ocrx_word' id='word_1_332' title='bbox 1782 3998 1830 4052; x_wconf 82' lang='grc'><strong>1.</strong></span> <span class='ocrx_word' id='word_1_333' title='bbox 1851 3998 1932 4068; x_wconf 78' lang='lat'><strong>&#39;0).</strong></span> 
     </span>
    </p>
   </div>
   <div class='ocr_carea' id='block_1_41' title="bbox 351 4090 1933 4161">
    <p class='ocr_par' dir='ltr' id='par_1_41' title="bbox 351 4090 1933 4161">
     <span class='ocr_line' id='line_1_41' title="bbox 351 4090 1933 4161; baseline -0.001 -15"><span class='ocrx_word' id='word_1_334' title='bbox 351 4094 408 4146; x_wconf 87' lang='lat' dir='ltr'><strong>Si</strong></span> <span class='ocrx_word' id='word_1_335' title='bbox 440 4095 613 4161; x_wconf 90' lang='lat' dir='ltr'><strong>itaque</strong></span> <span class='ocrx_word' id='word_1_336' title='bbox 656 4092 707 4145; x_wconf 90' lang='lat' dir='ltr'><strong>in</strong></span> <span class='ocrx_word' id='word_1_337' title='bbox 738 4091 934 4144; x_wconf 91' lang='lat' dir='ltr'><strong>mundo</strong></span> <span class='ocrx_word' id='word_1_338' title='bbox 961 4099 1091 4155; x_wconf 86' lang='lat' dir='ltr'><strong>erat,</strong></span> <span class='ocrx_word' id='word_1_339' title='bbox 1131 4090 1396 4160; x_wconf 88' lang='lat' dir='ltr'><strong>quomodo</strong></span> <span class='ocrx_word' id='word_1_340' title='bbox 1428 4090 1651 4143; x_wconf 90' lang='lat' dir='ltr'><strong>mittitur</strong></span> <span class='ocrx_word' id='word_1_341' title='bbox 1681 4091 1732 4145; x_wconf 88' lang='lat' dir='ltr'><strong>in</strong></span> <span class='ocrx_word' id='word_1_342' title='bbox 1775 4106 1933 4145; x_wconf 87' lang='lat' dir='ltr'><strong>mun-</strong></span> 
     </span>
    </p>
   </div>
   <div class='ocr_carea' id='block_1_42' title="bbox 351 4180 1934 4253">
    <p class='ocr_par' dir='ltr' id='par_1_42' title="bbox 351 4180 1934 4253">
     <span class='ocr_line' id='line_1_42' title="bbox 351 4180 1934 4253; baseline -0.001 -15"><span class='ocrx_word' id='word_1_343' title='bbox 351 4184 513 4238; x_wconf 89' lang='lat' dir='ltr'><strong>dum?</strong></span> <span class='ocrx_word' id='word_1_344' title='bbox 537 4181 653 4236; x_wconf 87' lang='lat' dir='ltr'><strong>Non</strong></span> <span class='ocrx_word' id='word_1_345' title='bbox 679 4181 869 4235; x_wconf 88' lang='lat' dir='ltr'><strong>audisti</strong></span> <span class='ocrx_word' id='word_1_346' title='bbox 895 4197 1014 4236; x_wconf 91' lang='lat' dir='ltr'><strong>eum</strong></span> <span class='ocrx_word' id='word_1_347' title='bbox 1043 4180 1329 4247; x_wconf 86' lang='lat' dir='ltr'><strong>dicentem,</strong></span> <span class='ocrx_word' id='word_1_348' title='bbox 1357 4180 1549 4235; x_wconf 67' lang='lat' dir='ltr'><strong>Caelum</strong></span> <span class='ocrx_word' id='word_1_349' title='bbox 1573 4190 1618 4235; x_wconf 89' lang='lat' dir='ltr'><strong>et</strong></span> <span class='ocrx_word' id='word_1_350' title='bbox 1639 4191 1823 4235; x_wconf 88' lang='lat' dir='ltr'><strong>terram</strong></span> <span class='ocrx_word' id='word_1_351' title='bbox 1842 4199 1934 4253; x_wconf 85' lang='lat' dir='ltr'><strong>ego</strong></span> 
     </span>
    </p>
   </div>
   <div class='ocr_carea' id='block_1_43' title="bbox 351 4269 1934 4342">
    <p class='ocr_par' dir='ltr' id='par_1_43' title="bbox 351 4269 1934 4342">
     <span class='ocr_line' id='line_1_43' title="bbox 351 4269 1934 4342; baseline -0.001 -14"><span class='ocrx_word' id='word_1_352' title='bbox 351 4273 559 4341; x_wconf 85' lang='lat' dir='ltr'><strong>impleo,</strong></span> <span class='ocrx_word' id='word_1_353' title='bbox 587 4272 707 4325; x_wconf 85' lang='lat' dir='ltr'><strong>dicit</strong></span> <span class='ocrx_word' id='word_1_354' title='bbox 740 4270 986 4325; x_wconf 82' lang='lat' dir='ltr'><strong>Dominus</strong></span> <span class='ocrx_word' id='word_1_355' title='bbox 1016 4269 1147 4341; x_wconf 89' lang='lat' dir='ltr'><strong>(Jer.</strong></span> <span class='ocrx_word' id='word_1_356' title='bbox 1194 4271 1285 4324; x_wconf 76' lang='grc'><strong>25.</strong></span> <span class='ocrx_word' id='word_1_357' title='bbox 1328 4271 1459 4342; x_wconf 73' lang='lat'><strong>24)?</strong></span> <span class='ocrx_word' id='word_1_358' title='bbox 1508 4270 1645 4337; x_wconf 89' lang='lat' dir='ltr'><strong>Quid</strong></span> <span class='ocrx_word' id='word_1_359' title='bbox 1681 4286 1806 4341; x_wconf 88' lang='lat' dir='ltr'><strong>ergo</strong></span> <span class='ocrx_word' id='word_1_360' title='bbox 1834 4270 1934 4326; x_wconf 83' lang='lat' dir='ltr'><strong>sibi</strong></span> 
     </span>
    </p>
   </div>
   <div class='ocr_carea' id='block_1_44' title="bbox 352 4361 1933 4432">
    <p class='ocr_par' dir='ltr' id='par_1_44' title="bbox 352 4361 1933 4432">
     <span class='ocr_line' id='line_1_44' title="bbox 352 4361 1933 4432; baseline -0.001 -13"><span class='ocrx_word' id='word_1_361' title='bbox 352 4367 463 4419; x_wconf 86' lang='lat' dir='ltr'><strong>vult</strong></span> <span class='ocrx_word' id='word_1_362' title='bbox 491 4362 639 4428; x_wconf 91' lang='lat' dir='ltr'><strong>illud,</strong></span> <span class='ocrx_word' id='word_1_363' title='bbox 673 4362 860 4416; x_wconf 80' lang='lat' dir='ltr'><strong>Missus</strong></span> <span class='ocrx_word' id='word_1_364' title='bbox 889 4362 998 4416; x_wconf 86' lang='lat' dir='ltr'><strong>est?</strong></span> <span class='ocrx_word' id='word_1_365' title='bbox 1039 4361 1092 4416; x_wconf 89' lang='lat' dir='ltr'><strong>Id</strong></span> <span class='ocrx_word' id='word_1_366' title='bbox 1132 4373 1233 4427; x_wconf 89' lang='lat' dir='ltr'><strong>est,</strong></span> <span class='ocrx_word' id='word_1_367' title='bbox 1264 4364 1407 4417; x_wconf 90' lang='lat' dir='ltr'><strong>visus</strong></span> <span class='ocrx_word' id='word_1_368' title='bbox 1447 4376 1554 4427; x_wconf 89' lang='lat' dir='ltr'><strong>est;</strong></span> <span class='ocrx_word' id='word_1_369' title='bbox 1603 4378 1695 4432; x_wconf 88' lang='lat' dir='ltr'><strong>per</strong></span> <span class='ocrx_word' id='word_1_370' title='bbox 1718 4379 1933 4418; x_wconf 87' lang='lat' dir='ltr'><strong>carnem</strong></span> 
     </span>
    </p>
   </div>
   <div class='ocr_carea' id='block_1_45' title="bbox 354 4454 1934 4525">
    <p class='ocr_par' dir='ltr' id='par_1_45' title="bbox 354 4454 1934 4525">
     <span class='ocr_line' id='line_1_45' title="bbox 354 4454 1934 4525; baseline -0.001 -14"><span class='ocrx_word' id='word_1_371' title='bbox 354 4457 547 4512; x_wconf 79' lang='lat' dir='ltr'><strong>illuxit.</strong></span> <span class='ocrx_word' id='word_1_372' title='bbox 576 4456 755 4511; x_wconf 81' lang='lat' dir='ltr'><strong>Missio</strong></span> <span class='ocrx_word' id='word_1_373' title='bbox 783 4454 925 4508; x_wconf 89' lang='lat' dir='ltr'><strong>enim</strong></span> <span class='ocrx_word' id='word_1_374' title='bbox 971 4455 1168 4508; x_wconf 90' lang='lat' dir='ltr'><strong>nullam</strong></span> <span class='ocrx_word' id='word_1_375' title='bbox 1208 4455 1275 4509; x_wconf 93' lang='lat' dir='ltr'><strong>de</strong></span> <span class='ocrx_word' id='word_1_376' title='bbox 1322 4456 1437 4510; x_wconf 92' lang='lat' dir='ltr'><strong>loco</strong></span> <span class='ocrx_word' id='word_1_377' title='bbox 1467 4456 1515 4508; x_wconf 93' lang='lat' dir='ltr'><strong>in</strong></span> <span class='ocrx_word' id='word_1_378' title='bbox 1549 4456 1721 4510; x_wconf 90' lang='lat' dir='ltr'><strong>locum</strong></span> <span class='ocrx_word' id='word_1_379' title='bbox 1754 4457 1934 4525; x_wconf 79' lang='lat' dir='ltr'><strong>profe-</strong></span> 
     </span>
    </p>
   </div>
   <div class='ocr_carea' id='block_1_46' title="bbox 352 4544 1933 4612">
    <p class='ocr_par' dir='ltr' id='par_1_46' title="bbox 352 4544 1933 4612">
     <span class='ocr_line' id='line_1_46' title="bbox 352 4544 1933 4612; baseline -0.001 -10"><span class='ocrx_word' id='word_1_380' title='bbox 352 4548 583 4602; x_wconf 88' lang='lat' dir='ltr'><strong>ctionem</strong></span> <span class='ocrx_word' id='word_1_381' title='bbox 612 4546 835 4611; x_wconf 86' lang='lat' dir='ltr'><strong>iudicat;</strong></span> <span class='ocrx_word' id='word_1_382' title='bbox 867 4544 961 4600; x_wconf 89' lang='lat' dir='ltr'><strong>sed</strong></span> <span class='ocrx_word' id='word_1_383' title='bbox 992 4559 1054 4599; x_wconf 83' lang='lat' dir='ltr'><strong>ex</strong></span> <span class='ocrx_word' id='word_1_384' title='bbox 1103 4544 1351 4612; x_wconf 82' lang='lat' dir='ltr'><strong>invisibili</strong></span> <span class='ocrx_word' id='word_1_385' title='bbox 1402 4544 1677 4600; x_wconf 89' lang='lat' dir='ltr'><strong>divinitate</strong></span> <span class='ocrx_word' id='word_1_386' title='bbox 1713 4546 1763 4599; x_wconf 93' lang='lat' dir='ltr'><strong>in</strong></span> <span class='ocrx_word' id='word_1_387' title='bbox 1806 4561 1933 4601; x_wconf 88' lang='lat' dir='ltr'><strong>con—</strong></span> 
     </span>
    </p>
   </div>
   <div class='ocr_carea' id='block_1_47' title="bbox 355 4635 1935 4709">
    <p class='ocr_par' dir='ltr' id='par_1_47' title="bbox 355 4635 1935 4709">
     <span class='ocr_line' id='line_1_47' title="bbox 355 4635 1935 4709; baseline 0 -17"><span class='ocrx_word' id='word_1_388' title='bbox 355 4640 590 4709; x_wconf 89' lang='lat' dir='ltr'><strong>spicuam</strong></span> <span class='ocrx_word' id='word_1_389' title='bbox 625 4637 984 4707; x_wconf 66' lang='lat' dir='ltr'><strong>praesentiam.</strong></span> <span class='ocrx_word' id='word_1_390' title='bbox 1014 4635 1198 4706; x_wconf 87' lang='lat' dir='ltr'><strong>Neque</strong></span> <span class='ocrx_word' id='word_1_391' title='bbox 1222 4637 1367 4690; x_wconf 88' lang='lat' dir='ltr'><strong>enim</strong></span> <span class='ocrx_word' id='word_1_392' title='bbox 1391 4651 1512 4690; x_wconf 92' lang='lat' dir='ltr'><strong>cum</strong></span> <span class='ocrx_word' id='word_1_393' title='bbox 1544 4638 1594 4691; x_wconf 91' lang='lat' dir='ltr'><strong>in</strong></span> <span class='ocrx_word' id='word_1_394' title='bbox 1624 4644 1819 4691; x_wconf 89' lang='lat' dir='ltr'><strong>terram</strong></span> <span class='ocrx_word' id='word_1_395' title='bbox 1850 4652 1935 4693; x_wconf 89' lang='lat' dir='ltr'><strong>se-</strong></span> 
     </span>
    </p>
   </div>
   <div class='ocr_carea' id='block_1_48' title="bbox 354 4727 1931 4794">
    <p class='ocr_par' dir='ltr' id='par_1_48' title="bbox 354 4727 1931 4794">
     <span class='ocr_line' id='line_1_48' title="bbox 354 4727 1931 4794; baseline -0.003 -9"><span class='ocrx_word' id='word_1_396' title='bbox 354 4730 582 4785; x_wconf 71' lang='lat' dir='ltr'><strong>cundum</strong></span> <span class='ocrx_word' id='word_1_397' title='bbox 607 4728 890 4783; x_wconf 84' lang='lat' dir='ltr'><strong>humanam</strong></span> <span class='ocrx_word' id='word_1_398' title='bbox 918 4736 1161 4782; x_wconf 81' lang='lat' dir='ltr'><strong>naturam</strong></span> <span class='ocrx_word' id='word_1_399' title='bbox 1192 4737 1243 4779; x_wconf 93' lang='lat' dir='ltr'><strong>ct</strong></span> <span class='ocrx_word' id='word_1_400' title='bbox 1277 4742 1369 4794; x_wconf 81' lang='lat' dir='ltr'><strong>per</strong></span> <span class='ocrx_word' id='word_1_401' title='bbox 1392 4730 1740 4781; x_wconf 58' lang='lat' dir='ltr'><strong>oeconomiam</strong></span> <span class='ocrx_word' id='word_1_402' title='bbox 1770 4727 1931 4793; x_wconf 79' lang='lat' dir='ltr'><strong>venit,</strong></span> 
     </span>
    </p>
   </div>
   <div class='ocr_carea' id='block_1_49' title="bbox 354 4819 1937 4891">
    <p class='ocr_par' dir='ltr' id='par_1_49' title="bbox 354 4819 1937 4891">
     <span class='ocr_line' id='line_1_49' title="bbox 354 4819 1937 4891; baseline 0 -15"><span class='ocrx_word' id='word_1_403' title='bbox 354 4822 518 4876; x_wconf 66' lang='lat' dir='ltr'><strong>cados</strong></span> <span class='ocrx_word' id='word_1_404' title='bbox 546 4835 641 4877; x_wconf 89' lang='lat' dir='ltr'><strong>sua</strong></span> <span class='ocrx_word' id='word_1_405' title='bbox 664 4820 939 4891; x_wconf 74' lang='lat' dir='ltr'><strong>majestate</strong></span> <span class='ocrx_word' id='word_1_406' title='bbox 968 4833 1164 4873; x_wconf 89' lang='lat' dir='ltr'><strong>vacuos</strong></span> <span class='ocrx_word' id='word_1_407' title='bbox 1191 4819 1419 4888; x_wconf 85' lang='lat' dir='ltr'><strong>reliquit,</strong></span> <span class='ocrx_word' id='word_1_408' title='bbox 1452 4834 1623 4889; x_wconf 85' lang='lat' dir='ltr'><strong>neque</strong></span> <span class='ocrx_word' id='word_1_409' title='bbox 1648 4836 1786 4875; x_wconf 91' lang='lat' dir='ltr'><strong>nunc</strong></span> <span class='ocrx_word' id='word_1_410' title='bbox 1816 4830 1937 4891; x_wconf 90' lang='lat' dir='ltr'><strong>post</strong></span> 
     </span>
    </p>
   </div>
   <div class='ocr_carea' id='block_1_50' title="bbox 355 4909 1936 4982">
    <p class='ocr_par' dir='ltr' id='par_1_50' title="bbox 355 4909 1936 4982">
     <span class='ocr_line' id='line_1_50' title="bbox 355 4909 1936 4982; baseline 0 -15"><span class='ocrx_word' id='word_1_411' title='bbox 355 4914 530 4967; x_wconf 87' lang='lat' dir='ltr'><strong>carnis</strong></span> <span class='ocrx_word' id='word_1_412' title='bbox 559 4912 997 4982; x_wconf 88' lang='lat' dir='ltr'><strong>assumptionem,</strong></span> <span class='ocrx_word' id='word_1_413' title='bbox 1022 4919 1215 4965; x_wconf 89' lang='lat' dir='ltr'><strong>terram</strong></span> <span class='ocrx_word' id='word_1_414' title='bbox 1240 4909 1455 4980; x_wconf 85' lang='lat' dir='ltr'><strong>reliquit</strong></span> <span class='ocrx_word' id='word_1_415' title='bbox 1481 4926 1574 4965; x_wconf 88' lang='lat' dir='ltr'><strong>sua</strong></span> <span class='ocrx_word' id='word_1_416' title='bbox 1596 4911 1936 4967; x_wconf 83' lang='lat' dir='ltr'><strong>administra-</strong></span> 
     </span>
    </p>
   </div>
   <div class='ocr_carea' id='block_1_51' title="bbox 355 5002 1935 5060">
    <p class='ocr_par' dir='ltr' id='par_1_51' title="bbox 355 5002 1935 5060">
     <span class='ocr_line' id='line_1_51' title="bbox 355 5002 1935 5060; baseline 0 -1"><span class='ocrx_word' id='word_1_417' title='bbox 355 5007 499 5059; x_wconf 92' lang='lat' dir='ltr'><strong>tione</strong></span> <span class='ocrx_word' id='word_1_418' title='bbox 527 5019 764 5058; x_wconf 88' lang='lat' dir='ltr'><strong>vacuam.</strong></span> <span class='ocrx_word' id='word_1_419' title='bbox 798 5003 994 5058; x_wconf 90' lang='lat' dir='ltr'><strong>lterum</strong></span> <span class='ocrx_word' id='word_1_420' title='bbox 1022 5018 1136 5057; x_wconf 90' lang='lat' dir='ltr'><strong>rem</strong></span> <span class='ocrx_word' id='word_1_421' title='bbox 1169 5002 1274 5056; x_wconf 87' lang='lat' dir='ltr'><strong>alio</strong></span> <span class='ocrx_word' id='word_1_422' title='bbox 1300 5002 1457 5056; x_wconf 89' lang='lat' dir='ltr'><strong>modo</strong></span> <span class='ocrx_word' id='word_1_423' title='bbox 1492 5003 1841 5060; x_wconf 82' lang='lat' dir='ltr'><strong>excutiamus.</strong></span> <span class='ocrx_word' id='word_1_424' title='bbox 1878 5006 1935 5060; x_wconf 84' lang='lat' dir='ltr'><strong>Si</strong></span> 
     </span>
    </p>
   </div>
   <div class='ocr_carea' id='block_1_52' title="bbox 355 5092 1936 5158">
    <p class='ocr_par' dir='ltr' id='par_1_52' title="bbox 355 5092 1936 5158">
     <span class='ocr_line' id='line_1_52' title="bbox 355 5092 1936 5158; baseline 0.001 -9"><span class='ocrx_word' id='word_1_425' title='bbox 355 5093 644 5150; x_wconf 82' lang='lat' dir='ltr'><strong>secundum</strong></span> <span class='ocrx_word' id='word_1_426' title='bbox 670 5094 900 5158; x_wconf 79' lang='lat' dir='ltr'><strong>literam,</strong></span> <span class='ocrx_word' id='word_1_427' title='bbox 929 5092 1140 5157; x_wconf 74' lang='lat' dir='ltr'><strong>fratres,</strong></span> <span class='ocrx_word' id='word_1_428' title='bbox 1168 5093 1322 5147; x_wconf 87' lang='lat' dir='ltr'><strong>Pater</strong></span> <span class='ocrx_word' id='word_1_429' title='bbox 1339 5093 1480 5148; x_wconf 91' lang='lat' dir='ltr'><strong>misit</strong></span> <span class='ocrx_word' id='word_1_430' title='bbox 1500 5092 1688 5149; x_wconf 87' lang='lat' dir='ltr'><strong>Filium</strong></span> <span class='ocrx_word' id='word_1_431' title='bbox 1712 5097 1764 5149; x_wconf 92' lang='lat' dir='ltr'><strong>in</strong></span> <span class='ocrx_word' id='word_1_432' title='bbox 1783 5113 1936 5151; x_wconf 87' lang='lat' dir='ltr'><strong>mun-</strong></span> 
     </span>
    </p>
   </div>
   <div class='ocr_carea' id='block_1_53' title="bbox 355 5185 1935 5259">
    <p class='ocr_par' dir='ltr' id='par_1_53' title="bbox 355 5185 1935 5259">
     <span class='ocr_line' id='line_1_53' title="bbox 355 5185 1935 5259; baseline 0.001 -19"><span class='ocrx_word' id='word_1_433' title='bbox 355 5187 502 5252; x_wconf 89' lang='lat' dir='ltr'><strong>dum,</strong></span> <span class='ocrx_word' id='word_1_434' title='bbox 534 5186 705 5255; x_wconf 81' lang='lat' dir='ltr'><strong>palam</strong></span> <span class='ocrx_word' id='word_1_435' title='bbox 753 5195 838 5240; x_wconf 88' lang='lat' dir='ltr'><strong>est</strong></span> <span class='ocrx_word' id='word_1_436' title='bbox 878 5185 1173 5240; x_wconf 87' lang='lat' dir='ltr'><strong>mittentem</strong></span> <span class='ocrx_word' id='word_1_437' title='bbox 1218 5200 1248 5239; x_wconf 88' lang='lat' dir='ltr'><strong>a</strong></span> <span class='ocrx_word' id='word_1_438' title='bbox 1298 5186 1463 5243; x_wconf 89' lang='lat' dir='ltr'><strong>misso</strong></span> <span class='ocrx_word' id='word_1_439' title='bbox 1489 5186 1778 5241; x_wconf 92' lang='lat' dir='ltr'><strong>secundum</strong></span> <span class='ocrx_word' id='word_1_440' title='bbox 1808 5203 1935 5259; x_wconf 63' lang='grc' dir='ltr'><strong>ρτορ</strong></span> 
     </span>
    </p>
   </div>
   <div class='ocr_carea' id='block_1_54' title="bbox 351 5276 1935 5349">
    <p class='ocr_par' dir='ltr' id='par_1_54' title="bbox 351 5276 1935 5349">
     <span class='ocr_line' id='line_1_54' title="bbox 351 5276 1935 5349; baseline 0.002 -19"><span class='ocrx_word' id='word_1_441' title='bbox 351 5280 523 5349; x_wconf 78' lang='lat' dir='ltr'><strong>priam</strong></span> <span class='ocrx_word' id='word_1_442' title='bbox 570 5277 854 5331; x_wconf 81' lang='lat' dir='ltr'><strong>stationem</strong></span> <span class='ocrx_word' id='word_1_443' title='bbox 900 5286 1200 5347; x_wconf 88' lang='lat' dir='ltr'><strong>separatum</strong></span> <span class='ocrx_word' id='word_1_444' title='bbox 1241 5291 1380 5332; x_wconf 88' lang='lat' dir='ltr'><strong>esse.</strong></span> <span class='ocrx_word' id='word_1_445' title='bbox 1421 5276 1555 5332; x_wconf 87' lang='lat' dir='ltr'><strong>Nam</strong></span> <span class='ocrx_word' id='word_1_446' title='bbox 1597 5278 1639 5331; x_wconf 91' lang='lat' dir='ltr'><strong>si</strong></span> <span class='ocrx_word' id='word_1_447' title='bbox 1669 5294 1787 5333; x_wconf 92' lang='lat' dir='ltr'><strong>cum</strong></span> <span class='ocrx_word' id='word_1_448' title='bbox 1820 5279 1935 5349; x_wconf 85' lang='lat' dir='ltr'><strong>ipso</strong></span> 
     </span>
    </p>
   </div>
   <div class='ocr_carea' id='block_1_55' title="bbox 352 5368 1933 5440">
    <p class='ocr_par' dir='ltr' id='par_1_55' title="bbox 352 5368 1933 5440">
     <span class='ocr_line' id='line_1_55' title="bbox 352 5368 1933 5440; baseline -0.001 -15"><span class='ocrx_word' id='word_1_449' title='bbox 352 5380 456 5436; x_wconf 87' lang='lat' dir='ltr'><strong>est,</strong></span> <span class='ocrx_word' id='word_1_450' title='bbox 494 5384 948 5440; x_wconf 70' lang='lat' dir='ltr'><strong>supervacaneum</strong></span> <span class='ocrx_word' id='word_1_451' title='bbox 978 5379 1059 5424; x_wconf 89' lang='lat' dir='ltr'><strong>est</strong></span> <span class='ocrx_word' id='word_1_452' title='bbox 1099 5368 1247 5437; x_wconf 92' lang='lat' dir='ltr'><strong>illud,</strong></span> <span class='ocrx_word' id='word_1_453' title='bbox 1294 5369 1435 5424; x_wconf 79' lang='lat' dir='ltr'><strong>Misit</strong></span> <span class='ocrx_word' id='word_1_454' title='bbox 1450 5370 1569 5434; x_wconf 77' lang='lat' dir='ltr'><strong>:,sin</strong></span> <span class='ocrx_word' id='word_1_455' title='bbox 1599 5385 1726 5424; x_wconf 91' lang='lat' dir='ltr'><strong>vero</strong></span> <span class='ocrx_word' id='word_1_456' title='bbox 1769 5371 1933 5438; x_wconf 89' lang='lat' dir='ltr'><strong>misit,</strong></span> 
     </span>
    </p>
   </div>
   <div class='ocr_carea' id='block_1_56' title="bbox 353 5462 1935 5533">
    <p class='ocr_par' dir='ltr' id='par_1_56' title="bbox 353 5462 1935 5533">
     <span class='ocr_line' id='line_1_56' title="bbox 353 5462 1935 5533; baseline 0 -15"><span class='ocrx_word' id='word_1_457' title='bbox 353 5478 573 5519; x_wconf 77' lang='lat' dir='ltr'><strong>necesse</strong></span> <span class='ocrx_word' id='word_1_458' title='bbox 599 5473 679 5517; x_wconf 91' lang='lat' dir='ltr'><strong>est</strong></span> <span class='ocrx_word' id='word_1_459' title='bbox 704 5474 1008 5532; x_wconf 86' lang='lat' dir='ltr'><strong>separatum</strong></span> <span class='ocrx_word' id='word_1_460' title='bbox 1035 5477 1174 5529; x_wconf 90' lang='lat' dir='ltr'><strong>esse,</strong></span> <span class='ocrx_word' id='word_1_461' title='bbox 1203 5464 1246 5517; x_wconf 92' lang='lat' dir='ltr'><strong>si</strong></span> <span class='ocrx_word' id='word_1_462' title='bbox 1285 5462 1496 5533; x_wconf 88' lang='lat' dir='ltr'><strong>quidem</strong></span> <span class='ocrx_word' id='word_1_463' title='bbox 1526 5463 1672 5519; x_wconf 87' lang='lat' dir='ltr'><strong>verbi</strong></span> <span class='ocrx_word' id='word_1_464' title='bbox 1710 5463 1814 5516; x_wconf 91' lang='lat' dir='ltr'><strong>vim</strong></span> <span class='ocrx_word' id='word_1_465' title='bbox 1845 5478 1935 5518; x_wconf 87' lang='lat' dir='ltr'><strong>re-</strong></span> 
     </span>
    </p>
   </div>
   <div class='ocr_carea' id='block_1_57' title="bbox 352 5554 1935 5625">
    <p class='ocr_par' dir='ltr' id='par_1_57' title="bbox 352 5554 1935 5625">
     <span class='ocr_line' id='line_1_57' title="bbox 352 5554 1935 5625; baseline 0 -17"><span class='ocrx_word' id='word_1_466' title='bbox 352 5557 565 5625; x_wconf 85' lang='lat' dir='ltr'><strong>spicias.</strong></span> <span class='ocrx_word' id='word_1_467' title='bbox 613 5558 682 5609; x_wconf 80' lang='lat' dir='ltr'><strong>At</strong></span> <span class='ocrx_word' id='word_1_468' title='bbox 720 5568 1050 5623; x_wconf 84' lang='lat' dir='ltr'><strong>nequaquam</strong></span> <span class='ocrx_word' id='word_1_469' title='bbox 1075 5554 1339 5609; x_wconf 88' lang='lat' dir='ltr'><strong>serviliter</strong></span> <span class='ocrx_word' id='word_1_470' title='bbox 1379 5564 1588 5624; x_wconf 87' lang='lat' dir='ltr'><strong>oportet</strong></span> <span class='ocrx_word' id='word_1_471' title='bbox 1618 5554 1795 5610; x_wconf 87' lang='lat' dir='ltr'><strong>verbis</strong></span> <span class='ocrx_word' id='word_1_472' title='bbox 1824 5554 1935 5608; x_wconf 68' lang='lat' dir='ltr'><strong>hac-</strong></span> 
     </span>
    </p>
   </div>
   <div class='ocr_carea' id='block_1_58' title="bbox 356 5644 1935 5716">
    <p class='ocr_par' dir='ltr' id='par_1_58' title="bbox 356 5644 1935 5716">
     <span class='ocr_line' id='line_1_58' title="bbox 356 5644 1935 5716; baseline 0 -15"><span class='ocrx_word' id='word_1_473' title='bbox 356 5663 496 5711; x_wconf 87' lang='lat' dir='ltr'><strong>rcre,</strong></span> <span class='ocrx_word' id='word_1_474' title='bbox 525 5647 618 5701; x_wconf 87' lang='lat' dir='ltr'><strong>sed</strong></span> <span class='ocrx_word' id='word_1_475' title='bbox 643 5662 763 5699; x_wconf 89' lang='lat' dir='ltr'><strong>cum</strong></span> <span class='ocrx_word' id='word_1_476' title='bbox 792 5644 893 5698; x_wconf 87' lang='lat' dir='ltr'><strong>lide</strong></span> <span class='ocrx_word' id='word_1_477' title='bbox 923 5645 1231 5712; x_wconf 87' lang='lat' dir='ltr'><strong>procedere.</strong></span> <span class='ocrx_word' id='word_1_478' title='bbox 1264 5646 1332 5701; x_wconf 83' lang='lat' dir='ltr'><strong>Et</strong></span> <span class='ocrx_word' id='word_1_479' title='bbox 1358 5649 1477 5716; x_wconf 86' lang='lat' dir='ltr'><strong>quis</strong></span> <span class='ocrx_word' id='word_1_480' title='bbox 1505 5647 1659 5701; x_wconf 87' lang='lat' dir='ltr'><strong>nobis</strong></span> <span class='ocrx_word' id='word_1_481' title='bbox 1686 5648 1935 5702; x_wconf 81' lang='lat' dir='ltr'><strong>testiﬁca-</strong></span> 
     </span>
    </p>
   </div>
   <div class='ocr_carea' id='block_1_59' title="bbox 357 5733 1933 5805">
    <p class='ocr_par' dir='ltr' id='par_1_59' title="bbox 357 5733 1933 5805">
     <span class='ocr_line' id='line_1_59' title="bbox 357 5733 1933 5805; baseline 0.001 -14"><span class='ocrx_word' id='word_1_482' title='bbox 357 5738 521 5799; x_wconf 88' lang='lat' dir='ltr'><strong>hitur,</strong></span> <span class='ocrx_word' id='word_1_483' title='bbox 552 5751 696 5799; x_wconf 89' lang='lat' dir='ltr'><strong>eum,</strong></span> <span class='ocrx_word' id='word_1_484' title='bbox 724 5734 817 5805; x_wconf 89' lang='lat' dir='ltr'><strong>qui</strong></span> <span class='ocrx_word' id='word_1_485' title='bbox 840 5733 890 5787; x_wconf 92' lang='lat' dir='ltr'><strong>in</strong></span> <span class='ocrx_word' id='word_1_486' title='bbox 915 5742 1055 5789; x_wconf 86' lang='lat' dir='ltr'><strong>terra</strong></span> <span class='ocrx_word' id='word_1_487' title='bbox 1075 5737 1338 5803; x_wconf 88' lang='lat' dir='ltr'><strong>apparuit,</strong></span> <span class='ocrx_word' id='word_1_488' title='bbox 1363 5738 1525 5792; x_wconf 90' lang='lat' dir='ltr'><strong>etiam</strong></span> <span class='ocrx_word' id='word_1_489' title='bbox 1547 5739 1599 5791; x_wconf 92' lang='lat' dir='ltr'><strong>in</strong></span> <span class='ocrx_word' id='word_1_490' title='bbox 1630 5737 1775 5791; x_wconf 68' lang='lat' dir='ltr'><strong>caelis</strong></span> <span class='ocrx_word' id='word_1_491' title='bbox 1802 5736 1933 5792; x_wconf 81' lang='lat' dir='ltr'><strong>fuis-</strong></span> 
     </span>
    </p>
   </div>
   <div class='ocr_carea' id='block_1_60' title="bbox 358 5824 1930 5897">
    <p class='ocr_par' dir='ltr' id='par_1_60' title="bbox 358 5824 1930 5897">
     <span class='ocr_line' id='line_1_60' title="bbox 358 5824 1930 5897; baseline -0.002 -10"><span class='ocrx_word' id='word_1_492' title='bbox 358 5832 455 5887; x_wconf 77' lang='lat' dir='ltr'><strong>se?</strong></span> <span class='ocrx_word' id='word_1_493' title='bbox 479 5827 601 5897; x_wconf 86' lang='lat' dir='ltr'><strong>quis</strong></span> <span class='ocrx_word' id='word_1_494' title='bbox 627 5842 809 5885; x_wconf 86' lang='lat' dir='ltr'><strong>sermo</strong></span> <span class='ocrx_word' id='word_1_495' title='bbox 839 5824 1233 5895; x_wconf 76' lang='lat' dir='ltr'><strong>testiﬁcabitur,</strong></span> <span class='ocrx_word' id='word_1_496' title='bbox 1250 5844 1369 5884; x_wconf 91' lang='lat' dir='ltr'><strong>eum</strong></span> <span class='ocrx_word' id='word_1_497' title='bbox 1401 5846 1430 5885; x_wconf 89' lang='lat' dir='ltr'><strong>a</strong></span> <span class='ocrx_word' id='word_1_498' title='bbox 1458 5830 1613 5887; x_wconf 81' lang='lat' dir='ltr'><strong>Patre</strong></span> <span class='ocrx_word' id='word_1_499' title='bbox 1651 5829 1869 5885; x_wconf 90' lang='lat' dir='ltr'><strong>missum</strong></span> <span class='ocrx_word' id='word_1_500' title='bbox 1899 5845 1930 5884; x_wconf 86' lang='lat' dir='ltr'><strong>a</strong></span> 
     </span>
    </p>
   </div>
   <div class='ocr_carea' id='block_1_61' title="bbox 1541 369 2344 430">
    <p class='ocr_par' dir='ltr' id='par_1_61' title="bbox 1541 369 2344 430">
     <span class='ocr_line' id='line_1_61' title="bbox 1541 369 2344 430; baseline 0.002 -3"><span class='ocrx_word' id='word_1_501' title='bbox 1541 370 1629 427; x_wconf 87' lang='lat' dir='ltr'><strong>DE</strong></span> <span class='ocrx_word' id='word_1_502' title='bbox 1667 369 2025 428; x_wconf 78' lang='lat' dir='ltr'><strong>SERPENTE</strong></span> <span class='ocrx_word' id='word_1_503' title='bbox 2063 370 2344 430; x_wconf 78' lang='lat' dir='ltr'><strong>HOMILIA</strong></span> 
     </span>
    </p>
   </div>
   <div class='ocr_carea' id='block_1_62' title="bbox 3507 383 3613 441">
    <p class='ocr_par' dir='ltr' id='par_1_62' title="bbox 3507 383 3613 441">
     <span class='ocr_line' id='line_1_62' title="bbox 3507 383 3613 441; baseline 0 0"><span class='ocrx_word' id='word_1_504' title='bbox 3507 383 3613 441; x_wconf 77' lang='lat'><strong>506</strong></span> 
     </span>
    </p>
   </div>
   <div class='ocr_carea' id='block_1_63' title="bbox 2030 485 3607 558">
    <p class='ocr_par' dir='ltr' id='par_1_63' title="bbox 2030 485 3607 558">
     <span class='ocr_line' id='line_1_63' title="bbox 2030 485 3607 558; baseline 0.008 -18"><span class='ocrx_word' id='word_1_505' title='bbox 2030 485 2187 542; x_wconf 86' lang='lat' dir='ltr'><strong>Patre</strong></span> <span class='ocrx_word' id='word_1_506' title='bbox 2224 489 2529 558; x_wconf 70' lang='lat' dir='ltr'><strong>separatum</strong></span> <span class='ocrx_word' id='word_1_507' title='bbox 2555 503 2663 546; x_wconf 87' lang='lat' dir='ltr'><strong>non</strong></span> <span class='ocrx_word' id='word_1_508' title='bbox 2703 489 2906 549; x_wconf 84' lang='lat' dir='ltr'><strong>fuisse?</strong></span> <span class='ocrx_word' id='word_1_509' title='bbox 2930 491 2989 550; x_wconf 88' lang='lat' dir='ltr'><strong>Si</strong></span> <span class='ocrx_word' id='word_1_510' title='bbox 3017 494 3216 551; x_wconf 88' lang='lat' dir='ltr'><strong>missus</strong></span> <span class='ocrx_word' id='word_1_511' title='bbox 3242 503 3326 552; x_wconf 87' lang='lat' dir='ltr'><strong>est</strong></span> <span class='ocrx_word' id='word_1_512' title='bbox 3363 495 3418 552; x_wconf 89' lang='lat' dir='ltr'><strong>in</strong></span> <span class='ocrx_word' id='word_1_513' title='bbox 3445 512 3607 552; x_wconf 79' lang='lat' dir='ltr'><strong>mun-</strong></span> 
     </span>
    </p>
   </div>
   <div class='ocr_carea' id='block_1_64' title="bbox 2026 578 3606 660">
    <p class='ocr_par' dir='ltr' id='par_1_64' title="bbox 2026 578 3606 660">
     <span class='ocr_line' id='line_1_64' title="bbox 2026 578 3606 660; baseline 0.008 -27"><span class='ocrx_word' id='word_1_514' title='bbox 2026 578 2177 645; x_wconf 90' lang='lat' dir='ltr'><strong>dum,</strong></span> <span class='ocrx_word' id='word_1_515' title='bbox 2205 588 2265 634; x_wconf 92' lang='lat' dir='ltr'><strong>ut</strong></span> <span class='ocrx_word' id='word_1_516' title='bbox 2290 581 2546 651; x_wconf 88' lang='lat' dir='ltr'><strong>scriptum</strong></span> <span class='ocrx_word' id='word_1_517' title='bbox 2570 590 2673 650; x_wconf 86' lang='lat' dir='ltr'><strong>est,</strong></span> <span class='ocrx_word' id='word_1_518' title='bbox 2704 584 2751 638; x_wconf 93' lang='lat' dir='ltr'><strong>si</strong></span> <span class='ocrx_word' id='word_1_519' title='bbox 2776 584 2869 655; x_wconf 87' lang='lat' dir='ltr'><strong>qui</strong></span> <span class='ocrx_word' id='word_1_520' title='bbox 2897 586 3045 642; x_wconf 90' lang='lat' dir='ltr'><strong>misit</strong></span> <span class='ocrx_word' id='word_1_521' title='bbox 3066 601 3097 641; x_wconf 88' lang='lat' dir='ltr'><strong>a</strong></span> <span class='ocrx_word' id='word_1_522' title='bbox 3118 588 3285 645; x_wconf 90' lang='lat' dir='ltr'><strong>misso</strong></span> <span class='ocrx_word' id='word_1_523' title='bbox 3304 600 3606 660; x_wconf 84' lang='lat' dir='ltr'><strong>separatur,</strong></span> 
     </span>
    </p>
   </div>
   <div class='ocr_carea' id='block_1_65' title="bbox 2026 670 3608 745">
    <p class='ocr_par' dir='ltr' id='par_1_65' title="bbox 2026 670 3608 745">
     <span class='ocr_line' id='line_1_65' title="bbox 2026 670 3608 745; baseline 0.008 -22"><span class='ocrx_word' id='word_1_524' title='bbox 2026 670 2295 740; x_wconf 89' lang='lat' dir='ltr'><strong>quomodo</strong></span> <span class='ocrx_word' id='word_1_525' title='bbox 2319 670 2549 739; x_wconf 89' lang='lat' dir='ltr'><strong>dicebat,</strong></span> <span class='ocrx_word' id='word_1_526' title='bbox 2586 670 2699 744; x_wconf 83' lang='lat' dir='ltr'><strong>Ego</strong></span> <span class='ocrx_word' id='word_1_527' title='bbox 2736 673 2789 729; x_wconf 86' lang='lat' dir='ltr'><strong>in</strong></span> <span class='ocrx_word' id='word_1_528' title='bbox 2816 674 2996 745; x_wconf 87' lang='lat' dir='ltr'><strong>Patre,</strong></span> <span class='ocrx_word' id='word_1_529' title='bbox 3039 685 3090 732; x_wconf 87' lang='lat' dir='ltr'><strong>et</strong></span> <span class='ocrx_word' id='word_1_530' title='bbox 3125 676 3285 733; x_wconf 83' lang='lat' dir='ltr'><strong>Pater</strong></span> <span class='ocrx_word' id='word_1_531' title='bbox 3322 679 3377 733; x_wconf 85' lang='lat' dir='ltr'><strong>in</strong></span> <span class='ocrx_word' id='word_1_532' title='bbox 3403 680 3521 734; x_wconf 81' lang='lat' dir='ltr'><strong>me?</strong></span> <span class='ocrx_word' id='word_1_533' title='bbox 3544 694 3608 735; x_wconf 84' lang='lat' dir='ltr'><strong>ac</strong></span> 
     </span>
    </p>
   </div>
   <div class='ocr_carea' id='block_1_66' title="bbox 2029 763 3609 839">
    <p class='ocr_par' dir='ltr' id='par_1_66' title="bbox 2029 763 3609 839">
     <span class='ocr_line' id='line_1_66' title="bbox 2029 763 3609 839; baseline 0.007 -24"><span class='ocrx_word' id='word_1_534' title='bbox 2029 775 2215 817; x_wconf 88' lang='lat' dir='ltr'><strong>rursus</strong></span> <span class='ocrx_word' id='word_1_535' title='bbox 2256 763 2523 832; x_wconf 89' lang='lat' dir='ltr'><strong>quomodo</strong></span> <span class='ocrx_word' id='word_1_536' title='bbox 2550 763 2779 832; x_wconf 88' lang='lat' dir='ltr'><strong>dicebat,</strong></span> <span class='ocrx_word' id='word_1_537' title='bbox 2812 764 2881 821; x_wconf 83' lang='lat' dir='ltr'><strong>Et</strong></span> <span class='ocrx_word' id='word_1_538' title='bbox 2908 768 2995 837; x_wconf 82' lang='lat' dir='ltr'><strong>qui</strong></span> <span class='ocrx_word' id='word_1_539' title='bbox 3020 769 3157 824; x_wconf 81' lang='lat' dir='ltr'><strong>misit</strong></span> <span class='ocrx_word' id='word_1_540' title='bbox 3183 786 3264 825; x_wconf 87' lang='lat' dir='ltr'><strong>me</strong></span> <span class='ocrx_word' id='word_1_541' title='bbox 3287 769 3463 839; x_wconf 82' lang='lat' dir='ltr'><strong>Pater,</strong></span> <span class='ocrx_word' id='word_1_542' title='bbox 3498 788 3609 825; x_wconf 81' lang='lat' dir='ltr'><strong>me-</strong></span> 
     </span>
    </p>
   </div>
   <div class='ocr_carea' id='block_1_67' title="bbox 2026 853 3599 930">
    <p class='ocr_par' dir='ltr' id='par_1_67' title="bbox 2026 853 3599 930">
     <span class='ocr_line' id='line_1_67' title="bbox 2026 853 3599 930; baseline 0.008 -23"><span class='ocrx_word' id='word_1_543' title='bbox 2026 870 2141 908; x_wconf 80' lang='lat' dir='ltr'><strong>eum</strong></span> <span class='ocrx_word' id='word_1_544' title='bbox 2163 864 2235 909; x_wconf 88' lang='lat' dir='ltr'><strong>est</strong></span> <span class='ocrx_word' id='word_1_545' title='bbox 2264 853 2441 927; x_wconf 84' lang='lat' dir='ltr'><strong>(Joan.</strong></span> <span class='ocrx_word' id='word_1_546' title='bbox 2474 857 2562 912; x_wconf 76' lang='lat' dir='ltr'><strong>M.</strong></span> <span class='ocrx_word' id='word_1_547' title='bbox 2594 858 2683 913; x_wconf 74' lang='lat' dir='ltr'><strong>il.</strong></span> <span class='ocrx_word' id='word_1_548' title='bbox 2712 868 2759 912; x_wconf 91' lang='lat' dir='ltr'><strong>et</strong></span> <span class='ocrx_word' id='word_1_549' title='bbox 2785 857 2838 912; x_wconf 90' lang='lat'><strong>8.</strong></span> <span class='ocrx_word' id='word_1_550' title='bbox 2869 859 2996 930; x_wconf 81' lang='lat' dir='ltr'><strong>l6)?</strong></span> <span class='ocrx_word' id='word_1_551' title='bbox 3026 861 3186 917; x_wconf 86' lang='lat' dir='ltr'><strong>Vides</strong></span> <span class='ocrx_word' id='word_1_552' title='bbox 3222 872 3462 918; x_wconf 89' lang='lat' dir='ltr'><strong>naturam</strong></span> <span class='ocrx_word' id='word_1_553' title='bbox 3494 880 3599 920; x_wconf 91' lang='lat' dir='ltr'><strong>non</strong></span> 
     </span>
    </p>
   </div>
   <div class='ocr_carea' id='block_1_68' title="bbox 2027 946 3610 1015">
    <p class='ocr_par' dir='ltr' id='par_1_68' title="bbox 2027 946 3610 1015">
     <span class='ocr_line' id='line_1_68' title="bbox 2027 946 3610 1015; baseline 0.008 -14"><span class='ocrx_word' id='word_1_554' title='bbox 2027 946 2297 1015; x_wconf 89' lang='lat' dir='ltr'><strong>separari:</strong></span> <span class='ocrx_word' id='word_1_555' title='bbox 2328 949 2626 1004; x_wconf 73' lang='lat' dir='ltr'><strong>teconomia</strong></span> <span class='ocrx_word' id='word_1_556' title='bbox 2655 960 2833 1006; x_wconf 88' lang='lat' dir='ltr'><strong>autem</strong></span> <span class='ocrx_word' id='word_1_557' title='bbox 2858 951 2974 1008; x_wconf 89' lang='lat' dir='ltr'><strong>sive</strong></span> <span class='ocrx_word' id='word_1_558' title='bbox 3004 952 3301 1010; x_wconf 89' lang='lat' dir='ltr'><strong>incarnatio</strong></span> <span class='ocrx_word' id='word_1_559' title='bbox 3338 956 3610 1013; x_wconf 87' lang='lat' dir='ltr'><strong>missionis</strong></span> 
     </span>
    </p>
   </div>
   <div class='ocr_carea' id='block_1_69' title="bbox 2027 1040 3609 1116">
    <p class='ocr_par' dir='ltr' id='par_1_69' title="bbox 2027 1040 3609 1116">
     <span class='ocr_line' id='line_1_69' title="bbox 2027 1040 3609 1116; baseline 0.007 -23"><span class='ocrx_word' id='word_1_560' title='bbox 2027 1040 2259 1109; x_wconf 84' lang='lat' dir='ltr'><strong>speciem</strong></span> <span class='ocrx_word' id='word_1_561' title='bbox 2302 1041 2558 1096; x_wconf 90' lang='lat' dir='ltr'><strong>ostendit.</strong></span> <span class='ocrx_word' id='word_1_562' title='bbox 2601 1042 2739 1111; x_wconf 88' lang='lat' dir='ltr'><strong>Quid</strong></span> <span class='ocrx_word' id='word_1_563' title='bbox 2778 1059 2906 1115; x_wconf 89' lang='lat' dir='ltr'><strong>ergo</strong></span> <span class='ocrx_word' id='word_1_564' title='bbox 2938 1045 3040 1101; x_wconf 88' lang='lat' dir='ltr'><strong>sibi</strong></span> <span class='ocrx_word' id='word_1_565' title='bbox 3067 1046 3178 1102; x_wconf 90' lang='lat' dir='ltr'><strong>vult</strong></span> <span class='ocrx_word' id='word_1_566' title='bbox 3202 1047 3350 1116; x_wconf 89' lang='lat' dir='ltr'><strong>illud,</strong></span> <span class='ocrx_word' id='word_1_567' title='bbox 3379 1049 3609 1105; x_wconf 78' lang='lat' dir='ltr'><strong>Ascendo</strong></span> 
     </span>
    </p>
   </div>
   <div class='ocr_carea' id='block_1_70' title="bbox 2027 1130 3611 1211">
    <p class='ocr_par' dir='ltr' id='par_1_70' title="bbox 2027 1130 3611 1211">
     <span class='ocr_line' id='line_1_70' title="bbox 2027 1130 3611 1211; baseline 0.008 -27"><span class='ocrx_word' id='word_1_568' title='bbox 2027 1132 2096 1185; x_wconf 85' lang='lat' dir='ltr'><strong>ad</strong></span> <span class='ocrx_word' id='word_1_569' title='bbox 2140 1130 2348 1187; x_wconf 84' lang='lat' dir='ltr'><strong>Patrem</strong></span> <span class='ocrx_word' id='word_1_570' title='bbox 2387 1151 2554 1188; x_wconf 86' lang='lat' dir='ltr'><strong>meum</strong></span> <span class='ocrx_word' id='word_1_571' title='bbox 2582 1133 2764 1206; x_wconf 83' lang='lat' dir='ltr'><strong>(Joan.</strong></span> <span class='ocrx_word' id='word_1_572' title='bbox 2794 1136 2885 1193; x_wconf 75' lang='lat'><strong>20.</strong></span> <span class='ocrx_word' id='word_1_573' title='bbox 2927 1135 3057 1210; x_wconf 83' lang='lat' dir='ltr'><strong>l7)?</strong></span> <span class='ocrx_word' id='word_1_574' title='bbox 3082 1138 3138 1195; x_wconf 90' lang='lat' dir='ltr'><strong>Si</strong></span> <span class='ocrx_word' id='word_1_575' title='bbox 3163 1155 3283 1195; x_wconf 92' lang='lat' dir='ltr'><strong>cum</strong></span> <span class='ocrx_word' id='word_1_576' title='bbox 3314 1141 3429 1211; x_wconf 88' lang='lat' dir='ltr'><strong>ipso</strong></span> <span class='ocrx_word' id='word_1_577' title='bbox 3454 1141 3611 1197; x_wconf 80' lang='lat' dir='ltr'><strong>Pater</strong></span> 
     </span>
    </p>
   </div>
   <div class='ocr_carea' id='block_1_71' title="bbox 2026 1225 3610 1291">
    <p class='ocr_par' dir='ltr' id='par_1_71' title="bbox 2026 1225 3610 1291">
     <span class='ocr_line' id='line_1_71' title="bbox 2026 1225 3610 1291; baseline 0.006 -13"><span class='ocrx_word' id='word_1_578' title='bbox 2026 1232 2130 1291; x_wconf 90' lang='lat' dir='ltr'><strong>est,</strong></span> <span class='ocrx_word' id='word_1_579' title='bbox 2156 1238 2251 1278; x_wconf 92' lang='lat' dir='ltr'><strong>cur</strong></span> <span class='ocrx_word' id='word_1_580' title='bbox 2263 1225 2536 1279; x_wconf 85' lang='lat' dir='ltr'><strong>ascendit?</strong></span> <span class='ocrx_word' id='word_1_581' title='bbox 2563 1227 2820 1283; x_wconf 79' lang='lat' dir='ltr'><strong>Ascensio</strong></span> <span class='ocrx_word' id='word_1_582' title='bbox 2836 1228 2924 1284; x_wconf 89' lang='lat' dir='ltr'><strong>illa</strong></span> <span class='ocrx_word' id='word_1_583' title='bbox 2941 1228 3226 1287; x_wconf 88' lang='lat' dir='ltr'><strong>humanam</strong></span> <span class='ocrx_word' id='word_1_584' title='bbox 3246 1231 3445 1289; x_wconf 86' lang='lat' dir='ltr'><strong>Christi</strong></span> <span class='ocrx_word' id='word_1_585' title='bbox 3464 1249 3610 1289; x_wconf 77' lang='lat' dir='ltr'><strong>meo-</strong></span> 
     </span>
    </p>
   </div>
   <div class='ocr_carea' id='block_1_72' title="bbox 2027 1316 3610 1395">
    <p class='ocr_par' dir='ltr' id='par_1_72' title="bbox 2027 1316 3610 1395">
     <span class='ocr_line' id='line_1_72' title="bbox 2027 1316 3610 1395; baseline 0.009 -27"><span class='ocrx_word' id='word_1_586' title='bbox 2027 1316 2260 1371; x_wconf 88' lang='lat' dir='ltr'><strong>nomiam</strong></span> <span class='ocrx_word' id='word_1_587' title='bbox 2300 1316 2701 1387; x_wconf 88' lang='lat' dir='ltr'><strong>interpretatur,</strong></span> <span class='ocrx_word' id='word_1_588' title='bbox 2746 1322 2990 1391; x_wconf 89' lang='lat' dir='ltr'><strong>corporis</strong></span> <span class='ocrx_word' id='word_1_589' title='bbox 3033 1325 3470 1395; x_wconf 86' lang='lat' dir='ltr'><strong>assumptionem,</strong></span> <span class='ocrx_word' id='word_1_590' title='bbox 3503 1342 3610 1383; x_wconf 88' lang='lat' dir='ltr'><strong>non</strong></span> 
     </span>
    </p>
   </div>
   <div class='ocr_carea' id='block_1_73' title="bbox 2027 1408 3613 1479">
    <p class='ocr_par' dir='ltr' id='par_1_73' title="bbox 2027 1408 3613 1479">
     <span class='ocr_line' id='line_1_73' title="bbox 2027 1408 3613 1479; baseline 0.008 -19"><span class='ocrx_word' id='word_1_591' title='bbox 2027 1408 2415 1475; x_wconf 87' lang='lat' dir='ltr'><strong>scparationem</strong></span> <span class='ocrx_word' id='word_1_592' title='bbox 2454 1424 2484 1463; x_wconf 91' lang='lat' dir='ltr'><strong>a</strong></span> <span class='ocrx_word' id='word_1_593' title='bbox 2521 1408 2815 1467; x_wconf 86' lang='lat' dir='ltr'><strong>divinitate.</strong></span> <span class='ocrx_word' id='word_1_594' title='bbox 2850 1412 3013 1469; x_wconf 85' lang='lat' dir='ltr'><strong>Visne</strong></span> <span class='ocrx_word' id='word_1_595' title='bbox 3054 1413 3281 1479; x_wconf 87' lang='lat' dir='ltr'><strong>discere,</strong></span> <span class='ocrx_word' id='word_1_596' title='bbox 3323 1431 3444 1471; x_wconf 90' lang='lat' dir='ltr'><strong>eum</strong></span> <span class='ocrx_word' id='word_1_597' title='bbox 3475 1423 3613 1473; x_wconf 84' lang='lat' dir='ltr'><strong>sicut</strong></span> 
     </span>
    </p>
   </div>
   <div class='ocr_carea' id='block_1_74' title="bbox 2027 1499 3610 1579">
    <p class='ocr_par' dir='ltr' id='par_1_74' title="bbox 2027 1499 3610 1579">
     <span class='ocr_line' id='line_1_74' title="bbox 2027 1499 3610 1579; baseline 0.006 -26"><span class='ocrx_word' id='word_1_598' title='bbox 2027 1514 2148 1554; x_wconf 88' lang='lat' dir='ltr'><strong>eum</strong></span> <span class='ocrx_word' id='word_1_599' title='bbox 2176 1499 2230 1555; x_wconf 91' lang='lat' dir='ltr'><strong>in</strong></span> <span class='ocrx_word' id='word_1_600' title='bbox 2258 1510 2456 1557; x_wconf 87' lang='lat' dir='ltr'><strong>terram</strong></span> <span class='ocrx_word' id='word_1_601' title='bbox 2483 1503 2647 1567; x_wconf 88' lang='lat' dir='ltr'><strong>venit,</strong></span> <span class='ocrx_word' id='word_1_602' title='bbox 2668 1504 2831 1559; x_wconf 84' lang='lat' dir='ltr'><strong>caelos</strong></span> <span class='ocrx_word' id='word_1_603' title='bbox 2858 1519 2961 1560; x_wconf 90' lang='lat' dir='ltr'><strong>non</strong></span> <span class='ocrx_word' id='word_1_604' title='bbox 2990 1504 3225 1577; x_wconf 90' lang='lat' dir='ltr'><strong>reliquit,</strong></span> <span class='ocrx_word' id='word_1_605' title='bbox 3257 1522 3433 1579; x_wconf 89' lang='lat' dir='ltr'><strong>neque</strong></span> <span class='ocrx_word' id='word_1_606' title='bbox 3453 1522 3481 1561; x_wconf 90' lang='lat' dir='ltr'><strong>a</strong></span> <span class='ocrx_word' id='word_1_607' title='bbox 3508 1509 3610 1563; x_wconf 83' lang='lat' dir='ltr'><strong>Pa-</strong></span> 
     </span>
    </p>
   </div>
   <div class='ocr_carea' id='block_1_75' title="bbox 2028 1593 3612 1669">
    <p class='ocr_par' dir='ltr' id='par_1_75' title="bbox 2028 1593 3612 1669">
     <span class='ocr_line' id='line_1_75' title="bbox 2028 1593 3612 1669; baseline 0.006 -25"><span class='ocrx_word' id='word_1_608' title='bbox 2028 1598 2109 1645; x_wconf 87' lang='lat' dir='ltr'><strong>tre</strong></span> <span class='ocrx_word' id='word_1_609' title='bbox 2133 1602 2407 1661; x_wconf 81' lang='lat' dir='ltr'><strong>separatus</strong></span> <span class='ocrx_word' id='word_1_610' title='bbox 2434 1600 2539 1659; x_wconf 82' lang='lat' dir='ltr'><strong>est,</strong></span> <span class='ocrx_word' id='word_1_611' title='bbox 2569 1593 2649 1649; x_wconf 91' lang='lat' dir='ltr'><strong>sic</strong></span> <span class='ocrx_word' id='word_1_612' title='bbox 2676 1595 2859 1661; x_wconf 89' lang='lat' dir='ltr'><strong>etiam,</strong></span> <span class='ocrx_word' id='word_1_613' title='bbox 2888 1609 3010 1650; x_wconf 93' lang='lat' dir='ltr'><strong>cum</strong></span> <span class='ocrx_word' id='word_1_614' title='bbox 3041 1597 3092 1650; x_wconf 90' lang='lat' dir='ltr'><strong>in</strong></span> <span class='ocrx_word' id='word_1_615' title='bbox 3119 1597 3279 1652; x_wconf 82' lang='lat' dir='ltr'><strong>caelos</strong></span> <span class='ocrx_word' id='word_1_616' title='bbox 3307 1610 3612 1669; x_wconf 87' lang='lat' dir='ltr'><strong>assumptus</strong></span> 
     </span>
    </p>
   </div>
   <div class='ocr_carea' id='block_1_76' title="bbox 2026 1685 3609 1759">
    <p class='ocr_par' dir='ltr' id='par_1_76' title="bbox 2026 1685 3609 1759">
     <span class='ocr_line' id='line_1_76' title="bbox 2026 1685 3609 1759; baseline 0.006 -25"><span class='ocrx_word' id='word_1_617' title='bbox 2026 1691 2129 1744; x_wconf 86' lang='lat' dir='ltr'><strong>est,</strong></span> <span class='ocrx_word' id='word_1_618' title='bbox 2161 1690 2357 1737; x_wconf 82' lang='lat' dir='ltr'><strong>terram</strong></span> <span class='ocrx_word' id='word_1_619' title='bbox 2390 1698 2498 1739; x_wconf 92' lang='lat' dir='ltr'><strong>non</strong></span> <span class='ocrx_word' id='word_1_620' title='bbox 2530 1685 2852 1755; x_wconf 88' lang='lat' dir='ltr'><strong>reliquisse?</strong></span> <span class='ocrx_word' id='word_1_621' title='bbox 2873 1686 2974 1754; x_wconf 87' lang='lat' dir='ltr'><strong>Qui</strong></span> <span class='ocrx_word' id='word_1_622' title='bbox 3012 1686 3149 1742; x_wconf 79' lang='lat' dir='ltr'><strong>dixit</strong></span> <span class='ocrx_word' id='word_1_623' title='bbox 3175 1688 3451 1759; x_wconf 89' lang='lat' dir='ltr'><strong>discipulis</strong></span> <span class='ocrx_word' id='word_1_624' title='bbox 3476 1691 3609 1755; x_wconf 90' lang='lat' dir='ltr'><strong>suis,</strong></span> 
     </span>
    </p>
   </div>
   <div class='ocr_carea' id='block_1_77' title="bbox 2030 1773 3615 1845">
    <p class='ocr_par' dir='ltr' id='par_1_77' title="bbox 2030 1773 3615 1845">
     <span class='ocr_line' id='line_1_77' title="bbox 2030 1773 3615 1845; baseline 0.005 -18"><span class='ocrx_word' id='word_1_625' title='bbox 2030 1773 2097 1828; x_wconf 82' lang='lat' dir='ltr'><strong>Et</strong></span> <span class='ocrx_word' id='word_1_626' title='bbox 2121 1790 2239 1828; x_wconf 80' lang='lat' dir='ltr'><strong>ecce</strong></span> <span class='ocrx_word' id='word_1_627' title='bbox 2257 1791 2346 1845; x_wconf 85' lang='lat' dir='ltr'><strong>ego</strong></span> <span class='ocrx_word' id='word_1_628' title='bbox 2370 1775 2623 1831; x_wconf 76' lang='lat' dir='ltr'><strong>vobiscum</strong></span> <span class='ocrx_word' id='word_1_629' title='bbox 2650 1793 2782 1843; x_wconf 87' lang='lat' dir='ltr'><strong>sum,</strong></span> <span class='ocrx_word' id='word_1_630' title='bbox 2814 1777 2928 1843; x_wconf 88' lang='lat' dir='ltr'><strong>sed,</strong></span> <span class='ocrx_word' id='word_1_631' title='bbox 2956 1780 3191 1843; x_wconf 79' lang='lat' dir='ltr'><strong>ascendo,</strong></span> <span class='ocrx_word' id='word_1_632' title='bbox 3221 1781 3363 1836; x_wconf 88' lang='lat' dir='ltr'><strong>unde</strong></span> <span class='ocrx_word' id='word_1_633' title='bbox 3391 1780 3615 1836; x_wconf 86' lang='lat' dir='ltr'><strong>descen-</strong></span> 
     </span>
    </p>
   </div>
   <div class='ocr_carea' id='block_1_78' title="bbox 2027 1865 3615 1943">
    <p class='ocr_par' dir='ltr' id='par_1_78' title="bbox 2027 1865 3615 1943">
     <span class='ocr_line' id='line_1_78' title="bbox 2027 1865 3615 1943; baseline 0.004 -24"><span class='ocrx_word' id='word_1_634' title='bbox 2027 1865 2102 1931; x_wconf 86' lang='lat' dir='ltr'><strong>di,</strong></span> <span class='ocrx_word' id='word_1_635' title='bbox 2134 1867 2202 1920; x_wconf 83' lang='lat' dir='ltr'><strong>ad</strong></span> <span class='ocrx_word' id='word_1_636' title='bbox 2233 1865 2436 1921; x_wconf 85' lang='lat' dir='ltr'><strong>Patrem</strong></span> <span class='ocrx_word' id='word_1_637' title='bbox 2462 1884 2628 1923; x_wconf 85' lang='lat' dir='ltr'><strong>meum</strong></span> <span class='ocrx_word' id='word_1_638' title='bbox 2648 1885 2671 1924; x_wconf 83' lang='lat'><em>:</em></span> <span class='ocrx_word' id='word_1_639' title='bbox 2693 1869 2833 1924; x_wconf 88' lang='lat' dir='ltr'><strong>idem</strong></span> <span class='ocrx_word' id='word_1_640' title='bbox 2879 1870 2993 1941; x_wconf 88' lang='lat' dir='ltr'><strong>ipse</strong></span> <span class='ocrx_word' id='word_1_641' title='bbox 3016 1870 3092 1926; x_wconf 87' lang='lat' dir='ltr'><strong>ait</strong></span> <span class='ocrx_word' id='word_1_642' title='bbox 3119 1871 3247 1937; x_wconf 88' lang='lat' dir='ltr'><strong>illis,</strong></span> <span class='ocrx_word' id='word_1_643' title='bbox 3296 1871 3364 1926; x_wconf 83' lang='lat' dir='ltr'><strong>Et</strong></span> <span class='ocrx_word' id='word_1_644' title='bbox 3389 1888 3500 1927; x_wconf 84' lang='lat' dir='ltr'><strong>ecce</strong></span> <span class='ocrx_word' id='word_1_645' title='bbox 3523 1889 3615 1943; x_wconf 85' lang='lat' dir='ltr'><strong>ego</strong></span> 
     </span>
    </p>
   </div>
   <div class='ocr_carea' id='block_1_79' title="bbox 2027 1956 3615 2032">
    <p class='ocr_par' dir='ltr' id='par_1_79' title="bbox 2027 1956 3615 2032">
     <span class='ocr_line' id='line_1_79' title="bbox 2027 1956 3615 2032; baseline 0.005 -23"><span class='ocrx_word' id='word_1_646' title='bbox 2027 1956 2277 2011; x_wconf 76' lang='lat' dir='ltr'><strong>vobiscum</strong></span> <span class='ocrx_word' id='word_1_647' title='bbox 2300 1975 2410 2012; x_wconf 80' lang='lat' dir='ltr'><strong>sum</strong></span> <span class='ocrx_word' id='word_1_648' title='bbox 2436 1959 2663 2013; x_wconf 85' lang='lat' dir='ltr'><strong>omnibus</strong></span> <span class='ocrx_word' id='word_1_649' title='bbox 2689 1959 2863 2015; x_wconf 85' lang='lat' dir='ltr'><strong>diebus</strong></span> <span class='ocrx_word' id='word_1_650' title='bbox 2884 1976 3041 2032; x_wconf 82' lang='lat' dir='ltr'><strong>usque</strong></span> <span class='ocrx_word' id='word_1_651' title='bbox 3055 1962 3123 2015; x_wconf 87' lang='lat' dir='ltr'><strong>ad</strong></span> <span class='ocrx_word' id='word_1_652' title='bbox 3137 1964 3615 2018; x_wconf 72' lang='lat' dir='ltr'><strong>consummatione»:</strong></span> 
     </span>
    </p>
   </div>
   <div class='ocr_carea' id='block_1_80' title="bbox 2028 2051 3616 2129">
    <p class='ocr_par' dir='ltr' id='par_1_80' title="bbox 2028 2051 3616 2129">
     <span class='ocr_line' id='line_1_80' title="bbox 2028 2051 3616 2129; baseline 0.004 -24"><span class='ocrx_word' id='word_1_653' title='bbox 2028 2052 2203 2105; x_wconf 66' lang='grc' dir='ltr'><strong>σπειιὶ</strong></span> <span class='ocrx_word' id='word_1_654' title='bbox 2234 2051 2445 2123; x_wconf 82' lang='lat' dir='ltr'><strong>(Matth.</strong></span> <span class='ocrx_word' id='word_1_655' title='bbox 2477 2053 2568 2108; x_wconf 77' lang='grc'><strong>28.</strong></span> <span class='ocrx_word' id='word_1_656' title='bbox 2595 2054 2710 2125; x_wconf 73' lang='grc'><strong>20).</strong></span> <span class='ocrx_word' id='word_1_657' title='bbox 2754 2054 2887 2109; x_wconf 89' lang='lat' dir='ltr'><strong>Illud</strong></span> <span class='ocrx_word' id='word_1_658' title='bbox 2918 2056 3094 2125; x_wconf 89' lang='lat' dir='ltr'><strong>igitur,</strong></span> <span class='ocrx_word' id='word_1_659' title='bbox 3131 2054 3200 2111; x_wconf 80' lang='lat' dir='ltr'><strong>Ut</strong></span> <span class='ocrx_word' id='word_1_660' title='bbox 3237 2067 3541 2129; x_wconf 75' lang='lat' dir='ltr'><strong>cognoscant</strong></span> <span class='ocrx_word' id='word_1_661' title='bbox 3569 2067 3616 2111; x_wconf 77' lang='lat' dir='ltr'><strong>te</strong></span> 
     </span>
    </p>
   </div>
   <div class='ocr_carea' id='block_1_81' title="bbox 2028 2143 3610 2216">
    <p class='ocr_par' dir='ltr' id='par_1_81' title="bbox 2028 2143 3610 2216">
     <span class='ocr_line' id='line_1_81' title="bbox 2028 2143 3610 2216; baseline 0.002 -21"><span class='ocrx_word' id='word_1_662' title='bbox 2028 2143 2191 2197; x_wconf 89' lang='lat' dir='ltr'><strong>solum</strong></span> <span class='ocrx_word' id='word_1_663' title='bbox 2216 2158 2385 2197; x_wconf 85' lang='lat' dir='ltr'><strong>verum</strong></span> <span class='ocrx_word' id='word_1_664' title='bbox 2409 2143 2594 2211; x_wconf 83' lang='lat' dir='ltr'><strong>Deum,</strong></span> <span class='ocrx_word' id='word_1_665' title='bbox 2638 2155 2685 2199; x_wconf 90' lang='lat' dir='ltr'><strong>et</strong></span> <span class='ocrx_word' id='word_1_666' title='bbox 2720 2162 2867 2216; x_wconf 85' lang='lat' dir='ltr'><strong>quem</strong></span> <span class='ocrx_word' id='word_1_667' title='bbox 2894 2147 3077 2201; x_wconf 83' lang='lat' dir='ltr'><strong>misisti</strong></span> <span class='ocrx_word' id='word_1_668' title='bbox 3115 2145 3293 2201; x_wconf 81' lang='lat' dir='ltr'><strong>Jesum</strong></span> <span class='ocrx_word' id='word_1_669' title='bbox 3335 2148 3610 2214; x_wconf 73' lang='lat' dir='ltr'><strong>Christum,</strong></span> 
     </span>
    </p>
   </div>
   <div class='ocr_carea' id='block_1_82' title="bbox 2030 2236 3611 2310">
    <p class='ocr_par' dir='ltr' id='par_1_82' title="bbox 2030 2236 3611 2310">
     <span class='ocr_line' id='line_1_82' title="bbox 2030 2236 3611 2310; baseline 0.003 -22"><span class='ocrx_word' id='word_1_670' title='bbox 2030 2250 2246 2293; x_wconf 81' lang='lat' dir='ltr'><strong>sensum</strong></span> <span class='ocrx_word' id='word_1_671' title='bbox 2276 2236 2434 2291; x_wconf 88' lang='lat' dir='ltr'><strong>habet</strong></span> <span class='ocrx_word' id='word_1_672' title='bbox 2459 2236 2747 2307; x_wconf 89' lang='lat' dir='ltr'><strong>duplicem,</strong></span> <span class='ocrx_word' id='word_1_673' title='bbox 2775 2238 3150 2310; x_wconf 91' lang='lat' dir='ltr'><strong>duplicemque</strong></span> <span class='ocrx_word' id='word_1_674' title='bbox 3176 2240 3442 2309; x_wconf 87' lang='lat' dir='ltr'><strong>gladium:</strong></span> <span class='ocrx_word' id='word_1_675' title='bbox 3467 2240 3611 2294; x_wconf 89' lang='lat' dir='ltr'><strong>aliud</strong></span> 
     </span>
    </p>
   </div>
   <div class='ocr_carea' id='block_1_83' title="bbox 2029 2328 3610 2396">
    <p class='ocr_par' dir='ltr' id='par_1_83' title="bbox 2029 2328 3610 2396">
     <span class='ocr_line' id='line_1_83' title="bbox 2029 2328 3610 2396; baseline 0.002 -14"><span class='ocrx_word' id='word_1_676' title='bbox 2029 2338 2215 2382; x_wconf 88' lang='lat' dir='ltr'><strong>contra</strong></span> <span class='ocrx_word' id='word_1_677' title='bbox 2258 2328 2609 2382; x_wconf 88' lang='lat' dir='ltr'><strong>idololatriam</strong></span> <span class='ocrx_word' id='word_1_678' title='bbox 2638 2338 2925 2396; x_wconf 87' lang='lat' dir='ltr'><strong>armatum,</strong></span> <span class='ocrx_word' id='word_1_679' title='bbox 2954 2329 3099 2384; x_wconf 91' lang='lat' dir='ltr'><strong>aliud</strong></span> <span class='ocrx_word' id='word_1_680' title='bbox 3124 2340 3309 2386; x_wconf 75' lang='lat' dir='ltr'><strong>contra</strong></span> <span class='ocrx_word' id='word_1_681' title='bbox 3333 2330 3610 2386; x_wconf 67' lang='lat' dir='ltr'><strong>Iudaicam</strong></span> 
     </span>
    </p>
   </div>
   <div class='ocr_carea' id='block_1_84' title="bbox 2031 2419 3612 2490">
    <p class='ocr_par' dir='ltr' id='par_1_84' title="bbox 2031 2419 3612 2490">
     <span class='ocr_line' id='line_1_84' title="bbox 2031 2419 3612 2490; baseline 0.002 -17"><span class='ocrx_word' id='word_1_682' title='bbox 2031 2419 2455 2474; x_wconf 87' lang='lat' dir='ltr'><strong>incredulitatem</strong></span> <span class='ocrx_word' id='word_1_683' title='bbox 2480 2428 2863 2490; x_wconf 86' lang='lat' dir='ltr'><strong>comparatum.</strong></span> <span class='ocrx_word' id='word_1_684' title='bbox 2881 2420 3064 2475; x_wconf 89' lang='lat' dir='ltr'><strong>Solum</strong></span> <span class='ocrx_word' id='word_1_685' title='bbox 3081 2423 3223 2476; x_wconf 90' lang='lat' dir='ltr'><strong>enim</strong></span> <span class='ocrx_word' id='word_1_686' title='bbox 3248 2437 3430 2477; x_wconf 89' lang='lat' dir='ltr'><strong>verum</strong></span> <span class='ocrx_word' id='word_1_687' title='bbox 3448 2422 3612 2476; x_wconf 89' lang='lat' dir='ltr'><strong>Deum</strong></span> 
     </span>
    </p>
   </div>
   <div class='ocr_carea' id='block_1_85' title="bbox 2029 2509 3612 2578">
    <p class='ocr_par' dir='ltr' id='par_1_85' title="bbox 2029 2509 3612 2578">
     <span class='ocr_line' id='line_1_85' title="bbox 2029 2509 3612 2578; baseline 0.003 -14"><span class='ocrx_word' id='word_1_688' title='bbox 2029 2509 2180 2575; x_wconf 88' lang='lat' dir='ltr'><strong>dicit,</strong></span> <span class='ocrx_word' id='word_1_689' title='bbox 2210 2521 2266 2564; x_wconf 91' lang='lat' dir='ltr'><strong>ut</strong></span> <span class='ocrx_word' id='word_1_690' title='bbox 2289 2519 2492 2564; x_wconf 91' lang='lat' dir='ltr'><strong>mortua</strong></span> <span class='ocrx_word' id='word_1_691' title='bbox 2522 2510 2659 2565; x_wconf 87' lang='lat' dir='ltr'><strong>idola</strong></span> <span class='ocrx_word' id='word_1_692' title='bbox 2692 2512 2962 2578; x_wconf 90' lang='lat' dir='ltr'><strong>traducat;</strong></span> <span class='ocrx_word' id='word_1_693' title='bbox 2990 2512 3211 2568; x_wconf 89' lang='lat' dir='ltr'><strong>missum</strong></span> <span class='ocrx_word' id='word_1_694' title='bbox 3231 2522 3407 2567; x_wconf 90' lang='lat' dir='ltr'><strong>autem</strong></span> <span class='ocrx_word' id='word_1_695' title='bbox 3429 2512 3612 2569; x_wconf 76' lang='lat' dir='ltr'><strong>Jesum</strong></span> 
     </span>
    </p>
   </div>
   <div class='ocr_carea' id='block_1_86' title="bbox 2030 2603 3609 2677">
    <p class='ocr_par' dir='ltr' id='par_1_86' title="bbox 2030 2603 3609 2677">
     <span class='ocr_line' id='line_1_86' title="bbox 2030 2603 3609 2677; baseline 0.003 -20"><span class='ocrx_word' id='word_1_696' title='bbox 2030 2603 2335 2669; x_wconf 85' lang='lat' dir='ltr'><strong>Christum,</strong></span> <span class='ocrx_word' id='word_1_697' title='bbox 2367 2613 2426 2658; x_wconf 92' lang='lat' dir='ltr'><strong>ut</strong></span> <span class='ocrx_word' id='word_1_698' title='bbox 2469 2605 2535 2658; x_wconf 90' lang='lat' dir='ltr'><strong>iis</strong></span> <span class='ocrx_word' id='word_1_699' title='bbox 2576 2607 2667 2675; x_wconf 89' lang='lat' dir='ltr'><strong>qui</strong></span> <span class='ocrx_word' id='word_1_700' title='bbox 2698 2607 3114 2661; x_wconf 88' lang='lat' dir='ltr'><strong>incarnationem</strong></span> <span class='ocrx_word' id='word_1_701' title='bbox 3154 2619 3370 2677; x_wconf 86' lang='lat' dir='ltr'><strong>negant,</strong></span> <span class='ocrx_word' id='word_1_702' title='bbox 3411 2623 3473 2662; x_wconf 88' lang='lat' dir='ltr'><strong>os</strong></span> <span class='ocrx_word' id='word_1_703' title='bbox 3511 2611 3609 2662; x_wconf 90' lang='lat' dir='ltr'><strong>ob-</strong></span> 
     </span>
    </p>
   </div>
   <div class='ocr_carea' id='block_1_87' title="bbox 2032 2696 3613 2770">
    <p class='ocr_par' dir='ltr' id='par_1_87' title="bbox 2032 2696 3613 2770">
     <span class='ocr_line' id='line_1_87' title="bbox 2032 2696 3613 2770; baseline 0.003 -20"><span class='ocrx_word' id='word_1_704' title='bbox 2032 2705 2222 2750; x_wconf 86' lang='lat' dir='ltr'><strong>struat.</strong></span> <span class='ocrx_word' id='word_1_705' title='bbox 2256 2696 2426 2751; x_wconf 89' lang='lat' dir='ltr'><strong>Verba</strong></span> <span class='ocrx_word' id='word_1_706' title='bbox 2462 2697 2621 2768; x_wconf 84' lang='lat' dir='ltr'><strong>igitur</strong></span> <span class='ocrx_word' id='word_1_707' title='bbox 2645 2698 2936 2753; x_wconf 85' lang='lat' dir='ltr'><strong>secundum</strong></span> <span class='ocrx_word' id='word_1_708' title='bbox 2963 2714 3181 2754; x_wconf 86' lang='lat' dir='ltr'><strong>sensum</strong></span> <span class='ocrx_word' id='word_1_709' title='bbox 3224 2701 3427 2770; x_wconf 73' lang='lat' dir='ltr'><strong>accipe,</strong></span> <span class='ocrx_word' id='word_1_710' title='bbox 3457 2713 3520 2754; x_wconf 90' lang='lat' dir='ltr'><strong>ac</strong></span> <span class='ocrx_word' id='word_1_711' title='bbox 3546 2717 3613 2756; x_wconf 86' lang='lat' dir='ltr'><strong>ne</strong></span> 
     </span>
    </p>
   </div>
   <div class='ocr_carea' id='block_1_88' title="bbox 2033 2788 3435 2867">
    <p class='ocr_par' dir='ltr' id='par_1_88' title="bbox 2033 2788 3435 2867">
     <span class='ocr_line' id='line_1_88' title="bbox 2033 2788 3435 2867; baseline 0.003 -26"><span class='ocrx_word' id='word_1_712' title='bbox 2033 2797 2250 2858; x_wconf 86' lang='lat' dir='ltr'><strong>propter</strong></span> <span class='ocrx_word' id='word_1_713' title='bbox 2278 2788 2485 2844; x_wconf 90' lang='lat' dir='ltr'><strong>literam</strong></span> <span class='ocrx_word' id='word_1_714' title='bbox 2518 2789 2783 2859; x_wconf 88' lang='lat' dir='ltr'><strong>majestati</strong></span> <span class='ocrx_word' id='word_1_715' title='bbox 2814 2790 3193 2846; x_wconf 90' lang='lat' dir='ltr'><strong>contumeliam</strong></span> <span class='ocrx_word' id='word_1_716' title='bbox 3221 2792 3435 2867; x_wconf 71' lang='lat' dir='ltr'><strong>inieras.</strong></span> 
     </span>
    </p>
   </div>
   <div class='ocr_carea' id='block_1_89' title="bbox 2102 2880 3614 2945">
    <p class='ocr_par' dir='ltr' id='par_1_89' title="bbox 2102 2880 3614 2945">
     <span class='ocr_line' id='line_1_89' title="bbox 2102 2880 3614 2945; baseline 0.002 -10"><span class='ocrx_word' id='word_1_717' title='bbox 2102 2882 2155 2935; x_wconf 86' lang='lat'><strong>5.</strong></span> <span class='ocrx_word' id='word_1_718' title='bbox 2188 2880 2253 2935; x_wconf 90' lang='lat' dir='ltr'><strong>Ut</strong></span> <span class='ocrx_word' id='word_1_719' title='bbox 2280 2890 2454 2935; x_wconf 89' lang='lat' dir='ltr'><strong>autem</strong></span> <span class='ocrx_word' id='word_1_720' title='bbox 2485 2888 2730 2936; x_wconf 89' lang='lat' dir='ltr'><strong>accurate</strong></span> <span class='ocrx_word' id='word_1_721' title='bbox 2755 2881 2947 2945; x_wconf 62' lang='lat' dir='ltr'><strong>discas,</strong></span> <span class='ocrx_word' id='word_1_722' title='bbox 2978 2882 3285 2937; x_wconf 89' lang='lat' dir='ltr'><strong>missionem</strong></span> <span class='ocrx_word' id='word_1_723' title='bbox 3319 2898 3349 2936; x_wconf 90' lang='lat' dir='ltr'><strong>a</strong></span> <span class='ocrx_word' id='word_1_724' title='bbox 3374 2882 3484 2937; x_wconf 88' lang='lat' dir='ltr'><strong>Deo</strong></span> <span class='ocrx_word' id='word_1_725' title='bbox 3510 2898 3614 2938; x_wconf 90' lang='lat' dir='ltr'><strong>non</strong></span> 
     </span>
    </p>
   </div>
   <div class='ocr_carea' id='block_1_90' title="bbox 2035 2973 3611 3045">
    <p class='ocr_par' dir='ltr' id='par_1_90' title="bbox 2035 2973 3611 3045">
     <span class='ocr_line' id='line_1_90' title="bbox 2035 2973 3611 3045; baseline 0 -16"><span class='ocrx_word' id='word_1_726' title='bbox 2035 2973 2383 3029; x_wconf 84' lang='lat' dir='ltr'><strong>mutationem</strong></span> <span class='ocrx_word' id='word_1_727' title='bbox 2409 2988 2438 3027; x_wconf 90' lang='lat' dir='ltr'><strong>a</strong></span> <span class='ocrx_word' id='word_1_728' title='bbox 2470 2974 2588 3027; x_wconf 91' lang='lat' dir='ltr'><strong>loco</strong></span> <span class='ocrx_word' id='word_1_729' title='bbox 2619 2974 2669 3027; x_wconf 91' lang='lat' dir='ltr'><strong>in</strong></span> <span class='ocrx_word' id='word_1_730' title='bbox 2693 2974 2865 3030; x_wconf 90' lang='lat' dir='ltr'><strong>locum</strong></span> <span class='ocrx_word' id='word_1_731' title='bbox 2892 2974 3211 3045; x_wconf 75' lang='lat' dir='ltr'><strong>signiﬁcare,</strong></span> <span class='ocrx_word' id='word_1_732' title='bbox 3242 2975 3337 3030; x_wconf 91' lang='lat' dir='ltr'><strong>sed</strong></span> <span class='ocrx_word' id='word_1_733' title='bbox 3367 2975 3611 3030; x_wconf 87' lang='lat' dir='ltr'><strong>incarna-</strong></span> 
     </span>
    </p>
   </div>
   <div class='ocr_carea' id='block_1_91' title="bbox 2036 3063 3614 3137">
    <p class='ocr_par' dir='ltr' id='par_1_91' title="bbox 2036 3063 3614 3137">
     <span class='ocr_line' id='line_1_91' title="bbox 2036 3063 3614 3137; baseline 0.002 -20"><span class='ocrx_word' id='word_1_734' title='bbox 2036 3065 2232 3119; x_wconf 86' lang='lat' dir='ltr'><strong>tionem</strong></span> <span class='ocrx_word' id='word_1_735' title='bbox 2264 3064 2535 3119; x_wconf 89' lang='lat' dir='ltr'><strong>dcclarare</strong></span> <span class='ocrx_word' id='word_1_736' title='bbox 2563 3082 2576 3118; x_wconf 87' lang='lat'><strong>:</strong></span> <span class='ocrx_word' id='word_1_737' title='bbox 2608 3064 2675 3120; x_wconf 90' lang='lat' dir='ltr'><strong>de</strong></span> <span class='ocrx_word' id='word_1_738' title='bbox 2699 3063 2905 3120; x_wconf 87' lang='lat' dir='ltr'><strong>Joanne</strong></span> <span class='ocrx_word' id='word_1_739' title='bbox 2939 3065 3173 3137; x_wconf 86' lang='lat' dir='ltr'><strong>Baptista</strong></span> <span class='ocrx_word' id='word_1_740' title='bbox 3198 3108 3211 3130; x_wconf 94' lang='lat'><strong>,</strong></span> <span class='ocrx_word' id='word_1_741' title='bbox 3245 3067 3332 3137; x_wconf 88' lang='lat' dir='ltr'><strong>qui</strong></span> <span class='ocrx_word' id='word_1_742' title='bbox 3372 3066 3439 3122; x_wconf 91' lang='lat' dir='ltr'><strong>de</strong></span> <span class='ocrx_word' id='word_1_743' title='bbox 3473 3074 3614 3122; x_wconf 89' lang='lat' dir='ltr'><strong>terra</strong></span> 
     </span>
    </p>
   </div>
   <div class='ocr_carea' id='block_1_92' title="bbox 2034 3156 3617 3229">
    <p class='ocr_par' dir='ltr' id='par_1_92' title="bbox 2034 3156 3617 3229">
     <span class='ocr_line' id='line_1_92' title="bbox 2034 3156 3617 3229; baseline 0 -18"><span class='ocrx_word' id='word_1_744' title='bbox 2034 3166 2153 3211; x_wconf 90' lang='lat' dir='ltr'><strong>erat</strong></span> <span class='ocrx_word' id='word_1_745' title='bbox 2192 3165 2247 3210; x_wconf 91' lang='lat' dir='ltr'><strong>et</strong></span> <span class='ocrx_word' id='word_1_746' title='bbox 2288 3157 2339 3209; x_wconf 92' lang='lat' dir='ltr'><strong>in</strong></span> <span class='ocrx_word' id='word_1_747' title='bbox 2384 3166 2523 3210; x_wconf 87' lang='lat' dir='ltr'><strong>terra</strong></span> <span class='ocrx_word' id='word_1_748' title='bbox 2566 3166 2904 3226; x_wconf 90' lang='lat' dir='ltr'><strong>apparuerat,</strong></span> <span class='ocrx_word' id='word_1_749' title='bbox 2949 3157 3024 3211; x_wconf 90' lang='lat' dir='ltr'><strong>ait</strong></span> <span class='ocrx_word' id='word_1_750' title='bbox 3072 3157 3414 3229; x_wconf 85' lang='lat' dir='ltr'><strong>Evangelium</strong></span> <span class='ocrx_word' id='word_1_751' title='bbox 3447 3174 3460 3211; x_wconf 89' lang='lat'><strong>:</strong></span> <span class='ocrx_word' id='word_1_752' title='bbox 3491 3156 3617 3212; x_wconf 81' lang='lat' dir='ltr'><strong>Fuit</strong></span> 
     </span>
    </p>
   </div>
   <div class='ocr_carea' id='block_1_93' title="bbox 2036 3246 3616 3319">
    <p class='ocr_par' dir='ltr' id='par_1_93' title="bbox 2036 3246 3616 3319">
     <span class='ocr_line' id='line_1_93' title="bbox 2036 3246 3616 3319; baseline 0.002 -19"><span class='ocrx_word' id='word_1_753' title='bbox 2036 3247 2185 3300; x_wconf 89' lang='lat' dir='ltr'><strong>homo</strong></span> <span class='ocrx_word' id='word_1_754' title='bbox 2213 3247 2394 3301; x_wconf 86' lang='lat' dir='ltr'><strong>missus</strong></span> <span class='ocrx_word' id='word_1_755' title='bbox 2417 3263 2449 3299; x_wconf 91' lang='lat' dir='ltr'><strong>a</strong></span> <span class='ocrx_word' id='word_1_756' title='bbox 2470 3246 2577 3300; x_wconf 87' lang='lat' dir='ltr'><strong>Deo</strong></span> <span class='ocrx_word' id='word_1_757' title='bbox 2598 3247 2776 3317; x_wconf 86' lang='lat' dir='ltr'><strong>(Joan.</strong></span> <span class='ocrx_word' id='word_1_758' title='bbox 2801 3249 2853 3302; x_wconf 78' lang='grc'><strong>1.</strong></span> <span class='ocrx_word' id='word_1_759' title='bbox 2875 3248 2953 3319; x_wconf 80' lang='lat' dir='ltr'><strong>ti).</strong></span> <span class='ocrx_word' id='word_1_760' title='bbox 2982 3248 3118 3303; x_wconf 87' lang='lat' dir='ltr'><strong>Num</strong></span> <span class='ocrx_word' id='word_1_761' title='bbox 3143 3248 3374 3304; x_wconf 85' lang='lat' dir='ltr'><strong>Joannes</strong></span> <span class='ocrx_word' id='word_1_762' title='bbox 3399 3248 3465 3304; x_wconf 92' lang='lat' dir='ltr'><strong>de</strong></span> <span class='ocrx_word' id='word_1_763' title='bbox 3485 3249 3616 3304; x_wconf 66' lang='lat' dir='ltr'><strong>caelo</strong></span> 
     </span>
    </p>
   </div>
   <div class='ocr_carea' id='block_1_94' title="bbox 2037 3339 3619 3411">
    <p class='ocr_par' dir='ltr' id='par_1_94' title="bbox 2037 3339 3619 3411">
     <span class='ocr_line' id='line_1_94' title="bbox 2037 3339 3619 3411; baseline 0.001 -17"><span class='ocrx_word' id='word_1_764' title='bbox 2037 3340 2232 3394; x_wconf 90' lang='lat' dir='ltr'><strong>missus</strong></span> <span class='ocrx_word' id='word_1_765' title='bbox 2260 3339 2375 3393; x_wconf 89' lang='lat' dir='ltr'><strong>est?</strong></span> <span class='ocrx_word' id='word_1_766' title='bbox 2415 3354 2540 3393; x_wconf 92' lang='lat' dir='ltr'><strong>num</strong></span> <span class='ocrx_word' id='word_1_767' title='bbox 2577 3340 2645 3394; x_wconf 84' lang='lat' dir='ltr'><strong>de</strong></span> <span class='ocrx_word' id='word_1_768' title='bbox 2680 3340 2925 3409; x_wconf 86' lang='lat' dir='ltr'><strong>supernis</strong></span> <span class='ocrx_word' id='word_1_769' title='bbox 2959 3341 3145 3395; x_wconf 87' lang='lat' dir='ltr'><strong>venit?</strong></span> <span class='ocrx_word' id='word_1_770' title='bbox 3182 3340 3459 3406; x_wconf 87' lang='lat' dir='ltr'><strong>Quomodo</strong></span> <span class='ocrx_word' id='word_1_771' title='bbox 3491 3355 3619 3411; x_wconf 82' lang='lat' dir='ltr'><strong>ergo</strong></span> 
     </span>
    </p>
   </div>
   <div class='ocr_carea' id='block_1_95' title="bbox 2038 3428 3620 3499">
    <p class='ocr_par' dir='ltr' id='par_1_95' title="bbox 2038 3428 3620 3499">
     <span class='ocr_line' id='line_1_95' title="bbox 2038 3428 3620 3499; baseline 0.001 -16"><span class='ocrx_word' id='word_1_772' title='bbox 2038 3428 2218 3485; x_wconf 88' lang='lat' dir='ltr'><strong>venit?</strong></span> <span class='ocrx_word' id='word_1_773' title='bbox 2244 3429 2402 3499; x_wconf 85' lang='lat' dir='ltr'><strong>Atqui</strong></span> <span class='ocrx_word' id='word_1_774' title='bbox 2425 3429 2584 3484; x_wconf 87' lang='lat' dir='ltr'><strong>homo</strong></span> <span class='ocrx_word' id='word_1_775' title='bbox 2605 3433 2821 3497; x_wconf 88' lang='lat' dir='ltr'><strong>missus,</strong></span> <span class='ocrx_word' id='word_1_776' title='bbox 2846 3444 2951 3484; x_wconf 92' lang='lat' dir='ltr'><strong>non</strong></span> <span class='ocrx_word' id='word_1_777' title='bbox 2979 3444 3007 3483; x_wconf 92' lang='lat' dir='ltr'><strong>a</strong></span> <span class='ocrx_word' id='word_1_778' title='bbox 3037 3430 3154 3485; x_wconf 93' lang='lat' dir='ltr'><strong>loco</strong></span> <span class='ocrx_word' id='word_1_779' title='bbox 3179 3429 3230 3484; x_wconf 90' lang='lat' dir='ltr'><strong>in</strong></span> <span class='ocrx_word' id='word_1_780' title='bbox 3257 3431 3431 3485; x_wconf 90' lang='lat' dir='ltr'><strong>locum</strong></span> <span class='ocrx_word' id='word_1_781' title='bbox 3455 3439 3620 3485; x_wconf 86' lang='lat' dir='ltr'><strong>trans-</strong></span> 
     </span>
    </p>
   </div>
   <div class='ocr_carea' id='block_1_96' title="bbox 2038 3521 3617 3594">
    <p class='ocr_par' dir='ltr' id='par_1_96' title="bbox 2038 3521 3617 3594">
     <span class='ocr_line' id='line_1_96' title="bbox 2038 3521 3617 3594; baseline 0.001 -16"><span class='ocrx_word' id='word_1_782' title='bbox 2038 3523 2175 3579; x_wconf 90' lang='lat' dir='ltr'><strong>latus</strong></span> <span class='ocrx_word' id='word_1_783' title='bbox 2196 3532 2298 3588; x_wconf 89' lang='lat' dir='ltr'><strong>est,</strong></span> <span class='ocrx_word' id='word_1_784' title='bbox 2330 3523 2422 3578; x_wconf 92' lang='lat' dir='ltr'><strong>sed</strong></span> <span class='ocrx_word' id='word_1_785' title='bbox 2451 3523 2525 3577; x_wconf 90' lang='lat' dir='ltr'><strong>illi</strong></span> <span class='ocrx_word' id='word_1_786' title='bbox 2547 3521 2747 3594; x_wconf 92' lang='lat' dir='ltr'><strong>aliquid</strong></span> <span class='ocrx_word' id='word_1_787' title='bbox 2769 3522 3244 3578; x_wconf 88' lang='lat' dir='ltr'><strong>administrandum</strong></span> <span class='ocrx_word' id='word_1_788' title='bbox 3272 3525 3617 3579; x_wconf 90' lang='lat' dir='ltr'><strong>commissum</strong></span> 
     </span>
    </p>
   </div>
   <div class='ocr_carea' id='block_1_97' title="bbox 2039 3616 3620 3688">
    <p class='ocr_par' dir='ltr' id='par_1_97' title="bbox 2039 3616 3620 3688">
     <span class='ocr_line' id='line_1_97' title="bbox 2039 3616 3620 3688; baseline -0.001 -15"><span class='ocrx_word' id='word_1_789' title='bbox 2039 3617 2169 3684; x_wconf 85' lang='lat' dir='ltr'><strong>fuit;</strong></span> <span class='ocrx_word' id='word_1_790' title='bbox 2198 3626 2252 3673; x_wconf 92' lang='lat' dir='ltr'><strong>et</strong></span> <span class='ocrx_word' id='word_1_791' title='bbox 2282 3618 2422 3673; x_wconf 90' lang='lat' dir='ltr'><strong>Deus</strong></span> <span class='ocrx_word' id='word_1_792' title='bbox 2444 3616 2674 3673; x_wconf 83' lang='lat' dir='ltr'><strong>Verbum</strong></span> <span class='ocrx_word' id='word_1_793' title='bbox 2701 3659 2716 3685; x_wconf 91' lang='lat'><strong>,</strong></span> <span class='ocrx_word' id='word_1_794' title='bbox 2747 3618 2836 3687; x_wconf 92' lang='lat' dir='ltr'><strong>qui</strong></span> <span class='ocrx_word' id='word_1_795' title='bbox 2864 3617 3042 3671; x_wconf 90' lang='lat' dir='ltr'><strong>omnia</strong></span> <span class='ocrx_word' id='word_1_796' title='bbox 3070 3617 3275 3688; x_wconf 85' lang='lat' dir='ltr'><strong>implet,</strong></span> <span class='ocrx_word' id='word_1_797' title='bbox 3305 3618 3352 3672; x_wconf 91' lang='lat' dir='ltr'><strong>si</strong></span> <span class='ocrx_word' id='word_1_798' title='bbox 3388 3617 3530 3672; x_wconf 89' lang='lat' dir='ltr'><strong>dicat</strong></span> <span class='ocrx_word' id='word_1_799' title='bbox 3561 3631 3620 3672; x_wconf 89' lang='lat' dir='ltr'><strong>se</strong></span> 
     </span>
    </p>
   </div>
   <div class='ocr_carea' id='block_1_98' title="bbox 2041 3709 3619 3776">
    <p class='ocr_par' dir='ltr' id='par_1_98' title="bbox 2041 3709 3619 3776">
     <span class='ocr_line' id='line_1_98' title="bbox 2041 3709 3619 3776; baseline -0.001 -11"><span class='ocrx_word' id='word_1_800' title='bbox 2041 3711 2261 3766; x_wconf 90' lang='lat' dir='ltr'><strong>missum</strong></span> <span class='ocrx_word' id='word_1_801' title='bbox 2290 3725 2432 3776; x_wconf 76' lang='lat' dir='ltr'><strong>esse,</strong></span> <span class='ocrx_word' id='word_1_802' title='bbox 2463 3719 2705 3765; x_wconf 88' lang='lat' dir='ltr'><strong>naturam</strong></span> <span class='ocrx_word' id='word_1_803' title='bbox 2737 3725 2885 3765; x_wconf 90' lang='lat' dir='ltr'><strong>suam</strong></span> <span class='ocrx_word' id='word_1_804' title='bbox 2910 3710 3230 3765; x_wconf 90' lang='lat' dir='ltr'><strong>contumelia</strong></span> <span class='ocrx_word' id='word_1_805' title='bbox 3261 3709 3455 3764; x_wconf 80' lang='lat' dir='ltr'><strong>afﬁciet</strong></span> <span class='ocrx_word' id='word_1_806' title='bbox 3478 3751 3492 3772; x_wconf 90' lang='lat'><strong>,</strong></span> <span class='ocrx_word' id='word_1_807' title='bbox 3522 3725 3619 3764; x_wconf 36' lang='lat' dir='ltr'><strong>nes</strong></span> 
     </span>
    </p>
   </div>
   <div class='ocr_carea' id='block_1_99' title="bbox 2040 3802 3619 3874">
    <p class='ocr_par' dir='ltr' id='par_1_99' title="bbox 2040 3802 3619 3874">
     <span class='ocr_line' id='line_1_99' title="bbox 2040 3802 3619 3874; baseline -0.003 -13"><span class='ocrx_word' id='word_1_808' title='bbox 2040 3821 2145 3874; x_wconf 89' lang='lat' dir='ltr'><strong>que</strong></span> <span class='ocrx_word' id='word_1_809' title='bbox 2177 3806 2246 3859; x_wconf 89' lang='lat' dir='ltr'><strong>ita</strong></span> <span class='ocrx_word' id='word_1_810' title='bbox 2278 3802 2697 3860; x_wconf 87' lang='lat' dir='ltr'><strong>incarnationem</strong></span> <span class='ocrx_word' id='word_1_811' title='bbox 2720 3820 2874 3860; x_wconf 84' lang='lat' dir='ltr'><strong>suam</strong></span> <span class='ocrx_word' id='word_1_812' title='bbox 2896 3805 3010 3860; x_wconf 90' lang='lat' dir='ltr'><strong>sive</strong></span> <span class='ocrx_word' id='word_1_813' title='bbox 3033 3804 3384 3860; x_wconf 66' lang='lat' dir='ltr'><strong>oeconomiam</strong></span> <span class='ocrx_word' id='word_1_814' title='bbox 3416 3803 3619 3857; x_wconf 86' lang='lat' dir='ltr'><strong>indica-</strong></span> 
     </span>
    </p>
   </div>
   <div class='ocr_carea' id='block_1_100' title="bbox 2040 3895 3624 3966">
    <p class='ocr_par' dir='ltr' id='par_1_100' title="bbox 2040 3895 3624 3966">
     <span class='ocr_line' id='line_1_100' title="bbox 2040 3895 3624 3966; baseline -0.003 -12"><span class='ocrx_word' id='word_1_815' title='bbox 2040 3897 2155 3953; x_wconf 85' lang='lat' dir='ltr'><strong>bit?</strong></span> <span class='ocrx_word' id='word_1_816' title='bbox 2185 3896 2315 3951; x_wconf 92' lang='lat' dir='ltr'><strong>Vide</strong></span> <span class='ocrx_word' id='word_1_817' title='bbox 2341 3897 2509 3963; x_wconf 82' lang='lat' dir='ltr'><strong>illum,</strong></span> <span class='ocrx_word' id='word_1_818' title='bbox 2535 3896 2718 3965; x_wconf 76' lang='lat' dir='ltr'><strong>frater,</strong></span> <span class='ocrx_word' id='word_1_819' title='bbox 2742 3906 2795 3952; x_wconf 87' lang='lat' dir='ltr'><strong>et</strong></span> <span class='ocrx_word' id='word_1_820' title='bbox 2814 3898 2991 3952; x_wconf 89' lang='lat' dir='ltr'><strong>carnis</strong></span> <span class='ocrx_word' id='word_1_821' title='bbox 3013 3897 3366 3953; x_wconf 67' lang='lat' dir='ltr'><strong>oeconomiam</strong></span> <span class='ocrx_word' id='word_1_822' title='bbox 3395 3895 3624 3966; x_wconf 79' lang='lat' dir='ltr'><strong>implen-</strong></span> 
     </span>
    </p>
   </div>
   <div class='ocr_carea' id='block_1_101' title="bbox 2045 3988 3623 4060">
    <p class='ocr_par' dir='ltr' id='par_1_101' title="bbox 2045 3988 3623 4060">
     <span class='ocr_line' id='line_1_101' title="bbox 2045 3988 3623 4060; baseline 0 -17"><span class='ocrx_word' id='word_1_823' title='bbox 2045 3999 2171 4055; x_wconf 88' lang='lat' dir='ltr'><strong>tem,</strong></span> <span class='ocrx_word' id='word_1_824' title='bbox 2197 3997 2251 4044; x_wconf 90' lang='lat' dir='ltr'><strong>et</strong></span> <span class='ocrx_word' id='word_1_825' title='bbox 2275 3988 2466 4043; x_wconf 68' lang='lat' dir='ltr'><strong>divina:</strong></span> <span class='ocrx_word' id='word_1_826' title='bbox 2490 3989 2768 4058; x_wconf 88' lang='lat' dir='ltr'><strong>potestatis</strong></span> <span class='ocrx_word' id='word_1_827' title='bbox 2789 3989 3099 4060; x_wconf 85' lang='lat' dir='ltr'><strong>dignitatem</strong></span> <span class='ocrx_word' id='word_1_828' title='bbox 3127 4005 3232 4045; x_wconf 91' lang='lat' dir='ltr'><strong>non</strong></span> <span class='ocrx_word' id='word_1_829' title='bbox 3259 3990 3532 4046; x_wconf 87' lang='lat' dir='ltr'><strong>tollentem</strong></span> <span class='ocrx_word' id='word_1_830' title='bbox 3555 3990 3623 4044; x_wconf 92' lang='lat' dir='ltr'><strong>de</strong></span> 
     </span>
    </p>
   </div>
   <div class='ocr_carea' id='block_1_102' title="bbox 2042 4081 3621 4147">
    <p class='ocr_par' dir='ltr' id='par_1_102' title="bbox 2042 4081 3621 4147">
     <span class='ocr_line' id='line_1_102' title="bbox 2042 4081 3621 4147; baseline -0.001 -10"><span class='ocrx_word' id='word_1_831' title='bbox 2042 4081 2239 4137; x_wconf 89' lang='lat' dir='ltr'><strong>medio.</strong></span> <span class='ocrx_word' id='word_1_832' title='bbox 2271 4081 2342 4135; x_wconf 84' lang='lat' dir='ltr'><strong>Et</strong></span> <span class='ocrx_word' id='word_1_833' title='bbox 2367 4081 2698 4137; x_wconf 89' lang='lat' dir='ltr'><strong>sacerdotale</strong></span> <span class='ocrx_word' id='word_1_834' title='bbox 2724 4097 2916 4137; x_wconf 91' lang='lat' dir='ltr'><strong>munus</strong></span> <span class='ocrx_word' id='word_1_835' title='bbox 2938 4082 3016 4136; x_wconf 90' lang='lat' dir='ltr'><strong>sic</strong></span> <span class='ocrx_word' id='word_1_836' title='bbox 3041 4081 3359 4147; x_wconf 86' lang='lat' dir='ltr'><strong>declaratur,</strong></span> <span class='ocrx_word' id='word_1_837' title='bbox 3393 4082 3621 4137; x_wconf 86' lang='lat' dir='ltr'><strong>Ascendo</strong></span> 
     </span>
    </p>
   </div>
   <div class='ocr_carea' id='block_1_103' title="bbox 2042 4173 3624 4247">
    <p class='ocr_par' dir='ltr' id='par_1_103' title="bbox 2042 4173 3624 4247">
     <span class='ocr_line' id='line_1_103' title="bbox 2042 4173 3624 4247; baseline -0.001 -19"><span class='ocrx_word' id='word_1_838' title='bbox 2042 4176 2109 4228; x_wconf 86' lang='lat' dir='ltr'><strong>ad</strong></span> <span class='ocrx_word' id='word_1_839' title='bbox 2136 4174 2341 4229; x_wconf 86' lang='lat' dir='ltr'><strong>Patrem</strong></span> <span class='ocrx_word' id='word_1_840' title='bbox 2368 4192 2553 4240; x_wconf 86' lang='lat' dir='ltr'><strong>meum,</strong></span> <span class='ocrx_word' id='word_1_841' title='bbox 2587 4183 2632 4229; x_wconf 90' lang='lat' dir='ltr'><strong>et</strong></span> <span class='ocrx_word' id='word_1_842' title='bbox 2656 4176 2846 4247; x_wconf 83' lang='lat' dir='ltr'><strong>rogabo</strong></span> <span class='ocrx_word' id='word_1_843' title='bbox 2874 4191 3007 4240; x_wconf 85' lang='lat' dir='ltr'><strong>eum,</strong></span> <span class='ocrx_word' id='word_1_844' title='bbox 3038 4184 3086 4229; x_wconf 89' lang='lat' dir='ltr'><strong>et</strong></span> <span class='ocrx_word' id='word_1_845' title='bbox 3106 4173 3435 4229; x_wconf 82' lang='lat' dir='ltr'><strong>Paracletum</strong></span> <span class='ocrx_word' id='word_1_846' title='bbox 3464 4175 3624 4227; x_wconf 87' lang='lat' dir='ltr'><strong>mittet</strong></span> 
     </span>
    </p>
   </div>
   <div class='ocr_carea' id='block_1_104' title="bbox 2041 4263 3621 4337">
    <p class='ocr_par' dir='ltr' id='par_1_104' title="bbox 2041 4263 3621 4337">
     <span class='ocr_line' id='line_1_104' title="bbox 2041 4263 3621 4337; baseline -0.001 -16"><span class='ocrx_word' id='word_1_847' title='bbox 2041 4268 2177 4322; x_wconf 77' lang='lat' dir='ltr'><strong>vobis</strong></span> <span class='ocrx_word' id='word_1_848' title='bbox 2206 4268 2456 4337; x_wconf 88' lang='lat' dir='ltr'><strong>Spiritum</strong></span> <span class='ocrx_word' id='word_1_849' title='bbox 2487 4266 2922 4337; x_wconf 83' lang='lat' dir='ltr'><strong>veritatis(Joan.</strong></span> <span class='ocrx_word' id='word_1_850' title='bbox 2951 4266 3042 4321; x_wconf 79' lang='grc'><strong>20.</strong></span> <span class='ocrx_word' id='word_1_851' title='bbox 3072 4267 3161 4322; x_wconf 86' lang='grc'><strong>17.</strong></span> <span class='ocrx_word' id='word_1_852' title='bbox 3186 4275 3232 4320; x_wconf 89' lang='lat' dir='ltr'><strong>et</strong></span> <span class='ocrx_word' id='word_1_853' title='bbox 3261 4266 3348 4320; x_wconf 76' lang='lat' dir='ltr'><strong>M.</strong></span> <span class='ocrx_word' id='word_1_854' title='bbox 3380 4263 3466 4321; x_wconf 87' lang='grc'><strong>16.</strong></span> <span class='ocrx_word' id='word_1_855' title='bbox 3496 4263 3621 4334; x_wconf 82' lang='grc'><strong>17).</strong></span> 
     </span>
    </p>
   </div>
   <div class='ocr_carea' id='block_1_105' title="bbox 2040 4358 3624 4429">
    <p class='ocr_par' dir='ltr' id='par_1_105' title="bbox 2040 4358 3624 4429">
     <span class='ocr_line' id='line_1_105' title="bbox 2040 4358 3624 4429; baseline -0.003 -16"><span class='ocrx_word' id='word_1_856' title='bbox 2040 4358 2095 4413; x_wconf 91' lang='lat' dir='ltr'><strong>Si</strong></span> <span class='ocrx_word' id='word_1_857' title='bbox 2122 4359 2364 4414; x_wconf 86' lang='lat' dir='ltr'><strong>ascendis</strong></span> <span class='ocrx_word' id='word_1_858' title='bbox 2393 4374 2601 4413; x_wconf 88' lang='lat' dir='ltr'><strong>sursum</strong></span> <span class='ocrx_word' id='word_1_859' title='bbox 2626 4401 2641 4425; x_wconf 92' lang='lat'><strong>,</strong></span> <span class='ocrx_word' id='word_1_860' title='bbox 2670 4367 2725 4414; x_wconf 90' lang='lat' dir='ltr'><strong>et</strong></span> <span class='ocrx_word' id='word_1_861' title='bbox 2755 4374 2930 4429; x_wconf 90' lang='lat' dir='ltr'><strong>rogas,</strong></span> <span class='ocrx_word' id='word_1_862' title='bbox 2961 4368 3014 4413; x_wconf 91' lang='lat' dir='ltr'><strong>et</strong></span> <span class='ocrx_word' id='word_1_863' title='bbox 3040 4373 3232 4429; x_wconf 91' lang='lat' dir='ltr'><strong>rogans</strong></span> <span class='ocrx_word' id='word_1_864' title='bbox 3257 4358 3530 4426; x_wconf 89' lang='lat' dir='ltr'><strong>impetras,</strong></span> <span class='ocrx_word' id='word_1_865' title='bbox 3562 4371 3624 4410; x_wconf 92' lang='lat' dir='ltr'><strong>ac</strong></span> 
     </span>
    </p>
   </div>
   <div class='ocr_carea' id='block_1_106' title="bbox 2042 4450 3625 4522">
    <p class='ocr_par' dir='ltr' id='par_1_106' title="bbox 2042 4450 3625 4522">
     <span class='ocr_line' id='line_1_106' title="bbox 2042 4450 3625 4522; baseline 0.003 -23"><span class='ocrx_word' id='word_1_866' title='bbox 2042 4461 2163 4520; x_wconf 77' lang='lat' dir='ltr'><strong>post</strong></span> <span class='ocrx_word' id='word_1_867' title='bbox 2208 4450 2536 4522; x_wconf 78' lang='lat' dir='ltr'><strong>rogationem</strong></span> <span class='ocrx_word' id='word_1_868' title='bbox 2575 4451 2742 4506; x_wconf 91' lang='lat' dir='ltr'><strong>mittis</strong></span> <span class='ocrx_word' id='word_1_869' title='bbox 2777 4451 3220 4522; x_wconf 69' lang='lat' dir='ltr'><strong>Spiritum(nam</strong></span> <span class='ocrx_word' id='word_1_870' title='bbox 3250 4464 3401 4520; x_wconf 80' lang='lat' dir='ltr'><strong>rogo,</strong></span> <span class='ocrx_word' id='word_1_871' title='bbox 3428 4451 3507 4505; x_wconf 91' lang='lat' dir='ltr'><strong>ais</strong></span> <span class='ocrx_word' id='word_1_872' title='bbox 3527 4491 3541 4515; x_wconf 89' lang='lat'><strong>,</strong></span> <span class='ocrx_word' id='word_1_873' title='bbox 3574 4460 3625 4504; x_wconf 89' lang='lat' dir='ltr'><strong>et</strong></span> 
     </span>
    </p>
   </div>
   <div class='ocr_carea' id='block_1_107' title="bbox 2043 4541 3627 4613">
    <p class='ocr_par' dir='ltr' id='par_1_107' title="bbox 2043 4541 3627 4613">
     <span class='ocr_line' id='line_1_107' title="bbox 2043 4541 3627 4613; baseline -0.002 -15"><span class='ocrx_word' id='word_1_874' title='bbox 2043 4545 2242 4613; x_wconf 81' lang='lat' dir='ltr'><strong>mitto),</strong></span> <span class='ocrx_word' id='word_1_875' title='bbox 2274 4560 2368 4598; x_wconf 92' lang='lat' dir='ltr'><strong>cur</strong></span> <span class='ocrx_word' id='word_1_876' title='bbox 2388 4552 2511 4598; x_wconf 88' lang='lat' dir='ltr'><strong>ante</strong></span> <span class='ocrx_word' id='word_1_877' title='bbox 2538 4543 2904 4599; x_wconf 87' lang='lat' dir='ltr'><strong>ascensionem</strong></span> <span class='ocrx_word' id='word_1_878' title='bbox 2933 4544 3106 4599; x_wconf 89' lang='lat' dir='ltr'><strong>Patris</strong></span> <span class='ocrx_word' id='word_1_879' title='bbox 3125 4543 3496 4598; x_wconf 88' lang='lat' dir='ltr'><strong>auctoritatem</strong></span> <span class='ocrx_word' id='word_1_880' title='bbox 3525 4541 3627 4596; x_wconf 77' lang='lat' dir='ltr'><strong>tol-</strong></span> 
     </span>
    </p>
   </div>
   <div class='ocr_carea' id='block_1_108' title="bbox 2044 4635 3624 4706">
    <p class='ocr_par' dir='ltr' id='par_1_108' title="bbox 2044 4635 3624 4706">
     <span class='ocr_line' id='line_1_108' title="bbox 2044 4635 3624 4706; baseline -0.003 -13"><span class='ocrx_word' id='word_1_881' title='bbox 2044 4638 2147 4693; x_wconf 90' lang='lat' dir='ltr'><strong>lis?</strong></span> <span class='ocrx_word' id='word_1_882' title='bbox 2175 4638 2229 4694; x_wconf 90' lang='lat' dir='ltr'><strong>Si</strong></span> <span class='ocrx_word' id='word_1_883' title='bbox 2257 4654 2362 4693; x_wconf 91' lang='lat' dir='ltr'><strong>non</strong></span> <span class='ocrx_word' id='word_1_884' title='bbox 2390 4653 2513 4693; x_wconf 92' lang='lat' dir='ltr'><strong>cum</strong></span> <span class='ocrx_word' id='word_1_885' title='bbox 2540 4637 2854 4693; x_wconf 87' lang='lat' dir='ltr'><strong>auctoritate</strong></span> <span class='ocrx_word' id='word_1_886' title='bbox 2878 4638 3170 4692; x_wconf 90' lang='lat' dir='ltr'><strong>secundum</strong></span> <span class='ocrx_word' id='word_1_887' title='bbox 3192 4637 3422 4692; x_wconf 84' lang='lat' dir='ltr'><strong>divinam</strong></span> <span class='ocrx_word' id='word_1_888' title='bbox 3453 4635 3624 4706; x_wconf 56' lang='lat' dir='ltr'><strong>digni.</strong></span> 
     </span>
    </p>
   </div>
   <div class='ocr_carea' id='block_1_109' title="bbox 2044 4729 3618 4802">
    <p class='ocr_par' dir='ltr' id='par_1_109' title="bbox 2044 4729 3618 4802">
     <span class='ocr_line' id='line_1_109' title="bbox 2044 4729 3618 4802; baseline -0.003 -15"><span class='ocrx_word' id='word_1_889' title='bbox 2044 4742 2203 4787; x_wconf 88' lang='lat' dir='ltr'><strong>tatem</strong></span> <span class='ocrx_word' id='word_1_890' title='bbox 2229 4733 2361 4802; x_wconf 84' lang='lat' dir='ltr'><strong>agis,</strong></span> <span class='ocrx_word' id='word_1_891' title='bbox 2386 4732 2477 4786; x_wconf 90' lang='lat' dir='ltr'><strong>sed</strong></span> <span class='ocrx_word' id='word_1_892' title='bbox 2506 4740 2783 4802; x_wconf 71' lang='lat' dir='ltr'><strong>exspectas</strong></span> <span class='ocrx_word' id='word_1_893' title='bbox 2805 4731 2976 4786; x_wconf 91' lang='lat' dir='ltr'><strong>donec</strong></span> <span class='ocrx_word' id='word_1_894' title='bbox 2994 4730 3301 4786; x_wconf 88' lang='lat' dir='ltr'><strong>ascenderis</strong></span> <span class='ocrx_word' id='word_1_895' title='bbox 3319 4729 3385 4785; x_wconf 93' lang='lat' dir='ltr'><strong>ad</strong></span> <span class='ocrx_word' id='word_1_896' title='bbox 3411 4729 3618 4785; x_wconf 88' lang='lat' dir='ltr'><strong>Patrem</strong></span> 
     </span>
    </p>
   </div>
   <div class='ocr_carea' id='block_1_110' title="bbox 2043 4820 3625 4894">
    <p class='ocr_par' dir='ltr' id='par_1_110' title="bbox 2043 4820 3625 4894">
     <span class='ocr_line' id='line_1_110' title="bbox 2043 4820 3625 4894; baseline -0.004 -15"><span class='ocrx_word' id='word_1_897' title='bbox 2043 4825 2097 4879; x_wconf 92' lang='lat' dir='ltr'><strong>in</strong></span> <span class='ocrx_word' id='word_1_898' title='bbox 2125 4825 2335 4887; x_wconf 79' lang='lat' dir='ltr'><strong>caelum,</strong></span> <span class='ocrx_word' id='word_1_899' title='bbox 2363 4831 2418 4877; x_wconf 89' lang='lat' dir='ltr'><strong>ut</strong></span> <span class='ocrx_word' id='word_1_900' title='bbox 2445 4836 2637 4894; x_wconf 91' lang='lat' dir='ltr'><strong>preces</strong></span> <span class='ocrx_word' id='word_1_901' title='bbox 2661 4822 3182 4893; x_wconf 90' lang='lat' dir='ltr'><strong>supplicationesque</strong></span> <span class='ocrx_word' id='word_1_902' title='bbox 3210 4820 3402 4876; x_wconf 79' lang='lat' dir='ltr'><strong>offeras</strong></span> <span class='ocrx_word' id='word_1_903' title='bbox 3420 4860 3444 4886; x_wconf 86' lang='lat'><strong>,</strong></span> <span class='ocrx_word' id='word_1_904' title='bbox 3464 4828 3521 4875; x_wconf 94' lang='lat' dir='ltr'><strong>et</strong></span> <span class='ocrx_word' id='word_1_905' title='bbox 3547 4820 3625 4873; x_wconf 88' lang='lat' dir='ltr'><strong>sic</strong></span> 
     </span>
    </p>
   </div>
   <div class='ocr_carea' id='block_1_111' title="bbox 2043 4912 3623 4986">
    <p class='ocr_par' dir='ltr' id='par_1_111' title="bbox 2043 4912 3623 4986">
     <span class='ocr_line' id='line_1_111' title="bbox 2043 4912 3623 4986; baseline -0.005 -17"><span class='ocrx_word' id='word_1_906' title='bbox 2043 4923 2314 4986; x_wconf 87' lang='lat' dir='ltr'><strong>acceptam</strong></span> <span class='ocrx_word' id='word_1_907' title='bbox 2335 4914 2561 4984; x_wconf 88' lang='lat' dir='ltr'><strong>Spiritus</strong></span> <span class='ocrx_word' id='word_1_908' title='bbox 2577 4913 2800 4983; x_wconf 86' lang='lat' dir='ltr'><strong>gratiam</strong></span> <span class='ocrx_word' id='word_1_909' title='bbox 2828 4913 2883 4968; x_wconf 92' lang='lat' dir='ltr'><strong>in</strong></span> <span class='ocrx_word' id='word_1_910' title='bbox 2909 4921 3077 4968; x_wconf 89' lang='lat' dir='ltr'><strong>totum</strong></span> <span class='ocrx_word' id='word_1_911' title='bbox 3098 4913 3283 4968; x_wconf 87' lang='lat' dir='ltr'><strong>orbem</strong></span> <span class='ocrx_word' id='word_1_912' title='bbox 3306 4912 3511 4976; x_wconf 87' lang='lat' dir='ltr'><strong>mittas,</strong></span> <span class='ocrx_word' id='word_1_913' title='bbox 3528 4924 3623 4963; x_wconf 90' lang='lat' dir='ltr'><strong>cur</strong></span> 
     </span>
    </p>
   </div>
   <div class='ocr_carea' id='block_1_112' title="bbox 2042 5002 3621 5079">
    <p class='ocr_par' dir='ltr' id='par_1_112' title="bbox 2042 5002 3621 5079">
     <span class='ocr_line' id='line_1_112' title="bbox 2042 5002 3621 5079; baseline -0.004 -19"><span class='ocrx_word' id='word_1_914' title='bbox 2042 5017 2325 5079; x_wconf 88' lang='lat' dir='ltr'><strong>antequam</strong></span> <span class='ocrx_word' id='word_1_915' title='bbox 2361 5006 2680 5061; x_wconf 90' lang='lat' dir='ltr'><strong>ascenderes</strong></span> <span class='ocrx_word' id='word_1_916' title='bbox 2701 5047 2715 5071; x_wconf 94' lang='lat'><strong>,</strong></span> <span class='ocrx_word' id='word_1_917' title='bbox 2749 5015 3032 5077; x_wconf 90' lang='lat' dir='ltr'><strong>antequam</strong></span> <span class='ocrx_word' id='word_1_918' title='bbox 3069 5019 3323 5077; x_wconf 87' lang='lat' dir='ltr'><strong>rogares,</strong></span> <span class='ocrx_word' id='word_1_919' title='bbox 3352 5002 3621 5073; x_wconf 84' lang='lat' dir='ltr'><strong>propriam</strong></span> 
     </span>
    </p>
   </div>
   <div class='ocr_carea' id='block_1_113' title="bbox 2041 5097 3620 5160">
    <p class='ocr_par' dir='ltr' id='par_1_113' title="bbox 2041 5097 3620 5160">
     <span class='ocr_line' id='line_1_113' title="bbox 2041 5097 3620 5160; baseline -0.005 -6"><span class='ocrx_word' id='word_1_920' title='bbox 2041 5099 2320 5155; x_wconf 75' lang='lat' dir='ltr'><strong>osrendisti</strong></span> <span class='ocrx_word' id='word_1_921' title='bbox 2349 5098 2757 5154; x_wconf 88' lang='lat' dir='ltr'><strong>auctoritatem?</strong></span> <span class='ocrx_word' id='word_1_922' title='bbox 2794 5113 2889 5153; x_wconf 91' lang='lat' dir='ltr'><strong>cur</strong></span> <span class='ocrx_word' id='word_1_923' title='bbox 2926 5108 3051 5153; x_wconf 91' lang='lat' dir='ltr'><strong>ante</strong></span> <span class='ocrx_word' id='word_1_924' title='bbox 3083 5097 3472 5160; x_wconf 89' lang='lat' dir='ltr'><strong>ascensionem,</strong></span> <span class='ocrx_word' id='word_1_925' title='bbox 3498 5108 3620 5148; x_wconf 90' lang='lat' dir='ltr'><strong>cum</strong></span> 
     </span>
    </p>
   </div>
   <div class='ocr_carea' id='block_1_114' title="bbox 2043 5186 3624 5255">
    <p class='ocr_par' dir='ltr' id='par_1_114' title="bbox 2043 5186 3624 5255">
     <span class='ocr_line' id='line_1_114' title="bbox 2043 5186 3624 5255; baseline -0.003 -11"><span class='ocrx_word' id='word_1_926' title='bbox 2043 5190 2430 5246; x_wconf 78' lang='lat' dir='ltr'><strong>resurrexisses</strong></span> <span class='ocrx_word' id='word_1_927' title='bbox 2456 5206 2523 5245; x_wconf 82' lang='lat' dir='ltr'><strong>ex</strong></span> <span class='ocrx_word' id='word_1_928' title='bbox 2550 5190 2793 5255; x_wconf 90' lang='lat' dir='ltr'><strong>mortuis,</strong></span> <span class='ocrx_word' id='word_1_929' title='bbox 2824 5188 3109 5244; x_wconf 82' lang='lat' dir='ltr'><strong>insufﬂasti</strong></span> <span class='ocrx_word' id='word_1_930' title='bbox 3137 5189 3189 5242; x_wconf 91' lang='lat' dir='ltr'><strong>in</strong></span> <span class='ocrx_word' id='word_1_931' title='bbox 3219 5186 3380 5242; x_wconf 81' lang='lat' dir='ltr'><strong>facies</strong></span> <span class='ocrx_word' id='word_1_932' title='bbox 3408 5193 3624 5255; x_wconf 90' lang='lat' dir='ltr'><strong>aposto-</strong></span> 
     </span>
    </p>
   </div>
   <div class='ocr_carea' id='block_1_115' title="bbox 2042 5277 3617 5352">
    <p class='ocr_par' dir='ltr' id='par_1_115' title="bbox 2042 5277 3617 5352">
     <span class='ocr_line' id='line_1_115' title="bbox 2042 5277 3617 5352; baseline -0.003 -16"><span class='ocrx_word' id='word_1_933' title='bbox 2042 5282 2236 5349; x_wconf 91' lang='lat' dir='ltr'><strong>lorum,</strong></span> <span class='ocrx_word' id='word_1_934' title='bbox 2267 5291 2321 5337; x_wconf 90' lang='lat' dir='ltr'><strong>et</strong></span> <span class='ocrx_word' id='word_1_935' title='bbox 2362 5282 2576 5349; x_wconf 82' lang='lat' dir='ltr'><strong>dixisti,</strong></span> <span class='ocrx_word' id='word_1_936' title='bbox 2608 5282 2832 5352; x_wconf 84' lang='lat' dir='ltr'><strong>Accipite</strong></span> <span class='ocrx_word' id='word_1_937' title='bbox 2873 5281 3128 5352; x_wconf 86' lang='lat' dir='ltr'><strong>Spiritum</strong></span> <span class='ocrx_word' id='word_1_938' title='bbox 3170 5288 3396 5333; x_wconf 86' lang='lat' dir='ltr'><strong>sanctum</strong></span> <span class='ocrx_word' id='word_1_939' title='bbox 3440 5277 3617 5350; x_wconf 85' lang='lat' dir='ltr'><strong>(Joan.</strong></span> 
     </span>
    </p>
   </div>
   <div class='ocr_carea' id='block_1_116' title="bbox 2042 5371 3620 5443">
    <p class='ocr_par' dir='ltr' id='par_1_116' title="bbox 2042 5371 3620 5443">
     <span class='ocr_line' id='line_1_116' title="bbox 2042 5371 3620 5443; baseline -0.001 -14"><span class='ocrx_word' id='word_1_940' title='bbox 2042 5373 2129 5429; x_wconf 75' lang='grc'><strong>10.</strong></span> <span class='ocrx_word' id='word_1_941' title='bbox 2158 5373 2288 5443; x_wconf 74' lang='lat'><strong>22)?</strong></span> <span class='ocrx_word' id='word_1_942' title='bbox 2314 5373 2464 5441; x_wconf 90' lang='lat' dir='ltr'><strong>Quod</strong></span> <span class='ocrx_word' id='word_1_943' title='bbox 2491 5374 2625 5443; x_wconf 91' lang='lat' dir='ltr'><strong>petis</strong></span> <span class='ocrx_word' id='word_1_944' title='bbox 2652 5389 2683 5429; x_wconf 92' lang='lat' dir='ltr'><strong>a</strong></span> <span class='ocrx_word' id='word_1_945' title='bbox 2709 5374 2886 5437; x_wconf 90' lang='lat' dir='ltr'><strong>Patre,</strong></span> <span class='ocrx_word' id='word_1_946' title='bbox 2916 5372 2970 5431; x_wconf 87' lang='lat' dir='ltr'><strong>id</strong></span> <span class='ocrx_word' id='word_1_947' title='bbox 2999 5372 3116 5438; x_wconf 91' lang='lat' dir='ltr'><strong>das,</strong></span> <span class='ocrx_word' id='word_1_948' title='bbox 3144 5380 3428 5441; x_wconf 89' lang='lat' dir='ltr'><strong>antequam</strong></span> <span class='ocrx_word' id='word_1_949' title='bbox 3460 5371 3528 5426; x_wconf 92' lang='lat' dir='ltr'><strong>ab</strong></span> <span class='ocrx_word' id='word_1_950' title='bbox 3553 5386 3620 5427; x_wconf 90' lang='lat' dir='ltr'><strong>eo</strong></span> 
     </span>
    </p>
   </div>
   <div class='ocr_carea' id='block_1_117' title="bbox 2042 5462 3619 5538">
    <p class='ocr_par' dir='ltr' id='par_1_117' title="bbox 2042 5462 3619 5538">
     <span class='ocr_line' id='line_1_117' title="bbox 2042 5462 3619 5538; baseline -0.003 -17"><span class='ocrx_word' id='word_1_951' title='bbox 2042 5476 2211 5538; x_wconf 88' lang='lat' dir='ltr'><strong>petas.</strong></span> <span class='ocrx_word' id='word_1_952' title='bbox 2243 5466 2384 5537; x_wconf 89' lang='lat' dir='ltr'><strong>Ergo</strong></span> <span class='ocrx_word' id='word_1_953' title='bbox 2412 5467 2650 5529; x_wconf 88' lang='lat' dir='ltr'><strong>simulas,</strong></span> <span class='ocrx_word' id='word_1_954' title='bbox 2676 5466 2801 5521; x_wconf 91' lang='lat' dir='ltr'><strong>dum</strong></span> <span class='ocrx_word' id='word_1_955' title='bbox 2831 5465 3005 5536; x_wconf 90' lang='lat' dir='ltr'><strong>petis:</strong></span> <span class='ocrx_word' id='word_1_956' title='bbox 3036 5463 3153 5519; x_wconf 86' lang='lat' dir='ltr'><strong>Non</strong></span> <span class='ocrx_word' id='word_1_957' title='bbox 3178 5462 3392 5528; x_wconf 91' lang='lat' dir='ltr'><strong>simulo,</strong></span> <span class='ocrx_word' id='word_1_958' title='bbox 3420 5462 3619 5533; x_wconf 82' lang='lat' dir='ltr'><strong>inquit;</strong></span> 
     </span>
    </p>
   </div>
   <div class='ocr_carea' id='block_1_118' title="bbox 2041 5551 3621 5627">
    <p class='ocr_par' dir='ltr' id='par_1_118' title="bbox 2041 5551 3621 5627">
     <span class='ocr_line' id='line_1_118' title="bbox 2041 5551 3621 5627; baseline -0.004 -14"><span class='ocrx_word' id='word_1_959' title='bbox 2041 5558 2185 5613; x_wconf 90' lang='lat' dir='ltr'><strong>nulla</strong></span> <span class='ocrx_word' id='word_1_960' title='bbox 2212 5558 2353 5612; x_wconf 90' lang='lat' dir='ltr'><strong>enim</strong></span> <span class='ocrx_word' id='word_1_961' title='bbox 2375 5557 2515 5627; x_wconf 91' lang='lat' dir='ltr'><strong>apud</strong></span> <span class='ocrx_word' id='word_1_962' title='bbox 2539 5555 2814 5612; x_wconf 88' lang='lat' dir='ltr'><strong>veritatem</strong></span> <span class='ocrx_word' id='word_1_963' title='bbox 2839 5554 3141 5619; x_wconf 88' lang='lat' dir='ltr'><strong>simulatio;</strong></span> <span class='ocrx_word' id='word_1_964' title='bbox 3169 5552 3263 5608; x_wconf 90' lang='lat' dir='ltr'><strong>sed</strong></span> <span class='ocrx_word' id='word_1_965' title='bbox 3287 5551 3430 5608; x_wconf 90' lang='lat' dir='ltr'><strong>aliud</strong></span> <span class='ocrx_word' id='word_1_966' title='bbox 3450 5553 3621 5624; x_wconf 82' lang='lat' dir='ltr'><strong>digni-</strong></span> 
     </span>
    </p>
   </div>
   <div class='ocr_carea' id='block_1_119' title="bbox 2043 5642 3619 5715">
    <p class='ocr_par' dir='ltr' id='par_1_119' title="bbox 2043 5642 3619 5715">
     <span class='ocr_line' id='line_1_119' title="bbox 2043 5642 3619 5715; baseline -0.002 -13"><span class='ocrx_word' id='word_1_967' title='bbox 2043 5650 2135 5703; x_wconf 90' lang='lat' dir='ltr'><strong>tati</strong></span> <span class='ocrx_word' id='word_1_968' title='bbox 2163 5649 2430 5713; x_wconf 85' lang='lat' dir='ltr'><strong>convenit,</strong></span> <span class='ocrx_word' id='word_1_969' title='bbox 2463 5648 2606 5703; x_wconf 91' lang='lat' dir='ltr'><strong>aliud</strong></span> <span class='ocrx_word' id='word_1_970' title='bbox 2635 5649 2967 5703; x_wconf 88' lang='lat' dir='ltr'><strong>incarnatum</strong></span> <span class='ocrx_word' id='word_1_971' title='bbox 2990 5645 3167 5702; x_wconf 77' lang='lat' dir='ltr'><strong>decet.</strong></span> <span class='ocrx_word' id='word_1_972' title='bbox 3214 5642 3324 5699; x_wconf 90' lang='lat' dir='ltr'><strong>Cur</strong></span> <span class='ocrx_word' id='word_1_973' title='bbox 3362 5659 3491 5715; x_wconf 84' lang='lat' dir='ltr'><strong>ergo</strong></span> <span class='ocrx_word' id='word_1_974' title='bbox 3530 5643 3619 5699; x_wconf 76' lang='grc' dir='ltr'><strong>1η-</strong></span> 
     </span>
    </p>
   </div>
   <div class='ocr_carea' id='block_1_120' title="bbox 2041 5736 3621 5810">
    <p class='ocr_par' dir='ltr' id='par_1_120' title="bbox 2041 5736 3621 5810">
     <span class='ocr_line' id='line_1_120' title="bbox 2041 5736 3621 5810; baseline -0.001 -17"><span class='ocrx_word' id='word_1_975' title='bbox 2041 5739 2260 5796; x_wconf 83' lang='lat' dir='ltr'><strong>sumasti</strong></span> <span class='ocrx_word' id='word_1_976' title='bbox 2288 5740 2338 5793; x_wconf 92' lang='lat' dir='ltr'><strong>in</strong></span> <span class='ocrx_word' id='word_1_977' title='bbox 2364 5740 2531 5797; x_wconf 78' lang='lat' dir='ltr'><strong>facies</strong></span> <span class='ocrx_word' id='word_1_978' title='bbox 2555 5737 2958 5810; x_wconf 87' lang='lat' dir='ltr'><strong>apostolorum?</strong></span> <span class='ocrx_word' id='word_1_979' title='bbox 3005 5737 3089 5793; x_wconf 82' lang='lat' dir='ltr'><strong>Me</strong></span> <span class='ocrx_word' id='word_1_980' title='bbox 3114 5736 3415 5807; x_wconf 86' lang='lat' dir='ltr'><strong>oportebat,</strong></span> <span class='ocrx_word' id='word_1_981' title='bbox 3447 5736 3621 5809; x_wconf 87' lang='lat' dir='ltr'><strong>inquit</strong></span> 
     </span>
    </p>
   </div>
   <div class='ocr_carea' id='block_1_121' title="bbox 2042 5828 3621 5902">
    <p class='ocr_par' dir='ltr' id='par_1_121' title="bbox 2042 5828 3621 5902">
     <span class='ocr_line' id='line_1_121' title="bbox 2042 5828 3621 5902; baseline -0.003 -14"><span class='ocrx_word' id='word_1_982' title='bbox 2042 5831 2312 5899; x_wconf 87' lang='lat' dir='ltr'><strong>Servator,</strong></span> <span class='ocrx_word' id='word_1_983' title='bbox 2340 5840 2616 5902; x_wconf 84' lang='lat' dir='ltr'><strong>postquam</strong></span> <span class='ocrx_word' id='word_1_984' title='bbox 2644 5846 2709 5887; x_wconf 79' lang='lat' dir='ltr'><strong>ex</strong></span> <span class='ocrx_word' id='word_1_985' title='bbox 2738 5828 2962 5887; x_wconf 90' lang='lat' dir='ltr'><strong>mortuis</strong></span> <span class='ocrx_word' id='word_1_986' title='bbox 2986 5844 3405 5895; x_wconf 75' lang='lat' dir='ltr'><strong>resurrcxeram,</strong></span> <span class='ocrx_word' id='word_1_987' title='bbox 3433 5830 3621 5901; x_wconf 86' lang='lat' dir='ltr'><strong>primi-</strong></span> 
     </span>
    </p>
   </div>
  </div>
