4126 6326
542 365 648 423 507

544 484 644 537 tias
672 482 792 537 vita:
830 479 1027 543 mundo
1052 479 1253 552 largiri.
1297 479 1430 547 Quia
1470 478 1618 535 enim
1649 478 1816 533 Adam
1857 475 2113 530 formatus

540 583 817 645 acceperat
858 574 1180 644 spiraculum
1216 574 1339 628 vita»
1380 572 1679 645 (Inspiravit
1721 570 1853 625 enim
1886 568 2022 622 Deus
2060 568 2113 621 in

541 671 719 737 fustem
747 668 930 721 Adami
948 709 963 733 ,
992 678 1041 720 et
1066 670 1230 740 factus
1256 676 1327 721 est
1354 666 1409 720 in
1435 666 1657 719 culinam
1695 666 1934 719 viventem
1961 660 2109 735 [Gem

539 761 591 812 2.
621 758 674 830 τι
695 755 737 830 ),
768 758 821 811 id
847 758 990 827 quod
1020 758 1109 812 ille
1135 766 1411 827 acceptum
1441 754 1690 826 perdidit,
1718 754 1820 808 hoc
1844 768 1945 823 ego
1975 766 2112 823 pras-

539 867 663 906 sens
688 866 901 906 revoco.
935 851 1165 919 Lapsum
1196 850 1360 920 erigo,
1390 855 1695 916 corruptum
1722 862 1941 910 renovo,
1969 856 2114 898 mor-

542 955 693 997 tuutn
724 944 951 997 viviﬁco.
998 943 1175 997 Testis
1199 952 1280 996 est
1310 938 1689 995 incarnationis
1726 935 1984 1007 propheta
2028 936 2116 989 ille

540 1035 627 1103 qui
654 1046 826 1088 meam
857 1033 1271 1089 insumationem
1291 1029 1614 1100 prauiicavit.
1641 1029 1706 1083 Et
1725 1028 1841 1097 quis
1861 1024 2115 1096 propheta

541 1124 888 1178 exclamando
909 1123 1045 1178 hanc
1064 1134 1299 1177 sanetam
1329 1120 1737 1176 insufﬂationem
1768 1118 2117 1187 prmnumiat?

542 1213 701 1280 Audi,
736 1215 924 1284 inquit,
954 1214 1267 1283 prophetam
1295 1224 1360 1268 ex
1391 1212 1495 1266 illis
1514 1209 1795 1265 duodecim
1817 1208 1901 1263 cui
1924 1222 2114 1261 nomen

541 1301 1053 1363 Naltum,dicentem
1070 1320 1085 1356 :
1104 1302 1343 1364 Celebre,
1360 1300 1395 1355 Ι
1400 1302 1526 1370 uda,
1549 1305 1677 1371 festa
1701 1310 1808 1365 tua,
1833 1299 1986 1353 redde
2010 1299 2116 1353 Deo

544 1405 657 1447 vota
682 1404 795 1450 tua.
832 1392 953 1446 Non
993 1394 1214 1461 amplius
1251 1393 1490 1463 adjicient
1528 1394 1693 1447 venire
1728 1393 1797 1446 ad
1828 1402 2119 1446 vetustatem

545 1485 801 1556 (Nahum.
828 1486 880 1541 1.
913 1486 1022 1556 15).
1049 1484 1228 1539 Prima
1258 1485 1346 1539 illa
1375 1483 1731 1539 Consummata
1756 1493 1892 1549 sunt,
1916 1485 2115 1554 inquit;

547 1574 666 1630 Non
686 1577 900 1644 amplius
928 1576 1165 1646 adjicieat
1194 1576 1360 1629 venire
1377 1576 1444 1629 ad
1465 1585 1771 1629 vetustatem.
1802 1576 2000 1631 Novam
2029 1576 2119 1631 ille

544 1667 766 1736 gratiam
809 1668 1116 1733 annuntiat,
1142 1668 1262 1738 quia
1293 1676 1472 1722 vetera
1497 1666 1770 1721 desierunt
1797 1685 1809 1719 :
1842 1681 1978 1721 nova
2015 1668 2117 1722 ﬂo-

547 1770 684 1813 rent.
714 1759 920 1813 Celebra
949 1762 1077 1831 festa
1097 1770 1200 1815 tua.
1230 1757 1336 1813 Cur
1364 1759 1512 1821 dicit,
1537 1758 1781 1813 Celebris!
1802 1759 1935 1827 Quia
1962 1759 2014 1813 in
2039 1761 2116 1814 te-

546 1861 630 1905 sto
661 1851 876 1906 Pascha:
907 1854 1223 1907 resurrectio
1252 1851 1425 1905 futura
1458 1862 1589 1907 erat.
1638 1849 1870 1915 Celebra,
1912 1853 2115 1923 inquit,

545 1943 705 2008 Juda,
736 1946 862 2013 festa
890 1953 993 2009 tua,
1023 1944 1175 1999 redde
1211 1945 1320 2000 Deo
1347 1955 1460 1999 vota
1488 1956 1596 1998 tua.
1631 1945 1752 1999 Non
1781 1945 1999 2016 amplius
2022 1947 2117 1999 ad-

535 2035 715 2105 jicient
741 2036 904 2087 venire
925 2035 993 2087 ad
1016 2044 1341 2098 vetustatem;
1380 2044 1722 2089 consummata
1746 2045 1897 2101 sunt,
1922 2037 2119 2090 sublata

546 2135 681 2191 sunt,
717 2126 766 2179 id
797 2135 901 2193 est,
930 2126 1096 2195 prima
1136 2126 1296 2181 ﬁnem
1340 2126 1552 2183 habent.
1597 2126 1705 2182 Cur
1746 2128 1912 2197 prima
1959 2130 2117 2183 linem

551 2215 781 2269 habent?
810 2216 1044 2269 Ascendit
1070 2216 1211 2279 enim
1239 2218 1301 2269 de
1328 2226 1460 2270 terra
1475 2219 1566 2287 qui
1584 2215 1847 2288 nisu/ﬂavit
1866 2220 1917 2271 in
1940 2220 2119 2289 faciem

546 2316 705 2369 tuam,
737 2317 785 2361 ct
809 2324 870 2361 ex
896 2309 1034 2361 omni
1062 2309 1327 2379 aﬂlicliom
1354 2310 1578 2365 liberavit
1603 2311 1620 2378 (
1642 2307 1786 2364 Nah.
1810 2310 1865 2364 2.
1890 2312 1914 2364 1
1939 2310 1983 2382 ).
2013 2310 2118 2366 Sed

545 2396 614 2450 ad
656 2412 768 2451 rem
812 2398 1001 2452 iterum
1042 2399 1344 2465 redeamus,
1386 2397 1626 2466 Calabra,
1650 2397 1826 2466 Juda,
1855 2401 1984 2470 festa
2008 2411 2115 2468 tua,

547 2491 699 2543 redde
727 2488 836 2542 Deo
868 2499 982 2543 vota
1019 2499 1127 2546 tua.
1171 2488 1295 2544 Non
1334 2491 1553 2560 amplius
1593 2492 1833 2561 adjicient
1865 2494 2030 2547 venire
2052 2494 2120 2547 ad

546 2592 852 2636 vetustatem.
883 2582 1137 2650 Quaenam
1165 2580 1336 2637 festa?
1364 2582 1455 2637 Illa
1485 2583 1628 2639 enim
1652 2591 1830 2639 vetera
1861 2584 2118 2638 novbrum

548 2674 827 2743 imaginem
856 2673 1111 2728 terebant.
1128 2673 1302 2729 Prima
1328 2673 1443 2728 dies
1456 2675 1800 2745 Azymorum,
1821 2690 1940 2744 quae
1965 2689 2119 2730 accu-

547 2776 661 2821 rate
682 2766 1075 2835 explorantibus
1094 2768 1266 2837 imago
1287 2768 1549 2836 passionis
1570 2780 1672 2822 est.
1698 2767 1825 2822 Post
1844 2768 1982 2822 hanc
2005 2767 2119 2824 dies

548 2857 910 2921 Pentecostes,
939 2873 1055 2926 qua:
1078 2856 1253 2928 imago
1271 2866 1327 2913 ct
1345 2859 1458 2928 ipsa
1480 2858 1577 2912 fuit
1597 2857 1856 2913 adventus
1882 2860 2049 2914 sancti
2067 2871 2122 2915 et

546 2947 800 3002 adorandi
852 2946 1101 3017 Spiritus.
1148 2947 1364 3003 Festum
1416 2949 1933 3016 Tabernaculorum,
1978 2950 2119 3020 quod

548 3040 721 3110 imago
744 3040 1200 3097 tabernaculorum
1228 3041 1521 3097 caelestium
1547 3050 1680 3097 erat.
1714 3041 1846 3097 Hinc
1868 3042 2121 3098 Dominus

546 3130 916 3186 demonstrare
939 3132 1125 3186 volens
1145 3170 1160 3198 ,
1188 3132 1613 3203 quandoquidem
1656 3133 1744 3187 illa
1782 3131 2120 3189 tabernacula

548 3230 888 3291 tctnporanea
915 3232 1073 3286 sunt,
1113 3237 1233 3279 esse
1258 3223 1349 3278 illa
1376 3222 1592 3294 ﬁguram
1619 3223 1908 3278 futurorum
1941 3225 2120 3279 taber-

548 3313 877 3378 naculorum,
905 3313 1111 3368 dicebat
1131 3313 1380 3369 divitibus
1401 3313 1558 3383 hujus
1580 3313 1762 3369 mundi
1793 3331 1806 3367 :
1834 3312 2007 3368 Facite
2030 3329 2119 3367 vo-

545 3403 619 3457 bis
644 3403 831 3457 amicos
854 3419 916 3457 ea:
942 3419 1227 3457 mammona
1252 3403 1548 3474 iniquitatis,
1578 3412 1634 3456 ut
1659 3419 1773 3457 cum
1801 3403 2081 3472 defeceritis
2101 3445 2117 3470 ,

545 3496 789 3566 recipiant
809 3512 895 3549 vos
915 3498 967 3549 in
990 3506 1179 3551 eterna
1207 3497 1530 3549 tabernacula
1557 3494 1705 3564 (Luc.
1735 3495 1821 3550 16.
1849 3495 1930 3567 9).
1959 3496 2119 3551 Tem-

546 3598 778 3652 poranea
825 3583 985 3652 igitur
1031 3582 1370 3638 tabernacula
1410 3591 1731 3637 aeternorum
1757 3582 1922 3653 ﬁgura
1951 3582 2121 3637 taber-

534 3674 854 3745 naculorum
903 3684 1075 3728 erant.
1121 3674 1381 3741 Quoniam
1425 3688 1553 3744 ergo
1591 3673 1791 3728 Christi
1823 3675 2120 3730 oeconomia

546 3778 641 3817 seu
690 3764 979 3819 incarnatio
1022 3776 1230 3822 veteres
1276 3765 1470 3834 ﬁguras
1514 3764 1784 3834 implebat,
1822 3756 2120 3835 novamque

547 3854 688 3909 illuni
729 3857 948 3925 gratiam
992 3856 1270 3911 ﬂorentem
1318 3856 1607 3921 reddebat,
1654 3858 1818 3926 probe
1862 3858 2117 3928 propheta

546 3947 861 4015 prmnuntiat
890 3942 1071 4002 dicens
1096 3946 1355 4012 :Celebra,
1378 3947 1409 4000 J
1418 3948 1537 4015 uda,
1561 3948 1689 4018 festa
1707 3959 1813 4013 tua,
1840 3949 1992 4004 redde
2012 3948 2119 4004 Deo

544 4045 657 4087 vota
683 4044 805 4098 tua;
843 4035 892 4090 id
932 4032 1194 4106 signiﬁcat
1224 4037 1371 4101 illud,
1399 4036 1450 4090 Ν
1456 4054 1520 4091 on
1553 4039 1772 4108 amplius
1802 4040 2038 4110 adjicient
2065 4051 2119 4094 ut

543 4125 738 4179 veniant
778 4125 845 4178 ad
878 4136 1186 4182 vetustatem.
1213 4127 1484 4182 Renovata
1511 4138 1634 4183 sunt
1653 4129 1792 4184 enim
1817 4138 1997 4185 Vetera
2024 4146 2119 4200 per

540 4218 785 4290 gratiam,
810 4212 1164 4272 Consummata
1187 4230 1323 4285 sunt,
1345 4219 1540 4274 sublata
1558 4230 1693 4276 sunt.
1717 4222 1953 4277 Ascendit
1972 4223 2116 4279 enim

541 4320 605 4361 ea:
628 4312 758 4362 terra
782 4308 866 4378 qui
886 4306 1099 4379 insufflat
1139 4307 1194 4363 in
1219 4304 1399 4380 faciem
1443 4320 1601 4376 tuam,
1624 4321 1670 4364 et
1696 4313 1781 4383 qui
1810 4322 1858 4366 te
1881 4329 1943 4368 ea:
1978 4331 2114 4370 irru-

545 4404 674 4455 mnis
698 4403 864 4471 eripit.
890 4396 1181 4457 AtNahum
1206 4403 1459 4473 prapheta
1488 4404 1768 4459 Dominum
1796 4407 2018 4476 gratiam
2038 4408 2119 4462 in-

542 4494 832 4562 spirantem
858 4492 953 4550 tibi
977 4490 1119 4551 nudé
1144 4495 1413 4560 exhibuit;
1447 4496 1607 4551 Isaias
1628 4506 1805 4553 autem
1833 4498 1937 4553 alio
1957 4500 2119 4555 modo

545 4600 666 4638 eum
692 4587 778 4653 qui
809 4603 873 4640 ex
895 4588 1118 4643 mortuis
1138 4589 1368 4643 surrexit
1391 4599 1445 4643 et
1472 4589 1723 4659 Spiritum
1744 4601 1986 4647 sanctum
2007 4594 2116 4648 suis

542 4670 811 4744 clargitur,
838 4678 1159 4747 praenuntiat
1190 4678 1271 4732 his
1300 4678 1478 4734 verbis
1506 4697 1519 4733 :
1554 4676 1867 4735 Recordatus
1900 4693 1971 4736 est
2005 4684 2115 4737 die-

543 4781 655 4818 rum
679 4770 979 4819 mlernorum
1024 4768 1111 4838 qui
1163 4768 1334 4823 eduxit
1368 4772 1430 4824 de
1467 4781 1600 4825 terra
1637 4783 1886 4841 pastorem
1921 4775 2111 4831 ovium.

540 4854 609 4910 Et
632 4856 748 4911 loco
772 4856 931 4925 illius,
960 4854 1237 4929 Insuﬂiavit
1257 4860 1309 4913 in
1332 4858 1513 4931 faciem
1551 4879 1745 4929 eorum,
1771 4865 1947 4918 statim
1979 4865 2111 4919 sub-

537 4947 749 5014 jumtit:
779 4944 875 5013 Qui
904 4949 1071 5017 posuit
1096 4949 1149 5001 in
1174 4951 1242 5002 eis
1271 4946 1520 5018 Spiritum
1543 4963 1773 5007 sanctum
1801 4952 1819 5025 (
1850 4948 1977 5009 lsai.
2022 4956 2112 5012 65.

540 5039 601 5092 il
630 5035 670 5108 ).
707 5037 894 5091 Divina
935 5037 1184 5107 dignitas,
1214 5038 1389 5095 divina
1418 5044 1754 5112 nuncupatio,
1785 5045 1926 5114 regia
1952 5047 2113 5117 maje-

537 5139 683 5195 stas,
730 5129 1041 5185 intemerata
1086 5131 1288 5201 gloria,
1331 5132 1880 5204 incomprehensibilis
1925 5139 2110 5207 virtus,

538 5221 625 5289 qui
655 5236 774 5275 cum
806 5216 962 5276 Patre
983 5222 1409 5292 congloriﬁcatur
1428 5266 1443 5289 ,
1473 5240 1591 5279 cum
1620 5220 1752 5279 Filio
1777 5238 1994 5298 regnat,
2021 5232 2111 5300 qui

539 5318 790 5379 cperatur
827 5314 1026 5380 Omnia,
1070 5322 1122 5369 et
1162 5312 1338 5368 divina
1383 5327 1599 5369 munera
1643 5317 1862 5387 singulis
1900 5318 2109 5389 dividit,

540 5410 695 5470 prout
723 5404 856 5458 vult.
879 5402 1005 5460 Haec
1030 5405 1166 5460 bene
1187 5406 1313 5459 novi
1338 5400 1589 5461 Ecclesiae
1614 5402 1935 5464 riemesticos
1953 5412 2112 5467 robo-

540 5506 680 5560 rare,
712 5496 1064 5568 mordereque
1089 5513 1153 5553 ac
1176 5495 1510 5568 disrumpere
1529 5497 1768 5554 inimicos
1789 5501 1926 5569 ejus,
1942 5505 2111 5559 maxi-
2155 5541 2181 5553 -

538 5598 729 5656 tneque
774 5588 873 5658 pla:
912 5589 1185 5662 religionis
1222 5591 1418 5655 hostes,
1452 5592 1690 5662 quicum
1715 5592 1870 5650 Patre
1894 5604 1947 5651 et
1974 5590 2108 5652 Filio

538 5672 937 5746 congiariﬁcare
971 5681 1227 5753 Spiritum
1274 5693 1516 5739 sanctum
1562 5694 1829 5741 recusant.
1869 5678 1915 5741 Ο
1944 5688 2108 5744 mise-

542 5765 710 5821 riam!
740 5767 814 5825 Ne
842 5779 903 5825 ea
929 5768 1142 5841 quidem
1168 5780 1287 5847 qua:
1310 5772 1485 5830 sortiti
1512 5783 1633 5829 sunt
1661 5774 1780 5845 ipsi,
1805 5775 1984 5832 volunt
2015 5777 2109 5833 tri-

1978 354 2339 418 SEVERIANI

3680 359 3795 417 508

2221 472 2385 527 huere
2408 468 2628 541 Spiritui
2659 468 2861 528 sancte.
2893 473 3176 543 Apostolus
3206 482 3380 529 autent
3405 473 3473 531 de
3497 490 3590 540 se,
3622 475 3795 546 deque

2221 565 2303 619 sui
2327 566 2588 619 similibus
2615 565 2843 629 dicebat,
2877 565 2938 620 Si
2957 569 3309 635 compatimur,
3331 570 3479 620 etiam
3504 570 3795 639 conglariﬁ-

2222 658 2445 710 cabimur
2491 656 2678 728 (Rom.
2716 656 2923 727 8.17).
2974 658 3167 712 Paulus
3204 656 3626 725 congloriﬁcatur
3671 674 3792 714 cum

2224 746 2335 801 Deo
2354 789 2369 813 ,
2398 758 2451 801 et
2476 748 2700 817 Spiritus
2727 764 2833 802 non
2859 748 3320 818 congioriﬁcatur?
3345 750 3578 805 Mortalis
3605 762 3791 807 natura

2223 838 2274 890 in
2305 840 2501 891 tantam
2527 839 2900 893 sublimitatem
2927 840 3188 906 evehitur,
3224 848 3278 893 ut
3298 856 3418 894 cum
3447 842 3657 896 Christo
3674 846 3794 912 glo-

2224 927 2475 987 riﬁcetur,
2507 938 2561 982 et
2585 928 2885 982 adorandus
2912 929 3158 998 Spiritus,
3185 946 3281 985 nec
3304 932 3488 985 iisdem
3519 932 3794 987 nobiscum

2222 1019 2530 1075 muneribus
2570 1019 2809 1075 fruetur?
2854 1022 2927 1077 De
2966 1023 3151 1079 iisdem
3196 1024 3499 1080 hominibus
3540 1027 3611 1080 ait
3653 1026 3794 1083 idem

2224 1109 2513 1177 apostolus,
2539 1110 2600 1165 Si
2628 1114 2993 1182 contpatimur,
3027 1124 3074 1167 et
3095 1118 3507 1186 conregnabimus
3538 1116 3623 1189 (2.
3654 1117 3790 1175 Tim.

2223 1197 2424 1266 2.12);
2456 1208 2509 1253 ct
2528 1198 2755 1270 Spiritus
2774 1214 2985 1258 sanctus
3009 1221 3112 1259 non
3139 1206 3380 1275 regnabit
3403 1222 3523 1262 cum
3548 1206 3794 1264 Christo?

2224 1290 2267 1344 0
2290 1292 2547 1359 ingratum
2571 1296 2801 1348 animum
2823 1296 2835 1348 ι
2861 1312 2893 1349 o
2915 1298 3170 1351 insaniam
3193 1299 3603 1355 intolerandam!
3627 1317 3797 1357 osen-

2226 1384 2440 1437 tentiam
2470 1386 2701 1453 impiam,
2715 1398 2769 1441 et
2785 1388 3047 1458 ingentem
3070 1390 3470 1459 blasphemiam,
3487 1393 3796 1463 plagamque

2224 1473 2601 1530 incurabilem!
2653 1477 2760 1534 Nos
2813 1490 3180 1549 exspectamus
3229 1495 3643 1552 conregnaluros
3698 1500 3797 1542 nos

2224 1578 2368 1630 esse;
2392 1576 2445 1619 et
2464 1565 2716 1635 Spiritum
2735 1580 2971 1625 sanctum
2986 1573 3037 1625 in
3058 1573 3194 1627 servi
3208 1573 3446 1629 ordinem
3465 1574 3796 1646 redigemusi

2296 1657 2347 1712 6.
2394 1658 2519 1713 Hmc
2563 1675 2721 1727 porro
2757 1663 3002 1738 dicimus,
3032 1664 3242 1734 fratres,
3270 1683 3375 1722 non
3402 1668 3543 1739 quod
3571 1668 3799 1740 Spiritus

2225 1758 2441 1803 sanctus
2470 1752 2537 1804 ita
2568 1751 2758 1807 debeat
2782 1769 2900 1809 cum
2929 1756 3139 1811 Christo
3165 1760 3573 1828 congloriﬁcari,
3607 1774 3663 1817 ut
3700 1779 3799 1820 nos

2224 1839 2720 1911 congloriﬁcamur,
2758 1845 2850 1899 sed
2884 1858 2938 1900 ut
2969 1849 3294 1917 impietatem
3334 1867 3519 1907 eorum
3552 1854 3798 1912 confute-

2226 1944 2365 1993 mus,
2393 1930 2481 1999 qui
2513 1948 2611 1986 nec
2641 1942 2841 1988 tantum
2873 1937 3083 2004 quidem
3111 1940 3209 2007 ipsi
3238 1942 3471 1997 tribuere
3494 1944 3795 2013 dignantur.

2226 2019 2488 2091 Propitius
2532 2024 2605 2079 sis
2652 2026 2805 2081 nobis
2824 2069 2838 2094 ,
2882 2030 3123 2097 Domine,
3150 2034 3287 2087 circa
3312 2050 3371 2090 ca
3399 2048 3517 2105 qna:
3543 2039 3797 2097 diximus.

2224 2111 2372 2167 Licet
2405 2118 2545 2170 enim
2577 2117 2859 2185 impiorum
2898 2122 3035 2176 dicta
3072 2125 3384 2192 simpliciter
3423 2136 3476 2181 et
3514 2130 3799 2186 verborum

2226 2212 2380 2258 tenus
2408 2214 2608 2259 tantum
2640 2221 2960 2277 repetamus,
2988 2222 3219 2269 attamen
3248 2232 3425 2282 nemo,
3455 2220 3667 2284 fratres,
3696 2238 3799 2290 ptt-

2227 2300 2300 2347 tet
2342 2293 2465 2349 binc
2508 2300 2880 2353 contumeliam
2911 2300 3125 2371 Spiritui
3167 2316 3350 2360 sancto
3394 2307 3610 2375 inferri,
3657 2313 3799 2381 quod

2224 2400 2408 2440 eorum
2432 2391 2765 2445 contumeliae
2805 2405 3132 2463 repetantur.
3166 2398 3287 2452 Illas
3310 2402 3452 2455 enim
3483 2403 3536 2456 in
3565 2406 3799 2461 medium

2226 2476 2546 2546 proferimus
2569 2522 2584 2548 ,
2619 2498 2723 2536 non
2746 2495 2805 2538 ut
2829 2486 3081 2554 impietati
3104 2492 3476 2559 assentiamur,
3509 2496 3601 2548 sed
3632 2504 3690 2550 ut
3713 2512 3802 2552 cr-

2227 2581 2401 2621 rorem
2446 2570 2803 2640 traducamus,
2846 2586 2899 2629 et
2941 2578 3148 2645 pietatis
3186 2581 3434 2638 alumnos
3458 2600 3488 2639 a
3518 2601 3676 2653 prava
3712 2588 3800 2644 illa

2225 2657 2465 2714 doctrina
2504 2671 2822 2717 avertamus.
2866 2666 3071 2721 Etenim
3110 2672 3366 2738 apostoli,
3400 2675 3487 2744 qui
3515 2675 3799 2734 Dominum

2224 2748 2493 2814 amabant,
2539 2759 2595 2806 et
2638 2753 2754 2821 ejus
2798 2755 3125 2825 majestatem
3171 2759 3448 2830 viderant,
3493 2763 3799 2821 Judaeorum

2225 2841 2572 2895 contumelias
2612 2842 2665 2897 in
2711 2845 2875 2900 sacris
2903 2845 3200 2919 Evangeliis
3240 2853 3437 2909 referre
3462 2870 3563 2909 non
3590 2857 3803 2911 dtthita~

2225 2942 2367 2986 runt.
2399 2932 2577 3002 Itaque
2606 2936 2799 3005 scripta
2822 2938 2890 2992 ibi
2916 2951 3039 2995 sunt
3063 2958 3408 3014 quaecumque
3436 2948 3551 3002 ausi
3575 2963 3700 3004 sunt
3723 2953 3799 3006 illi

2225 3020 2292 3075 de
2322 3022 2535 3078 Christo
2562 3026 2759 3091 dicere,
2783 3030 2922 3098 quod
2956 3043 3203 3100 peccator
3228 3046 3403 3101 esset,
3431 3039 3571 3106 quod
3599 3055 3663 3094 ex
3693 3042 3801 3096 Deo

2225 3130 2328 3169 non
2355 3128 2517 3184 esset,
2546 3119 2789 3189 quodque
2814 3136 2993 3176 coram
3020 3139 3085 3178 eo
3106 3129 3218 3179 ausi
3249 3130 3356 3182 sint
3381 3128 3581 3196 dicere,
3614 3131 3800 3186 Sama-

2224 3207 2418 3260 ritanus
2443 3226 2492 3263 es
2518 3220 2591 3273 tu,
2616 3219 2662 3264 et
2682 3211 2982 3267 daemonium
3006 3215 3155 3270 habes
3182 3217 3360 3288 (Joan.
3382 3221 3435 3275 8.
3462 3220 3578 3291 48).
3604 3222 3798 3278 Verqu

2226 3298 2495 3386 Scriptura
2544 3318 2649 3357 non
2700 3306 2988 3375 scriptores
3024 3321 3257 3377 accusat,
3303 3312 3396 3367 sed
3437 3314 3795 3386 blasphemos.

2224 3382 2359 3443 Audi
2408 3388 2635 3460 Spiritus
2680 3393 2786 3448 vim
2837 3405 2889 3450 et
2928 3396 3237 3465 efﬁcaciam,
3278 3402 3401 3457 audi
3436 3382 3796 3473 apostolorum

2226 3480 2428 3547 laudes,
2475 3499 2658 3540 eorum
2707 3502 2931 3557 sequere
2978 3490 3297 3561 doctrinam,
3343 3507 3549 3554 sectare
3590 3511 3796 3569 patrum

2228 3576 2482 3645 vestigia;
2513 3593 2581 3634 ne
2609 3593 2674 3633 ex
2705 3580 3046 3649 profanorum
3079 3588 3310 3657 vestigiis
3348 3590 3401 3644 in
3444 3608 3681 3649 errorem
3706 3596 3800 3652 de.

2224 3665 2473 3724 ducaris:
2505 3662 2819 3729 Trinitatem
2840 3676 3023 3744 adora,
3056 3678 3365 3736 Trinitatem
3393 3684 3653 3755 gloriﬁca,
3682 3688 3798 3745 Trie

2226 3758 2441 3814 nitatem
2474 3762 2719 3833 prmdica.
2752 3763 2828 3818 lta
2845 3767 3079 3822 sentiunt
3102 3773 3391 3840 propltetm,
3418 3776 3487 3830 ita
3511 3779 3797 3846 praedicant

2224 3853 2467 3921 apostoli,
2499 3855 2567 3908 ita
2596 3857 2817 3912 credunt
2843 3868 3123 3933 martyres.
3153 3865 3288 3918 Audi
3320 3866 3540 3923 Paulum
3570 3871 3797 3927 Trinitao

2226 3955 2332 4000 tem
2378 3949 2754 4016 pratdieantem
2782 3969 2794 4004 :
2827 3952 3111 4010 Divisiones
3155 3960 3434 4027 gratiarum
3468 3974 3583 4017 sunt
3605 4005 3620 4031 ,
3664 3966 3799 4021 idem

2224 4047 2390 4090 autent
2429 4037 2690 4107 Spiritus;
2734 4041 2999 4098 divisiones
3039 4047 3460 4105 ministrationum
3498 4064 3634 4118 sunt,
3665 4057 3799 4110 idem

2223 4139 2389 4183 autem
2417 4128 2698 4192 Dominus;
2724 4133 2987 4189 divisiones
3012 4140 3357 4205 operationam
3377 4153 3512 4207 sunt,
3532 4145 3663 4198 idem
3684 4161 3796 4201 vero

2224 4217 2382 4283 Deus,
2418 4220 2502 4290 qui
2543 4233 2779 4292 aperatur
2822 4225 2989 4278 omnia
3036 4226 3087 4279 in
3128 4229 3356 4283 omnibus
3387 4231 3459 4301 (1.
3485 4232 3602 4287 Cor.
3627 4236 3709 4290 12.
3740 4238 3800 4290 4-

2224 4310 2300 4380 6).
2346 4310 2455 4365 Cur
2494 4329 2598 4366 non
2649 4314 2830 4383 incipit
2858 4331 2887 4369 a
2918 4316 3111 4372 Patre?
3149 4335 3245 4374 cur
3283 4336 3389 4376 non
3438 4326 3607 4390 primo
3651 4327 3796 4380 illum

2226 4404 2493 4471 praedicat,
2524 4403 2715 4460 deinde
2743 4405 2955 4473 Filium,
2988 4410 3199 4464 demum
3232 4411 3486 4482 Spiritum
3519 4421 3798 4472 sanctum?

2224 4495 2514 4552 lnvertisnc
2556 4499 2833 4567 ordinem,
2867 4490 3072 4556 Paule?
3100 4513 3342 4560 mutasne
3385 4508 3619 4562 seriem?
3666 4509 3797 4564 Dum

2222 4588 2472 4643 Servatur
2510 4590 2581 4643 ita
2628 4591 2920 4657 tradiderit,
2954 4591 3017 4646 In
3045 4594 3246 4649 nomine
3270 4595 3463 4661 Patris,
3489 4608 3534 4653 et
3563 4598 3723 4665 Filii,
3750 4612 3797 4655 et

2225 4678 2446 4748 Spiritus
2472 4682 2631 4734 sancti
2661 4680 2873 4754 (Matth.
2901 4683 2989 4739 9.8.
3018 4683 3142 4755 19),
3175 4695 3299 4741 tune
3326 4688 3487 4743 solvis
3520 4691 3798 4760 theologia:

2224 4759 2433 4832 legem?
2477 4763 2670 4818 Verum
2709 4765 2848 4820 absit
2881 4783 2947 4822 ne
2983 4768 3106 4837 qttid
3136 4769 3238 4824 tale
3266 4788 3510 4841 umquam
3540 4772 3607 4828 de
3634 4759 3797 4829 Paulo

2222 4854 2534 4925 cogitemus.
2583 4856 2806 4912 Sanctus
2849 4860 2989 4914 enim
3034 4860 3122 4916 ille
3162 4872 3216 4917 et
3247 4864 3573 4921 admirabilis
3597 4883 3792 4938 pra'co.

2223 4945 2324 4999 hoc
2350 4945 2514 5015 probe
2542 4958 2793 5014 noverat,
2826 4963 2885 5002 se
2914 4950 3118 5006 etiamsi
3146 4952 3373 5020 Spiritus
3405 4958 3575 5024 prium
3604 4958 3793 5012 menti-

2222 5036 2381 5091 nisset
2406 5076 2421 5103 ,
2452 5037 2794 5093 nihilominus
2823 5039 3138 5111 theologiam
3166 5043 3385 5109 ilbesam
3415 5060 3628 5101 servare
3650 5084 3667 5111 ,
3696 5062 3795 5101 ne-

2219 5144 2323 5198 que
2359 5127 2686 5184 inconiusam
2729 5139 2969 5186 naturam
3009 5134 3327 5189 contumelia
3367 5135 3581 5192 afﬁcere
3622 5153 3796 5207 neque

2219 5220 2456 5275 dividere
2509 5220 2881 5276 indivisibilem
2931 5222 3261 5292 dignitatem.
3321 5225 3578 5295 Spiritum
3623 5228 3795 5297 primo

2220 5321 2519 5378 memorat,
2569 5323 2629 5366 ut
2678 5314 2954 5379 ostendat,
2999 5314 3251 5384 Spiritum
3279 5358 3292 5381 ,
3344 5318 3448 5373 etsi
3497 5329 3795 5389 postremus

2218 5403 2513 5465 scribatur,
2569 5418 2675 5457 non
2722 5403 2845 5458 hinc
2895 5405 3138 5458 ultimum
3171 5415 3225 5460 et
3266 5419 3586 5476 postremum
3631 5410 3793 5467 efﬁci.

2216 5495 2348 5564 Quia
2391 5496 2530 5551 enim
2573 5495 2646 5548 illi
2691 5510 2849 5563 prave
2898 5497 3313 5564 interpretantur
3353 5515 3458 5558 non
3503 5516 3793 5553 connume-

2216 5596 2412 5652 rantes,
2443 5585 2534 5641 sed
2591 5584 2879 5657 posteriori
2918 5586 3103 5641 ordine
3148 5601 3488 5643 numerantes
3529 5601 3646 5660 post
3691 5591 3791 5645 Pa-

2216 5690 2347 5735 trem
2396 5672 2584 5733 Filium
2612 5719 2625 5741 ,
2680 5684 2798 5748 post
2841 5672 3028 5732 Filium
3067 5678 3318 5748 Spiritum
3353 5691 3593 5739 sanctum
3640 5684 3659 5749 (
3680 5684 3788 5753 pri-

2215 5788 2333 5831 mus
2357 5772 2519 5841 enim,
2551 5770 2716 5839 aiunt,
2746 5770 2922 5840 Pater,
2951 5772 3212 5828 secundus
3241 5772 3434 5841 Filius,
3462 5776 3651 5831 tertius
3670 5773 3791 5845 Spi-
