4118 6310
351 371 457 430 507

354 485 458 558 γὰρ
489 484 661 555 Ἀδὰμ
682 484 934 548 πλασθεὶς
955 485 1143 539 ἐλαϐεν
1163 486 1459 557 ἐμφύσημα
1476 487 1616 557 ζωῆς
1642 488 1916 557 (Ένεφύ-

350 590 509 643 σησε
532 575 641 644 γὰρ
675 577 708 627 o’
746 573 884 640 Θεὸς
917 576 1004 640 είς
1030 575 1094 628 τὸ
1116 577 1438 642 πρόσωπον
1456 576 1562 629 τσῦ
1598 576 1787 645 Ἀδὰμ,
1817 576 1914 631 καί

348 660 584 729 ἐγένετο
598 661 684 723 είς
698 657 910 727 ψυχὴν
928 657 1161 728 ζῶσαν),
1180 659 1207 711 ὃ
1228 658 1404 713 λαϐὼν
1422 662 1624 722 ἐκεῖνος
1645 660 1913 725 ἀπώλεσε,

349 742 506 796 τοῦτο
548 740 739 811 παρὼν
795 741 1185 812 ἀνακαλοῦμαι.
1250 742 1476 811 Ἐγείρω
1523 742 1616 794 τὸν
1661 743 1915 805 πεσόντα,

350 824 677 888 ἀνακαινίζω
708 823 799 877 τὸν
828 824 1123 895 φθαρέντα,
1162 823 1407 887 ζωοποιῶ
1438 825 1530 877 τόν
1552 826 1912 896 νεκρωθέντα.

351 910 633 979 Μαρτυρεῖ
660 924 761 975 μου
796 910 861 979 τῇ
897 906 1174 978 οἰκονομίᾳ
1202 908 1295 959 καὶ
1336 910 1363 960 ό
1405 910 1683 978 προφήτης
1717 907 1920 977 βοήσας

353 1008 454 1062 μου
497 991 595 1060 τήν
634 990 958 1061 ἐμφύσησιν.
1008 990 1118 1043 Καὶ
1160 989 1247 1052 τίς
1283 992 1312 1042 ό
1358 991 1599 1042 ἀναϐοῶν
1634 993 1915 1061 προφήτης

350 1075 729 1141 προαναφωνεϊ
754 1072 849 1143 τὴν
886 1072 1044 1140 ἀγίαν
1080 1072 1282 1142 ταύτην
1315 1073 1657 1142 ἐμφύσησιν;
1696 1076 1913 1135 Ἀκουε,

350 1156 501 1226 φησί,
550 1155 644 1207 τοῦ
693 1156 970 1227 προφήτου
1013 1154 1262 1223 λέγοντος
1307 1158 1363 1209 ἐν
1402 1159 1512 1218 τοῖς
1563 1156 1914 1209 δυοκαίδεκα’

348 1238 496 1291 Ναοῦ
503 1256 541 1307 μ
554 1238 611 1290 δέ
631 1237 802 1307 τούτῳ
821 1238 989 1306 ὄνομα
1005 1255 1019 1269 ⁸
1046 1237 1329 1306 Ἐόρταζε,
1355 1237 1572 1301 Ἰούδα,
1591 1238 1697 1304 τὰς
1710 1237 1917 1305 ἑορτάς

350 1337 485 1386 σου,
524 1321 749 1387 ἀπόδος
786 1320 865 1385 τῷ
905 1321 1026 1386 Θεῷ
1050 1323 1159 1389 τὰς
1186 1322 1371 1391 εὐχάς
1396 1338 1531 1376 σου.
1576 1323 1784 1376 Οὐκέτι
1830 1320 1915 1389 μὴ

348 1403 696 1473 προσθῶσιν
736 1404 935 1458 ἐλθεῖν
971 1407 1119 1472 πρὸς
1159 1408 1522 1460 παλαίωσιν·
1566 1405 1919 1459 συντετέλεσ

351 1501 489 1542 σται
521 1487 590 1540 τὰ
636 1487 847 1559 πρῶτα,
892 1489 1083 1559 φησίν·
1129 1490 1324 1543 οὐκέτι
1358 1493 1431 1544 οὐ
1452 1489 1537 1559 μὴ
1573 1488 1921 1558 προσθῶσιν

351 1571 550 1625 ἐλθεῖν
572 1572 721 1639 πρὸς
750 1573 1102 1625 παλαίωσιν.
1134 1571 1243 1641 Τὴν
1279 1573 1469 1643 καινὴν
1505 1574 1661 1643 χάριν
1693 1572 1919 1639 εὐαγγε-

352 1654 575 1719 λίζεται,
608 1655 690 1707 ὅτι
726 1655 791 1707 τὰ
828 1655 1029 1708 παλαιὰ
1064 1654 1357 1717 πέπαυται,
1393 1657 1460 1709 τά
1505 1655 1602 1708 νέα
1645 1654 1916 1709 ἀνθοῦσιν.

361 1735 617 1804 Ἐόρταζε
644 1738 750 1802 τὰς
781 1736 990 1804 ἑορτάς
1028 1753 1163 1791 σου.
1193 1738 1291 1790 Διά
1330 1738 1401 1797 τί,
1444 1738 1788 1805 Ἐόρτασον,
1812 1736 1922 1788 ὀνο-

356 1819 545 1888 μάζει;
589 1819 802 1890 Ἐπειδὴ
841 1823 898 1873 ἐν
941 1823 1006 1890 τῇ
1055 1822 1213 1891 ἐορτῇ
1261 1821 1354 1873 τοῦ
1398 1820 1586 1890 Πάσχα
1628 1818 1918 1878 ἀνάστασις

351 1902 580 1971 ἤμελλεν
627 1902 872 1972 ἀνθῆσαι.
936 1903 1230 1971 Ἐόρταζε,
1279 1903 1476 1973 φησὶν,
1539 1902 1754 1961 Ἰούδα,
1814 1903 1920 1964 τὰς

349 1983 557 2053 ἑορτάς
612 2001 749 2048 σου,
794 1984 1018 2050 ἀπόδος
1068 1983 1147 2049 τῷ
1208 1985 1328 2050 Θεῷ
1384 1985 1492 2049 τὰς
1554 1983 1740 2053 εὐχάς
1779 1999 1914 2036 σου.

354 2068 561 2122 Οὐκέτι
608 2068 695 2137 μὴ
752 2067 1098 2137 προσθῶσιν
1148 2070 1347 2123 ἐλθεῖν
1402 2073 1491 2133 είς
1552 2070 1915 2122 παλαίωσιν·

348 2151 827 2210 συντετέλεσται,
857 2152 1098 2219 ἐξῆρται
1118 2169 1130 2181 ·
1159 2152 1421 2214 τουτέστι,
1454 2153 1521 2205 τὰ
1551 2151 1743 2220 πρῶτα
1769 2150 1920 2213 τέλος

348 2233 481 2304 ἔχει.
516 2235 626 2288 Καὶ
657 2234 743 2287 διὰ
782 2235 834 2288 τί
863 2236 1014 2298 τέλος
1042 2236 1155 2306 ἔχει
1195 2238 1262 2290 τά
1294 2237 1520 2307 πρῶτα;
1569 2236 1766 2302 Ἀνέϐη
1812 2235 1920 2303 γὰρ

345 2318 416 2371 ἐκ
445 2317 554 2391 τῆς
589 2316 703 2385 γῆς
730 2322 762 2371 ό
784 2317 1073 2387 ἐμφυσῶν
1092 2322 1181 2385 εἱς
1210 2320 1277 2373 τὸ
1306 2320 1630 2387 πρόσωπόν
1658 2334 1793 2379 σου,
1822 2316 1918 2370 καί

346 2399 767 2469 ἐξαιρούμενός
787 2417 861 2454 σε
896 2402 964 2454 ἐκ
1008 2403 1286 2469 θλίψεως.
1333 2402 1489 2454 Ἀλλά
1528 2402 1689 2455 πάλιν
1718 2402 1920 2452 ἐπανα-

347 2482 618 2553 λάϐωμεν.
664 2483 948 2550 Ἐόρταζε,
987 2484 1190 2549 Ἰούδα,
1232 2485 1337 2551 τὰς
1359 2484 1567 2553 ἑορτάς
1599 2499 1735 2546 σου,
1771 2484 1919 2537 ἀπό-

348 2565 451 2632 δος
485 2566 562 2640 τῷ
593 2565 712 2631 Θεῷ
734 2568 839 2632 τὰς
860 2566 1041 2635 εὐχάς
1066 2585 1200 2621 σου.
1232 2567 1438 2623 Οὐκέτι
1458 2567 1541 2637 μὴ
1574 2565 1921 2634 προσθῶσιν

346 2650 546 2703 ἐλθεῖν
589 2653 675 2716 εἰς
695 2651 1052 2705 παλαίωσιν.
1078 2652 1234 2714 Τίνες
1268 2653 1323 2705 αἰ
1351 2650 1565 2721 ἐορταί;
1594 2648 1773 2702 Ἦσαν
1812 2650 1919 2719 γὰρ

348 2734 549 2785 ἐκεῖναι
587 2734 641 2785 αἰ
687 2732 910 2786 παλαιαὶ
956 2733 1063 2786 τῶν
1111 2734 1549 2805 νέωνκφέρουσαι
1588 2732 1686 2802 τὴν
1715 2732 1916 2786 εἰκόνα.

347 2815 543 2886 Πρώτη
576 2815 687 2869 τῶν
722 2816 971 2887 Ἀζύμων
1003 2816 1205 2888 ἡμέρα,
1239 2816 1401 2870 εἰκὼν
1432 2812 1566 2869 οὖσα
1591 2815 1683 2868 τοῦ
1714 2815 1920 2876 πάθους

345 2900 459 2959 τοῖς
495 2898 735 2965 ἀκριϐῶς
777 2899 1105 2964 ἐξετάζουσι.
1157 2901 1311 2953 Μετά
1352 2900 1555 2970 ταύτην
1599 2897 1778 2968 ήμέρα
1821 2897 1920 2967 τῆς

350 2982 744 3051 Πεντηκοστῆς,
772 2982 932 3035 εἰκὼν
951 2979 1087 3035 οὖσα
1118 2984 1208 3036 καὶ
1234 2983 1373 3054 αὑτὴ
1402 2983 1501 3053 τῆς
1523 2982 1618 3034 τοῦ
1644 2982 1803 3050 ἁγίου
1825 2981 1920 3033 καὶ

348 3068 719 3136 προσκυνητοῦ
771 3069 1085 3137 Πνεύμοιτος
1126 3070 1533 3137 ἐπιφοιτήσεως.
1592 3067 1654 3119 Ἢ
1702 3067 1759 3120 δὲ
1811 3064 1922 3118 τῶν

350 3150 739 3218 Σκηνοπηγίων
768 3151 930 3204 εἰκὼν
959 3152 1052 3203 καὶ
1079 3151 1215 3221 αὐτή
1240 3147 1307 3220 ἦν
1332 3150 1440 3205 τῶν
1462 3151 1675 3221 σκηνῶν
1701 3151 1809 3204 τῶν
1832 3150 1923 3201 ού-

347 3233 568 3302 ρανίων.
600 3233 817 3296 Τούτοις
848 3246 874 3274 ι
904 3235 997 3287 καὶ
1025 3236 1053 3287 ό
1075 3233 1276 3304 Κύριος
1308 3234 1729 3304 ἐνδεικνύμενος,
1768 3236 1921 3287 ἐπει-

345 3316 522 3387 δήπερ
565 3317 768 3370 ἐκεῖναι
812 3312 954 3387 ἦσαν
993 3317 1336 3388 πρόσκαιροι,
1375 3316 1693 3388 βουλόμενος
1727 3316 1916 3381 δεῖξαι,

345 3401 427 3454 ὅτι
452 3402 507 3453 αἰ
531 3404 725 3471 σκηναὶ
745 3403 947 3455 ἐκεῖναι
970 3401 1140 3463 τύπος
1168 3403 1274 3454 είσί
1314 3402 1422 3455 τῶν
1448 3402 1751 3472 μελλουσῶν
1787 3416 1919 3471 σκη-

346 3484 472 3548 νῶν,
494 3485 641 3557 [520]
665 3486 817 3553 ἔλεγε
840 3486 973 3556 πρὸς
995 3487 1119 3548 τοὺς
1140 3489 1197 3539 ἐν
1217 3485 1292 3554 τῷ
1316 3486 1505 3557 κόσμῳ
1525 3484 1880 3547 πλουτοῦντας
1900 3502 1916 3516 ο

346 3568 639 3637 Ποιήσατε
664 3568 805 3637 ὑμῖν
826 3571 1043 3638 φίλους
1083 3569 1151 3622 ἐκ
1190 3568 1297 3621 τοῦ
1325 3565 1619 3637 μαμμωνᾶ
1646 3566 1753 3635 τῆς
1787 3568 1916 3623 ἀδι-

346 3650 482 3716 κίας
499 3665 513 3678 ·
546 3651 622 3704 ἵν’
652 3650 796 3704 ὅταν
816 3649 1198 3723 ὲκλ[ε]ι’πητε,
1217 3651 1501 3714 δέξωνται
1526 3649 1681 3720 ὑμᾶς
1695 3654 1778 3716 είς
1811 3650 1919 3715 τὰς

345 3733 624 3800 αἰωνίους
655 3733 911 3801 σκηνάς.
944 3734 1009 3786 Αἱ
1034 3730 1125 3788 οὖν
1167 3734 1493 3803 πρόσκαιροι
1522 3732 1717 3803 σκηναὶ
1747 3733 1917 3795 τύπος

339 3813 482 3887 ἦσαν
511 3816 620 3870 τῶν
648 3818 878 3870 αἰωνίων
909 3818 1143 3887 σκηνῶν.
1188 3818 1340 3871 Ἐπεὶ
1367 3814 1459 3871 οὖν
1493 3820 1525 3888 ή
1556 3817 1650 3869 τοῦ
1680 3816 1914 3889 Χριστοῦ

341 3900 625 3969 οἰκονομία
654 3900 782 3962 τοὺς
836 3900 933 3970 μὲν
966 3900 1225 3963 παλαιοὺς
1268 3900 1469 3965 τύπους
1512 3901 1770 3971 ἐπλήρου,
1818 3900 1916 3970 τὴν

338 3984 402 4037 δὲ
452 3984 579 4037 νέαν
624 3985 783 4053 χάριν
818 3983 1026 4054 ἐξήνθει
1050 4025 1064 4048 ,
1104 3984 1284 4047 καλῶς
1314 3986 1342 4037 ὁ
1366 3986 1648 4054 προφήτης
1681 4000 1918 4054 προανα-

340 4069 513 4136 φωνεί
545 4066 719 4135 λέγων
739 4082 755 4097 ο
807 4064 1088 4132 Ἑόρταζε,
1143 4066 1348 4129 Ἰούδα,
1391 4066 1501 4131 τὰς
1536 4066 1744 4133 ἑορτάς
1777 4083 1913 4131 σου,

338 4149 568 4215 ἀπόδος
604 4148 685 4214 τῷ
733 4147 854 4213 Θεῷ
890 4148 994 4214 τὰς
1027 4149 1211 4218 εὐχάς
1256 4163 1408 4202 σου·
1457 4149 1709 4219 σημαίνει
1758 4149 1787 4188 ι)
1831 4150 1912 4212 τὸ,

343 4233 557 4289 οὐκέτι
582 4234 691 4303 γάρ
722 4232 808 4301 μὴ
838 4229 1182 4299 προσθῶσιν
1213 4231 1413 4285 ἐλθεῖν
1440 4234 1526 4297 εἰς
1553 4232 1911 4285 παλαίωσιν.

354 4315 822 4371 ’Δνακεκαίνισται
872 4315 979 4385 γὰρ
1028 4316 1097 4367 τά
1149 4316 1351 4369 παλαιά
1393 4314 1481 4368 διὰ
1531 4315 1628 4385 τῆς
1672 4316 1912 4386 χάριτος,

338 4400 829 4459 Συντετέλεσται,
861 4400 1119 4468 ἐξῆρται.
1163 4400 1359 4467 Ἀνέϐη
1401 4401 1509 4470 γὰρ
1550 4401 1618 4453 ἐκ
1663 4399 1773 4467 τῆς
1805 4397 1916 4468 γῆς

339 4488 375 4539 ὀ
408 4481 697 4552 ἐμφυσῶν
736 4485 823 4548 είς
859 4482 925 4535 τι)
968 4484 1291 4550 πρόσωπόν
1320 4500 1457 4544 σου,
1501 4483 1601 4535 καί
1646 4483 1915 4552 ἐξαιρού-

332 4569 523 4638 μενός
554 4580 629 4618 σε
652 4565 717 4618 ἐκ
747 4567 1022 4632 θλίψεως.
1061 4566 1200 4618 Ἀλλ’
1229 4569 1257 4620 ὁ
1287 4567 1384 4636 μὲν
1415 4569 1697 4637 προφήτης
1720 4568 1915 4638 Ναούμ

339 4649 561 4720 γυμνῶς
594 4665 674 4701 σοι
707 4650 1015 4719 παρέστησε
1043 4648 1131 4701 τὸν
1160 4650 1256 4720 τὴν
1292 4649 1451 4717 ἀγίαν
1483 4651 1640 4722 χάριν
1677 4651 1916 4721 ἐμπνεύ-

340 4749 512 4786 σαντα
536 4731 737 4802 Κύριον
756 4750 771 4763 ·
813 4732 1041 4794 Ἡσαΐας
1077 4731 1133 4784 δέ
1161 4736 1251 4785 καὶ
1286 4734 1445 4795 αὐτὸς
1467 4736 1637 4804 ἑτέρῳ
1663 4737 1846 4806 τρόπῳ
1888 4747 1910 4773 ε

338 4816 435 4869 τὸν
482 4817 547 4868 ἐκ
594 4815 803 4886 νεκρῶν
853 4814 1158 4868 ἀναστάντα
1207 4816 1300 4868 καὶ
1342 4816 1561 4886 Πνεῦμα
1610 4817 1761 4885 ἆγιον
1803 4822 1915 4882 τοῖς

340 4898 537 4954 ἐαυτοῦ
564 4898 913 4969 χαριζόμενον
945 4901 1320 4970 προαναφωνεί
1358 4899 1529 4968 λέγων
1549 4916 1562 4930 ·
1610 4900 1912 4970 Ἐμνήσθη

341 4981 580 5053 ἡμερῶν
597 4985 847 5037 αἰωνίων
871 4985 903 5036 ό
923 4982 1288 5048 ἀναϐιϐάσας
1303 4985 1371 5037 ἐκ
1404 4982 1513 5052 γῆς
1538 4986 1642 5037 τὸν
1665 4986 1915 5055 ποιμένα

338 5068 461 5121 τῶν
506 5066 830 5136 προϐάτων.
881 5068 995 5121 Καὶ
1045 5067 1166 5120 ἀντὶ
1195 5067 1312 5133 τοῦ,
1366 5070 1775 5137 Ἐνεςςύσησεν
1826 5072 1916 5136 εἰς

341 5151 410 5205 τὸ
438 5154 762 5219 πρόσωπον
797 5153 1004 5217 αὐτοῦ,
1038 5152 1239 5216 εὐθέως
1259 5154 1535 5223 ἐπήγαγεν
1555 5169 1568 5182 ·
1610 5155 1671 5207 '0
1697 5155 1820 5220 θείς
1845 5155 1916 5206 ἐν

339 5234 545 5299 αὐτοῖς
566 5233 631 5287 τὸ
660 5233 899 5303 Πνεῦμα
914 5234 982 5288 τὸ
1015 5235 1204 5305 ἅγιοκ.
1249 5236 1310 5288 Ἦ
1342 5235 1499 5307 θεῖκὴ
1522 5237 1666 5303 ἀξία,
1698 5239 1732 5309 ή
1760 5236 1914 5309 θεῖκή

341 5316 701 5389 προσηγορία,
729 5317 791 5371 τὸ
822 5319 1094 5387 βασιλικὸν
1126 5318 1360 5389 ἀξίωμα,
1390 5322 1423 5388 ἡ
1470 5319 1734 5392 ἄχραντος
1766 5322 1913 5388 δόξα,

342 5400 440 5454 καὶ
471 5401 504 5471 ή
536 5400 915 5469 ἀκατάληπτος
947 5402 1173 5472 δύναμις
1204 5402 1264 5456 τὸ
1291 5401 1369 5472 τῷ
1397 5404 1570 5475 Πατρὶ
1604 5405 1917 5471 συνδοξαζό-
1952 5438 1955 5441 λ

344 5501 526 5555 μενον,
548 5485 641 5537 καὶ
663 5484 775 5554 Υίῷ
800 5484 1212 5555 συμϐασιλεύον,
1238 5487 1333 5539 καὶ
1352 5488 1607 5559 ἐνεργοῦν
1627 5488 1694 5542 τὰ
1717 5490 1913 5559 πάντα,

342 5569 438 5621 καὶ
466 5566 706 5641 διαιροῦν
737 5567 806 5620 τὰ
840 5567 955 5621 θεία
977 5569 1288 5641 χαρίσματα
1329 5570 1563 5643 ἑκάστῳ,
1587 5573 1766 5638 καθὼς
1796 5574 1917 5646 βού-

397 5691 429 5722 ⁸
462 5690 579 5742 Hac
600 5695 761 5742 vitiata
784 5692 1034 5747 videnlur.

405 5752 432 5792 δ
458 5760 569 5816 δαν,
585 5756 711 5813 conj.
744 5756 962 5816 σήμαινε.

378 5817 429 5847 η·
455 5814 527 5865 lla
552 5814 675 5879 Reg.
706 5814 911 5877 optimc.
933 5819 1063 5871 EdiL
1090 5831 1206 5871 vero
1226 5821 1272 5870 ἐν
1292 5822 1438 5886 ἑτέρῳ
1461 5822 1615 5885 τόπῳ.

1513 375 1599 431 DE
1642 374 2001 432 SERPENTE
2042 376 2343 434 ΠΟΜΙΙᾹΛ.

3479 369 3592 426 ωε

2020 487 2187 541 λεται.
2211 488 2392 542 Ταῦτα
2423 485 2481 541 εὖ
2509 483 2626 541 οἴδα
2650 487 2729 541 ὅτι
2763 484 3002 554 στηρίξει
3035 485 3135 555 μὲν
3151 483 3277 546 τοὺς
3305 481 3464 546 ἰδίους
3485 482 3587 550 τῆς

2032 571 2372 637 Ἑκκλησίας.
2393 571 2575 624 δάκνει
2604 570 2661 623 δὲ
2687 570 2811 631 τοὺς
2838 568 3063 639 ἐχθροὺς
3092 568 3186 619 καὶ
3205 566 3583 636 διαρῤήγνυσι.

2022 663 2251 731 μάλιστα
2276 662 2401 725 τοὺς
2432 662 2656 732 ἐχθροὺς
2687 662 2785 730 τῆς
2807 660 3105 723 εὐσεϐείας,
3130 660 3259 721 τοὺς
3291 675 3589 729 παραιτου-

2022 746 2215 815 μένους
2259 747 2433 816 Πατρ¹ι
2482 746 2575 799 καὶ
2615 745 2730 815 Υίῷ
2777 743 3111 808 συνδοξάζειν
3154 743 3215 797 τὺ
3256 743 3475 813 Πνεῦμα
3525 743 3590 795 τδ

2019 826 2191 895 ἅγιον.
2224 830 2286 881 Ὢ
2317 830 2417 898 τῆς
2446 828 2781 896 ἀθλιότητοςί
2808 826 2939 880 Οὐδὲ
2957 820 3029 878 ὧν
3062 825 3268 895 ἔτυχον,
3298 823 3599 891 καταξιοῦν-

2018 910 2257 963 ἐθέλουσι
2293 911 2352 963 τὸ
2378 911 2598 979 Πνεῦμα
2627 910 2687 962 τὸ
2710 908 2771 976 ἀγ
2785 926 2880 961 ιον.
2924 910 2981 960 '0
3012 908 3067 960 δέ
3109 908 3426 970 Ἀπόστολος
3461 907 3588 978 περὶ

2018 994 2211 1047 ἐαυτοῦ
2236 995 2329 1047 καὶ
2349 994 2455 1047 τῶν
2479 996 2596 1047 κατ’
2618 992 2779 1046 αὑτὸν
2801 992 3003 1059 ἔλεγεν,
3036 994 3105 1046 Ei
3127 990 3591 1059 συμπάσχομεν,

2019 1077 2115 1131 καὶ
2147 1076 2781 1146 συνδοξασθησόμεθα.
2806 1074 3018 1138 Παῦλος
3044 1074 3414 1139 συνδοξάζεται
3446 1074 3586 1144 Θεῷ,

2019 1160 2111 1213 καὶ
2131 1160 2190 1212 τὸ
2213 1161 2434 1229 Πνεῦμα
2473 1161 2534 1212 ού
2569 1156 2974 1223 συνδοξάξεταις
3020 1157 3082 1208 Ἦ
3111 1155 3276 1227 θνητὴ
3317 1156 3474 1225 φύσις
3501 1173 3589 1208 το-

2021 1242 2206 1295 σοῦτον
2234 1243 2507 1310 ἀνάγεται,
2552 1242 2627 1305 ὡς
2658 1241 2875 1311 Χριστῷ
2915 1239 3346 1305 συνδοξάζεσθαι,
3391 1240 3486 1292 καὶ
3528 1238 3590 1291 τὸ

2019 1327 2387 1397 προσκυνητδν
2408 1324 2631 1395 Πνεῦμα
2651 1325 2767 1377 οὐδὲ
2792 1324 2897 1376 τῶν
2923 1324 3102 1377 αὐτῶν
3124 1326 3254 1394 ἡμῖν
3278 1324 3596 1383 κοινωνήσει

2020 1410 2535 1479 πλεονεκτημάτων;
2584 1410 2692 1462 Καὶ
2730 1409 2855 1477 περί
2898 1408 2994 1478 μὲν
3025 1408 3329 1479 ἀνθρώπων
3357 1407 3521 1477 φησὶν
3560 1409 3589 1459 ό

2019 1493 2178 1555 αὐτὸς
2208 1492 2501 1555 ἀπόστολος
2519 1511 2533 1523 ·
2553 1495 2599 1543 Ε
2605 1496 2621 1544 ὶ
2646 1490 3041 1560 ὑπομένομεν,
3063 1490 3159 1544 καί
3183 1488 3589 1557 συμϐασιλεύ-

2019 1591 2207 1644 σομεν
2230 1592 2242 1605 ·
2280 1576 2339 1628 τὸ
2369 1575 2426 1628 δὲ
2450 1576 2669 1644 Πνεῦμα
2699 1574 2758 1627 τὸ
2785 1574 2939 1643 ἆγιον
2962 1574 3023 1626 ού
3064 1571 3592 1643 συμϐασιλεύειΧρι-

2022 1660 2163 1729 στῷ;
2191 1660 2254 1711 Ὠ
2281 1660 2376 1729 τῆς
2407 1659 2603 1727 πολλῆς
2638 1657 3057 1727 ἀγνωμοσύνηςί
3082 1656 3127 1709 ὣ
3146 1657 3242 1725 τῆς
3269 1654 3469 1722 πολλῆς
3499 1653 3590 1705 καὶ.

2021 1742 2292 1812 ἀφορήτου
2327 1742 2547 1812 μανίαςῑ
2584 1740 2627 1793 ὣ
2650 1739 2874 1810 γνώμης
2912 1741 3091 1804 ἀθέου,
3126 1740 3217 1791 καὶ
3249 1737 3591 1809 βλασφημίας

2020 1827 2275 1897 ἀμέτρου,
2322 1827 2416 1879 καί.
2442 1825 2652 1897 πληγῆς
2685 1824 2903 1877 ἀνιάτου
2930 1826 2942 1877 ἰ
2988 1823 3175 1892 Ἡμεῖς
3208 1821 3592 1893 προσδοκῶμεν

2023 1908 2469 1979 συμϐασιλεύσαι,
2519 1909 2611 1961 καὶ
2659 1907 2717 1959 τὸ
2762 1906 2985 1977 Πνεῦμα
3023 1907 3085 1958 τὸ
3134 1905 3285 1972 ἅγιον
3317 1905 3374 1957 ἐν
3406 1903 3590 1957 δούλου

2020 1992 2170 2055 τάξει
2210 1993 2510 2045 κατατάττο
2519 2009 2616 2061 μεν
2636 2008 2649 2055 ;

2093 2084 2165 2141 ς’.
2194 2076 2378 2130 Ταῦτα
2407 2077 2462 2129 δέ
2489 2093 2687 2146 φαμεν,
2710 2074 2947 2141 ἀδελφοὶ,
2973 2072 3070 2143 οὐχ
3097 2073 3171 2135 ὡς
3201 2070 3595 2142 παραπλησίως

2021 2160 2150 2230 ἡμῖν
2171 2160 2472 2228 ὀφείλοντος
2496 2159 2588 2211 τοῦ
2618 2159 2772 2226 ἀγίου
2802 2157 2935 2209 Πνεύ
2946 2174 3112 2226 ματος
3133 2155 3209 2226 τῷ
3238 2156 3453 2227 Χριστῷ
3475 2171 3595 2206 συν-

2019 2243 2353 2308 δοξάζεσθαι,
2394 2242 2529 2295 ἀλλά
2568 2242 2666 2313 τὴν
2693 2242 2943 2294 ἀσέϐειαν
2972 2240 3280 2309 ἐλέγχοντες
3318 2239 3425 2290 τῶν
3459 2236 3593 2307 μηδὲ

2018 2326 2267 2379 τοσοῦτον
2299 2325 2589 2395 ἀπονέμειν
2613 2324 2972 2395 ἀνεχομένων.
3010 2324 3193 2385 Ἵλεως
3213 2323 3268 2375 δὲ
3297 2324 3445 2393 ἡμῖν,
3475 2320 3591 2375 Κύ-

2024 2426 2123 2479 ριε,
2154 2410 2246 2461 ἐπὶ
2279 2411 2390 2469 τοῖς
2416 2408 2762 2476 λαλουμένοις
2784 2408 2921 2477 εἴης.
2962 2406 3081 2459 Ὅτι
3116 2407 3216 2459 κᾶν
3246 2406 3405 2477 μέχρι
3429 2404 3593 2473 ψιλῆς

2020 2492 2113 2545 καὶ
2153 2491 2466 2543 ἐπιπολαίου
2510 2490 2703 2555 λέξεως
2745 2490 3101 2560 δευτεροῦμεν
3124 2488 3193 2542 τὰ
3233 2488 3340 2541 τῶν
3381 2487 3595 2541 ἀσεϐῶν

2021 2575 2258 2645 ῥήματα,
2292 2575 2404 2626 ἀλλ’
2431 2575 2579 2644 ὅμως
2616 2574 2823 2644 μηδεὶς,
2859 2572 3098 2642 ἀδελφοί,
3139 2571 3413 2641 νομισάτω
3435 2571 3595 2642 ὕϐριν

2019 2655 2157 2711 εἶναι
2184 2657 2277 2710 τοῦ
2307 2659 2461 2725 ἁγίου
2496 2657 2809 2728 Πνεύματος
2846 2656 2907 2708 τὸ
2933 2654 3311 2726 δευτεροῦσθαι
3336 2654 3433 2717 τάς
3461 2653 3593 2724 παρ’

2019 2744 2241 2796 ἐκείνων
2265 2742 2471 2813 ὕϐρεις.
2499 2744 2735 2811 Ἀγομεν
2756 2740 2863 2811 γὰρ
2885 2739 3053 2803 αύτάς
3078 2740 3156 2802 εἰς
3181 2739 3364 2810 μέσον,
3390 2739 3483 2792 καί
3504 2736 3592 2791 λέο

2018 2841 2207 2895 γομεν,
2234 2827 2293 2878 ού
2327 2825 2783 2893 συνδιατιθέμενοι
2812 2826 2878 2893 τῇ
2910 2821 3151 2893 ἀσεϐείᾳ,
3183 2821 3318 2874 ἀλλά
3337 2820 3433 2892 τὴν
3457 2819 3591 2873 πλά-

2018 2926 2115 2979 νην
2136 2909 2285 2981 [521]
2319 2908 2738 2980 στηλιτεύοντες,
2760 2909 2853 2961 καὶ
2879 2906 3002 2970 τοὺς
3034 2905 3359 2976 συντρόφους
3377 2904 3475 2975 τῆς
3502 2904 3593 2956 εύ-

2020 2993 2234 3056 σεϐεἰας
2262 2992 2372 3045 τῶν
2403 2990 2651 3063 πονηρῶν
2684 2990 2967 3060 δογμάτων
2997 2987 3447 3059 ἀποτειχίζοντες.
3479 2985 3592 3040 Καὶ

2017 3075 2124 3146 γὰρ
2153 3077 2199 3128 οἰ
2235 3074 2519 3127 ἀπόστολοι
2549 3073 2865 3141 ἀγαπῶντες
2892 3072 2983 3125 τὸν
3014 3073 3237 3140 Κύριον,
3263 3071 3357 3124 καὶ
3394 3071 3592 3133 ἰδόντες

2018 3158 2180 3212 αὑτοῦ
2228 3158 2327 3228 τὴν
2368 3156 2543 3223 ἀξίαν,
2578 3158 2677 3210 οὐκ
2720 3156 2974 3225 ὤκνησαν
3010 3154 3229 3219 ἐντάξαι
3265 3157 3375 3218 τοῖς
3416 3153 3595 3222 ἀγίοις

2018 3240 2365 3309 Εὑαγγελίοις
2398 3240 2497 3302 τὰς
2519 3240 2667 3309 παρὰ
2695 3238 2804 3291 τῶν
2841 3239 3105 3292 Ἰουδαίων
3137 3237 3344 3307 ὕϐρεις.
3382 3238 3421 3289 Γ
3424 3238 3590 3308 ἐγρα-

2020 3342 2150 3377 πται
2174 3324 2303 3391 γοῦν
2346 3325 2446 3375 ὅσα
2487 3325 2658 3376 εἰπεῖν
2702 3322 3005 3391 ἐτόλμησαν
3036 3323 3163 3391 περὶ
3206 3319 3464 3391 Χριστοῦ,
3497 3320 3606 3374 καὶ

2018 3406 2100 3459 ὅτι
2138 3406 2456 3477 ἁμαρτωλός
2490 3409 2624 3468 ἐστι,
2648 3404 2741 3457 καὶ
2776 3406 2857 3457 ὅτι
2885 3402 2978 3456 τοῦ
3012 3403 3147 3455 Θεοῦ
3175 3404 3274 3456 οὐκ
3305 3403 3439 3455 ἔστι.
3482 3402 3597 3455 Καὶ.

2017 3492 2097 3553 εἰς
2132 3490 2416 3560 πρόσωπον
2449 3487 2613 3542 αὐτοῦ
2639 3488 2814 3557 λέγειν
2846 3488 2945 3540 ούκ
2984 3487 3270 3556 ὤκνησαν·
3307 3482 3603 3554 Σαμαρεί-

2016 3591 2124 3641 της
2161 3571 2216 3627 εἷ
2237 3573 2341 3636 σὺ,
2367 3573 2465 3627 καὶ
2504 3574 2813 3641 δαιμόνιον
2849 3572 3025 3639 ἔχεις.
3075 3569 3233 3623 Ἀλλά
3270 3570 3329 3622 τὸ
3357 3570 3599 3639 γράμμα.

2015 3657 2075 3709 οὐ
2110 3657 2219 3709 τῶν
2247 3656 2567 3726 γραψάντων
2599 3657 2907 3724 κατηγορεῖ,
2943 3652 3078 3706 ἀλλὰ
3120 3652 3229 3705 τῶν
3269 3651 3586 3722 βλασφημηυ

2018 3740 2243 3793 σάντων.
2275 3740 2470 3792 Ἀκουε
2501 3738 2594 3791 τοῦ
2627 3739 2942 3806 Πνεύματος
2974 3738 3071 3805 τὴν
3095 3736 3395 3807 ἐνέργειαν,
3424 3736 3588 3788 ἀκουε

2013 3822 2121 3874 τῶν
2141 3821 2452 3875 ἀποστόλων
2483 3822 2582 3891 τὴν
2613 3822 2947 3889 δοξολογίαν·
2982 3821 3180 3889 στοίχει
3209 3822 3328 3882 ταῖς
3370 3816 3599 3871 ἐκείνων

2013 3904 2398 3969 διδασκαλίαις,
2422 3904 2553 3957 ἕπου
2577 3907 2689 3967 τοῖς
2714 3904 2917 3974 βήμασι
2944 3903 3053 3956 τῶν
3082 3904 3251 3969 ἀγίων
3270 3918 3285 3934 ο
3314 3903 3388 3973 μὴ
3413 3901 3589 3954 πλάνα

2018 3988 2211 4040 σαυτὸν
2245 3992 2355 4050 τοῖς
2383 3989 2551 4058 ἴχνεσι
2579 3988 2687 4041 τῶν
2717 3988 2956 4058 βεϐήλων
2979 4005 2992 4019 ο
3026 3987 3230 4056 Τριάδα
3274 3984 3594 4057 προσκύνει,

2016 4070 2221 4141 Τριάδα
2248 4069 2457 4135 δόξαζε.
2480 4070 2683 4139 Τριάδα
2713 4073 2968 4141 κήρυττε.
2999 4071 3153 4123 Οὕτω
3180 4069 3434 4142 φρονοῦσι
3457 4086 3590 4139 προ-

2017 4154 2206 4223 φῆται,
2236 4152 2377 4207 οὕτω
2400 4153 2759 4224 κηρύττουσιν
2780 4154 3085 4213 ἀπόστολοι,
3115 4153 3254 4206 οῦτω
3276 4150 3587 4204 πιστεύουσι

2018 4238 2311 4307 μάρτυρες.
2344 4239 2540 4290 ’Λκουε
2570 4237 2783 4290 Παύλου
2822 4237 2919 4307 τὴν
2948 4237 3150 4306 Τριάδα
3196 4235 3547 4304 κηρύττοντος
3568 4250 3587 4266 ·

2014 4320 2338 4387 Διαιρέσεις
2366 4318 2760 4388 χαρισμάτων,
2787 4322 2850 4372 τὸ
2877 4319 2945 4371 δὲ
2965 4319 3111 4372 αὐτὸ
3141 4318 3410 4386 Πνεῦμα·
3447 4316 3599 4369 διαι-

2006 4404 2212 4471 ρέσεις
2242 4403 2577 4466 διακονιῶν,
2606 4405 2638 4455 ὀ
2678 4402 2745 4455 δὲ
2774 4402 2954 4468 αὐτὸς
2988 4404 3203 4470 Κύριος
3222 4418 3237 4433 ο
3270 4401 3587 4469 διαιρέσεις

2012 4486 2442 4556 ἐνεργημάτων,
2473 4490 2505 4540 ό
2532 4486 2599 4539 δὲ
2620 4486 2802 4551 αὐτὸς
2835 4486 2978 4551 Θεὸς
2997 4485 3253 4554 ἐνεργῶν
3291 4483 3359 4537 τὰ
3391 4483 3590 4537 πάντα

2013 4569 2085 4622 ἐν
2114 4568 2286 4623 πᾶσι.
2315 4568 2469 4631 Τίνος
2497 4569 2681 4623 ’ἐνεκεν
2707 4571 2807 4621 οὐκ
2832 4570 2939 4623 ἀπὸ
2980 4569 3189 4640 Πατρδς
3220 4568 3445 4639 ἄρχεται
3470 4584 3485 4633 ;
3522 4567 3587 4621 οὐ

2014 4654 2230 4724 πρῶτον
2265 4654 2468 4705 ἐκεῖνον
2489 4652 2767 4723 κηρύττει,
2800 4654 2891 4706 καὶ
2914 4655 3033 4706 τότε
3061 4653 3150 4705 τὸν
3179 4654 3329 4716 Υἱὸν,
3351 4654 3444 4707 καὶ
3467 4654 3589 4724 μετ’

2013 4737 2178 4791 αὐτὸν
2222 4737 2281 4790 τὺ
2310 4738 2461 4805 ἆγιον
2502 4736 2761 4805 Πνεῦμα;
2804 4737 3172 4800 Μεταϐάλλεις
3196 4738 3292 4809 τὴν
3336 4738 3507 4803 τάξιν,
3538 4731 3584 4789 ὧ

2014 4821 2227 4885 Παῦλες
2271 4819 2727 4891 μεταρῤυθμίζεις
2752 4820 2849 4890 τὴν
2881 4820 3197 4875 ἀκολουθίαν
3223 4838 3236 4887 ;
3263 4820 3368 4873 Τοῦ
3399 4820 3584 4888 Σωτῆ-

2015 4924 2106 4978 ρος
2133 4905 2592 4976 παραδεδωκότος,
2635 4904 2736 4957 Ἐν
2766 4906 3008 4971 ὀνόματι
3055 4906 3280 4973 Πατρός
3308 4906 3404 4958 καὶ
3449 4905 3581 4957 Υίοῦ

2014 4991 2110 5043 καὶ
2143 4991 2315 5060 ἁγίου
2344 4989 2704 5055 Πνεύματος,
2738 4989 2801 5041 σὺ
2832 4987 2975 5049 λύεις
3000 4989 3092 5041 τὸν
3117 4989 3314 5057 θεσμὸν
3348 4988 3446 5057 τῆς
3466 4985 3582 5038 θεο-

2012 5074 2198 5141 λογίας
2220 5092 2234 5141 ;
2280 5074 2441 5127 Ἀλλά
2465 5074 2572 5142 γὰρ
2605 5073 2678 5143 μὴ
2710 5075 2918 5140 γένοιτο
2942 5074 3087 5143 ἡμᾶς
3109 5090 3236 5126 ποτε
3259 5071 3430 5124 ταῦτα
3452 5071 3587 5137 περὶ

2013 5156 2225 5209 Παύλου
2258 5157 2469 5226 νοῆσαι.
2522 5156 2580 5209 ὐ
2608 5156 2716 5227 γάρ
2748 5156 2898 5224 ἆγιος
2920 5159 3122 5219 ἐκεῖνος
3151 5154 3243 5209 καὶ
3273 5153 3577 5223 θαυμαστὸς

2013 5239 2188 5312 κήρυξ
2238 5236 2375 5293 εἶδεν
2420 5239 2677 5309 ἀκριϐῶς.
2724 5240 2805 5293 ὅτι
2853 5240 2952 5293 κᾶν
3002 5239 3312 5307 Πνεύματος
3367 5234 3589 5306 πρῶτον

2017 5322 2250 5393 μνησθῇ,
2294 5322 2534 5393 ἄτρωτον
2570 5323 2828 5391 φυλάττει
2872 5322 2969 5393 τὴν
3013 5318 3309 5387 θεολογίαν,
3347 5318 3441 5372 καὶ
3482 5318 3580 5389 οὐχ

2015 5404 2221 5476 ὑϐρίζει
2243 5404 2339 5474 τὴν
2364 5405 2666 5474 ἀσύγχυτον
2687 5405 2867 5473 φύσιν,
2896 5406 2994 5456 οὐκ
3026 5400 3310 5473 ἐμμερίζει
3328 5400 3425 5472 τὴν
3445 5400 3580 5471 ἀμέ-

2014 5504 2194 5558 ριστον
2211 5486 2384 5551 ἀξίαν.
2409 5487 2546 5539 Πνεύ
2555 5505 2720 5558 ματος
2751 5488 3026 5557 μέμνηται
3046 5485 3279 5555 πρῶτον,
3301 5483 3390 5538 ἵνα
3409 5484 3579 5555 δείξῃ,

2011 5571 2092 5623 ὅτι
2132 5573 2193 5623 τὸ
2221 5570 2523 5623 τελευταῖον
2561 5570 2864 5640 γράφεσθαι
2907 5569 2968 5621 τὸ
3011 5567 3254 5637 Πνεῦμα,
3288 5568 3351 5620 ού
3398 5567 3580 5621 τελευ-

2012 5654 2162 5705 ταῖον
2204 5652 2336 5706 αὐτὸ
2369 5655 2514 5704 ποιεῖ
2549 5653 2641 5705 καὶ
2683 5652 2925 5720 ἔσχατον.
2982 5650 3197 5720 Ἐπειδὴ
3232 5647 3343 5721 γὰρ
3381 5652 3579 5704 ἐκεῖνοι

2015 5733 2489 5805 παρερμηνεύουσι
2521 5734 2725 5797 κακῶς,
2749 5735 2809 5786 ού
2848 5732 3320 5804 συναριθμοῦντες,
3349 5731 3461 5787 ἀλλ’
3483 5733 3582 5785 ὐπ-

2015 5817 2373 5889 αριθμοῦντες
2393 5818 2468 5891 τῷ
2482 5819 2653 5890 Πατρὶ
2664 5819 2754 5873 τὸν
2776 5818 2921 5887 rw»,
2942 5818 3035 5872 καί
3052 5816 3128 5888 τῷ
3148 5817 3260 5888 Υἱῷ
3282 5816 3342 5870 τὸ
3360 5816 3581 5887 Πνεῦμα
