4118 6310
527 343 637 404 509
1704 307 1706 310 ’
1882 352 2087 410 -εεν

2186 356 2331 412 .IANI
3664 357 3781 415 5W

525 463 587 515 τὸ
621 462 772 529 ἅγιον
814 459 1058 532 (Πρῶτος
1091 460 1218 533 γὰρ,
1252 462 1435 532 φησὶν,
1476 464 1504 515 ὁ
1543 463 1752 535 Πατὴρ,
1801 462 2046 537 δεύτερος
2070 471 2100 522 ὁ

527 542 675 606 Υἱὸς,
713 543 892 614 τρίτον
929 542 991 596 τὸ
1025 543 1247 613 Πνεῦμα
1283 545 1344 597 τὸ
1396 545 1572 612 ἀγιον,
1609 548 1668 598 οὑ
1703 548 1802 617 τὴν
1840 547 2100 601 εὔτακτον

523 625 624 695 τῆς
650 628 901 693 γνώσεως
942 627 1262 681 ἀκολουθίαν
1293 628 1535 692 νοοῦντες
1569 630 1670 696 τῆς
1716 633 2100 702 προσκυνητῆς

527 711 776 781 Τριάδος,
806 711 939 763 ἀλλά
968 711 1111 781 ψυχῇ
1143 712 1450 782 διαστρόφῳ
1482 712 1720 783 ὑϐρίζειν
1761 713 2100 784 ἐπιχειροῦν-

526 809 615 856 τες
637 793 732 864 τὴν
751 795 845 862 τῆς
873 794 1144 863 θεολογίας
1167 793 1559 866 καθαρότητα),
1585 797 1807 859 εἰκότως
1831 799 1860 849 6
1888 796 2099 861 Παῦλος

526 879 867 948 ἀντιστρέφει
899 878 1010 930 τῶν
1051 878 1328 947 ὀνομάτων
1356 879 1453 950 τὴν
1485 879 1658 944 τάξιν,
1697 881 1782 933 ἵνα
1820 881 1968 954 δείξῃ
1999 885 2099 954 τῆς

526 961 780 1029 ἀληθείας
817 963 915 1030 τὴν
963 961 1210 1030 δύναμιν,
1244 964 1338 1015 καὶ
1380 962 1516 1035 λύσῃ
1558 964 1666 1015 τῶν
1714 965 1964 1035 πονηρῶν
1997 967 2098 1036 τὴν

531 1043 814 1114 ὑπόληψιν.
864 1044 1002 1097 Ἀλλ’
1033 1039 1168 1108 οἶδα,
1209 1046 1394 1114 φησὶν,
1434 1045 1516 1099 ὅτι
1560 1045 1652 1098 τοῦ
1691 1047 1788 1116 μὲν
1831 1047 1962 1100 Υἱοῦ
2005 1049 2100 1101 καὶ⁹

528 1127 622 1180 τοῦ
653 1127 964 1197 Πνεύματος
996 1127 1329 1190 ἐπιπολαίως
1356 1128 1778 1199 ἐμνημόνευσεν,
1812 1131 1905 1185 ἐπὶ
1923 1133 1980 1185 δέ
2008 1133 2098 1186 τὸν

526 1211 744 1280 Πατέρα
775 1209 963 1272 ἐλθὼν,
983 1199 1076 1273 ἐἰς
1111 1209 1241 1280 ὕψος
1266 1209 1362 1280 τὴν
1398 1211 1672 1279 θεολογίαν
1703 1213 1932 1283 ἢγαγεν.
1972 1215 2099 1268 Ἐπὶ

527 1293 625 1361 μὲν
663 1294 771 1363 γάρ
799 1292 891 1346 τοῦ
932 1292 1246 1363 Πνεύματος
1272 1291 1414 1354 εἷπε,
1446 1293 1520 1347 Τὸ
1545 1294 1613 1347 δὲ
1635 1295 1780 1348 αὐτὸ
1819 1296 2060 1364 Πνεῦμα
2081 1313 2093 1325 ·

527 1379 617 1430 ἐπὶ
640 1377 694 1430 δὲ
715 1376 807 1429 τοῦ
840 1376 987 1440 Υἰοῦ,
1021 1376 1072 1428 '0
1102 1375 1170 1428 δὲ
1190 1375 1370 1442 αὐτὸς
1391 1379 1637 1446 Κύριος·
1675 1380 1755 1440 εἰς
1778 1379 1834 1431 δὲ
1865 1379 1954 1430 τὸν
1984 1380 2096 1432 Πα-

523 1460 654 1528 τέρα
687 1459 874 1520 ἐλθὼν,
900 1456 1051 1511 εἶπεν
1069 1472 1082 1486 ·
1135 1459 1187 1508 ’0
1224 1458 1481 1526 ἐνεργῶν
1510 1461 1592 1513 τὰ.
1609 1461 1804 1514 πάντα
1824 1460 1894 1514 ἐν
1922 1459 2092 1515 πᾶσι.

525 1547 589 1598 Τί
611 1543 738 1610 οὗν;
771 1544 919 1614 αὐτῷ
948 1544 1007 1598 τὸ
1042 1545 1214 1615 ῥῆμα,
1239 1545 1299 1598 τὸ
1333 1546 1574 1614 ἐνεργεῖν
1603 1547 1670 1600 τὰ
1699 1547 1874 1600 πάντα
1902 1549 1958 1599 ἐν
1988 1549 2093 1600 πᾶ-

528 1644 632 1690 σιν,
681 1628 963 1681 αὑθεντίαν
1001 1626 1242 1696 ’μηνύει;
1289 1627 1418 1687 Ναὶ,
1470 1628 1622 1698 φησί.
1666 1630 1774 1681 Καὶ
1824 1629 2094 1700 ὑπεροχὴν

525 1711 967 1779 ὑπερϐάλλουσαν
1019 1709 1312 1781 κηρύττει;
1358 1711 1484 1773 Ναὶ,
1531 1713 1679 1781 φησί.
1731 1711 1963 1782 Δέχομαί
2001 1729 2092 1764 σου

523 1794 620 1856 τὰς
645 1793 950 1862 ὁμολογίας,
987 1796 1080 1846 ἐὰν
1103 1793 1346 1865 ἐμμένῃς
1374 1795 1491 1856 ταῖς
1522 1793 1834 1865 συνθήκαις.
1867 1795 2095 1864 Ἰδωμεν

522 1877 700 1930 τοίνυν
719 1876 770 1928 τί
807 1877 1130 1947 σαφέστερον
1164 1876 1223 1930 τὸ
1255 1875 1444 1940 σκεῦος
1467 1878 1563 1946 τῆς
1593 1879 1842 1949 ἐκλογῆς,
1871 1880 1898 1931 6
1922 1880 2094 1931 Πνεύ-

527 1977 654 2030 ματι
706 1957 1114 2031 κυϐερνώμενος
1134 1959 1294 2028 ἁγίῳ,
1317 1977 1382 2012 πε
1393 1961 1445 2028 ρὶ
1467 1961 1635 2031 αὑτῆς
1669 1961 1975 2018 ὑποτίθεται
1997 1962 2094 2030 τῆς

522 2044 819 2114 ζητήσεως.
895 2041 1160 2107 Ἐκάστφ
1223 2043 1448 2097 δίδοται
1504 2046 1542 2112 ἡ
1597 2045 1931 2112 φανέρωσις
1987 2044 2094 2099 τοῦ

520 2127 863 2194 Πνεύματος
892 2127 1038 2194 πρὸς
1065 2125 1216 2198 [522]
1263 2127 1328 2179 τὸ
1356 2127 1686 2195 συμφέρον.
1733 2128 1816 2193 Τῷ
1839 2129 1956 2198 μὲν
1985 2129 2094 2198 γὰρ

521 2207 745 2261 δίδοται
764 2211 942 2277 λόγος
965 2213 1183 2277 σοφίας
1203 2211 1352 2262 κατὰ
1375 2208 1439 2261 τὸ
1461 2210 1606 2262 αὐτὸ
1630 2211 1896 2279 Πνεῦμα·
1918 2211 2095 2278 ἑτέρῳ

521 2290 588 2342 δὲ
625 2292 800 2359 λόγος
838 2290 1111 2360 γνώσεως
1136 2291 1204 2342 ἑν
1240 2290 1399 2355 αὺτῷ
1438 2289 1516 2356 τῷ
1544 2294 1835 2361 Πνεύματι
1859 2308 1872 2321 ·
1917 2294 2093 2362 ἑτέρῳ

519 2377 588 2429 δὲ
640 2379 975 2447 χαρίσματα
1025 2376 1281 2447 ἰαμάτων
1321 2380 1469 2431 κατὰ
1513 2378 1581 2432 τὸ
1630 2379 1776 2432 αὐτὸ
1817 2380 2086 2448 Πνεῦμα·

517 2461 695 2527 ἑτέρῳ
740 2463 1091 2530 προφητεία·
1131 2462 1297 2527 ἄλλῳ
1333 2461 1402 2513 δὲ
1437 2461 1717 2530 ἑρμηνεία
1762 2461 2086 2532 γλωσσῶν·

518 2539 686 2609 ἄλλῳ
705 2545 906 2609 πίστις
932 2561 946 2574 ·
973 2545 1140 2605 ἄλλῳ
1175 2545 1531 2611 χαρίσματα.
1566 2544 1759 2598 Ταῦτα
1777 2544 1844 2598 δὲ
1872 2546 2086 2600 πάντα·

519 2626 749 2697 πρόσεχε
787 2627 1048 2698 ἀκριϐῶς,
1083 2627 1243 2696 βλέπε
1291 2627 1485 2692 λέξεως
1530 2630 1845 2698 συμφωνίαν
1866 2633 1961 2684 καὶ
1997 2631 2088 2683 δυ-

517 2709 752 2778 νάμεως.
791 2710 849 2762 ὐ
877 2710 962 2762 διὰ
1003 2711 1109 2762 τῶν
1152 2709 1378 2779 πρώτων
1422 2710 1678 2782 εἰρηκὼς,
1718 2713 1779 2764 ’0
1816 2713 1884 2765 δὲ
1911 2715 2091 2780 αὐτὸς

519 2791 661 2856 Θεὸς
693 2794 725 2845 ό
750 2791 1006 2860 ἐνεργῶν
1035 2793 1106 2846 τὰ
1135 2793 1329 2846 πάντα
1359 2794 1429 2846 ἐν
1473 2793 1680 2860 πᾶσιν,
1715 2796 1884 2848 ἐλθὼν
1916 2799 1995 2860 εἰς
2027 2798 2088 2851 τὸ

517 2873 755 2944 Πνεῦμα,
793 2875 995 2945 ταύτην
1038 2879 1400 2948 ἐπιμαρτυρεῖ
1430 2877 1508 2948 τῷ
1549 2880 1822 2950 Πνεύματι
1859 2880 1960 2952 τὴν
1996 2881 2090 2934 δύ-

515 2976 678 3029 ναμιν
702 2977 714 2988 ·
761 2959 946 3012 Ταῦτα
977 2959 1044 3012 δὲ
1078 2960 1290 3025 πάντα,
1327 2962 1509 3031 φησὶν,
1548 2963 1779 3034 ἐνεργεῖ
1805 2965 1871 3019 τὸ
1898 2964 1968 3018 ἓν
1991 2967 2089 3020 καί

514 3044 582 3096 τὸ
613 3042 756 3095 αὐτὸ
795 3044 1054 3110 Πνεῦμα,
1109 3043 1376 3108 διαιροῦν
1427 3044 1545 3112 ἰδίᾳ
1590 3048 1846 3114 ἑκάστῳ,
1897 3049 2090 3114 καθὼς

510 3128 820 3191 βούλεται.
873 3127 1056 3189 Οὕτως
1085 3127 1145 3180 οὑ
1189 3126 1433 3198 λύεταιή
1475 3130 1708 3200 ἁρμονία
1741 3135 1837 3203 τῆς
1881 3132 2090 3198 δοξολο-

515 3212 659 3278 γίας.
684 3211 809 3263 ὅταν
826 3229 875 3263 τι
896 3211 1002 3264 τῶν
1023 3211 1302 3281 ὀνομάτων
1323 3211 1420 3280 τῆς
1442 3213 1600 3282 ἁγίας
1619 3216 1661 3267 Τ
1669 3217 1868 3286 ριάδος,
1891 3219 1922 3289 ἢ
1950 3219 2093 3290 πρῶ.

514 3312 626 3354 τον,
663 3294 695 3364 ἢ
738 3295 1006 3366 δεύτερον,
1039 3296 1071 3366 ἢ
1116 3296 1296 3366 τρίτον
1333 3296 1564 3366 τίθηται.
1603 3300 1676 3352 Τὸ
1702 3302 1810 3370 γὰρ
1853 3302 2086 3373 πρῶτον,

516 3379 610 3432 καὶ
633 3379 880 3449 δεύτερον
915 3380 1006 3432 καὶ
1037 3380 1238 3448 τρίτον,
1273 3381 1332 3433 οὑ
1369 3381 1582 3450 φύσεως
1625 3385 1876 3453 ἐμφαίνει
1904 3387 2089 3457 διαφο-

520 3465 639 3534 ράν,
673 3463 808 3515 ἀλλὰ
835 3463 1110 3530 θεολογίας
1148 3464 1265 3517 ὁδὸν
1307 3464 1627 3535 ἁσύγχυτον.
1663 3468 1830 3521 Πάλιν
1863 3472 1891 3522 6
1928 3471 2090 3535 αὑτὸς

515 3546 828 3610 ἀπόστολος,
853 3548 938 3600 ἵνα
961 3546 1107 3618 δείξῃ
1148 3548 1419 3618 πανταχοῦ
1450 3550 1755 3621 ἀδιαφόρως
1781 3552 1972 3606 ἐαυτὸν
2002 3572 2088 3607 κε-

515 3632 786 3700 χρημένον
817 3631 937 3692 ταῖς
977 3631 1084 3681 τῶν
1125 3630 1401 3699 ὀνομάτων
1430 3632 1666 3696 τάξεσιν,
1719 3634 1992 3698 εὐτάκτως
2030 3637 2086 3690 δὲ

514 3713 608 3766 καὶ
640 3712 894 3780 ἀσφαλῶς
936 3712 1229 3782 προσιόντα
1274 3712 1352 3782 τῷ
1387 3713 1515 3784 θείῳ
1565 3715 1897 3786 κηρύγματι,
1939 3717 2086 3786 λέγει

513 3794 960 3848 Θεσσαλονικεῦσι
999 3795 1224 3866 γράφων
1245 3810 1257 3822 ·
1289 3798 1480 3862 Αὺτδς
1512 3797 1577 3850 δὲ
1614 3802 1645 3851 ό
1669 3799 1883 3865 Κύριος
1919 3800 2087 3868 ήμῶν

524 3876 761 3944 Ἰησοῦς
795 3876 1066 3944 Χριστὸς,
1097 3878 1194 3931 καὶ
1235 3877 1380 3944 Θεὸς
1419 3882 1452 3933 ό
1473 3879 1676 3947 Πατὴρ
1707 3881 1892 3950 ημῶν.
1926 3885 2085 3953 Πρῶ-

511 3979 624 4024 τον,
667 3962 862 4018 Παῦλε.
910 3962 998 4015 τὸν
1039 3964 1186 4029 Υἱὸν,
1228 3963 1324 4017 καί⁸
1355 3964 1475 4017 τότε
1507 3965 1596 4017 τὸν
1639 3967 1857 4035 Πατέρα
1885 3968 2084 4038 κηρύτ-

511 4063 624 4109 τεις
647 4062 660 4110 ;
690 4045 763 4098 T6
786 4045 893 4116 γὰρ
917 4046 1151 4115 πρῶτον,
1177 4047 1361 4117 φησὶν,
1389 4050 1470 4111 εἰς
1489 4048 1638 4112 τάξιν
1665 4049 1915 4115 ἐξέϐαλες
1936 4067 1948 4081 ·
1975 4051 2085 4119 ἐγὼ

512 4128 727 4200 πρῶτον
747 4128 841 4181 καὶ
870 4127 1117 4199 δεύτερον
1147 4130 1241 4182 ἐὰν
1272 4130 1429 4190 εἴπω,
1465 4130 1560 4201 τὴν
1592 4131 1750 4200 φύσιν
1791 4134 2082 4204 ἀμέριστον

512 4211 905 4282 ὑπολαμϐάνω·
939 4211 1136 4281 μᾶλλον
1161 4212 1214 4266 δὲ
1237 4213 1333 4282 οὑχ
1364 4213 1748 4283 ὑπολαμϐάνω,
1771 4216 1884 4268 ἀλλ’
1909 4219 2084 4286 ἀσφα-

510 4295 616 4356 λῶς
641 4293 913 4365 κηρύττω.
948 4295 1038 4364 Μὴ
1074 4294 1251 4349 τοίνυν
1280 4295 1465 4366 ὕϐριζε
1498 4299 1566 4350 τὰ
1600 4297 1918 4367 θεῖα-λόγια,
1949 4301 2083 4370 μηδὲ

513 4378 835 4447 συκοφάντει
872 4377 940 4431 τά
986 4377 1211 4448 οὐράνια
1249 4378 1514 4448 δόγματα.
1562 4379 1849 4450 Εὑρίσκεις
1896 4383 2080 4436 εἰκόνα

509 4462 762 4532 τοιαύτην
805 4461 898 4515 καὶ
947 4461 1006 4513 ἐν
1050 4463 1116 4530 τῇ
1162 4459 1390 4531 Παλαιᾷ.
1425 4462 1634 4533 Ὠσπερ
1685 4463 1794 4534 γὰρ
1847 4465 2078 4519 ἐνταῦθα

512 4543 720 4608 Παῦλος
748 4544 1050 4616 ἀρξάμενος
1079 4545 1187 4598 ἀπὸ
1211 4544 1306 4598 τοῦ
1333 4544 1665 4616 Πνεύματος,
1697 4541 1858 4618 ἦλθεν
1883 4551 1962 4612 εἰς
1987 4549 2080 4603 τὸν

512 4628 658 4691 Υἰὸν,
691 4630 784 4681 καὶ
815 4627 922 4680 ἀπὸ
945 4628 1037 4681 τοῦ
1069 4628 1198 4681 Υἱοῦ
1232 4629 1389 4682 πάλιν
1415 4632 1493 4693 εἰς
1515 4629 1605 4682 τὸν
1638 4631 1875 4703 Πατέρα,
1910 4635 2001 4687 καὶ
2020 4635 2080 4689 τὸ

509 4711 689 4782 τρίτον
719 4714 784 4782 τῇ
833 4711 983 4774 τάξει
1016 4711 1124 4764 τῶν
1157 4712 1432 4781 ὀνομάτων
1484 4714 1702 4783 ἐποίησε
1742 4716 1975 4784 πρῶτον,
2015 4720 2077 4772 οὑ

508 4796 608 4868 τὴν
637 4794 727 4848 τοῦ
750 4794 1098 4866 κηρύγματος
1120 4794 1271 4860 τάξιν
1299 4795 1640 4865 μεταϐαλὼν,
1662 4797 1796 4850 ἀλλά
1818 4799 1914 4868 τὴν
1935 4800 2081 4854 ἀδιά-

510 4896 674 4949 φορον
700 4878 799 4947 τῆς
841 4877 1116 4944 θεολογίας
1157 4878 1354 4946 γνῶσιν
1390 4881 1696 4948 ἐμφαίνων·
1735 4879 1876 4932 οὕτω
1906 4882 1998 4934 καὶ
2020 4885 2078 4936 ἐν

505 4967 574 5034 τῇ
609 4962 820 5032 Παλαιᾷ
853 4960 945 5013 τὸν
981 4960 1142 5012 αὑτὸν
1175 4959 1341 5012 τύπον
1380 4962 1648 5033 εὑρήσεις,
1681 4961 1868 5032 ῶσπερ
1910 4963 1966 5014 ἐν
1998 4966 2076 5017 εἰ-

507 5047 644 5108 κόνι,
679 5044 1088 5115 προλάμποντα.
1114 5042 1208 5105 Τίς
1234 5044 1333 5096 οὑκ
1359 5039 1496 5097 οἶδεν
1523 5045 1698 5116 ἡμῶν,
1729 5044 1965 5112 ἀδελφοὶ.
1994 5048 2074 5101 ὅτι

505 5131 596 5182 τὸν
647 5127 894 5200 Ἀϐραάμ
941 5126 1153 5198 πρῶτον
1193 5127 1372 5178 τάττει
1417 5129 1448 5196 ἡ
1497 5128 1710 5199 Γραφὴ,
1745 5127 1991 5199 δεύτερον
2018 5132 2075 5186 δὲ

504 5212 597 5266 τὸν
636 5212 840 5275 Ἰσαάκ,
869 5210 962 5264 καὶ
981 5207 1162 5278 τρίτον
1186 5208 1274 5261 τὸν
1309 5209 1532 5270 Ἰακώϐ;
1573 5211 1714 5278 Ἐγὼ
1739 5211 1845 5282 γάρ
1873 5215 1904 5264 ό
1933 5215 2074 5280 Θεὸς

518 5296 779 5364 Ἁϐραάμ,
805 5294 901 5348 καὶ
937 5295 969 5347 ὁ
994 5292 1137 5358 Θεὸς
1182 5292 1409 5353 Ἰσαὰκ,
1448 5293 1543 5345 καί
1585 5295 1616 5345 o'
1659 5294 1802 5360 Θεὸς
1849 5295 2069 5350 Ἰακώϐ.

506 5379 612 5433 Καὶ
642 5380 868 5442 εἰκότως
903 5381 935 5442 ἠ
968 5377 1157 5447 Γραφὴ
1205 5374 1458 5446 κηρύττει
1503 5377 1715 5448 πρῶτον
1755 5379 1844 5432 τὸν
1880 5383 2072 5452 γεννή-

507 5479 692 5520 σαντα.
722 5458 840 5516 εἷτα
881 5461 973 5514 τὸν
1017 5459 1358 5530 γεννηθέντα,
1393 5458 1582 5512 ἔπειτα
1615 5461 1703 5513 τὸν
1741 5463 1801 5526 ἐξ
1839 5465 2068 5516 ἐκείνου.

518 5546 654 5599 Ἀλλ’
679 5546 864 5618 ἐπειδὴ
893 5547 925 5616 ή
963 5545 1123 5614 φύσις
1157 5541 1222 5614 ἦν
1261 5543 1572 5615 ἀμέριστος,
1602 5546 1648 5596 εἰ
1680 5546 1772 5598 καὶ
1811 5548 1922 5608 τοῖς
1946 5548 2072 5618 χρό-

503 5646 615 5692 νοις
655 5629 960 5699 διετέμνετο
1003 5629 1090 5683 διά
1129 5629 1227 5700 τὴν
1270 5629 1604 5692 ἀκολουθίαν,
1631 5631 1731 5684 οὑκ
1763 5629 2003 5703 ὤκνησεν
2039 5633 2070 5686 6

504 5711 638 5774 Θεὸς
669 5713 988 5782 μεταϐαλεῖν
1030 5715 1127 5784 τὴν
1170 5711 1341 5778 τάξιν,
1371 5713 1456 5766 ἴνα
1489 5713 1584 5783 τὴν
1617 5715 1901 5784 ὁμολογίαν
1937 5715 2070 5769 ἁνα-

505 5792 672 5865 δείξῃ.
703 5795 863 5864 Λέγει
897 5796 1003 5869 γὰρ
1034 5800 1092 5851 ἐν
1129 5796 1205 5869 τῷ
1235 5796 1499 5870 Λευῖτικῷ
1526 5797 1689 5867 (λέγω
1716 5798 1822 5868 γὰρ
1851 5798 1944 5852 καὶ
1977 5797 2090 5854 τὸν.

2201 471 2386 533 τόπον,
2413 469 2500 524 ἵνα
2529 469 2602 541 μὴ
2625 469 3037 541 συκοφαντήσεις
3057 469 3126 523 τά
3163 469 3452 540 λεγόμενα)
3474 486 3487 498 ·
3527 470 3668 524 Ἐὰν
3703 471 3780 525 δὲ

2200 551 2543 621 ἁμάρτωσιν
2560 556 2614 606 οἰ
2642 554 2758 610 υίοί
2795 553 3054 620 Ἰσραὴλ,
3085 552 3414 620 παραδώσω
3443 553 3663 619 αὐτοὺς
3683 559 3778 620 εἰς

2198 637 2374 702 ἔθνος
2403 638 2746 706 ἀλλότριον,
2777 638 2875 690 καί
2914 639 3307 705 πορεύσονται
3357 637 3500 699 ἐκεῖ,
3529 637 3626 691 καί
3663 643 3778 692 λα-

2199 722 2522 786 τρεύσουσι
2551 720 2705 786 θεοῖς
2731 719 2968 788 ἑτέροις.
3005 719 3338 792 Προμηνύων
3363 720 3459 790 τὴν
3487 721 3563 783 εἰς
3595 720 3779 773 Βαϐυ-

2200 801 2346 855 λῶνα
2368 803 2741 874 αἰχμαλωσίαν
2767 803 2920 873 φησί·
2951 804 3061 856 Καὶ
3091 804 3486 870 πορεύσονται
3505 803 3646 865 ἐκεῖ,
3668 805 3775 857 καί

2197 887 2601 953 λατρεύσουσι
2635 887 2792 952 θεοῖς
2823 885 3064 954 ἑτέροις.
3123 888 3256 940 Τότε
3300 886 3777 954 αἰσχυνθήσεται

2170 970 2238 1036 [ἡ
2271 970 2482 1037 καρδία
2506 970 2704 1023 αὐτῶν
2726 971 2763 1037 ἡ
2799 970 3194 1037 ἀπερίτμητος
3217 985 3230 999 ·
3254 969 3347 1022 καὶ
3377 969 3515 1039 μετά
3541 969 3773 1038 βραχέα,

2199 1052 2310 1105 Καὶ
2343 1052 2772 1121 μνησθήσομαι
2799 1051 2910 1119 τῆς
2948 1051 3239 1118 διαθήκης
3282 1051 3494 1106 Ἰακὼϐ.
3523 1052 3621 1105 καί
3658 1051 3776 1119 τῆς

2198 1136 2489 1202 διαθήκης
2529 1136 2750 1201 Ἰσαὰκ,
2775 1136 2873 1189 καὶ
2903 1133 3014 1202 τῆς
3041 1133 3329 1202 διαθήκης
3368 1133 3637 1203 Ἀϐραάμ.

2267 1219 2336 1282 ζ’.
2366 1217 2809 1289 Ἐπαναληψομαι
2831 1216 2890 1270 τὸ
2914 1217 3064 1288 ῥῆμα
3080 1233 3094 1246 ·
3128 1217 3157 1269 6
3189 1218 3297 1288 γάρ
3322 1218 3512 1288 κρότος
3535 1218 3776 1289 ἐκάλυψε

2195 1301 2294 1372 τὴν
2325 1302 2594 1356 ὑπόθεσιν.
2635 1300 2802 1362 Ἐκεῖ,
2841 1301 3025 1370 φησὶν,
3052 1300 3520 1368 αἰσχυνθήσεται
3554 1302 3591 1368 ἡ
3624 1319 3774 1370 καρ-

2196 1384 2295 1438 διά
2321 1384 2519 1438 αὐτῶν
2542 1387 2579 1452 ή
2605 1384 3019 1452 ἀπερίτμητος,
3047 1383 3146 1436 καί
3169 1383 3601 1452 ἐπιστρέψουσι
3620 1387 3776 1452 πρός

2189 1485 2287 1536 με,
2323 1467 2420 1520 καί
2469 1467 2707 1536 ἰάσομαι
2741 1468 2980 1533 αὐτούς.
3022 1465 3246 1520 Οὐδέπω
3286 1467 3502 1537 ἀπειλὴ,
3543 1467 3636 1520 καὶ
3669 1469 3775 1538 τὴν

2197 1551 2540 1622 καταλλαγὴν
2563 1551 2955 1619 ἐπαγγέλλεται
2980 1567 2994 1580 ·
3023 1547 3173 1621 [5:23]
3201 1549 3308 1602 Καὶ
3329 1549 3530 1615 ἀνάξω
3548 1550 3776 1616 αὐτοὺς

2195 1637 2282 1700 εἰς
2307 1635 2418 1700 τὴν
2447 1633 2562 1703 γῆν
2592 1634 2706 1687 τῶν
2747 1633 3016 1700 πατέρων
3041 1632 3258 1700 αὐτῶν,
3289 1635 3384 1687 καί
3414 1634 3775 1703 μνησθήσο-
3853 1631 3858 1635 ’

2190 1733 2295 1785 μαι
2310 1715 2418 1782 τῆς
2433 1715 2718 1783 διαθήκης
2749 1715 2970 1773 Ἰακὼϐ.
2992 1715 3087 1767 καί
3109 1713 3216 1783 τῆς
3231 1716 3519 1783 διαθήκης
3550 1716 3773 1793 Ἰσαὰκ,

2197 1800 2291 1853 καί
2329 1799 2438 1865 τῆς
2469 1799 2757 1867 διαθήκης
2793 1797 3065 1866 Ἀϐραάμ.
3109 1800 3272 1870 Ὁρᾷς
3299 1801 3415 1863 πῶς
3447 1799 3775 1869 μεταϐάλλει

2193 1883 2291 1953 τὴν
2314 1882 2483 1946 τάξιν.
2520 1883 2605 1935 ἵνα
2636 1881 2783 1953 δείξῃ
2817 1881 2915 1951 τὴν
2946 1882 3263 1951 ὁμοτιμίαν;
3295 1883 3371 1935 Οὑ
3409 1883 3519 1952 γάρ
3549 1881 3777 1953 πρῶτον

2195 1964 2414 2034 ἐποίησε
2445 1964 2535 2016 τὸν
2581 1963 2771 2018 Ἰακὼϐ
2801 1966 2912 2027 τοῖς
2945 1963 3174 2032 χρόνοις,
3202 1963 3341 2017 ἀλλά
3375 1966 3442 2034 τῇ
3477 1963 3778 2037 ἀδιαφορία

2195 2049 2589 2118 κατεχρήσατο,
2618 2048 2705 2100 ἵνα
2732 2046 2878 2118 δείξῃ
2911 2048 3010 2118 τὴν
3036 2048 3344 2117 ὀμοτιμίαν.
3390 2047 3526 2100 Ἀλλ’
3548 2049 3643 2100 ἐπὶ
3669 2049 3775 2118 μὲν

2192 2133 2299 2184 τῶν
2334 2131 2685 2202 πατριαρχῶν
2734 2130 2923 2200 χρόνος
2973 2128 3185 2201 μερίζει
3223 2132 3349 2194 τοὺς
3386 2131 3633 2200 καρποὺς
3659 2133 3776 2184 ἀπὸ

2192 2215 2293 2284 τῆς
2329 2216 2482 2286 ῥίζης
2504 2231 2515 2244 ·
2549 2214 2716 2285 θνητὴ
2746 2216 2852 2286 γάρ
2882 2217 2915 2286 ἡ
2959 2215 3120 2284 φύσις
3159 2213 3253 2268 καὶ
3286 2214 3394 2267 τῶν
3422 2215 3634 2283 φύντων
3672 2215 3775 2268 καὶ

2192 2298 2299 2350 τῶν
2335 2299 2736 2368 γεγεννηκότων
2752 2315 2766 2328 ·
2791 2299 2886 2369 τῆς
2924 2299 2978 2352 δέ
3002 2299 3160 2366 ἁγίας
3184 2300 3278 2352 καὶ
3300 2297 3568 2351 ἀθανάτου
3591 2315 3778 2369 ⁵ἰιιροις-

2193 2380 2427 2450 κυνητῆς
2463 2366 2690 2451 Τριάδος
2720 2380 2817 2452 τὴν
2847 2366 3020 2449 ⁷φύσιν
3046 2382 3106 2433 οὑ
3140 2381 3327 2452 τέμνει
3367 2380 3540 2449 λόγος.
3573 2366 3771 2450 όὺμε-

2195 2464 2332 2536 ρίζει
2362 2465 2577 2535 χρόνος,
2601 2465 2660 2517 οὐ
2693 2464 2961 2518 διιστῶσιν
2986 2464 3177 2528 αἰῶνες
3199 2481 3213 2494 ·
3247 2464 3396 2518 οὐδὲν
3423 2463 3534 2535 γὰρ
3561 2465 3768 2534 μεταξὺ

2193 2548 2403 2618 Πατρὸς
2429 2549 2519 2601 καὶ
2559 2549 2688 2602 Υίοῦ
2717 2549 2809 2600 καὶ
2837 2549 2991 2616 άγίου
3020 2548 3351 2618 Πνεῦματος.
3389 2549 3626 2619 Ποιητὴς
3656 2548 3770 2601 τῶν

2191 2631 2398 2685 αἰώνων
2428 2635 2455 2686 ὀ
2486 2634 2810 2704 Μονογενής.
2849 2635 3046 2685 ’Ἄκουε
3084 2631 3178 2684 τοῦ
3207 2632 3350 2685 θείου
3385 2632 3480 2685 καὶ
3517 2633 3772 2699 γενναίου

2191 2717 2426 2786 κήρυκος
2452 2710 2553 2769 ῶδέ
2595 2734 2647 2768 τι
2680 2718 2805 2786 περὶ
2837 2717 2931 2770 τοῦ
2971 2717 3183 2788 Πατρδς
3225 2716 3534 2788 εἰρηκότος·
3569 2719 3771 2771 Πολυ-

2187 2797 2380 2868 μερῶς
2415 2800 2511 2852 καὶ
2573 2802 2966 2867 πολυτρόπως
3000 2798 3187 2853 πάλαι
3231 2803 3263 2854 ὁ
3295 2798 3439 2864 Θεὸς
3481 2799 3770 2864 λαλήσας

2190 2880 2314 2946 τοῖς
2359 2881 2654 2949 πατράσιν
2699 2881 2769 2934 ἐν
2815 2882 2938 2947 τοῖς
2980 2882 3331 2950 προφήταις,
3372 2883 3461 2936 ἐπ’
3487 2880 3766 2948 ἐσχάτων

2189 2965 2308 3019 τῶν⁵
2337 2966 2572 3033 ἡμερῶν
2622 2967 2844 3019 τούτων
2887 2965 3192 3031 ἐλάλησεν
3234 2965 3378 3034 ἡμῖν
3404 2965 3470 3019 ἐν
3515 2964 3649 3030 Υίῷ,
3690 2964 3768 3019 ὃν

2189 3049 2366 3116 ἔθηκε
2387 3052 2765 3117 κληρονόμον
2783 3046 3042 3114 πάντων,
3069 3048 3144 3102 δι’
3167 3043 3238 3104 οὗ
3267 3048 3365 3101 καί
3387 3048 3525 3115 τοὺς
3545 3046 3768 3115 αἰῶνας

2189 3133 2492 3196 ἐποίησεν.
2521 3131 2687 3184 Οὐδὲν
2714 3131 2892 3184 τοίνυν
2920 3130 3119 3200 μεταξὺ
3145 3131 3354 3203 Πατρδς
3387 3133 3482 3186 καὶ
3512 3130 3644 3185 Υἰοῦ
3671 3133 3765 3186 καὶ

2188 3216 2342 3283 ἁγίου
2377 3214 2515 3269 Πνεύ
2526 3231 2719 3284 ματος·
2750 3213 2924 3278 οὐδεὶς
2963 3216 3152 3284 χρόνος
3178 3215 3211 3283 ἦ
3241 3214 3516 3284 διάστημα
3545 3215 3770 3284 χρόνον.

2189 3299 2301 3369 Πρὸ
2328 3298 2435 3351 τῶν
2459 3297 2669 3351 αἰώνων
2696 3297 2904 3368 Πατὴρ,
2941 3298 3046 3367 πρὸ
3083 3297 3190 3350 τῶν
3224 3297 3434 3351 αἰώνων
3475 3298 3602 3361 Υἱός
3623 3315 3634 3327 ·
3665 3299 3766 3350 αὑ-

2186 3383 2275 3446 τὸς
2301 3382 2407 3452 γάρ
2454 3381 2674 3450 ἐποίησε
2706 3383 2832 3444 τοὺς
2885 3380 3123 3445 αἰῶνας·
3152 3381 3257 3452 πρὸ
3299 3382 3406 3433 τῶν
3442 3380 3654 3434 αἰώνων
3701 3382 3772 3434 τὸ.

2189 3467 2339 3535 ἅγιον
2376 3464 2620 3535 Πνεῦμα.
2665 3463 2912 3534 Οὑδαμοῦ
2961 3464 3202 3534 σχίζεται
3231 3466 3264 3534 η
3299 3464 3481 3534 φύσις,
3523 3463 3773 3534 οὐδαμοῦ,

2191 3550 2465 3621 μερίζεται
2496 3548 2795 3618 ήδύναμις.
2840 3547 3077 3618 Πρόσεχε
3110 3547 3351 3617 ἀκριϐῶς
3371 3563 3386 3578 ·
3418 3548 3691 3618 βασιλεύει
3733 3552 3765 3602 6

2187 3634 2394 3703 Πατὴρ,
2453 3631 2719 3700 βασιλεύει
2755 3633 2783 3684 6
2837 3631 2983 3696 Υἱὸς,
3022 3631 3293 3702 βασιλεύει
3327 3631 3388 3684 τὸ
3429 3630 3658 3700 Πνεῦμα
3701 3631 3764 3686 τὺ

2187 3717 2358 3783 ἅγιον.
2390 3713 2517 3768 Οἶδα
2536 3715 2710 3788 ταύτῃ
2734 3716 3076 3785 χρησάμενος
3100 3719 3166 3786 τῇ
3198 3715 3468 3778 ἀποδείξει
3484 3733 3499 3747 ·
3531 3714 3672 3768 ἀλλά
3695 3715 3766 3768 τὰ,

2186 3800 2322 3853 αύτά
2348 3799 2549 3867 λέγειν,
2566 3797 2725 3866 Ἑμοί
2748 3799 2862 3864 ,μὲν
2879 3800 2991 3852 οὐκ
3015 3798 3290 3866 ὀκνηρὸν,
3314 3797 3456 3866 ὑμῖν
3475 3797 3544 3851 δὲ
3567 3799 3762 3867 άσςιςαρ

2183 3881 2312 3947 λές.
2337 3881 2614 3934 Βασιλεύει
2639 3882 2845 3950 Πατὴρ,
2890 3879 3033 3933 κατά
3058 3882 3138 3941 τὸ,
3184 3882 3236 3934 '0
3271 3881 3418 3945 Θεὸς
3444 3880 3616 3948 ἡμῶν
3639 3882 3760 3944 βα-

2185 3963 2395 4029 σιλεὺς
2422 3967 2506 4028 εἰς
2534 3965 2638 4018 τὸν
2677 3962 2878 4018 αἰῶνα.
2908 3963 3188 4016 Βασιλεύει
3233 3963 3359 4026 Υἱός
3378 3980 3392 3993 ·
3420 3962 3603 4017 Δώσει
3647 3965 3768 4036 γάρ.

2183 4047 2342 4112 αὐτῷ
2370 4049 2578 4115 Κύριος
2602 4049 2709 4100 τὸν
2733 4049 2948 4114 θρόνον
2968 4047 3148 4101 Δαυῒδ
3173 4047 3275 4100 τοῦ
3299 4048 3522 4114 πατρὸς
3547 4048 3755 4113 αὑτοῦ,

2184 4130 2281 4183 καί
2311 4131 2672 4194 βασιλεύσει
2722 4129 2821 4182 ἐπὶ
2875 4129 2980 4181 τὸν
3027 4125 3196 4182 οἷκον
3237 4129 3435 4183 Ἰακὼϐ
3477 4131 3564 4196 εἰς
3617 4130 3758 4196 τοὺς

2181 4213 2418 4280 αἰῶνας.
2471 4212 2752 4266 Βασιλεύει
2779 4213 2838 4265 τὸ
2869 4211 3093 4283 Πνεῦμα
3119 4214 3180 4266 τὸ
3226 4215 3380 4281 ἅγιον
3402 4231 3416 4244 ·
3446 4216 3476 4266 ὁ
3517 4216 3614 4285 μὲν
3646 4216 3767 4286 γὰρ.

2192 4297 2416 4361 Ἡσαΐας
2461 4290 2581 4348 εἷπε
2603 4313 2616 4327 ·
2665 4296 2774 4350 Καὶ
2808 4296 2915 4348 τὸν
2954 4295 3230 4359 βασιλέα·
3263 4297 3486 4364 Κύριον
3515 4298 3758 4353 Σαϐαὼθ

2180 4375 2341 4433 εἶδον
2365 4378 2488 4444 τοῖς
2512 4377 2840 4448 ὀφθαλμοῖς
2874 4396 2994 4446 μου
3030 4380 3370 4447 καθήμενον
3406 4379 3506 4433 ἐπὶ
3537 4382 3757 4448 θρόνου

2178 4463 2422 4532 ὑψηλοῦ
2442 4464 2539 4517 καί
2565 4463 2919 4530 ἐπηρμένου.
2946 4463 3055 4515 Kal
3077 4459 3206 4516 εἷπε
3233 4464 3382 4530 πρός
3400 4479 3479 4532 με
3504 4479 3520 4495 ·
3543 4467 3757 4530 Πορευ-

2181 4547 2303 4613 θείς
2329 4545 2502 4599 εἰπὸν
2518 4543 2598 4612 τῷ
2615 4543 2742 4609 λαῷ
2770 4547 2974 4613 τούτῳ·
3011 4544 3181 4614 Ἀκοῇ
3207 4547 3530 4615 ἀκούσητε.
3555 4548 3653 4600 καί
3681 4549 3755 4601 οὐ

2173 4631 2258 4700 μὴ
2301 4629 2552 4699 συνῆτε,
2586 4630 2683 4682 καὶ
2725 4629 3065 4694 ,βλέποντες
3090 4629 3386 4697 βλέτρητε,
3417 4630 3520 4683 καί
3565 4632 3636 4684 οὐ
3662 4630 3751 4699 μὴ

2179 4715 2362 4782 ἴδητε,
2398 4715 2490 4768 καὶ
2516 4714 2584 4768 τά
2624 4712 2772 4782 ἑξῆς·
2805 4715 2833 4767 6
2860 4713 2919 4766 δὲ
2958 4713 3276 4777 Ἀπόστολος
3313 4716 3393 4778 εἰς
3419 4715 3481 4767 τὸ
3525 4714 3756 4785 Πνεῦμα

2176 4799 2236 4851 τὸ
2268 4800 2421 4866 ἀγιον
2465 4796 2797 4876 ἐκλαμϐάνει
2841 4795 2940 4866 τὴν
2977 4795 3073 4848 τοῦ
3122 4798 3398 4868 προφήτου
3450 4798 3758 4866 θεολογίαν..

2191 4880 2427 4933 Ἐκείνου
2455 4879 2757 4949 εἰρηκότος,
2782 4879 2964 4932 Εἶδον
2989 4879 3096 4933 τὸν
3112 4878 3376 4943 ,βασιλέα
3398 4882 3615 4949 Κύριον
3639 4884 3764 4934 Σα--

2179 4965 2352 5027 ϐαὼθ.
2387 4964 2484 5016 καί
2527 4961 2657 5018 εἰπέ
2679 4981 2801 5034 μοι,
2832 4965 3173 5031 Πορεύθητι,
3221 4965 3318 5018 καί
3350 4963 3481 5016 εἰπὲ
3506 4962 3586 5029 τῷ
3619 4965 3751 5028 λαῷ

2175 5050 2382 5112 τούτῳ,
2426 5049 2454 5102 6
2490 5047 2701 5109 Παῦλος
2751 5045 2976 5116 βασιλέα
3021 5045 3225 5118 Κύριον
3274 5045 3497 5100 Σαϐαὼθ
3553 5049 3632 5109 εἰς
3687 5047 3763 5100 τὸ.

2177 5131 2397 5202 Πνεῦμα
2419 5131 2479 5184 τὸ
2507 5131 2657 5199 ἅγιον
2685 5130 3060 5200 ἐκλαμϐάνων,
3085 5133 3141 5183 ἐν
3162 5133 3228 5202 τῇ
3261 5129 3447 5202 Ῥώμῃ
3468 5133 3584 5194 τοῖς
3616 5131 3751 5185 Ἰου-

2173 5216 2341 5278 δαίοις
2387 5215 2763 5284 διαλεγόμενός
2814 5230 2980 5286 φησι·
3020 5213 3228 5279 Καλῶς
3273 5212 3339 5266 τὸ
3387 5212 3628 5282 Πνεῦμα
3677 5213 3747 5268 τὸ

2173 5298 2342 5368 ἅγιον
2375 5295 2505 5351 εἷπε
2525 5299 2674 5365 πρὸς
2697 5297 2838 5364 τοὺς
2867 5297 3124 5364 πατέρας
3155 5296 3325 5367 ήμῶν
3341 5295 3438 5350 διὰ
3464 5296 3568 5350 τοῦ
3603 5313 3747 5365 προ-

2172 5381 2363 5450 ςσήτου
2414 5380 2651 5434 Ἡσαΐου
2682 5380 2865 5450 λέγον
2888 5397 2899 5412 ·
2936 5383 3272 5449 Πορωθείς,
3311 5379 3483 5435 εἰπὸν
3504 5380 3583 5446 τῷ
3614 5382 3754 5447 λαῷ

2171 5467 2386 5530 τούτῳ·
2418 5463 2586 5531 Ἁκοῇ
2627 5464 2948 5531 ἀκούσητε,
2993 5464 3090 5516 καί
3123 5466 3194 5517 οὐ
3222 5463 3308 5532 μὴ
3359 5463 3609 5531 συνῆτε,
3647 5465 3743 5518 καὶ

2168 5549 2237 5602 τὰ
2258 5547 2402 5617 ὲξῆς.
2431 5545 2652 5607 Ἡσαΐας
2671 5546 2843 5615 ἐλεγε,
2874 5547 2985 5601 Τὸν
2997 5547 3264 5611 ,ϐασιλέα
3294 5547 3537 5602 Σαϐαὼθ
3555 5546 3748 5609 εἶδον.

2170 5633 2268 5685 καί
2302 5627 2433 5684 εἷπε
2479 5632 2628 5698 πρός
2657 5646 2766 5700 με·
2803 5631 2992 5685 Εἰπὸν
3029 5630 3110 5696 τῷ
3135 5627 3264 5696 λαῷ
3304 5634 3522 5697 τούτῳ·
3575 5636 3672 5687 καὶ
3711 5637 3740 5687 6

2170 5713 2379 5776 Παῦλος
2405 5713 2576 5781 λέγων
2603 5708 2679 5783 τῷ
2709 5713 2846 5784 ἁγίῳ
2871 5713 3148 5784 Πνεύματι
3166 5713 3399 5785 ἀνέθηκε
3419 5716 3518 5785 τὴν
3550 5716 3740 5771 αὐθεν-

2169 5799 2308 5852 τίαν.
2341 5794 2546 5862 Οὐκοῦν
2579 5795 2828 5869 βασιλεὺς
2849 5797 2942 5852 καὶ
2961 5797 3163 5869 Κύριος
3182 5797 3406 5864 Σαϐαὼθ
3430 5799 3489 5852 τὸ
3514 5798 3739 5869 Πνεῦμα
