4126 6326
300 410 406 469 509

302 528 435 580 ritus
463 530 711 586 sanctus,
745 530 1042 577 accuratam
1095 519 1236 574 illam
1280 518 1562 572 adoranda:
1601 508 1885 573 Trinitatis

301 618 497 672 seriem
526 615 845 684 ignorantes,
870 613 962 666 sed
991 622 1165 665 mente
1194 626 1440 680 [vzrversa
1474 610 1752 679 theologim
1781 626 1872 679 pu-

303 708 511 761 ritatem
556 705 873 759 contumelia
916 703 1131 759 afficere
1177 700 1483 775 conantes).
1524 701 1644 771 jure
1684 702 1877 755 Paulus

303 799 574 851 nominum
605 796 843 849 ordinem
874 796 1107 859 invertit,
1132 803 1188 847 ut
1215 794 1451 848 veritatis
1477 794 1580 846 vim
1610 794 1874 860 ostendat,

302 899 354 941 et
385 888 743 956 improborum
774 886 1077 955 opinionem
1109 883 1363 939 confutet.
1392 886 1461 937 At
1488 886 1600 939 seio
1621 926 1635 949 ,
1664 886 1736 938 ait
1764 886 1875 938 Ine-

304 981 520 1042 rcticus,
550 994 670 1033 eum
713 975 830 1031 Filii
873 976 1083 1045 quidem
1123 986 1177 1030 et
1222 975 1448 1045 Spiritus
1493 978 1659 1030 sancti
1709 978 1881 1032 obiter

305 1072 626 1126 mentionem
657 1071 862 1134 fecisse,
881 1068 973 1122 sed
1000 1083 1117 1120 eum
1148 1066 1212 1120 ad
1240 1068 1451 1121 Patrem
1483 1069 1734 1133 venisset,
1757 1068 1882 1121 sub-

305 1162 567 1218 limiorem
588 1162 903 1231 theologiam
918 1159 1240 1215 adhibuisse.
1263 1160 1337 1213 De
1355 1159 1552 1229 Spiritu
1568 1161 1708 1213 enim
1726 1160 1879 1225 dixit,

306 1254 451 1308 Idem
470 1270 584 1308 vero
613 1253 868 1322 Spiritus;
897 1252 962 1306 de
991 1252 1145 1315 Filio,
1173 1250 1317 1305 Idem
1340 1264 1452 1304 vero
1482 1250 1729 1305 Dominus
1754 1250 1882 1305 :sed

304 1362 425 1400 cum
455 1346 519 1399 ad
547 1346 755 1399 Patrem
784 1346 1032 1404 venisset.
1062 1345 1255 1413 adjecit
1281 1363 1293 1397 :
1326 1343 1423 1410 Qui
1445 1354 1680 1414 operatur
1708 1346 1882 1398 omnia

305 1440 356 1493 in
383 1437 627 1493 omnibus.
656 1436 790 1506 Quid
813 1438 974 1507 ergo?
999 1436 1197 1491 illudne
1214 1438 1452 1499 verbum,
1472 1438 1680 1506 operari
1704 1437 1883 1492 omnia

307 1532 358 1585 in
390 1530 635 1585 omnibus
658 1571 673 1595 ,
701 1530 1065 1588 auctoritatem
1097 1528 1330 1583 indicat?
1359 1528 1527 1583 Etiam
1552 1570 1566 1595 ,
1598 1530 1783 1599 inquit.
1822 1531 1886 1583 Et

308 1623 785 1691 supereminentem
809 1619 1173 1675 excellentiam
1198 1620 1480 1689 praedicat?
1506 1619 1665 1685 Sane,
1695 1620 1882 1690 inquit.

310 1712 376 1765 Et
402 1727 501 1781 ego
526 1727 733 1782 quoque
763 1720 903 1765 tuam
933 1711 1322 1764 confessionem
1350 1711 1570 1779 recipio,
1601 1711 1643 1763 si
1672 1712 1723 1764 in
1750 1728 1882 1764 con-

310 1804 599 1859 ditionibus
644 1818 975 1873 permaneas.
1007 1802 1294 1856 Videamus
1320 1818 1445 1872 ergo
1474 1802 1597 1872 quid
1630 1818 1722 1858 vas
1758 1803 1885 1858 illud

311 1896 606 1956 electionis,
633 1895 720 1949 ille
747 1895 956 1965 inquam
987 1909 1015 1947 a
1045 1894 1243 1961 Spiritu
1271 1906 1457 1949 sancto
1485 1894 1674 1949 ductus
1698 1938 1712 1961 ,
1745 1897 1885 1950 circa

313 1988 448 2041 hanc
484 1988 829 2057 qmcstionem
873 1994 1136 2055 suggerat.
1188 1984 1467 2055 Unicuique
1492 1987 1643 2038 datur
1670 1988 1886 2057 manife-

310 2082 459 2134 statio
508 2079 731 2145 Spiritus
769 2078 838 2131 ad
872 2079 1155 2131 utilitatem.
1197 2078 1299 2131 Alii
1326 2079 1523 2146 quidem
1546 2080 1698 2130 datur
1725 2095 1888 2133 sermo

310 2170 570 2238 sapientia:
588 2168 859 2222 secundum
886 2169 1109 2223 eumdem
1135 2168 1381 2239 Spiritum
1403 2185 1418 2231 ;
1444 2168 1534 2221 alii
1553 2186 1713 2222 sermo
1734 2170 1889 2222 scien-

312 2268 396 2321 tia:
432 2267 483 2320 in
523 2265 695 2320 eodem
734 2266 930 2336 Spiritu
958 2281 976 2318 :
999 2265 1090 2318 alii
1130 2266 1291 2336 gratia
1331 2266 1603 2317 sanitatum
1634 2265 1685 2317 in
1714 2265 1888 2316 eodeni

313 2359 546 2427 Spiritu;
585 2359 677 2413 alii
717 2359 1013 2427 prophetia;
1051 2356 1142 2410 alii
1184 2357 1525 2426 interpretatio
1565 2358 1886 2425 linguarum;

311 2453 401 2505 alii
443 2452 608 2521 ﬁdes;
646 2452 735 2505 alii
773 2450 906 2503 dona
937 2450 955 2520 (
986 2451 1035 2503 1.
1065 2448 1183 2505 Cor.
1210 2449 1295 2504 12.
1328 2449 1459 2503 7-10
1486 2450 1525 2517 ).
1576 2448 1698 2502 [hec
1737 2466 1888 2517 porro

312 2546 481 2597 omnia
502 2560 521 2597 :
546 2543 761 2599 attende
786 2543 1083 2613 diligenter,
1113 2541 1231 2596 vide
1257 2542 1501 2595 dictionis
1533 2552 1584 2596 et
1612 2543 1889 2610 potestatis

312 2634 736 2689 consonantiam.
767 2632 865 2700 Qui
896 2632 1040 2701 prius
1068 2632 1302 2697 dixerat,
1339 2630 1483 2685 Idem
1511 2642 1679 2684 autem
1714 2630 1887 2699 Deus,

312 2727 396 2795 qui
417 2735 653 2795 operatur
676 2726 846 2779 omnia
870 2725 922 2778 in
949 2724 1194 2787 omnibus,
1220 2724 1307 2778 ubi
1337 2723 1403 2778 ad
1434 2722 1689 2793 Spiritum
1722 2723 1885 2786 venit,

313 2818 552 2871 eamdem
579 2816 678 2885 ipsi
705 2816 807 2869 vim
838 2816 1012 2869 inesse
1042 2815 1353 2868 testificatur
1381 2833 1395 2869 :
1429 2813 1553 2867 Ilwc
1581 2823 1749 2867 autem
1780 2830 1890 2866 om-

313 2910 419 2972 nia,
451 2908 637 2976 inquit,
661 2916 898 2975 operatur
938 2922 1065 2959 unus
1105 2915 1151 2959 et
1194 2906 1325 2959 idem
1364 2905 1621 2975 Spiritus,
1661 2903 1888 2956 dividens

313 2999 545 3067 singulis,
576 3008 721 3066 prout
746 2998 846 3050 vult
876 2995 1051 3065 (Ibid.
1080 3014 1125 3049 v.
1152 2996 1262 3067 11).
1292 2995 1382 3050 Sic
1410 3011 1515 3048 non
1546 2995 1891 3049 labefactatur

315 3088 707 3159 glorificationis
733 3088 864 3141 ordo
890 3089 1179 3157 seriesque,
1213 3087 1427 3156 quando
1453 3086 1667 3156 aliquod
1696 3101 1890 3140 nomen

314 3195 379 3233 ex
410 3188 590 3233 sancta
617 3178 893 3241 Triuitate,
928 3188 1018 3231 aut
1054 3179 1302 3247 primum,
1334 3187 1422 3231 aut
1460 3177 1772 3239 secundum,
1800 3184 1893 3229 aut

314 3271 527 3325 tertium
568 3270 796 3339 ponitur.
844 3268 975 3323 Illud
1004 3269 1167 3333 enim,
1198 3268 1428 3337 primus,
1463 3266 1748 3330 secundus,
1780 3276 1889 3320 ter-

314 3364 437 3428 tius,
471 3378 578 3417 non
608 3361 804 3415 indicat
832 3371 1036 3415 naturae
1074 3359 1422 3414 diﬂ‘ercntiam
1446 3400 1460 3422 ,
1488 3358 1581 3411 sed
1611 3358 1890 3424 theologia:

313 3455 451 3509 viam
483 3454 609 3507 nulli
648 3452 945 3508 confusioni
982 3450 1286 3505 obnoxiam.
1337 3448 1539 3503 Rursus
1582 3447 1719 3501 idem
1762 3462 1890 3515 apo-

322 3548 518 3611 stolus,
553 3553 609 3599 ut
636 3543 876 3599 ostendat
905 3559 963 3598 se
985 3543 1255 3597 nominum
1286 3541 1472 3595 ordine
1501 3539 1693 3609 ubique
1721 3539 1889 3592 indis-

316 3638 631 3692 criminatim
659 3638 755 3700 uti,
785 3645 967 3705 utpote
995 3636 1082 3705 qui
1118 3642 1262 3689 recto
1289 3633 1475 3687 ordine
1503 3642 1557 3687 et
1582 3640 1736 3689 caute
1760 3632 1893 3685 divi-

317 3745 438 3784 nam
466 3730 891 3800 prmdicationem
930 3728 1134 3790 adiret,
1166 3726 1726 3780 Thessalonicensibus
1762 3728 1896 3779 scri-

317 3821 452 3875 bens
478 3822 550 3874 ait
579 3838 592 3873 :
622 3819 740 3891 Ipse
765 3836 879 3874 vero
910 3818 1157 3873 Dominus
1191 3828 1358 3872 noster
1390 3817 1539 3871 Iesus
1563 3816 1818 3884 Christus,
1848 3826 1894 3871 et

317 3910 459 3964 Deus
478 3908 632 3963 Pater
647 3919 812 3963 noster
833 3908 905 3977 (2.
927 3908 1101 3961 Thess.
1123 3908 1300 3979 2.15).
1332 3910 1412 3962 An
1436 3909 1684 3977 primum,
1709 3908 1891 3973 Paule,

319 4002 534 4067 Filium,
567 4012 853 4071 posteaque
882 4001 1089 4055 Patrem
1121 4000 1407 4070 przndicas?
1436 4000 1511 4054 Tu
1541 4002 1790 4070 primum,
1811 4003 1894 4054 in-

318 4096 472 4166 quit,
505 4094 655 4164 quasi
696 4096 882 4148 ordine
920 4104 971 4147 et
1006 4094 1261 4163 dignitate
1297 4093 1565 4162 expromis
1600 4111 1612 4145 :
1644 4109 1742 4163 ego
1771 4108 1892 4147 cum

320 4190 548 4259 primum
569 4196 621 4241 et
645 4188 934 4242 secundum
958 4187 1099 4253 dico,
1124 4197 1362 4239 naturam
1390 4186 1758 4241 indivisibilem
1783 4186 1896 4255 opi-

320 4296 448 4346 nor;
482 4281 587 4335 imo
615 4296 740 4333 vero
766 4296 870 4333 non
900 4280 1107 4347 opinor,
1152 4278 1243 4332 sed
1287 4288 1595 4333 constanter
1636 4279 1888 4348 praedico.

319 4372 397 4427 Ne
441 4372 596 4441 igitur
638 4372 829 4425 divinis
872 4371 1095 4441 eloquiis
1136 4370 1509 4425 contumeliam
1554 4370 1767 4431 inferas,
1798 4385 1896 4425 nec

320 4464 552 4517 Cil'iBSlia
583 4463 827 4533 dogmata
857 4463 1213 4518 calumnieris.
1246 4463 1345 4515 Par
1376 4462 1678 4530 exemplum
1712 4462 1762 4515 in
1792 4460 1898 4515 Ve-

322 4556 421 4608 teri
467 4554 806 4608 Testamento
855 4554 1074 4622 reperis.
1119 4552 1576 4618 Quemadmodum
1622 4554 1763 4606 enim
1811 4552 1898 4607 hic

324 4645 518 4699 Paulus
556 4660 586 4698 a
627 4644 826 4712 Spiritu
865 4660 1038 4710 orsus,
1064 4645 1205 4698 venit
1233 4644 1297 4697 ad
1330 4643 1542 4706 Filium,
1590 4652 1643 4696 et
1689 4658 1718 4695 a
1764 4644 1898 4698 Filio

324 4750 507 4789 rursus
536 4735 599 4789 ad
632 4736 839 4789 Patrem
860 4777 874 4802 ,
904 4744 955 4789 et
983 4735 1123 4804 quod
1165 4738 1434 4788 nominum
1464 4734 1649 4788 ordine
1685 4736 1897 4789 tertium

323 4837 456 4887 erat,
490 4827 714 4895 primum
745 4826 938 4891 elfecit,
968 4842 1071 4879 non
1104 4836 1313 4879 mutans
1335 4826 1725 4897 praedicationis
1753 4827 1899 4881 ordi-

326 4933 466 4980 nem,
500 4916 594 4970 sed
621 4917 1005 4971 iudill'erentem
1038 4916 1314 4986 theologia:
1340 4917 1692 4987 cognitionem
1719 4928 1897 4973 osten-

326 5011 456 5062 dens
487 5028 500 5061 :
530 5013 604 5064 sic
640 5010 691 5064 in
720 5011 894 5065 Veteri
939 5011 1277 5065 Testamento
1302 5010 1540 5065 eamdem
1571 5011 1787 5081 ﬁguram
1820 5012 1898 5064 in-

330 5101 526 5165 venies,
550 5101 697 5169 quasi
727 5100 776 5153 in
806 5100 1051 5170 imagine,
1079 5100 1471 5169 prailucentem.
1505 5100 1632 5166 Quis
1656 5111 1895 5154 nostrum

330 5192 551 5261 ignorat,
584 5191 792 5252 fratres.
824 5192 1150 5260 Scripturam
1184 5192 1353 5259 primo
1380 5191 1648 5245 Abraham
1677 5206 1895 5259 ponere,

327 5283 560 5338 secundo
603 5284 746 5338 Isaac
770 5326 783 5347 ,
830 5285 982 5337 tertio
1020 5282 1215 5337 Iacob?
1247 5282 1398 5344 Nam,
1431 5280 1543 5352 Ego
1569 5281 1708 5336 Deus
1732 5282 1898 5335 Abra-

329 5374 463 5437 ham,
496 5373 633 5428 Deus
673 5373 859 5438 Isaac,
898 5374 1034 5427 Deus
1070 5373 1230 5427 Iacob
1268 5372 1459 5441 (Exod.
1489 5374 1543 5429 5.
1572 5373 1662 5441 6).
1692 5373 1756 5426 Et
1780 5372 1917 5442 jure_

328 5464 597 5533 Scriptura
622 5466 792 5534 primo
824 5474 1113 5532 parentem,
1138 5466 1371 5520 secundo
1395 5466 1576 5524 lilium.
1602 5474 1783 5533 postea
1806 5480 1899 5519 ne-

327 5564 502 5622 potem
529 5555 770 5609 collocat.
804 5555 995 5606 Verum
1022 5556 1141 5623 quia
1170 5566 1357 5609 natura
1386 5555 1718 5609 indivisibilis
1748 5566 1856 5610 erat
1881 5598 1897 5622 ,

326 5647 453 5699 licet
495 5655 731 5714 tempore
774 5652 830 5697 et
868 5644 1006 5697 serie
1044 5645 1472 5715 distingueretur,
1503 5661 1607 5700 non
1639 5646 1900 5701 dubitavit

326 5736 469 5791 Deus
508 5737 746 5791 ordinem
792 5744 997 5789 mutare
1039 5744 1100 5790 ut
1142 5736 1529 5793 confessionem
1569 5739 1895 5795 ostenderet.

331 5827 423 5882 Ait
460 5826 600 5881 enim
640 5828 692 5881 in
726 5826 971 5882 .Levitico
1006 5828 1209 5899 (locum
1251 5834 1390 5889 enim
1433 5830 1629 5899 indico,
1654 5845 1723 5887 ne
1761 5830 1898 5888 dicta

1502 406 1590 461 ne
1627 376 1987 462 scripture
2026 402 2359 459 HOlllLlA-

3463 412 3567 469 510

1986 518 2355 590 calumnieris)
2386 537 2398 573 :
2433 518 2494 573 Si
2518 535 2632 574 vero
2663 522 2916 590 peccarint
2940 524 3037 593 ﬁlii
3064 522 3244 590 Israel,
3265 526 3462 580 tradam
3483 546 3567 581 eos

1981 614 2033 667 in
2060 625 2252 685 gentem
2278 618 2515 682 alienam,
2540 627 2583 670 et
2606 617 2726 671 illuc
2754 622 3148 688 proﬁciscentur,
3174 631 3221 676 et
3239 625 3449 677 servient
3470 624 3567 677 diis

1982 707 2175 760 alienis.
2197 708 2563 762 Prmnuntians
2589 710 2946 778 captivitatem
2978 712 3350 785 Babylonicum
3376 717 3468 782 ait,
3501 714 3566 768 Et

1981 797 2107 849 illuc
2131 799 2530 866 proﬁciscentur,
2573 810 2617 853 et
2650 803 2860 855 servient
2886 802 2984 855 diis
3008 804 3204 861 alienis.
3260 805 3402 859 Tunc
3444 823 3565 859 con-

1982 888 2221 957 fundetur
2256 906 2344 942 cor
2386 908 2555 944 eorum
2602 893 3025 951 incircumcisum.
3047 895 3111 949 Et
3140 897 3299 964 paulo
3329 909 3467 966 post,
3503 898 3567 951 Et

1983 980 2281 1032 recordabor
2309 984 2587 1035 testamenti
2610 981 2791 1047 Iacob,
2828 995 2874 1036 et
2894 987 3173 1039 testamenti
3196 986 3366 1054 Isaac,
3412 1000 3459 1043 et
3503 1000 3568 1041 te-

1982 1073 2214 1124 stamenti
2235 1071 2488 1125 Abraham
2524 1073 2704 1145 (Leuit.
2736 1075 2827 1129 26.
2860 1075 3075 1146 40-42).

2056 1162 2108 1215 7.
2153 1162 2355 1216 Dictum
2401 1175 2635 1233 repetam
2686 1182 2700 1218 :
2748 1168 2960 1235 plausus
3002 1170 3141 1221 enim
3197 1181 3563 1241 argumentum

1986 1253 2305 1307 obscuravit.
2333 1253 2472 1319 Illic,
2506 1255 2694 1325 inquit,
2725 1257 2917 1325 pudore
2942 1256 3262 1325 stt/fundatur
3287 1276 3373 1312 cor
3397 1278 3567 1314 comm

1984 1344 2409 1410 incircumcisum,
2462 1357 2505 1399 et
2554 1360 2860 1401 revertentur
2896 1350 2965 1402 ad
2994 1367 3089 1415 me,
3138 1361 3184 1404 et
3232 1353 3419 1405 sanabo
3463 1373 3569 1408 eos.

1987 1433 2229 1487 Nondum
2283 1437 2677 1503 comminatus,
2732 1441 3213 1495 reconciliationem
3267 1445 3566 1513 promittit:

1990 1524 2058 1578 Et
2085 1526 2321 1578 reducam
2367 1545 2448 1580 eos
2477 1529 2529 1581 in
2556 1539 2738 1581 terram
2771 1543 2971 1602 patrum
3009 1551 3235 1601 suorum,
3264 1546 3307 1588 et
3335 1538 3571 1590 recorda-

1988 1617 2077 1670 bor
2102 1619 2381 1671 testamenti
2404 1617 2585 1676 Iacob.
2615 1630 2662 1673 et
2694 1624 2971 1675 testamenti
3012 1623 3183 1688 Isaac,
3215 1636 3260 1677 et
3291 1630 3573 1681 testamenti

1989 1707 2265 1761 Abraham.
2300 1709 2456 1763 Vides
2483 1712 2749 1779 quomodo
2770 1723 2935 1766 mutet
2956 1713 3199 1768 ordinem
3226 1733 3239 1780 ;
3274 1728 3327 1769 ιιι
3350 1720 3570 1787 inquali-

1989 1806 2149 1851 tatem
2181 1800 2394 1853 honoris
2422 1804 2708 1855 ostendat?
2744 1802 2923 1873 Neque
2961 1805 3102 1859 enim
3138 1806 3393 1861 Iacobum
3436 1819 3573 1863 tem-

1990 1903 2117 1957 pore
2146 1891 2370 1958 primum
2410 1892 2555 1957 fecit,
2587 1895 2679 1947 sed
2712 1894 3167 1951 indiscriminatim
3197 1901 3442 1969 loquutus
3467 1914 3569 1970 est,

1991 1990 2044 2034 ut
2076 1985 2353 2050 puritatem
2386 1983 2603 2038 honoris
2624 1988 2949 2040 ostenderet.
2980 1988 3169 2043 Verum
3195 1994 3328 2059 apud
3351 1997 3573 2064 patriar-

1988 2075 2116 2125 chas
2156 2085 2361 2145 tempus
2408 2076 2683 2145 distinguit
2728 2076 2953 2131 fructum
2994 2094 3023 2131 a
3073 2081 3282 2148 radice;
3330 2085 3574 2139 mortalis

1989 2168 2182 2236 quippe
2228 2180 2412 2223 natura
2451 2180 2531 2224 est
2569 2181 2622 2224 et
2667 2182 2939 2240 parentum
2982 2185 3035 2228 et
3066 2184 3305 2229 natorum
3340 2191 3572 2233 :sancne

1990 2275 2117 2313 vero
2136 2262 2445 2317 immortalis
2463 2272 2515 2317 et
2534 2263 2818 2319 adoranda:
2836 2266 3107 2321 Trinitatis
3133 2280 3372 2324 naturam
3397 2286 3573 2326 sermo

1991 2370 2095 2408 non
2128 2355 2332 2421 dividit,
2378 2372 2481 2410 non
2514 2357 2787 2428 distinguit
2830 2368 3057 2428 tempus,
3102 2378 3204 2415 non
3248 2364 3439 2417 secula
3482 2380 3571 2419 se-

1992 2458 2178 2515 parant
2206 2466 2218 2501 :
2248 2448 2375 2503 nihil
2398 2451 2538 2504 enim
2567 2450 2847 2506 intercedit
2870 2454 3007 2507 inter
3032 2453 3264 2517 Patrem.
3286 2466 3337 2511 et
3362 2456 3572 2523 Filium,

1991 2549 2044 2592 et
2065 2538 2316 2609 Spiritum
2348 2552 2608 2596 sanctum.
2639 2543 2894 2597 Conditor
2917 2546 3229 2599 swculorum
3258 2558 3339 2600 est
3378 2547 3576 2619 linige-

1992 2633 2153 2685 nitns.
2188 2634 2324 2687 Audi
2369 2634 2603 2690 divinum
2634 2637 2782 2690 illum
2820 2652 3241 2709 generi-sinuque
3272 2657 3573 2711 prteconem

1990 2722 2058 2777 de
2090 2725 2246 2779 Patre
2272 2727 2349 2780 sic
2376 2728 2676 2796 loquentem
2711 2745 2722 2780 :
2756 2728 2809 2781 Ill
2818 2730 3093 2801 ultifariam
3118 2734 3384 2803 multisque
3411 2738 3572 2789 modis

1991 2813 2112 2865 olim
2156 2813 2293 2868 Deus
2323 2818 2555 2885 loquutus
2596 2817 2820 2887 patribus
2864 2820 2917 2871 in
2962 2821 3257 2889 pmphetis,
3310 2826 3574 2879 novissime

1992 2900 2165 2957 diebus
2187 2906 2295 2957 istis
2322 2906 2555 2973 loquutus
2594 2918 2662 2960 cst
2697 2910 2837 2961 nobis
2862 2911 2913 2962 in
2944 2909 3099 2975 Filio,
3138 2930 3282 2982 quem
3323 2918 3576 2969 constituit

1992 2994 2225 3047 heredem
2254 3000 2613 3063 universorum,
2650 3016 2740 3067 per
2762 3018 2905 3071 quem
2944 3002 3060 3072 fecit
3099 3015 3146 3058 et
3175 3008 3359 3060 stecula
3389 3006 3572 3079 (IIebr.

1994 3086 2047 3139 1.
2080 3087 2131 3139 1.
2160 3086 2239 3156 ‘2).
2267 3085 2407 3140 Nihil
2437 3103 2563 3157 ergo
2595 3090 2731 3144 inter
2764 3092 2971 3147 Patrem
3008 3103 3059 3148 et
3098 3094 3285 3150 Filium
3327 3109 3378 3152 et
3405 3099 3575 3169 Spiri-

1995 3186 2103 3230 tum
2131 3187 2406 3243 sanctum;
2455 3181 2654 3235 nullum
2687 3192 2892 3251 tempus
2936 3193 3026 3240 aut
3069 3188 3400 3244 intervallum
3440 3202 3574 3247 tem-

1995 3271 2159 3340 poris.
2194 3271 2329 3325 Ante
2373 3272 2565 3326 swcula
2609 3272 2787 3340 Pater,
2819 3285 2942 3330 ante
2989 3280 3181 3332 saecula
3229 3280 3422 3346 Filius;
3466 3286 3575 3351 ipse

1995 3364 2136 3417 enim
2186 3365 2377 3418 saecula
2426 3363 2587 3430 fecit;
2642 3376 2763 3421 ante
2813 3370 3005 3423 saecula
3055 3371 3284 3440 Spiritus
3335 3386 3574 3433 sanctus.

1995 3456 2261 3525 Nusquam
2315 3456 2571 3511 scinditur
2614 3468 2819 3520 natura,
2871 3477 3129 3531 nusquam
3178 3478 3451 3533 separatur
3479 3484 3575 3536 po-

1998 3558 2179 3602 testas.
2211 3548 2587 3603 Animadverte
2612 3548 2915 3618 diligenter.
2948 3552 3154 3623 Regnat
3188 3556 3362 3617 Pater,
3390 3569 3574 3627 regnat

1997 3638 2182 3703 Filius,
2208 3647 2393 3708 regnat
2413 3638 2641 3708 Spiritus
2664 3652 2893 3694 sanctus.
2920 3643 3042 3697 Scio
3064 3661 3148 3697 me
3168 3647 3276 3713 jam
3306 3649 3401 3702 hac
3425 3666 3574 3704 usum

1997 3744 2117 3784 csse
2143 3728 2631 3795 demonstratione;
2664 3747 2845 3784 verum
2878 3732 3063 3787 eadem
3095 3736 3206 3804 ipsa
3235 3736 3412 3793 dicere
3446 3740 3578 3794 Mihi

1996 3820 2193 3889 quidem
2214 3837 2477 3875 onerosum
2497 3837 2594 3874 non
2614 3831 2705 3885 est,
2734 3823 2867 3876 vobis
2892 3834 3058 3877 autem
3087 3836 3246 3879 tutum
3264 3827 3483 3898 (Philip.
3519 3833 3573 3887 5.

1999 3912 2073 3980 1).
2107 3910 2307 3980 Roguat
2340 3912 2511 3974 Pater,
2545 3912 2832 3965 secundum
2858 3914 3004 3977 illttd,
3043 3915 3172 3969 Deus
3201 3935 3289 3981 rea:
3330 3933 3496 3974 uoster
3524 3923 3577 3975 in

1997 4004 2233 4057 srrculum
2269 4002 2437 4073 (Psal.
2474 4005 2559 4058 75.
2596 4005 2704 4071 12).
2761 4004 2962 4074 Reguat
3004 4006 3166 4061 Filius
3198 4026 3208 4060 :
3240 4026 3381 4073 nam,
3424 4012 3579 4066 Dabit

1997 4095 2074 4147 illi
2099 4094 2342 4147 Dominus
2372 4095 2551 4147 solium
2583 4093 2747 4147 David
2768 4097 2924 4165 patris
2944 4097 3071 4166 ejus,
3100 4108 3145 4150 et
3170 4103 3396 4168 regnabit
3425 4120 3577 4172 super

2001 4185 2204 4237 domum
2230 4183 2389 4238 Iacob
2407 4186 2457 4237 in
2481 4196 2719 4237 trternum
2756 4185 2904 4255 (Luc.
2938 4188 2983 4239 1.
3024 4186 3136 4258 52).
3184 4189 3383 4260 liegnat
3413 4193 3580 4261 Spiri-

2002 4286 2086 4329 tus
2113 4286 2365 4330 sanctus:
2394 4276 2553 4328 Isaias
2598 4276 2740 4329 euitn
2783 4276 2941 4342 dixit,
2991 4276 3054 4329 Et
3094 4296 3258 4347 regem
3305 4282 3576 4339 Dominum

2003 4366 2227 4420 Sabaoth
2265 4367 2368 4419 vidi
2408 4367 2566 4420 oculis
2613 4369 2733 4421 meis
2772 4372 3016 4422 sedentem
3048 4372 3098 4423 in
3133 4373 3260 4425 solio
3303 4380 3494 4431 excelso
3530 4392 3584 4436 et

2001 4456 2209 4509 elevato.
2245 4456 2309 4509 Et
2337 4457 2464 4510 dixit
2494 4458 2561 4510 ad
2588 4475 2664 4511 me
2695 4474 2713 4511 :
2756 4457 2890 4512 Vade
2914 4472 2959 4512 et
2984 4462 3065 4513 dic
3100 4463 3286 4533 papula
3312 4466 3446 4532 huic,
3473 4471 3581 4523 Au~

2002 4546 2111 4598 ditu
2138 4546 2371 4610 audietis,
2400 4559 2446 4599 et
2474 4564 2573 4600 non
2600 4548 2907 4618 intelligetis,
2929 4560 2974 4602 et
2996 4555 3214 4607 videntes
3238 4556 3483 4623 videbitis,
3528 4570 3577 4616 et

2001 4654 2103 4691 non
2139 4638 2464 4708 perspiciatis,
2506 4648 2610 4693 etc.
2659 4638 2811 4709 (Isai.
2840 4640 2892 4694 6.
2923 4642 2971 4695 1.
3004 4642 3095 4713 9);
3133 4649 3414 4714 Apostolus
3453 4667 3580 4706 vero

2002 4730 2069 4785 de
2098 4730 2299 4800 Spiritu
2322 4740 2505 4785 Sancto
2533 4731 2805 4801 prophetae
2843 4733 3159 4806 theologiam
3202 4742 3449 4809 esplicat.
3485 4746 3576 4799 Illo

2001 4821 2231 4888 dicente,
2266 4819 2381 4874 Vidi
2403 4837 2568 4891 regem
2607 4820 2881 4875 Dominum
2917 4824 3162 4894 Sabaoth,
3195 4839 3240 4882 et
3277 4832 3401 4885 dixit
3430 4836 3576 4902 mihi,

2010 4912 2169 4978 Vade,
2196 4922 2241 4966 et
2272 4912 2355 4965 dic
2375 4911 2563 4982 populo
2588 4913 2722 4978 huic,
2748 4914 2943 4969 Paulus
2975 4932 3067 4985 per
3090 4935 3266 4988 regem
3295 4922 3573 4977 Dominum

2002 5004 2231 5060 Sabaoth
2248 5003 2500 5073 Spiritum
2527 5013 2768 5058 sanctum
2796 5007 3079 5076 accipiens,
3100 5025 3219 5064 cum
3242 5012 3422 5065 nonne
3442 5029 3577 5066 con-

2007 5109 2083 5151 tra
2101 5097 2313 5152 Iudaeos
2337 5096 2650 5165 disputaret,
2678 5098 2771 5164 ait,
2804 5096 2940 5152 Bene
2970 5099 3195 5163 Spiritus
3219 5115 3421 5157 sanctus
3448 5106 3576 5158 dixit

2004 5188 2072 5240 ad
2097 5198 2262 5257 patres
2305 5197 2500 5241 nostros
2532 5205 2619 5254 per
2655 5186 2847 5241 Isaiam
2894 5195 3190 5261 praphetam
3226 5208 3244 5245 :
3279 5193 3447 5259 Vade,
3498 5197 3578 5250 dic

2005 5278 2191 5349 pOpulo
2213 5279 2327 5332 huic
2346 5318 2362 5344 ,
2407 5279 2599 5332 Audita
2631 5283 2864 5344 audietis,
2906 5292 2951 5335 et
3000 5301 3100 5336 non
3130 5284 3413 5353 intelligetis
3441 5285 3575 5356 (Act.

2004 5372 2093 5427 28.
2124 5372 2237 5444 25),
2258 5384 2362 5427 etc.
2396 5370 2556 5426 Isaias
2585 5373 2735 5436 dixit,
2767 5372 2950 5444 Regem
2984 5375 3209 5429 Sabaoth
3238 5377 3335 5428 vidi
3373 5389 3418 5435 et
3449 5379 3577 5433 dixit

2006 5462 2149 5527 mihi,
2186 5461 2278 5515 Dic
2308 5463 2495 5532 populo
2533 5463 2692 5529 huic;
2726 5465 3020 5534 Paulusque
3054 5466 3322 5521 disserens
3358 5470 3578 5538 Spiritui

2007 5562 2191 5606 sancto
2238 5552 2374 5607 hanc
2405 5554 2772 5607 auctoritatem
2817 5555 3115 5624 adscripsit.
3166 5557 3303 5627 Ergo
3351 5558 3575 5628 Spiritus

2006 5653 2223 5697 sanctus
2248 5659 2340 5698 rex
2367 5652 2450 5699 est
2468 5653 2523 5697 et
2549 5644 2803 5697 Dominus
2829 5644 3086 5711 Sabaoth,
3109 5650 3196 5716 qui
3222 5649 3357 5705 dixit
3380 5651 3527 5706 Isaia:
3560 5672 3575 5709 :

2016 5734 2174 5799 Vade,
2201 5744 2246 5789 et
2270 5735 2352 5789 dic
2374 5736 2563 5805 populo
2587 5735 2725 5802 huic,
2754 5734 2944 5789 Audita
2969 5738 3203 5805 audietis,
3237 5750 3401 5797 etnon
3424 5744 3578 5798 intel-

2010 5828 2190 5900 ligetis,
2225 5838 2267 5883 et
2294 5829 2511 5885 videntes
2543 5830 2785 5900 videbitis,
2812 5841 2972 5888 etnon
3003 5836 3325 5904 perspiciens,
3359 5845 3461 5894 etc.
3486 5834 3579 5905 Et,
