4126 6326
559 363 656 419 511

560 485 741 538 Audivi
767 501 929 538 vocem
958 482 1158 536 Domini
1185 482 1415 547 dicentis,
1451 479 1608 545 Vade,
1649 481 1728 532 dic
1757 476 1940 548 populo
1972 476 2085 530 huic
2108 493 2128 541 ;

561 576 812 630 Dominus
836 576 1010 641 Pater,
1036 576 1289 629 Dominus
1319 574 1519 637 Filius;
1551 588 1669 626 nam
1701 570 1844 625 Dixit
1886 568 2130 623 Dominus

556 667 775 722 Domino
804 685 929 731 meo,
969 668 1100 721 Sede
1126 684 1156 718 a
1184 668 1372 719 dextris
1402 667 1521 718 meis
1558 664 1725 737 (Psal.
1766 663 1884 718 109.
1919 664 1993 730 1).
2026 662 2130 717 Do-

557 761 731 813 minus
770 760 994 828 Spiritus
1024 770 1238 814 sanctus
1276 778 1288 812 :
1327 776 1446 814 nam
1482 757 1721 812 Dominus
1761 758 1984 825 Spiritus
2014 766 2085 810 est
2108 772 2127 811 :

554 853 635 902 ubi
663 867 774 903 vero
804 851 1025 919 Spiritus
1063 850 1288 916 Domini,
1318 850 1385 902 ibi
1423 850 1620 902 libertas
1661 848 1735 919 (ἓ.
1771 847 1885 903 Cor.
1914 849 1966 903 5.
2010 849 2122 918 17).

555 941 627 993 Ne
648 940 770 1010 quis
798 957 921 993 vero
949 951 1094 1009 putet
1123 942 1291 1009 majus
1319 958 1435 995 es<e
1458 942 1681 1009 primum
1715 956 1931 1004 nomen,
1964 941 2122 1005 Deus,

552 1032 841 1085 secundant
873 1048 1019 1097 vero,
1055 1033 1329 1086 Dominus.
1364 1032 1493 1085 Nam
1525 1032 1574 1084 in
1623 1042 1805 1085 natura
1841 1033 2123 1086 immortali

552 1138 603 1179 et.
637 1126 887 1179 Dominus
915 1136 968 1180 et
1001 1126 1160 1191 Deus,
1203 1125 1325 1179 licet
1351 1125 1546 1178 dictum
1581 1125 1704 1179 illud
1744 1142 1849 1179 non
1878 1125 2120 1179 eamdem

552 1219 654 1269 vim
702 1218 927 1280 habeat,
984 1216 1223 1271 eamdem
1272 1226 1446 1270 tamen
1491 1218 1798 1285 dignitatem
1847 1218 2118 1286 praedicat.

548 1307 681 1374 Quid
711 1308 895 1363 enim?
932 1308 987 1362 Si
1029 1323 1241 1372 nomen,
1288 1309 1443 1367 Deus.
1490 1310 1713 1376 primum
1754 1316 1914 1371 esset,
1947 1309 1990 1361 si
2031 1324 2120 1362 se-

547 1400 799 1459 cundum,
834 1400 1101 1461 Dominus.
1124 1416 1251 1453 sane
1269 1400 1472 1470 Moyses
1490 1416 1591 1453 non
1611 1400 1845 1454 secundo
1870 1409 1926 1453 ut
1949 1400 2121 1469 primo

548 1507 671 1544 usus
702 1501 840 1545 esset
868 1493 1070 1557 dicens,
1100 1491 1345 1545 Dominus
1384 1491 1520 1544 Deus
1557 1500 1691 1554 tuus,
1718 1491 1965 1545 Dominus
1989 1509 2120 1546 unus

546 1592 617 1635 est
640 1581 813 1652 (Deut.
844 1582 894 1635 6.
925 1581 979 1652 4)
1001 1600 1014 1646 ;
1039 1583 1358 1651 oportuisset
1389 1582 1551 1643 enim,
1597 1583 1640 1635 si
1672 1582 1736 1636 de
1761 1583 1934 1652 primo
1964 1598 2115 1636 men-

547 1676 743 1727 tionem
776 1674 948 1727 facere
996 1674 1265 1736 voluisset,
1296 1674 1548 1742 primum
1593 1674 1771 1728 dicere
1828 1674 1923 1737 sic,
1976 1674 2118 1729 Deus

545 1773 662 1815 tuus
690 1763 945 1819 Dominus
981 1778 1114 1816 unus
1141 1772 1223 1817 est
1249 1781 1261 1817 :
1292 1763 1383 1817 sed
1414 1775 1467 1816 ut
1505 1764 1810 1818 ostenderet
1839 1764 2115 1820 nominum

545 1854 971 1922 iudill‘erentiam,
1015 1854 1266 1908 Dominus
1307 1855 1476 1923 primo
1522 1856 1674 1923 dixit,
1727 1867 1907 1925 postea
1960 1856 2114 1914 Deus.

541 1944 645 1998 Sed
675 1946 740 1999 ad
768 1947 1091 2014 propositum
1120 1949 1419 2000 redeamus.
1442 1946 1690 2000 Dominus
1715 1958 1877 2001 autent
1901 1958 1971 2001 est
1994 1948 2116 2019 Spi-

539 2038 680 2089 ritus.
717 2037 967 2090 Dominus
991 2053 1118 2105 ergo
1140 2038 1315 2101 Pater,
1350 2038 1604 2091 Dominus
1645 2039 1828 2102 Filius,
1862 2040 2114 2096 Dominus

539 2129 768 2196 Spiritus
789 2140 1022 2184 sanctus.
1055 2129 1250 2183 Verum
1280 2131 1471 2185 Paulus
1500 2133 1647 2195 dicit,
1678 2133 1820 2187 Unus
1846 2134 2109 2190 Dominus.

538 2220 591 2271 Si
623 2235 755 2273 unus
803 2221 1079 2287 Dominus,
1112 2223 1379 2291 quomodo
1422 2224 1675 2277 Dominus
1725 2233 1779 2280 et
1822 2226 2114 2282 Dominus?

538 2311 795 2366 Videlicet
817 2329 918 2366 una
941 2312 1249 2367 dominatio.
1276 2315 1472 2369 Eadem
1493 2317 1698 2370 ratione
1716 2327 1767 2371 et
1786 2334 1919 2371 unus
1950 2319 2110 2386 Deus,

536 2403 607 2455 ait
632 2403 823 2457 Paulus
857 2422 868 2455 :
903 2402 1064 2457 Nobis
1093 2414 1259 2458 autem
1283 2423 1412 2457 unus
1437 2404 1573 2458 Deus
1598 2405 1770 2473 Pater,
1802 2425 1862 2462 ex
1885 2426 1983 2479 quo
2006 2426 2115 2477 om-

536 2496 640 2559 nia,
671 2503 714 2545 et
751 2512 880 2548 unus
925 2494 1168 2549 Dominus
1203 2495 1353 2549 Iesus
1381 2495 1626 2562 Christus,
1658 2516 1745 2567 per
1766 2516 1911 2569 quem
1946 2502 2112 2555 omnia

538 2585 588 2651 (l
647 2584 765 2637 Cor.
807 2584 859 2639 8.
906 2584 989 2655 6).
1030 2585 1191 2655 Ergo,
1242 2587 1316 2639 ait
1361 2586 1662 2654 haereticus,
1704 2589 1913 2645 Patrem
1945 2592 2110 2646 Deum

535 2674 684 2738 dixit,
714 2675 901 2728 Filium
936 2693 1059 2730 vero
1088 2677 1388 2730 Dominum.
1424 2678 1709 2733 Videamus
1739 2697 1887 2751 ergo,
1926 2683 2109 2738 videa-

536 2782 671 2826 mus,
701 2764 908 2827 fratres,
941 2767 1234 2831 videamus,
1258 2783 1459 2836 quaeso,
1501 2785 1625 2822 num
1659 2770 1805 2838 illud,
1836 2772 2108 2839 Dominus,

535 2856 824 2909 secundum
847 2858 913 2909 sit
940 2872 1132 2911 nomen
1163 2857 1356 2911 divinae
1379 2858 1668 2929 dignitatis,
1699 2872 1753 2915 et
1779 2877 1955 2918 annon
1985 2879 2111 2920 vero

534 2947 765 3013 primum
806 2948 1010 3017 ipsique
1056 2963 1377 3018 congruens.
1416 2960 1576 3021 atque
1618 2953 1907 3025 Scriptura:
1943 2971 2110 3012 sacrae

531 3038 839 3093 testimonio
868 3039 1076 3093 fultum.
1105 3040 1335 3096 Necesse
1360 3042 1500 3097 enim
1527 3052 1609 3097 est
1646 3054 1702 3099 ut
1730 3053 1784 3100 et
1810 3062 1907 3099 nos
1947 3062 2110 3102 accu-

533 3140 647 3184 rate
674 3130 971 3199 loquamur,
1021 3140 1076 3185 et
1118 3146 1213 3186 vos
1255 3132 1493 3188 studiose
1534 3135 1778 3202 audiatis,
1826 3137 2007 3208 illique
2042 3155 2108 3195 ex

533 3220 753 3273 veritate
771 3220 1126 3275 instituantur.
1149 3221 1282 3289 Quis
1304 3238 1431 3292 ergo
1461 3224 1615 3278 nobis
1643 3241 1819 3281 sermo
1853 3231 2109 3286 testifica-

532 3309 693 3373 bitur,
727 3310 874 3374 illud,
911 3311 1189 3377 Dominus,
1213 3329 1405 3368 nomen
1433 3329 1550 3369 esse
1573 3318 1797 3385 primum
1825 3330 1881 3374 et
1901 3324 2108 3392 magni-

532 3400 886 3456 ficentissimae
914 3404 1099 3472 gloriae
1141 3406 1433 3475 proprium.
1481 3407 1619 3460 Audi
1653 3409 1962 3479 pr0phetam
2000 3414 2107 3468 Da-

532 3494 702 3547 videm
753 3514 767 3549 :
814 3494 1201 3566 Confundantur
1242 3507 1287 3549 et
1338 3499 1695 3553 conturbentur
1758 3502 1810 3554 in
1869 3505 2107 3558 sa'culum

530 3586 699 3639 steculi
714 3603 731 3649 ;
746 3596 792 3637 et
813 3598 1148 3652 revereantur,
1165 3597 1210 3639 et
1226 3598 1446 3657 pereant.
1474 3588 1537 3642 Et
1558 3602 1878 3658 cognoscant,
1892 3595 2009 3663 quia
2024 3612 2108 3649 no-

531 3694 641 3730 men
659 3679 746 3730 tibi
775 3676 1020 3732 Dominus
1047 3676 1216 3749 (Psal.
1238 3679 1327 3734 8'2.
1353 3679 1571 3748 18.19).
1600 3681 1747 3737 Solet
1772 3684 2107 3743 adversarius

529 3771 707 3825 dicere
737 3770 804 3825 de
836 3771 1120 3825 Servatore
1149 3771 1325 3827 Verbo
1349 3790 1361 3827 :
1387 3773 1587 3828 Nomen
1608 3774 1803 3830 Christi
1827 3777 2106 3845 Dominus,

528 3880 720 3919 nomen
748 3863 920 3918 Patris
944 3865 1103 3919 Deus.
1132 3865 1336 3919 Rursus
1369 3867 1729 3923 definitionem
1756 3885 1961 3937 eorum,
1986 3888 2106 3942 qua:

527 3956 794 4024 proposita
820 3969 963 4023 sunt,
997 3960 1222 4024 postulo.
1246 3959 1623 4014 [hereticorum
1647 3964 1820 4018 verbis
1842 3964 2107 4021 inhaeres?

529 4062 874 4114 permanesne
905 4048 957 4101 in
987 4048 1376 4104 conditionibus
1426 4054 1749 4120 propositis?
1791 4054 2102 4113 Inconstan-

527 4136 650 4189 tiam
664 4136 804 4190 enim
826 4145 964 4191 tuam
988 4149 1185 4194 metuo.
1199 4140 1420 4205 Quando
1437 4143 1733 4198 confutatus
1750 4161 1808 4199 es
1823 4163 1887 4200 ex
1910 4148 2007 4204 hac
2020 4151 2104 4205 de-

526 4236 816 4282 monstrata
852 4230 1092 4295 veritate,
1115 4231 1180 4285 ad
1208 4232 1349 4287 aliud
1378 4246 1732 4290 commentum
1753 4238 1991 4310 confugis
2014 4284 2027 4304 ,
2057 4244 2100 4298 si

528 4320 632 4374 illic
647 4321 996 4385 convincaris,
1012 4321 1245 4377 declinas
1261 4324 1325 4378 ad
1342 4326 1480 4380 aliud
1509 4329 1860 4397 improbitatis
1877 4332 2102 4388 clemen-

528 4419 660 4475 tum,
697 4425 816 4465 cum
853 4423 1125 4483 oporteret
1158 4415 1522 4485 splendentem
1547 4421 2102 4479 etilluminantemve-

527 4502 732 4555 ritatem
765 4519 869 4557 non
900 4505 1161 4575 ell'ugere:
1183 4524 1285 4561 non
1317 4508 1458 4578 fugat
1482 4510 1624 4565 enim
1659 4528 1778 4567 cum
1824 4515 2053 4572 illustrat
2081 4535 2095 4575 :

523 4608 728 4658 verum,
756 4593 908 4664 Fugit
938 4597 1119 4667 impius
1137 4598 1328 4652 neruine
1354 4612 1671 4672 persequente
1694 4602 1871 4674 (Prov.
1905 4605 1993 4662 28.
2018 4605 2094 4676 1).

593 4684 645 4737 8.
671 4683 917 4739 Divinitas
948 4686 1142 4741 Christo
1170 4690 1472 4747 vindicatur.
1501 4691 1948 4750 Pneumatomachi
1977 4703 2097 4751 red-

522 4785 824 4847 arguuntur.
848 4806 919 4816 —-
942 4777 1048 4832 Nos
1078 4788 1252 4834 autem
1275 4781 1339 4835 ad
1368 4786 1694 4853 propositum
1744 4800 2094 4845 revertamur.

522 4866 856 4939 Cognoscant,
898 4869 1015 4938 quia
1043 4887 1222 4924 nomen
1246 4874 1332 4925 tibi
1363 4872 1626 4929 Dominus.
1656 4876 1713 4930 Si
1741 4876 1950 4932 Patrem
1979 4895 2094 4933 me-

523 4971 713 5028 moret,
737 4962 882 5017 disce
913 4978 1102 5018 nomen
1143 4964 1316 5019 Patris
1340 4982 1457 5022 esse
1483 4969 1632 5036 illud,
1665 4968 1931 5025 Dominus.
1957 4972 2022 5026 Et
2048 4974 2093 5026 si

520 5054 691 5109 Patris
714 5070 907 5108 nomen
939 5063 1021 5108 est
1042 5056 1312 5123 Dominus,
1343 5059 1415 5111 ait
1439 5060 1648 5124 Paulus,
1676 5060 1820 5116 Unus
1845 5061 2094 5118 Dominus

517 5145 667 5200 Jesus
708 5144 956 5201 Christus.
996 5146 1100 5202 Sed
1129 5146 1385 5203 Dominus
1415 5150 1589 5218 Pater,
1626 5153 1878 5208 Dominus
1907 5155 2090 5212 Filius.

524 5238 660 5309 Ergo
682 5248 740 5293 ut
766 5253 987 5293 consors
1010 5248 1091 5293 est
1116 5240 1367 5305 nominis,
1386 5257 1606 5298 consors
1626 5253 1704 5299 est
1725 5254 1779 5299 et
1802 5245 2089 5316 dignitatis.

526 5330 714 5385 Verum
743 5330 957 5385 Judanus
987 5332 1167 5385 abnuit
1207 5333 1466 5399 confiteri,
1518 5335 1567 5390 id
1614 5338 1681 5392 de
1710 5338 1865 5394 Patre
1894 5340 2090 5397 dictum

519 5419 713 5486 fuisse,
761 5430 820 5475 ut
857 5420 1020 5486 illud,
1054 5420 1339 5489 Dominus,
1388 5424 1521 5478 Filio
1564 5426 1891 5495 adscribens,
1937 5431 2084 5497 illud,

523 5512 687 5575 Deus,
729 5511 869 5567 Patri
898 5521 1115 5568 servet:
1142 5513 1503 5571 definitionem
1543 5519 1731 5585 probo,
1761 5521 2090 5578 conditiones

515 5602 737 5672 accipio.
766 5600 878 5657 Non
908 5602 1175 5675 distinguo
1205 5607 1474 5664 nominum
1503 5608 1788 5665 adorandae
1814 5610 2089 5669 Trinitatis

515 5690 845 5760 dignitatem.
878 5703 937 5747 ut
966 5709 1109 5766 saepe
1138 5696 1266 5763 dixi,
1305 5699 1427 5768 quia
1458 5699 1697 5757 Ecclesia
1727 5700 2087 5761 indistinctam

517 5782 677 5840 habet
702 5781 921 5853 gloriam
947 5802 965 5841 :
995 5786 1089 5844 sed
1129 5788 1195 5845 ad
1225 5790 1492 5850 miseriam
1524 5800 1666 5850 tuam
1710 5811 1797 5852 me
1826 5795 2047 5853 demitto
2066 5838 2085 5866 ,

1972 355 2338 411 SEVERIANI

3707 376 3816 430 5l2

2238 488 2300 527 ac
2321 475 2462 543 dico,
2496 476 2657 530 Detur
2682 476 2802 542 hoc,
2830 476 3163 548 Cognosctsnt,
3186 483 3301 549 quia
3324 500 3501 538 nomen
3525 484 3609 539 tibi
3635 486 3811 542 Doms-

2238 582 2369 629 nus;
2396 567 2524 637 qnid
2563 568 2722 637 igitur
2751 568 2843 623 fiat
2869 568 2935 623 de
2966 570 3052 623 illo
3079 572 3239 627 verbo
3266 575 3404 643 quod
3437 578 3694 646 sequitur,
3730 578 3809 633 Tu

2232 658 2369 711 solus
2400 658 2684 713 Altissimus
2710 677 2858 729 super
2883 678 3078 715 onmem
3104 673 3285 717 terram
3307 667 3333 719 ἒ)
3361 667 3496 737 Ergo
3518 670 3808 727 secundum

2234 746 2557 815 impietatem
2599 749 2997 820 doctrinamque
3027 762 3205 821 tuam,
3246 771 3351 811 non
3399 760 3625 829 amplius
3654 762 3807 819 Pater

2232 838 2333 890 erit
2362 837 2690 905 Altissimus,
2720 841 2841 909 quia
2865 841 3008 896 solus
3034 843 3201 901 Filius
3227 856 3308 900 est
3338 849 3659 905 Altissimus.
3685 853 3802 921 llic,

2231 927 2419 982 fratres
2443 971 2456 993 ,
2488 946 2591 985 non
2623 930 2814 987 fluctus
2852 936 3013 989 maris
3046 947 3206 1004 sunt,
3242 949 3297 993 ut
3322 943 3439 1011 quis
3467 946 3799 1015 praefocetur,

2228 1019 2322 1073 sed
2364 1022 2599 1077 caritatis
2647 1024 2837 1080 ﬂuctus
2879 1028 2970 1097 qui
3015 1031 3364 1096 sanctiﬁcent.
3398 1037 3643 1093 Attamen
3680 1056 3796 1096 cum

2226 1110 2466 1167 Christus
2505 1113 2749 1183 loquatur
2788 1128 2841 1173 et
2886 1122 3221 1191 praedicetur,
3261 1129 3497 1197 quietem
3528 1144 3647 1203 agat
3687 1134 3799 1193 haec

2225 1203 2467 1272 religiosa
2512 1208 2773 1264 navicula.
2817 1212 3118 1269 Absurdum
3162 1220 3301 1271 enim
3330 1232 3413 1274 est
3440 1239 3586 1278 mare
3629 1227 3799 1296 ipsum

2224 1296 2440 1363 vestigia
2475 1297 2680 1353 Domini
2716 1304 3095 1372 conspicatum,
3126 1306 3237 1363 haec
3264 1311 3504 1379 audiens,
3534 1314 3681 1382 Tace,
3712 1319 3796 1373 ob-

2224 1394 2439 1438 mutesce
2462 1387 2651 1457 (Marc.
2684 1392 2740 1445 4.
2782 1392 2873 1462 ’59)
2894 1434 2909 1459 ,
2943 1399 3307 1453 auctoritatem
3335 1406 3614 1460 reveritum
3642 1425 3793 1477 esse,

2223 1474 2519 1532 Ecclesium
2546 1496 2670 1535 vero
2711 1500 2815 1539 non
2843 1487 3210 1559 obtemperare
3239 1494 3462 1550 Domino
3492 1501 3649 1556 verba
3675 1504 3795 1560 vita:

2224 1565 2479 1636 loquenti,
2509 1587 2571 1627 ac
2600 1573 2830 1629 divinam
2857 1594 2984 1633 vere
3016 1583 3237 1650 gratiam
3272 1586 3323 1641 in
3354 1587 3507 1643 labiis
3536 1590 3746 1649 habenti
3776 1614 3788 1649 :

2221 1673 2341 1751 nam
2372 1658 2571 1726 Di/fusa
2607 1675 2677 1716 est
2701 1667 2866 1737 gratia
2892 1670 2944 1723 in
2967 1671 3109 1726 labiis
3133 1678 3229 1727 tuis
3255 1676 3423 1746 (Psal.
3450 1682 3542 1735 44.
3573 1684 3650 1751 5).
3689 1685 3793 1740 Sed

2219 1747 2283 1801 ad
2308 1753 2631 1819 propositum
2658 1756 2961 1814 redeamus.
2994 1761 3327 1833 Cognoscant,
3354 1770 3471 1838 quia
3495 1747 3671 1827 nomen
3705 1776 3795 1831 tibi

2220 1843 2487 1901 Dominus.
2519 1848 2704 1904 Utrum
2736 1854 2817 1907 vis
2838 1853 2995 1924 elige,
3027 1872 3132 1913 non
3153 1861 3299 1929 quasi
3329 1864 3490 1919 resin
3524 1874 3609 1920 tua
3641 1879 3792 1936 pote-

2219 1944 2355 1990 state
2379 1938 2447 1991 sit
2476 1940 2643 2007 posita
2679 1960 2691 1994 :
2725 1958 2895 2013 neque
2922 1947 3063 1999 enim
3091 1963 3211 2003 cum
3248 1950 3403 2007 Jesus
3432 1954 3575 2010 Nave
3602 1958 3666 2010 ad
3696 1974 3792 2026 po-

2220 2030 2396 2097 pulum
2420 2030 2652 2087 diceret:
2678 2033 2865 2106 Eligite
2890 2038 3024 2092 vobis
3049 2040 3198 2094 hodie
3216 2048 3301 2097 cui
3324 2046 3568 2114 sentiatis,
3589 2065 3653 2101 an
3672 2051 3791 2117 diis,

2216 2138 2339 2189 quos
2358 2123 2617 2178 coluerunt
2634 2137 2801 2194 patres
2820 2130 2988 2196 vestri,
3015 2148 3080 2184 an
3095 2131 3313 2187 Domino
3336 2135 3440 2190 Deo
3461 2148 3629 2192 nostra
3651 2141 3704 2210 (Ι
3711 2158 3791 2197 os.

2216 2214 2305 2267 24.
2332 2215 2440 2285 15),
2465 2216 2585 2270 ideo
2614 2227 2930 2286 potestatem
2954 2223 3178 2293 eligendi
3202 2226 3505 2303 hominibus
3531 2232 3792 2287 concede-

2216 2304 2324 2371 bat,
2358 2306 2451 2359 sed
2474 2317 2531 2360 ut
2554 2311 2879 2376 ostenderet,
2911 2314 3160 2382 pietatem
3188 2318 3336 2386 sequi
3363 2319 3646 2377 arbitrium
3665 2322 3791 2376 dili-

2215 2398 2451 2465 gentium
2481 2397 2667 2455 Deum.
2692 2400 2823 2457 item
2850 2405 2971 2458 alibi
2995 2421 3015 2460 1
3050 2404 3152 2461 Vos
3179 2417 3322 2463 testes
3347 2413 3469 2465 estis
3481 2424 3655 2469 contra
3678 2431 3789 2483 vos,

2214 2491 2347 2554 quod
2375 2504 2459 2542 vos
2491 2489 2759 2544 Dominum
2794 2495 3058 2565 elegeritis,
3093 2499 3161 2551 ad
3185 2502 3495 2557 serviendum
3519 2506 3595 2560 illi
3624 2505 3788 2577 (Ibid.

2214 2593 2261 2629 υ.
2289 2577 2400 2647 22).
2443 2580 2894 2651 Quemadmodum
2925 2588 3067 2642 enim
3092 2590 3161 2644 ibi
3188 2594 3333 2661 optio
3360 2594 3447 2650 Dei
3478 2597 3791 2667 dignitatem

2214 2682 2318 2721 non
2347 2673 2664 2726 contumelia
2690 2674 2887 2742 affecit,
2915 2679 3009 2733 sed
3038 2680 3260 2738 liberum
3280 2686 3552 2745 arbitrium
3578 2691 3790 2761 piorum

2214 2760 2482 2814 ostendit:
2517 2764 2593 2817 sic
2620 2765 2776 2818 etiam
2806 2783 2964 2835 nunc,
3000 2771 3044 2824 si
3068 2772 3235 2829 libero
3270 2776 3492 2833 arbitrio
3515 2760 3789 2849 optionem

2212 2849 2411 2921 dedero
2430 2894 2444 2916 ,
2476 2869 2578 2908 non
2604 2857 2910 2925 dignitatem
2939 2867 3260 2921 contumelia
3298 2870 3494 2938 afficio,
3518 2874 3611 2930 sed
3635 2878 3786 2933 alibi.-

2214 2941 2372 2997 trium
2400 2944 2638 3013 exploro.
2682 2948 2810 3003 lllud
2832 2992 2845 3013 ,
2876 2950 3190 3024 Cognoscant
3216 2962 3336 3030 quia
3362 2979 3541 3019 nomen
3563 2967 3650 3021 tibi
3675 2968 3789 3025 Do-

2211 3034 2396 3098 minus,
2419 3033 2484 3088 de
2510 3034 2757 3106 Patrene,
2787 3056 2853 3095 an
2879 3043 2946 3098 de
2972 3044 3105 3100 Filio
3129 3047 3326 3105 dictum
3352 3053 3469 3107 est?
3495 3054 3625 3111 Nam
3647 3060 3786 3116 side

2211 3121 2389 3185 Patre,
2415 3125 2527 3180 etsi
2550 3142 2740 3183 nomen
2772 3131 2945 3187 Patris
2970 3136 3042 3191 sit
3066 3136 3342 3209 Dominus,
3361 3158 3554 3201 nomen
3576 3164 3789 3222 quoque

2210 3214 2329 3271 Filii
2372 3218 2624 3275 Dominus
2652 3239 2666 3277 :
2714 3222 2857 3279 Unus
2883 3228 3022 3282 enim
3062 3229 3310 3289 Dominus
3344 3234 3494 3292 Iesus
3522 3214 3785 3311 Christus,

2212 3318 2300 3374 per
2326 3325 2469 3378 quem
2507 3314 2674 3366 omnia
2707 3314 2781 3386 (1.
2809 3315 2925 3371 Cor.
2957 3320 3010 3374 8.
3042 3321 3095 3392 6)
3133 3339 3147 3385 ;
3175 3338 3301 3393 ergo
3337 3330 3785 3397 quemadmodum

2209 3397 2460 3468 dignitas,
2491 3402 2560 3455 ita
2585 3414 2636 3458 et
2668 3421 2858 3461 nomen
2881 3424 3163 3467 commune
3189 3422 3291 3469 est.
3324 3416 3517 3474 Verum
3548 3421 3665 3476 Filii
3690 3439 3791 3477 no-

2208 3506 2330 3547 men
2370 3493 2623 3551 Dominus
2659 3508 2742 3552 est
2782 3516 2795 3554 :
2842 3517 2968 3571 ergo
3012 3504 3158 3559 solus
3187 3506 3353 3563 Filius
3378 3520 3460 3564 est
3484 3511 3781 3570 Dominus:

2210 3599 2331 3638 nam
2370 3585 2448 3640 Tu
2477 3588 2614 3643 solus
2652 3589 2938 3646 Altissimus
2976 3612 3128 3664 super
3162 3614 3358 3653 onmem
3401 3612 3607 3658 terram.
3644 3604 3786 3676 Ergo

2208 3688 2327 3728 cum
2360 3692 2495 3732 unus
2526 3689 2579 3731 et
2604 3680 2752 3735 solus
2792 3681 3045 3738 Dominus
3074 3687 3144 3741 sit
3184 3687 3370 3758 Filius,
3399 3690 3554 3749 Pater
3578 3694 3785 3751 alienus

2208 3782 2238 3820 a
2267 3767 2631 3825 dominatione
2660 3773 2777 3827 est?
2803 3775 2975 3831 Absit.
3003 3776 3183 3848 Neque
3208 3782 3348 3838 enim
3374 3799 3493 3837 cum
3522 3783 3677 3843 Pater
3695 3800 3785 3842 so-

2208 3858 2290 3912 lus
2325 3860 2640 3928 praedicatur
2672 3862 2840 3932 Deus,
2886 3866 3005 3922 ideo
3033 3869 3200 3924 Filius
3227 3886 3257 3926 a
3286 3872 3567 3931 divinitate
3601 3877 3780 3946 priva-

2209 3960 2330 4005 tur:
2362 3969 2482 4008 nam
2542 3953 2610 4010 In
2637 3958 2884 4027 principio
2917 3972 3023 4014 erat
3061 3961 3306 4029 Verbum,
3348 3976 3393 4023 et
3442 3966 3653 4023 Verbum
3676 3978 3785 4024 erat

2207 4045 2344 4113 apud
2390 4044 2571 4110 Deum,
2602 4058 2647 4100 et
2684 4046 2818 4103 Deus
2848 4061 2961 4129 erat
2998 4051 3214 4107 Verbum
3250 4054 3425 4123 (Joan.
3450 4058 3499 4111 1.
3534 4058 3609 4129 1).
3640 4058 3781 4129 Ergo

2208 4154 2378 4208 neque
2406 4139 2524 4203 hoc,
2554 4139 2695 4195 Deus
2725 4126 2899 4210 Pater,
2931 4145 3126 4201 Filium
3150 4148 3379 4203 excludit
3410 4166 3437 4202 a
3466 4126 3735 4206 divinitate
3760 4168 3778 4206 :

2208 4246 2328 4284 nam
2363 4230 2495 4286 Deus
2538 4242 2643 4286 erat
2689 4232 2946 4299 Verbum;
2989 4253 3162 4307 neque
3206 4255 3324 4294 cum
3364 4241 3526 4297 Filius
3564 4242 3787 4311 dicitur,

2208 4320 2255 4378 Π
2260 4340 2352 4377 nus
2375 4322 2619 4379 Dominus
2634 4367 2649 4391 ,
2678 4326 2880 4383 alienus
2904 4330 3203 4387 ostenditur
3228 4332 3386 4388 Pater
3405 4350 3433 4391 a
3453 4335 3777 4391 dominatio-

2205 4429 2308 4467 ne:
2341 4430 2461 4468 nam
2492 4415 2637 4469 Dixit
2661 4417 2905 4473 Dominus
2935 4420 3151 4476 Domino
3181 4440 3311 4491 meo,
3343 4424 3477 4481 Sede
3514 4444 3546 4479 a
3587 4427 3780 4482 dextris

2203 4507 2325 4560 meis
2349 4508 2369 4577 (
2391 4506 2536 4560 Psal.
2566 4507 2687 4563 109.
2733 4510 2819 4582 1).
2862 4511 3117 4569 Dominus
3142 4531 3269 4585 ergo
3296 4518 3473 4584 Pater,
3523 4521 3781 4578 Dominus

2202 4600 2387 4668 Filius,
2418 4602 2671 4657 Dominus
2700 4604 2925 4672 Spiritus
2945 4615 3159 4660 sanctus
3186 4623 3199 4660 :
3227 4607 3472 4664 Dominus
3496 4612 3628 4667 enim
3647 4610 3769 4681 Spi-

2202 4694 2328 4747 ritus
2359 4704 2429 4749 est
2465 4694 2560 4764 (2.
2591 4694 2707 4749 Cor.
2743 4696 2797 4749 5.
2826 4697 2949 4765 17).
2980 4697 3086 4753 Sed
3118 4715 3327 4755 rursum
3367 4700 3647 4760 haereticus
3683 4722 3776 4760 cx-

2200 4798 2477 4859 asperatur
2493 4789 2876 4858 excitaturque,
2896 4805 2959 4845 ac
2982 4792 3260 4847 Dominum
3280 4793 3775 4866 audiensSpiritum

2200 4892 2464 4948 sanctum,
2497 4872 2861 4951 disrumpiiur.
2891 4884 3189 4950 Quomodo,
3222 4886 3411 4957 inquit,
3441 4887 3671 4956 Spiritus
3686 4898 3773 4945 est

2203 4972 2458 5027 Dominus
2482 5013 2499 5037 .
2526 4974 2614 5041 qui
2643 4988 2735 5042 per
2764 4975 3075 5044 pr0pltetam
3115 4977 3368 5033 Davidem
3399 4979 3651 5049 loquens,
3685 4979 3774 5035 Fi-

2198 5062 2324 5117 lium
2354 5063 2590 5119 celebrat
2618 5063 2699 5119 his
2723 5064 2917 5131 verbis,
2950 5065 3093 5122 Dixit
3123 5066 3372 5123 Dominus
3389 5068 3609 5125 Domino
3627 5072 3775 5126 meo?

2200 5152 2404 5218 Videu‘,
2440 5153 2630 5224 inquit,
2662 5155 2917 5226 Spiritum
2946 5166 3187 5212 sanctmm
3217 5175 3317 5230 per
3348 5162 3661 5232 prophetam
3689 5163 3771 5218 lo—

2198 5259 2445 5318 quentem
2488 5249 2769 5303 Dominum
2806 5250 3046 5305 confiteri
3076 5267 3230 5307 suum
3261 5263 3315 5310 et
3338 5255 3548 5310 Patrem
3580 5266 3636 5313 et
3676 5256 3770 5312 Fi-

2197 5339 2323 5393 lium
2351 5339 2374 5392 ?
2418 5339 2552 5408 Quid
2582 5340 2758 5411 igitur,
2780 5341 2969 5396 fratres
2998 5341 3023 5394 ’ἒ
3055 5342 3132 5398 Ne
3157 5346 3607 5415 propositadictio
3629 5347 3769 5419 apud

2196 5430 2465 5487 auditores
2490 5432 2543 5486 in
2570 5432 2729 5487 dubio
2767 5444 3006 5489 versetur
3036 5477 3052 5503 ,
3086 5435 3137 5491 in
3183 5436 3351 5508 ipsam
3394 5441 3541 5497 vocis
3568 5441 3768 5513 disqui-

2195 5522 2441 5577 sitionem
2480 5522 2713 5589 veniam,
2736 5531 2903 5577 totum
2950 5524 3100 5581 vobis
3140 5525 3391 5586 dictionis
3417 5546 3633 5588 sensum
3672 5548 3767 5588 ex-

2194 5613 2422 5684 plicabo.

2266 5702 2317 5758 9.
2351 5702 2601 5761 Servator
2647 5703 2950 5774 aliquando,
3002 5721 3123 5762 cum
3179 5708 3234 5763 in
3284 5708 3589 5767 Iudaeorum
3635 5728 3762 5783 syni-

2195 5811 2356 5870 agoga
2427 5797 2717 5868 disputaret
2760 5798 3162 5872 exploraretque
3206 5817 3364 5872 quam
3415 5802 3488 5859 de
3538 5819 3599 5863 se
3642 5805 3762 5877 opis
