4118 6310
315 338 414 396 ειι
1518 340 1605 396 DE
1644 339 2009 395 SERPENTE
2048 337 2354 395 HOMIIJA.

314 455 377 506 τὸ
410 452 563 521 ἅγιον
592 449 653 504 τὸ
683 450 901 523 είρηκὸς
921 451 1000 523 τῷ
1026 451 1244 523 Ἡσαΐᾳ*
1275 454 1592 521 Πορευθείς
1620 454 1793 507 ειπὸν
1811 451 1892 518 τῷ

314 536 442 602 ,1αῷ
464 535 672 602 τούτῳ,
716 535 887 603 Ἀκοῇ
918 536 1243 605 ἀκούσητε,
1273 538 1373 590 καὶ
1420 539 1492 591 οὐ
1521 539 1605 606 μὴ
1639 536 1889 604 συνῆτε,

315 621 413 675 καὶ
448 619 788 685 βλέποντες
811 619 1107 688 βλέψητε,
1137 620 1237 673 καὶ
1271 622 1344 674 οὐ
1371 620 1457 689 μὴ
1494 621 1677 688 ἴδητε,
1704 622 1797 674 καὶ
1824 620 1894 673 τὰ

313 704 459 775 ἑξῆς.
490 698 621 765 Καὶ,
656 705 923 757 Ἤκουσα
946 705 1055 775 γὰρ
1083 703 1289 772 φωνῆς
1330 706 1551 773 Κυρίου
1578 706 1888 775 λέγοντος·

314 787 631 855 Πορευθεὶς
661 788 834 840 εἰπὸν
858 787 939 852 τῷ
969 787 1096 852 λαῷ
1124 788 1330 852 τούτῳ.
1368 788 1572 857 Κύριος
1614 792 1642 842 6
1680 788 1891 859 Πατὴρ,

314 871 521 943 Κύριος
568 871 596 923 6
634 870 792 932 Υἱός
825 866 973 923 Εἷπε
1013 870 1121 942 γὰρ
1154 873 1368 940 Κύριος
1405 871 1487 937 τῷ
1522 873 1716 941 Κυρίῳ
1748 887 1891 941 μου’

312 955 513 1010 Κάθου
542 956 610 1008 ἐκ
639 953 854 1018 δεξιῶν
879 972 1018 1022 μου.
1054 954 1258 1025 Κύριον
1287 957 1347 1009 τὺ
1371 956 1596 1027 Πνεῦμα
1615 957 1675 1009 τὸ
1704 955 1888 1025 ἅγιον·

326 1039 381 1091 '0
398 1038 506 1109 γὰρ
525 1040 739 1106 Κύριος
756 1037 820 1090 τὸ
832 1038 1071 1107 Πνεῦμὰ
1085 1040 1258 1093 ἐστιν
1276 1056 1291 1069 ’
1304 1040 1456 1094 ὅπου
1476 1041 1544 1093 δὲ
1570 1040 1633 1093 τὸ
1650 1040 1893 1109 Πνεῦμα

313 1119 466 1192 [524]
492 1122 735 1188 Κυρίου,
780 1120 907 1174 ἐκεῖ
938 1123 1265 1191 ἐλευθερία.
1303 1126 1393 1194 Μή
1424 1141 1507 1188 τις
1546 1124 1760 1196 νομίζῃ,
1808 1126 1889 1177 ὅτι

315 1208 498 1277 μεῖζόν
531 1208 678 1260 ἐστιν
713 1207 883 1278 ὄνομα
914 1207 974 1260 τὸ
1002 1208 1217 1278 πρῶτος
1250 1221 1307 1273 α,
1350 1208 1513 1275 Θεὸς,
1540 1209 1792 1281 δεύτερον
1833 1208 1891 1261 δὲ

314 1291 483 1361 ϐνομα
499 1291 579 1355 τὸ,
609 1292 837 1360 Κύριος.
871 1292 993 1345 Ἐπὶ
1018 1292 1126 1363 γὰρ
1148 1293 1246 1363 τῆς
1270 1292 1538 1346 ἀθανάτου
1564 1294 1775 1363 φύσεως
1800 1295 1892 1346 καὶ

313 1375 529 1442 Κύριος
555 1374 648 1427 καὶ
690 1374 852 1441 Θεὸς,
885 1376 987 1429 κᾶν
1028 1377 1102 1447 μὴ
1136 1376 1233 1448 τὴν
1272 1378 1442 1449 αὐτὴν
1470 1377 1697 1448 δύναμιν
1726 1378 1824 1451 ἔχῃ
1856 1380 1886 1447 ἡ

312 1455 476 1524 λέξις,
530 1457 667 1511 ἀλλά
712 1459 812 1528 τὴν
860 1459 1029 1529 αὐτὴν
1062 1460 1218 1525 ἀξίαν
1253 1462 1531 1533 κηρύττει.
1565 1464 1629 1516 Τί
1676 1464 1821 1535 γάρς
1862 1466 1891 1517 6

312 1542 444 1605 Θεὸς
472 1541 642 1613 ὄνομα
686 1541 933 1613 πρῶτον;
968 1546 1013 1596 εί
1048 1544 1300 1615 δεύτερον
1331 1546 1387 1598 δὲ
1420 1549 1499 1611 τὸ,
1529 1548 1763 1613 Κύριος,
1790 1548 1891 1599 οὐκ

312 1626 378 1678 ἂν
406 1625 484 1695 τῷ
514 1626 749 1696 δευτέρῳ
778 1626 852 1689 ὡς
892 1626 1092 1698 πρώτῳ
1120 1630 1148 1681 6
1197 1631 1438 1701 Μωῦσῆς
1480 1632 1770 1702 ἐχρήσατο,
1801 1631 1892 1684 λέ-

311 1724 443 1776 γων·
479 1710 694 1776 Κύριος
728 1712 761 1762 ό
791 1711 935 1775 Θεός
968 1725 1108 1777 σου,
1143 1712 1352 1779 Κύριος
1382 1708 1469 1778 εἷς
1487 1714 1691 1767 ἐστιν·
1725 1716 1890 1785 ἐχρῆν

310 1791 440 1862 γὰρ,
469 1793 519 1843 εί
560 1793 688 1862 ἄρα,
739 1791 834 1845 τοῦ
872 1793 1089 1863 πρώτου
1121 1795 1334 1865 πρῶτον
1386 1796 1788 1867 ἐπιμνησθέντα
1816 1799 1893 1850 εί-

311 1878 455 1928 πεῖνο
484 1876 544 1928 '0
576 1876 708 1939 Θεός
741 1893 835 1929 σου
869 1877 1075 1946 Κύριος
1099 1873 1182 1941 εἷς
1215 1880 1353 1933 ἐστι·
1394 1881 1508 1935 ἀλλ’
1536 1882 1622 1934 ἵνα
1647 1881 1798 1954 δείξῃ
1830 1881 1891 1935 τὸ

310 1960 603 2031 ἀδιάφορον
630 1960 737 2015 τῶν
769 1961 1070 2031 ὀνομάτων,
1104 1965 1319 2031 Κύριος
1348 1961 1468 2019 εἷπε
1507 1966 1745 2038 πρῶτον,
1773 1962 1890 2019 εἷτα

312 2045 477 2110 Θεός.
521 2044 658 2098 Ἀλλ’
693 2046 775 2109 εἰς
805 2045 864 2098 τὸ
893 2047 1253 2116 προκείμενον
1281 2049 1683 2120 ἐπανέλθωμεν.
1730 2051 1791 2103 '0
1823 2050 1892 2103 δὲ

312 2130 525 2195 Κύριος
550 2128 619 2182 τὸ
653 2129 895 2197 Πνεῦμά
922 2130 1073 2183 ἐστι.
1110 2131 1312 2202 Κύριος
1342 2135 1520 2187 τοίνυν
1552 2136 1580 2188 6
1618 2134 1829 2205 Πατὴρ,
1861 2135 1892 2187 6

312 2211 441 2275 Υἱὸς
487 2211 710 2282 Κύριος,
749 2212 952 2284 Κύριος
996 2214 1057 2266 τὸ
1099 2215 1322 2285 Πνεῦμα
1359 2217 1421 2269 τὸ
1468 2217 1643 2285 ἅγιον.
1688 2218 1826 2270 Ἀλλ’
1860 2217 1889 2270 6

311 2295 523 2361 Παῦλος
545 2296 712 2366 λέγει,
745 2292 849 2361 Εἷς
870 2299 1102 2366 Κύριος.
1137 2297 1245 2371 [Εἰ]
1276 2296 1355 2364 εἷς
1382 2301 1604 2372 Κύριος,
1630 2303 1749 2366 πῶς
1777 2304 1892 2357 Κύ-

313 2397 425 2451 ριος
447 2382 540 2435 καὶ
575 2381 805 2453 Κύριος;
838 2382 1088 2453 Δηλονότι
1117 2385 1215 2454 μία
1242 2387 1273 2455 ή
1304 2387 1581 2458 κυριότης.
1615 2388 1771 2441 Οὕτω
1798 2389 1892 2443 καὶ

309 2460 390 2528 εἷς
423 2465 574 2530 Θεὸς,
611 2467 773 2536 φησὶν
796 2469 823 2518 6
848 2467 1056 2532 Παῦλος
1075 2485 1088 2498 ·
1130 2470 1299 2538 Ἡμῖν
1325 2470 1392 2524 δε
1417 2469 1505 2537 εἷς
1533 2473 1677 2538 Θεὸς
1715 2476 1748 2527 ὀ
1772 2477 1891 2526 Πα-

306 2548 440 2617 τὴρ,
480 2549 550 2613 ἐξ
607 2544 679 2605 οὗ
724 2550 796 2603 τὰ
845 2551 1060 2616 πάντα,
1113 2554 1213 2607 καὶ
1250 2549 1335 2621 εἷς
1397 2557 1613 2623 Κύριος
1653 2558 1891 2625 Ἰησοῦς

308 2634 582 2700 Χριστὸς,
623 2634 697 2688 δι’
721 2630 793 2690 οὗ
826 2636 898 2690 τὰ
919 2636 1135 2691 πάντα.
1176 2641 1317 2710 ’Ἄρα
1343 2636 1453 2703 οὖν,
1490 2642 1642 2710 φησὶ,
1677 2642 1766 2694 τὸν
1792 2642 1891 2712 μὲν

308 2716 528 2788 Πατέρα
554 2719 687 2771 Θεὸν
717 2715 857 2783 εἷπε,
893 2722 984 2774 τὸν
1012 2722 1069 2774 δὲ
1103 2721 1229 2775 Υίὸν
1264 2723 1485 2793 Κύριον.
1525 2725 1751 2796 Ἴδωμεν
1774 2724 1887 2792 οὖν,

310 2801 523 2871 ἴδωμεν,
566 2802 803 2873 ἀδελφοὶ.
842 2804 1057 2875 ἴδωμεν,
1091 2807 1413 2877 παρακαλῶ,
1441 2810 1487 2861 εἰ
1538 2809 1617 2872 τὸ,
1653 2811 1886 2878 Κύριος,

305 2883 559 2956 δεύτερον
586 2886 758 2957 ὄνομά
796 2889 910 2942 ἐστι
955 2890 1055 2959 τῆς
1088 2889 1273 2960 θεῖκῆς
1300 2891 1477 2955 ἀξίας,
1506 2894 1600 2946 καὶ
1635 2895 1734 2947 οὒκ
1759 2895 1891 2965 ἀλη-

309 2968 421 3032 θῶς
449 2970 542 3022 καὶ¹
572 2971 787 3041 πρῶτον
810 2972 903 3026 καὶ
923 2974 1160 3044 ἁρμόζον
1183 2976 1319 3037 ἐστὶ,
1348 2978 1441 3030 καὶ
1471 2979 1573 3031 ὑπὸ
1603 2980 1703 3049 τῆς
1730 2980 1889 3047 ἁγίας

307 3051 530 3123 Γραφῆς
568 3058 1077 3127 μεμαρτυρημένον.
1124 3059 1439 3129 Ἀναγκαῖον
1467 3062 1572 3132 γὰρ
1598 3062 1765 3126 ὅντως
1794 3064 1889 3116 καὶ

305 3138 458 3207 ﬁgi;
486 3140 660 3191 εἰπεῖν
702 3140 837 3210 μετά
876 3142 1128 3212 σπουδῆς,
1180 3145 1270 3197 καὶ
1317 3145 1461 3215 ὑμᾶς
1491 3146 1720 3200 ἀκοῦσαι
1753 3147 1889 3219 μετά

307 3221 638 3303 προθυμίας,
668 3226 760 3278 καὶ
786 3226 1028 3290 ἐκείνους
1062 3228 1412 3301 παιδευθῆναι
1439 3230 1580 3301 μετά
1611 3232 1885 3303 ἀληθείας.

307 3305 406 3368 Τίς
428 3302 519 3359 οῦν
543 3308 673 3378 ἡμῖν
702 3312 1039 3383 μαρτυρήσει
1063 3311 1238 3381 λόγος,
1263 3314 1342 3366 ὅτι
1364 3315 1443 3377 τὸ,
1466 3302 1705 3383 Κύριος,
1722 3317 1891 3387 ὄνομα

309 3389 403 3442 καὶ
428 3391 641 3461 πρῶτόν
672 3394 806 3451 ἐστι.
836 3396 1050 3465 καὶτῆς
1074 3396 1525 3467 μεγαλοπρεποῦς
1553 3398 1709 3469 δόξης
1736 3400 1886 3463 ἴδιονς

312 3474 509 3529 Ἀκουε
545 3476 638 3528 τοῦ
677 3480 956 3549 προφήτου
1003 3480 1195 3532 Δαυῖδθ
1220 3482 1753 3550 Αίσχυνθήτωσαν,
1790 3486 1889 3539 καί

306 3560 780 3628 ταραχθήτωσαν
806 3565 891 3628 εὶς
916 3562 1023 3615 τὸν
1044 3562 1229 3616 αὶῶνα
1260 3564 1365 3618 τοῦ
1392 3565 1635 3632 αἰῶνος-ο
1666 3569 1760 3620 καὶ
1789 3569 1889 3622 ἐν·

307 3644 707 3707 τραπήτωσαν
732 3646 783 3709 ι),
810 3646 909 3699 καὶ
929 3647 1386 3703 ἀπολέσθωσαν.
1413 3651 1519 3703 Καὶ
1544 3651 1885 3720 γνώτωσαν,

307 3725 397 3777 ὅτι
429 3726 615 3791 ὄνομά
651 3743 750 3781 σοι
775 3730 1007 3797 Κύριος.
1057 3731 1356 3801 Ἐνδέχεται
1381 3734 1471 3785 τὸν
1501 3735 1695 3806 ἐχθρὸν
1715 3738 1888 3789 είπεῖν

306 3811 440 3879 περὶ
489 3810 582 3863 τοῦ
631 3811 882 3883 Σωτῆρος
924 3814 1094 3882 Λόγου
1119 3833 1131 3845 ·
1165 3815 1334 3886 ὄνομα
1378 3816 1485 3888 γάρ
1517 3817 1611 3872 τοῦ
1652 3820 1887 3890 Χριστοῦ

305 3892 530 3963 Κύριος,
561 3894 732 3965 ὄνομα
751 3896 845 3949 τοῦ
878 3898 1090 3971 Πατρὸς
1122 3898 1271 3961 Θεός.
1300 3899 1471 3953 Πάλιν
1503 3901 1625 3971 ὅρον
1671 3902 1888 3955 ἀπαιτῶ

304 3975 419 4028 τῶν
448 3977 845 4047 προκειμένων.
880 3979 998 4032 Τῶν
1029 3982 1320 4051 αίρετικῶν
1350 3988 1580 4053 στοιχεῖς
1610 3984 1686 4053 τῷ
1708 3986 1884 4056 λόγῳ;

305 4060 570 4129 ἐμμένεις
588 4064 707 4123 ταῖς
738 4063 1029 4133 συνθήκαις
1050 4082 1063 4125 ;
1083 4064 1356 4136 Φοϐοῦμαι
1372 4067 1477 4137 γάρ
1493 4084 1586 4119 σου
1607 4068 1667 4119 τὸ
1681 4070 1884 4139 παλίμ-

305 4141 565 4213 ϐο[ν]λον.
591 4143 759 4197 Ὅταν
780 4146 1057 4217 ἐλεγχθῇς,
1081 4147 1175 4200 καὶ
1197 4149 1259 4201 ὲκ
1278 4150 1484 4219 ταύτης
1512 4152 1611 4221 τῆς
1632 4152 1887 4223 ἀληθείας

303 4227 631 4297 προσφύγῃς
666 4229 828 4299 ἑτέρᾳ.
856 4228 1079 4301 θεωρίᾳ,
1114 4231 1216 4285 κᾶν
1248 4236 1364 4287 ἐκεῖ
1393 4235 1721 4308 συλληφθῇς,
1753 4237 1886 4306 φεύ-

302 4329 424 4378 γεις
447 4314 527 4376 είς
556 4314 741 4384 ἕτερον
771 4316 1164 4389 ἀγνωμοσύνης
1192 4323 1469 4390 στοιχεῖον,
1505 4322 1622 4376 δέον
1656 4324 1729 4394 μὴ
1758 4324 1888 4391 φεύ-

302 4415 423 4466 γειν
462 4398 717 4471 ἀλήθειαν
760 4400 1100 4470 λάμπουσαν,
1141 4405 1513 4472 φωτίζουσαν·
1550 4408 1648 4460 οὐκ
1675 4408 1885 4463 ἐλαύνει

304 4484 419 4552 γὰρ
445 4482 781 4552 φωτίζουσα
809 4485 944 4539 ἀλλὰ
964 4487 1073 4557 γὰρ
1096 4490 1301 4557 Φεύγει
1324 4493 1356 4542 ὁ
1378 4490 1603 4559 ἀσεϐὴς
1626 4492 1887 4561 μηδενός

302 4567 645 4632 διώκοντος.

378 4657 448 4720 η’.
482 4650 671 4721 Ἡμεῖς
688 4651 746 4705 δὲ
760 4652 839 4713 εἰς
855 4652 913 4704 τὸ
926 4654 1283 4724 προκείμενον
1304 4656 1704 4727 ἐπανέλθωμεν.
1720 4661 1883 4714 Γνώ-

306 4749 529 4797 τωσαν,
548 4733 637 4787 ὅτι
658 4734 845 4803 ὄνομά
869 4754 963 4789 σοι
992 4738 1222 4805 Κύριος.
1248 4739 1307 4791 Et
1328 4740 1419 4791 τοῦ
1445 4742 1655 4811 Πατρὸς
1679 4746 1743 4814 μέ
1752 4763 1886 4815 μνη-

305 4837 421 4881 ται,
450 4819 644 4898 ούκοῦν
677 4820 813 4891 μάθε
842 4822 921 4875 ὃτι
952 4822 1119 4891 ὄνομα
1149 4823 1242 4876 τοῦ
1273 4827 1484 4896 Πατρὸς
1518 4827 1738 4898 Κύριος.
1778 4833 1884 4886 Καὶ

306 4906 357 4957 εί
392 4901 486 4956 τοῦ
532 4896 745 4976 Πατρδς
775 4905 945 4974 ὄνομα
976 4907 1177 4978 Κύριός
1224 4911 1360 4971 ἐστι,
1397 4912 1561 4980 φησὶν
1599 4896 1883 4981 όΠαῦλος,

304 4984 414 5054 Εἷς
446 4989 658 5055 Κύριος
702 4991 933 5057 Ἰησοῦς
962 4992 1235 5058 Χριστός.
1289 4994 1444 5047 Ἀλλά
1481 4996 1682 5066 Κύριος
1711 5001 1738 5051 6
1773 4999 1885 5053 Ha:-

304 5074 431 5143 τὴρ,
464 5071 665 5143 Κύριος
702 5076 732 5127 6
762 5074 908 5137 Υἱός.
946 5075 1155 5128 Οὐκοῦν
1184 5077 1259 5138 ὡς
1286 5077 1540 5141 κοινωνὸς
1565 5079 1658 5131 τοῦ
1690 5081 1885 5152 ὀνόμα-

302 5174 416 5219 τος,
446 5158 696 5220 κοινωνὸς
720 5158 813 5210 καὶ
835 5159 934 5227 τῆς
961 5159 1134 5224 ἀξίας.
1181 5159 1318 5212 Ἀλλ’
1342 5164 1370 5213 6
1415 5161 1658 5227 Ἰουδαῖος
1684 5183 1883 5235 παραι-

300 5243 477 5293 τεῖται
505 5241 699 5303 εἰπεῖν,
730 5242 812 5295 ὅτι
842 5243 901 5294 ού
934 5244 1062 5313 περὶ
1091 5241 1183 5295 τοῦ
1222 5244 1437 5315 Πατρὸς
1479 5242 1650 5312 εἶπεν,
1684 5250 1770 5302 ἵνα
1798 5251 1880 5314 τὸ,

304 5327 551 5391 Κύριος,
584 5325 661 5396 τῷ
716 5326 830 5396 Υἰῷ
883 5328 1156 5397 ἁρμόσας,
1199 5329 1412 5400 τηρήσῃ
1461 5329 1539 5400 τῷ
1586 5332 1765 5402 «Πατρὶ
1798 5333 1879 5396 τὸ,

307 5409 474 5473 Θεός.
493 5409 726 5479 Δέχομαι
747 5410 836 5463 τὴν
863 5411 985 5481 ὅρον
1010 5414 1105 5464 καὶ
1128 5410 1226 5481 τὴν
1251 5411 1542 5482 συνθήκην.
1567 5412 1643 5468 Ού
1676 5416 1883 5488 μερίζω

302 5493 406 5560 τὴν
432 5492 590 5558 ἀξίαν
624 5492 730 5546 τῶν
750 5494 1051 5565 ὀνομάτων,
1086 5495 1161 5559 ὡς
1191 5494 1449 5559 πολλάκις
1493 5497 1660 5569 ἔφθην
1690 5500 1878 5567 εἰπὼν,

370 5627 388 5690 ξ
423 5627 536 5690 Sat.
565 5628 634 5677 ἱσ.
661 5631 866 5690 πρῶτον.
1252 5682 1255 5685 ,

369 5689 399 5731 ιι
422 5689 579 5755 νεὼθ
604 5693 686 5739 καὶ
728 5692 1091 5755 ἐντραπήτωσαν
1111 5704 1142 5741 e
1168 5691 1293 5741 Bibl.
1324 5697 1377 5743 et
1395 5694 1506 5742 Sav.
1544 5708 1878 5751 accesseram.

310 5750 423 5813 Ipse
457 5752 568 5818 δαν,
599 5758 646 5800 ‘m
674 5750 826 5818 ποίης’.
851 5753 1021 5805 scribit
1044 5756 1384 5804 ἆπολέσθωσαν
1411 5769 1500 5818 pro
1519 5768 1623 5806 Var.
1653 5761 1769 5809 lect.
1797 5750 1883 5809 vo?-

308 5817 383 5863 eis
402 5816 677 5874 γνώτωσαν.
700 5814 832 5865 Emi.

3474 331 3579 387 512

1998 450 2096 522 τῆς
2139 450 2520 521 προσκυνητῆς
2570 448 2817 521 Τριάδος,
2845 450 2927 503 ὅτι
2964 451 2997 519 ἡ
3044 445 3343 517 Ἐκκλησία
3385 447 3582 519 ἀμέρι-

1998 552 2124 587 στον
2149 535 2261 605 ἔχει
2291 534 2391 603 τὴν
2420 534 2580 600 δόξαν
2602 550 2613 561 ·
2646 533 2794 605 [525]
2817 536 2883 603 τῇ
2905 533 2962 586 δὲ
2993 535 3058 603 σῇ
3085 530 3431 603 ταλαιπωρίᾳ
3453 548 3585 599 συγ-

1998 618 2334 682 καταϐαίνω,
2394 618 2488 671 καὶ
2537 618 2698 686 λέγω·
2753 617 3015 681 Δεδόσθω,
3079 616 3439 677 Γνώτωσαν,
3494 615 3585 669 ὅτι

1999 702 2185 771 ὄνομά
2210 717 2309 756 σοι
2331 706 2545 771 Κύριος
2566 719 2580 733 ’
2615 703 2665 754 τί
2699 698 2793 755 οὖν
2828 704 3000 764 ποιείς
3026 701 3103 771 τῷ
3133 701 3460 771 ἐπαγομένῳ
3488 702 3586 770 ῥή-

2003 802 2151 854 ματι,
2186 785 2270 839 Σὺ
2306 787 2494 854 μόνος
2532 786 2832 853 ’Ὑψιστος
2884 784 2985 837 ἐπὶ
3034 784 3242 839 πᾶσαν
3287 783 3400 851 τὴν
3431 782 3581 852 γῆν,

2002 870 2144 940 ’Λρα
2174 870 2315 922 κατά
2346 871 2442 940 τὴν
2471 869 2568 940 σὴν
2599 870 2875 933 ἀσέϐειαν,
2913 869 3006 921 καὶ
3032 869 3173 921 κατά
3202 869 3299 938 τὴν
3324 868 3584 921 διδασκα-

1997 952 2139 1013 λίαν,
2161 954 2261 1006 ούκ
2291 953 2370 1006 ἔτι
2403 954 2591 1024 Πατὴρ
2611 954 2641 1006 6
2661 953 2947 1021 ”Υψιστος,
2978 952 3111 1005 διότι
3142 952 3299 1020 μόνος
3320 952 3586 1020 "mum;

1996 1040 2025 1092 6
2074 1039 2222 1101 Υἱός.
2284 1038 2569 1098 Ἐνταῦθα.
2626 1039 2864 1107 ἀδελφοὶ,
2921 1039 2982 1091 ού
3035 1036 3256 1108 κύματα
3308 1036 3587 1104 θαλάσσης

1997 1122 2165 1184 ἐστὶν,
2216 1122 2305 1175 ἵνα
2361 1122 2657 1193 συμπνίξῃ,
2718 1122 2832 1175 ἀλλ’
2900 1122 3121 1192 ἀγάπης
3177 1120 3434 1191 κύματα,
3498 1119 3586 1171 ἵνα

1998 1205 2218 1275 ἁγιάσῃ.
2258 1206 2404 1275 Πλὴν
2437 1206 2672 1278 Χριστοῦ
2710 1206 3084 1276 φθεγγομένου
3114 1204 3209 1259 καὶ
3246 1203 3586 1275 κηρυττομέο

1996 1305 2109 1349 νου,
2159 1290 2357 1359 ήσυχία
2404 1290 2464 1341 τὸ
2521 1291 2727 1358 σκάφος
2777 1291 2936 1343 τοῦτο
2981 1290 3042 1343 τὸ
3082 1288 3327 1357 θεοφιλὲς
3381 1288 3581 1357 ἀγέτω.

2001 1374 2234 1426 Ἀτοπον
2275 1374 2387 1446 γάρ
2416 1373 2513 1445 τὴν
2549 1374 2647 1438 μὲν
2678 1374 2951 1428 θάλασσαν
2993 1374 3333 1443 θεασαμένην
3365 1372 3432 1425 τὰ
3463 1371 3582 1441 ἴχνη

1996 1456 2089 1508 τοῦ
2144 1456 2435 1517 Δεσπότου,
2490 1457 2581 1510 καλ¹
2620 1458 2954 1519 ἀκούσασαν,
2995 1457 3209 1518 Σιώπα,
3252 1456 3584 1524 πεφίμωσο,

1996 1538 2306 1608 αἰδεσθῆναι
2333 1539 2431 1610 τὴν
2455 1541 2760 1604 αὐθεντίαν,
2790 1541 2887 1612 τὴν
2914 1541 2969 1593 δὲ
3011 1540 3336 1609 Ἐκκλησίαν
3364 1540 3436 1610 μὴ
3468 1555 3585 1589 πει-

1999 1621 2190 1692 σθῆναι
2215 1622 2292 1693 τῷ
2321 1624 2523 1693 ἑαυτῆς
2543 1626 2764 1695 νυμφίῳ
2785 1626 2851 1678 τὰ
2880 1625 3100 1695 ῥήματα
3121 1624 3219 1692 τῆς
3245 1623 3391 1691 ζωῆς
3416 1621 3585 1691 φθεγ-

1996 1705 2234 1776 γομένῳ,
2264 1707 2358 1759 καὶ
2385 1707 2535 1760 θείαν
2563 1707 2637 1771 ὡς
2666 1708 2881 1779 ἀληθῶς
2919 1710 3078 1778 χάριν
3106 1708 3197 1760 ἐπὶ
3231 1707 3339 1760 τῶν
3362 1706 3586 1777 χειλέων

1997 1788 2172 1859 ἔχοντι
2197 1806 2210 1819 ⁸
2258 1790 2547 1859 Ἐξεχύθη
2577 1791 2685 1861 γὰρ
2711 1790 2884 1860 χάρις
2907 1791 2977 1844 ἐν
3006 1791 3240 1859 χείλεσί
3265 1806 3402 1845 σου.
3447 1789 3585 1842 Ἀλλ’

1996 1873 2090 1927 ἐπὶ
2138 1873 2197 1927 τὸ
2238 1875 2595 1945 προκείμενον
2645 1875 3050 1945 ἐπανέλθωμεν.
3102 1874 3459 1937 Γνώτωσαν,
3496 1873 3588 1927 ὅτι

1996 1956 2186 2026 ὄνομα
2210 1973 2309 2011 σοι
2335 1959 2570 2025 Κύριος.
2610 1960 2674 2012 ’Ὀ
2701 1958 2898 2021 θέλεις,
2921 1958 3185 2023 ἐπίλεξαι,
3214 1960 3311 2028 οὐχ
3333 1958 3408 2021 ὡς
3436 1958 3494 2010 ἐν
3518 1960 3586 2029 τῇ

1997 2043 2063 2110 σῇ
2093 2039 2311 2111 ἐξουσία
2343 2041 2441 2110 τῆς
2467 2041 2694 2111 ἐκλογῆς
2738 2041 2998 2112 κειμένης
3022 2059 3035 2071 °
3067 2042 3188 2095 ούδέ
3217 2040 3326 2111 γὰρ
3351 2041 3439 2094 ὅτε
3483 2041 3589 2108 ’1η-

1999 2122 2125 2186 σοῦς
2160 2125 2188 2176 6
2233 2123 2325 2176 τοῦ
2360 2125 2516 2195 Ναυῆ
2561 2121 2683 2177 εἷπε
2726 2126 2865 2197 πρὸς
2910 2126 3002 2178 τὸν
3034 2125 3182 2189 λαὸν,
3227 2125 3589 2188 Ἑκλέεασθε

1994 2205 2140 2274 ὑμῖν
2166 2206 2315 2274 πρὸς
2335 2206 2450 2274 τὴν
2489 2207 2758 2276 σήμερον
2788 2209 2905 2261 τίνι
2946 2210 3341 2277 λατρεύσητε,
3384 2208 3423 2276 ἢ
3462 2206 3587 2273 τοῖς

1997 2288 2173 2355 θεοῖς.
2205 2284 2294 2356 οῖς
2326 2289 2702 2357 ἐλάτρευσαν
2743 2293 2798 2344 οἱ
2824 2291 3073 2360 πατέρες
3104 2290 3293 2361 ὑμῶν,
3323 2291 3362 2358 ἡ
3395 2293 3591 2359 Κυρίῳ

1996 2372 2075 2438 τῷ
2099 2371 2220 2438 Θεῷ
2253 2372 2443 2441 ἡμῶν,
2476 2375 2534 2425 ού
2565 2374 2782 2437 πάντως
2812 2376 2869 2426 ἐν
2890 2377 2952 2445 τῇ
2988 2374 3207 2445 ἐξουσία
3236 2374 3344 2428 τῶν
3377 2372 3588 2444 ἀνθρώ-

1998 2476 2114 2511 πων
2154 2457 2319 2510 ἔδωκε
2352 2459 2450 2528 τὴν
2486 2458 2732 2529 ἐκλογὴν,
2762 2459 2878 2511 ἀλλ’
2914 2460 3000 2512 ἵνα
3023 2458 3191 2531 δείξῃ,
3232 2460 3313 2512 ὅτι
3348 2461 3413 2530 τῇ
3450 2475 3586 2534 προ-

1995 2542 2206 2610 αιρέσει
2240 2540 2351 2593 τῶν
2379 2538 2717 2609 ἀγαπώντων
2750 2542 2839 2594 τὸν
2867 2541 2998 2594 Θεὸν
3041 2542 3326 2595 ἀκολουθεῖ
3353 2542 3386 2611 ή
3427 2540 3587 2594 εὐσέ-

1997 2623 2136 2676 ϐεια.
2174 2626 2283 2678 Καὶ
2320 2624 2552 2695 ἀλλαχοῦ
2601 2627 2648 2678 6.
2676 2626 2866 2688 αὐτός’
2902 2623 3210 2693 Μάρτυρες
3240 2624 3409 2693 ὑμεῖς
3454 2624 3587 2679 καθ’

1995 2707 2246 2773 ἑαυτῶν,
2291 2708 2380 2762 ὅτι
2438 2708 2602 2776 ὑμεῖς
2642 2709 3007 2773 ἐξελέξασθε
3060 2707 3168 2762 τὸν
3203 2711 3441 2775 Κύριον,
3475 2712 3587 2763 λα-

1993 2792 2226 2859 τρεύειν
2252 2791 2430 2858 αὐτῷ.
2474 2794 2682 2860 Ὥσπερ
2726 2795 2902 2863 ἐκεῖή
2944 2793 3140 2862 ἐκλογὴ
3194 2791 3284 2846 τοῦ
3322 2792 3459 2845 Θεοῦ
3485 2795 3588 2862 τὴν

1996 2875 2151 2940 ἀξίαν
2195 2875 2293 2945 ούχ
2335 2875 2577 2946 ὕϐρισεν,
2617 2876 2752 2929 ἀλλὰ
2781 2876 2879 2945 τὴν
2927 2877 3244 2947 προαίρεσιν
3287 2875 3396 2929 τῶν
3430 2876 3586 2929 εὐσε-

1997 2958 2231 3011 ϐούντων
2259 2959 2455 3023 ἔδειξεν
2481 2978 2494 2990 ·
2523 2959 2665 3013 οὕτω
2689 2960 2781 3014 καὶ
2810 2959 2927 3020 νῦν,
2956 2960 3051 3012 ἐὰν
3073 2959 3147 3012 δῶ
3174 2961 3237 3030 τῇ
3267 2960 3584 3031 προαιρέσει

1994 3043 2094 3114 τὴν
2121 3043 2371 3115 ἐκλογὴν,
2402 3045 2461 3097 ού
2495 3044 2595 3115 τὴν
2621 3045 2778 3110 ἀξίαν
2825 3043 3052 3114 ὑϐρίζω,
3090 3043 3224 3098 ἀλλά
3263 3044 3361 3113 τὴν
3393 3044 3589 3115 προαί-

1999 3142 2148 3196 ρεσιν
2196 3126 2493 3195 δοκιμάζω.
2548 3126 2642 3189 Τὸ,
2684 3126 3044 3190 Γνώτωσαν,
3101 3127 3190 3180 ὅτι
3249 3127 3437 3185 ὄνομα
3485 3141 3585 3180 σοι

1995 3210 2231 3277 Κύριος,
2267 3206 2376 3281 ἆρα
2408 3209 2537 3282 περὶ
2570 3211 2784 3281 Πατρὸς
2811 3210 3049 3281 εἴρηται,
3083 3212 3115 3280 ἢ
3165 3212 3291 3281 περὶ
3326 3210 3491 3277 Υἱοῦ;
3521 3211 3585 3263 Εἰ

1999 3293 2098 3362 μὲν
2121 3293 2228 3363 γὰρ
2261 3294 2383 3363 περὶ
2409 3294 2641 3366 Πατρὸς,
2666 3295 2761 3348 καὶ
2790 3296 2959 3364 ὄνομα
2990 3295 3084 3346 τοῦ
3113 3294 3326 3364 Πατρὸς
3356 3294 3583 3366 Κύριος,

1994 3374 2163 3444 ὄνομα
2210 3377 2302 3428 καὶ
2339 3376 2433 3429 τοῦ
2476 3377 2606 3430 Υίοῦ
2646 3376 2850 3448 Κύριος
2876 3394 2889 3406 ·
2926 3371 3028 3441 Εἷς
3072 3377 3180 3447 γάρ
3218 3378 3432 3443 Κύριος
3482 3377 3586 3444 ’1η-

1994 3458 2147 3524 σοῦς
2180 3460 2452 3526 Χριστὸς,
2489 3460 2565 3513 δι’
2619 3456 2690 3516 οὗ
2731 3460 2801 3513 τὰ
2849 3458 3075 3514 πάντα·
3110 3460 3218 3530 ἄρα
3260 3459 3319 3512 τὸ
3369 3460 3585 3529 ἀξίωμα

1995 3541 2184 3613 ὥσπερ
2217 3543 2414 3607 κοινὸν,
2448 3545 2542 3598 καὶ
2574 3544 2634 3597 τὸ
2661 3544 2831 3615 ὄνομα
2859 3555 2907 3597 ο.
2947 3543 3107 3596 Ἀλλά
3132 3543 3225 3595 τοῦ
3259 3542 3389 3596 Υίοῦ
3410 3543 3584 3612 ὄνομα

2000 3626 2082 3688 τὸ,
2112 3626 2346 3694 Κύριος·
2384 3627 2544 3690 αὐτὸς
2573 3622 2664 3681 οῦν
2696 3628 2858 3698 μόνος
2884 3626 3086 3697 Κύριος
3109 3629 3136 3679 6
3171 3626 3292 3689 Υἱός
3317 3641 3332 3703 ἡ
3364 3626 3449 3679 Σὺ
3474 3625 3584 3696 γάρ

1992 3704 2053 3761 εἶ
2071 3710 2259 3778 μόνος
2299 3712 2596 3779 ’Ὑψιστος
2620 3712 2717 3765 ἐπὶ
2757 3710 2964 3765 πᾶσαν
2997 3711 3108 3778 τὴν
3140 3710 3279 3780 γῆν.
3312 3712 3453 3781 ’Ἄρα
3488 3706 3582 3763 οὖν

1993 3794 2080 3847 ὅτε
2107 3790 2187 3858 εἷς
2219 3796 2312 3849 καὶ
2347 3797 2507 3864 μόνος
2538 3796 2741 3867 Κύριος
2779 3797 2807 3849 6
2834 3797 2982 3859 Υἱὸς,
3029 3795 3307 3866 ἀλλότριος
3338 3795 3438 3865 τῆς
3482 3811 3582 3847 κυα

1996 3877 2243 3947 ριότητος
2268 3881 2296 3931 6
2319 3880 2539 3951 Πατήρ;
2572 3880 2654 3949 Μὴ
2680 3880 2909 3948 γένοιτο.
2940 3881 3074 3933 Οὐδὲ
3098 3879 3206 3950 γὰρ
3228 3883 3256 3932 6
3278 3881 3467 3952 Πατὴρ
3490 3881 3580 3934 ὅτε

1994 3961 2321 4032 κηρύττεται
2355 3963 2512 4032 μόνος
2542 3959 2621 4027 εἷς
2649 3966 2678 4016 6
2716 3964 2867 4026 Θεὸς.
2906 3964 3226 4017 ἐκϐάλλεται
3260 3966 3291 4016 6
3327 3964 3455 4026 Υἱὸς
3482 3962 3582 4033 τῆς

1995 4043 2243 4115 θεότητος
2268 4063 2282 4076 ⁸
2335 4045 2437 4099 Ἐν
2467 4045 2625 4115 ἀρχῇ
2650 4047 2758 4117 γὰρ
2786 4043 2866 4116 ἦν
2895 4050 2927 4101 ὁ
2954 4048 3165 4117 Λόγος,
3198 4047 3297 4101 καὶ
3331 4050 3364 4104 ό
3391 4049 3582 4117 Λόγγος

1991 4123 2071 4196 ἦν
2098 4129 2246 4196 πρὸς
2274 4129 2381 4183 τὸν
2411 4130 2581 4192 Θεὸν,
2613 4131 2709 4184 καὶ
2738 4133 2881 4196 Θεὸς
2904 4128 2982 4200 ἦν
3012 4135 3043 4185 ὀ
3078 4135 3287 4201 Λόγος.
3315 4134 3451 4185 Οὐτε
3480 4128 3576 4184 οὖν

1992 4214 2071 4275 τὸ,
2112 4215 2256 4280 Θεὸς
2286 4217 2317 4267 ὁ
2352 4215 2571 4285 Πατὴρ,
2606 4216 2855 4288 ἀφορίζει
2887 4218 2977 4269 τὸν
3012 4217 3138 4269 Υίὸν
3166 4218 3265 4287 τῆς
3286 4216 3542 4287 θεότητος
3562 4234 3577 4248 ο

1993 4299 2087 4350 καὶ
2114 4299 2222 4369 γάρ
2255 4300 2398 4365 Θεὸς
2419 4304 2452 4353 ό
2477 4302 2668 4369 Λόγος
2690 4318 2702 4330 ·
2722 4300 2851 4354 οὔτε
2880 4302 2984 4371 μὴν
3015 4301 3042 4353 6
3077 4302 3221 4364 Υἱὸς,
3254 4301 3380 4354 ὅταν
3414 4299 3579 4370 λέγη-

1991 4399 2101 4443 ται,
2144 4377 2250 4447 Εἷς
2275 4384 2512 4459 Κύριος,
2541 4384 2818 4456 ἀλλότριον
2846 4385 3082 4438 δείκνυσι
3115 4386 3205 4439 τὸν
3237 4384 3455 4455 Πατέρα
3480 4386 3580 4455 τῆς

1992 4466 2326 4535 κυριότητος·
2361 4462 2506 4520 Εἵπε
2539 4468 2647 4539 γάρ
2677 4471 2710 4521 ὁ
2738 4473 2789 4522 Κ
2791 4470 2949 4536 ὐριος
2974 4467 3052 4533 τῷ
3078 4470 3272 4536 Κυρίῳ
3288 4485 3430 4537 μου·
3462 4470 3579 4523 Κά-

1992 4552 2100 4603 θου
2129 4550 2198 4601 ἐκ
2233 4548 2449 4612 δεξιῶν
2472 4569 2611 4617 μου.
2651 4551 2855 4622 Κύριος
2889 4547 2981 4605 οῦν
3007 4554 3035 4605 6
3077 4553 3286 4623 Πατὴρ,
3319 4552 3519 4624 Κύριος
3549 4555 3578 4606 ό

1992 4632 2138 4694 Υἱὸς,
2172 4631 2376 4700 Κύριος
2403 4634 2463 4685 τὸ
2497 4633 2721 4701 Πνεῦμα
2754 4634 2816 4686 τὸ
2844 4634 3018 4702 ἆγιοψ
3054 4637 3106 4686 Ὀ
3134 4636 3241 4707 γὰρ
3275 4637 3488 4704 Κύριος
3509 4637 3577 4689 τὸ

1991 4713 2235 4781 Πνεῦμα
2258 4716 2451 4771 ἐστιν.
2496 4718 2653 4770 Ἀλλά
2684 4717 2844 4770 πάλιν
2873 4720 2900 4770 6
2922 4718 3194 4789 αἱρετικὺς
3218 4720 3577 4790 παροξύνεται

1990 4799 2289 4868 ἀνακύψας,
2319 4802 2413 4853 καὶ
2446 4800 2650 4871 Κύριον
2683 4801 2922 4864 ἀκούσας
2948 4803 3008 4855 τὸ
3038 4803 3265 4871 Πνεῦμα
3294 4804 3352 4856 τὸ
3397 4805 3574 4873 ἆγιον,

1989 4883 2399 4955 διαρῤήγνυται.
2434 4886 2544 4937 Καὶ
2575 4886 2711 4947 πῶς,
2764 4887 2918 4955 φησὶ.
2970 4885 3027 4938 τὸ
3070 4887 3296 4957 Πνεῦμα
3346 4888 3571 4958 Κύριος,

1990 4968 2149 5021 ὁπότε
2177 4968 2265 5021 διά
2293 4968 2389 5021 τοῦ
2429 4974 2707 5040 προφήτου
2736 4969 2900 5023 Δαυῒδ
2937 4972 3304 5042 φθεγγόμενον
3349 4973 3575 5043 ἀνυμνεῖ
3621 4976 3637 4990 ”

1988 5052 2077 5105 τὸν
2125 5054 2271 5115 Υἱὸν,
2307 5054 2484 5121 λέγον,
2520 5050 2707 5108 Εἶπεν
2735 5058 2767 5107 ό
2814 5057 3028 5122 Κύριος
3068 5054 3149 5119 τῷ
3181 5056 3373 5123 Κυρίῳ
3414 5075 3532 5124 μου
3554 5073 3575 5115 :

2002 5135 2184 5207 Ὁρᾷς,
2226 5138 2379 5207 φησὶ.
2405 5137 2466 5190 τὸ
2496 5137 2720 5207 Πνεῦμα
2750 5139 2810 5191 τὸ
2836 5138 3027 5192 λαλοῦν
3058 5140 3144 5191 διά
3166 5140 3258 5192 τοῦ
3292 5142 3569 5210 προφήτου

1988 5221 2266 5289 ὁμολογεῖν
2317 5222 2521 5290 Κύριον
2556 5221 2752 5275 ἑαυτοῦ
2799 5224 2892 5277 καὶ
2940 5225 3030 5277 τὸν
3075 5223 3296 5292 Πατέρα
3341 5225 3433 5276 καὶ
3478 5225 3571 5276 τὸν

1990 5303 2115 5355 Υἰόν
2142 5321 2155 5369 ;
2187 5304 2250 5356 Τί
2282 5302 2395 5374 οὖν,
2436 5306 2651 5370 ἀδελφοί
2678 5324 2691 5371 ;
2725 5308 2842 5359 Ἵνα
2876 5307 2948 5377 μὴ
2972 5307 3129 5378 ,[526]
3159 5308 3339 5358 πλεῖον
3364 5309 3397 5376 ἡ
3424 5307 3571 5372 λέξις

1992 5387 2415 5456 προσενεχθεῖσα
2438 5389 2738 5458 ἀμφίϐολος
2756 5390 2981 5459 γένηται
3005 5393 3117 5449 τοῖς
3138 5391 3451 5458 ἀκροαταῖς,
3481 5391 3569 5446 ἐπ’

1990 5467 2159 5538 αὐτὴν
2183 5470 2297 5538 ἥξω
2329 5471 2426 5541 τὴν
2461 5473 2705 5536 ἐξέτασιν
2727 5473 2821 5525 τοῦ
2860 5473 3039 5541 λόγου,
3071 5475 3253 5526 πᾶσαν
3282 5473 3408 5544 ὑμῖν
3433 5475 3566 5528 ἀνα-

1992 5550 2175 5626 πτύξω
2200 5554 2297 5621 τῆς
2331 5553 2528 5620 λέξεως
2552 5558 2649 5625 τὴν
2680 5556 2931 5626 θεωρίαν.

2061 5625 2210 5687 θ’.”0
2222 5636 2412 5708 Σωτήρ
2426 5653 2555 5690 ποτε
2573 5641 2636 5707 τῇ
2668 5625 2930 5691 Ἰουδαίων
2948 5641 3235 5709 συναγωγῇ
3254 5640 3570 5710 προσδιαλε-

1990 5717 2239 5787 γόμενος,
2266 5720 2359 5771 καὶ
2397 5720 2702 5791 δοκιμάζων
2740 5724 2805 5791 ἣν
2840 5720 3019 5791 ἔχουσι
3063 5722 3190 5792 περὶ
3218 5723 3381 5776 αὐτοῦ
3411 5724 3568 5793 δόξαν

2056 5824 2079 5852 ⁸
2104 5822 2216 5871 Sav.
2242 5823 2292 5870 in
2316 5836 2471 5885 marg.
2497 5824 2623 5885 conj.
2649 5824 2832 5887 ἀξίωμα
2854 5825 3026 5885 κοινὸν,
3051 5826 3212 5890 ὥσπερ
3233 5844 3279 5876 κ.
3304 5844 3347 5874 τ.
3382 5828 3429 5880 6.
