4126 6326
340 330 445 387 515

337 448 553 504 nionem
598 459 718 515 pars
760 445 931 517 major
964 444 1202 512 haberet,
1251 444 1325 498 ait
1367 442 1501 499 illis:
1544 442 1704 508 Quem
1745 438 1915 494 dicitis

334 556 443 595 esse
479 539 773 593 Christum?
826 539 971 608 cujus
1019 537 1155 606 filius
1204 545 1274 590 est
1314 535 1345 605 ‘(
1371 534 1558 588 Matth.
1605 532 1697 587 22.
1751 532 1910 601 ‘2)?

335 631 681 701 Respondent
705 630 893 684 scriba:
912 638 966 683 et
987 628 1261 692 Pharismi,
1287 624 1467 680 David.
1495 624 1629 679 Hinc
1655 624 1911 677 Dominus

333 737 519 776 corum
555 719 928 774 contradiceus
960 718 1194 785 Opinioni
1217 756 1233 777 ,
1266 730 1448 769 rursus
1476 715 1671 768 infert:
1701 731 1721 765 ι
1759 713 1908 779 Quo-

334 813 495 867 modo
532 809 702 866 David
752 811 805 863 in
841 808 1040 879 Spiritu
1077 818 1263 860 sancto
1291 814 1443 859 vocat
1480 821 1600 859 eum
1629 804 1907 858 Dominum

336 907 553 968 dicens,
585 903 728 957 Dixit
769 901 1023 955 Dominus
1048 900 1275 953 Domino
1304 913 1424 952 meo
1454 940 1468 961 ,
1496 897 1622 951 sede
1651 912 1680 950 a
1706 896 1908 951 dextris

334 1000 469 1052 meis
512 1016 531 1048 ›
564 998 581 1066 (
618 995 825 1048 1ὺὶά.·υ.
860 995 949 1049 43.
982 993 1050 1047 44
1073 992 1143 1063 )‘I
1189 992 1323 1047 Illud
1368 1006 1526 1061 porro
1552 1032 1568 1057 ,
1600 988 1667 1043 In
1710 989 1909 1058 Spiritu

333 1098 506 1143 sancto
538 1129 550 1150 ,
583 1087 774 1155 adjecit
802 1127 818 1151 ,
858 1100 962 1138 non
991 1093 1048 1137 ut
1077 1084 1329 1152 Spiritum
1377 1098 1586 1136 servum
1613 1081 1911 1136 declararet

334 1178 555 1241 Christi,
584 1180 671 1248 qui
702 1176 1089 1246 pnedicabatur
1111 1214 1128 1239 ,
1160 1175 1253 1229 sed
1276 1184 1332 1228 ιιι
1356 1174 1527 1245 palam
1555 1174 1863 1229 ostenderet
1890 1214 1904 1237 ,

333 1270 646 1340 prophetam
671 1270 722 1321 in
746 1267 944 1334 Spiritu
969 1274 1156 1319 sancto
1187 1265 1360 1319 futura
1391 1264 1767 1335 prmvidentem
1791 1306 1808 1329 ,
1841 1266 1901 1316 ti-

335 1362 462 1416 lium
488 1376 641 1414 suum
670 1358 960 1415 secundum
981 1372 1197 1412 carnem
1226 1357 1507 1411 Dominum
1535 1356 1778 1411 conﬁteri
1817 1370 1906 1410 se-

333 1455 563 1510 cundum
592 1455 666 1508 rei
687 1454 987 1507 veritatem.
1014 1451 1196 1521 Neque
1224 1450 1365 1505 enim
1389 1449 1457 1504 de
1477 1448 1675 1519 Spiritu
1700 1458 1905 1512 sancto,

332 1548 604 1614 quietiam
629 1545 882 1600 Dominus
917 1553 999 1598 est
1033 1583 1046 1606 ,
1077 1542 1302 1611 quaestio
1330 1551 1445 1595 erat
1474 1582 1489 1606 ,
1533 1542 1624 1596 sed
1655 1541 1723 1595 de
1749 1540 1861 1609 ipso
1888 1554 1903 1594 :

333 1654 399 1692 an
430 1637 818 1692 scilicetDavitl
839 1637 1000 1690 ﬁlium
1026 1634 1244 1689 haberet
1268 1634 1571 1698 Dominum,
1600 1648 1665 1686 an
1693 1631 1907 1687 lterum?

333 1728 472 1785 Sane
502 1729 752 1782 Dominus
793 1727 1167 1782 htereticorum
1209 1726 1613 1797 sycophantiam
1662 1724 1754 1779 ditt
1782 1733 1908 1779 ante

333 1820 612 1875 confutans
642 1859 657 1884 ,
698 1819 1030 1889 Spiritusqtte
1094 1817 1264 1873 sancti
1325 1818 1632 1888 dignitatem
1684 1818 1905 1872 illaesum

334 1929 658 1969 conservans
690 1955 703 1973 ,
733 1913 1035 1981 objectione
1082 1912 1499 1965 controversiam
1547 1911 1722 1964 solvit.
1767 1910 1903 1979 Quid

332 2024 460 2077 ergo
486 2008 563 2061 ait
586 2023 600 2061 :
623 2006 691 2060 Si
719 2022 837 2075 ergo
859 2005 1026 2059 David
1047 2014 1186 2057 vocat
1208 2020 1319 2056 eum
1344 2003 1631 2065 Dominum.
1653 2004 1902 2071 quomodo

333 2104 468 2169 ﬁlius
498 2102 604 2170 ejus
634 2111 703 2153 est
724 2101 749 2152 ?
796 2098 910 2152 Non
939 2098 1072 2151 dixit
1099 2139 1117 2163 ,
1151 2096 1205 2151 Si
1254 2111 1382 2166 ergo
1412 2095 1641 2165 Spiritus
1688 2108 1904 2149 sanctus

332 2202 485 2246 vocat
508 2208 628 2245 eum
659 2191 960 2254 Dominum,
992 2192 1106 2251 sed,
1141 2190 1201 2243 Si
1230 2188 1395 2241 David
1420 2199 1560 2241 vocat
1584 2205 1695 2241 eum
1728 2188 1902 2241 Domi-

330 2303 471 2339 num.
499 2285 606 2339 Cur
642 2301 768 2355 ergo
797 2283 998 2338 addidit
1024 2283 1151 2336 illud
1180 2324 1195 2347 ,
1240 2282 1305 2336 In
1332 2282 1531 2350 Spiritu
1565 2291 1737 2335 sancto
1765 2290 1905 2333 vocat

330 2395 441 2431 eum
469 2376 785 2432 Dominum?
813 2376 1073 2443 Quoniam
1107 2374 1173 2429 de
1215 2374 1427 2430 Christo
1453 2382 1575 2427 ante
1616 2373 1899 2426 adventum

329 2470 523 2525 Christi
550 2472 728 2525 dicere
751 2485 854 2523 non
886 2478 1000 2523 erat
1030 2468 1269 2537 corporis
1296 2468 1548 2521 intuentis
1573 2508 1584 2529 ,
1616 2467 1706 2520 sed
1731 2467 1899 2535 Spiri-

330 2570 412 2615 tus
441 2562 607 2615 sancti
651 2560 1131 2630 pra-signiﬁcantis.
1166 2559 1346 2628 Neque
1374 2560 1516 2611 enim
1540 2574 1659 2627 quin
1691 2558 1900 2610 videbat

330 2654 492 2709 David
519 2695 532 2717 ,
560 2653 876 2723 praedicabat
901 2670 917 2718 ;
947 2652 1041 2706 sed
1068 2669 1185 2721 qua:
1208 2652 1437 2720 Spiritus
1464 2660 1679 2705 sanctus
1704 2666 1898 2719 sugge-

328 2748 496 2810 rebat,
527 2747 637 2799 huic
667 2762 758 2814 per
782 2745 1111 2814 spiritualem
1144 2745 1310 2814 lyram
1334 2744 1590 2812 pulsabat.
1620 2742 1742 2795 Ideo
1774 2742 1897 2795 illud

326 2838 517 2906 adjecit
549 2878 564 2902 ,
599 2838 851 2891 Dominus
884 2876 898 2901 ,
949 2837 1212 2902 Quomodo
1238 2835 1399 2888 David
1424 2836 1477 2889 iu
1508 2835 1701 2903 Spiritu
1727 2845 1899 2887 sancto

324 2939 465 2983 uocat
487 2946 597 2981 eum
626 2929 937 2982 Dominum?
964 2927 1040 2983 Ne
1062 2942 1186 2983 vero
1210 2928 1487 2981 litereticus
1515 2926 1897 2994 biasphemiatn

325 3022 579 3076 adversus
595 3024 843 3092 Spiritum
874 3032 1115 3076 sanctum
1138 3021 1333 3087 trahat,
1356 3020 1550 3087 adjecit
1576 3033 1810 3080 rursum,
1842 3026 1897 3069 ut

324 3115 577 3180 diximus,
603 3115 660 3169 Si
686 3132 801 3185 ergo
818 3112 983 3168 David
1010 3124 1151 3167 vocat
1179 3129 1290 3166 eum
1319 3110 1610 3172 Dominum,
1644 3107 1891 3179 quomodo

326 3208 466 3275 [ilius
482 3209 591 3278 ejus
606 3217 676 3260 est
700 3207 725 3258 Ρ
755 3206 914 3275 Igitur
936 3201 1382 3258 υπνίά-Οιιτὶδιυηι
1412 3201 1462 3254 in
1487 3201 1687 3267 Spiritu
1711 3208 1895 3253 sancto

323 3307 479 3353 vocat
505 3297 802 3351 Dominum.
838 3292 973 3349 Illud
998 3311 1123 3349 vero
1143 3296 1474 3363 potissimum
1493 3293 1897 3350 consideremus

323 3406 535 3445 omnem
556 3389 863 3458 prophetam
882 3404 947 3441 ex
976 3387 1170 3456 Spiritu
1188 3392 1370 3439 sancto
1395 3426 1408 3446 ,
1429 3400 1546 3453 qtue
1577 3384 1896 3437 conveniant

324 3481 486 3551 loqui.
510 3479 708 3535 Omnes
736 3480 875 3533 enim
916 3478 1232 3532 conﬁtemur
1255 3517 1268 3539 ,
1296 3477 1583 3545 prephetas
1613 3474 1665 3527 in
1696 3474 1894 3543 Spiritu

321 3582 504 3627 sancto
523 3573 767 3642 loquutus
788 3586 907 3626 esse
930 3612 945 3637 ,
975 3570 1130 3640 idque
1152 3570 1434 3640 Apostolus
1469 3570 1779 3623 testiﬁcatur
1814 3567 1896 3621 di-

324 3679 474 3729 cens,
532 3682 549 3715 t
584 3664 725 3718 Bene
749 3662 976 3731 Spiritus
1003 3671 1217 3715 sanctus
1240 3662 1489 3731 loquutus
1518 3670 1598 3714 est
1626 3661 1689 3712 ad
1721 3669 1894 3729 patres

322 3768 531 3812 vestros
560 3774 653 3826 per
676 3756 984 3825 prophetam
1020 3776 1038 3806 ι
1068 3755 1198 3826 (Act.
1232 3755 1321 3809 28.
1350 3755 1465 3823 25.)
1495 3755 1555 3808 Et
1587 3755 1773 3808 iterum
1805 3771 1897 3823 ge-

321 3854 543 3903 neratim
569 3849 709 3902 Dens
735 3850 809 3901 ait
838 3865 853 3903 :
887 3867 904 3899 ‹
937 3848 1212 3901 Effundant
1249 3848 1315 3901 de
1345 3848 1540 3919 Spiritu
1581 3864 1699 3901 meo
1735 3861 1897 3916 super

320 3955 533 3994 omnem
560 3956 796 4001 carnem,
820 3952 872 3994 et
897 3940 1284 4009 prophetabunt
1319 3959 1338 3991 ι
1371 3942 1386 4008 ί
1413 3940 1547 3994 Joet.
1578 3939 1632 3993 2.
1660 3937 1781 4005 28).
1832 3941 1895 3993 Et

317 4031 547 4104 Moyses,
572 4050 591 4081 ι
618 4032 746 4098 Quis
765 4032 1133 4086 dabitomnem
1167 4033 1414 4100 pepultun
1441 4032 1643 4084 Domini
1669 4031 1897 4100 prophe-

320 4133 399 4177 tas
428 4139 569 4187 esse,
591 4138 709 4177 cmn
749 4123 950 4176 dederit
991 4123 1243 4176 Dominus
1270 4123 1518 4191 Spiritum
1551 4139 1700 4175 suum
1733 4138 1895 4191 super

326 4220 500 4286 IpSOSI
523 4216 705 4287 (Num.
731 4219 813 4272 Η.
839 4217 964 4286 29)?
995 4216 1089 4271 Hic
1104 4216 1433 4270 attendamus
1447 4218 1744 4287 diligenter,
1764 4233 1896 4287 quo-

318 4311 706 4379 modoSpiritus
722 4310 885 4363 sancti
903 4310 1145 4363 divinitas
1161 4311 1678 4371 demonstreturmon
1695 4327 1723 4364 a
1744 4312 1895 4364 nobis

318 4406 565 4467 cxaltata,
584 4404 673 4457 sed
690 4420 717 4455 a
742 4404 949 4473 propria
968 4403 1217 4471 dignitate
1234 4404 1515 4459 celebrata.
1532 4403 1760 4472 Mihique
1774 4419 1893 4472 con-

317 4499 490 4551 cedite
515 4507 571 4550 ut
589 4496 993 4566 interrogatione
1007 4506 1059 4550 et
1074 4496 1417 4566 responsione
1433 4510 1543 4550 rem
1567 4497 1889 4563 prepositam

319 4599 539 4643 tractem
567 4606 581 4644 :
614 4588 909 4657 lmjnsmodi
940 4590 1081 4641 enim
1113 4589 1492 4657 quaestionibus
1523 4588 1726 4641 facilior
1767 4604 1893 4641 eva-

318 4680 397 4733 dit
420 4679 695 4732 dubiorum
725 4679 936 4733 solutio.
968 4679 1357 4749 Interrogemus
1388 4694 1513 4747 ergo
1533 4696 1546 4735 :
1570 4677 1888 4731 Futuntttrttu

318 4772 577 4840 Spiritum
603 4781 842 4825 sanctum
872 4772 1146 4841 loquutnm
1179 4787 1296 4825 esse
1328 4786 1418 4840 per
1461 4774 1746 4840 prOphetas
1778 4814 1789 4830 .
1822 4788 1885 4824 an

316 4872 515 4932 negant
537 4904 552 4929 ,
596 4864 678 4917 vel
708 4863 952 4917 dubitant
978 4865 1000 4917 ?
1026 4863 1082 4918 Si
1123 4863 1367 4917 dubitant
1397 4904 1411 4928 ,
1445 4879 1560 4930 qua:
1600 4874 1724 4917 ante
1750 4864 1885 4915 dicta

314 4962 443 5008 sunt
479 4954 529 5006 in
560 4955 869 5008 memoriam
914 4969 1226 5007 revocemus
1252 4995 1266 5019 ,
1296 4954 1563 5023 quomodo
1608 4954 1718 5022 ipse
1754 4955 1887 5006 [iens

316 5044 632 5098 testiﬁcatur
655 5045 839 5100 dicens
872 5088 886 5111 ,
934 5044 1208 5111 Effundam
1252 5045 1313 5098 de
1351 5045 1547 5113 Spiritu
1592 5063 1700 5097 meo
1738 5063 1887 5111 super

315 5151 515 5188 omnem
542 5151 741 5187 carnem
769 5177 785 5201 ,
827 5146 872 5189 et
900 5136 1265 5204 propltetabunt
1293 5136 1317 5188 ?
1344 5136 1568 5204 Spiritus
1595 5137 1737 5189 enim
1767 5151 1887 5205 pro-

315 5225 582 5292 pheticam
628 5225 876 5279 virtutem
922 5226 1140 5282 excitat.
1193 5226 1281 5281 Sic
1328 5237 1375 5280 et
1432 5227 1518 5279 ille
1562 5227 1884 5280 admirabilis

313 5316 525 5388 Moyses
550 5358 564 5379 ,
616 5326 673 5371 ut
719 5318 963 5372 ostendat
1005 5318 1333 5388 prophetiam
1374 5334 1438 5372 ex
1464 5318 1661 5387 Spiritu
1700 5330 1884 5372 sancto

314 5409 579 5477 proﬁcisci
608 5421 661 5464 et
685 5411 957 5476 constitui,
978 5410 1028 5463 in
1053 5412 1190 5465 hanc
1213 5426 1453 5481 magnam
1474 5411 1880 5480 mirabilemque

315 5500 491 5569 erupit
519 5514 701 5555 vocem
732 5518 747 5558 :
784 5519 803 5552 ‹
836 5501 900 5554 Et
933 5504 1047 5570 quis
1079 5502 1224 5556 dabit
1258 5518 1467 5556 onmem
1502 5504 1747 5572 populum
1778 5504 1882 5556 Do-

314 5590 448 5649 mini
478 5591 762 5661 prophetas
780 5605 900 5644 esse
921 5632 934 5654 ,
957 5608 1075 5645 cum
1104 5593 1309 5647 dederit
1345 5595 1598 5647 Dominus
1625 5595 1877 5663 Spiritum

312 5685 555 5735 sanctum
589 5697 742 5736 suum
769 5696 928 5749 super
948 5684 1075 5737 eos?
1102 5701 1122 5732 ι
1156 5684 1211 5737 Si
1238 5694 1412 5738 autem
1443 5700 1567 5739 vere
1587 5686 1881 5740 conﬁtean-

316 5783 403 5829 tur
417 5774 470 5829 id
500 5774 641 5845 quod
667 5774 1001 5829 verissimum
1024 5784 1124 5843 est,
1153 5790 1339 5848 nempe
1360 5774 1613 5845 Spiritum
1642 5785 1879 5837 sanctum

1550 327 1636 381 DE
1674 324 2037 382 SEBPENTE
2073 328 2372 389 HOMILIA.

2020 442 2294 515 loquutum
2321 464 2444 505 esse
2472 455 2525 506 tn
2550 453 2841 523 prophetis,
2869 457 2997 514 audi
3017 468 3075 515 ut
3095 460 3283 518 beatus
3302 463 3390 520 ilic
3413 468 3593 523 admi-

2017 538 2319 609 randusque
2347 541 2654 612 Zacharias,
2683 547 3035 609 Praecursoris
3049 562 3223 623 pater,
3257 554 3420 614 Deum
3447 560 3591 617 dicat

2017 628 2276 699 Spiritum
2302 643 2540 689 sanctum
2563 678 2578 701 ,
2601 637 2689 706 qui
2727 653 2824 706 per
2862 643 3150 711 pr0phetas
3191 646 3438 717 loquutus
3465 661 3547 706 est
3571 668 3587 710 :

2023 738 2044 771 ι
2073 722 2388 778 Benedictus
2410 726 2663 781 Dominus
2693 728 2833 783 Dens
2858 729 3018 787 Israel
3046 776 3059 797 ,
3089 736 3210 804 quia
3238 738 3469 794 visitavit
3491 782 3506 805 ,
3537 752 3592 796 et

2018 815 2142 869 fecit
2163 816 2582 886 redemptionem
2605 820 2773 887 plebis
2800 836 2908 876 sure
2949 839 2961 887 ;
2992 834 3045 878 et
3072 828 3245 882 erexit
3270 843 3433 883 cornu
3451 832 3592 885 salu-

2018 906 2086 960 tis
2113 907 2267 962 nobis
2296 908 2347 962 in
2373 909 2531 963 domo
2562 909 2726 964 David
2756 914 2901 980 pueri
2925 915 3004 967 sui
3031 932 3046 970 :
3073 918 3209 972 sicut
3241 918 3489 989 loquutus
3505 933 3586 977 est

2016 1012 2111 1066 per
2149 1014 2209 1053 os
2250 1008 2555 1055 sanctorum
2590 1042 2605 1065 ,
2636 1001 2725 1071 qui
2757 1018 2786 1056 a
2819 1007 3017 1060 saiculo
3054 1020 3178 1063 sunt
3210 1012 3586 1079 prophetarum

2016 1090 2132 1158 ejus
2158 1108 2178 1141 ι
2210 1089 2361 1163 (Luc.
2396 1093 2447 1151 1.
2477 1092 2689 1166 68-70).
2735 1094 2791 1149 Si
2819 1111 2944 1166 ergo
2968 1098 3103 1152 Deus
3129 1109 3230 1167 est,
3256 1102 3362 1167 ille,
3382 1106 3469 1174 qui
3498 1122 3593 1175 per

2016 1194 2077 1235 os
2114 1182 2494 1250 prophetarum
2524 1185 2772 1255 loquutus
2795 1196 2878 1241 est
2905 1228 2920 1252 ,
2952 1198 3007 1243 et
3033 1189 3260 1257 Spiritus
3289 1205 3505 1251 sanctus
3537 1198 3589 1250 in

2017 1272 2290 1341 prophetis
2316 1274 2563 1343 loquutus
2592 1285 2709 1339 est,
2757 1286 2812 1331 ut
2836 1279 2910 1331 ait
2940 1279 3097 1334 David
3142 1282 3194 1335 in
3227 1283 3363 1338 libro
3392 1286 3593 1358 Regno-

2017 1376 2139 1416 rum
2178 1377 2194 1416 :
2228 1362 2454 1431 Spiritus
2482 1366 2612 1419 enim
2637 1367 2886 1423 Dominus
2915 1372 3150 1438 loquutus
3179 1384 3250 1427 est
3292 1375 3345 1428 in
3390 1393 3466 1431 me
3492 1379 3511 1446 (
3533 1380 3589 1436 2.

2018 1453 2147 1524 Reg.
2195 1454 2282 1510 25.
2313 1456 2391 1525 2)
2417 1473 2432 1518 ;
2463 1473 2590 1526 ergo
2619 1468 2673 1512 et
2716 1459 2855 1515 Deus
2883 1473 2936 1515 et
2963 1462 3222 1519 Dominus
3252 1476 3335 1521 est
3360 1467 3589 1539 Spiritus

2015 1554 2229 1599 sanctus
2255 1547 2343 1616 qui
2373 1562 2469 1617 per
2497 1550 2787 1618 prophetas
2816 1552 3067 1621 loquutus
3094 1563 3195 1609 est.
3245 1556 3442 1612 Verum
3465 1561 3584 1614 cla-

2017 1651 2128 1689 ram
2153 1637 2311 1707 hujus
2341 1639 2418 1693 rei
2446 1640 2956 1697 demonstrationem
2983 1646 3185 1715 accipe.
3223 1650 3437 1704 l)ivinus
3464 1666 3585 1721 apo-

2015 1729 2180 1782 stolus
2199 1745 2293 1799 per
2309 1731 2666 1799 propheticam
2688 1749 2870 1789 vocem
2887 1736 3069 1792 volens
3084 1740 3334 1807 Spiritum
3346 1753 3590 1798 sanctum

2014 1821 2296 1875 ostendere
2326 1861 2339 1885 ,
2387 1822 2437 1875 in
2483 1824 2706 1892 epistola
2731 1827 2794 1879 ad
2818 1825 3121 1883 Corinthios
3144 1831 3217 1884 ait
3244 1847 3259 1885 :
3286 1849 3305 1882 ‹
3334 1833 3386 1885 Si
3408 1844 3587 1888 autem

2014 1928 2203 1967 omnes
2228 1914 2549 1985 prephetent
2578 1957 2595 1983 ,
2643 1919 2806 1973 intret
2832 1930 3008 1977 autem
3041 1924 3159 1990 quis
3196 1924 3425 1980 inﬁdelis
3453 1966 3470 1993 ,
3509 1928 3591 1983 vel

2013 2003 2173 2057 idiota
2194 2048 2208 2071 ,
2248 2010 2581 2062 convincitur
2608 2011 2675 2062 ab
2698 2011 2942 2066 omnibus
2972 2052 2989 2077 ,
3034 2013 3353 2081 dijudicatur
3377 2018 3443 2071 ab
3473 2034 3591 2072 om-

2013 2098 2170 2151 nibus
2197 2114 2211 2162 ;
2241 2101 2444 2153 occulta
2473 2102 2651 2155 cordis
2680 2103 2795 2172 ejus
2826 2106 3101 2160 manifesta
3137 2108 3270 2162 ﬁunt
3294 2126 3306 2164 :
3331 2120 3386 2164 et
3406 2111 3478 2164 ita
3500 2128 3589 2165 cn-

2012 2187 2146 2242 dens
2178 2190 2230 2242 in
2270 2190 2461 2245 facit-tn
2504 2193 2795 2261 adorabit,
2850 2198 3199 2264 pronuntians
3225 2242 3240 2264 ,
3279 2202 3419 2269 quod
3461 2220 3588 2259 vero

2018 2279 2156 2334 Deus
2184 2281 2233 2334 in
2261 2283 2410 2336 vobis
2440 2284 2508 2337 sit
2541 2302 2561 2335 θ
2600 2287 2677 2352 (I.
2710 2285 2825 2339 Cor.
2861 2288 2947 2342 14.
2976 2290 3067 2343 24.
3090 2291 3203 2359 25).
3236 2291 3396 2347 Vides
3428 2294 3590 2362 pieta-

2012 2372 2079 2424 tis
2102 2372 2375 2427 doctorem
2400 2375 2545 2430 clare
2574 2377 2826 2444 iudicare,
2857 2378 3108 2449 Spiritum
3138 2384 3193 2437 in
3216 2385 3583 2454 prophetanti-

2009 2461 2109 2515 bus
2131 2462 2427 2531 loquentem
2460 2466 2623 2520 Deum
2655 2482 2773 2522 esse
2800 2470 2823 2521 ?

2082 2553 2167 2607 10.
2209 2555 2316 2608 Cur
2336 2572 2465 2623 ergo
2496 2599 2511 2622 ,
2547 2557 2795 2614 hmretice
2822 2604 2837 2625 ,
2871 2564 3245 2620 scandaiizaris
3274 2568 3412 2623 circa
3448 2571 3590 2639 piam

2009 2642 2166 2698 ﬁdem
2197 2644 2341 2699 ?cnr
2366 2647 2707 2703 calumniaris
2751 2651 2977 2720 Spiritus
3016 2658 3185 2709 sancti
3228 2657 3535 2727 dignitatem
3564 2664 3584 2715 ?

2008 2751 2103 2790 cur
2131 2737 2251 2791 ﬁdei
2284 2740 2670 2796 confessionem
2698 2746 3122 2813 transgrederis?
3150 2749 3289 2815 Lege
3319 2761 3466 2818 pacta
3497 2763 3580 2807 tua

2008 2827 2061 2881 in
2089 2830 2354 2897 mysteriis
2382 2833 2572 2886 emissa
2594 2874 2610 2899 ,
2640 2836 2903 2903 quomodo
2929 2836 3127 2893 dixeris
3155 2882 3170 2904 ,
3206 2839 3365 2894 Credo
3391 2844 3442 2895 in
3474 2842 3577 2896 Pa-

2008 2927 2134 2972 trem
2160 2931 2205 2973 et
2236 2919 2428 2973 Filium
2458 2932 2504 2975 et
2531 2922 2781 2992 Spiritum
2797 2938 3043 2981 sanctum.
3080 2933 3156 2982 An
3180 2933 3317 2999 quod
3350 2933 3548 2988 credidi
3569 2967 3582 2977 -

2006 3010 2072 3063 sti
2105 3050 2120 3074 ,
2162 3010 2445 3066 eliminasti
2474 3013 2498 3066 ἲ
2538 3015 2677 3083 quod
2721 3018 2995 3073 confessus
3033 3036 3111 3085 es,
3145 3024 3417 3079 avertisti?
3441 3027 3581 3096 quod

2009 3103 2179 3171 palam
2209 3102 2484 3158 declarasti
2522 3147 2536 3167 ,
2570 3107 2669 3163 hoc
2692 3109 2853 3179 impie
2891 3112 3215 3168 labefactasti
3245 3117 3267 3169 ?
3315 3117 3581 3175 bellumne

2005 3207 2127 3247 cum
2156 3209 2283 3261 pace
2308 3196 2448 3264 geris
2479 3197 2501 3249 ?
2539 3198 2881 3268 abnegastine
2931 3204 3131 3258 ﬁdem?
3167 3216 3221 3259 et
3263 3209 3581 3276 qiurstiones

2005 3300 2188 3339 moves
2213 3286 2236 3340 i
2259 3286 2528 3352 Credenti,
2556 3290 2825 3345 conﬁtenti
2856 3293 2947 3346 tibi
2976 3295 3222 3349 traditum
3250 3307 3329 3352 est
3359 3298 3579 3364 donum,

2006 3383 2060 3429 et
2089 3385 2207 3445 post
2237 3377 2433 3432 donum
2470 3380 2601 3435 ﬁdes
2629 3382 2952 3446 eliminatur.
2981 3394 3035 3438 et
3062 3386 3327 3441 inducitur
3350 3389 3578 3459 disputa-

2005 3468 2123 3522 tio?
2160 3468 2238 3524 Ne
2282 3472 2605 3526 Contumelia
2658 3474 2861 3528 afﬁcias
2900 3476 3208 3546 dignitatem
3258 3481 3477 3548 gratim:
3512 3498 3580 3538 ne

2004 3560 2169 3615 violes
2198 3571 2349 3632 pacta
2372 3565 2660 3619 tremendae
2680 3567 2821 3621 illius
2849 3576 2902 3621 et
2927 3569 3530 3629 horrendreinitiationis
3559 3616 3575 3641 ,

2004 3666 2124 3707 cum
2146 3654 2421 3710 confessus
2450 3671 2511 3712 es
2542 3668 2592 3711 te
2620 3660 2858 3725 credere,
2891 3661 2943 3715 in
2972 3662 3183 3716 nomine
3213 3663 3382 3719 Patris
3402 3677 3453 3718 et
3484 3667 3578 3721 Fi-

2003 3745 2057 3798 lii
2085 3757 2134 3798 et
2165 3745 2391 3815 Spiritus
2406 3749 2593 3810 sancti,
2627 3749 2918 3819 baptizatus
2939 3768 2996 3807 es
3018 3755 3262 3808 similiter
3286 3755 3340 3809 in
3366 3756 3575 3811 Patrem

1959 3890 1965 3897 ,
2004 3844 2057 3889 et
2081 3835 2273 3890 Filium
2305 3846 2359 3891 et
2398 3839 2648 3908 Spiritum
2677 3853 2914 3896 sanctum
2951 3860 2965 3909 ;
3008 3845 3306 3900 benedictio
3335 3849 3578 3904 similiter

2003 3928 2056 3982 in
2091 3932 2306 3985 nomine
2335 3931 2505 3987 Patris
2548 3943 2600 3987 et
2645 3933 2765 3989 Filii
2809 3944 2863 3991 et
2907 3936 3136 4006 Spiritus
3179 3941 3369 3995 sancti.
3414 3942 3578 3999 Nobis

2004 4019 2140 4073 dona
2168 4023 2349 4091 gratias
2379 4063 2394 4087 ,
2422 4039 2450 4076 a
2483 4025 2632 4079 vobis
2662 4026 2984 4095 blasphemia
3033 4030 3083 4083 in
3114 4032 3335 4099 gratiam
3361 4034 3384 4085 ?
3412 4034 3577 4089 Nobis

2003 4108 2218 4165 libertas
2262 4127 2289 4165 a
2320 4112 2519 4181 Spiritu
2561 4125 2786 4181 sancto;
2834 4133 2862 4169 a
2899 4118 3048 4173 vobis
3091 4122 3320 4176 servitus
3361 4124 3577 4194 Spiritui

2002 4210 2187 4255 sancto
2201 4203 2519 4259 adscribitur
2542 4208 2566 4259 Υ
2586 4206 2629 4261 0
2646 4208 2917 4262 stultitiam
2942 4209 2954 4263 !
2978 4226 3010 4264 o
3030 4211 3291 4281 ingratum
3318 4217 3585 4273 animum!

2002 4291 2105 4347 Aut
2146 4309 2342 4347 novam
2383 4312 2512 4366 nega
2544 4301 2765 4367 gratiam
2802 4341 2817 4364 ,
2847 4310 2939 4355 aut
2979 4302 3139 4357 Vetus
3175 4287 3575 4363 Testamentum

2002 4402 2282 4451 reverere,
2310 4390 2395 4443 vel
2445 4391 2635 4461 ubique
2682 4402 2853 4448 statue
2898 4395 3170 4451 Trinitatis
3218 4399 3577 4466 mqualitatent

2004 4478 2223 4533 honoris
2246 4523 2257 4542 ,
2287 4496 2444 4547 quam
2475 4497 2613 4551 saepe
2636 4484 2783 4538 vobis
2805 4501 2867 4539 ex
2899 4487 3079 4539 multis
3106 4487 3395 4557 Scriptura:
3420 4494 3571 4545 testi-

2002 4574 2196 4626 moniis
2248 4576 2582 4641 probavimus
2618 4594 2629 4630 :
2659 4578 2848 4646 quibus
2875 4578 3031 4632 aliam
3063 4579 3570 4639 demonstrationem

2003 4664 2291 4732 adjungere
2329 4668 2515 4734 placet.
2540 4665 2703 4732 Nova,
2739 4680 2795 4721 ut
2823 4685 2964 4737 smpe
2991 4670 3120 4736 dixi,
3150 4687 3293 4742 sa-pe
3318 4675 3368 4727 in
3395 4674 3571 4732 Veteri

2002 4756 2344 4811 Testamento
2372 4761 2719 4827 prmtiuntiata
2748 4772 2893 4814 sunt.
2924 4764 3059 4829 Quid
3093 4764 3251 4833 igitur
3276 4765 3299 4819 ?
3346 4767 3573 4837 Imperat

2002 4849 2144 4903 Deus
2171 4850 2333 4920 Moysi
2366 4851 2548 4905 dicens
2572 4867 2585 4904 :
2612 4851 2839 4921 Loquere
2867 4855 3038 4910 Aaron
3068 4868 3114 4910 et
3160 4859 3279 4926 [iliis
3306 4861 3412 4931 ejus
3433 4903 3447 4923 ,
3482 4862 3571 4915 Sic

2001 4942 2267 4996 benedicite
2290 4944 2425 5011 ﬁlios
2454 4942 2617 4998 Israel
2642 4943 2828 5015 (Nunt.
2859 4946 2911 5000 6.
2944 4946 3056 5018 25).
3087 4950 3317 5005 Adverte
3347 4951 3570 5021 diiigen-

2001 5044 2100 5088 ter.
2124 5035 2201 5089 Ne
2221 5036 2337 5104 quis
2362 5037 2655 5105 simplicius
2680 5039 2949 5107 accipiens
2981 5051 3188 5108 putaret
3215 5058 3325 5096 rem
3355 5060 3575 5112 quomo-

1998 5126 2199 5181 dolibct
2214 5127 2352 5182 bene
2377 5143 2435 5182 se
2463 5130 2657 5183 habere
2684 5172 2699 5194 ,
2749 5130 2943 5197 adjecit
2978 5131 3103 5185 illud
3130 5173 3145 5196 ,
3192 5132 3280 5187 Sic
3303 5171 3318 5196 ,
3354 5148 3419 5186 ne
3444 5135 3564 5202 quis

1997 5221 2207 5289 propria
2235 5221 2543 5274 auctoritate
2569 5221 2964 5276 benedictiones
3011 5223 3327 5281 institueret.
3356 5224 3450 5277 sed
3477 5241 3559 5279 se-

1997 5311 2227 5365 eundum
2257 5311 2542 5380 Scriptum
2572 5316 2806 5384 regulam
2837 5318 3015 5368 omnia
3045 5317 3219 5368 facere
3243 5316 3418 5383 jubet.
3452 5319 3561 5385 Sic,

1997 5404 2190 5472 inquit,
2223 5404 2509 5457 benedicite.
2546 5404 2654 5467 Sic,
2685 5407 2998 5475 quomodo?
3047 5405 3315 5459 Benedicet
3341 5409 3430 5461 tibi
3456 5409 3562 5463 Do-

1996 5496 2183 5559 minus,
2207 5504 2253 5547 et
2280 5496 2521 5548 custodiet
2543 5505 2587 5548 te
2608 5495 2766 5564 (Ibid.
2794 5511 2841 5549 υ.
2874 5497 2992 5565 24).
3019 5496 3264 5560 Attende,
3298 5502 3564 5567 quomoda

1996 5586 2307 5640 Trinitatem
2339 5585 2530 5655 ubique
2558 5588 2779 5656 mystice
2802 5595 3081 5656 proponat,
3108 5602 3200 5654 per
3225 5604 3383 5657 quam
3411 5590 3567 5645 bene«

1993 5678 2251 5733 dictiones
2273 5679 2620 5747 triplicantur.
2654 5697 2672 5729 ‹
2708 5678 2987 5732 Benedicet
3013 5687 3063 5730 te
3092 5680 3366 5743 Dominus.
3399 5692 3452 5735 et
3473 5698 3565 5737 cu-

1996 5773 2193 5829 stodiet
2238 5781 2310 5831 te.
2349 5770 2605 5827 Ostendet
2649 5769 2903 5825 Dominus
2943 5768 3146 5825 vultum
3187 5786 3346 5845 super
3385 5783 3437 5829 te
3466 5815 3480 5841 ,
3513 5786 3565 5830 et
