4126 6326
556 336 668 394 ΜΞ

554 426 839 509 benedicet
863 456 936 504 te.
954 444 1176 502 Attollet
1202 443 1456 500 Dominus
1480 441 1681 496 vultum
1704 455 1856 496 suum
1884 454 2043 509 super
2065 448 2137 504 te,

551 554 612 600 et
637 543 729 599 det
756 542 847 596 tihi
875 555 1060 610 pacem
1095 558 1114 592 ›
1148 536 1338 608 (Num.
1361 537 1415 593 6.
1442 536 1532 592 25.
1561 535 1632 589 26
1657 537 1695 604 ).
1731 533 1861 589 Vide
1894 544 2135 587 sanctam

557 635 874 690 Trinitatem
898 632 1104 686 diserte
1129 629 1472 684 celebratam.
1520 626 1586 679 Et
1615 640 1861 694 quaenam
1905 626 2077 695 gratia
2106 640 2136 678 a

550 726 754 797 Spiritu
780 731 969 779 sancto
996 736 1102 776 non
1136 718 1490 788 proficiscitur
1512 717 1537 768 τ
1560 726 1614 771 et
1640 716 1780 787 quod
1809 716 2006 770 donum
2031 730 2139 769 non

556 819 624 875 ab
652 817 741 872 illo
760 815 919 870 datur
946 813 971 866 τ
999 812 1139 884 quod
1167 812 1365 866 bonum
1392 811 1511 865 sine
1536 811 1651 879 ipso
1677 810 1699 863 ?
1748 809 1893 878 quod
1918 809 2136 863 cieleste

554 912 756 966 bonum
786 910 906 965 sine
947 907 1181 977 Spiritus
1211 906 1379 959 sancti
1411 919 1570 973 opera
1600 902 1901 956 hominibus
1927 902 2141 955 contin-

554 1019 682 1074 gere
712 1000 925 1074 possit?
950 999 1274 1056 Scrutamini
1300 998 1621 1066 Scripturas,
1643 1004 1696 1049 et
1724 994 1922 1050 videte.
1956 994 2139 1063 Itaque

553 1095 841 1166 Scriptura
866 1107 1018 1149 sacra
1047 1107 1171 1147 cum
1202 1091 1431 1145 voluerit
1458 1089 1729 1159 quidpiam
1756 1128 1772 1152 ,
1800 1087 1942 1157 quod
1976 1101 2136 1156 supra

557 1196 803 1241 naturam
832 1186 1026 1240 factum
1058 1184 1169 1248 sit,
1203 1182 1439 1237 indicare
1471 1190 1561 1235 aut
1581 1180 1883 1242 ostendere,
1904 1179 2138 1249 Spiritus

555 1277 859 1333 auctoritati
885 1276 1064 1331 omnia
1093 1274 1366 1332 adscribit.
1398 1272 1556 1328 Verbi
1578 1273 1767 1342 gratia,
1799 1272 2135 1336 Samsonem,

554 1370 828 1440 egregium
854 1369 1000 1423 illum
1028 1366 1341 1422 bellatorem
1363 1408 1379 1432 ,
1412 1380 1531 1419 cum
1569 1365 1779 1435 egregia
1809 1366 1894 1418 illa
1931 1380 1991 1418 ac
2020 1374 2136 1419 stus

554 1463 730 1531 penda
772 1460 986 1517 fortiter
1035 1470 1183 1530 gesta
1232 1459 1509 1529 Scriptura
1556 1459 1844 1521 describit,
1904 1458 2138 1528 Spiritus

554 1553 728 1607 sancti
754 1552 918 1607 ductu
951 1552 1003 1606 id
1043 1551 1235 1607 fecisse
1264 1550 1560 1620 praemittit.
1592 1548 1910 1615 Venerunt,
1944 1551 2133 1620 inquit,

558 1643 885 1713 Alienigena:
911 1643 1060 1698 multi
1100 1650 1157 1698 et
1200 1642 1463 1697 innumeri
1492 1643 1544 1695 in
1573 1641 1889 1697 Samsonem
1924 1658 1939 1705 ;
1972 1642 2169 1696 solus-'

553 1752 664 1806 que
694 1736 781 1790 ille
806 1744 922 1790 erat
953 1777 969 1801 ,
1012 1749 1185 1805 neque
1214 1734 1267 1788 id
1298 1742 1500 1788 tantum
1524 1775 1538 1797 .
1577 1733 1671 1787 sed
1720 1737 1879 1788 etiam
1922 1734 2132 1803 ligatus.

557 1832 687 1900 Quae
717 1831 873 1901 igitur
892 1844 1015 1899 spes
1036 1828 1299 1883 libertatis
1316 1827 1532 1882 vincto?
1554 1843 1671 1897 qum
1693 1826 1878 1880 salutis
1903 1827 2137 1895 captivo?

556 1922 829 1994 quomodo
855 1936 989 1976 unus
1013 1921 1192 1975 multis
1217 1920 1463 1989 superior
1482 1920 1584 1973 erit
1612 1919 1635 1972 ?
1660 1917 1894 1988 Spiritus
1924 1918 2136 1975 Domini

559 2012 835 2070 descendit
873 2013 926 2066 in
958 2012 1269 2067 Samsonem
1314 2050 1330 2078 ,
1362 2019 1416 2065 et
1460 2011 1615 2064 irruit
1653 2010 1706 2064 in
1752 2011 2131 2081 Alienigenas,

556 2114 877 2175 repertaque
911 2104 1049 2158 asini
1083 2103 1296 2157 maxilla
1317 2143 1333 2168 ,
1366 2102 1512 2156 mille
1552 2104 1697 2156 viros
1738 2101 2028 2159 interfecit.
2059 2103 2138 2157 Ac

561 2198 684 2253 vide
700 2197 892 2253 divina:
918 2197 1208 2266 Scriptura!
1228 2196 1566 2265 sapientiam.
1587 2194 1717 2251 Cum
1738 2196 2032 2265 inexpertis
2058 2197 2138 2249 in-

555 2290 811 2347 credibile
839 2289 1131 2356 videretur,
1159 2290 1394 2343 vinctum
1415 2288 1625 2342 solutos
1642 2288 1857 2353 vicisse,
1876 2296 1936 2342 et
1960 2287 2134 2342 solum

560 2382 756 2438 multos
781 2397 1087 2451 superasse,
1119 2381 1241 2436 ideo
1268 2380 1511 2450 apposite
1539 2380 1794 2448 pratmisit
1822 2398 1839 2434 :
1873 2379 1938 2432 Et
1962 2380 2135 2450 Spiri-

556 2486 639 2527 tus
676 2472 883 2527 Domini
912 2472 1110 2527 advenit
1148 2471 1201 2525 in
1250 2470 1547 2527 Samsonem
1589 2481 1636 2525 et
1678 2481 1881 2540 accepta
1925 2472 2135 2526 maxilla

557 2566 693 2620 asini
725 2607 740 2631 ,
764 2566 902 2620 mille
921 2567 1053 2619 uiros
1072 2565 1254 2618 occidit
1281 2562 1492 2632 (ludio.
1524 2564 1611 2618 15.
1646 2565 1731 2618 ii.
1761 2562 1895 2635 £5):
1928 2574 1985 2617 ut
2010 2578 2135 2619 cum

557 2659 849 2716 secundum
878 2658 1164 2713 humanam
1182 2665 1424 2710 naturam
1450 2656 1501 2710 id
1523 2656 1830 2710 incredibile
1848 2656 2133 2719 videretur,

555 2767 653 2821 per
702 2750 931 2819 Spiritus
982 2747 1273 2819 potentiam
1334 2746 1657 2801 crederetur.
1734 2744 1913 2814 Itaque
1969 2746 2133 2814 probe

557 2842 765 2914 Moyses
789 2840 957 2895 dixit:
989 2840 1251 2906 Quomodo
1273 2847 1593 2908 persequetur
1618 2854 1747 2891 unus
1774 2838 1930 2903 mille,
1957 2848 2003 2891 et
2031 2838 2135 2892 duo

557 2933 803 3003 {ugabunt
825 2933 992 2986 decem
1017 2930 1198 2995 millia,
1228 2930 1327 2983 nisi
1350 2931 1469 2999 quia
1493 2929 1742 2983 Dominus
1762 2929 1974 2982 tradidit
2005 2945 2088 2983 eos
2118 2972 2132 2996 ,

556 3034 606 3079 et
629 3025 770 3081 Deus
789 3024 1006 3077 vendidit
1031 3023 1146 3077 illos
1173 3021 1351 3093 (Deut.
1378 3021 1470 3076 52.
1494 3021 1587 3090 '50)
1617 3022 1639 3075 ?
1668 3021 1809 3091 Lege
1835 3022 2136 3091 Scripturas

557 3125 614 3170 et
633 3116 684 3170 in
706 3114 930 3185 singulis
952 3113 1274 3168 facinoribus
1299 3111 1530 3182 Spiritus
1554 3114 1722 3168 sancti
1752 3114 1999 3168 virtutem
2030 3128 2134 3167 an-

558 3208 839 3277 tepositam
875 3205 1282 3261 animadvertes.
1342 3204 1615 3260 Venerunt
1667 3205 1992 3276 Alienigena
2021 3247 2036 3270 ,
2082 3213 2138 3261 et

561 3298 789 3369 Spiritus
819 3298 1025 3353 Domini
1055 3296 1339 3351 advenitin
1365 3296 1680 3352 Samsonem
1704 3295 1899 3368 (Judic.
1934 3299 2022 3352 li.
2054 3298 2133 3367 6).

559 3390 746 3445 tnsiliit
789 3390 873 3444 lcu
909 3398 966 3445 et
997 3388 1281 3458 discerpsit
1322 3389 1531 3444 leonem
1564 3399 1621 3443 ut
1642 3388 1882 3444 haedum.
1919 3389 2136 3446 Vinctus

556 3491 638 3536 est
661 3482 846 3536 ferreis
872 3481 1097 3545 catenis,
1124 3489 1179 3535 et
1204 3495 1342 3534 uxor
1360 3481 1481 3550 ejus
1509 3480 1574 3534 ad
1604 3495 1726 3534 eum
1756 3521 1771 3546 ,
1831 3481 2139 3551 Alienigena:

557 3575 613 3627 in
642 3573 959 3628 Samsonem.
985 3571 1091 3627 Sed
1125 3572 1314 3627 iterum
1344 3572 1616 3641 Scriptura
1651 3588 1664 3624 :
1690 3570 1759 3625 Et
1790 3571 2012 3641 Spiritus
2040 3571 2138 3626 Do-

564 3665 690 3719 mini
715 3665 847 3719 uenit
886 3665 941 3717 in
971 3663 1273 3719 Samsonem
1296 3702 1312 3726 .
1344 3673 1389 3717 et
1427 3664 1591 3717 soluta
1619 3672 1735 3715 sunt
1759 3662 1980 3728 vincula,
2009 3672 2066 3716 ut
2094 3663 2139 3716 si

557 3767 743 3829 stuppa
784 3760 961 3812 sentiat
986 3760 1153 3829 ignem
1174 3754 1340 3829 (Iud.
1375 3756 1461 3811 16.
1492 3756 1587 3826 9).
1616 3754 1832 3809 Nullum
1854 3754 1970 3824 ejus
1996 3770 2134 3824 pra:-

556 3851 759 3903 clarum
786 3847 990 3903 facinus
1011 3847 1231 3914 inducit,
1266 3863 1368 3901 non
1404 3848 1675 3916 praemissa
1702 3846 1930 3916 Spiritus
1958 3846 2138 3902 eflica-

559 3940 662 3994 cia.
693 3939 893 3994 Deinde
918 3955 1038 3993 cum
1068 3939 1213 3993 omni
1244 3940 1440 3993 virtute
1468 3938 1695 3993 nudatus
1722 3946 1896 4003 esset,
1922 3937 2139 3993 attende

559 4031 900 4102 animo,quid
930 4032 1070 4087 dicat
1099 4031 1391 4101 Scriptura,
1412 4048 1532 4103 qua:
1560 4032 1993 4103 ubiquedixerat,
2014 4047 2136 4086 cum

558 4124 772 4193 aliquod
809 4123 1009 4178 facinus
1036 4124 1413 4194 aggrederetur
1433 4166 1448 4190 ,
1495 4134 1550 4179 et
1577 4124 1853 4187 vinceret,
1912 4123 2138 4193 Spiritus

555 4226 758 4271 sanctus
782 4217 910 4269 venit
936 4217 989 4268 in
1018 4215 1340 4270 Samariam.
1374 4216 1659 4286 Postquam
1691 4225 1850 4285 caput
1887 4215 2008 4283 ejus
2035 4214 2133 4268 de-

564 4322 774 4365 tonsnm
797 4319 903 4372 est,
936 4308 1145 4377 prodito
1168 4310 1351 4379 gratite
1383 4310 1602 4379 pignore
1622 4351 1636 4373 ,
1665 4309 1843 4364 statim
1875 4308 2087 4377 scripsit
2119 4347 2136 4373 ,

563 4400 633 4455 Et
664 4401 909 4455 Dominus
958 4401 1182 4455 discessit
1218 4419 1249 4453 a
1286 4401 1532 4455 Samsone
1561 4401 1708 4471 (Iud.
1741 4403 1828 4457 i6.
1855 4400 1971 4472 20).
2002 4400 2135 4454 Cum

561 4493 887 4567 Alienigena:
940 4503 1236 4561 venerunt,
1268 4494 1492 4564 Spiritus
1536 4494 1740 4549 Domini
1791 4493 2041 4547 descendit
2084 4494 2137 4545 in

1990 313 2360 374 SEVERIANI

3716 320 3822 383 516

2247 440 2415 510 ipsum
2438 457 2456 494 :
2479 453 2596 495 cum
2621 448 2795 497 autem
2826 442 3063 507 recessit,
3096 441 3190 506 ait.
3222 442 3290 497 Et
3324 441 3574 500 Dentium
3599 439 3824 494 discessit

2245 531 2441 585 abillo.
2484 531 2551 588 Et
2588 531 2708 601 jure
2744 533 2959 603 quidem
2992 551 3004 587 :
3034 549 3154 588 nam
3192 532 3442 587 Dominus
3490 532 3713 603 Spiritus
3753 541 3827 587 est

2246 619 2265 691 (
2294 620 2347 673 2.
2377 620 2494 675 Cor.
2516 622 2570 676 '5.
2600 623 2667 676 l7
2693 623 2734 693 ).
2767 624 2875 679 Nec
2901 624 3074 678 solum
3116 624 3169 678 in
3197 623 3377 678 Veteri
3407 623 3749 680 Testamento
3771 622 3825 675 id

2244 714 2668 779 animadvertes,
2716 716 2809 770 sed
2858 718 3016 771 etiam
3046 716 3097 770 in
3128 716 3404 785 apostolis.
3435 713 3659 782 Quando
3705 730 3825 768 ma-

2243 820 2399 874 gnam
2422 807 2703 876 quamdam
2719 803 3181 876 etpraecellentem
3193 806 3449 865 virtutem
3463 808 3661 866 divina:
3675 809 3825 864 Lite-

2243 913 2316 951 τω
2338 899 2642 966 praedicant,
2672 900 2862 968 ubique
2888 900 3116 969 Spiritus
3131 902 3499 957 auctoritatem
3526 903 3823 972 praemittit.

2243 991 2448 1046 inducit
2474 1007 2661 1046 rursus
2698 992 2917 1047 Paulum
2944 995 2996 1048 in
3028 994 3205 1066 Cypro
3257 996 3641 1055 exsecrandum
3673 996 3824 1049 illum

2242 1082 2485 1153 Elymum
2531 1099 2743 1155 magum
2773 1087 2937 1141 verbo
2967 1089 3275 1156 punientem
3306 1128 3321 1153 ,
3349 1088 3489 1157 quod
3517 1095 3701 1142 contra
3732 1104 3823 1141 ve-

2242 1175 2452 1229 ritatem
2476 1184 2768 1245 pugnaret;
2796 1188 2851 1230 et
2874 1178 2992 1246 quia
3022 1193 3136 1232 rem
3166 1180 3479 1247 stnpendam
3509 1190 3824 1233 narraturus

2242 1273 2378 1330 erat,
2409 1267 2593 1320 oculos
2622 1282 2810 1337 nempe
2833 1268 2997 1322 verbo
3024 1270 3333 1333 exstinctus,
3354 1271 3459 1325 ait:
3487 1270 3616 1323 Ecce
3644 1287 3823 1323 manus

2242 1354 2446 1409 Domini
2468 1358 2523 1409 in
2548 1368 2615 1422 te,
2640 1367 2686 1411 et
2710 1360 2810 1413 eris
2833 1375 3013 1421 aecus,
3042 1377 3141 1413 non
3168 1362 3340 1415 uidens
3367 1362 3523 1415 solem
3552 1361 3570 1431 (
3588 1361 3699 1414 Act.
3730 1361 3818 1414 15.

2243 1450 2303 1503 ll
2334 1447 2376 1521 ).
2404 1450 2533 1504 Illud
2559 1460 2735 1508 autem
2757 1461 2810 1507 et
2835 1453 2982 1507 Pauli
3010 1463 3059 1509 et
3088 1456 3324 1509 omnium
3344 1456 3644 1510 mortalium
3671 1464 3823 1510 natu-

2241 1555 2355 1593 ram
2383 1543 2669 1611 superabat
2699 1585 2714 1607 ,
2748 1559 2942 1614 nempe
2980 1545 3164 1599 oculos
3200 1546 3502 1600 hominibus
3530 1546 3694 1601 verbo
3721 1562 3823 1601 ex-

2240 1633 2529 1703 stinguere.
2561 1636 2791 1692 Verbum
2814 1639 2959 1693 enim
2983 1640 3213 1694 hominis
3242 1656 3346 1694 non
3368 1650 3819 1708 mutatnatnram,

2242 1739 2341 1779 nec
2361 1725 2545 1780 oeulos
2568 1738 2826 1782 excaecat.
2875 1728 2953 1784 Ne
2988 1731 3106 1797 quis
3131 1746 3261 1801 ergo
3288 1732 3518 1786 humana
3549 1734 3707 1788 verba
3736 1748 3823 1788 re-

2240 1816 2495 1884 spiciens,
2519 1818 2585 1873 de
2610 1834 2667 1874 re
2689 1819 3086 1890 obstupesceret
3109 1866 3122 1888 ,
3150 1824 3646 1879 etcommeutitium
3669 1826 3822 1894 quid-

2239 1909 2363 1964 dam
2388 1910 2489 1965 dici
2517 1922 2746 1981 putaret,
2780 1915 3050 1983 prtemittit
3078 1916 3267 1969 iterum
3290 1916 3565 1986 Scriptura
3590 1917 3823 1985 Spiritus

2239 2002 2408 2056 sancti
2456 2005 2850 2059 auctoritatem.
2901 2004 3084 2071 Tunc,
3132 2007 3320 2077 inquit,
3375 2007 3570 2062 Paulus
3615 2009 3821 2079 Spiritu

2237 2104 2412 2147 sancto
2438 2095 2657 2163 repletus
2677 2098 2747 2150 ait
2763 2098 2841 2151 illi
2871 2098 3030 2167 (Ibid.
3055 2116 3104 2153 υ.
3132 2099 3213 2170 9).
3245 2099 3418 2155 [labes
3439 2109 3493 2156 et
3517 2103 3678 2157 aliam
3705 2102 3815 2156 cir—

2238 2199 2301 2240 ca
2330 2187 2583 2255 Spiritum
2614 2198 2853 2243 sanctum
2881 2190 3384 2249 demonstrationem
3407 2194 3484 2248 :si
3512 2194 3631 2262 quis
3660 2192 3824 2249 homo

2242 2277 2387 2332 rudis
2426 2280 2648 2343 melius,
2680 2296 2837 2350 quam
2878 2281 3097 2339 facultas
3126 2282 3291 2345 ferat.
3318 2284 3566 2353 loquatur
3595 2301 3609 2338 :
3634 2299 3823 2338 verum

2240 2367 2377 2423 hanc
2401 2385 2586 2424 rursus
2612 2373 2976 2439 operationem
3004 2372 3271 2444 Scriptura
3302 2374 3523 2444 Spiritui
3544 2374 3819 2432 adscribit.

2240 2458 2481 2529 Exempli
2503 2462 2670 2529 gratia
2703 2503 2717 2525 ,
2748 2462 2939 2518 Petrus
2966 2474 3019 2518 et
3039 2463 3270 2520 Joannes
3288 2465 3342 2519 in
3370 2464 3674 2521 Iudaeorum
3706 2468 3817 2522 {re-

2240 2553 2455 2619 quentia
2501 2554 2889 2610 concionantur
2917 2573 2929 2608 :
2961 2554 3028 2608 Et
3073 2566 3190 2609 tunc
3220 2597 3234 2621 ,
3266 2557 3377 2622 ait,
3414 2556 3600 2611 Petrus
3643 2560 3822 2627 plenus

2242 2641 2440 2713 Spiritu
2468 2654 2643 2699 sancto
2668 2645 2796 2700 dixit
2822 2646 2890 2698 ad
2920 2647 3195 2717 papulum:
3215 2646 3294 2701 An
3304 2649 3501 2718 justum
3516 2659 3588 2703 est
3616 2650 3668 2702 in
3692 2667 3820 2704 con-

2238 2746 2411 2804 spectu
2450 2733 2567 2801 Dei,
2589 2752 2680 2789 uos
2701 2737 2866 2805 potius
2884 2738 3078 2802 audire,
3109 2755 3260 2808 quam
3281 2737 3468 2804 Deum,
3497 2755 3582 2793 vos
3594 2740 3823 2811 judicatc

2242 2825 2393 2897 (Act.
2416 2827 2472 2880 4.
2503 2827 2555 2882 8.
2587 2834 2633 2881 et
2664 2828 2787 2899 19).
2817 2827 2923 2883 Cur
2949 2845 3078 2899 ergo
3124 2831 3319 2884 dicitur
3346 2872 3361 2896 ,
3398 2828 3588 2883 Plenus
3621 2831 3821 2901 Spiritu

2240 2928 2413 2973 sancto
2434 2921 2459 2973 ?
2485 2919 2620 2986 Quia
2651 2921 2919 2975 indoctum
2941 2921 3231 2978 excedebat
3262 2922 3376 2978 lucc
3405 2923 3653 2993 loquendi
3678 2922 3811 2976 lidu-

2240 3015 2319 3067 cia
2344 3052 2359 3076 ,
2393 3027 2460 3066 ne
2488 3012 2606 3082 quis
2638 3012 2955 3083 piscatorem
2976 3014 3267 3084 respiciens
3285 3055 3301 3080 ,
3324 3014 3551 3069 orationi
3596 3015 3667 3068 illi
3691 3029 3820 3069 san-

2240 3112 2339 3158 cta:
2360 3119 2478 3159 cum
2503 3104 2744 3159 libertate
2766 3104 2958 3159 habitae
2984 3105 3143 3160 ﬁdem
3173 3122 3279 3160 non
3309 3105 3544 3168 haberet,
3566 3105 3819 3176 praemisit

2243 3194 2472 3264 Spiritus
2493 3196 2662 3249 sancti
2692 3197 3004 3266 sapientiam
3032 3238 3051 3261 ,
3080 3213 3149 3251 ne
3186 3198 3393 3252 mireris
3418 3196 3818 3252 abundantiam.

2241 3287 2396 3354 Quod
2424 3288 2469 3343 si
2498 3287 2708 3344 videtur
2732 3331 2746 3356 ,
2788 3290 2950 3344 alium
2987 3290 3389 3348 consideremus
3414 3331 3429 3354 ,
3463 3302 3520 3344 ut
3562 3290 3730 3358 magis
3752 3302 3823 3343 ac

2241 3380 2412 3450 magis
2454 3378 2592 3435 dicta
2636 3380 3037 3435 confirmentur.
3076 3379 3287 3435 Sanctis
3316 3381 3503 3435 caelum
3534 3381 3768 3449 aperitur
3800 3419 3818 3443 ,

2241 3474 2333 3527 sed
2382 3474 2498 3529 sine
2539 3474 2740 3543 Spiritu
2779 3484 2963 3531 sancto
3007 3491 3111 3529 non
3152 3475 3423 3543 aperitur;
3451 3488 3624 3543 neque
3678 3474 3820 3528 enim

2242 3564 2411 3620 oculis
2463 3567 2705 3634 corporis
2750 3566 2938 3620 ctutum
2985 3574 3226 3633 apertum
3270 3564 3515 3628 videtur,
3551 3564 3647 3619 sed
3690 3563 3820 3632 Spi-

2241 3656 2376 3710 ritus
2411 3658 2577 3711 sancti
2609 3658 2938 3726 operatione.
2979 3657 3120 3711 Vidit
3142 3657 3445 3727 Stephanus
3486 3657 3645 3711 caelos
3667 3671 3820 3725 aper-

2243 3756 2357 3812 tos;
2382 3763 2563 3802 verum
2590 3791 2605 3813 ,
2631 3759 2687 3804 ut
2718 3750 2791 3803 ait
2818 3749 3085 3818 Scriptura
3114 3791 3129 3813 ,
3158 3765 3276 3804 cum
3308 3760 3451 3803 esset
3478 3750 3666 3817 plenus
3695 3747 3815 3816 Spi-

2242 3840 2348 3895 ritu
2375 3850 2558 3896 sancto
2580 3840 2715 3914 (Act.
2749 3842 2802 3896 6.
2834 3838 2908 3913 5),
2942 3842 3089 3895 vidit.
3114 3840 3572 3910 Nusquamigitur,
3607 3838 3819 3900 fratres,

2241 3934 2429 3989 caelum
2460 3935 2584 3990 licet
2607 3943 2846 4003 apertum
2876 3934 3053 3988 videre
3076 3975 3091 4000 ,
3120 3933 3234 3988 sine
3260 3933 3456 4003 Spiritu
3480 3973 3496 3998 ,
3524 3947 3696 4001 neque
3721 3931 3821 3984 do-

2241 4030 2394 4085 cendi
2426 4031 2759 4084 autoritatem
2779 4044 3013 4094 sumere,
3046 4043 3145 4082 nec
3173 4027 3547 4082 miraculorum
3574 4026 3820 4079 virtutem

2242 4124 2497 4177 exhibere
2545 4123 2660 4177 sine
2681 4130 2865 4175 sancto
2881 4130 2934 4175 et
2953 4119 3223 4175 adorando
3238 4119 3457 4188 Spiritu.
3479 4116 3665 4172 Omnia
3688 4116 3822 4169 enim

2243 4224 2480 4285 aperatur
2508 4231 2638 4268 unus
2666 4224 2711 4267 et
2739 4215 2869 4267 idem
2888 4212 3131 4284 Spiritus,
3156 4212 3381 4265 dividens
3405 4209 3617 4280 singulis
3638 4249 3653 4274 ,
3674 4216 3823 4278 prout

2245 4308 2349 4360 vult
2373 4308 2419 4378 (t
2433 4346 2447 4359 .
2468 4308 2584 4363 Cor.
2614 4307 2704 4363 l2.
2731 4306 2820 4380 ll)
2847 4324 2860 4360 :
2883 4307 2966 4363 cui
2981 4306 3152 4378 gloria
3195 4307 3245 4361 in
3266 4306 3461 4363 Saecula
3482 4303 3820 4360 saeculorum.

2246 4400 2439 4455 Amen.
