4118 6310
298 315 410 372 515

297 432 475 502 τήσει
528 444 622 483 σε.
664 430 895 499 Ἐπαρει
948 430 1162 499 Κύριος
1207 430 1275 485 τὸ
1324 432 1652 499 πρόσωπον
1696 430 1884 484 αὐτοῦ

296 514 398 568 ἐπὶ
424 511 520 573 σὲ,
542 512 640 565 καί
663 510 782 579 δῴη
810 526 907 567 σοι
929 513 1194 582 εἰρήνην.
1216 514 1356 582 Ὅρα
1376 513 1474 585 τὴν
1496 512 1658 582 ἁγίαν
1679 512 1884 583 Τριάδα

298 595 595 667 διαρρήδην
630 596 1065 666 ἀνυμνουμένην.
1097 596 1231 649 Ποία
1265 598 1423 668 χάρις
1448 596 1549 649 οὑκ
1578 595 1686 649 ἀπὸ
1718 594 1884 648 Πνεύ-

303 696 472 750 ματος
520 678 713 746 ἀγίου;
766 681 915 733 ποῖον
966 680 1138 751 δῶρον
1183 681 1285 733 οὑκ
1334 680 1394 745 ἐξ
1434 681 1680 746 ἐκείνου;
1732 682 1885 733 ποῖον

299 764 502 833 ἀγαθὸν
546 763 675 817 ἄνευ
727 763 972 828 ἐκείνους
1006 763 1057 816 τί
1104 763 1329 818 δύναται
1377 764 1471 818 καὶ
1516 762 1885 833 ὑπερκόσμιον

298 847 632 917 ἐπιφανῆναι
670 850 783 910 τοῖς
825 847 1132 919 ἀνθρώποις
1174 850 1300 903 ἄνευ
1341 848 1659 919 Πνεύματος
1689 848 1882 915 ἀγίου;

312 932 600 1004 Ἐρευνᾶτε
644 933 743 996 τὰς
776 932 1018 1003 Γραφάς,
1050 933 1142 987 καὶ
1176 934 1510 1003 σκοπήσατε,
1546 932 1641 996 ὡς,
1685 932 1813 986 ὅταν
1851 934 1884 1004 ἡ

298 1015 492 1085 Γραφὴ
543 1014 672 1088 θέλῃ
719 1015 955 1086 μηνῦσαί
990 1032 1040 1068 τι
1087 1015 1120 1087 ἢ
1168 1016 1338 1082 δεῖξαι
1371 1016 1479 1070 τῶν
1534 1015 1674 1087 ὑπὲρ
1724 1014 1886 1084 φύσιν

298 1098 765 1168 ἀποτελουμένων,
814 1101 881 1170 τῇ
922 1098 1016 1152 τοῦ
1045 1099 1363 1170 Πνεύματος
1401 1099 1656 1171 αὑθεντίᾳ
1688 1099 1748 1153 τὸ
1779 1102 1886 1153 πᾶν

297 1182 610 1253 ἐπιγράφει.
647 1178 792 1247 Οἷον,
827 1184 1062 1255 Σαμψὼν
1091 1185 1183 1238 τὸν
1214 1187 1460 1253 γενναῖον
1506 1187 1714 1238 ἐκεῖνον
1762 1185 1885 1256 ἀρι-

300 1266 451 1331 στέα,
487 1268 576 1320 ὅτε
604 1266 674 1319 τά
719 1268 953 1338 μεγάλαι·
970 1269 1151 1322 ἐκεῖνα
1185 1270 1280 1322 καὶ
1331 1269 1608 1340 παράδοξα
1652 1268 1752 1339 τῆς
1795 1270 1888 1322 ἀν-

297 1350 481 1420 δρείας
513 1349 849 1404 ἐνεδείκνυτο
890 1354 1343 1423 στρατηγήματα,
1377 1355 1411 1425 ή
1446 1353 1635 1424 Γραφὴ
1680 1369 1887 1407 παντα-

297 1438 395 1506 χοῦ
440 1438 778 1500 δεικνύουσα,
807 1438 868 1491 τὸ
902 1438 1125 1509 Πνεῦμα
1151 1440 1212 1492 τὸ
1244 1440 1398 1508 ἀγιον
1422 1440 1531 1494 τῶν
1578 1456 1889 1512 στρατηγη-

301 1521 487 1589 μάτων
518 1522 867 1593 προέταττεν.
887 1517 1111 1587 Ἶνίλθον,
1136 1525 1320 1594 φησὶν,
1348 1525 1659 1594 Ἀλλόφυλοι
1681 1525 1772 1577 ἐπὶ
1795 1524 1886 1577 τὸν

299 1607 536 1679 Σαμψὼν
590 1608 807 1675 πολλοὶ,
858 1610 953 1663 καὶ
1013 1610 1379 1681 ἀναρίθμητοι
1402 1627 1415 1640 ο
1472 1613 1569 1664 καὶ
1619 1611 1781 1681 μόνος
1816 1606 1885 1681 ἦν

295 1692 527 1756 ἐκεῖνος·
559 1693 652 1747 καὶ
680 1694 741 1747 οὑ
770 1693 928 1748 τοῦτο
959 1695 1140 1764 μόνον,
1165 1696 1302 1749 ἀλλά
1329 1696 1422 1749 καὶ
1452 1696 1753 1767 δεδεμένος.
1781 1696 1879 1759 Τίς

294 1770 388 1830 οὖν
417 1776 571 1841 λύσις
603 1776 680 1847 τῷ
728 1777 1025 1848 δεδεμένιεη
1072 1778 1156 1842 τίς
1204 1780 1448 1852 σωτηρία
1488 1780 1566 1851 τῷ
1607 1781 1882 1852 ἀπειλημ-

298 1858 475 1930 μένῳς
529 1861 645 1924 πῶς
696 1856 777 1924 εἷς
832 1862 1170 1931 περιγίνεται
1216 1862 1322 1916 τῶν
1367 1862 1609 1929 πολλῶνς
1658 1864 1883 1935 Πνεῦμα

297 1942 499 2014 Κυρίου
544 1943 809 2013 κατῆλθεν
838 1946 929 1997 ἐπὶ
956 1942 1214 2017 Σαμψὼν,
1247 1950 1340 2001 καὶ
1372 1949 1611 2018 ἐφήλατο
1639 1950 1731 2002 ἐπὶ
1759 1950 1884 2012 τοὺς

310 2028 693 2097 Ἀλλοιρύλους,
737 2031 829 2083 καὶ
872 2030 1049 2102 εὑρὼν
1090 2032 1214 2085 ὄνου
1253 2033 1498 2101 σιαγόνα,
1545 2033 1751 2103 χιλίους
1787 2032 1882 2086 ἄν-

295 2114 430 2183 δρας
462 2114 836 2188 διεχειρίσατο.
863 2116 973 2170 Καὶ
1005 2117 1107 2188 ὅρα
1138 2119 1236 2187 τῆς
1265 2118 1413 2181 θείας
1439 2115 1663 2189 Γραφῆς
1702 2118 1761 2170 τὸ
1796 2135 1885 2170 σο-

296 2198 417 2267 φόν.
457 2198 674 2270 Ἐπειδὴ
703 2202 816 2264 τοῖς
845 2201 1093 2272 ἀπείροις
1117 2201 1211 2254 τοῦ
1245 2202 1433 2274 ἀνδρὸς
1466 2202 1694 2257 ἄπιστον
1725 2197 1793 2273 ἦν
1824 2203 1884 2256 τὸ

297 2281 471 2351 ῥῆμα,
500 2282 582 2334 ὅτι
611 2284 639 2334 ό
675 2282 956 2353 δεδεμένος
984 2283 1235 2355 ἐνίκησεν
1262 2287 1389 2350 τοὺς
1414 2284 1770 2356 λελυμένους
1788 2284 1885 2339 καὶ

294 2365 327 2416 ὁ
357 2363 515 2432 μόνος
549 2364 658 2417 τῶν
692 2365 903 2418 πολλῶν
948 2369 1320 2437 περιεγένετο,
1348 2370 1432 2422 διὸ
1466 2370 1731 2441 προέταξε
1784 2386 1884 2424 κα-

293 2447 433 2510 λῶς·
472 2447 583 2502 Καὶ
620 2449 865 2520 Πνεῦμα
898 2452 1117 2519 Κυρίου
1166 2453 1434 2523 ἐπῆλθεν
1463 2454 1563 2509 ἐπὶ
1595 2454 1879 2524 Σαμψὼν,

293 2530 397 2584 καὶ
432 2532 610 2586 ἔλαϐε
646 2535 902 2604 σιαγόνα
931 2536 1097 2601 ὄνου,
1133 2538 1234 2591 καί
1272 2538 1476 2592 ἀνεῖλε
1507 2540 1778 2608 χιλίους·
1813 2540 1880 2591 ἵν’

292 2614 423 2667 ὅταν
455 2616 730 2687 ἀπιστηθῇ
768 2616 857 2671 διά
890 2618 987 2690 τὴν
1015 2619 1366 2693 ἀνθρωπίνην
1401 2621 1584 2690 φύσιν,
1614 2622 1880 2695 πιστευθῇ

290 2698 382 2751 διὰ
406 2697 504 2768 τὴν
537 2699 631 2752 τοῦ
664 2701 980 2772 Πνεύματος
1011 2703 1261 2774 δύναμιν.
1288 2705 1497 2758 Οὐκοῦν
1524 2706 1703 2770 καλῶς
1728 2706 1888 2775 ἐλεγε-

292 2780 557 2852 Μωῦσῆς
587 2781 721 2849 Πῶς
744 2784 1012 2849 διώξεται
1040 2781 1128 2853 εἷς
1157 2790 1415 2856 χιλίους,
1446 2788 1545 2842 καί
1577 2788 1685 2842 δύο
1710 2805 1883 2857 μετα-

292 2863 621 2929 κινήσουσι
647 2866 962 2936 μυριάδας,
988 2871 1040 2923 εἱ
1066 2868 1152 2938 μὴ
1183 2869 1273 2924 ὅτι
1299 2872 1512 2938 Κύριος
1538 2870 1882 2939 παρέδωκεν

294 2947 541 3013 αὐτοὺς,
581 2948 679 3002 καί
713 2953 746 3005 ό
791 2952 935 3017 Θεὸς
987 2953 1245 3007 ἀπέδοτο
1290 2954 1546 3020 αὺτούς;
1582 2953 1880 3023 Ἀνάγνωθι

295 3029 397 3094 τὰς
436 3030 685 3103 Γραφὰς,
720 3035 814 3088 καὶ
862 3037 1115 3108 εὑρήσεις
1161 3039 1247 3107 ἐφ’
1280 3036 1512 3092 ἑκάστου
1567 3040 1879 3111 στρατηγή-

297 3132 471 3186 ματος
504 3119 949 3191 προτεταγμένην
982 3121 1078 3175 τοῦ
1104 3121 1242 3175 Πνεύ
1254 3138 1421 3191 ματος
1448 3121 1548 3193 τὴν
1573 3123 1879 3178 αὑθεντίαν.

290 3194 500 3253 Ἦλθον
527 3203 575 3255 οἰ
612 3202 941 3272 Ἀλλόφυλοι,
973 3207 1068 3258 καὶ
1102 3206 1326 3277 Πνεῦμα
1366 3208 1571 3276 Κυρίου
1616 3208 1881 3278 κατῆλθεν

288 3285 390 3339 ἐπὶ
447 3287 706 3358 Σαμψών.
764 3288 969 3361 Ἐπήδο,
1024 3290 1192 3354 λέων,
1244 3290 1340 3344 καὶ
1400 3291 1727 3363 διεσπάραξε
1788 3293 1881 3347 τὸν

290 3366 485 3424 λέοντα
518 3371 596 3435 ὡς
635 3372 840 3443 ἔριφον.
895 3372 1079 3444 Ἐδέθη
1129 3374 1373 3445 σιδηραῖς
1409 3373 1660 3437 ἀλύσεσι,
1708 3376 1803 3428 καὶ
1842 3378 1878 3448 ή

291 3453 435 3525 γυνὴ
482 3456 619 3528 πρὸς
652 3457 816 3511 αὐτόν
833 3474 848 3489 ·
882 3459 1234 3529 Ἀλλόφυλοι
1267 3459 1367 3513 ἐπὶ
1403 3460 1683 3528 Σαμψών.
1718 3461 1879 3515 Ἀλλά

294 3536 460 3591 πάλιν
498 3539 532 3608 ή
579 3539 770 3612 Γραφή
792 3556 807 3571 ·
846 3542 958 3595 Kal
1004 3542 1251 3612 Πνεῦμα
1295 3544 1517 3611 Κυρίου
1548 3539 1738 3613 ἦλθεν
1778 3544 1878 3599 ἐπὶ

294 3620 582 3688 Σαμψὼν,
611 3623 711 3675 καί
746 3623 991 3693 διελύθη
1028 3626 1103 3679 τὰ
1141 3625 1356 3697 δεσμὰ,
1385 3626 1467 3694 ὡς
1493 3625 1642 3681 ὅταν
1680 3642 1877 3683 στυπ-

292 3704 438 3757 alar
470 3705 783 3775 ὀσφρανθῇ
825 3709 1033 3778 πυρός.
1073 3709 1320 3780 Ούδαμοῦ
1352 3710 1610 3779 οὐδεμίαν
1655 3710 1873 3781 εἰσῆγεν

294 3784 449 3859 [529]
495 3789 795 3858 ἀριστείαν,
833 3791 907 3863 μὴ
958 3792 1233 3864 προτάξας
1263 3791 1358 3846 τοῦ
1414 3791 1729 3865 Πνεύματος
1776 3795 1875 3866 τὴν

292 3869 591 3940 ἐνέργειαν.
621 3868 755 3926 Εἶτα
776 3874 898 3927 ἐπεὶ
921 3874 1103 3928 λοιπὸν
1129 3876 1417 3949 ἐγυμνώθη
1447 3878 1545 3948 τῆς
1567 3877 1872 3949 δυνάμεως,

291 3953 529 4025 πρόσεχε
567 3956 843 4027 ἀκριϐῶς,
885 3958 940 4011 τί
986 3958 1368 4030 παραδέδωκεν
1402 3962 1435 4031 ἡ
1482 3959 1603 4013 θεία
1648 3959 1872 4033 Γραφὴ,

287 4037 569 4108 πανταχοῦ
615 4038 879 4108 λέγουσα,
913 4043 1002 4095 ὅτε
1048 4042 1395 4115 ἐστρατήγει,
1440 4046 1533 4098 καὶ
1576 4044 1760 4111 ἐνίκα,
1792 4046 1874 4099 ὅτι

286 4119 537 4191 Πνεῦμα
567 4123 790 4192 Κυρίου
828 4119 1014 4193 ἦλθεν
1040 4126 1139 4180 ἐπί
1165 4126 1447 4196 Σαμψών,
1477 4128 1609 4182 Ὅτε
1643 4127 1874 4201 ἐξυρᾶτο

282 4204 391 4277 τὴν
436 4205 698 4277 κεφαλήν,
739 4207 1017 4279 προδιδοὺς
1070 4210 1171 4281 τῆς
1224 4211 1445 4282 χάριτος
1492 4211 1555 4264 τὸ
1590 4211 1869 4283 ἐνέχυρον,

282 4288 489 4353 εὐθέως
518 4288 746 4361 ἔγραφε*
774 4290 886 4346 Kal
921 4293 1137 4361 Κύριος
1164 4294 1401 4363 ἀπέστη
1435 4294 1556 4350 ἀπὸ
1586 4297 1867 4365 Σαμψών.

281 4375 419 4429 Ὅτε
455 4374 507 4427 οἰ
538 4374 867 4445 ’Δλλόφυλοι,
898 4376 1006 4431 Kal
1038 4377 1285 4449 Πνεῦμα
1315 4380 1536 4449 Κυρίου
1570 4377 1872 4449 κατῆλθεν

610 5753 882 5815 ΡΑτιιοι..
914 5755 1033 5815 Gn.
1076 5754 1227 5814 LVI.

1534 313 1620 369 DE
1657 308 2022 369 SERPENTE
2063 313 2372 372 HOMILIA.

3468 319 3572 382 518

1987 430 2081 485 ἐπ’
2103 434 2289 486 αὐτόν
2307 449 2319 462 ·
2342 433 2430 486 ὅτε
2458 430 2741 502 ἀνεχώρει,
2767 432 2934 501 λέγει·
2966 435 3073 488 Kal
3100 437 3315 505 Κύριος
3338 437 3574 509 ἀπέστη

1987 516 2089 569 ἀπ’
2110 517 2316 571 αὑτοῦ.
2348 516 2459 569 Καὶ
2497 516 2752 580 εἰκότως’
2784 519 2812 569 ό
2842 518 2950 589 γὰρ
2986 519 3198 587 Κύριος
3228 521 3293 575 τό
3333 524 3577 592 Πνεῦμὰ

1986 601 2174 655 ἐστιν.
2218 602 2292 656 Οὑ
2343 600 2501 670 μόνον
2534 600 2591 655 δὲ
2624 602 2682 651 ἐν
2713 604 2778 672 τῇ
2829 603 3041 674 Παλαιᾷ
3072 604 3275 676 ταύτην
3324 606 3575 678 εὑρήσεις

1986 685 2086 755 τὴν
2116 684 2367 756 θεωρίαν,
2392 684 2527 738 ἀλλά
2557 686 2651 738 καὶ
2674 686 2731 737 ἐν
2760 688 2871 748 τοῖς
2902 687 3237 749 ἀποστόλοις.
3258 689 3426 742 ’Ὀταν
3454 694 3575 745 τινα

1992 768 2232 839 μεγάλην
2252 770 2347 822 καὶ
2374 768 2817 840 ὑπερϐάλλουσαν
2838 768 3066 840 δύναμιν
3094 772 3335 843 κηρύττῃ
3362 773 3429 826 τὰ
3457 775 3575 828 θεῖα

1987 852 2162 920 λόγια,
2197 853 2471 924 πανταχοῦ
2500 852 2591 905 τοῦ
2623 852 2941 922 Πνεύματος
2973 856 3071 924 τὴν
3113 854 3401 910 αὑθεντίαν
3437 876 3574 928 προ-

1987 936 2191 990 τάττει.
2234 937 2458 1005 Είσάγει
2495 936 2586 989 τὸν
2620 934 2830 989 Παῦλον
2870 937 2927 988 ἐν
2970 941 3036 1008 τῇ
3071 938 3282 1009 Κύπρῳ
3314 940 3457 1011 λόγῳ
3496 960 3576 995 τι-

1991 1020 2343 1091 μωρούμενον
2384 1020 2474 1074 τὸν
2510 1022 2781 1092 ἐπάρατον
2813 1022 3018 1073 ἐκεῖνον
3056 1022 3294 1093 Ἐλύμαν
3328 1024 3418 1076 τὸν
3467 1026 3573 1094 μά-

1987 1122 2114 1173 γον,
2166 1106 2258 1157 τὸν
2305 1106 2446 1159 κατά
2494 1105 2595 1174 τῆς
2646 1104 2903 1174 ἀληθείας
2969 1107 3426 1176 στρατευόμενον,
3479 1110 3574 1161 καὶ

1988 1188 2172 1260 ἐπειδὴ
2206 1188 2395 1260 ἔμελλε
2432 1190 2665 1261 πρᾶγμα
2697 1188 3002 1258 διηγεῖσθαι
3048 1188 3216 1253 ξένον,
3246 1192 3346 1261 ὅρα
3373 1191 3574 1259 όφθαλ·

1992 1274 2126 1343 μοὺς
2158 1274 2302 1343 λόγῳ
2333 1272 2751 1343 σϐεννυμένους·
2791 1271 2947 1326 Ἰδοὺ
2974 1273 3100 1344 γὰρ,
3131 1276 3282 1344 φησί,
3312 1276 3439 1344 χείρ
3464 1279 3575 1330 Ku-

1979 1359 2120 1426 ρίου
2170 1358 2269 1411 ἐπὶ
2323 1357 2419 1420 σὲ,
2455 1358 2550 1411 καί
2590 1358 2705 1425 ἔσῃ
2757 1358 3002 1426 τυφλὸς,
3051 1355 3136 1426 μὴ
3180 1358 3431 1422 ,βλέπων
3468 1363 3574 1413 τὸν

1989 1442 2190 1508 ἣλιον.
2235 1441 2407 1495 Τοῦτο
2438 1441 2495 1495 δὲ
2542 1441 2875 1514 ὑπερέϐαινε
2910 1442 3009 1511 τὴν
3052 1441 3263 1494 Παύλου
3297 1444 3390 1496 καὶ¹
3439 1444 3573 1497 πάν-

1987 1541 2095 1577 των
2131 1523 2433 1596 ἀνθρώπων
2474 1524 2655 1594 φύσιν,
2708 1524 2850 1593 λέγω
2885 1523 2948 1594 δὴ
2978 1524 3038 1577 τὸ
3071 1526 3334 1593 ἀφανίσαι
3374 1526 3573 1595 ὀφθαλ-
3687 1592 3691 1597 _

1992 1608 2127 1676 μοὺς
2154 1608 2299 1678 λόγῳ
2326 1607 2635 1680 ἀνθρώπου.
2662 1607 2832 1675 Λόγος
2866 1603 2959 1661 οὖν
2989 1606 3277 1679 ἀνθρώπου
3311 1609 3371 1661 οὑ
3408 1626 3574 1679 μετα-

1988 1690 2173 1745 ϐάλλει
2215 1692 2396 1761 φύσιν,
2432 1691 2554 1746 οὔτε
2598 1691 2788 1761 τυφλοῖ
2813 1691 2909 1762 τὴν
2936 1690 3077 1759 ὄψιν.
3108 1692 3222 1744 Ἵνα
3250 1687 3343 1745 οὖν
3385 1693 3458 1762 μή
3490 1710 3573 1757 τις

1984 1776 2295 1845 ἀποϐλέψας
2326 1779 2403 1841 εἰς
2436 1777 2504 1830 τὰ
2548 1775 2863 1846 ἀνθρώπινα
2905 1776 3146 1847 ῥήματα,
3188 1776 3403 1846 ξενισθῇ
3445 1778 3573 1849 περὶ

1983 1860 2053 1913 τὰ
2103 1862 2423 1933 πράγματα,
2469 1861 2563 1914 καὶ
2613 1861 2838 1931 νομίσας
2885 1860 3303 1929 πεπλανημένον
3336 1855 3571 1914 εἶναιτὸ

1986 1945 2161 2017 ῥῆμα,
2196 1945 2483 2015 προτάττει
2518 1944 2680 1999 πάλιν
2711 1946 2744 2016 ἡ
2778 1945 2966 2017 Γραφὴ
3000 1944 3093 1997 τοῦ
3125 1944 3442 2015 Πνεύματος
3474 1945 3571 2016 τὴν

1985 2028 2291 2082 αὑθεντίαν.
2330 2028 2467 2082 Τότε
2513 2028 2597 2098 δὴ,
2640 2030 2827 2100 φησιν,
2873 2032 2905 2082 ὁ
2939 2028 3181 2094 Παῦλος
3227 2030 3572 2096 Πνεύματος

1985 2111 2158 2180 ἁγίου
2195 2112 2491 2178 πλησθεὶς
2517 2109 2647 2166 εἷπε
2686 2112 2838 2181 πρὸς
2867 2113 3073 2167 αὐτόν.
3102 2112 3285 2181 Ἔχεις
3326 2112 3419 2165 καὶ
3456 2112 3572 2164 ἐτέ-

1988 2213 2089 2265 ραν
2118 2194 2392 2262 ἀπόδειξιν
2426 2196 2767 2267 Πνεύματος’
2799 2196 2894 2250 ἐάν
2926 2196 3066 2265 ὑπὲρ
3092 2194 3320 2266 δύναμιν
3358 2195 3571 2266 ἰδιώτης

1984 2283 2194 2357 λαλήσῃ
2218 2299 2231 2313 ο
2262 2283 2398 2337 ἀλλὰ
2425 2283 2585 2338 πάλιν
2610 2284 2644 2354 ή
2672 2283 2864 2355 Γραφὴ
2892 2282 2971 2354 τῷ
3000 2282 3279 2355 Πνεύματι
3305 2282 3405 2352 τὴν
3429 2282 3571 2353 ἐνέρ·

1984 2386 2139 2439 γειαν
2170 2370 2483 2438 ἐπιγράφει.
2527 2363 2670 2434 υἷον,
2701 2369 3005 2439 δημηγορεῖ
3032 2367 3235 2436 Πέτρος
3262 2366 3355 2420 καί
3387 2368 3569 2420 Ἰωάν-

1985 2469 2083 2522 νης
2120 2454 2179 2505 ὲν
2210 2452 2291 2523 τῷ
2332 2452 2526 2522 πλήθει
2560 2451 2667 2504 τῶν
2701 2451 3001 2505 Ἰουδαίων*
3038 2450 3148 2504 Kal
3188 2450 3340 2509 τότε,
3381 2449 3568 2519 φησὶν,

1985 2540 2019 2591 ό
2057 2535 2279 2604 Πέτρος
2315 2535 2611 2603 πλησθεὶς
2651 2535 2997 2603 Πνεύματος
3040 2534 3213 2601 ἁγίου
3244 2530 3375 2588 εἷπε
3418 2534 3571 2601 πρὸς

1984 2619 2091 2672 τὸν
2122 2622 2313 2673 λαόνο
2354 2622 2427 2673 El
2465 2618 2703 2672 δίκαιόν
2738 2618 2909 2672 ἐστιν
2948 2618 3206 2673 ἐνώπιον
3247 2618 3352 2672 τοῦ
3396 2618 3565 2682 Θεοῦ,

1983 2701 2151 2771 ὑμῶν
2180 2702 2426 2756 ἀκούειν
2458 2700 2721 2770 μᾶλλον,
2749 2702 2788 2770 ἢ
2819 2701 2924 2755 τοῦ
2965 2702 3135 2765 Θεοῦ,
3172 2702 3429 2769 κρίνατε.
3471 2702 3570 2752 Δια

1982 2785 2034 2838 τί
2055 2781 2170 2847 οὖν,
2189 2784 2492 2852 Πλησθείς
2514 2786 2858 2853 Πνεύματος
2884 2786 3086 2854 ἁγίου;
3113 2784 3327 2856 Ἐπειδὴ
3354 2785 3571 2854 ἰδιώτην

1984 2867 2339 2935 ὑπερέϐαινεν
2383 2869 2416 2939 ὴ
2452 2868 2765 2940 παρρησία,
2797 2868 2883 2921 ἵνα
2921 2870 2994 2939 μή
3042 2886 3124 2932 τις
3155 2872 3234 2932 εἰς
3280 2869 3370 2921 τὸν
3415 2867 3569 2920 ἁλιέα

1984 2950 2331 3021 ἀποϐλέψας,
2383 2952 2659 3025 ἀπιστήσῃ
2709 2952 2776 3022 τῇ
2814 2950 3097 3022 παρρησίᾳ
3144 2950 3235 3003 τοῦ
3286 2950 3442 3018 λόγου
3473 2950 3565 3004 τοῦ

1984 3034 2160 3101 ἁγίου,
2198 3033 2464 3105 προέταξε
2494 3034 2587 3087 τοῦ
2636 3034 2793 3102 ἀγίου
2838 3034 3155 3104 Πνεύματος
3196 3034 3293 3105 τὴν
3352 3036 3563 3103 σοφίαν,

1984 3116 2070 3170 ἵνα
2112 3117 2186 3188 μὴ
2221 3116 2508 3188 θαυμάσῃς
2538 3117 2636 3184 τὴν
2661 3118 2944 3188 χορηγίαν.
2978 3118 3371 3189 Σκοπήσωμεν,
3406 3120 3455 3172 εἰ
3483 3118 3568 3171 δο-

1982 3203 2088 3265 κεῖ,
2114 3204 2209 3255 καὶ
2236 3201 2442 3273 ἕτερον,
2478 3202 2564 3255 ἵνα
2588 3203 2682 3256 ἐπὶ
2706 3202 2885 3256 πλεῖον
2907 3204 2940 3273 ή
2972 3201 3259 3271 βεϐαίωσις
3285 3202 3566 3275 ἐπιλάμψῃ

1978 3292 2092 3354 τοίς
2116 3290 2445 3362 εἰρημένοις.
2483 3290 2779 3357 Ἀνοίγεται
2798 3290 3025 3360 οὐρανὸς
3052 3290 3248 3358 ἁγίοις,
3277 3290 3411 3344 ἀλλά
3433 3291 3563 3344 ἀνευ

1980 3372 2295 3444 Πνεύματος
2319 3373 2414 3427 τοῦ
2450 3373 2609 3443 ἁγίου
2638 3372 2739 3426 οὑκ
2771 3373 3078 3440 ἀνοίγεταν
3110 3374 3172 3426 οὐ
3216 3372 3324 3445 γάρ
3364 3373 3565 3437 ὀφθαλ-

1982 3459 2104 3529 μοῖς
2151 3458 2354 3529 σαρκὸς
2396 3459 2589 3528 δρᾶται
2637 3456 2864 3528 οὐρανὸς
2896 3455 3271 3527 ἀνοιγόμενος,
3315 3456 3433 3509 ἀλλ’
3458 3457 3564 3509 ὑπὸ

1977 3543 2079 3613 τῆς
2118 3543 2213 3597 τοῦ
2252 3543 2408 3612 ἁγίου
2452 3541 2768 3613 Πνεύματος
2799 3541 3099 3613 ἐνεργείας.
3145 3535 3266 3595 Εῐδε
3293 3542 3563 3610 Στέφανος

1976 3628 2103 3691 τοὺς
2134 3627 2397 3697 οὐρανοὺς
2427 3627 2827 3701 ἀνεῳγμένους,
2871 3625 3009 3689 ἀλλ’,
3041 3624 3117 3689 ὡς
3146 3626 3181 3697 ἡ
3216 3625 3405 3695 Γραφή
3453 3641 3560 3694 φη-

1980 3728 2084 3776 σιν,
2127 3712 2386 3783 ὑπάρχων
2422 3711 2637 3783 πλήρης
2671 3709 2987 3779 Πνεύματος
3028 3709 3209 3778 ἀγίου,
3251 3703 3409 3761 εἶδεν.
3452 3709 3560 3761 Οὑ-

1975 3793 2147 3865 δαμοῦ
2175 3795 2375 3859 τοίνυν,
2399 3795 2638 3864 ἀδελφοὶ.
2666 3794 2893 3866 οὑρανὺν
2921 3793 3067 3847 ἐστιν
3095 3792 3224 3846 ἰδεῖν
3245 3792 3372 3847 ἄνευ
3399 3788 3561 3845 Πνεύο

1980 3896 2148 3949 ματος
2193 3878 2561 3949 ἀνοιγόμενον,
2604 3875 2726 3931 οὔτε
2760 3876 3045 3930 αὑθεντίαν
3078 3874 3424 3939 διδασκαλίας
3474 3878 3559 3928 ἐν-

1975 3961 2262 4027 δύσασθαι,
2283 3963 2344 4016 οὑ
2378 3962 2605 4033 δύναμιν
2637 3960 2930 4030 θαυμάτων
2952 3957 3285 4024 ἐνδείξασθαι
3312 3959 3439 4014 ἄνευ
3465 3956 3558 4013 τοῦ

1978 4047 2134 4116 ἀγρίου
2198 4045 2293 4100 καὶ
2354 4043 2733 4118 προσκυνητοῦ
2793 4045 3130 4113 Πνεύματος.
3190 4043 3393 4098 Πάντα
3448 4044 3559 4113 γὰρ

1975 4129 2201 4200 ἐνεργεῖ
2236 4129 2306 4184 ἐν
2349 4129 2446 4183 καί
2502 4127 2571 4181 τὸ
2615 4126 2761 4182 αὐτὸ
2806 4127 3082 4196 Πνεῦμα,
3126 4124 3397 4195 διαιροῦν
3439 4127 3553 4194 ἰδίᾳ

1975 4216 2233 4282 ἑκάστῳ,
2266 4215 2459 4283 καθὼς
2480 4215 2804 4280 ,ϐούλεταιο
2846 4205 2894 4281 ᾧ
2935 4213 2970 4282 ἡ
3000 4211 3125 4279 δόξα
3154 4212 3235 4278 εἰς
3262 4214 3387 4277 τοὺς
3421 4212 3546 4266 asc».

1977 4318 2076 4366 νας
2121 4300 2231 4356 τῶν
2256 4300 2489 4357 αἰώνων.
2529 4300 2721 4372 Ἀμήν.

3132 5738 3213 5799 32
