  <div class='ocr_page' id='page_1' title='image "/cluster/home/n/w/nwhite01/storage/ocr_20150623/56/mdp.39015028574351/509.png"; bbox 0 0 4126 6326; ppageno 0'>
   <div class='ocr_carea' id='block_1_1' title="bbox 566 330 3827 393">
    <p class='ocr_par' dir='ltr' id='par_1_1' title="bbox 566 330 3827 393">
     <span class='ocr_line' id='line_1_1' title="bbox 566 330 3827 393; baseline 0 -7"><span class='ocrx_word' id='word_1_1' title='bbox 566 330 691 386; x_wconf 62' lang='grc' dir='ltr'><strong>ΐῑῚΙ</strong></span> <span class='ocrx_word' id='word_1_2' title='bbox 1818 335 2099 391; x_wconf 64' lang='lat' dir='ltr'><strong>&#39;SPi&#39;lilA.</strong></span> <span class='ocrx_word' id='word_1_3' title='bbox 2132 368 2198 376; x_wconf 85' lang='lat'><strong>-—</strong></span> <span class='ocrx_word' id='word_1_4' title='bbox 2240 338 2575 393; x_wconf 65' lang='lat' dir='ltr'><strong>SIONITUM.</strong></span> <span class='ocrx_word' id='word_1_5' title='bbox 3718 331 3827 386; x_wconf 82' lang='lat'><strong>5|8</strong></span> 
     </span>
    </p>
   </div>
   <div class='ocr_carea' id='block_1_2' title="bbox 593 521 3821 557">
    <p class='ocr_par' dir='ltr' id='par_1_2' title="bbox 593 521 3821 557">
     <span class='ocr_line' id='line_1_2' title="bbox 593 521 3821 557; baseline 0.009 -22"><span class='ocrx_word' id='word_1_6' title='bbox 593 521 3821 557; x_wconf 29' lang='lat' dir='ltr'><strong>ﬁmW—é—a</strong></span> 
     </span>
    </p>
   </div>
   <div class='ocr_carea' id='block_1_3' title="bbox 737 761 3672 841">
    <p class='ocr_par' dir='ltr' id='par_1_3' title="bbox 737 761 3672 841">
     <span class='ocr_line' id='line_1_3' title="bbox 737 761 3672 841; baseline 0.002 -20"><span class='ocrx_word' id='word_1_7' title='bbox 737 761 1113 822; x_wconf 75' lang='lat' dir='ltr'><strong>MONITUM</strong></span> <span class='ocrx_word' id='word_1_8' title='bbox 1160 762 1237 822; x_wconf 90' lang='lat' dir='ltr'><strong>IN</strong></span> <span class='ocrx_word' id='word_1_9' title='bbox 1288 763 1736 823; x_wconf 83' lang='lat' dir='ltr'><strong>EPISTOLAM</strong></span> <span class='ocrx_word' id='word_1_10' title='bbox 1782 762 2262 835; x_wconf 83' lang='lat' dir='ltr'><strong>SEQUENTEM</strong></span> <span class='ocrx_word' id='word_1_11' title='bbox 2309 767 2419 827; x_wconf 82' lang='lat' dir='ltr'><strong>AD</strong></span> <span class='ocrx_word' id='word_1_12' title='bbox 2468 768 2964 829; x_wconf 78' lang='lat' dir='ltr'><strong>THEODORUM</strong></span> <span class='ocrx_word' id='word_1_13' title='bbox 3010 768 3672 841; x_wconf 82' lang='lat' dir='ltr'><strong>MOPSUESTENUM,</strong></span> 
     </span>
    </p>
   </div>
   <div class='ocr_carea' id='block_1_4' title="bbox 1452 948 2973 1032">
    <p class='ocr_par' dir='ltr' id='par_1_4' title="bbox 1452 948 2973 1032">
     <span class='ocr_line' id='line_1_4' title="bbox 1452 948 2973 1032; baseline 0.001 -23"><span class='ocrx_word' id='word_1_14' title='bbox 1452 949 1644 1029; x_wconf 78' lang='lat' dir='ltr'><strong>Cujus</strong></span> <span class='ocrx_word' id='word_1_15' title='bbox 1686 948 1948 1027; x_wconf 85' lang='lat' dir='ltr'><strong>antiqua</strong></span> <span class='ocrx_word' id='word_1_16' title='bbox 1981 949 2187 1009; x_wconf 78' lang='lat' dir='ltr'><strong>versio</strong></span> <span class='ocrx_word' id='word_1_17' title='bbox 2221 949 2452 1013; x_wconf 84' lang='lat' dir='ltr'><strong>Latina</strong></span> <span class='ocrx_word' id='word_1_18' title='bbox 2490 951 2589 1013; x_wconf 83' lang='lat' dir='ltr'><strong>hic</strong></span> <span class='ocrx_word' id='word_1_19' title='bbox 2623 956 2973 1032; x_wconf 74' lang='lat' dir='ltr'><strong><em>profertur.</em></strong></span> 
     </span>
    </p>
   </div>
   <div class='ocr_carea' id='block_1_5' title="bbox 648 1156 3834 1231">
    <p class='ocr_par' dir='ltr' id='par_1_5' title="bbox 648 1156 3834 1231">
     <span class='ocr_line' id='line_1_5' title="bbox 648 1156 3834 1231; baseline 0.001 -18"><span class='ocrx_word' id='word_1_20' title='bbox 648 1157 796 1231; x_wconf 77' lang='lat'><strong>[530]</strong></span> <span class='ocrx_word' id='word_1_21' title='bbox 826 1156 1001 1227; x_wconf 80' lang='lat' dir='ltr'><strong>Hujus</strong></span> <span class='ocrx_word' id='word_1_22' title='bbox 1029 1158 1292 1228; x_wconf 70' lang='lat' dir='ltr'><strong>epistolae,</strong></span> <span class='ocrx_word' id='word_1_23' title='bbox 1324 1174 1483 1228; x_wconf 88' lang='lat' dir='ltr'><strong>quam</strong></span> <span class='ocrx_word' id='word_1_24' title='bbox 1515 1160 1700 1216; x_wconf 73' lang='lat' dir='ltr'><strong>Graece</strong></span> <span class='ocrx_word' id='word_1_25' title='bbox 1730 1173 1783 1217; x_wconf 90' lang='lat' dir='ltr'><strong>ct</strong></span> <span class='ocrx_word' id='word_1_26' title='bbox 1826 1164 2014 1219; x_wconf 88' lang='lat' dir='ltr'><strong>Latine</strong></span> <span class='ocrx_word' id='word_1_27' title='bbox 2056 1164 2305 1219; x_wconf 83' lang='lat' dir='ltr'><strong>dedimus</strong></span> <span class='ocrx_word' id='word_1_28' title='bbox 2338 1162 2510 1217; x_wconf 91' lang='lat' dir='ltr'><strong>Tomo</strong></span> <span class='ocrx_word' id='word_1_29' title='bbox 2556 1162 2737 1229; x_wconf 87' lang='lat' dir='ltr'><strong>tertio,</strong></span> <span class='ocrx_word' id='word_1_30' title='bbox 2771 1177 2826 1231; x_wconf 93' lang='lat' dir='ltr'><strong>p.</strong></span> <span class='ocrx_word' id='word_1_31' title='bbox 2858 1162 2982 1226; x_wconf 87' lang='lat'><strong>655,</strong></span> <span class='ocrx_word' id='word_1_32' title='bbox 3016 1161 3395 1231; x_wconf 81' lang='lat' dir='ltr'><strong>interpretatio</strong></span> <span class='ocrx_word' id='word_1_33' title='bbox 3438 1171 3594 1217; x_wconf 83' lang='lat' dir='ltr'><strong>vetus</strong></span> <span class='ocrx_word' id='word_1_34' title='bbox 3648 1161 3834 1217; x_wconf 85' lang='lat' dir='ltr'><strong>Latina</strong></span> 
     </span>
    </p>
   </div>
   <div class='ocr_carea' id='block_1_6' title="bbox 578 1244 3836 1323">
    <p class='ocr_par' dir='ltr' id='par_1_6' title="bbox 578 1244 3836 1323">
     <span class='ocr_line' id='line_1_6' title="bbox 578 1244 3836 1323; baseline 0.001 -19"><span class='ocrx_word' id='word_1_35' title='bbox 578 1250 807 1305; x_wconf 88' lang='lat' dir='ltr'><strong>habetur</strong></span> <span class='ocrx_word' id='word_1_36' title='bbox 835 1249 886 1301; x_wconf 94' lang='lat' dir='ltr'><strong>in</strong></span> <span class='ocrx_word' id='word_1_37' title='bbox 921 1244 1289 1318; x_wconf 78' lang='lat' dir='ltr'><strong>Manuscripto</strong></span> <span class='ocrx_word' id='word_1_38' title='bbox 1313 1252 1544 1318; x_wconf 87' lang='lat' dir='ltr'><strong>quodam</strong></span> <span class='ocrx_word' id='word_1_39' title='bbox 1570 1251 1915 1309; x_wconf 68' lang='lat' dir='ltr'><strong>Bibliotheca:</strong></span> <span class='ocrx_word' id='word_1_40' title='bbox 1950 1264 2148 1309; x_wconf 60' lang='lat' dir='ltr'><strong>nostra;</strong></span> <span class='ocrx_word' id='word_1_41' title='bbox 2179 1252 2681 1323; x_wconf 90' lang='lat' dir='ltr'><strong>Sangermanensis;</strong></span> <span class='ocrx_word' id='word_1_42' title='bbox 2715 1263 2770 1306; x_wconf 92' lang='lat' dir='ltr'><strong>et</strong></span> <span class='ocrx_word' id='word_1_43' title='bbox 2796 1253 2849 1306; x_wconf 89' lang='lat' dir='ltr'><strong>in</strong></span> <span class='ocrx_word' id='word_1_44' title='bbox 2873 1252 3115 1323; x_wconf 90' lang='lat' dir='ltr'><strong>catalogo</strong></span> <span class='ocrx_word' id='word_1_45' title='bbox 3142 1252 3629 1323; x_wconf 68' lang='lat' dir='ltr'><strong>Manuscﬂptorum</strong></span> <span class='ocrx_word' id='word_1_46' title='bbox 3659 1271 3836 1308; x_wconf 81' lang='lat' dir='ltr'><strong>enun-</strong></span> 
     </span>
    </p>
   </div>
   <div class='ocr_carea' id='block_1_7' title="bbox 579 1338 3836 1414">
    <p class='ocr_par' dir='ltr' id='par_1_7' title="bbox 579 1338 3836 1414">
     <span class='ocr_line' id='line_1_7' title="bbox 579 1338 3836 1414; baseline 0.002 -18"><span class='ocrx_word' id='word_1_47' title='bbox 579 1342 845 1403; x_wconf 88' lang='lat' dir='ltr'><strong>tiabatur;</strong></span> <span class='ocrx_word' id='word_1_48' title='bbox 884 1339 978 1394; x_wconf 89' lang='lat' dir='ltr'><strong>sed</strong></span> <span class='ocrx_word' id='word_1_49' title='bbox 1001 1338 1351 1411; x_wconf 84' lang='lat' dir='ltr'><strong>Manuscripti</strong></span> <span class='ocrx_word' id='word_1_50' title='bbox 1380 1358 1643 1397; x_wconf 90' lang='lat' dir='ltr'><strong>numerus</strong></span> <span class='ocrx_word' id='word_1_51' title='bbox 1675 1359 1961 1414; x_wconf 85' lang='lat' dir='ltr'><strong>perperam</strong></span> <span class='ocrx_word' id='word_1_52' title='bbox 1997 1344 2208 1414; x_wconf 88' lang='lat' dir='ltr'><strong>positus</strong></span> <span class='ocrx_word' id='word_1_53' title='bbox 2231 1360 2339 1399; x_wconf 92' lang='lat' dir='ltr'><strong>non</strong></span> <span class='ocrx_word' id='word_1_54' title='bbox 2376 1359 2569 1414; x_wconf 90' lang='lat' dir='ltr'><strong>parum</strong></span> <span class='ocrx_word' id='word_1_55' title='bbox 2599 1342 2799 1413; x_wconf 91' lang='lat' dir='ltr'><strong>negotii</strong></span> <span class='ocrx_word' id='word_1_56' title='bbox 2834 1342 3142 1413; x_wconf 86' lang='lat' dir='ltr'><strong>laborisque</strong></span> <span class='ocrx_word' id='word_1_57' title='bbox 3174 1345 3385 1409; x_wconf 76' lang='lat' dir='ltr'><strong>attulit;</strong></span> <span class='ocrx_word' id='word_1_58' title='bbox 3446 1354 3666 1399; x_wconf 87' lang='lat' dir='ltr'><strong>notatur</strong></span> <span class='ocrx_word' id='word_1_59' title='bbox 3691 1346 3836 1401; x_wconf 90' lang='lat' dir='ltr'><strong>enim</strong></span> 
     </span>
    </p>
   </div>
   <div class='ocr_carea' id='block_1_8' title="bbox 576 1431 3836 1509">
    <p class='ocr_par' dir='ltr' id='par_1_8' title="bbox 576 1431 3836 1509">
     <span class='ocr_line' id='line_1_8' title="bbox 576 1431 3836 1509; baseline 0.002 -24"><span class='ocrx_word' id='word_1_60' title='bbox 576 1432 759 1486; x_wconf 80' lang='lat' dir='ltr'><strong>Codex</strong></span> <span class='ocrx_word' id='word_1_61' title='bbox 782 1432 907 1495; x_wconf 79' lang='lat'><strong>727,</strong></span> <span class='ocrx_word' id='word_1_62' title='bbox 956 1431 1011 1485; x_wconf 94' lang='lat' dir='ltr'><strong>in</strong></span> <span class='ocrx_word' id='word_1_63' title='bbox 1064 1448 1173 1502; x_wconf 94' lang='lat' dir='ltr'><strong>quo</strong></span> <span class='ocrx_word' id='word_1_64' title='bbox 1202 1433 1367 1502; x_wconf 80' lang='lat' dir='ltr'><strong>hujus</strong></span> <span class='ocrx_word' id='word_1_65' title='bbox 1395 1433 1636 1503; x_wconf 63' lang='lat' dir='ltr'><strong>epistolae</strong></span> <span class='ocrx_word' id='word_1_66' title='bbox 1680 1452 1751 1491; x_wconf 89' lang='lat' dir='ltr'><strong>ne</strong></span> <span class='ocrx_word' id='word_1_67' title='bbox 1793 1436 2083 1508; x_wconf 80' lang='lat' dir='ltr'><strong>vestigium</strong></span> <span class='ocrx_word' id='word_1_68' title='bbox 2126 1436 2345 1506; x_wconf 88' lang='lat' dir='ltr'><strong>quidem</strong></span> <span class='ocrx_word' id='word_1_69' title='bbox 2391 1436 2664 1505; x_wconf 88' lang='lat' dir='ltr'><strong>occurrit;</strong></span> <span class='ocrx_word' id='word_1_70' title='bbox 2705 1436 2923 1491; x_wconf 90' lang='lat' dir='ltr'><strong>demum</strong></span> <span class='ocrx_word' id='word_1_71' title='bbox 2960 1444 3143 1490; x_wconf 90' lang='lat' dir='ltr'><strong>autem</strong></span> <span class='ocrx_word' id='word_1_72' title='bbox 3193 1436 3281 1490; x_wconf 88' lang='lat' dir='ltr'><strong>illa</strong></span> <span class='ocrx_word' id='word_1_73' title='bbox 3311 1445 3435 1506; x_wconf 91' lang='lat' dir='ltr'><strong>post</strong></span> <span class='ocrx_word' id='word_1_74' title='bbox 3461 1437 3682 1492; x_wconf 90' lang='lat' dir='ltr'><strong>multam</strong></span> <span class='ocrx_word' id='word_1_75' title='bbox 3710 1454 3836 1509; x_wconf 84' lang='lat' dir='ltr'><strong>pcr-</strong></span> 
     </span>
    </p>
   </div>
   <div class='ocr_carea' id='block_1_9' title="bbox 577 1524 1775 1597">
    <p class='ocr_par' dir='ltr' id='par_1_9' title="bbox 577 1524 1775 1597">
     <span class='ocr_line' id='line_1_9' title="bbox 577 1524 1775 1597; baseline 0.004 -18"><span class='ocrx_word' id='word_1_76' title='bbox 577 1525 928 1595; x_wconf 84' lang='lat' dir='ltr'><strong>quisitionem</strong></span> <span class='ocrx_word' id='word_1_77' title='bbox 962 1525 1016 1578; x_wconf 90' lang='lat' dir='ltr'><strong>in</strong></span> <span class='ocrx_word' id='word_1_78' title='bbox 1048 1524 1252 1581; x_wconf 86' lang='lat' dir='ltr'><strong>Codice</strong></span> <span class='ocrx_word' id='word_1_79' title='bbox 1280 1526 1383 1581; x_wconf 73' lang='lat'><strong>326</strong></span> <span class='ocrx_word' id='word_1_80' title='bbox 1410 1536 1623 1597; x_wconf 90' lang='lat' dir='ltr'><strong>reperta</strong></span> <span class='ocrx_word' id='word_1_81' title='bbox 1654 1528 1775 1584; x_wconf 90' lang='lat' dir='ltr'><strong>fuit.</strong></span> 
     </span>
    </p>
   </div>
   <div class='ocr_carea' id='block_1_10' title="bbox 649 1615 3835 1693">
    <p class='ocr_par' dir='ltr' id='par_1_10' title="bbox 649 1615 3835 1693">
     <span class='ocr_line' id='line_1_10' title="bbox 649 1615 3835 1693; baseline 0.003 -25"><span class='ocrx_word' id='word_1_82' title='bbox 649 1615 797 1669; x_wconf 90' lang='lat' dir='ltr'><strong>Illam</strong></span> <span class='ocrx_word' id='word_1_83' title='bbox 828 1625 1011 1671; x_wconf 89' lang='lat' dir='ltr'><strong>autem</strong></span> <span class='ocrx_word' id='word_1_84' title='bbox 1051 1617 1141 1671; x_wconf 89' lang='lat' dir='ltr'><strong>hic</strong></span> <span class='ocrx_word' id='word_1_85' title='bbox 1169 1618 1331 1673; x_wconf 89' lang='lat' dir='ltr'><strong>edere</strong></span> <span class='ocrx_word' id='word_1_86' title='bbox 1366 1619 1543 1672; x_wconf 88' lang='lat' dir='ltr'><strong>visum</strong></span> <span class='ocrx_word' id='word_1_87' title='bbox 1573 1628 1677 1684; x_wconf 89' lang='lat' dir='ltr'><strong>est,</strong></span> <span class='ocrx_word' id='word_1_88' title='bbox 1721 1621 1847 1690; x_wconf 86' lang='lat' dir='ltr'><strong>quia</strong></span> <span class='ocrx_word' id='word_1_89' title='bbox 1897 1622 2038 1678; x_wconf 88' lang='lat' dir='ltr'><strong>circa</strong></span> <span class='ocrx_word' id='word_1_90' title='bbox 2084 1622 2227 1677; x_wconf 83' lang='lat' dir='ltr'><strong>illam</strong></span> <span class='ocrx_word' id='word_1_91' title='bbox 2270 1620 2555 1693; x_wconf 86' lang='lat' dir='ltr'><strong>epistolam</strong></span> <span class='ocrx_word' id='word_1_92' title='bbox 2595 1621 2716 1676; x_wconf 68' lang='lat' dir='ltr'><strong>dua:</strong></span> <span class='ocrx_word' id='word_1_93' title='bbox 2748 1620 3095 1676; x_wconf 85' lang='lat' dir='ltr'><strong>difﬁcultates</strong></span> <span class='ocrx_word' id='word_1_94' title='bbox 3118 1629 3321 1675; x_wconf 66' lang='lat' dir='ltr'><strong>exortae</strong></span> <span class='ocrx_word' id='word_1_95' title='bbox 3346 1620 3585 1683; x_wconf 88' lang='lat' dir='ltr'><strong>fuerant,</strong></span> <span class='ocrx_word' id='word_1_96' title='bbox 3632 1630 3694 1674; x_wconf 92' lang='lat' dir='ltr'><strong>ut</strong></span> <span class='ocrx_word' id='word_1_97' title='bbox 3718 1636 3835 1676; x_wconf 87' lang='lat' dir='ltr'><strong>mo-</strong></span> 
     </span>
    </p>
   </div>
   <div class='ocr_carea' id='block_1_11' title="bbox 578 1706 3839 1784">
    <p class='ocr_par' dir='ltr' id='par_1_11' title="bbox 578 1706 3839 1784">
     <span class='ocr_line' id='line_1_11' title="bbox 578 1706 3839 1784; baseline 0.002 -24"><span class='ocrx_word' id='word_1_98' title='bbox 578 1706 797 1761; x_wconf 91' lang='lat' dir='ltr'><strong>nuimus</strong></span> <span class='ocrx_word' id='word_1_99' title='bbox 828 1708 880 1761; x_wconf 92' lang='lat' dir='ltr'><strong>in</strong></span> <span class='ocrx_word' id='word_1_100' title='bbox 907 1708 1051 1762; x_wconf 89' lang='lat' dir='ltr'><strong>notis</strong></span> <span class='ocrx_word' id='word_1_101' title='bbox 1080 1709 1147 1762; x_wconf 90' lang='lat' dir='ltr'><strong>ad</strong></span> <span class='ocrx_word' id='word_1_102' title='bbox 1181 1710 1450 1773; x_wconf 83' lang='lat' dir='ltr'><strong>eamdem,</strong></span> <span class='ocrx_word' id='word_1_103' title='bbox 1511 1711 1710 1779; x_wconf 91' lang='lat' dir='ltr'><strong>quibus</strong></span> <span class='ocrx_word' id='word_1_104' title='bbox 1735 1713 2007 1768; x_wconf 86' lang='lat' dir='ltr'><strong>solvendis</strong></span> <span class='ocrx_word' id='word_1_105' title='bbox 2047 1713 2458 1768; x_wconf 85' lang='lat' dir='ltr'><strong>difﬁcultatibus</strong></span> <span class='ocrx_word' id='word_1_106' title='bbox 2485 1728 2740 1784; x_wconf 88' lang='lat' dir='ltr'><strong>magnum</strong></span> <span class='ocrx_word' id='word_1_107' title='bbox 2768 1712 2927 1767; x_wconf 76' lang='lat' dir='ltr'><strong>aﬁ‘ert</strong></span> <span class='ocrx_word' id='word_1_108' title='bbox 2959 1720 3295 1767; x_wconf 87' lang='lat' dir='ltr'><strong>momentum</strong></span> <span class='ocrx_word' id='word_1_109' title='bbox 3328 1712 3444 1766; x_wconf 67' lang='lat' dir='ltr'><strong>haec</strong></span> <span class='ocrx_word' id='word_1_110' title='bbox 3482 1721 3640 1766; x_wconf 86' lang='lat' dir='ltr'><strong>vetus</strong></span> <span class='ocrx_word' id='word_1_111' title='bbox 3670 1712 3839 1766; x_wconf 87' lang='lat' dir='ltr'><strong>inter-</strong></span> 
     </span>
    </p>
   </div>
   <div class='ocr_carea' id='block_1_12' title="bbox 580 1802 3837 1878">
    <p class='ocr_par' dir='ltr' id='par_1_12' title="bbox 580 1802 3837 1878">
     <span class='ocr_line' id='line_1_12' title="bbox 580 1802 3837 1878; baseline 0.001 -23"><span class='ocrx_word' id='word_1_112' title='bbox 580 1803 814 1870; x_wconf 88' lang='lat' dir='ltr'><strong>pretatio</strong></span> <span class='ocrx_word' id='word_1_113' title='bbox 844 1802 1056 1857; x_wconf 89' lang='lat' dir='ltr'><strong>Latina.</strong></span> <span class='ocrx_word' id='word_1_114' title='bbox 1089 1802 1243 1858; x_wconf 84' lang='lat' dir='ltr'><strong><em>Prior</em></strong></span> <span class='ocrx_word' id='word_1_115' title='bbox 1266 1813 1449 1858; x_wconf 88' lang='lat' dir='ltr'><strong>autem</strong></span> <span class='ocrx_word' id='word_1_116' title='bbox 1480 1805 1773 1861; x_wconf 87' lang='lat' dir='ltr'><strong>difﬁcultas</strong></span> <span class='ocrx_word' id='word_1_117' title='bbox 1803 1808 1931 1863; x_wconf 90' lang='lat' dir='ltr'><strong>hinc</strong></span> <span class='ocrx_word' id='word_1_118' title='bbox 1964 1809 2140 1863; x_wconf 88' lang='lat' dir='ltr'><strong>oritur</strong></span> <span class='ocrx_word' id='word_1_119' title='bbox 2168 1809 2314 1878; x_wconf 89' lang='lat' dir='ltr'><strong>quod</strong></span> <span class='ocrx_word' id='word_1_120' title='bbox 2343 1808 2506 1877; x_wconf 86' lang='lat' dir='ltr'><strong>hujus</strong></span> <span class='ocrx_word' id='word_1_121' title='bbox 2551 1807 2818 1876; x_wconf 58' lang='lat' dir='ltr'><strong>epistola},</strong></span> <span class='ocrx_word' id='word_1_122' title='bbox 2867 1822 2988 1876; x_wconf 63' lang='lat' dir='ltr'><strong>quae</strong></span> <span class='ocrx_word' id='word_1_123' title='bbox 3012 1805 3152 1861; x_wconf 80' lang='lat' dir='ltr'><strong>CXII</strong></span> <span class='ocrx_word' id='word_1_124' title='bbox 3179 1816 3517 1868; x_wconf 86' lang='lat' dir='ltr'><strong>numeratur,</strong></span> <span class='ocrx_word' id='word_1_125' title='bbox 3561 1804 3747 1859; x_wconf 89' lang='lat' dir='ltr'><strong>titulus</strong></span> <span class='ocrx_word' id='word_1_126' title='bbox 3782 1804 3837 1857; x_wconf 90' lang='lat' dir='ltr'><strong>in</strong></span> 
     </span>
    </p>
   </div>
   <div class='ocr_carea' id='block_1_13' title="bbox 579 1894 3838 1974">
    <p class='ocr_par' dir='ltr' id='par_1_13' title="bbox 579 1894 3838 1974">
     <span class='ocr_line' id='line_1_13' title="bbox 579 1894 3838 1974; baseline 0.001 -27"><span class='ocrx_word' id='word_1_127' title='bbox 579 1894 833 1951; x_wconf 90' lang='lat' dir='ltr'><strong>omnibus</strong></span> <span class='ocrx_word' id='word_1_128' title='bbox 863 1894 990 1948; x_wconf 85' lang='lat' dir='ltr'><strong>Mss.</strong></span> <span class='ocrx_word' id='word_1_129' title='bbox 1032 1904 1193 1965; x_wconf 90' lang='lat' dir='ltr'><strong>atque</strong></span> <span class='ocrx_word' id='word_1_130' title='bbox 1242 1896 1414 1953; x_wconf 87' lang='lat' dir='ltr'><strong>Editis</strong></span> <span class='ocrx_word' id='word_1_131' title='bbox 1454 1897 1535 1952; x_wconf 88' lang='lat' dir='ltr'><strong>sic</strong></span> <span class='ocrx_word' id='word_1_132' title='bbox 1582 1899 1781 1953; x_wconf 89' lang='lat' dir='ltr'><strong>habeat</strong></span> <span class='ocrx_word' id='word_1_133' title='bbox 1813 1919 1824 1954; x_wconf 93' lang='lat'>:</span> <span class='ocrx_word' id='word_1_134' title='bbox 1857 1901 2118 1974; x_wconf 80' lang='grc' dir='ltr'><strong>Θεοδώρῳ</strong></span> <span class='ocrx_word' id='word_1_135' title='bbox 2174 1902 2479 1972; x_wconf 57' lang='lat' dir='ltr'><strong>emacem,</strong></span> <span class='ocrx_word' id='word_1_136' title='bbox 2546 1901 2809 1955; x_wconf 85' lang='lat' dir='ltr'><strong>Theodoro</strong></span> <span class='ocrx_word' id='word_1_137' title='bbox 2853 1899 3130 1967; x_wconf 82' lang='lat' dir='ltr'><strong>episcopo;</strong></span> <span class='ocrx_word' id='word_1_138' title='bbox 3184 1897 3341 1966; x_wconf 86' lang='lat' dir='ltr'><strong>cujus</strong></span> <span class='ocrx_word' id='word_1_139' title='bbox 3377 1906 3559 1950; x_wconf 89' lang='lat' dir='ltr'><strong>autem</strong></span> <span class='ocrx_word' id='word_1_140' title='bbox 3604 1895 3838 1950; x_wconf 78' lang='lat' dir='ltr'><strong>civitatis</strong></span> 
     </span>
    </p>
   </div>
   <div class='ocr_carea' id='block_1_14' title="bbox 579 1988 3841 2073">
    <p class='ocr_par' dir='ltr' id='par_1_14' title="bbox 579 1988 3841 2073">
     <span class='ocr_line' id='line_1_14' title="bbox 579 1988 3841 2073; baseline 0.001 -32"><span class='ocrx_word' id='word_1_141' title='bbox 579 1988 870 2059; x_wconf 89' lang='lat' dir='ltr'><strong>episcopus</strong></span> <span class='ocrx_word' id='word_1_142' title='bbox 928 1999 1073 2045; x_wconf 83' lang='lat' dir='ltr'><strong>esset</strong></span> <span class='ocrx_word' id='word_1_143' title='bbox 1101 2006 1211 2044; x_wconf 88' lang='lat' dir='ltr'><strong>non</strong></span> <span class='ocrx_word' id='word_1_144' title='bbox 1269 1993 1604 2047; x_wconf 87' lang='lat' dir='ltr'><strong>enuntiatur.</strong></span> <span class='ocrx_word' id='word_1_145' title='bbox 1639 1992 1784 2049; x_wconf 82' lang='lat' dir='ltr'><strong>Pene</strong></span> <span class='ocrx_word' id='word_1_146' title='bbox 1827 2005 2007 2073; x_wconf 83' lang='lat' dir='ltr'><strong>tamen</strong></span> <span class='ocrx_word' id='word_1_147' title='bbox 2038 2013 2269 2053; x_wconf 87' lang='lat' dir='ltr'><strong>concors</strong></span> <span class='ocrx_word' id='word_1_148' title='bbox 2294 1996 2630 2053; x_wconf 86' lang='lat' dir='ltr'><strong>eruditorum</strong></span> <span class='ocrx_word' id='word_1_149' title='bbox 2678 1994 2866 2065; x_wconf 88' lang='lat' dir='ltr'><strong>opinio</strong></span> <span class='ocrx_word' id='word_1_150' title='bbox 2921 2001 3059 2055; x_wconf 90' lang='lat' dir='ltr'><strong>erat,</strong></span> <span class='ocrx_word' id='word_1_151' title='bbox 3106 1992 3253 2047; x_wconf 90' lang='lat' dir='ltr'><strong>hunc</strong></span> <span class='ocrx_word' id='word_1_152' title='bbox 3306 1990 3653 2044; x_wconf 88' lang='lat' dir='ltr'><strong>Theodorum</strong></span> <span class='ocrx_word' id='word_1_153' title='bbox 3718 2003 3841 2043; x_wconf 82' lang='lat' dir='ltr'><strong>esse</strong></span> 
     </span>
    </p>
   </div>
   <div class='ocr_carea' id='block_1_15' title="bbox 581 2079 3843 2161">
    <p class='ocr_par' dir='ltr' id='par_1_15' title="bbox 581 2079 3843 2161">
     <span class='ocr_line' id='line_1_15' title="bbox 581 2079 3843 2161; baseline 0.001 -28"><span class='ocrx_word' id='word_1_154' title='bbox 581 2079 1045 2150; x_wconf 84' lang='lat' dir='ltr'><strong>Mopsuestenum.</strong></span> <span class='ocrx_word' id='word_1_155' title='bbox 1076 2084 1143 2138; x_wconf 87' lang='lat' dir='ltr'><strong>At</strong></span> <span class='ocrx_word' id='word_1_156' title='bbox 1169 2083 1223 2137; x_wconf 88' lang='lat' dir='ltr'><strong>in</strong></span> <span class='ocrx_word' id='word_1_157' title='bbox 1246 2083 1489 2141; x_wconf 83' lang='lat' dir='ltr'><strong>Concilio</strong></span> <span class='ocrx_word' id='word_1_158' title='bbox 1514 2087 1579 2155; x_wconf 84' lang='lat' dir='ltr'><strong>V,</strong></span> <span class='ocrx_word' id='word_1_159' title='bbox 1612 2088 1785 2144; x_wconf 91' lang='lat' dir='ltr'><strong>Tomo</strong></span> <span class='ocrx_word' id='word_1_160' title='bbox 1809 2090 1851 2145; x_wconf 84' lang='lat' dir='ltr'>V</span> <span class='ocrx_word' id='word_1_161' title='bbox 1883 2090 2119 2157; x_wconf 69' lang='lat' dir='ltr'><strong>Labbaai,</strong></span> <span class='ocrx_word' id='word_1_162' title='bbox 2173 2106 2228 2161; x_wconf 91' lang='lat' dir='ltr'><strong>p.</strong></span> <span class='ocrx_word' id='word_1_163' title='bbox 2260 2092 2383 2155; x_wconf 70' lang='lat'><strong>490,</strong></span> <span class='ocrx_word' id='word_1_164' title='bbox 2435 2098 2685 2160; x_wconf 78' lang='lat' dir='ltr'><strong>negatur,</strong></span> <span class='ocrx_word' id='word_1_165' title='bbox 2706 2092 2851 2141; x_wconf 79' lang='lat' dir='ltr'><strong>“eum</strong></span> <span class='ocrx_word' id='word_1_166' title='bbox 2884 2086 2971 2141; x_wconf 92' lang='lat' dir='ltr'><strong>cui</strong></span> <span class='ocrx_word' id='word_1_167' title='bbox 3017 2086 3132 2140; x_wconf 71' lang='lat' dir='ltr'><strong>haec</strong></span> <span class='ocrx_word' id='word_1_168' title='bbox 3173 2084 3404 2139; x_wconf 89' lang='lat' dir='ltr'><strong>mittitur</strong></span> <span class='ocrx_word' id='word_1_169' title='bbox 3441 2082 3669 2152; x_wconf 87' lang='lat' dir='ltr'><strong>epistola</strong></span> <span class='ocrx_word' id='word_1_170' title='bbox 3721 2096 3843 2135; x_wconf 81' lang='lat' dir='ltr'><strong>esse</strong></span> 
     </span>
    </p>
   </div>
   <div class='ocr_carea' id='block_1_16' title="bbox 581 2175 3842 2256">
    <p class='ocr_par' dir='ltr' id='par_1_16' title="bbox 581 2175 3842 2256">
     <span class='ocr_line' id='line_1_16' title="bbox 581 2175 3842 2256; baseline -0.002 -25"><span class='ocrx_word' id='word_1_171' title='bbox 581 2176 926 2232; x_wconf 86' lang='lat' dir='ltr'><strong>Theodorum</strong></span> <span class='ocrx_word' id='word_1_172' title='bbox 976 2177 1440 2250; x_wconf 76' lang='lat' dir='ltr'><strong>llopsuestenum.</strong></span> <span class='ocrx_word' id='word_1_173' title='bbox 1484 2182 1543 2238; x_wconf 92' lang='lat' dir='ltr'><strong>ln</strong></span> <span class='ocrx_word' id='word_1_174' title='bbox 1599 2184 1965 2256; x_wconf 78' lang='lat' dir='ltr'><strong>Manuscripto</strong></span> <span class='ocrx_word' id='word_1_175' title='bbox 2012 2195 2194 2241; x_wconf 89' lang='lat' dir='ltr'><strong>autem</strong></span> <span class='ocrx_word' id='word_1_176' title='bbox 2239 2195 2428 2241; x_wconf 87' lang='lat' dir='ltr'><strong>nostro</strong></span> <span class='ocrx_word' id='word_1_177' title='bbox 2462 2184 2651 2239; x_wconf 88' lang='lat' dir='ltr'><strong>titulus</strong></span> <span class='ocrx_word' id='word_1_178' title='bbox 2705 2192 2788 2238; x_wconf 89' lang='lat' dir='ltr'><strong>est</strong></span> <span class='ocrx_word' id='word_1_179' title='bbox 2838 2181 3099 2237; x_wconf 83' lang='lat' dir='ltr'><strong>:Joannis</strong></span> <span class='ocrx_word' id='word_1_180' title='bbox 3146 2176 3721 2244; x_wconf 81' lang='lat' dir='ltr'><strong>Constantinopolitani</strong></span> <span class='ocrx_word' id='word_1_181' title='bbox 3771 2175 3842 2226; x_wconf 86' lang='lat' dir='ltr'><strong>ad</strong></span> 
     </span>
    </p>
   </div>
   <div class='ocr_carea' id='block_1_17' title="bbox 582 2268 3841 2349">
    <p class='ocr_par' dir='ltr' id='par_1_17' title="bbox 582 2268 3841 2349">
     <span class='ocr_line' id='line_1_17' title="bbox 582 2268 3841 2349; baseline -0.001 -27"><span class='ocrx_word' id='word_1_182' title='bbox 582 2268 906 2324; x_wconf 70' lang='lat' dir='ltr'><strong>Theodorum</strong></span> <span class='ocrx_word' id='word_1_183' title='bbox 938 2269 1362 2341; x_wconf 81' lang='lat' dir='ltr'><strong>Mopsuestenum</strong></span> <span class='ocrx_word' id='word_1_184' title='bbox 1385 2276 1700 2345; x_wconf 83' lang='lat' dir='ltr'><strong>episcOpum.</strong></span> <span class='ocrx_word' id='word_1_185' title='bbox 1729 2278 1867 2334; x_wconf 85' lang='lat' dir='ltr'><strong>Hinc</strong></span> <span class='ocrx_word' id='word_1_186' title='bbox 1890 2280 2073 2334; x_wconf 86' lang='lat' dir='ltr'><strong>videas</strong></span> <span class='ocrx_word' id='word_1_187' title='bbox 2096 2279 2208 2349; x_wconf 88' lang='lat' dir='ltr'><strong>jam</strong></span> <span class='ocrx_word' id='word_1_188' title='bbox 2241 2278 2433 2348; x_wconf 87' lang='lat' dir='ltr'><strong>priscis</strong></span> <span class='ocrx_word' id='word_1_189' title='bbox 2458 2277 2563 2331; x_wconf 90' lang='lat' dir='ltr'><strong>illis</strong></span> <span class='ocrx_word' id='word_1_190' title='bbox 2596 2276 2930 2346; x_wconf 89' lang='lat' dir='ltr'><strong>temporibus</strong></span> <span class='ocrx_word' id='word_1_191' title='bbox 2962 2271 3309 2327; x_wconf 88' lang='lat' dir='ltr'><strong>Theodorum</strong></span> <span class='ocrx_word' id='word_1_192' title='bbox 3345 2270 3494 2325; x_wconf 90' lang='lat' dir='ltr'><strong>illum</strong></span> <span class='ocrx_word' id='word_1_193' title='bbox 3525 2269 3841 2338; x_wconf 81' lang='lat' dir='ltr'><strong>episcOpum</strong></span> 
     </span>
    </p>
   </div>
   <div class='ocr_carea' id='block_1_18' title="bbox 579 2362 3188 2441">
    <p class='ocr_par' dir='ltr' id='par_1_18' title="bbox 579 2362 3188 2441">
     <span class='ocr_line' id='line_1_18' title="bbox 579 2362 3188 2441; baseline 0.002 -25"><span class='ocrx_word' id='word_1_194' title='bbox 579 2379 679 2432; x_wconf 90' lang='lat' dir='ltr'><strong>pro</strong></span> <span class='ocrx_word' id='word_1_195' title='bbox 709 2362 1090 2433; x_wconf 84' lang='lat' dir='ltr'><strong>Mopsuesteno</strong></span> <span class='ocrx_word' id='word_1_196' title='bbox 1115 2366 1354 2421; x_wconf 88' lang='lat' dir='ltr'><strong>habitum</strong></span> <span class='ocrx_word' id='word_1_197' title='bbox 1380 2368 1571 2431; x_wconf 78' lang='lat' dir='ltr'><strong>fuisse,</strong></span> <span class='ocrx_word' id='word_1_198' title='bbox 1603 2371 1656 2425; x_wconf 90' lang='lat' dir='ltr'><strong>id</strong></span> <span class='ocrx_word' id='word_1_199' title='bbox 1688 2373 1830 2441; x_wconf 92' lang='lat' dir='ltr'><strong>quod</strong></span> <span class='ocrx_word' id='word_1_200' title='bbox 1858 2375 2021 2429; x_wconf 89' lang='lat' dir='ltr'><strong>etiam</strong></span> <span class='ocrx_word' id='word_1_201' title='bbox 2051 2375 2405 2428; x_wconf 86' lang='lat' dir='ltr'><strong>conﬁrmatur</strong></span> <span class='ocrx_word' id='word_1_202' title='bbox 2434 2388 2499 2427; x_wconf 85' lang='lat' dir='ltr'><strong>ex</strong></span> <span class='ocrx_word' id='word_1_203' title='bbox 2526 2372 2879 2426; x_wconf 89' lang='lat' dir='ltr'><strong>annotatione</strong></span> <span class='ocrx_word' id='word_1_204' title='bbox 2908 2376 3188 2439; x_wconf 90' lang='lat' dir='ltr'><strong>sequente.</strong></span> 
     </span>
    </p>
   </div>
   <div class='ocr_carea' id='block_1_19' title="bbox 652 2454 2281 2537">
    <p class='ocr_par' dir='ltr' id='par_1_19' title="bbox 652 2456 2278 2537">
     <span class='ocr_line' id='line_1_19' title="bbox 652 2456 2278 2537; baseline 0.006 -27"><span class='ocrx_word' id='word_1_205' title='bbox 652 2456 901 2511; x_wconf 87' lang='lat' dir='ltr'><strong>Secunda</strong></span> <span class='ocrx_word' id='word_1_206' title='bbox 922 2456 1218 2513; x_wconf 75' lang='lat' dir='ltr'><strong>difﬁcultas</strong></span> <span class='ocrx_word' id='word_1_207' title='bbox 1256 2474 1320 2512; x_wconf 76' lang='lat' dir='ltr'><strong>ex</strong></span> <span class='ocrx_word' id='word_1_208' title='bbox 1344 2460 1587 2530; x_wconf 68' lang='lat' dir='ltr'><strong>epistola:</strong></span> <span class='ocrx_word' id='word_1_209' title='bbox 1610 2463 1718 2519; x_wconf 89' lang='lat' dir='ltr'><strong>ﬁne</strong></span> <span class='ocrx_word' id='word_1_210' title='bbox 1739 2467 2000 2537; x_wconf 80' lang='lat' dir='ltr'><strong>exsurgit,</strong></span> <span class='ocrx_word' id='word_1_211' title='bbox 2031 2466 2124 2521; x_wconf 90' lang='lat' dir='ltr'><strong>ubi</strong></span> <span class='ocrx_word' id='word_1_212' title='bbox 2154 2466 2232 2521; x_wconf 91' lang='lat' dir='ltr'><strong>sic</strong></span> <span class='ocrx_word' id='word_1_213' title='bbox 2262 2467 2278 2520; x_wconf 92' lang='lat' dir='ltr'><strong>l</strong></span> 
     </span>
    </p>
   </div>
   <div class='ocr_carea' id='block_1_20' title="bbox 2211 2454 3840 2537">
    <p class='ocr_par' dir='ltr' id='par_1_20' title="bbox 2211 2454 3840 2537">
     <span class='ocr_line' id='line_1_20' title="bbox 2211 2454 3840 2537; baseline -0.01 -16"><span class='ocrx_word' id='word_1_214' title='bbox 2211 2482 2232 2521; x_wconf 71' lang='grc' dir='ltr'><strong>[ξ</strong></span> <span class='ocrx_word' id='word_1_215' title='bbox 2262 2466 2461 2537; x_wconf 86' lang='lat' dir='ltr'><strong>legitur</strong></span> <span class='ocrx_word' id='word_1_216' title='bbox 2489 2464 2545 2517; x_wconf 89' lang='lat' dir='ltr'><strong>in</strong></span> <span class='ocrx_word' id='word_1_217' title='bbox 2570 2463 2731 2518; x_wconf 86' lang='lat' dir='ltr'><strong>Edito</strong></span> <span class='ocrx_word' id='word_1_218' title='bbox 2770 2471 2957 2517; x_wconf 86' lang='lat' dir='ltr'><strong>nostro</strong></span> <span class='ocrx_word' id='word_1_219' title='bbox 2994 2481 3007 2515; x_wconf 91' lang='lat'><strong>:</strong></span> <span class='ocrx_word' id='word_1_220' title='bbox 3056 2460 3116 2513; x_wconf 80' lang='grc' dir='ltr'><strong>οὐ</strong></span> <span class='ocrx_word' id='word_1_221' title='bbox 3147 2458 3256 2529; x_wconf 84' lang='grc' dir='ltr'>γὰρ</span> <span class='ocrx_word' id='word_1_222' title='bbox 3287 2458 3386 2526; x_wconf 86' lang='grc' dir='ltr'>τὴν</span> <span class='ocrx_word' id='word_1_223' title='bbox 3418 2455 3707 2526; x_wconf 77' lang='grc' dir='ltr'>τυχοῦσαν,</span> <span class='ocrx_word' id='word_1_224' title='bbox 3744 2454 3840 2506; x_wconf 79' lang='grc' dir='ltr'>καὶ</span> 
     </span>
    </p>
   </div>
   <div class='ocr_carea' id='block_1_21' title="bbox 577 2545 3843 2630">
    <p class='ocr_par' dir='ltr' id='par_1_21' title="bbox 577 2545 3843 2630">
     <span class='ocr_line' id='line_1_21' title="bbox 577 2545 3843 2630; baseline -0.003 -22"><span class='ocrx_word' id='word_1_225' title='bbox 577 2549 637 2600; x_wconf 57' lang='lat' dir='ltr'><strong>iv</strong></span> <span class='ocrx_word' id='word_1_226' title='bbox 671 2549 878 2621; x_wconf 68' lang='grc' dir='ltr'>ἐρημίᾳ</span> <span class='ocrx_word' id='word_1_227' title='bbox 925 2551 1259 2622; x_wconf 80' lang='grc' dir='ltr'>καθήμενοι,</span> <span class='ocrx_word' id='word_1_228' title='bbox 1308 2554 1668 2625; x_wconf 82' lang='grc' dir='ltr'>καρπούμεθα</span> <span class='ocrx_word' id='word_1_229' title='bbox 1723 2557 1822 2629; x_wconf 82' lang='grc' dir='ltr'>τὴν</span> <span class='ocrx_word' id='word_1_230' title='bbox 1874 2559 2245 2630; x_wconf 85' lang='grc' dir='ltr'>παράκλησιν,</span> <span class='ocrx_word' id='word_1_231' title='bbox 2297 2560 2426 2612; x_wconf 83' lang='grc' dir='ltr'>ὅταν</span> <span class='ocrx_word' id='word_1_232' title='bbox 2477 2555 2733 2610; x_wconf 79' lang='grc' dir='ltr'>τοσοῦτον</span> <span class='ocrx_word' id='word_1_233' title='bbox 2790 2556 2849 2607; x_wconf 83' lang='grc' dir='ltr'>ὲν</span> <span class='ocrx_word' id='word_1_234' title='bbox 2895 2553 3095 2624; x_wconf 82' lang='grc' dir='ltr'><strong>καρδίᾳ</strong></span> <span class='ocrx_word' id='word_1_235' title='bbox 3140 2550 3417 2621; x_wconf 76' lang='grc' dir='ltr'>θησαυρὸν</span> <span class='ocrx_word' id='word_1_236' title='bbox 3461 2549 3555 2601; x_wconf 75' lang='grc' dir='ltr'><strong>καὶ</strong></span> <span class='ocrx_word' id='word_1_237' title='bbox 3611 2545 3843 2599; x_wconf 78' lang='grc' dir='ltr'>πλοῦτον</span> 
     </span>
    </p>
   </div>
   <div class='ocr_carea' id='block_1_22' title="bbox 577 2643 2206 2724">
    <p class='ocr_par' dir='ltr' id='par_1_22' title="bbox 577 2646 2206 2723">
     <span class='ocr_line' id='line_1_22' title="bbox 577 2646 2206 2723; baseline 0.004 -23"><span class='ocrx_word' id='word_1_238' title='bbox 577 2647 942 2717; x_wconf 81' lang='grc' dir='ltr'><strong>ἀποκείμενον</strong></span> <span class='ocrx_word' id='word_1_239' title='bbox 972 2646 1183 2718; x_wconf 74' lang='grc' dir='ltr'>ἔχωμεν</span> <span class='ocrx_word' id='word_1_240' title='bbox 1206 2649 1307 2718; x_wconf 85' lang='grc' dir='ltr'><strong>τῆς</strong></span> <span class='ocrx_word' id='word_1_241' title='bbox 1328 2650 1695 2722; x_wconf 78' lang='grc' dir='ltr'><strong>ἐγρηγορυίας</strong></span> <span class='ocrx_word' id='word_1_242' title='bbox 1719 2655 1813 2708; x_wconf 71' lang='grc' dir='ltr'><strong>καὶ</strong></span> <span class='ocrx_word' id='word_1_243' title='bbox 1840 2656 2094 2723; x_wconf 79' lang='grc' dir='ltr'>γενναίας</span> <span class='ocrx_word' id='word_1_244' title='bbox 2131 2672 2206 2708; x_wconf 82' lang='grc' dir='ltr'><strong>σοι</strong></span> 
     </span>
    </p>
   </div>
   <div class='ocr_carea' id='block_1_23' title="bbox 2214 2643 3843 2724">
    <p class='ocr_par' dir='ltr' id='par_1_23' title="bbox 2214 2643 3843 2724">
     <span class='ocr_line' id='line_1_23' title="bbox 2214 2643 3843 2724; baseline -0.007 -19"><span class='ocrx_word' id='word_1_245' title='bbox 2214 2653 2426 2724; x_wconf 74' lang='grc' dir='ltr'><strong>ιψυχῆς</strong></span> <span class='ocrx_word' id='word_1_246' title='bbox 2454 2652 2552 2722; x_wconf 81' lang='grc' dir='ltr'>τὴν</span> <span class='ocrx_word' id='word_1_247' title='bbox 2583 2650 2805 2721; x_wconf 79' lang='grc' dir='ltr'>ἀγάπην</span> <span class='ocrx_word' id='word_1_248' title='bbox 2840 2668 2852 2703; x_wconf 93' lang='lat'>:</span> <span class='ocrx_word' id='word_1_249' title='bbox 2887 2649 2926 2703; x_wconf 87' lang='lat' dir='ltr'><strong>i.</strong></span> <span class='ocrx_word' id='word_1_250' title='bbox 2958 2664 3007 2704; x_wconf 88' lang='lat' dir='ltr'><strong>e.</strong></span> <span class='ocrx_word' id='word_1_251' title='bbox 3038 2648 3217 2719; x_wconf 81' lang='lat' dir='ltr'><strong>Neque</strong></span> <span class='ocrx_word' id='word_1_252' title='bbox 3258 2648 3418 2707; x_wconf 88' lang='lat' dir='ltr'><strong>enim,</strong></span> <span class='ocrx_word' id='word_1_253' title='bbox 3469 2646 3523 2697; x_wconf 84' lang='lat' dir='ltr'><strong>in</strong></span> <span class='ocrx_word' id='word_1_254' title='bbox 3572 2644 3670 2696; x_wconf 87' lang='lat' dir='ltr'><strong>hac</strong></span> <span class='ocrx_word' id='word_1_255' title='bbox 3727 2643 3843 2695; x_wconf 82' lang='lat' dir='ltr'><strong>licet</strong></span> 
     </span>
    </p>
   </div>
   <div class='ocr_carea' id='block_1_24' title="bbox 581 2734 3841 2815">
    <p class='ocr_par' dir='ltr' id='par_1_24' title="bbox 581 2734 3841 2815">
     <span class='ocr_line' id='line_1_24' title="bbox 581 2734 3841 2815; baseline -0.002 -23"><span class='ocrx_word' id='word_1_256' title='bbox 581 2737 861 2792; x_wconf 71' lang='lat' dir='ltr'><strong>solitudine</strong></span> <span class='ocrx_word' id='word_1_257' title='bbox 880 2739 1058 2807; x_wconf 81' lang='lat' dir='ltr'><strong>positi,</strong></span> <span class='ocrx_word' id='word_1_258' title='bbox 1081 2739 1353 2809; x_wconf 81' lang='lat' dir='ltr'><strong>vulgarem</strong></span> <span class='ocrx_word' id='word_1_259' title='bbox 1380 2744 1791 2798; x_wconf 82' lang='lat' dir='ltr'><strong>consolationem</strong></span> <span class='ocrx_word' id='word_1_260' title='bbox 1814 2746 2070 2815; x_wconf 80' lang='lat' dir='ltr'><strong>capimus,</strong></span> <span class='ocrx_word' id='word_1_261' title='bbox 2097 2761 2215 2798; x_wconf 87' lang='lat' dir='ltr'><strong>cum</strong></span> <span class='ocrx_word' id='word_1_262' title='bbox 2253 2754 2461 2797; x_wconf 87' lang='lat' dir='ltr'><strong>tantum</strong></span> <span class='ocrx_word' id='word_1_263' title='bbox 2495 2744 2551 2796; x_wconf 89' lang='lat' dir='ltr'><strong>in</strong></span> <span class='ocrx_word' id='word_1_264' title='bbox 2578 2742 2730 2795; x_wconf 86' lang='lat' dir='ltr'><strong>corde</strong></span> <span class='ocrx_word' id='word_1_265' title='bbox 2756 2741 3060 2796; x_wconf 79' lang='lat' dir='ltr'><strong>thesaurum</strong></span> <span class='ocrx_word' id='word_1_266' title='bbox 3088 2747 3366 2805; x_wconf 86' lang='lat' dir='ltr'><strong>tantasque</strong></span> <span class='ocrx_word' id='word_1_267' title='bbox 3395 2751 3515 2804; x_wconf 88' lang='lat' dir='ltr'><strong>opes</strong></span> <span class='ocrx_word' id='word_1_268' title='bbox 3544 2734 3841 2787; x_wconf 80' lang='lat' dir='ltr'><strong>reconditas</strong></span> 
     </span>
    </p>
   </div>
   <div class='ocr_carea' id='block_1_25' title="bbox 577 2829 3699 2906">
    <p class='ocr_par' dir='ltr' id='par_1_25' title="bbox 577 2829 3699 2906">
     <span class='ocr_line' id='line_1_25' title="bbox 577 2829 3699 2906; baseline 0.003 -23"><span class='ocrx_word' id='word_1_269' title='bbox 577 2830 849 2897; x_wconf 74' lang='lat' dir='ltr'><strong>habemus,</strong></span> <span class='ocrx_word' id='word_1_270' title='bbox 891 2829 986 2883; x_wconf 71' lang='lat' dir='ltr'><strong>hoc</strong></span> <span class='ocrx_word' id='word_1_271' title='bbox 1021 2839 1116 2893; x_wconf 88' lang='lat' dir='ltr'><strong>est,</strong></span> <span class='ocrx_word' id='word_1_272' title='bbox 1152 2832 1423 2901; x_wconf 83' lang='lat' dir='ltr'><strong>vigilantis</strong></span> <span class='ocrx_word' id='word_1_273' title='bbox 1456 2852 1520 2887; x_wconf 92' lang='lat' dir='ltr'><strong>ac</strong></span> <span class='ocrx_word' id='word_1_274' title='bbox 1556 2836 1790 2906; x_wconf 77' lang='lat' dir='ltr'><strong>generosi</strong></span> <span class='ocrx_word' id='word_1_275' title='bbox 1834 2838 2000 2890; x_wconf 83' lang='lat' dir='ltr'><strong>animi</strong></span> <span class='ocrx_word' id='word_1_276' title='bbox 2048 2839 2126 2890; x_wconf 87' lang='lat' dir='ltr'><strong>tui</strong></span> <span class='ocrx_word' id='word_1_277' title='bbox 2156 2836 2457 2890; x_wconf 86' lang='lat' dir='ltr'><strong>caritatem.</strong></span> <span class='ocrx_word' id='word_1_278' title='bbox 3694 2829 3699 2833; x_wconf 56' lang='grc'><strong><em>’</em></strong></span> 
     </span>
    </p>
   </div>
   <div class='ocr_carea' id='block_1_26' title="bbox 650 2916 3847 3005">
    <p class='ocr_par' dir='ltr' id='par_1_26' title="bbox 650 2916 3847 3005">
     <span class='ocr_line' id='line_1_26' title="bbox 650 2916 3847 3005; baseline -0.001 -33"><span class='ocrx_word' id='word_1_279' title='bbox 650 2918 808 3005; x_wconf 74' lang='lat' dir='ltr'><strong>Hunc</strong></span> <span class='ocrx_word' id='word_1_280' title='bbox 857 2933 1020 2988; x_wconf 91' lang='lat' dir='ltr'><strong>porro</strong></span> <span class='ocrx_word' id='word_1_281' title='bbox 1050 2919 1227 2974; x_wconf 90' lang='lat' dir='ltr'><strong>locum</strong></span> <span class='ocrx_word' id='word_1_282' title='bbox 1260 2921 1329 2976; x_wconf 91' lang='lat' dir='ltr'><strong>ad</strong></span> <span class='ocrx_word' id='word_1_283' title='bbox 1355 2919 1648 2979; x_wconf 88' lang='lat' dir='ltr'><strong>Frontonis</strong></span> <span class='ocrx_word' id='word_1_284' title='bbox 1690 2925 1872 2980; x_wconf 66' lang='lat' dir='ltr'><strong>Ducaei</strong></span> <span class='ocrx_word' id='word_1_285' title='bbox 1920 2936 1977 2980; x_wconf 87' lang='lat' dir='ltr'><strong>et</strong></span> <span class='ocrx_word' id='word_1_286' title='bbox 2022 2924 2204 2980; x_wconf 89' lang='lat' dir='ltr'><strong>Savilii</strong></span> <span class='ocrx_word' id='word_1_287' title='bbox 2239 2924 2547 2979; x_wconf 89' lang='lat' dir='ltr'><strong>Editionum</strong></span> <span class='ocrx_word' id='word_1_288' title='bbox 2600 2922 2761 2977; x_wconf 89' lang='lat' dir='ltr'><strong>ﬁdem</strong></span> <span class='ocrx_word' id='word_1_289' title='bbox 2809 2920 3097 2976; x_wconf 88' lang='lat' dir='ltr'><strong>edidimus.</strong></span> <span class='ocrx_word' id='word_1_290' title='bbox 3133 2916 3209 2972; x_wconf 79' lang='lat' dir='ltr'><strong>Ex</strong></span> <span class='ocrx_word' id='word_1_291' title='bbox 3244 2927 3478 2988; x_wconf 82' lang='lat' dir='ltr'><strong>quatuor</strong></span> <span class='ocrx_word' id='word_1_292' title='bbox 3505 2926 3687 2971; x_wconf 86' lang='lat' dir='ltr'><strong>autem</strong></span> <span class='ocrx_word' id='word_1_293' title='bbox 3737 2916 3847 2969; x_wconf 72' lang='lat' dir='ltr'><strong>bla-</strong></span> 
     </span>
    </p>
   </div>
   <div class='ocr_carea' id='block_1_27' title="bbox 580 3008 3847 3088">
    <p class='ocr_par' dir='ltr' id='par_1_27' title="bbox 580 3008 3847 3088">
     <span class='ocr_line' id='line_1_27' title="bbox 580 3008 3847 3088; baseline -0.002 -19"><span class='ocrx_word' id='word_1_294' title='bbox 580 3008 897 3081; x_wconf 85' lang='lat' dir='ltr'><strong>nuscr‘rptis,</strong></span> <span class='ocrx_word' id='word_1_295' title='bbox 928 3010 1084 3080; x_wconf 87' lang='lat' dir='ltr'><strong>queis</strong></span> <span class='ocrx_word' id='word_1_296' title='bbox 1114 3013 1195 3067; x_wconf 85' lang='lat' dir='ltr'><strong>usi</strong></span> <span class='ocrx_word' id='word_1_297' title='bbox 1222 3028 1433 3082; x_wconf 92' lang='lat' dir='ltr'><strong>sumus,</strong></span> <span class='ocrx_word' id='word_1_298' title='bbox 1471 3017 1684 3073; x_wconf 90' lang='lat' dir='ltr'><strong>duobus</strong></span> <span class='ocrx_word' id='word_1_299' title='bbox 1711 3033 1909 3088; x_wconf 90' lang='lat' dir='ltr'><strong>nempe</strong></span> <span class='ocrx_word' id='word_1_300' title='bbox 1939 3018 2236 3083; x_wconf 76' lang='lat' dir='ltr'><strong>Vaticanis,</strong></span> <span class='ocrx_word' id='word_1_301' title='bbox 2272 3033 2381 3073; x_wconf 92' lang='lat' dir='ltr'><strong>uno</strong></span> <span class='ocrx_word' id='word_1_302' title='bbox 2411 3017 2579 3088; x_wconf 81' lang='lat' dir='ltr'><strong>Regio</strong></span> <span class='ocrx_word' id='word_1_303' title='bbox 2608 3027 2664 3071; x_wconf 88' lang='lat' dir='ltr'><strong>et</strong></span> <span class='ocrx_word' id='word_1_304' title='bbox 2694 3031 2804 3071; x_wconf 92' lang='lat' dir='ltr'><strong>uno</strong></span> <span class='ocrx_word' id='word_1_305' title='bbox 2832 3012 3186 3077; x_wconf 84' lang='lat' dir='ltr'><strong>Coisliniano,</strong></span> <span class='ocrx_word' id='word_1_306' title='bbox 3229 3011 3430 3082; x_wconf 81' lang='lat' dir='ltr'><strong>Regius</strong></span> <span class='ocrx_word' id='word_1_307' title='bbox 3456 3020 3508 3064; x_wconf 90' lang='lat' dir='ltr'><strong>et</strong></span> <span class='ocrx_word' id='word_1_308' title='bbox 3554 3008 3847 3064; x_wconf 81' lang='lat' dir='ltr'><strong>Vaticanus</strong></span> 
     </span>
    </p>
   </div>
   <div class='ocr_carea' id='block_1_28' title="bbox 583 3102 2212 3182">
    <p class='ocr_par' dir='ltr' id='par_1_28' title="bbox 583 3106 2212 3182">
     <span class='ocr_line' id='line_1_28' title="bbox 583 3106 2212 3182; baseline 0.001 -18"><span class='ocrx_word' id='word_1_309' title='bbox 583 3124 724 3164; x_wconf 88' lang='lat' dir='ltr'><strong>unus</strong></span> <span class='ocrx_word' id='word_1_310' title='bbox 758 3108 981 3169; x_wconf 85' lang='lat' dir='ltr'><strong>habent,</strong></span> <span class='ocrx_word' id='word_1_311' title='bbox 1013 3106 1070 3158; x_wconf 82' lang='grc' dir='ltr'>ὲν</span> <span class='ocrx_word' id='word_1_312' title='bbox 1114 3109 1311 3180; x_wconf 83' lang='grc' dir='ltr'>καρδίᾳ</span> <span class='ocrx_word' id='word_1_313' title='bbox 1359 3109 1653 3181; x_wconf 83' lang='grc' dir='ltr'>θησαυρόν,</span> <span class='ocrx_word' id='word_1_314' title='bbox 1688 3119 1748 3166; x_wconf 89' lang='lat' dir='ltr'><strong>ut</strong></span> <span class='ocrx_word' id='word_1_315' title='bbox 1775 3127 1966 3182; x_wconf 88' lang='lat' dir='ltr'><strong>supra;</strong></span> <span class='ocrx_word' id='word_1_316' title='bbox 2000 3110 2091 3166; x_wconf 89' lang='lat' dir='ltr'><strong>alii</strong></span> <span class='ocrx_word' id='word_1_317' title='bbox 2120 3120 2212 3165; x_wconf 90' lang='lat' dir='ltr'><strong>aut</strong></span> 
     </span>
    </p>
   </div>
   <div class='ocr_carea' id='block_1_29' title="bbox 2216 3102 3845 3182">
    <p class='ocr_par' dir='ltr' id='par_1_29' title="bbox 2218 3102 3845 3178">
     <span class='ocr_line' id='line_1_29' title="bbox 2218 3102 3845 3178; baseline -0.006 -14"><span class='ocrx_word' id='word_1_318' title='bbox 2218 3126 2302 3164; x_wconf 88' lang='lat' dir='ltr'><strong>em</strong></span> <span class='ocrx_word' id='word_1_319' title='bbox 2330 3110 2457 3176; x_wconf 93' lang='lat' dir='ltr'><strong>duo,</strong></span> <span class='ocrx_word' id='word_1_320' title='bbox 2491 3111 2549 3161; x_wconf 82' lang='grc' dir='ltr'>ὲν</span> <span class='ocrx_word' id='word_1_321' title='bbox 2586 3108 2809 3178; x_wconf 78' lang='grc' dir='ltr'><strong>Κιλικίᾳ</strong></span> <span class='ocrx_word' id='word_1_322' title='bbox 2855 3104 3148 3176; x_wconf 81' lang='grc' dir='ltr'>Θησαυρόν.</span> <span class='ocrx_word' id='word_1_323' title='bbox 3186 3102 3358 3168; x_wconf 86' lang='lat' dir='ltr'><strong>Quam</strong></span> <span class='ocrx_word' id='word_1_324' title='bbox 3386 3102 3673 3156; x_wconf 82' lang='lat' dir='ltr'><strong>lectionem</strong></span> <span class='ocrx_word' id='word_1_325' title='bbox 3711 3117 3845 3156; x_wconf 85' lang='lat' dir='ltr'><strong>con—</strong></span> 
     </span>
    </p>
   </div>
   <div class='ocr_carea' id='block_1_30' title="bbox 583 3193 3849 3274">
    <p class='ocr_par' dir='ltr' id='par_1_30' title="bbox 583 3193 3849 3274">
     <span class='ocr_line' id='line_1_30' title="bbox 583 3193 3849 3274; baseline -0.002 -17"><span class='ocrx_word' id='word_1_326' title='bbox 583 3202 763 3257; x_wconf 88' lang='lat' dir='ltr'><strong>ﬁrmat</strong></span> <span class='ocrx_word' id='word_1_327' title='bbox 817 3200 994 3255; x_wconf 77' lang='lat' dir='ltr'><strong>Codex</strong></span> <span class='ocrx_word' id='word_1_328' title='bbox 1049 3209 1236 3255; x_wconf 86' lang='lat' dir='ltr'><strong>noster</strong></span> <span class='ocrx_word' id='word_1_329' title='bbox 1281 3200 1762 3273; x_wconf 89' lang='lat' dir='ltr'><strong>Sangermanensis</strong></span> <span class='ocrx_word' id='word_1_330' title='bbox 1813 3204 1870 3258; x_wconf 90' lang='lat' dir='ltr'><strong>in</strong></span> <span class='ocrx_word' id='word_1_331' title='bbox 1902 3218 2012 3274; x_wconf 82' lang='lat' dir='ltr'><strong>quo</strong></span> <span class='ocrx_word' id='word_1_332' title='bbox 2058 3203 2273 3274; x_wconf 89' lang='lat' dir='ltr'><strong>legitur,</strong></span> <span class='ocrx_word' id='word_1_333' title='bbox 2325 3202 2484 3255; x_wconf 89' lang='lat' dir='ltr'><strong>talem</strong></span> <span class='ocrx_word' id='word_1_334' title='bbox 2524 3202 2581 3253; x_wconf 85' lang='lat' dir='ltr'><strong>in</strong></span> <span class='ocrx_word' id='word_1_335' title='bbox 2635 3199 2821 3255; x_wconf 86' lang='lat' dir='ltr'><strong>Cicilia</strong></span> <span class='ocrx_word' id='word_1_336' title='bbox 2864 3199 3188 3251; x_wconf 75' lang='lat' dir='ltr'><strong>thesaurum.</strong></span> <span class='ocrx_word' id='word_1_337' title='bbox 3246 3193 3385 3249; x_wconf 83' lang='lat' dir='ltr'><strong>Huic</strong></span> <span class='ocrx_word' id='word_1_338' title='bbox 3438 3194 3658 3248; x_wconf 85' lang='lat' dir='ltr'><strong>lectioni</strong></span> <span class='ocrx_word' id='word_1_339' title='bbox 3706 3195 3849 3250; x_wconf 83' lang='lat' dir='ltr'><strong>favet</strong></span> 
     </span>
    </p>
   </div>
   <div class='ocr_carea' id='block_1_31' title="bbox 584 3286 3851 3367">
    <p class='ocr_par' dir='ltr' id='par_1_31' title="bbox 584 3286 3851 3367">
     <span class='ocr_line' id='line_1_31' title="bbox 584 3286 3851 3367; baseline -0.003 -16"><span class='ocrx_word' id='word_1_340' title='bbox 584 3296 748 3351; x_wconf 90' lang='lat' dir='ltr'><strong>etiam</strong></span> <span class='ocrx_word' id='word_1_341' title='bbox 796 3291 1083 3346; x_wconf 82' lang='lat' dir='ltr'><strong>Facundus</strong></span> <span class='ocrx_word' id='word_1_342' title='bbox 1126 3291 1535 3350; x_wconf 88' lang='lat' dir='ltr'><strong>Hermianensis</strong></span> <span class='ocrx_word' id='word_1_343' title='bbox 1579 3295 1673 3350; x_wconf 92' lang='lat' dir='ltr'><strong>lib.</strong></span> <span class='ocrx_word' id='word_1_344' title='bbox 1718 3296 1771 3361; x_wconf 89' lang='lat'><strong>7,</strong></span> <span class='ocrx_word' id='word_1_345' title='bbox 1810 3311 1931 3367; x_wconf 87' lang='lat' dir='ltr'><strong>cap.</strong></span> <span class='ocrx_word' id='word_1_346' title='bbox 1970 3296 2022 3361; x_wconf 89' lang='lat'><strong>7,</strong></span> <span class='ocrx_word' id='word_1_347' title='bbox 2077 3311 2131 3365; x_wconf 91' lang='lat' dir='ltr'><strong>p.</strong></span> <span class='ocrx_word' id='word_1_348' title='bbox 2184 3295 2322 3361; x_wconf 77' lang='lat'><strong>653,</strong></span> <span class='ocrx_word' id='word_1_349' title='bbox 2380 3294 2525 3349; x_wconf 86' lang='lat' dir='ltr'><strong>Edit.</strong></span> <span class='ocrx_word' id='word_1_350' title='bbox 2577 3290 2873 3355; x_wconf 87' lang='lat' dir='ltr'><strong>Sirmondi,</strong></span> <span class='ocrx_word' id='word_1_351' title='bbox 2910 3290 3041 3353; x_wconf 84' lang='lat' dir='ltr'><strong>fol.;</strong></span> <span class='ocrx_word' id='word_1_352' title='bbox 3068 3288 3159 3358; x_wconf 91' lang='lat' dir='ltr'><strong>qui</strong></span> <span class='ocrx_word' id='word_1_353' title='bbox 3218 3286 3506 3342; x_wconf 84' lang='lat' dir='ltr'><strong>Facundus</strong></span> <span class='ocrx_word' id='word_1_354' title='bbox 3532 3303 3748 3357; x_wconf 90' lang='lat' dir='ltr'><strong>quoque</strong></span> <span class='ocrx_word' id='word_1_355' title='bbox 3790 3291 3851 3343; x_wconf 85' lang='grc' dir='ltr'>ὲν</span> 
     </span>
    </p>
   </div>
   <div class='ocr_carea' id='block_1_32' title="bbox 584 3379 2213 3457">
    <p class='ocr_par' dir='ltr' id='par_1_32' title="bbox 584 3382 2194 3457">
     <span class='ocr_line' id='line_1_32' title="bbox 584 3382 2194 3457; baseline -0.002 -16"><span class='ocrx_word' id='word_1_356' title='bbox 584 3384 809 3455; x_wconf 75' lang='grc' dir='ltr'><strong>Κιλικίᾳ</strong></span> <span class='ocrx_word' id='word_1_357' title='bbox 837 3384 1056 3453; x_wconf 86' lang='lat' dir='ltr'><strong>legerat.</strong></span> <span class='ocrx_word' id='word_1_358' title='bbox 1095 3382 1278 3452; x_wconf 88' lang='lat' dir='ltr'><strong>Itaque</strong></span> <span class='ocrx_word' id='word_1_359' title='bbox 1327 3386 1468 3442; x_wconf 90' lang='lat' dir='ltr'><strong>hanc</strong></span> <span class='ocrx_word' id='word_1_360' title='bbox 1501 3384 1788 3443; x_wconf 85' lang='lat' dir='ltr'><strong>lectionem</strong></span> <span class='ocrx_word' id='word_1_361' title='bbox 1837 3388 1895 3441; x_wconf 80' lang='grc' dir='ltr'>ἐν</span> <span class='ocrx_word' id='word_1_362' title='bbox 1949 3385 2194 3457; x_wconf 77' lang='grc' dir='ltr'><strong>Κιλικίᾳ,</strong></span> 
     </span>
    </p>
   </div>
   <div class='ocr_carea' id='block_1_33' title="bbox 2216 3379 3845 3457">
    <p class='ocr_par' dir='ltr' id='par_1_33' title="bbox 2227 3379 3845 3455">
     <span class='ocr_line' id='line_1_33' title="bbox 2227 3379 3845 3455; baseline -0.005 -15"><span class='ocrx_word' id='word_1_363' title='bbox 2227 3401 2388 3455; x_wconf 92' lang='lat' dir='ltr'><strong>quam</strong></span> <span class='ocrx_word' id='word_1_364' title='bbox 2420 3384 2623 3439; x_wconf 89' lang='lat' dir='ltr'><strong>ibidem</strong></span> <span class='ocrx_word' id='word_1_365' title='bbox 2658 3383 2713 3437; x_wconf 90' lang='lat' dir='ltr'><strong>in</strong></span> <span class='ocrx_word' id='word_1_366' title='bbox 2750 3392 2878 3437; x_wconf 90' lang='lat' dir='ltr'><strong>nota</strong></span> <span class='ocrx_word' id='word_1_367' title='bbox 2912 3396 3222 3452; x_wconf 86' lang='lat' dir='ltr'><strong>germanam</strong></span> <span class='ocrx_word' id='word_1_368' title='bbox 3260 3394 3382 3433; x_wconf 89' lang='lat' dir='ltr'><strong>esse</strong></span> <span class='ocrx_word' id='word_1_369' title='bbox 3414 3379 3845 3448; x_wconf 86' lang='lat' dir='ltr'><strong>suspicabamur,</strong></span> 
     </span>
    </p>
   </div>
   <div class='ocr_carea' id='block_1_34' title="bbox 578 3470 3850 3549">
    <p class='ocr_par' dir='ltr' id='par_1_34' title="bbox 578 3470 3850 3549">
     <span class='ocr_line' id='line_1_34' title="bbox 578 3470 3850 3549; baseline -0.002 -22"><span class='ocrx_word' id='word_1_370' title='bbox 578 3474 690 3545; x_wconf 79' lang='lat' dir='ltr'><strong>jam</strong></span> <span class='ocrx_word' id='word_1_371' title='bbox 723 3492 905 3531; x_wconf 81' lang='lat' dir='ltr'><strong>veram</strong></span> <span class='ocrx_word' id='word_1_372' title='bbox 932 3493 1054 3533; x_wconf 89' lang='lat' dir='ltr'><strong>esse</strong></span> <span class='ocrx_word' id='word_1_373' title='bbox 1082 3478 1518 3549; x_wconf 83' lang='lat' dir='ltr'><strong>pronuntiamus,</strong></span> <span class='ocrx_word' id='word_1_374' title='bbox 1556 3479 1745 3546; x_wconf 86' lang='lat' dir='ltr'><strong>sicque</strong></span> <span class='ocrx_word' id='word_1_375' title='bbox 1766 3493 1990 3547; x_wconf 87' lang='lat' dir='ltr'><strong>prorsus</strong></span> <span class='ocrx_word' id='word_1_376' title='bbox 2014 3477 2302 3548; x_wconf 88' lang='lat' dir='ltr'><strong>legendum</strong></span> <span class='ocrx_word' id='word_1_377' title='bbox 2331 3492 2453 3532; x_wconf 87' lang='lat' dir='ltr'><strong>esse</strong></span> <span class='ocrx_word' id='word_1_378' title='bbox 2483 3490 2790 3531; x_wconf 89' lang='lat' dir='ltr'><strong>censemus.</strong></span> <span class='ocrx_word' id='word_1_379' title='bbox 2819 3473 2876 3527; x_wconf 75' lang='lat' dir='ltr'><strong>Si</strong></span> <span class='ocrx_word' id='word_1_380' title='bbox 2905 3489 3066 3543; x_wconf 91' lang='lat' dir='ltr'><strong>porro</strong></span> <span class='ocrx_word' id='word_1_381' title='bbox 3089 3472 3410 3526; x_wconf 88' lang='lat' dir='ltr'><strong>Theodorus</strong></span> <span class='ocrx_word' id='word_1_382' title='bbox 3444 3470 3531 3524; x_wconf 86' lang='lat' dir='ltr'><strong>hic</strong></span> <span class='ocrx_word' id='word_1_383' title='bbox 3574 3472 3629 3523; x_wconf 91' lang='lat' dir='ltr'><strong>in</strong></span> <span class='ocrx_word' id='word_1_384' title='bbox 3661 3470 3850 3524; x_wconf 86' lang='lat' dir='ltr'><strong>Cilicia</strong></span> 
     </span>
    </p>
   </div>
   <div class='ocr_carea' id='block_1_35' title="bbox 582 3562 3849 3641">
    <p class='ocr_par' dir='ltr' id='par_1_35' title="bbox 582 3562 3849 3641">
     <span class='ocr_line' id='line_1_35' title="bbox 582 3562 3849 3641; baseline -0.002 -19"><span class='ocrx_word' id='word_1_385' title='bbox 582 3569 873 3639; x_wconf 82' lang='lat' dir='ltr'><strong>episcopus</strong></span> <span class='ocrx_word' id='word_1_386' title='bbox 907 3572 1089 3638; x_wconf 83' lang='lat' dir='ltr'><strong>fuerit,</strong></span> <span class='ocrx_word' id='word_1_387' title='bbox 1133 3572 1276 3625; x_wconf 82' lang='lat' dir='ltr'><strong>haud</strong></span> <span class='ocrx_word' id='word_1_388' title='bbox 1331 3571 1495 3625; x_wconf 89' lang='lat' dir='ltr'><strong>dubie</strong></span> <span class='ocrx_word' id='word_1_389' title='bbox 1528 3570 1944 3640; x_wconf 82' lang='lat' dir='ltr'><strong>Mepsuestenus</strong></span> <span class='ocrx_word' id='word_1_390' title='bbox 1974 3571 2095 3636; x_wconf 92' lang='lat' dir='ltr'><strong>erit,</strong></span> <span class='ocrx_word' id='word_1_391' title='bbox 2134 3570 2279 3641; x_wconf 92' lang='lat' dir='ltr'><strong>quod</strong></span> <span class='ocrx_word' id='word_1_392' title='bbox 2325 3572 2491 3624; x_wconf 88' lang='lat' dir='ltr'><strong>etiam</strong></span> <span class='ocrx_word' id='word_1_393' title='bbox 2527 3570 2579 3623; x_wconf 92' lang='lat' dir='ltr'><strong>in</strong></span> <span class='ocrx_word' id='word_1_394' title='bbox 2612 3568 2770 3621; x_wconf 90' lang='lat' dir='ltr'><strong>titulo</strong></span> <span class='ocrx_word' id='word_1_395' title='bbox 2800 3566 2975 3621; x_wconf 82' lang='lat' dir='ltr'><strong>fertur</strong></span> <span class='ocrx_word' id='word_1_396' title='bbox 3022 3564 3077 3619; x_wconf 92' lang='lat' dir='ltr'><strong>in</strong></span> <span class='ocrx_word' id='word_1_397' title='bbox 3123 3564 3491 3632; x_wconf 83' lang='lat' dir='ltr'><strong>Manuscripto</strong></span> <span class='ocrx_word' id='word_1_398' title='bbox 3530 3562 3849 3632; x_wconf 86' lang='lat' dir='ltr'><strong>Sangerma-</strong></span> 
     </span>
    </p>
   </div>
   <div class='ocr_carea' id='block_1_36' title="bbox 583 3657 3847 3736">
    <p class='ocr_par' dir='ltr' id='par_1_36' title="bbox 583 3657 3847 3736">
     <span class='ocr_line' id='line_1_36' title="bbox 583 3657 3847 3736; baseline -0.003 -18"><span class='ocrx_word' id='word_1_399' title='bbox 583 3668 764 3733; x_wconf 79' lang='lat' dir='ltr'><strong>ncnsi,</strong></span> <span class='ocrx_word' id='word_1_400' title='bbox 800 3668 870 3720; x_wconf 83' lang='lat' dir='ltr'><strong>ad</strong></span> <span class='ocrx_word' id='word_1_401' title='bbox 912 3668 1230 3721; x_wconf 85' lang='lat' dir='ltr'><strong>Theodorum</strong></span> <span class='ocrx_word' id='word_1_402' title='bbox 1270 3668 1685 3736; x_wconf 78' lang='lat' dir='ltr'><strong>Mopsuestenum</strong></span> <span class='ocrx_word' id='word_1_403' title='bbox 1716 3668 2035 3736; x_wconf 77' lang='lat' dir='ltr'><strong>episcopum,</strong></span> <span class='ocrx_word' id='word_1_404' title='bbox 2086 3683 2208 3722; x_wconf 92' lang='lat' dir='ltr'><strong>cum</strong></span> <span class='ocrx_word' id='word_1_405' title='bbox 2247 3666 2482 3735; x_wconf 91' lang='lat' dir='ltr'><strong>alioquin</strong></span> <span class='ocrx_word' id='word_1_406' title='bbox 2514 3664 2723 3719; x_wconf 91' lang='lat' dir='ltr'><strong>nullum</strong></span> <span class='ocrx_word' id='word_1_407' title='bbox 2745 3663 2910 3716; x_wconf 89' lang='lat' dir='ltr'><strong>alium</strong></span> <span class='ocrx_word' id='word_1_408' title='bbox 2940 3663 2993 3715; x_wconf 89' lang='lat' dir='ltr'><strong>in</strong></span> <span class='ocrx_word' id='word_1_409' title='bbox 3023 3659 3212 3715; x_wconf 88' lang='lat' dir='ltr'><strong>Cilicia</strong></span> <span class='ocrx_word' id='word_1_410' title='bbox 3257 3660 3573 3728; x_wconf 89' lang='lat' dir='ltr'><strong>episcopum</strong></span> <span class='ocrx_word' id='word_1_411' title='bbox 3613 3657 3847 3727; x_wconf 79' lang='lat' dir='ltr'><strong>Chryso-</strong></span> 
     </span>
    </p>
   </div>
   <div class='ocr_carea' id='block_1_37' title="bbox 584 3760 2780 3832">
    <p class='ocr_par' dir='ltr' id='par_1_37' title="bbox 584 3760 2780 3832">
     <span class='ocr_line' id='line_1_37' title="bbox 584 3760 2780 3832; baseline -0.001 -17"><span class='ocrx_word' id='word_1_412' title='bbox 584 3764 745 3816; x_wconf 86' lang='lat' dir='ltr'><strong>stomi</strong></span> <span class='ocrx_word' id='word_1_413' title='bbox 793 3764 1028 3818; x_wconf 86' lang='lat' dir='ltr'><strong>amicum</strong></span> <span class='ocrx_word' id='word_1_414' title='bbox 1060 3764 1225 3818; x_wconf 83' lang='lat' dir='ltr'><strong>fuisse</strong></span> <span class='ocrx_word' id='word_1_415' title='bbox 1251 3764 1505 3827; x_wconf 86' lang='lat' dir='ltr'><strong>sciamus,</strong></span> <span class='ocrx_word' id='word_1_416' title='bbox 1538 3770 1899 3832; x_wconf 62' lang='lat' dir='ltr'><strong>praeterquam</strong></span> <span class='ocrx_word' id='word_1_417' title='bbox 1933 3760 2282 3815; x_wconf 86' lang='lat' dir='ltr'><strong>Theodorum</strong></span> <span class='ocrx_word' id='word_1_418' title='bbox 2317 3760 2780 3831; x_wconf 84' lang='lat' dir='ltr'><strong>Mopsuestenum.</strong></span> 
     </span>
    </p>
   </div>
   <div class='ocr_carea' id='block_1_38' title="bbox 658 3844 3848 3927">
    <p class='ocr_par' dir='ltr' id='par_1_38' title="bbox 658 3844 3848 3927">
     <span class='ocr_line' id='line_1_38' title="bbox 658 3844 3848 3927; baseline -0.003 -18"><span class='ocrx_word' id='word_1_419' title='bbox 658 3857 787 3910; x_wconf 74' lang='lat' dir='ltr'><strong>Hzec</strong></span> <span class='ocrx_word' id='word_1_420' title='bbox 836 3857 1017 3926; x_wconf 89' lang='lat' dir='ltr'><strong>itaque</strong></span> <span class='ocrx_word' id='word_1_421' title='bbox 1074 3857 1234 3911; x_wconf 89' lang='lat' dir='ltr'><strong>lectio</strong></span> <span class='ocrx_word' id='word_1_422' title='bbox 1285 3872 1382 3926; x_wconf 91' lang='lat' dir='ltr'><strong>pro</strong></span> <span class='ocrx_word' id='word_1_423' title='bbox 1412 3864 1618 3910; x_wconf 88' lang='lat' dir='ltr'><strong>asserta</strong></span> <span class='ocrx_word' id='word_1_424' title='bbox 1642 3858 1753 3927; x_wconf 87' lang='lat' dir='ltr'><strong>jam</strong></span> <span class='ocrx_word' id='word_1_425' title='bbox 1780 3864 1834 3910; x_wconf 92' lang='lat' dir='ltr'><strong>et</strong></span> <span class='ocrx_word' id='word_1_426' title='bbox 1862 3856 2164 3910; x_wconf 91' lang='lat' dir='ltr'><strong>indubitata</strong></span> <span class='ocrx_word' id='word_1_427' title='bbox 2196 3855 2382 3910; x_wconf 88' lang='lat' dir='ltr'><strong>haberi</strong></span> <span class='ocrx_word' id='word_1_428' title='bbox 2412 3855 2593 3909; x_wconf 88' lang='lat' dir='ltr'><strong>debet.</strong></span> <span class='ocrx_word' id='word_1_429' title='bbox 2636 3854 2821 3922; x_wconf 84' lang='lat' dir='ltr'><strong>Neque</strong></span> <span class='ocrx_word' id='word_1_430' title='bbox 2856 3862 3035 3906; x_wconf 88' lang='lat' dir='ltr'><strong>tamen</strong></span> <span class='ocrx_word' id='word_1_431' title='bbox 3086 3848 3446 3903; x_wconf 89' lang='lat' dir='ltr'><strong>omittendum</strong></span> <span class='ocrx_word' id='word_1_432' title='bbox 3481 3855 3589 3909; x_wconf 86' lang='lat' dir='ltr'><strong>est.</strong></span> <span class='ocrx_word' id='word_1_433' title='bbox 3619 3844 3673 3900; x_wconf 91' lang='lat' dir='ltr'><strong>id</strong></span> <span class='ocrx_word' id='word_1_434' title='bbox 3706 3844 3848 3914; x_wconf 84' lang='lat' dir='ltr'><strong>quod</strong></span> 
     </span>
    </p>
   </div>
   <div class='ocr_carea' id='block_1_39' title="bbox 584 3938 3849 4015">
    <p class='ocr_par' dir='ltr' id='par_1_39' title="bbox 584 3938 3849 4015">
     <span class='ocr_line' id='line_1_39' title="bbox 584 3938 3849 4015; baseline -0.005 -12"><span class='ocrx_word' id='word_1_435' title='bbox 584 3948 840 4003; x_wconf 83' lang='lat' dir='ltr'><strong>observat</strong></span> <span class='ocrx_word' id='word_1_436' title='bbox 874 3947 1276 4009; x_wconf 86' lang='lat' dir='ltr'><strong>&#39;l‘illemontius,</strong></span> <span class='ocrx_word' id='word_1_437' title='bbox 1311 3945 1522 4000; x_wconf 88' lang='lat' dir='ltr'><strong>etiamsi</strong></span> <span class='ocrx_word' id='word_1_438' title='bbox 1554 3948 1612 3998; x_wconf 85' lang='grc' dir='ltr'>ὲν</span> <span class='ocrx_word' id='word_1_439' title='bbox 1646 3944 1844 4015; x_wconf 87' lang='grc' dir='ltr'>καρδίᾳ</span> <span class='ocrx_word' id='word_1_440' title='bbox 1886 3944 2177 4015; x_wconf 85' lang='lat' dir='ltr'><strong>legeretur,</strong></span> <span class='ocrx_word' id='word_1_441' title='bbox 2216 3943 2362 3998; x_wconf 88' lang='lat' dir='ltr'><strong>hunc</strong></span> <span class='ocrx_word' id='word_1_442' title='bbox 2401 3953 2585 3998; x_wconf 89' lang='lat' dir='ltr'><strong>tamen</strong></span> <span class='ocrx_word' id='word_1_443' title='bbox 2627 3943 2975 3997; x_wconf 85' lang='lat' dir='ltr'><strong>Theodorum</strong></span> <span class='ocrx_word' id='word_1_444' title='bbox 3001 3955 3120 3993; x_wconf 89' lang='lat' dir='ltr'><strong>esse</strong></span> <span class='ocrx_word' id='word_1_445' title='bbox 3153 3938 3595 4008; x_wconf 82' lang='lat' dir='ltr'><strong>Mopsuesteuum</strong></span> <span class='ocrx_word' id='word_1_446' title='bbox 3626 3938 3849 3991; x_wconf 83' lang='lat' dir='ltr'><strong>omnino</strong></span> 
     </span>
    </p>
   </div>
   <div class='ocr_carea' id='block_1_40' title="bbox 583 4025 3850 4109">
    <p class='ocr_par' dir='ltr' id='par_1_40' title="bbox 583 4025 3850 4109">
     <span class='ocr_line' id='line_1_40' title="bbox 583 4025 3850 4109; baseline -0.006 -13"><span class='ocrx_word' id='word_1_447' title='bbox 583 4050 840 4109; x_wconf 85' lang='lat' dir='ltr'><strong>oportere</strong></span> <span class='ocrx_word' id='word_1_448' title='bbox 869 4057 882 4092; x_wconf 89' lang='lat'>:</span> <span class='ocrx_word' id='word_1_449' title='bbox 913 4055 1037 4093; x_wconf 89' lang='lat' dir='ltr'><strong>nam</strong></span> <span class='ocrx_word' id='word_1_450' title='bbox 1092 4040 1228 4093; x_wconf 87' lang='lat' dir='ltr'><strong>duos</strong></span> <span class='ocrx_word' id='word_1_451' title='bbox 1258 4038 1431 4091; x_wconf 89' lang='lat' dir='ltr'><strong>solum</strong></span> <span class='ocrx_word' id='word_1_452' title='bbox 1463 4035 1778 4089; x_wconf 86' lang='lat' dir='ltr'><strong>&#39;l‘heodoros</strong></span> <span class='ocrx_word' id='word_1_453' title='bbox 1818 4036 2090 4096; x_wconf 88' lang='lat' dir='ltr'><strong>novimus,</strong></span> <span class='ocrx_word' id='word_1_454' title='bbox 2133 4032 2202 4087; x_wconf 86' lang='lat' dir='ltr'><strong>ad</strong></span> <span class='ocrx_word' id='word_1_455' title='bbox 2229 4047 2366 4101; x_wconf 92' lang='lat' dir='ltr'><strong>quos</strong></span> <span class='ocrx_word' id='word_1_456' title='bbox 2409 4032 2525 4086; x_wconf 68' lang='lat' dir='ltr'><strong>haec</strong></span> <span class='ocrx_word' id='word_1_457' title='bbox 2548 4030 2776 4101; x_wconf 85' lang='lat' dir='ltr'><strong>epistola</strong></span> <span class='ocrx_word' id='word_1_458' title='bbox 2825 4030 2989 4083; x_wconf 85' lang='lat' dir='ltr'><strong>missa</strong></span> <span class='ocrx_word' id='word_1_459' title='bbox 3024 4027 3190 4081; x_wconf 90' lang='lat' dir='ltr'><strong>fuisse</strong></span> <span class='ocrx_word' id='word_1_460' title='bbox 3226 4026 3485 4096; x_wconf 87' lang='lat' dir='ltr'><strong>potuerit,</strong></span> <span class='ocrx_word' id='word_1_461' title='bbox 3513 4025 3850 4095; x_wconf 78' lang='lat' dir='ltr'><strong>Mopsueste-</strong></span> 
     </span>
    </p>
   </div>
   <div class='ocr_carea' id='block_1_41' title="bbox 587 4115 3851 4201">
    <p class='ocr_par' dir='ltr' id='par_1_41' title="bbox 587 4115 3851 4201">
     <span class='ocr_line' id='line_1_41' title="bbox 587 4115 3851 4201; baseline -0.005 -17"><span class='ocrx_word' id='word_1_462' title='bbox 587 4145 718 4184; x_wconf 89' lang='lat' dir='ltr'><strong>num</strong></span> <span class='ocrx_word' id='word_1_463' title='bbox 749 4145 946 4201; x_wconf 89' lang='lat' dir='ltr'><strong>nempe</strong></span> <span class='ocrx_word' id='word_1_464' title='bbox 976 4131 1030 4183; x_wconf 90' lang='lat' dir='ltr'><strong>in</strong></span> <span class='ocrx_word' id='word_1_465' title='bbox 1058 4129 1265 4193; x_wconf 88' lang='lat' dir='ltr'><strong>Cilicia,</strong></span> <span class='ocrx_word' id='word_1_466' title='bbox 1298 4136 1355 4181; x_wconf 90' lang='lat' dir='ltr'><strong>et</strong></span> <span class='ocrx_word' id='word_1_467' title='bbox 1389 4126 1667 4197; x_wconf 86' lang='lat' dir='ltr'><strong>Tyaneum</strong></span> <span class='ocrx_word' id='word_1_468' title='bbox 1698 4126 1755 4178; x_wconf 89' lang='lat' dir='ltr'><strong>in</strong></span> <span class='ocrx_word' id='word_1_469' title='bbox 1782 4123 2142 4193; x_wconf 83' lang='lat' dir='ltr'><strong>Cappadocia.</strong></span> <span class='ocrx_word' id='word_1_470' title='bbox 2167 4120 2384 4192; x_wconf 82' lang='lat' dir='ltr'><strong>Tyaneo</strong></span> <span class='ocrx_word' id='word_1_471' title='bbox 2414 4132 2593 4174; x_wconf 84' lang='lat' dir='ltr'><strong>autem</strong></span> <span class='ocrx_word' id='word_1_472' title='bbox 2625 4120 2771 4174; x_wconf 87' lang='lat' dir='ltr'><strong>nulla</strong></span> <span class='ocrx_word' id='word_1_473' title='bbox 2806 4120 2973 4174; x_wconf 87' lang='lat' dir='ltr'><strong>fuisse</strong></span> <span class='ocrx_word' id='word_1_474' title='bbox 3002 4118 3400 4173; x_wconf 88' lang='lat' dir='ltr'><strong>consuetudine</strong></span> <span class='ocrx_word' id='word_1_475' title='bbox 3430 4117 3652 4186; x_wconf 83' lang='lat' dir='ltr'><strong>junctus</strong></span> <span class='ocrx_word' id='word_1_476' title='bbox 3696 4115 3851 4170; x_wconf 83' lang='lat' dir='ltr'><strong>vide-</strong></span> 
     </span>
    </p>
   </div>
   <div class='ocr_carea' id='block_1_42' title="bbox 590 4212 2783 4292">
    <p class='ocr_par' dir='ltr' id='par_1_42' title="bbox 590 4212 2783 4292">
     <span class='ocr_line' id='line_1_42' title="bbox 590 4212 2783 4292; baseline -0.005 -17"><span class='ocrx_word' id='word_1_477' title='bbox 590 4231 678 4276; x_wconf 89' lang='lat' dir='ltr'><strong>tur</strong></span> <span class='ocrx_word' id='word_1_478' title='bbox 706 4221 1156 4292; x_wconf 86' lang='lat' dir='ltr'><strong>Cbrysostomus;</strong></span> <span class='ocrx_word' id='word_1_479' title='bbox 1189 4217 1463 4273; x_wconf 82' lang='lat' dir='ltr'><strong>Theodori</strong></span> <span class='ocrx_word' id='word_1_480' title='bbox 1492 4225 1674 4269; x_wconf 90' lang='lat' dir='ltr'><strong>autem</strong></span> <span class='ocrx_word' id='word_1_481' title='bbox 1704 4212 2068 4283; x_wconf 73' lang='lat' dir='ltr'><strong>Mopsuesteni</strong></span> <span class='ocrx_word' id='word_1_482' title='bbox 2095 4228 2125 4267; x_wconf 90' lang='lat' dir='ltr'><strong>a</strong></span> <span class='ocrx_word' id='word_1_483' title='bbox 2151 4226 2323 4282; x_wconf 87' lang='lat' dir='ltr'><strong>puero</strong></span> <span class='ocrx_word' id='word_1_484' title='bbox 2350 4212 2558 4266; x_wconf 78' lang='lat' dir='ltr'><strong>amicus</strong></span> <span class='ocrx_word' id='word_1_485' title='bbox 2583 4212 2783 4266; x_wconf 86' lang='lat' dir='ltr'><strong>fuerat.</strong></span> 
     </span>
    </p>
   </div>
   <div class='ocr_carea' id='block_1_43' title="bbox 3238 4461 3535 4470">
    <p class='ocr_par' dir='ltr' id='par_1_43' title="bbox 3238 4461 3535 4470">
     <span class='ocr_line' id='line_1_43' title="bbox 3238 4461 3535 4470; baseline -0.007 0"><span class='ocrx_word' id='word_1_486' title='bbox 3238 4461 3535 4470; x_wconf 42' lang='grc' dir='ltr'><strong>...νδ-ὀὴ.</strong></span> 
     </span>
    </p>
   </div>
   <div class='ocr_carea' id='block_1_44' title="bbox 615 4470 2085 4489">
    <p class='ocr_par' dir='ltr' id='par_1_44' title="bbox 615 4470 2085 4489">
     <span class='ocr_line' id='line_1_44' title="bbox 615 4470 2085 4489; baseline -0.007 -1"><span class='ocrx_word' id='word_1_487' title='bbox 615 4470 2085 4489; x_wconf 48' lang='grc' dir='ltr'><strong>Μῤ-Μ-ωφη-</strong></span> 
     </span>
    </p>
   </div>
   <div class='ocr_carea' id='block_1_45' title="bbox 834 4578 3551 4649">
    <p class='ocr_par' dir='ltr' id='par_1_45' title="bbox 834 4578 3551 4649">
     <span class='ocr_line' id='line_1_45' title="bbox 834 4578 3551 4649; baseline -0.001 -12"><span class='ocrx_word' id='word_1_488' title='bbox 834 4584 915 4637; x_wconf 63' lang='lat' dir='ltr'><strong>lix</strong></span> <span class='ocrx_word' id='word_1_489' title='bbox 934 4583 1104 4635; x_wconf 82' lang='lat' dir='ltr'><strong>codice</strong></span> <span class='ocrx_word' id='word_1_490' title='bbox 1130 4581 1252 4636; x_wconf 78' lang='lat' dir='ltr'><strong>MS.</strong></span> <span class='ocrx_word' id='word_1_491' title='bbox 1279 4598 1419 4635; x_wconf 85' lang='lat' dir='ltr'><strong>num.</strong></span> <span class='ocrx_word' id='word_1_492' title='bbox 1452 4580 1558 4635; x_wconf 74' lang='lat'><strong>526</strong></span> <span class='ocrx_word' id='word_1_493' title='bbox 1584 4580 1905 4635; x_wconf 77' lang='lat' dir='ltr'><strong>Bibliotheca:</strong></span> <span class='ocrx_word' id='word_1_494' title='bbox 1931 4582 2090 4635; x_wconf 86' lang='lat' dir='ltr'><strong>sancti</strong></span> <span class='ocrx_word' id='word_1_495' title='bbox 2123 4580 2410 4633; x_wconf 83' lang='lat' dir='ltr'><strong>Germania</strong></span> <span class='ocrx_word' id='word_1_496' title='bbox 2440 4579 2627 4645; x_wconf 83' lang='lat' dir='ltr'><strong>Prutis,</strong></span> <span class='ocrx_word' id='word_1_497' title='bbox 2657 4580 2741 4647; x_wconf 82' lang='lat' dir='ltr'><strong>qui</strong></span> <span class='ocrx_word' id='word_1_498' title='bbox 2768 4595 2902 4633; x_wconf 87' lang='lat' dir='ltr'><strong>nono</strong></span> <span class='ocrx_word' id='word_1_499' title='bbox 2928 4579 3113 4633; x_wconf 62' lang='lat' dir='ltr'><strong>sucula</strong></span> <span class='ocrx_word' id='word_1_500' title='bbox 3134 4578 3411 4647; x_wconf 84' lang='lat' dir='ltr'><strong>descriptus</strong></span> <span class='ocrx_word' id='word_1_501' title='bbox 3438 4582 3551 4649; x_wconf 79' lang='lat' dir='ltr'><strong>fuit.</strong></span> 
     </span>
    </p>
   </div>
   <div class='ocr_carea' id='block_1_46' title="bbox 1018 4713 3365 4787">
    <p class='ocr_par' dir='ltr' id='par_1_46' title="bbox 1018 4713 3365 4787">
     <span class='ocr_line' id='line_1_46' title="bbox 1018 4713 3365 4787; baseline -0.002 -15"><span class='ocrx_word' id='word_1_502' title='bbox 1018 4718 1202 4787; x_wconf 79' lang='lat' dir='ltr'><strong>Incipit</strong></span> <span class='ocrx_word' id='word_1_503' title='bbox 1230 4718 1485 4773; x_wconf 83' lang='lat' dir='ltr'><strong>Johannis</strong></span> <span class='ocrx_word' id='word_1_504' title='bbox 1510 4716 2079 4785; x_wconf 88' lang='lat' dir='ltr'><strong>Constantinopolitani</strong></span> <span class='ocrx_word' id='word_1_505' title='bbox 2110 4714 2177 4769; x_wconf 90' lang='lat' dir='ltr'><strong>ad</strong></span> <span class='ocrx_word' id='word_1_506' title='bbox 2200 4715 2539 4770; x_wconf 84' lang='lat' dir='ltr'><strong>Theodorum</strong></span> <span class='ocrx_word' id='word_1_507' title='bbox 2569 4713 2995 4784; x_wconf 85' lang='lat' dir='ltr'><strong>Mopsuestenum</strong></span> <span class='ocrx_word' id='word_1_508' title='bbox 3018 4713 3365 4785; x_wconf 86' lang='lat' dir='ltr'><strong>Episcopum.</strong></span> 
     </span>
    </p>
   </div>
   <div class='ocr_carea' id='block_1_47' title="bbox 663 4828 3851 4919">
    <p class='ocr_par' dir='ltr' id='par_1_47' title="bbox 663 4828 3851 4919">
     <span class='ocr_line' id='line_1_47' title="bbox 663 4828 3851 4919; baseline -0.002 -10"><span class='ocrx_word' id='word_1_509' title='bbox 663 4853 718 4909; x_wconf 90' lang='lat' dir='ltr'><strong>Si</strong></span> <span class='ocrx_word' id='word_1_510' title='bbox 744 4828 887 4907; x_wconf 79' lang='lat' dir='ltr'><strong>esset</strong></span> <span class='ocrx_word' id='word_1_511' title='bbox 913 4850 1122 4919; x_wconf 84' lang='lat' dir='ltr'><strong>quidem</strong></span> <span class='ocrx_word' id='word_1_512' title='bbox 1146 4851 1324 4904; x_wconf 88' lang='lat' dir='ltr'><strong>venire</strong></span> <span class='ocrx_word' id='word_1_513' title='bbox 1351 4849 1620 4919; x_wconf 86' lang='lat' dir='ltr'><strong>possibile,</strong></span> <span class='ocrx_word' id='word_1_514' title='bbox 1647 4857 1894 4917; x_wconf 88' lang='lat' dir='ltr'><strong>tuamque</strong></span> <span class='ocrx_word' id='word_1_515' title='bbox 1921 4861 2172 4901; x_wconf 82' lang='lat' dir='ltr'><strong>reveren-</strong></span> <span class='ocrx_word' id='word_1_516' title='bbox 2276 4847 2375 4901; x_wconf 87' lang='lat' dir='ltr'><strong>etsi</strong></span> <span class='ocrx_word' id='word_1_517' title='bbox 2399 4845 2531 4900; x_wconf 89' lang='lat' dir='ltr'><strong>nihil</strong></span> <span class='ocrx_word' id='word_1_518' title='bbox 2555 4846 2780 4916; x_wconf 90' lang='lat' dir='ltr'><strong>amplius</strong></span> <span class='ocrx_word' id='word_1_519' title='bbox 2806 4847 2998 4901; x_wconf 83' lang='lat' dir='ltr'><strong>factum</strong></span> <span class='ocrx_word' id='word_1_520' title='bbox 3024 4856 3139 4911; x_wconf 87' lang='lat' dir='ltr'><strong>est,</strong></span> <span class='ocrx_word' id='word_1_521' title='bbox 3171 4846 3337 4901; x_wconf 86' lang='lat' dir='ltr'><strong>Deum</strong></span> <span class='ocrx_word' id='word_1_522' title='bbox 3365 4856 3537 4902; x_wconf 80' lang='lat' dir='ltr'><strong>tamen</strong></span> <span class='ocrx_word' id='word_1_523' title='bbox 3572 4848 3734 4903; x_wconf 88' lang='lat' dir='ltr'><strong>habes</strong></span> <span class='ocrx_word' id='word_1_524' title='bbox 3755 4864 3851 4919; x_wconf 87' lang='lat' dir='ltr'><strong>pro</strong></span> 
     </span>
    </p>
   </div>
   <div class='ocr_carea' id='block_1_48' title="bbox 593 4935 3851 5010">
    <p class='ocr_par' dir='ltr' id='par_1_48' title="bbox 593 4935 3851 5010">
     <span class='ocr_line' id='line_1_48' title="bbox 593 4935 3851 5010; baseline -0.002 -8"><span class='ocrx_word' id='word_1_525' title='bbox 593 4948 718 5003; x_wconf 89' lang='lat' dir='ltr'><strong>tiam</strong></span> <span class='ocrx_word' id='word_1_526' title='bbox 748 4945 1125 5010; x_wconf 79' lang='lat' dir='ltr'><strong>caritatemque</strong></span> <span class='ocrx_word' id='word_1_527' title='bbox 1153 4942 1455 5010; x_wconf 90' lang='lat' dir='ltr'><strong>complecti,</strong></span> <span class='ocrx_word' id='word_1_528' title='bbox 1488 4941 1538 4993; x_wconf 91' lang='lat' dir='ltr'><strong>in</strong></span> <span class='ocrx_word' id='word_1_529' title='bbox 1566 4941 1676 5008; x_wconf 89' lang='lat' dir='ltr'><strong>ipsa</strong></span> <span class='ocrx_word' id='word_1_530' title='bbox 1701 4935 1978 5007; x_wconf 87' lang='lat' dir='ltr'><strong>jucundari</strong></span> <span class='ocrx_word' id='word_1_531' title='bbox 2000 4976 2015 4999; x_wconf 91' lang='lat'><strong>,</strong></span> <span class='ocrx_word' id='word_1_532' title='bbox 2045 4951 2167 4990; x_wconf 88' lang='lat' dir='ltr'><strong>cum</strong></span> <span class='ocrx_word' id='word_1_533' title='bbox 2278 4942 2367 4990; x_wconf 85' lang='lat' dir='ltr'><strong>tuo</strong></span> <span class='ocrx_word' id='word_1_534' title='bbox 2392 4937 2566 4991; x_wconf 83' lang='lat' dir='ltr'><strong>studio</strong></span> <span class='ocrx_word' id='word_1_535' title='bbox 2589 4946 2642 4992; x_wconf 91' lang='lat' dir='ltr'><strong>et</strong></span> <span class='ocrx_word' id='word_1_536' title='bbox 2666 4938 2937 4993; x_wconf 90' lang='lat' dir='ltr'><strong>alacritate</strong></span> <span class='ocrx_word' id='word_1_537' title='bbox 2961 4937 3255 4993; x_wconf 87' lang='lat' dir='ltr'><strong>debitorem</strong></span> <span class='ocrx_word' id='word_1_538' title='bbox 3277 4980 3291 5003; x_wconf 94' lang='lat'><strong>,</strong></span> <span class='ocrx_word' id='word_1_539' title='bbox 3317 4940 3677 5009; x_wconf 81' lang='lat' dir='ltr'><strong>integramque</strong></span> <span class='ocrx_word' id='word_1_540' title='bbox 3706 4957 3851 4995; x_wconf 83' lang='lat' dir='ltr'><strong>mer-</strong></span> 
     </span>
    </p>
   </div>
   <div class='ocr_carea' id='block_1_49' title="bbox 593 5028 3837 5100">
    <p class='ocr_par' dir='ltr' id='par_1_49' title="bbox 593 5028 3837 5100">
     <span class='ocr_line' id='line_1_49' title="bbox 593 5028 3837 5100; baseline -0.004 -5"><span class='ocrx_word' id='word_1_541' title='bbox 593 5041 757 5095; x_wconf 87' lang='lat' dir='ltr'><strong>multa</strong></span> <span class='ocrx_word' id='word_1_542' title='bbox 801 5037 905 5091; x_wconf 91' lang='lat' dir='ltr'><strong>hoc</strong></span> <span class='ocrx_word' id='word_1_543' title='bbox 949 5034 1226 5087; x_wconf 80' lang='lat' dir='ltr'><strong>velocitate</strong></span> <span class='ocrx_word' id='word_1_544' title='bbox 1261 5044 1314 5086; x_wconf 90' lang='lat' dir='ltr'><strong>et</strong></span> <span class='ocrx_word' id='word_1_545' title='bbox 1355 5032 1530 5086; x_wconf 88' lang='lat' dir='ltr'><strong>studio</strong></span> <span class='ocrx_word' id='word_1_546' title='bbox 1557 5034 1885 5085; x_wconf 82' lang='lat' dir='ltr'><strong>faceremus:</strong></span> <span class='ocrx_word' id='word_1_547' title='bbox 1918 5029 2164 5098; x_wconf 89' lang='lat' dir='ltr'><strong>quoniam</strong></span> <span class='ocrx_word' id='word_1_548' title='bbox 2275 5028 2480 5083; x_wconf 88' lang='lat' dir='ltr'><strong>cedem.</strong></span> <span class='ocrx_word' id='word_1_549' title='bbox 2506 5029 2610 5082; x_wconf 85' lang='lat' dir='ltr'><strong>Nos</strong></span> <span class='ocrx_word' id='word_1_550' title='bbox 2636 5039 2808 5083; x_wconf 89' lang='lat' dir='ltr'><strong>autem</strong></span> <span class='ocrx_word' id='word_1_551' title='bbox 2836 5044 2940 5082; x_wconf 92' lang='lat' dir='ltr'><strong>non</strong></span> <span class='ocrx_word' id='word_1_552' title='bbox 2969 5030 3309 5099; x_wconf 88' lang='lat' dir='ltr'><strong>quiescimus,</strong></span> <span class='ocrx_word' id='word_1_553' title='bbox 3341 5030 3569 5085; x_wconf 89' lang='lat' dir='ltr'><strong>scientes</strong></span> <span class='ocrx_word' id='word_1_554' title='bbox 3601 5040 3703 5084; x_wconf 61' lang='lat' dir='ltr'><strong>tua:</strong></span> <span class='ocrx_word' id='word_1_555' title='bbox 3729 5046 3837 5100; x_wconf 88' lang='lat' dir='ltr'><strong>gra-</strong></span> 
     </span>
    </p>
   </div>
   <div class='ocr_carea' id='block_1_50' title="bbox 592 5121 3848 5197">
    <p class='ocr_par' dir='ltr' id='par_1_50' title="bbox 592 5121 3848 5197">
     <span class='ocr_line' id='line_1_50' title="bbox 592 5121 3848 5197; baseline -0.003 -12"><span class='ocrx_word' id='word_1_556' title='bbox 592 5141 772 5185; x_wconf 87' lang='lat' dir='ltr'><strong>autem</strong></span> <span class='ocrx_word' id='word_1_557' title='bbox 804 5128 904 5183; x_wconf 86' lang='lat' dir='ltr'><strong>hoc</strong></span> <span class='ocrx_word' id='word_1_558' title='bbox 929 5125 1079 5179; x_wconf 89' lang='lat' dir='ltr'><strong>nobis</strong></span> <span class='ocrx_word' id='word_1_559' title='bbox 1104 5138 1209 5178; x_wconf 92' lang='lat' dir='ltr'><strong>non</strong></span> <span class='ocrx_word' id='word_1_560' title='bbox 1237 5123 1463 5193; x_wconf 86' lang='lat' dir='ltr'><strong>adjacet,</strong></span> <span class='ocrx_word' id='word_1_561' title='bbox 1495 5138 1635 5176; x_wconf 90' lang='lat' dir='ltr'><strong>nunc</strong></span> <span class='ocrx_word' id='word_1_562' title='bbox 1661 5122 1828 5176; x_wconf 89' lang='lat' dir='ltr'><strong>literis</strong></span> <span class='ocrx_word' id='word_1_563' title='bbox 1851 5121 1951 5175; x_wconf 88' lang='lat' dir='ltr'><strong>hoc</strong></span> <span class='ocrx_word' id='word_1_564' title='bbox 1980 5121 2168 5190; x_wconf 90' lang='lat' dir='ltr'><strong>imple-</strong></span> <span class='ocrx_word' id='word_1_565' title='bbox 2274 5123 2403 5175; x_wconf 87' lang='lat' dir='ltr'><strong>tiam</strong></span> <span class='ocrx_word' id='word_1_566' title='bbox 2441 5121 2735 5175; x_wconf 80' lang='lat' dir='ltr'><strong>sanctitatis</strong></span> <span class='ocrx_word' id='word_1_567' title='bbox 2753 5161 2767 5185; x_wconf 94' lang='lat'><strong>,</strong></span> <span class='ocrx_word' id='word_1_568' title='bbox 2795 5129 2849 5175; x_wconf 90' lang='lat' dir='ltr'><strong>et</strong></span> <span class='ocrx_word' id='word_1_569' title='bbox 2876 5130 3019 5174; x_wconf 88' lang='lat' dir='ltr'><strong>tuam</strong></span> <span class='ocrx_word' id='word_1_570' title='bbox 3060 5123 3409 5174; x_wconf 87' lang='lat' dir='ltr'><strong>reverentiam</strong></span> <span class='ocrx_word' id='word_1_571' title='bbox 3438 5124 3684 5177; x_wconf 90' lang='lat' dir='ltr'><strong>omnibus</strong></span> <span class='ocrx_word' id='word_1_572' title='bbox 3714 5138 3848 5197; x_wconf 71' lang='lat' dir='ltr'><strong>pm—</strong></span> 
     </span>
    </p>
   </div>
   <div class='ocr_carea' id='block_1_51' title="bbox 592 5212 3842 5285">
    <p class='ocr_par' dir='ltr' id='par_1_51' title="bbox 592 5212 3842 5285">
     <span class='ocr_line' id='line_1_51' title="bbox 592 5212 3842 5285; baseline -0.004 -8"><span class='ocrx_word' id='word_1_573' title='bbox 592 5238 731 5277; x_wconf 91' lang='lat' dir='ltr'><strong>mus.</strong></span> <span class='ocrx_word' id='word_1_574' title='bbox 757 5220 812 5277; x_wconf 91' lang='lat' dir='ltr'><strong>Si</strong></span> <span class='ocrx_word' id='word_1_575' title='bbox 855 5219 996 5273; x_wconf 89' lang='lat' dir='ltr'><strong>enim</strong></span> <span class='ocrx_word' id='word_1_576' title='bbox 1041 5215 1106 5269; x_wconf 91' lang='lat' dir='ltr'><strong>ad</strong></span> <span class='ocrx_word' id='word_1_577' title='bbox 1154 5216 1302 5285; x_wconf 91' lang='lat' dir='ltr'><strong>ipsos</strong></span> <span class='ocrx_word' id='word_1_578' title='bbox 1348 5214 1480 5268; x_wconf 85' lang='lat' dir='ltr'><strong>ﬁnes</strong></span> <span class='ocrx_word' id='word_1_579' title='bbox 1523 5212 1705 5267; x_wconf 91' lang='lat' dir='ltr'><strong>mundi</strong></span> <span class='ocrx_word' id='word_1_580' title='bbox 1743 5212 2033 5273; x_wconf 86' lang='lat' dir='ltr'><strong>ducamur,</strong></span> <span class='ocrx_word' id='word_1_581' title='bbox 2063 5223 2170 5266; x_wconf 79' lang='lat' dir='ltr'><strong>tua:</strong></span> <span class='ocrx_word' id='word_1_582' title='bbox 2274 5213 2544 5276; x_wconf 88' lang='lat' dir='ltr'><strong>dicantes,</strong></span> <span class='ocrx_word' id='word_1_583' title='bbox 2573 5222 2730 5282; x_wconf 90' lang='lat' dir='ltr'><strong>atque</strong></span> <span class='ocrx_word' id='word_1_584' title='bbox 2771 5221 3050 5282; x_wconf 85' lang='lat' dir='ltr'><strong>poscentes</strong></span> <span class='ocrx_word' id='word_1_585' title='bbox 3091 5212 3333 5267; x_wconf 89' lang='lat' dir='ltr'><strong>eamdem</strong></span> <span class='ocrx_word' id='word_1_586' title='bbox 3376 5213 3716 5269; x_wconf 90' lang='lat' dir='ltr'><strong>dilectionem</strong></span> <span class='ocrx_word' id='word_1_587' title='bbox 3742 5215 3842 5269; x_wconf 83' lang='lat' dir='ltr'><strong>ﬁo-</strong></span> 
     </span>
    </p>
   </div>
   <div class='ocr_carea' id='block_1_52' title="bbox 592 5302 3850 5378">
    <p class='ocr_par' dir='ltr' id='par_1_52' title="bbox 592 5302 3850 5378">
     <span class='ocr_line' id='line_1_52' title="bbox 592 5302 3850 5378; baseline -0.003 -9"><span class='ocrx_word' id='word_1_588' title='bbox 592 5312 890 5369; x_wconf 89' lang='lat' dir='ltr'><strong>dileclionis</strong></span> <span class='ocrx_word' id='word_1_589' title='bbox 919 5308 1271 5378; x_wconf 79' lang='lat' dir='ltr'><strong>integritatem</strong></span> <span class='ocrx_word' id='word_1_590' title='bbox 1296 5313 1351 5359; x_wconf 86' lang='lat' dir='ltr'><strong>et</strong></span> <span class='ocrx_word' id='word_1_591' title='bbox 1374 5303 1656 5366; x_wconf 88' lang='lat' dir='ltr'><strong>fervorem,</strong></span> <span class='ocrx_word' id='word_1_592' title='bbox 1684 5311 1741 5358; x_wconf 90' lang='lat' dir='ltr'><strong>et</strong></span> <span class='ocrx_word' id='word_1_593' title='bbox 1766 5305 1880 5358; x_wconf 86' lang='lat' dir='ltr'><strong>sine</strong></span> <span class='ocrx_word' id='word_1_594' title='bbox 1905 5304 2030 5358; x_wconf 92' lang='lat' dir='ltr'><strong>dolo</strong></span> <span class='ocrx_word' id='word_1_595' title='bbox 2058 5304 2167 5356; x_wconf 80' lang='lat' dir='ltr'><strong>sin-</strong></span> <span class='ocrx_word' id='word_1_596' title='bbox 2274 5312 2475 5357; x_wconf 89' lang='lat' dir='ltr'><strong>rentem</strong></span> <span class='ocrx_word' id='word_1_597' title='bbox 2506 5318 2600 5372; x_wconf 87' lang='lat' dir='ltr'><strong>per</strong></span> <span class='ocrx_word' id='word_1_598' title='bbox 2624 5304 2799 5357; x_wconf 90' lang='lat' dir='ltr'><strong>omnia</strong></span> <span class='ocrx_word' id='word_1_599' title='bbox 2844 5304 3171 5359; x_wconf 87' lang='lat' dir='ltr'><strong>conservari.</strong></span> <span class='ocrx_word' id='word_1_600' title='bbox 3200 5302 3312 5358; x_wconf 88' lang='lat' dir='ltr'><strong>Non</strong></span> <span class='ocrx_word' id='word_1_601' title='bbox 3356 5304 3499 5358; x_wconf 91' lang='lat' dir='ltr'><strong>enim</strong></span> <span class='ocrx_word' id='word_1_602' title='bbox 3540 5304 3593 5359; x_wconf 92' lang='lat' dir='ltr'><strong>in</strong></span> <span class='ocrx_word' id='word_1_603' title='bbox 3635 5306 3850 5359; x_wconf 86' lang='lat' dir='ltr'><strong>deserto</strong></span> 
     </span>
    </p>
   </div>
   <div class='ocr_carea' id='block_1_53' title="bbox 591 5393 3847 5465">
    <p class='ocr_par' dir='ltr' id='par_1_53' title="bbox 591 5393 3847 5465">
     <span class='ocr_line' id='line_1_53' title="bbox 591 5393 3847 5465; baseline -0.003 -5"><span class='ocrx_word' id='word_1_604' title='bbox 591 5407 866 5460; x_wconf 85' lang='lat' dir='ltr'><strong>ceritatem</strong></span> <span class='ocrx_word' id='word_1_605' title='bbox 892 5399 1128 5455; x_wconf 87' lang='lat' dir='ltr'><strong>oblivisci</strong></span> <span class='ocrx_word' id='word_1_606' title='bbox 1159 5411 1265 5451; x_wconf 91' lang='lat' dir='ltr'><strong>non</strong></span> <span class='ocrx_word' id='word_1_607' title='bbox 1294 5408 1592 5465; x_wconf 85' lang='lat' dir='ltr'><strong>possumus,</strong></span> <span class='ocrx_word' id='word_1_608' title='bbox 1618 5409 1735 5463; x_wconf 71' lang='lat' dir='ltr'><strong>qua:</strong></span> <span class='ocrx_word' id='word_1_609' title='bbox 1762 5401 1844 5447; x_wconf 88' lang='lat' dir='ltr'><strong>est</strong></span> <span class='ocrx_word' id='word_1_610' title='bbox 1868 5394 2080 5462; x_wconf 88' lang='lat' dir='ltr'><strong>antiqua</strong></span> <span class='ocrx_word' id='word_1_611' title='bbox 2111 5401 2167 5446; x_wconf 91' lang='lat' dir='ltr'><strong>et</strong></span> <span class='ocrx_word' id='word_1_612' title='bbox 2272 5394 2520 5448; x_wconf 88' lang='lat' dir='ltr'><strong>sedentes</strong></span> <span class='ocrx_word' id='word_1_613' title='bbox 2573 5393 2800 5447; x_wconf 74' lang='lat' dir='ltr'><strong>fortuita:</strong></span> <span class='ocrx_word' id='word_1_614' title='bbox 2850 5394 3248 5449; x_wconf 85' lang='lat' dir='ltr'><strong>intercessionis</strong></span> <span class='ocrx_word' id='word_1_615' title='bbox 3299 5396 3501 5451; x_wconf 90' lang='lat' dir='ltr'><strong>fructus</strong></span> <span class='ocrx_word' id='word_1_616' title='bbox 3551 5395 3804 5451; x_wconf 88' lang='lat' dir='ltr'><strong>habemus</strong></span> <span class='ocrx_word' id='word_1_617' title='bbox 3829 5437 3847 5461; x_wconf 88' lang='lat'><strong>,</strong></span> 
     </span>
    </p>
   </div>
   <div class='ocr_carea' id='block_1_54' title="bbox 592 5483 3851 5561">
    <p class='ocr_par' dir='ltr' id='par_1_54' title="bbox 592 5483 3851 5561">
     <span class='ocr_line' id='line_1_54' title="bbox 592 5483 3851 5561; baseline -0.002 -14"><span class='ocrx_word' id='word_1_618' title='bbox 592 5510 621 5547; x_wconf 91' lang='lat' dir='ltr'><strong>a</strong></span> <span class='ocrx_word' id='word_1_619' title='bbox 662 5493 917 5561; x_wconf 76' lang='lat' dir='ltr'><strong>principio</strong></span> <span class='ocrx_word' id='word_1_620' title='bbox 941 5533 955 5553; x_wconf 88' lang='lat'><strong>,</strong></span> <span class='ocrx_word' id='word_1_621' title='bbox 981 5502 1245 5560; x_wconf 88' lang='lat' dir='ltr'><strong>quamque</strong></span> <span class='ocrx_word' id='word_1_622' title='bbox 1276 5499 1416 5540; x_wconf 92' lang='lat' dir='ltr'><strong>nunc</strong></span> <span class='ocrx_word' id='word_1_623' title='bbox 1446 5483 1770 5537; x_wconf 79' lang='lat' dir='ltr'><strong>uioustrasti.</strong></span> <span class='ocrx_word' id='word_1_624' title='bbox 1799 5483 1980 5553; x_wconf 86' lang='lat' dir='ltr'><strong>Neque</strong></span> <span class='ocrx_word' id='word_1_625' title='bbox 2020 5483 2163 5536; x_wconf 89' lang='lat' dir='ltr'><strong>enim</strong></span> <span class='ocrx_word' id='word_1_626' title='bbox 2271 5483 2480 5552; x_wconf 85' lang='lat' dir='ltr'><strong>quando</strong></span> <span class='ocrx_word' id='word_1_627' title='bbox 2498 5484 2653 5537; x_wconf 88' lang='lat' dir='ltr'><strong>talem</strong></span> <span class='ocrx_word' id='word_1_628' title='bbox 2672 5484 2723 5537; x_wconf 94' lang='lat' dir='ltr'><strong>in</strong></span> <span class='ocrx_word' id='word_1_629' title='bbox 2738 5484 2919 5538; x_wconf 90' lang='lat' dir='ltr'><strong>Cilicia</strong></span> <span class='ocrx_word' id='word_1_630' title='bbox 2938 5485 3239 5538; x_wconf 87' lang='lat' dir='ltr'><strong>thesaurum</strong></span> <span class='ocrx_word' id='word_1_631' title='bbox 3257 5495 3310 5539; x_wconf 89' lang='lat' dir='ltr'><strong>et</strong></span> <span class='ocrx_word' id='word_1_632' title='bbox 3330 5486 3851 5542; x_wconf 80' lang='lat' dir='ltr'><strong>reconditasdivitias</strong></span> 
     </span>
    </p>
   </div>
   <div class='ocr_carea' id='block_1_55' title="bbox 593 5573 3848 5651">
    <p class='ocr_par' dir='ltr' id='par_1_55' title="bbox 593 5573 3848 5651">
     <span class='ocr_line' id='line_1_55' title="bbox 593 5573 3848 5651; baseline -0.001 -16"><span class='ocrx_word' id='word_1_633' title='bbox 593 5599 689 5635; x_wconf 88' lang='lat' dir='ltr'><strong>nos</strong></span> <span class='ocrx_word' id='word_1_634' title='bbox 717 5582 867 5637; x_wconf 88' lang='lat' dir='ltr'><strong>latuit</strong></span> <span class='ocrx_word' id='word_1_635' title='bbox 893 5592 1087 5651; x_wconf 86' lang='lat' dir='ltr'><strong>quanta</strong></span> <span class='ocrx_word' id='word_1_636' title='bbox 1118 5594 1215 5648; x_wconf 88' lang='lat' dir='ltr'><strong>pro</strong></span> <span class='ocrx_word' id='word_1_637' title='bbox 1242 5577 1392 5630; x_wconf 86' lang='lat' dir='ltr'><strong>nobis</strong></span> <span class='ocrx_word' id='word_1_638' title='bbox 1418 5585 1472 5629; x_wconf 89' lang='lat' dir='ltr'><strong>et</strong></span> <span class='ocrx_word' id='word_1_639' title='bbox 1510 5574 1685 5629; x_wconf 87' lang='lat' dir='ltr'><strong>dicere</strong></span> <span class='ocrx_word' id='word_1_640' title='bbox 1722 5584 1775 5628; x_wconf 87' lang='lat' dir='ltr'><strong>et</strong></span> <span class='ocrx_word' id='word_1_641' title='bbox 1813 5575 1984 5629; x_wconf 81' lang='lat' dir='ltr'><strong>facere</strong></span> <span class='ocrx_word' id='word_1_642' title='bbox 2014 5573 2163 5627; x_wconf 87' lang='lat' dir='ltr'><strong>fcsti-</strong></span> <span class='ocrx_word' id='word_1_643' title='bbox 2274 5575 2631 5643; x_wconf 81' lang='lat' dir='ltr'><strong>possidemus:</strong></span> <span class='ocrx_word' id='word_1_644' title='bbox 2653 5575 2764 5628; x_wconf 64' lang='lat' dir='ltr'><strong>haec</strong></span> <span class='ocrx_word' id='word_1_645' title='bbox 2781 5584 2862 5629; x_wconf 90' lang='lat' dir='ltr'><strong>est</strong></span> <span class='ocrx_word' id='word_1_646' title='bbox 2881 5576 3019 5631; x_wconf 90' lang='lat' dir='ltr'><strong>enim</strong></span> <span class='ocrx_word' id='word_1_647' title='bbox 3044 5574 3196 5631; x_wconf 87' lang='lat' dir='ltr'><strong>fortis</strong></span> <span class='ocrx_word' id='word_1_648' title='bbox 3218 5585 3269 5630; x_wconf 87' lang='lat' dir='ltr'><strong>et</strong></span> <span class='ocrx_word' id='word_1_649' title='bbox 3292 5576 3510 5647; x_wconf 88' lang='lat' dir='ltr'><strong>vigilans</strong></span> <span class='ocrx_word' id='word_1_650' title='bbox 3534 5579 3725 5631; x_wconf 70' lang='lat' dir='ltr'><strong>anitum</strong></span> <span class='ocrx_word' id='word_1_651' title='bbox 3745 5588 3848 5631; x_wconf 71' lang='lat' dir='ltr'><strong>tuae</strong></span> 
     </span>
    </p>
   </div>
   <div class='ocr_carea' id='block_1_56' title="bbox 594 5665 2786 5741">
    <p class='ocr_par' dir='ltr' id='par_1_56' title="bbox 594 5665 2786 5741">
     <span class='ocr_line' id='line_1_56' title="bbox 594 5665 2786 5741; baseline -0.004 -15"><span class='ocrx_word' id='word_1_652' title='bbox 594 5676 749 5740; x_wconf 76' lang='lat' dir='ltr'><strong>ttusli,</strong></span> <span class='ocrx_word' id='word_1_653' title='bbox 772 5689 922 5729; x_wconf 88' lang='lat' dir='ltr'><strong>meus</strong></span> <span class='ocrx_word' id='word_1_654' title='bbox 945 5672 1059 5741; x_wconf 85' lang='lat' dir='ltr'><strong>(sic)</strong></span> <span class='ocrx_word' id='word_1_655' title='bbox 1082 5670 1483 5725; x_wconf 86' lang='lat' dir='ltr'><strong>honoratissime</strong></span> <span class='ocrx_word' id='word_1_656' title='bbox 1504 5676 1661 5737; x_wconf 88' lang='lat' dir='ltr'><strong>atque</strong></span> <span class='ocrx_word' id='word_1_657' title='bbox 1686 5669 2036 5722; x_wconf 84' lang='lat' dir='ltr'><strong>sanctissime.</strong></span> <span class='ocrx_word' id='word_1_658' title='bbox 2059 5665 2164 5722; x_wconf 87' lang='lat' dir='ltr'><strong>Sed</strong></span> <span class='ocrx_word' id='word_1_659' title='bbox 2270 5667 2502 5722; x_wconf 85' lang='lat' dir='ltr'><strong>dilectio.</strong></span> <span class='ocrx_word' id='word_1_660' title='bbox 2540 5666 2786 5735; x_wconf 78' lang='lat' dir='ltr'><strong>Explicit.</strong></span> 
     </span>
    </p>
   </div>
  </div>
