4126 6326
344 402 449 460 517
1584 400 1854 456 SPIIRIA.
1888 429 1956 437 ——
1992 394 2330 452 MONITUM.
3487 391 3588 445 51'8

1315 667 3560 702 mw

368 676 648 702 =:-._,_,_,
669 682 686 685 __

1604 1115 2315 1246 SPURIA.

1760 1743 2136 1816 MONITUM

1269 1961 1349 2022 IN
1409 1961 1613 2022 DUAS
1677 1960 2070 2024 HOMILIAS
2131 1957 2612 2034 SEQUENTES.

400 2197 550 2270 [532]
579 2197 748 2254 Hasce
782 2196 1031 2252 homilias
1063 2196 1305 2267 ejusdem
1341 2197 1578 2253 auctoris
1623 2211 1744 2252 esse
1770 2212 1879 2252 non
1920 2204 2005 2252 est
2036 2196 2180 2267 quod
2205 2195 2538 2261 dubitemus,
2570 2193 2644 2248 ita
2667 2193 2802 2264 stylo
2832 2201 2888 2248 et
2920 2190 3156 2246 dictione
3183 2188 3388 2245 similes
3415 2197 3543 2245 sunt
3573 2203 3589 2241 :

334 2323 390 2368 et
427 2313 662 2383 alioquin
695 2313 749 2366 in
785 2311 1022 2367 secunda
1051 2322 1426 2382 argumentum
1476 2312 1665 2384 primm
1717 2313 1784 2366 ab
1831 2311 1986 2366 initio
2017 2311 2383 2381 prosequitur.
2439 2308 2557 2363 Non
2599 2321 2719 2362 esse
2753 2314 2935 2361 autem
2977 2301 3371 2375 Chrysostomi,
3417 2302 3596 2373 quivis

333 2444 600 2490 emunctte
653 2436 800 2490 naris
855 2436 1035 2491 statim
1086 2435 1368 2506 percipiat.
1419 2433 1526 2490 Sed
1566 2433 1822 2489 libentius
1850 2433 2066 2489 credam
2101 2447 2220 2487 esse
2267 2429 2571 2501 cujuspiam
2611 2443 2676 2483 ex
2717 2425 3048 2497 presbyteris
3077 2421 3456 2487 Antiochenis,
3500 2417 3594 2490 qui

331 2551 699 2622 Chrysostomi
733 2563 975 2624 tempore
1004 2554 1226 2610 alternis
1251 2555 1464 2610 vicibus
1491 2569 1673 2609 coram
1704 2553 1960 2609 Flaviano
1997 2553 2252 2623 episcopo
2277 2550 2584 2606 Antiochia:
2628 2546 3110 2605 coneionabantur.
3148 2543 3286 2600 Hinc
3316 2553 3400 2598 est
3449 2540 3594 2612 quod

334 2674 386 2728 in
411 2673 573 2729 ﬁnem
600 2676 788 2744 prima:
816 2677 1180 2743 homiliaaymﬁ
1214 2676 1393 2731 κοινοῦ
1427 2677 1651 2748 πατρός,
1685 2677 1973 2730 communis
2023 2677 2213 2745 patris,
2254 2675 2460 2730 mentio
2489 2673 2741 2738 habetur,
2781 2682 3037 2742 tanquam
3085 2667 3388 2740 przesentis.
3439 2664 3596 2731 Quod

332 2793 472 2849 forte
497 2796 756 2865 iudicium
787 2798 1071 2853 ferendum
1099 2809 1183 2854 est
1226 2798 1293 2855 de
1327 2799 1446 2855 aliis
1472 2798 1722 2870 plurimis
1748 2797 2107 2860 orationibus,
2137 2798 2190 2850 in
2217 2792 2371 2866 queis
2398 2795 2487 2850 ille
2529 2791 2835 2850 communis
2871 2798 3026 2861 pater
3064 2801 3306 2859 praesens
3350 2795 3594 2839 commeo

334 2915 599 2962 moratur.
643 2908 794 2964 Hanc
845 2919 1048 2977 autem,
1081 2920 1140 2965 ut
1190 2919 1246 2965 et
1296 2910 1611 2966 innumeras
1638 2910 1770 2965 alias
1799 2909 2187 2980 Cbrysostomo
2236 2908 2540 2978 adscriptas
2567 2906 2889 2976 reperimus,
2925 2903 3039 2959 sive
3089 2899 3325 2957 librariis
3352 2907 3594 2968 quaestus

336 3033 501 3073 causa
531 3021 649 3076 illas
676 3031 784 3078 tam
810 3024 1007 3105 celebri
1037 3026 1258 3082 nomine
1285 3026 1720 3098 insignientibus,
1757 3027 1811 3082 id
1863 3027 2007 3098 quod
2032 3024 2331 3097 saepissime
2375 3025 2590 3091 accidit,
2618 3023 2733 3078 sive
2773 3022 2896 3076 aliis
2925 3018 3281 3091 scriptoribus
3306 3013 3596 3072 temerario

340 3146 475 3187 ausu
499 3134 660 3191 fastus
691 3152 818 3194 suos
838 3148 989 3196 tanto
1021 3139 1230 3197 doctori
1257 3139 1714 3208 adscribentibus,
1739 3149 1800 3196 ut
1841 3139 2159 3197 melioribus
2197 3107 2458 3212 auspiciis
2489 3138 2544 3193 in
2573 3137 2850 3209 publicum
2880 3134 3179 3208 prodirent.
3212 3130 3595 3204 lnterpretatio

339 3250 623 3324 utriusque
652 3255 920 3316 sermonis
948 3264 1032 3313 cst
1066 3254 1354 3315 wrontonis
1381 3258 1583 3314 Ducaei.
