4126 6326
508 362 627 424 εει»

2000 363 2085 419 SP
2095 363 2275 421 URIA.

3696 372 3814 430 520

524 614 852 663 ξειιιιιοάι(
902 616 1113 667 ιι.ι.ι;υ,
1163 615 1335 657 νιοιτ
1380 615 1538 658 usus
1580 616 1823 659 conon
1864 615 2011 668 ovs;
2053 615 2365 671 recnnn,
2421 619 2501 661 ET
2545 619 2699 662 ECCE
2748 621 2950 663 VALDE
2992 622 3155 665 non
3202 605 3378 684 (Gen.
3440 606 3499 666 1.
3545 606 3684 694 31);
3732 626 3806 668 Br

922 723 1000 763 DE
1047 721 1148 774 EO,
1194 721 1362 773 QUOD
1409 720 1628 762 DIVINA
1677 719 1943 771 ELOQUIA
1988 719 2291 764 JUCUNDIS
2335 720 2690 774 QUIBUSQUE
2726 724 2925 767 REBUS
2968 725 3445 769 ANTECELLUNT.

1985 831 2301 890 ΘἊΞΦ

597 952 648 1004 1.
676 947 901 1003 Pulchra
929 961 1056 1000 sane
1085 953 1208 999 sunt
1236 944 1444 1013 pietatis
1472 952 1617 1013 prata
1641 983 1659 1007 ,
1689 958 1806 1010 quae
1835 956 1939 996 non
1965 950 2103 995 tem-

522 1020 748 1093 porariis
795 1017 1063 1093 colnribus
1118 1016 1345 1093 nitent,_
1379 1013 1471 1093 sed
1526 1013 1826 1093 etelestilius
1868 1012 2106 1093 .ﬂorihus

524 1083 837 1146 redundant.
872 1088 1054 1141 Flores
1081 1099 1258 1140 autem
1298 1084 1503 1153 pietatis
1532 1093 1689 1145 sunt,
1718 1083 1973 1136 divinitus
2022 1083 2104 1153 in-

522 1163 735 1230 spirata:
773 1158 1204 1230 conversationis
1225 1152 1444 1230 fructus.
1473 1153 1723 1230 Virtutes
1744 1155 1885 1230 enim
1912 1153 1977 1207 ad
2007 1152 2109 1206 ad-

522 1224 821 1287 mirabilem
863 1229 1006 1282 illam
1048 1239 1101 1282 et
1128 1226 1493 1296 pn'migeniam
1520 1224 1966 1296 pulchritudinem
2011 1238 2109 1296 nos

520 1303 820 1365 reducunt,
859 1314 977 1368 quze
1020 1300 1084 1351 ad
1130 1293 1417 1368 imaginem
1466 1293 1960 1368 et’similitudinem
2014 1293 2105 1368 Dei

520 1383 699 1428 creata
720 1364 854 1425 erat.
878 1364 1002 1423 Hmc
1024 1370 1199 1435 itaque
1219 1364 1508 1420 secundum
1528 1364 1774 1418 virtutem
1796 1364 2103 1426 similitudo,

519 1459 716 1511 equum
755 1456 853 1511 pro
895 1439 1108 1511 homine
1146 1438 1396 1511 dici_nou
1444 1436 1586 1511 sinit.
1635 1435 1779 1489 Hanc
1828 1436 2009 1511 utique
2056 1435 2103 1488 si

520 1504 804 1575 scctemur,
823 1526 926 1565 non
942 1509 1052 1579 jam
1069 1510 1239 1579 lupus,
1253 1507 1414 1579 draco
1428 1506 1510 1579 vel
1526 1520 1757 1579 serpens
1758 1504 2104 1579 appellamur,

520 1586 585 1638 ad
618 1585 891 1638 brutorum
919 1575 1156 1633 naturam
1178 1578 1390 1646 dejecti,
1414 1576 1507 1631 sed
1530 1577 1702 1642 imago
1729 1575 1818 1629 Dei
1846 1575 2104 1646 stupenda

519 1665 680 1724 atque
708 1651 1007 1724 veneranda
1034 1665 1196 1724 ,_qure
1225 1645 1588 1718 primigeniam
1634 1646 1779 1724 illam
1808 1645 2105 1714 pulchritu-

519 1716 699 1779 dinem
748 1722 930 1777 format
976 1716 1169 1774 retinet
1192 1761 1205 1783 ,
1226 1716 1294 1773 'et
1317 1716 1530 1781 sumus,
1559 1726 1613 1771 et
1642 1716 1878 1787 dicimur
1899 1757 1914 1780 ,
1945 1724 2107 1787 atque

518 1795 657 1849 adeo
704 1793 989 1848 credimur.
1024 1790 1215 1843 Factus
1254 1804 1312 1843 es
1354 1788 1601 1841 dominus
1641 1786 1966 1849 bestiarum;
1997 1786 2103 1841 noli

522 1879 799 1920 servorum
842 1874 1018 1916 mores
1060 1860 1251 1913 imitari
1279 1877 1290 1912 :
1318 1874 1420 1913 non
1464 1858 1601 1926 quod
1634 1858 1768 1910 mala
1799 1858 1904 1909 sint
1948 1856 2103 1911 bruta

517 1936 765 1989 animalia
791 1951 805 1988 :
829 1932 959 1987 nihil
989 1931 1127 1985 enim
1157 1929 1279 1983 mali
1310 1944 1340 1981 a
1368 1929 1505 1981 bono
1532 1932 1768 1981 creatum
1795 1936 1896 1982 est.
1920 1926 2103 1996 Neque

516 2008 659 2060 enim
681 2006 945 2059 existimet
965 2000 1238 2070 quisquam
1266 2000 1317 2052 in
1348 2000 1456 2052 vitii
1483 1998 1600 2051 loco
1627 1998 1959 2070 reponendas
1979 2013 2101 2070 esse

517 2076 735 2141 bestias,
759 2074 895 2143 quod
927 2068 1191 2137 tamquam
1223 2070 1478 2143 imagines
1506 2068 1744 2137 quaedam
1775 2069 2023 2143 vitiorum
2047 2069 2100 2121 in

516 2140 750 2203 medium
777 2140 1114 2213 proferantur
1137 2182 1151 2202 ,
1174 2156 1291 2213 qua}
1318 2140 1369 2193 in
1399 2140 1463 2193 iis
1490 2147 1753 2213 regnant,
1786 2140 1873 2207 qui
1901 2154 2003 2192 non
2034 2153 2101 2193 ex

516 2206 822 2292 przescripi'u
846 2212 1055 2292 virtutis
1078 2206 1237 2292 vilai'n
1250 2206 1466 2292 degunt.
1494 2206 1624 2262 Nam
1648 2209 1701 2289 si
1719 2209 1788 2262 ita
1804 2206 1969 2292 esset,
2003 2222 2102 2263 cur

516 2280 747 2343 dixisset
764 2284 1034 2353 Scriptura
1056 2324 1070 2346 ,
1107 2280 1334 2349 Viditque
1365 2280 1503 2333 Deus
1526 2286 1709 2353 cuncta
1722 2294 1847 2353 quae
1878 2281 2097 2353 [εδει-αι,

517 2370 571 2413 et
607 2375 717 2425 ecce
759 2350 1069 2424 bonaiGen.
1115 2355 1164 2425 l.
1194 2353 1316 2425 5i),
1350 2366 1520 2421 neque
1559 2350 1869 2425 simpliciter
1907 2351 2097 2425 Dona,

512 2429 609 2486 sed
636 2422 790 2481 valde
803 2419 965 2480 bona?
979 2423 1202 2491 Quando
1223 2419 1379 2491 igitur
1393 2419 1479 2476 res
1504 2426 1697 2475 creatae
1719 2420 1769 2473 in
1801 2419 2101 2474 similitudi-

517 2515 640 2557 nem
670 2499 883 2553 malitia:
910 2490 1291 2563 adducuntur(
1310 2508 1431 2545 nam
1461 2498 1531 2563 et
1558 2492 1642 2545 leo
1672 2490 1882 2563 tyranni
1924 2491 2098 2563 imago

516 2580 617 2632 est,
635 2579 689 2624 et
707 2582 924 2638 serpens
952 2567 1151 2638 versuti
1178 2561 1426 2627 hominis,
1451 2561 1891 2638 quiquemoribus
1911 2561 2099 2638 sitne-

515 2631 810 2711 quissimis,
834 2648 888 2691 et
912 2636 1152 2711 scorpius
1173 2635 1501 2711 percussoris
1527 2674 1540 2695 ,
1566 2640 1620 2711 et
1648 2632 1805 2711 lupus
1828 2631 2055 2711 rapacis)
2080 2671 2095 2695 ,

516 2700 893 2780 quomodo'res
918 2700 1110 2780 crca'tzn
1131 2700 1293 2780 bonae
1317 2704 1578 2780 dicentur,
1609 2702 1778 2772 inquit
1797 2700 1959 2780 ,_qu-.e
1991 2710 2095 2780 tarn

516 2772 699 2850 a'pertc
730 2791 997 2847 tamquam
1026 2772 1395 2850 similitudines
1434 2774 1701 2850 vitiorum_
1726 2772 2098 2850 proferuntur?

520 2841 711 2906 Verum
739 2841 916 2921 opera:
960 2849 1185 2916 pretium
1221 2855 1302 2921 est
1331 2845 1625 2913 intelligant
1650 2841 1889 2921 discendi
1915 2841 2096 2915 cupidi

517 2924 661 2985 haec,
692 2924 735 2975 si
766 2913 1035 2990 spectetur
1062 2917 1272 2990 propria
1302 2930 1484 2990 eorum
1518 2923 1725 2990 natura,
1759 2913 1894 2966 mala
1923 2926 2099 2981 neque

516 2984 656 3055 esse,
691 2984 864 3061 neque
893 2988 999 3061 dici
1015 3030 1030 3053 ,
1060 2984 1293 3061 sedeam
1324 2986 1501 3055 potius
1525 2984 1883 3061 conditionem
1908 2992 1967 3061 et
1990 2994 2099 3036 sta-

517 3054 663 3128 tum,
688 3054 791 3131 qui'
816 3059 1033 3115 rationis
1062 3054 1392 3131 expertibus
1408 3055 1654 3131 convenit
1700 3054 2052 3131 animantibus
2081 3068 2094 3105 :

516 3125 789 3204 postquam
817 3138 991 3204 autent
1015 3129 1215 3204 ratione
1236 3125 1507 3204 pnnditam
1526 3135 1765 3204 naturam
1783 3125 2094 3204 invaserint,

515 3196 748 3272 Speciem
779 3203 894 3271 ejus
924 3199 1247 3272 contumelia
1268 3196 1503 3272 afﬁcere,
1532 3205 1585 3251 et
1609 3196 1920 3272 rationalem
1949 3196 2100 3272 inge-

517 3264 775 3330 nuitatem
806 3264 1127 3327 obtusiorem
1159 3268 1400 3322 reddere.
1430 3266 1717 3335 Accepisti,
1748 3282 1780 3318 ο
1808 3264 1988 3328 homo,
2019 3266 2101 3318 di—

555 3346 767 3397 nitatem
800 3343 911 3397 heri
938 3358 951 3405 ;
980 3341 1085 3394 noli
1113 3338 1516 3408 ignominiosam
1544 3348 1596 3390 et
1620 3337 1787 3390 servis
1807 3350 2099 3408 congruam

555 3361 767 3397 tllltllem
800 3361 911 3397 neri
938 3361 951 3405 ;
980 3361 1085 3394 IIUII
1113 3361 1516 3408 lglluullnlusulll
1544 3361 1596 3390 us
1620 3361 1787 3390 δετνιδ
1810 3361 2099 3405 congruam

515 3361 808 3474 Erstiarum
836 3412 1193 3468 conditionem
1225 3410 1414 3462 sectari
1443 3425 1455 3459 :
1482 3409 1705 3476 teipsum
1732 3406 1873 3459 enim
1908 3406 2101 3473 probro

516 3486 687 3544 silicis
713 3527 726 3549 ,
758 3485 882 3538 dmn
926 3481 1213 3536 bestiarum
1260 3478 1641 3549 immanitatem
1695 3477 1965 3549 imitaris;
1993 3491 2097 3529 non

516 3557 668 3627 quasi
702 3545 853 3609 malae
883 3553 1131 3627 sint,‘aut
1159 3550 1401 3627 dicantur
1422 3547 1633 3627 bestiae,
1667 3546 1759 3599 sed
1786 3545 2103 3627 quodnigno-

520 3616 745 3684 Ibiniosa
774 3634 828 3680 et
853 3622 1060 3678 servilis
1090 3623 1264 3689 imago
1287 3618 1465 3673 liberis
1485 3634 1586 3689 non
1604 3616 2103 3689 conveniat.Qnem-

518 3698 804 3757 admodum
854 3694 995 3748 enim
1046 3691 1087 3744 si
1138 3686 1219 3744 vir
1260 3688 1521 3759 quispiam
1564 3687 1782 3759 illustris
1810 3696 1879 3759 etA
1907 3686 2102 3759 nobilis

521 3768 705 3822 servili
735 3778 853 3835 toga
878 3765 947 3819 sit
974 3763 1187 3817 indutus
1207 3756 1296 3815 aut
1312 3756 1566 3835 ani_ictus,_
1587 3757 1781 3835 probro
1797 3756 2026 3835 afficitur
2051 3765 2105 3811 et

523 3827 818 3908 ignominia
857 3844 1066 3908 notatur
1090 3874 1104 3898 ,
1134 3848 1239 3885 non
1268 3827 1600 3908 quod_vesti_s
1639 3829 1727 3881 illa
1766 3827 1836 3908 sit
1858 3828 1976 3881 vilis
2014 3836 2105 3881 aut

521 3898 756 3967 sordida,
784 3907 877 3961 sed
908 3906 1049 3974 quod
1077 3898 1523 3974 servum'qnidem
1544 3901 1752 3963 deceat,
1783 3898 2104 3974 liberovero

522 3996 631 4036 non
662 3968 943 4033 conveniat
973 3994 986 4029 :
1015 3977 1083 4028 ita
1112 3975 1155 4026 si
1197 3968 1389 4041 scorpii
1422 3972 1634 4042 lupique
1668 3982 1846 4042 mores
1865 3968 2066 4042 induas
2087 4009 2101 4031 ,

524 4066 631 4105 non
684 4049 957 4102 brutorum
1004 4056 1283 4099 accusatur
1323 4038 1563 4106 natura,
1604 4039 1698 4094 sed
1742 4038 1976 4094 conditio
2016 4046 2101 4092 tua

524 4120 723 4191 probro
745 4116 994 4191 afficitur,
1010 4130 1126 4185 quae
1151 4113 1573 4191 domini__sortem
1603 4124 1723 4164 cum
1751 4109 2015 4191 nactasit“,
2041 4122 2104 4162 ea

525 4179 645 4262 quae
671 4197 794 4244 sunt
821 4179 1310 4262 servilia'sectatur.
1346 4182 1470 4262 llam
1495 4197 1538 4262 a‘
1551 4195 1637 4235 me
1659 4180 1959 4262 necessario
1986 4179 2101 4233 fue-

526 4250 652 4318 runt
676 4262 726 4314 in
759 4257 988 4313 medimn
1010 4255 1188 4315 allata,
1213 4269 1279 4307 ne
1300 4254 1417 4321 quis
1437 4267 1498 4305 ea
1516 4250 1648 4304 forte
1668 4266 1784 4319 qua:
1805 4250 1941 4321 dicta
1959 4258 2101 4321 sunt,

524 4332 593 4386 ad
624 4330 964 4400 ignominiam
988 4324 1259 4379 Creatoris
1286 4320 1558 4400 traducat,
1586 4322 1733 4389 quasi
1770 4320 1965 4400 malum
2008 4320 2105 4373 ali-

528 4391 671 4470 quod
710 4399 891 4454 fecerit
939 4398 1080 4450 Deus
1104 4414 1116 4448 :
1141 4410 1265 4470 vere
1302 4393 1442 4470 enim
1468 4392 1617 4470 bona
1656 4398 1777 4444 sunt
1805 4391 2021 4454 omnia,
2051 4398 2107 4443 et

528 4462 684 4524 valde
715 4472 849 4523 bona
869 4510 883 4531 ,
916 4470 960 4522 si
992 4467 1256 4534 propriam
1284 4462 1642 4534 conditionem
1653 4469 1989 4534 conservent
2007 4500 2021 4523 ,
2049 4470 2105 4514 et

531 4556 684 4596 suam
714 4530 884 4609 legem
911 4530 1195 4609 sectentur.
1225 4537 1398 4603 Atque
1420 4543 1477 4587 ut
1501 4531 1779 4609 intelligas,
1808 4530 2100 4594 carissime,

534 4612 663 4666 nihil
692 4625 719 4662 a
756 4603 862 4662 I'ieo
891 4607 1011 4659 mali
1049 4614 1285 4661 creatum
1314 4619 1432 4658 esse
1460 4645 1473 4665 ,
1507 4603 1551 4657 si
1581 4614 1817 4654 naturam
1858 4609 2064 4669 spectes
2087 4640 2101 4662 ,

526 4683 712 4736 docuit
744 4694 842 4732 nos
875 4678 1015 4731 Deus
1040 4688 1093 4729 et
1124 4676 1419 4730 belluarum
1448 4672 1852 4728 similitudinem
1881 4685 2106 4738 usurpa-

534 4768 612 4807 re.
635 4750 920 4804 Admonuit
939 4748 1077 4800 enim
1108 4756 1162 4799 ut
1181 4745 1437 4815 quasdam
1455 4749 1606 4797 dotes
1629 4743 2107 4815 prterogativasque

533 4823 809 4877 brutarum
840 4817 1182 4871 animantium
1198 4812 1558 4877 imitaremur,
1583 4830 1650 4867 ne
1678 4820 1946 4879 tamquam
1970 4812 2106 4863 mala

534 4893 850 4947 damnemus
896 4898 948 4942 et
991 4887 1374 4941 calumniemur
1420 4901 1537 4955 qute
1583 4891 1759 4937 creata
1800 4889 1923 4934 sunt
1951 4921 1967 4955 ,_
2000 4895 2104 4934 non

536 4962 1044 5033 generatintueorum
1072 4966 1313 5033 naturam
1341 4998 1355 5023 ,
1387 4952 1478 5009 sed
1505 4966 1849 5033 qnmcunique
1874 4952 2107 5033 rationa-

532 5020 660 5089 lium
705 5029 992 5087 conditioni
1047 5028 1311 5095 potuerint
1344 5020 1661 5079 convenire.
1712 5020 1903 5095 Annon
1952 5020 2108 5095 hodie

532 5103 943 5159 Proverbiorum
987 5090 1257 5152 auctorem
1289 5096 1477 5149 audisti
1526 5097 1822 5157 dicentem,
1868 5090 2002 5143 Vade
2040 5090 2108 5142 ad

557 5178 796 5229 'ornn'cain
820 5212 834 5236 ,
862 5174 1032 5242 piger,
1068 5177 1114 5221 et
1156 5168 1394 5221 cernulare
1436 5167 1539 5218 vias
1581 5166 1689 5242 ejus
1718 5162 1898 5242 (Prop.
1930 5161 1981 5215 6.

557 5182 796 5229 orntt'catn
820 5212 834 5236 ,
862 5186 1032 5242 piger,
1068 5182 1114 5221 et
1156 5182 1394 5221 cemutare
1436 5182 1539 5218 vias
1581 5182 1689 5234 ejus
1719 5182 1898 5228 (rrav.
1930 5182 1981 5215 ο.
2007 5182 2063 5231 ο)
2088 5182 2106 5214 .'

532 5182 647 5301 {inn
678 5242 1055 5299 animadvertis
1088 5253 1193 5308 quo
1230 5248 1382 5306 pacto
1399 5230 2109 5308 _p_r0posita_formic:e__dili:

532 5318 711 5386 gentia
740 5312 931 5386 nosad
964 5301 1243 5386 impigrum
1272 5301 1793 5386 quoddatnstudinm
1821 5301 2107 5386 erudierit}

538 5372 722 5441 Nonne
750 5395 800 5439 te
824 5382 1024 5438 diserte
1041 5372 1330 5435 docuimus
1356 5392 1383 5430 a
1413 5376 1626 5429 formica
1654 5374 1976 5439 diligentiam
1998 5413 2013 5435 ,
2042 5372 2108 5426 ab

530 5474 630 5525 ape
661 5471 787 5510 vero
811 5452 1275 5525 artificiiamorem
1298 5451 1321 5501 Υ
1347 5447 1492 5525 Licet
1516 5448 1658 5499 enim
1686 5445 1855 5509 nobis,
1888 5444 2025 5525 licet,
2053 5451 2111 5497 ut

534 5513 655 5583 ante
675 5526 804 5588 di'i,
822 5534 875 5578 et
902 5523 1187 5577 bestiarum
1217 5517 1588 5588 prterogativas
1612 5525 1666 5570 et
1693 5513 1968 5588 commoda
1991 5529 2109 5581 qua:

535 5585 825 5651 conditioni
874 5603 1068 5647 nostra:
1097 5585 1447 5648 conveniunt,
1475 5587 1540 5640 ad
1580 5585 1887 5639 innitendum
1918 5586 2107 5637 decer-

540 5683 664 5735 pere
690 5685 703 5719 :
730 5663 1237 5735 verumtamenﬂista
1278 5660 1343 5735 ad
1368 5657 1624 5735 pudorem
1656 5655 1817 5735 nobis
1845 5656 2106 5733 incutien-

534 5726 660 5789 duui
694 5736 1047 5803 probrumque
1072 5730 1337 5785 dicuntur.
1362 5726 1583 5803 Quando
1611 5727 1751 5780 enim
1786 5727 1950 5778 Deum
1989 5726 2109 5777 imi-

539 5808 637 5859 tari
666 5797 900 5868 noluisti,
935 5797 1140 5857 imitare
1172 5803 1464 5855 formicam.
1496 5797 1861 5867 Numquamne
1905 5803 2108 5865 patrem

2214 942 2389 1024 vidisti
2416 944 2501 1024 qui
2532 942 2783 1024 dilectitm
2815 944 2979 1024 illium
3001 946 3321 1024 objnrgaret,
3356 960 3410 1001 et
3442 960 3559 1018 post
3584 953 3801 1007 multum

2215 1014 2617 1067 instructionem
2645 1014 2710 1067 ad
2738 1015 3082 1070 imitationem
3110 1014 3577 1073 fainulorum'euni
3616 1025 3799 1076 tradu-

2213 1092 2380 1147 ceret,
2404 1093 2561 1153 atque
2584 1086 2696 1138 lucc
2719 1086 2889 1153 palam
2912 1087 3149 1142 diceret:
3175 1089 3386 1143 imitare
3406 1091 3593 1144 saltem
3626 1092 3797 1147 famu-

2214 1153 2320 1206 lum
2349 1195 2362 1216 ,
2391 1154 2647 1223 dignitate
2674 1155 2886 1224 quidem
2916 1156 3220 1213 inferiorem
3246 1201 3261 1222 ,
3292 1168 3346 1211 at
3375 1161 3597 1215 scientia
3626 1173 3798 1217 tamen

2214 1225 2676 1299 prtestantiorem?
2705 1226 3064 1291 Quamobrem
3114 1227 3525 1299 benignissimus
3567 1232 3709 1287 Deus
3735 1236 3799 1287 ad

2210 1296 2605 1375 coarguendum
2656 1306 2928 1375 stuporem
2972 1296 3259 1375 nostrum,
3283 1300 3551 1355 formicam
3578 1302 3799 1375 profert

2218 1366 2269 1417 in
2309 1366 2540 1420 medium
2568 1380 2596 1419 a
2625 1381 2727 1435 qua
2768 1368 3085 1436 negligentia
3127 1379 3308 1423 nostra
3344 1366 3679 1427 convincitur
3701 1415 3716 1435 ,
3746 1384 3801 1428 et

2208 1447 2361 1511 apem
2389 1451 2507 1505 quae
2535 1437 2797 1511 pigritiam
2827 1449 3058 1511 nostram
3089 1441 3427 1493 condemnat.
3474 1444 3651 1511 Atque
3678 1444 3798 1498 hinc

2208 1506 2337 1585 satis
2361 1517 2605 1573 constat,
2633 1508 2761 1561 nihil
2784 1524 2814 1561 a
2844 1508 2950 1562 Deo
2973 1511 3173 1585 inalnm
3196 1511 3465 1585 conditum
3512 1506 3634 1568 esse
3656 1554 3671 1577 ,
3700 1516 3792 1585 qui

2210 1575 2304 1651 tibi
2344 1591 2559 1631 sensum
2603 1592 2672 1651 ac
2711 1590 2942 1651 mentem
2972 1580 3193 1645 indidit,
3222 1582 3374 1649 cujus
3399 1582 3449 1635 vi
3492 1575 3667 1651 possis
3694 1575 3794 1640 ista

2206 1645 2512 1727 discernere
2536 1689 2549 1709 ,
2577 1657 2636 1701 ut
2662 1649 2952 1727 belluarum
2991 1651 3203 1719 quidem
3234 1645 3411 1727 mores
3434 1645 3639 1709 devites
3658 1696 3670 1714 ,
3706 1671 3799 1721 po.

2207 1719 2371 1771 tiores
2408 1728 2583 1773 autem
2622 1734 2806 1772 earum
2836 1719 2988 1774 dotes
3024 1730 3078 1775 et
3116 1723 3399 1776 commoda
3446 1719 3791 1779 consecteris.

2206 1786 2391 1842 Potest
2414 1790 2554 1843 enim
2586 1790 2753 1860 etileo
2778 1791 2989 1843 virtutis
3018 1792 3191 1860 imago
3216 1808 3355 1858 esse,
3375 1809 3495 1847 cum
3522 1810 3627 1847 non
3660 1803 3796 1848 tam-

2207 1872 2364 1930 quam
2398 1859 2709 1928 tyrannidis,
2740 1860 2832 1914 sed
2860 1862 3005 1930 quasi
3035 1859 3362 1917 fortitudinis
3390 1864 3617 1918 indicem
3645 1870 3793 1919 simi-

2206 1927 2652 2005 litudinemillam
2677 1927 2921 2005 accipis:
2952 1932 3089 2005 aliud
3122 1937 3314 2005 quippe
3341 1942 3422 1988 est
3450 1935 3710 2005 tyrannis,
3735 1947 3795 1991 et

2203 1999 2349 2052 aliud
2389 1999 2662 2054 fortitudo.
2712 2000 2913 2055 Ιιίοὶτου
2966 1999 3262 2071 Scriptura
3296 2004 3404 2072 ipsa
3455 1999 3790 2061 Salvaturrm

2205 2072 2526 2145 annuntians
2547 2072 2874 2145 exoriturum
2898 2088 2965 2145 exi
2984 2072 3139 2144 Juda,
3165 2074 3373 2127 Catulus
3390 2075 3567 2141 leonis,
3594 2078 3787 2145 inquit.

2201 2136 2347 2192 Juda
2369 2158 2385 2193 :
2407 2158 2470 2194 ex
2494 2143 2715 2210 germine
2736 2184 2750 2207 ,
2781 2143 2858 2210 ﬁli
2900 2144 2968 2195 mi
2984 2183 2999 2207 ,
3023 2136 3288 2197 ascendiin
3309 2162 3328 2197 :
3348 2136 3640 2199 recumbens
3668 2136 3790 2210 'dor;

2202 2210 2384 2285 mivisti
2411 2202 2592 2285 unico,
2614 2202 2828 2285 etrqua'si
2853 2202 3049 2266 catulus
3071 2213 3227 2268 leonis
3258 2213 3405 2285 (Gen.
3429 2218 3520 2270 49.
3554 2216 3629 2285 9).
3658 2202 3789 2271 Vide

2202 2280 2497 2358 cujusmodi
2522 2280 2923 2358 similitudinem
2952 2300 3020 2338 ex
3045 2285 3247 2358 iisquae
3265 2280 3474 2358 'beIIuis
3495 2280 3787 2356 insuntpo-

2204 2352 2338 2425 tiora
2362 2394 2376 2416 ,
2404 2352 2615 2425 duxerit
2641 2362 2819 2407 sermo
2850 2354 3081 2408 divinus.
3111 2352 3257 2409 Licet
3284 2357 3441 2425 igitur
3464 2357 3673 2411 leOucm
3694 2352 3787 2409 ’δει-

2202 2421 2408 2501 plenter
2427 2422 2617 2501 imitari
2644 2425 2865 2501 :licctct
2876 2434 3176 2501 serpentem
3195 2421 3424 2501 quoque,
3452 2440 3555 2501 non
3572 2428 3785 2495 quidem

2204 2494 2255 2543 in
2275 2494 2778 2566 venenoinndendo,
2797 2496 2887 2549 sed
2908 2496 3187 2566 itholertia
3208 2498 3223 2527 ¹
3238 2494 3624 2566 comparanda:
3649 2500 3787 2553 sicut

2200 2570 2253 2637 Et
2277 2565 2531 2631 apostolis
2551 2564 2801 2637 Servatur
2824 2564 2914 2625 ait,
2940 2563 3111 2619 Estole
3137 2563 3400 2634 prudentes
3415 2568 3543 2623 sicut
3562 2576 3787 2637 sit-petis.

2199 2631 2572 2710 Quamobrem,
2590 2637 2633 2687 si
2654 2636 2786 2689 mala
2810 2646 2951 2710 esset
2969 2631 3230 2709 creatura,
3256 2642 3533 2710 imaginem
3555 2631 3786 2693 etiamad

2200 2706 2316 2779 ejus
2334 2706 2677 2758 imitationem
2702 2706 3208 2779 noucoltortarctur,
3235 2706 3436 2775 dicens,
3464 2709 3639 2763 Estot'e
3662 2726 3785 2779 pru—

2200 2772 2370 2829 dentes
2392 2779 2518 2829 sicut
2545 2792 2746 2845 serpens
2772 2777 2986 2845 (Matth.
3005 2778 3109 2848 710.
3133 2780 3221 2846 16)
3250 2796 3262 2830 :
3292 2772 3497 2835 imitare
3524 2772 3787 2848 serpentis

2201 2860 2305 2909 non
2326 2861 2604 2912 venenum,
2630 2863 2732 2901 non
2758 2847 3015 2912 iram,sed
3047 2848 3545 2917 prudentiam.Nam
3564 2847 3786 2905 siteue—

2202 2928 2326 2969 ntun
2351 2916 2591 2979 imiteris,
2620 2919 2814 2971 clamat
2840 2919 2890 2971 in
2915 2928 2967 2972 te
2996 2916 3179 2983 David,
3210 2926 3469 2974 accusans
3486 2933 3538 2975 et
3557 2920 3740 2974 dicens
3765 2940 3780 2973 :

2200 2984 2483 3067 lf'urorillis
2496 2989 2768 3067 secundum
2783 2988 3159 3067 similitudinem
3170 2993 3427 3067 serpenti“
3443 2990 3580 3067 Psat.
3675 3031 3687 3043 .
3702 2994 3783 3067 is);

2201 3059 2283 3134 s_i_n
2307 3059 2481 3134 autem
2509 3060 2843 3134 prudentiain
2875 3059 2989 3134 ejus
3022 3061 3245 3115 imiteris
3264 3101 3279 3125 ,
3312 3061 3475 3117 factus
3505 3077 3562 3116 es
3585 3059 3785 3115 Christi

2201 3127 2522 3199 discipulus,
2549 3132 2637 3199 qui
2665 3127 2804 3183 ditiit
2826 3171 2841 3192 ,
2870 3129 3046 3183 Estote
3086 3135 3355 3199 prudentes
3395 3134 3525 3186 sicut
3552 3149 3782 3199 serpens.

2201 3197 2334 3272 Quia
2361 3200 2502 3252 enim
2530 3197 2750 3269 scrpcus
2774 3204 3021 3272 omnibus
3047 3197 3402 3272 animantibus
3430 3213 3514 3256 est
3545 3197 3785 3272 prudens

2202 3271 2305 3322 tior
2324 3308 2341 3334 ,
2374 3274 2615 3343 utpauto
2642 3280 2770 3343 ante
2796 3270 2987 3325 lectum
3016 3278 3097 3326 eSt
3119 3313 3132 3336 ,
3159 3270 3492 3341 prudentiam
3539 3270 3785 3343 opposuit

2204 3341 2518 3407 prudentiae,
2541 3358 2643 3394 non
2662 3352 2719 3396 ut
2741 3340 2921 3395 dolum
2948 3340 3171 3398 nectere,
3189 3343 3385 3407 discas,
3410 3344 3505 3398 sed
3527 3340 3587 3398 ut
3602 3340 3783 3397 dolum

2203 3409 2379 3463 discas
2401 3410 2693 3466 declinare.

2273 3480 2327 3534 2.
2354 3480 2615 3555 Quomodo
2634 3480 2875 3555 iii/ferant
2886 3482 3139 3555 calliditas
3159 3492 3205 3536 et
3229 3484 3539 3553 malignitas;
3570 3486 3790 3555 pruden-

2206 3553 2276 3605 tia
2324 3552 2573 3621 quomodo
2626 3553 2928 3605 adhibenda.
2946 3583 3017 3595 —
3035 3553 3152 3607 Vult
3180 3571 3322 3607 rmm
3350 3552 3607 3624 benignus
3647 3557 3788 3608 Dens

2207 3638 2305 3678 nos
2335 3638 2453 3677 esse
2476 3639 2579 3676 non
2605 3624 2883 3692 malignos,
2916 3624 3009 3677 sed
3034 3624 3255 3677 callidos
3283 3643 3294 3676 :
3320 3626 3463 3678 aliud
3494 3635 3669 3679 autem
3702 3634 3790 3678 est

2206 3693 2485 3757 calliditas,
2536 3694 2678 3764 aliud
2712 3693 3033 3762 malignitas.
3072 3695 3310 3749 Callidus
3338 3696 3515 3764 itaque
3547 3704 3629 3748 est
3676 3712 3784 3749 non

2207 3766 2271 3818 ad
2303 3763 2702 3832 excogitandam
2736 3764 3014 3829 malitiam,
3053 3766 3145 3819 sed
3172 3765 3237 3818 ad
3280 3763 3533 3818 malitiam
3583 3769 3789 3819 evitan-

2208 3835 2328 3889 dam
2364 3851 2378 3886 :
2411 3835 2556 3888 etuti
2584 3835 2723 3888 solet
2746 3834 3032 3888 calliditate
3073 3850 3176 3887 non
3220 3845 3276 3887 ut
3304 3837 3353 3888 in
3399 3836 3532 3889 alios
3560 3846 3789 3891 consuat

2208 3905 2378 3967 dolos,
2419 3905 2512 3958 sed
2553 3914 2697 3958 utea
2728 3921 2842 3970 ιιιιευ
2886 3920 2914 3956 a
2958 3907 3165 3959 trieteris
3210 3907 3260 3958 in
3294 3907 3457 3974 ipsius
3499 3908 3787 3975 perniciem

2207 3985 2454 4030 contexta
2480 3984 2598 4029 sunt
2625 3975 2836 4043 eﬂ'ugial
2874 3994 2885 4026 :
2919 3977 3181 4043 malignus
3221 3992 3396 4029 autem
3427 3986 3508 4029 est
3538 3976 3787 4038 sicarius,

2209 4047 2458 4113 deceptor
2480 4087 2495 4109 ,
2527 4045 2614 4114 qui
2657 4046 2774 4098 aliis
2804 4046 2939 4098 mala
2974 4046 3326 4099 machinatur.
3368 4045 3510 4099 Talis
3557 4049 3790 4113 prudens

2209 4116 2393 4175 Jacob,
2426 4116 2657 4185 prudens
2699 4123 2755 4167 ut
2784 4130 3003 4183 serpens
3027 4157 3039 4175 ,
3075 4130 3177 4168 non
3227 4131 3492 4170 venenum
3536 4130 3793 4185 Spargens

2208 4195 2267 4241 ut
2308 4200 2553 4254 serpens.
2587 4184 2717 4238 Nam
2770 4200 2890 4239 cum
2925 4188 2975 4238 in
3013 4200 3293 4241 occursum
3341 4184 3792 4255 congressnnique

2208 4273 2328 4313 cum
2360 4256 2522 4310 fratre
2550 4255 2692 4309 Esau
2730 4265 2982 4309 venturus
3030 4266 3202 4318 eSset,
3250 4256 3466 4310 homine
3500 4258 3791 4312 sceleribus

2209 4338 2262 4382 et
2288 4325 2585 4396 parricidiis
2603 4336 2879 4394 Cooperto,
2910 4326 3074 4379 Deum
3100 4327 3287 4379 orabat
3314 4328 3519 4388 dicens,
3553 4328 3787 4387 Domine,

2208 4414 2326 4451 erue
2346 4413 2424 4450 me
2442 4399 2505 4449 de
2530 4413 2682 4449 manu
2704 4398 2876 4465 fratris
2904 4398 2997 4449 mei
3019 4397 3170 4457 Esau,
3193 4397 3310 4463 quia
3337 4396 3483 4449 valde
3501 4413 3613 4449 eum
3641 4398 3791 4449 timeo

2211 4468 2360 4542 (Gen.
2393 4469 2481 4521 52.
2514 4467 2603 4542 H_)
2627 4483 2641 4520 :
2668 4466 2938 4534 Deumque
2977 4467 3053 4521 sic
3076 4467 3407 4542 precabatur,
3459 4476 3513 4519 ut
3530 4473 3791 4542 advectis

2209 4537 2405 4594 malum
2447 4538 2744 4592 orationem
2774 4544 3086 4606 opponeret.
3139 4537 3361 4604 Quando
3383 4551 3508 4591 vero
3526 4537 3669 4590 fratri
3698 4550 3795 4590 oo-

2210 4611 2397 4674 eurrit,
2432 4609 2784 4670 humanitate,
2818 4608 2961 4661 cultu
2987 4615 3041 4661 et
3060 4608 3395 4661 observantia
3419 4609 3652 4660 furorem
3674 4610 3790 4674 ejus

2211 4680 2575 4743 mansuefecit,
2610 4688 2665 4733 et
2697 4679 2951 4733 malitiam
2980 4678 3245 4733 restinxit.
3278 4677 3414 4744 Quid
3446 4677 3587 4729 enim
3623 4678 3697 4729 ait
3720 4674 3791 4729 ad

2211 4752 2387 4805 Esau?
2415 4752 2501 4804 Sic
2530 4751 2626 4802 vidi
2663 4750 2839 4817 [aciem
2875 4760 3041 4812 tuam,
3063 4758 3115 4801 ut
3158 4749 3202 4801 si
3240 4750 3348 4817 quis
3379 4747 3561 4800 videret
3602 4749 3793 4801 vultum

2217 4822 2305 4873 υυὶ
2333 4820 2484 4891 (Gen.
2515 4821 2602 4873 55.
2627 4820 2738 4891 10).
2769 4823 2844 4873 Ac
2868 4821 2911 4872 si
2934 4818 3632 4891 litecquidemdixitJacob,
3652 4827 3708 4871 ut
3727 4831 3789 4869 ea

2213 4889 2393 4945 fraude
2432 4893 2666 4945 vinceret
2692 4890 2938 4954 fratrem,
2969 4889 3107 4944 male
3136 4890 3445 4955 loquebatur
3472 4908 3483 4941 :
3508 4890 3587 4941 sin
3615 4898 3792 4941 autem

2212 4964 2361 5025 dixnt,
2392 4970 2441 5014 ut
2475 4972 2729 5014 terrorem
2750 4961 3024 5029 eli‘ugeret,
3066 4959 3352 5013 calliditate
3372 4967 3516 5011 recte
3544 4974 3667 5011 usus
3688 4967 3790 5029 est.

2212 5031 2385 5085 Estote
2400 5048 2515 5101 ergo
2546 5030 2809 5099 prudentes
2837 5041 2891 5082 ut
2906 5046 3105 5098 serpens
3126 5030 3331 5097 (Matth.
3346 5028 3551 5101 “1.16);
3572 5042 3675 5081 non
3700 5028 3795 5101 ira-

2212 5103 2393 5167 cundi,
2412 5097 2514 5156 non
2533 5097 2792 5155 venenum
2810 5097 3151 5167 ejaculantes,
3172 5101 3263 5153 sed
3281 5099 3588 5168 prudentes,
3604 5108 3651 5151 et
3674 5097 3799 5150 sint-

2213 5172 2366 5241 plices
2384 5173 2513 5226 sicut
2528 5174 2786 5226 columbas.
2814 5170 2989 5241 Potest
3007 5180 3183 5241 autem
3206 5171 3444 5223 columba
3460 5179 3513 5222 et
3530 5180 3595 5220 ad
3609 5169 3794 5221 vitium

2213 5239 2347 5297 etad
2370 5244 2614 5297 virtutem
2643 5239 3044 5309 significandam
3073 5240 3238 5307 accipi
3259 5254 3389 5308 :qua
3419 5254 3546 5293 vero
3566 5241 3794 5301 ratione,

2214 5315 2359 5365 audi.
2405 5314 2459 5367 Si
2480 5313 2553 5365 sis
2583 5310 3001 5365 inconsideratius
3031 5311 3352 5379 minimeque
3399 5309 3688 5371 discretus,
3738 5319 3797 5360 et

2216 5385 2382 5436 solius
2409 5383 2628 5435 malitizr
2656 5380 2879 5448 peritus,
2903 5389 3117 5433 accusat
3147 5390 3198 5434 te
3222 5382 3491 5446 Scriptura
3520 5389 3580 5432 ut
3602 5381 3798 5447 impru-

2213 5454 2446 5507 dentem.
2468 5452 2710 5518 Epltraim
2733 5452 2893 5519 enim,
2913 5450 3099 5519 inquit,
3122 5451 3263 5515 quasi
3279 5449 3509 5501 columba
3533 5448 3795 5516 insipiens,

2213 5539 2325 5593 quat
2352 5540 2438 5577 cor
2465 5539 2565 5575 non
2586 5519 2730 5573 habet
2759 5522 2777 5590 (
2806 5518 2931 5573 Osee
2961 5518 3012 5571 7.
3039 5520 3094 5573 ll
3130 5525 3170 5589 ).
3196 5521 3249 5574 Si
3280 5534 3405 5589 ergo
3442 5519 3798 5588 insipientiam

2222 5740 2232 5749 .
2280 5681 2295 5709 '
2334 5686 2451 5749 “ea:
2475 5677 2543 5725 δίο
2566 5674 2733 5743 habet»
2750 5685 2846 5749 πονε
2862 5670 3061 5749 φθὲαιεφ
3082 5672 3134 5749 in
3150 5672 3623 5749 Peneetzmder'ﬁa
3647 5682 3801 5749 τιετηεο

2212 5740 2264 5809 in
2298 5733 2498 5797 malitia,
2523 5749 2672 5799 neque
2705 5736 2755 5785 in
2797 5733 3092 5798 plenitudine
3137 5733 3434 5794 acerbitatis,
3468 5735 3552 5783 sed
3580 5734 3627 5781 in
3650 5734 3800 5782 soter-

2218 5810 2304 5860 tm,
2332 5811 2427 5851 etc.
