4126 6326
596 363 707 423 537

594 474 1316 547 'lsraelis
1342 476 1449 531 dux
1484 474 1785 531 declaratus
1822 484 1924 530 est.
1956 472 2168 547 Jejunio

593 546 858 603 custodito
878 546 1060 601 Helias
1089 562 1247 601 curru
1276 549 1429 616 igneo
1455 547 1506 600 in
1537 548 1724 601 cadum
1751 553 1834 600 est
1862 546 2166 608 translatus,

592 633 691 698 per
716 617 1061 703 quem-ovina
1091 618 1254 703 pellis.
1274 619 1424 703 regia
1460 634 1695 703 purpura
1740 617 2021 703 pretiosior
2047 632 2170 696 eva-

591 689 680 756 sit.
708 687 847 749 Cum
871 687 1131 756 jejunium
1162 688 1213 741 in
1243 688 1359 743 lacu
1384 687 1571 741 Daniel
1600 689 1829 749 coleret,
1859 687 2168 740 immanium

591 754 822 811 ferarum
848 754 941 811 ora
969 759 1272 820 obturavit,
1314 768 1367 812 et
1393 761 1460 813 ab
1500 759 1563 811 iis
1606 757 1803 811 illtesus
1831 757 1976 811 exiit.
2018 756 2169 825 Jeju-

590 828 736 897 nium
762 828 1050 896 amplexati
1081 836 1192 882 tres
1222 829 1390 897 pueri,
1421 829 1666 895 septuplo
1694 828 1862 897 magis
1889 842 2167 881 accensam

590 896 858 952 fornacem
894 896 1314 963 exstinxerunt,
1358 909 1413 953 et
1459 901 1635 968 ignem
1684 898 1975 952 etl'ecerunt
2010 898 2167 968 quasi

588 968 836 1036 spiritum
866 970 1005 1023 roris
1043 968 1366 1023 sibilantem.
1399 967 1668 1038 Jejuuium
1697 970 1972 1037 amplexus
2000 967 2165 1023 Joan-

588 1052 705 1104 nes,
736 1040 908 1107 major
933 1042 984 1093 in
1024 1038 1295 1108 prophetis
1320 1038 1621 1094 declaratus
1644 1048 1759 1101 est,
1800 1049 1854 1093 et
1886 1039 2164 1092 Dominum

591 1108 852 1180 gloriteiu
883 1109 1114 1164 Jordane
1152 1110 1419 1180 baptizare
1460 1111 1671 1164 meruit.
1706 1108 1906 1177 Ecquid
1940 1108 2169 1180 prophe-

590 1187 672 1250 tas
696 1188 752 1235 et
770 1179 940 1248 justus
960 1182 1019 1234 :iu
1051 1179 1281 1234 medium
1313 1180 1573 1250 profero?
1615 1180 1879 1248 Jejunium
1920 1179 2163 1233 Christus

590 1248 706 1316 ipse
734 1250 1010 1319 amplexus
1029 1292 1045 1316 ,
1075 1251 1281 1305 hostem
1308 1248 1502 1319 dejecit
1522 1292 1537 1317 ,
1565 1260 1618 1306 ct
1649 1264 1745 1305 nos
1781 1253 1896 1315 ejus
1924 1258 2163 1304 contem-

584 1320 820 1391 βῖκοι-οε
847 1336 967 1377 esse
994 1321 1239 1390 dignatus
1260 1330 1360 1375 est.
1402 1322 1736 1391 Quapropter
1760 1321 2017 1390 jejunium
2046 1334 2165 1374 sus-

586 1390 844 1459 cipiamus
865 1432 881 1457 ,
926 1392 1124 1445 donum
1192 1393 1478 1461 pretiosum
1499 1390 1531 1457 ,7
1561 1402 1799 1446 sanctum
1845 1391 2111 1445 citnelium
2144 1429 2159 1451 ,

590 1461 827 1515 veritatis
854 1463 1195 1521 simulacrum
1220 1504 1235 1526 ,
1280 1464 1491 1532 pietatis
1518 1471 1697 1529 caput,
1740 1462 2027 1532 spiritualis
2064 1461 2161 1515 do-

589 1532 773 1603 ctrina:
801 1532 1136 1595 advocatum,
1174 1533 1334 1587 animi
1365 1534 1735 1603 aegritudinum
1762 1534 2001 1594 exitium,
2034 1546 2160 1603 pec:

586 1601 690 1674 cati
709 1601 1148 1674 destructionem.
1180 1601 1434 1674 nequitiae
1454 1604 1842 1665 adversarium,
1866 1601 2160 1674 virginitati

585 1672 752 1743 gloria
774 1674 999 1743 atquale,
1024 1672 1324 1728 daemonum
1354 1676 1651 1735 excidium,
1680 1673 1877 1727 diaboli
1915 1674 2159 1741 increpa-

590 1742 787 1796 tionem
806 1782 822 1808 ,
846 1742 1114 1798 idolorum
1143 1745 1583 1809 destructionem,
1618 1745 1971 1799 Eeclesiarum
2001 1743 2161 1797 deco-

587 1827 726 1877 rem,
755 1813 1131 1882 Imperatorum
1162 1816 1324 1869 robur
1346 1858 1359 1876 ,
1391 1816 1731 1870 sacerdotum
1760 1823 2156 1877 ornamentum,

588 1883 822 1955 virorum
850 1884 1201 1952 prudentiam,
1224 1886 1507 1941 mulierum
1538 1887 1963 1955 temperantiam,
1988 1884 2160 1938 infau-

584 1953 714 2007 tium
756 1954 1137 2009 institutionem
1161 1996 1177 2020 ,
1209 1970 1483 2010 servorum
1514 1953 1880 2011 liberationem
1899 1997 1914 2019 ,
1958 1968 2158 2023 paupe-

585 2037 703 2095 rum
751 2025 1188 2080 consolationem.
1238 2027 1366 2092 Quis
1412 2027 1678 2095 jejunium
1735 2028 2008 2095 atnplexus
2049 2040 2155 2079 non

581 2094 801 2168 gloriam
829 2095 1050 2168 adeptus
1080 2104 1164 2168 est
1182 2097 1218 2168 ?7
1249 2099 1367 2167 quis
1398 2094 1517 2168 ipso
1544 2106 1756 2152 servato
1775 2167 1781 2168 γ
1800 2094 1903 2150 non
1936 2110 2157 2163 magnus

578 2166 793 2237 evasit?
830 2166 954 2237 quis
977 2168 1095 2233 ejus
1120 2166 1322 2237 legibus
1347 2166 1587 2223 addictus
1628 2183 1736 2235 non
1772 2167 1957 2225 beatus
1981 2168 2155 2237 dictus

582 2232 724 2307 fuit?
752 2232 871 2307 quis
899 2232 1021 2289 illud
1049 2232 1324 2306 amplexus
1361 2234 1680 2292 tentationes
1712 2254 1816 2292 non
1842 2236 2155 2307 superavit?

581 2304 701 2377 quis
725 2306 840 2377 ejus
868 2308 1061 2360 auditis
1099 2304 1539 2377 promissionibus
1566 2325 1671 2363 non
1702 2310 1860 2361 modo
1883 2304 2023 2376 apud
2052 2308 2150 2361 bo-

579 2376 751 2433 mines
776 2376 1209 2449 honoratus,’sed
1231 2379 1389 2439 etiam
1415 2394 1445 2433 a
1470 2380 1559 2441 Dei
1586 2379 1663 2435 ira
1688 2379 2154 2449 indignatiooeque

577 2455 792 2515 ereptus
829 2449 950 2500 est?
994 2448 1179 2504 Nonne
1212 2450 1398 2503 Achab
1439 2450 1533 2503 illo
1576 2448 1815 2504 armatus
1841 2464 1869 2502 a
1900 2449 2154 2503 divinitus

570 2516 813 2590 inmissa
837 2518 917 2571 ira
940 2530 1157 2587 ereptos
1190 2522 1313 2575 est?
1350 2519 1467 2585 Ille,
1496 2520 1740 2589 inquam,
1771 2521 1860 2590 qui
1880 2521 2072 2577 avibus
2090 2527 2153 2575 .et

575 2586 700 2659 feris
728 2588 777 2640 in
805 2604 979 2643 escam
1010 2586 1165 2643 datus
1193 2600 1297 2657 est,
1330 2600 1384 2644 et
1418 2590 1484 2643 lu
1532 2586 1676 2655 cujus
1717 2586 1960 2659 sanguine
1986 2607 2150 2644 mere-

574 2658 722 2712 trices
746 2659 1045 2731 [quatiuntur
1071 2663 1157 2731 (3.
1186 2661 1311 2731 Reg.
1335 2662 1425 2716 22.
1450 2663 1520 2716 58
1539 2662 1584 2731 ).
1617 2678 1710 2730 per
1733 2658 1990 2730 jejunium
2026 2671 2151 2717 tunc

573 2742 603 2781 a
637 2730 821 2783 mortis
852 2730 1089 2799 periculo
1128 2730 1342 2800 ereptus
1375 2741 1487 2793 est.
1532 2730 1673 2800 quod
1720 2747 1848 2787 sane
1886 2732 2146 2800 jejunium

573 2808 686 2852 tum
723 2800 843 2872 ipso
875 2801 1128 2869 propheta
1156 2803 1379 2857 validius
1405 2802 1667 2872 apparuit.
1700 2802 1883 2856 Nonne
1909 2804 2009 2855 hoc
2037 2818 2149 2857 ser-

573 2879 696 2923 vato
722 2870 983 2942 Ninivitw.
1031 2881 1136 2926 tam
1178 2870 1615 2942 lmmines'quam
1635 2874 1899 2942 jumeutzt.
1929 2890 1957 2924 a
1989 2874 2144 2926 tridui

571 2941 986 2997 comminatione
1014 2945 1179 3011 erepti
1203 2953 1347 3009 sunt,
1370 2959 1431 2998 ac
1456 2941 1604 2999 lunae
1633 2941 1906 3014 preplteta:
1932 2944 2144 2998 verbum

569 3025 732 3083 opere
757 3026 979 3066 Vacuum
1008 3014 1218 3068 evasit?
1260 3014 1447 3068 Nonne
1487 3014 1589 3068 hoc
1632 3023 1847 3068 servato
1874 3014 2146 3083 propheta:

571 3080 666 3155 Ι]θί
701 3084 1092 3155 omnipotentis
1150 3086 1684 3155 contemplationibus
1744 3095 1798 3140 et
1851 3080 2144 3139 visidnibus

568 3150 727 3225 digni
755 3154 921 3225 habiti
958 3154 1105 3210 fuere
1128 3196 1144 3220 ,
1188 3168 1344 3225 atque
1368 3150 1562 3209 'lutura
1587 3198 1600 3219 ,
1650 3158 1795 3210 velut
1838 3157 2140 3225 przcseutia,

569 3223 930 3294 praeviderunt
958 3234 1116 3294 atque
1142 3223 1407 3280 vaticinati
1452 3227 1616 3279 sunt?
1662 3223 1852 3281 Nonne
1889 3227 2144 3294 apostolis

568 3292 660 3346 illo
686 3295 904 3348 armatis
924 3337 939 3360 ,
977 3292 1044 3348 lu
1072 3312 1266 3350 onmem
1295 3308 1478 3351 terram
1505 3298 1655 3350 exivit
1681 3314 1833 3351 sonus
1858 3292 2029 3351 eorum
2049 3337 2064 3360 ,
2098 3305 2143 3350 et

567 3363 620 3415 in
649 3365 775 3431 ﬁnes
801 3366 1109 3439 orbisteerrw
1130 3370 1277 3439 verba
1306 3383 1479 3439 eorum
1504 3367 1671 3439 (Psal.
1700 3369 1784 3423 l8.
1816 3368 1915 3439 ci)?
1955 3367 2143 3439 Nonne

567 3443 620 3508 et
645 3445 911 3506 martyres
938 3438 1027 3491 illo
1056 3438 1263 3501 muniti,
1295 3438 1489 3508 templa
1509 3478 1524 3502 ,
1560 3454 1679 3491 aras
1701 3480 1715 3499 .
1748 3438 1990 3492 nidorem
2014 3438 2141 3508 ido-

566 3505 736 3580 lorum
762 3505 1089 3580 dit-jecerunt,
1116 3518 1171 3563 et
1196 3505 1540 3580 tyrannorum
1566 3510 1796 3564 furorem
1824 3508 1970 3562 nihili
2002 3507 2142 3562 fece-

566 3577 732 3630 runt?
774 3577 960 3632 Nonne
997 3581 1165 3632 sancti
1209 3577 1324 3647 ejus
1367 3594 1549 3633 amore
1576 3580 1717 3633 ducti
1746 3622 1761 3640 .
1806 3580 2059 3632 mundum
2086 3588 2140 3633 et

567 3647 829 3719 mundana
854 3650 1030 3701 omnia
1055 3651 1399 3719 reliquerunt,
1425 3652 1549 3704 etin
1575 3651 1823 3714 desertis,
1846 3650 2134 3715 montibus,

565 3718 834 3789 speluncis
882 3729 930 3773 et
983 3718 1233 3775 cavernis
1287 3731 1443 3774 terrae
1500 3722 1790 3775 secundum
1837 3720 2137 3789 apostolum

565 3786 782 3841 Paulum
802 3789 1122 3855 habitantes,
1153 3791 1422 3845 diabolum
1449 3800 1503 3846 et
1529 3792 1641 3855 ejtts
1667 3786 1932 3846 exercitus
1957 3807 2136 3845 coram

565 3808 782 3841 ramum
802 3808 1122 3855 nanttztntes,
1153 3808 1422 3845 utanomm
1449 3808 1503 3846 et
1529 3810 1557 3844 e
1583 3808 1641 3844 ης
1667 3808 1932 3846 exercitus
1957 3808 2136 3845 coram

565 3862 766 3927 positos
795 3861 1137 3933 proﬂigarunt
1164 3860 1346 3933 (Hebr.
1376 3863 1460 3915 ll.
1488 3808 1623 3933 585?
1651 3863 1798 3917 Hanc
1821 3873 1874 3916 et
1904 3878 2000 3915 nos
2027 3878 2138 3916 ser-

564 3942 749 3982 vemus
779 3932 1073 3995 animarum
1104 3932 1573 4001 tranquillitatem,
1601 3948 1883 4001 corporum
1917 3933 2137 3986 medici-

565 4014 685 4072 nam
712 4040 738 4072 ,Α
767 4002 1145 4069 cogitationum
1192 4018 1413 4072 pacem,
1448 4005 1997 4071 concupiscentiarum
2041 4020 2136 4057 ex-

566 4067 923 4145 stinctionem,
953 4087 1071 4145 qute
1089 4072 1165 4145 ab
1189 4067 1377 4127 alienis
1401 4067 1598 4128 divitiis
1626 4067 1895 4145 rztpiendis
1923 4070 2134 4137 avertit,

563 4153 681 4262 qua:
706 4140 983 4210 orphanos
1007 4143 1124 4198 IIBdi
1142 4158 1244 4197 non
1266 4146 1479 4212 patitur,
1508 4161 1625 4212 qua:
1646 4140 1816 4199 viduis
1843 4146 2041 4198 luctum
2069 4145 2137 4200 ob

601 4225 755 4262 amna
787 4226 889 4262 non
920 4214 1106 4262 alfert-
1141 4229 1259 4262 num
1296 4229 1393 4262 nos
1430 4215 1770 4262 smmilarihus
1812 4216 1954 4262 curis
1981 4215 2136 4262 disti-

601 4225 755 4283 amna
787 4226 889 4264 non
920 4214 1107 4279 aliert,
1141 4229 1259 4283 qua:
1295 4229 1393 4268 nos
1430 4215 1770 4269 saecularibus
1812 4216 1954 4269 curis
1981 4215 2136 4269 disti-

566 4282 679 4334 neri
708 4296 812 4335 non
840 4286 984 4349 sinit,
1013 4300 1132 4353 qua:
1162 4282 1472 4338 mortalibus
1496 4287 1802 4355 angelorum
1835 4295 2135 4340 convictum

566 4362 834 4433 procurat,
877 4370 993 4433 qnte
1024 4355 1193 4433 legem
1224 4356 1446 4433 D_on_t_ini_
1476 4354 1665 4433 die’ac
1694 4367 1846 4433 nocte
1890 4356 2136 4433 meditari

559 4420 730 4496 jubet.
781 4423 853 4477 De
879 4426 970 4478 illo
994 4420 1188 4496 quippe
1221 4427 1295 4480 ait
1324 4425 1609 4480 Zacharias
1636 4428 1915 4496 propheta,
1944 4437 1991 4480 et
2022 4426 2137 4495 ejus

563 4491 784 4557 gloriam
811 4491 1277 4551 clarius'revelans
1306 4498 1412 4550 alta
1447 4511 1576 4551 voce
1600 4491 1794 4552 ciamat
1820 4516 1832 4550 :
1862 4496 1986 4550 Hmc
2014 4491 2135 4550 dicit

561 4560 811 4637 Dominus
855 4568 1168 4636 omnipotens
1203 4583 1221 4621 :
1258 4567 1523 4637 Jejuuium
1565 4581 1843 4634 quartum,
1886 4569 2137 4637 jejunium

561 4632 789 4719 quintum
834 4645 879 4688 et
903 4631 1167 4719 jejunium
1208 4631 1476 4719 septimum
1517 4648 1662 4719 erunt
1701 4631 2059 4719 dentui'iudq
2082 4640 2137 4693 in

562 4701 802 4827 {laudium
826 4716 870 4758 et
896 4701 1201 4761 iit'lwlitiam
1235 4701 1281 4762 et
1308 4711 1361 4763 in
1391 4713 1517 4779 {esto
1545 4712 1672 4762 bona
1704 4710 1892 4778 (Zuch.
1923 4710 1973 4766 8.
2007 4709 2131 4779 l9).

572 4802 573 4805 π
616 4773 787 4826 idistis
813 4792 999 4827 omnes
1027 4779 1293 4827 nttomodt)
1321 4780 1572 4827 festorum
1601 4793 1968 4827 argumentum
2001 4781 2131 4827 iciti-

572 4773 787 4849 Yidistis
813 4792 999 4849 omnes
1024 4779 1293 4849 quomodo
1321 4773 1572 4833 festorum
1601 4773 1968 4849 argumentum
1992 4773 2135 4848 jeju-

562 4845 708 4898 nium
745 4847 990 4919 aperiat?
1021 4848 1282 4901 Didicisds
1319 4850 1584 4918 quomodo
1635 4845 1828 4903 clarius
1866 4845 2006 4919 ejus'
2032 4845 2135 4907 vir-

564 4924 812 4991 tutemet
842 4918 1062 4991 gloriam
1086 4922 1363 4974 annuntiet
1381 4923 1404 4973 ’ἶ
1430 4921 1742 4989 (lognoscile
1771 4936 1876 4991 quo
1894 4918 2055 4990 pacto
2077 4937 2136 4978 se

562 4986 916 5060 suscipientes
949 4988 1013 5042 ad
1049 5004 1282 5060 amorem
1319 4986 1646 5060 spiritualem
1678 4986 1863 5059 erigat.
1900 4986 2136 5049 Vultisne

563 5059 679 5125 ejus
706 5058 1020 5131 hypothesiu
1053 5058 1384 5115 manifestius
1412 5061 1694 5116 ediscere?
1738 5062 1953 5131 Aperite
1979 5078 2137 5119 aures

565 5130 760 5203 mentis
790 5140 995 5203 vestrae.
1021 5139 1075 5183 et
1100 5130 1510 5203 cogitationibus
1533 5133 1724 5185 vestris
1753 5130 2005 5201 suscipite
2028 5135 2137 5203 spi-

562 5200 772 5254 ritualia
793 5201 1026 5265 cantica,
1059 5201 1308 5268 perennia
1354 5201 1570 5259 ﬂuenta.
1614 5218 1675 5256 ex
1727 5200 2136 5259 immortalitatis

563 5270 709 5342 loute
735 5272 1020 5323 manantia.
1060 5270 1193 5342 Quid
1226 5270 1378 5338 dicis,
1426 5270 1726 5342 propheta?
1764 5272 1933 5338 Quem
1964 5274 2135 5330 Israe-

566 5341 670 5394 lem
715 5342 957 5395 inducis?
999 5341 1368 5407 carnalemne,
1402 5341 1466 5395 an
1500 5354 1728 5397 mentem
1758 5343 1922 5397 Deum
1951 5346 2135 5398 viden-

568 5412 718 5466 tem?
750 5413 1077 5480 pollutumne
1098 5484 1101 5485 ν
1120 5428 1214 5480 per
1244 5413 1422 5485 illicita
1450 5414 1704 5485 sacriﬁcia
1730 5455 1743 5472 .
1787 5431 1853 5468 au
1882 5430 2003 5469 eum
2045 5415 2134 5485 qui

566 5497 661 5549 per
688 5485 1056 5554 apostolorum
1076 5484 1367 5538 doctrinam
1395 5484 1639 5538 inductus
1668 5486 1791 5538 est?
1821 5500 2013 5541 eumne
2043 5484 2133 5554 qui

564 5564 661 5619 per
698 5554 1009 5620 sanguinem
1050 5553 1315 5608 hircorum
1346 5565 1399 5609 et
1441 5565 1709 5608 taurorum
1741 5558 2034 5619 sacriﬁcat,
2063 5553 2133 5610 an

564 5636 687 5674 eum
716 5623 806 5691 qui
838 5624 1113 5696 incruente
1141 5626 1403 5681 sacriﬁcat
1422 5668 1435 5689 ,
1466 5624 1637 5696 illum,
1666 5631 1751 5695 qui
1785 5627 1919 5680 tollit
1944 5643 2132 5696 pecca-

565 5698 676 5765 tum
708 5693 931 5748 mundi?
956 5710 1147 5749 eumne
1172 5697 1260 5765 qui
1292 5695 1622 5765 sculptilibus
1648 5693 1705 5749 ut
1734 5698 1841 5750 Deo
1870 5693 2134 5751 sacriﬁca-

568 5762 672 5835 vit,
702 5778 768 5835 an
796 5780 915 5817 eum
947 5766 1034 5832 qui
1065 5782 1129 5819 ex
1159 5762 1265 5820 aris
1305 5778 1358 5821 et
1396 5762 1691 5821 simulacris
1719 5778 1930 5835 ereptus
1950 5808 1964 5829 ,
1997 5777 2049 5820 et
2080 5767 2130 5819 in

563 5832 902 5904 adoptionem
930 5836 1254 5903 spiritualcm
1279 5848 1495 5893 vocatus
1525 5836 1643 5894 est?
1672 5832 1849 5894 Putaui
1878 5847 2020 5895 certe
2050 5847 2129 5891 est

2108 356 2305 415 SPURI
2313 359 2350 412 Α
2361 396 2376 412 .

3753 367 3861 426 518

2274 488 2469 553 novum
2497 483 2553 553 _et
2596 476 3069 553 pe_r_bsptlsmum_
3104 480 3425 548 peculiarem
3458 481 3655 537 factum
3683 499 3857 553 popu-

2273 543 2382 624 lum
2409 545 2509 599 dici
2531 587 2544 605 .
2577 543 2665 624 qui
2706 547 2759 601 in
2797 543 2935 618 aqua
2970 557 3032 624 _e_t
3060 543 3481 624 ignepurgatur.
3520 543 3729 609 Etenim
3758 543 3855 624 per

2270 613 2461 669 Isaiam
2504 617 2812 685 prophetam
2842 613 3122 675 manifeste
3150 613 3345 676 οιέιιιδῖ
3373 641 3387 677 :
3427 623 3735 679 Neomenias
3761 613 3854 679 'tie-

2271 696 2414 766 δινσε.
2426 695 2470 739 et
2492 686 2698 767 sabbata
2721 698 2767 740 et
2791 688 2922 741 diem
2949 706 3184 767 unignum
3210 708 3310 745 non
3335 696 3575 767 sustineo,
3596 697 3855 767 jejunium

2272 764 2319 835 et
2343 757 2499 835 otium
2520 768 2569 811 et
2592 758 2721 822 festa
2750 768 2910 835 castra
2933 757 3047 813 odit
3062 762 3231 814 anima
3248 779 3360 835 mea
3381 763 3533 830 (lsai.
3557 757 3614 820 ἐξ
3628 757 3713 821 1⁷5.
3738 767 3849 835 14).

2271 824 2835 905 Considerate_,_qu_od
2867 844 3060 885 novum
3103 824 3492 905 populumn‘per
3535 824 3849 905 prophetam

2270 906 2457 977 evocet
2499 896 2564 951 ad
2608 896 2818 977 jejunii
2844 915 3035 977 munus
3077 896 3475 972 exsequendum
3506 896 3655 960 {non
3703 908 3847 977 quod

2274 915 2457 950 evocet
2499 915 2564 951 aa
2608 915 2663 966 je
2688 915 2797 952 umt
2844 915 3035 954 munus
3077 915 3518 972 exsequendum:
3551 922 3655 960 non
3703 915 3843 977 quod

2274 965 2417 1036 Deus
2444 980 2627 1021 eorum
2653 915 2935 1036 jejunium,
2978 972 3421 1035 obsecrationem,
3456 978 3764 1031 neomenias
3787 989 3843 1033 et

2271 1035 2767 1114 sabbata_respuat,
2807 1040 2900 1114 sed
2943 1041 3084 1114 quod
3119 1038 3230 1114 illis
3266 1045 3335 1098 sit
3371 1045 3578 1114 plenus.
3606 1048 3687 1102 Illi
3719 1064 3848 1103 vero

2271 1119 2368 1173 per
2396 1105 2621 1183 profana
2648 1124 2815 1183 opera
2848 1105 3012 1166 Deum
3040 1105 3443 1183 dereliqueru'nt
3465 1117 3506 1182 ί,
3534 1126 3589 1172 et
3617 1119 3844 1173 electum

2268 1178 2661 1258 populum,_qui
2686 1178 2970 1258 adventum
2999 1178 3254 1258 unigeniti
3285 1184 3406 1239 Filii
3446 1178 3561 1258 ejus
3592 1204 3842 1258 praznun-

2268 1246 3049 1327 tiabat_,_iniqueoeciderunt;
3080 1246 3251 1327 aiium
3269 1270 3412 1319 serra
3445 1246 3615 1327 lignea
3637 1300 3651 1324 ,
3681 1260 3841 1313 alium

2266 1316 2320 1395 iu
2350 1314 2450 1395 luti
2476 1314 2647 1372 lacum
2663 1316 2981 1395 deductum.
3009 1322 3075 1377 Et
3100 1339 3197 1378 cur
3221 1324 3287 1378 de
3320 1314 3590 1395 proph‘ens
3616 1314 3845 1394 loquor?

2267 1386 2370 1455 Ipsi
2403 1403 2631 1463 namque
2647 1391 2939 1463 Dominum
2979 1410 3133 1447 suum
3171 1386 3333 1463 quasi
3367 1386 3517 1451 reum
3559 1386 3841 1463 crucilixe-

2265 1465 2409 1534 run_t_
2429 1467 2485 1512 et
2511 1460 2819 1534 occiderunt
2864 1462 3102 1534 dicentes
3132 1478 3147 1518 :
3182 1460 3284 1518 Hic
3326 1476 3398 1520 est
3441 1467 3581 1523 heres
3611 1485 3630 1522 :
3659 1460 3838 1534 venite,

2264 1528 2556 1610 occiduntus
2579 1546 2693 1584 eum
2723 1532 2944 1610 (lauit.
2972 1533 3063 1588 2|.
3177 1536 3219 1604 ).
3251 1535 3439 1610 Vides
3450 1554 3557 1610 quo
3583 1549 3740 1610 pacto
3777 1528 3841 1597 se

2264 1611 2361 1678 per
2406 1599 2615 1678 indigna
2662 1599 2819 1678 opera
2864 1599 3379 1678 alienosul‘ecerint?
3413 1599 3536 1678 Non
3582 1599 3839 1666 Dominus

2263 1670 2440 1743 itaque
2481 1670 2599 1724 illos
2639 1674 2864 1743 repulit;
2910 1674 3002 1728 sed
3049 1675 3121 1728 illi
3164 1692 3223 1729 se
3260 1694 3287 1727 a
3318 1677 3580 1743 majorum
3620 1694 3837 1736 suorum

2262 1736 2453 1792 ﬁducia
2481 1736 2763 1797 extraneos
2805 1742 3071 1800 fecerunt.
3097 1745 3223 1801 Haec
3262 1746 3354 1801 lilii
3401 1736 3561 1804 israel
3599 1752 3836 1806 meditati

2262 1817 2386 1886 sunt
2418 1826 2431 1861 :
2454 1810 2540 1886 _sic
2566 1812 2769 1886 electus
2798 1813 3003 1886 Domini
3033 1818 3257 1886 populus
3282 1818 3518 1883 fremuit,
3544 1820 3835 1876 secundmn

2261 1878 2421 1961 verba
2454 1880 2879 1961 DavidisCltristi
2908 1878 3070 1961 patris
3098 1878 3121 1939 Ξ
3141 1878 3642 1961 Quarejremneruut
3667 1903 3837 1961 gentes

2260 1958 2308 2026 ﬁt
2338 1951 2515 2026 pepuli
2542 1953 2767 2026 meditati
2790 1951 3233 2023 sunt'inania,etc.
3265 1951 3436 2023 (Ρωι.
3464 1959 3516 2013 2.
3543 1960 3596 2026 l)
3622 1962 3645 2013 ?
3667 1951 3835 2017 Vide-

2260 2018 2349 2099 tis.
2382 2020 2588 2100 ﬁdeles,
2611 2022 2793 2092 jejunii
2822 2026 3043 2094 gratiam
3064 2018 3447 2100 [respicitisne
3474 2018 3687 2098 praemia
3714 2049 3834 2100 qute

2259 2092 2431 2166 ipsum
2476 2092 2626 2146 lit-ma
2654 2092 3521 2166 menteservatttibusprocurat"!
3558 2117 3625 2155 an
3655 2092 3821 2157 cousi-

2258 2159 2456 2239 deratis
2478 2177 2640 2239 quant
2666 2164 2796 2231 dura
2823 2176 2877 2239 et
2895 2182 3082 2235 aspera
3114 2159 3283 2237 pariat
3309 2170 3391 2233 iis,
3420 2173 3508 2239 qui
3538 2171 3711 2239 ipsum
3739 2172 3834 2227 de-

2260 2231 2533 2311 spiciunt?
2559 2232 2787 2311 Franiea
2804 2231 3072 2311 destrueta
3094 2231 3453 2311 assensu;
3478 2231 3657 2297 limine
3680 2244 3829 2311 regni

2259 2300 2396 2366 Dei,
2428 2317 2494 2356 ac
2523 2306 2961 2381 perterrefaciens
3002 2323 3098 2381 eos
3130 2300 3219 2378 qui
3247 2310 3374 2366 illud
3416 2326 3537 2365 cum
3579 2300 3830 2381 aequitate

2256 2380 2310 2453 et
2349 2374 2756 2453 mansuetudine
2794 2392 2900 2453 non
2940 2374 3237 2448 recipiunt;
3284 2396 3597 2453 rursumque
3625 2374 3830 2453 placide

2256 2448 2401 2521 terga
2430 2444 2591 2499 vertit
2632 2446 2694 2498 iis
2732 2447 2980 2521 quicum
3016 2444 3143 2518 pura
3181 2444 3704 2521 censeientia'ipst'tm
3730 2454 3828 2508 ad-

2246 2513 2501 2591 mittunt,
2532 2524 2691 2591 atque
2719 2513 2785 2573 ad
2812 2518 2970 2577 vitam
2996 2513 3287 2591 perennem
3308 2563 3322 2587 ,
3354 2513 3587 2576 laetitiam
3615 2539 3823 2591 puram,

2254 2584 2574 2651 voluptatem
2602 2586 2788 2642 dolore
2816 2584 3083 2643 caretttem
3112 2584 3344 2655 deducit,
3377 2600 3432 2645 et
3458 2584 3655 2646 inﬁnita
3686 2584 3825 2649 bona

2252 2655 2573 2731 suppeditat.
2608 2658 2685 2710 Ac
2712 2658 2755 2731 si
2785 2658 2864 2711 vis
2894 2670 2950 2711 ut
2978 2675 3045 2713 ex
3077 2662 3255 2714 multis
3297 2676 3460 2729 pauca
3488 2662 3821 2731 colligamus,

2251 2724 2371 2803 qt_ii_s_
2395 2724 2655 2803 jejunium
2695 2727 2983 2803 observans
3019 2724 3362 2803 sarcularibus
3403 2724 3649 2803 umquam
3680 2724 3825 2789 curis

2251 2795 2491 2869 addictus
2520 2794 2817 2869 fuit?7quis
2862 2799 3028 2868 ipsum
3059 2802 3368 2869 complexus
3395 2794 3524 2856 non'
3538 2813 3684 2858 recte
3711 2805 3825 2859 vias

2252 2863 2476 2941 Domini
2509 2863 2750 2936 peregit?
2793 2863 2917 2937 quis
2956 2870 3130 2941 ipsum
3178 2863 3481 2929 custodiens
3527 2888 3635 2927 non
3678 2884 3825 2930 recte

2252 2936 2638 3012 navigationem
2671 2936 2932 3012 terrenam
2957 2936 3357 3012 emensusest?
3397 2942 3517 3012 quis
3559 2944 3686 2998 illud
3726 2959 3823 2999 co.

2248 3004 2364 3059 lens
2396 3007 2649 3074 pupillum
2675 3018 2767 3061 aut
2796 3009 3005 3064 viduam
3049 3010 3229 3065 lauit?
3259 3015 3380 3081 quis
3409 3004 3580 3123 ipsum
3623 3014 3824 3069 docens

2248 3076 2569 3123 Vtilttntatem
2597 3080 2737 3123 aeris
2776 3095 2880 3123 nnn
2914 3082 3196 3123 lmnnnilln
3239 3084 3396 3123 cnhiil
3485 3085 3605 3123 mnia
3649 3086 3819 3123 incum

2248 3076 2569 3155 voluptatem
2597 3080 2898 3155 aeris_non_
2909 3082 3197 3155 tranquille
3239 3076 3442 3137 subiit?
3485 3085 3605 3153 quis
3649 3086 3821 3155 ipsum

2247 3147 2522 3222 amplexus
2566 3162 2672 3202 non
2712 3149 3005 3205 visionibus
3049 3147 3105 3207 et
3147 3147 3683 3222 contemplationibus
3716 3154 3820 3208 Do-

2247 3216 2374 3269 mini
2401 3216 2645 3292 dignatus
2673 3222 2791 3292 est?
2820 3222 2938 3291 quis
2961 3222 3077 3289 ejus
3100 3223 3239 3277 dulci
3269 3216 3443 3279 Iruetu
3475 3226 3710 3292 gaudens
3734 3226 3821 3280 die

2246 3299 2311 3358 ac
2348 3297 2504 3358 nocte
2534 3288 2705 3358 legem
2735 3288 2942 3345 Domini
2980 3288 3221 3347 meditari
3250 3288 3523 3349 cessavit?
3551 3295 3820 3351 Videtisne

2246 3355 2363 3423 ejus
2404 3355 2696 3431 ﬁduciam?
2738 3359 2928 3431 videtis
2975 3362 3231 3418 honorem
3276 3380 3383 3431 quo
3422 3365 3822 3420 circumdatur?

2244 3429 2517 3504 quomodo
2544 3445 2573 3481 a
2606 3430 2785 3504 mundi
2815 3432 3038 3486 exordio
3068 3435 3166 3501 piis
3191 3429 3532 3489 dominetur?
3556 3437 3823 3504 quomodo

2245 3500 2550 3553 mensuram
2579 3500 2695 3567 ejus
2733 3516 2763 3553 a
2802 3500 3182 3559 constitutione
3225 3506 3407 3558 mundi
3451 3500 3819 3560 servaverint?

2242 3568 2518 3646 quomodo
2526 3570 2607 3646 sui
2623 3571 2855 3646 cultores
2880 3572 3068 3646 gloria,
3100 3583 3497 3645 contemptores
3519 3592 3646 3630 vero
3674 3577 3822 3646 igno—

2244 3638 2404 3692 minia
2432 3638 2672 3717 alliciat?
2696 3638 3151 3717 Quemadmodum
3177 3638 3334 3714 supra
3360 3646 3556 3701 dictum
3584 3638 3822 3717 estfpri-

2243 3722 2387 3764 mum
2431 3709 2737 3783 hominem,
2785 3713 2926 3782 quod
2968 3709 3387 3783 jejunium-non
3433 3709 3733 3782 servasset;
3768 3719 3820 3771 in

2242 3779 2497 3855 aerumnis
2538 3789 2594 3834 et
2641 3782 2693 3855 in
2738 3779 2982 3837 extrema
3023 3779 3413 3855 'mendicitate,
3468 3797 3523 3842 et
3570 3779 3749 3855 procul
3790 3803 3821 3841 a

2245 3850 2489 3927 paradiso
2518 3854 2869 3907 constitutum
2900 3854 2971 3907 ob
2999 3854 3115 3924 ejus
3141 3850 3504 3926 contemptum
3532 3850 3696 3912 fuisse
3724 3873 3822 3911 no-

2242 3933 2434 3973 Villius.

2311 3990 2682 4065 2.‘Audiamus
2699 3992 2857 4065 igitur
2871 4010 2899 4047 a
2922 3994 3180 4065 principio
3198 3997 3472 4051 historiam
3495 3997 3634 4050 illam
3657 4010 3817 4065 quam

2245 4059 2336 4136 Dei
2372 4062 2638 4136 inspector
2666 4059 2875 4136 Moyses
2905 4059 3561 4136 futuris-generationibus
3598 4059 3817 4121 enarra-

2240 4135 2359 4205 vit_,_
2380 4133 2487 4183 imo
2517 4134 2691 4205 potius
2717 4133 2912 4205 Moysis
2944 4133 3230 4202 Dominus,
3264 4149 3319 4192 ut
3348 4137 3603 4204 benignus
3635 4147 3814 4205 pater,

2241 4201 2396 4255 nobis
2414 4203 2693 4275 .revelavit.
2724 4201 3049 4260 At'animum
3072 4247 3086 4272 ,
3113 4223 3296 4275 qumso
3313 4249 3327 4269 .
3353 4201 3505 4262 dictis
3530 4201 3776 4262 adhibete
3799 4201 3817 4262 ξ

2240 4287 2361 4348 nam
2401 4273 2582 4348 paucis
2624 4275 2746 4328 volo
2789 4290 2898 4329 rem
2948 4273 3280 4345 persolvere.
3320 4277 3383 4331 lu
3427 4278 3673 4348 principio
3702 4280 3823 4347 fecit

2239 4341 2377 4395 Deus
2400 4344 2579 4397 cretum
2603 4354 2649 4397 et
2672 4355 2855 4397 terram
2880 4361 2898 4399 :
2924 4341 3057 4400 terra
3082 4360 3249 4402 autem
3270 4358 3376 4403 erat
3402 4341 3657 4401 invisibilis
3679 4341 3722 4401 εὶ
3743 4351 3819 4402 ἰη-

2240 4416 2518 4487 composita
2540 4457 2556 4479 ,
2587 4424 2635 4467 et
2674 4417 2888 4470 tenebrae
2913 4433 3070 4485 supra
3095 4418 3333 4487 abyssum
3354 4434 3374 4471 :
3402 4429 3446 4471 et
3488 4420 3695 4485 spiritus
3728 4418 3824 4473 Dei

2241 4486 2491 4560 ferebatur
2513 4501 2666 4555 super
2687 4502 2891 4560 aquam.
2920 4487 3136 4560 Etndia‘it
3161 4486 3338 4560 Deus:
3360 4488 3478 4540 Fiat
3500 4489 3632 4560 iam;
3659 4500 3724 4560 _et_
3741 4492 3823 4560 fa-

2239 4564 2321 4630 cta
2346 4565 2433 4630 est
2449 4558 2646 4630 iunget
2671 4555 2792 4630 vidit
2819 4555 2961 4630 prus
2986 4558 3166 4624 lucem,
3185 4558 3319 4629 quod
3338 4568 3461 4612 esset
3491 4558 3619 4630 bona
3646 4555 3815 4630 (Gen.

2242 4628 2293 4679 l.
2343 4628 2497 4696 1-4).
2532 4626 2750 4692 Vidisti,
2797 4629 3021 4692 dilecte,
3052 4626 3208 4696 quam
3236 4630 3432 4682 claram
3464 4629 3619 4684 nobis
3647 4626 3822 4697 expli-

2238 4699 2501 4753 cationem
2553 4697 2823 4766 Scriptum
2876 4699 3146 4767 praebeat?
3201 4698 3265 4752 Et
3311 4700 3432 4752 vidit
3470 4699 3644 4764 Deus,
3686 4700 3825 4769 quod

2239 4779 2364 4821 esset
2395 4770 2544 4821 bona.
2576 4769 2873 4838 Antequam
2901 4772 3042 4822 enim
3074 4772 3159 4822 lux
3190 4770 3395 4823 veniret
3432 4770 3484 4824 in
3527 4770 3820 4834 mundum,

2240 4850 2481 4891 naturam
2498 4839 2613 4907 ejus
2630 4839 2821 4892 bonam
2838 4854 2955 4894 esse
2968 4849 3186 4895 noverat
3201 4859 3215 4904 ;
3232 4841 3324 4895 sed
3341 4843 3439 4894 hoc
3464 4840 3666 4898 dicitut
3683 4857 3825 4895 men-

2241 4918 2346 4962 tem
2379 4921 2612 4979 nostram
2642 4911 2873 4979 concitet
2898 4910 2964 4963 ad
3007 4911 3292 4979 potentiam
3340 4910 3643 4966 Conditoris
3689 4928 3824 4965 con-

2241 4978 2619 5046 templandam.
2650 4978 2763 5032 Nisi
2789 4981 2930 5033 enim
2956 4978 3093 5035 bona
3123 4992 3299 5044 esset,
3327 4998 3433 5036 non
3460 4983 3602 5035 illam
3633 4983 3823 5037 condi-

2240 5048 2407 5120 disset
2428 5088 2442 5110 ,
2470 5064 2644 5118 neque
2674 5051 2923 5120 tenebras
2946 5052 3013 5104 ab
3041 5053 3127 5106 illa
3172 5061 3473 5120 separasset
3498 5071 3511 5105 :
3546 5052 3646 5106 nisi
3673 5069 3823 5106 ama-

2240 5119 2362 5173 bilis
2390 5129 2531 5173 esset
2551 5160 2565 5181 ,
2596 5135 2703 5173 non
2734 5119 2878 5173 illaut
2911 5122 3081 5176 lucent
3126 5119 3404 5187 vocasset,
3450 5138 3549 5178 nec
3576 5126 3825 5178 tenebras

2241 5198 2487 5262 noctem,
2522 5199 2577 5243 ut
2623 5192 2674 5243 itt
2718 5190 2919 5245 lumine
2961 5192 3078 5261 ejus
3120 5208 3335 5262 semper
3377 5194 3741 5258 ambulemus,
3773 5202 3826 5246 et

2240 5260 2412 5313 studia
2439 5275 2708 5329 operaque
2748 5262 2862 5329 ejus
2904 5260 3255 5317 meditemur.‘
3271 5264 3487 5318 Poterat
3513 5267 3653 5318 enim
3690 5266 3826 5316 lteus

2240 5346 2346 5403 uno
2374 5330 2577 5403 verbo,
2614 5331 2840 5403 simplici
2869 5341 2998 5385 nutu
3017 5374 3031 5395 ,
3061 5345 3114 5387 et
3142 5334 3193 5387 in
3228 5335 3331 5388 ictu
3359 5336 3497 5388 oeuli
3517 5376 3530 5397 ,
3563 5334 3705 5403 quod
3732 5348 3827 5386 sex

2239 5400 2428 5453 diebus
2480 5401 2599 5470 fecit
2659 5402 2969 5468 producere.
3019 5405 3088 5455 At
3138 5403 3311 5458 locum
3357 5420 3461 5457 nou
3510 5400 3657 5460 dedit
3710 5412 3826 5470 post

2239 5470 2429 5543 futuris
2485 5469 2822 5543 hominibus,
2880 5472 3081 5525 Graecis
3136 5488 3333 5542 nempe
3383 5484 3438 5527 et
3494 5475 3558 5527 iis
3612 5476 3820 5543 sapien-

2240 5541 2412 5602 tibus,
2454 5541 2539 5605 qui
2595 5546 2643 5591 itt
2698 5543 2956 5608 sapientia
3012 5556 3106 5594 sua
3161 5541 3305 5596 stulti
3358 5543 3479 5597 lacti
3526 5541 3695 5599 sunt}
3750 5545 3819 5596 le-

2238 5626 2356 5681 gem
2388 5624 2618 5677 namque
2666 5610 2780 5677 ejus
2820 5626 2922 5664 non
2951 5611 3341 5678 observarunt;
3370 5616 3713 5682 quamobrem
3744 5629 3827 5667 sa-

2307 5784 2337 5850 '_
2353 5782 2413 5850 _Itt
2437 5778 2577 5828 Savll.
2602 5782 2672 5850 sic
2694 5781 2893 5850 legitur,
2915 5783 3003 5833 sed
3026 5784 3149 5843 quod
3187 5780 3262 5835 illi
3282 5780 3461 5842 σεμέιὶ
3482 5783 3713 5846 operibus
3734 5790 3845 5843 suis

2237 5842 2385 5897 malis
2409 5852 2557 5893 Deum
2581 5840 2962 5907 tte-reliquerunt.
