4126 6326
322 363 427 418 529

319 480 517 550 pientia
548 493 732 531 corum
768 476 1069 550 insipientia
1110 477 1576 550 deprehensagest.
1606 479 1735 541 Quae
1751 478 1905 550 enim

322 545 417 605 Sex
464 549 652 603 diebus
700 545 886 602 creata
924 545 1316 615 fuerant,'nou
1372 547 1681 602 dubitarunt
1727 548 1761 601 ii
1815 545 1905 616 qui

322 620 527 676 fabulas
573 620 639 672 de
676 619 889 672 conditu
935 619 1115 672 mundi
1157 619 1443 673 commenti
1472 628 1616 684 sunt,
1662 633 1723 671 ea
1764 618 1908 672 dice—

322 706 384 746 re
406 707 471 744 ex
493 704 552 744 se
577 697 632 743 et
652 697 841 758 Sponte
864 704 959 743 sua
989 691 1121 743 facta
1145 704 1283 753 esse,
1308 689 1498 743 caelum
1543 704 1735 759 nempe
1754 730 1768 753 ,
1798 696 1908 742 ter-

321 777 458 821 ram,
479 761 669 825 solem,
701 760 876 813 lunam
897 760 1138 813 etomuia
1160 775 1277 828 quze
1294 760 1393 814 sub
1403 770 1673 828 aspectum
1687 760 1903 813 cadunt.

323 832 380 887 Si
435 846 540 885 una
591 830 718 885 hora
758 830 1016 901 sapientia
1063 829 1155 884 Dei
1189 830 1302 884 haec
1350 830 1579 894 fecisset,
1611 846 1767 901 quem
1799 846 1906 885 non

326 901 672 969 impudentia:
718 900 995 967 obtentum
1031 915 1301 969 opponere
1346 900 1678 969 potuissent?
1708 902 1905 956 Verum

324 974 462 1041 ipse,
488 980 668 1040 utpote
688 972 775 1039 qui
807 971 921 1041 hate
949 970 1242 1037 pra'sciret,
1278 971 1484 1039 iniquas
1508 984 1905 1039 venenatasque

324 1040 511 1097 eorum
539 1042 741 1111 liuguas
772 1040 1058 1106 prohibuit,
1089 1056 1208 1111 QIliB
1240 1051 1422 1095 contra
1451 1041 1709 1108 Opificem
1732 1043 1906 1111 erige-

326 1114 542 1176 bantur,
567 1110 940 1165 etcreaturam
984 1126 1082 1180 pro
1129 1110 1380 1165 Creatore
1414 1112 1679 1166 colebant.
1705 1110 1902 1168 Verum

326 1184 394 1238 ad
451 1184 781 1251 pr0positum
835 1192 1182 1245 revertamur,
1240 1183 1541 1249 seriemque
1589 1183 1907 1237 narrationis

326 1254 549 1308 ulterius
584 1255 957 1322 producamus.
991 1269 1011 1302 (
1040 1252 1180 1306 Dixit
1206 1252 1364 1318 Deus,
1393 1253 1511 1307 Fiat
1536 1254 1646 1317 lux,
1677 1262 1732 1308 et
1770 1253 1907 1308 facta

325 1333 411 1378 est
430 1324 521 1376 lux
552 1340 565 1376 :
592 1331 646 1376 et
671 1324 881 1375 vocavit
901 1322 1041 1376 Deus
1070 1323 1239 1377 lucem
1266 1322 1428 1387 diem,
1451 1333 1507 1378 et
1532 1324 1777 1379 tenebras
1806 1339 1904 1378 no-

326 1404 468 1448 ctem
498 1410 511 1446 :
542 1403 595 1447 et
625 1391 758 1445 facta
789 1402 872 1445 est
916 1407 1157 1460 vespera,
1188 1403 1241 1446 et
1265 1394 1454 1448 factum
1487 1403 1569 1448 est
1589 1410 1765 1457 mane,
1792 1395 1907 1449 dies

328 1480 453 1518 una.
515 1462 579 1517 Et
633 1463 767 1517 dixit
813 1463 988 1515 Deus:
1025 1462 1139 1516 Fiat
1186 1466 1573 1519 firmamentum
1624 1466 1676 1518 in
1732 1466 1908 1519 tuctlio

328 1542 583 1605 aquae,et
609 1535 683 1605 sit
702 1533 943 1586 dividens
974 1535 1113 1587 inter
1145 1549 1337 1605 aquam
1365 1542 1420 1588 et
1455 1551 1665 1605 aquam.
1720 1536 1784 1590 Et
1811 1553 1903 1588 vo-

328 1612 469 1678 cavit
493 1604 637 1678 Deus
660 1604 1057 1678 firmamentum
1069 1604 1260 1678 carlum
1298 1624 1316 1656 ι
1367 1604 1520 1673 (Gen.
1554 1610 1605 1660 1.
1631 1606 1773 1678 5-7).
1822 1607 1909 1678 Vi:

329 1675 506 1729 distiu‘
526 1690 658 1743 opus
684 1674 825 1743 quod
870 1674 1174 1746 mortalium
1220 1685 1427 1746 mentes
1481 1674 1905 1746 pcrcellit,quod

328 1746 531 1815 absque
565 1745 846 1808 columnis,
878 1745 1075 1813 absque
1098 1745 1333 1799 vectibus
1366 1746 1465 1801 hoc
1490 1747 1758 1814 opificium
1781 1745 1908 1802 con-

329 1817 514 1870 stituat
541 1830 703 1884 usque
734 1816 797 1867 ad
828 1816 1338 1869 consummationem
1367 1818 1583 1871 saeculi?
1609 1818 1777 1882 Quam
1805 1820 1907 1872 mi-

332 1886 519 1940 rabilia
549 1895 858 1957 sunt‘o'pera
884 1885 1112 1957 Domini,
1141 1894 1194 1939 et
1219 1887 1337 1957 quis
1376 1889 1540 1955 possit
1593 1888 1908 1957 investigare

332 1958 459 2010 illa?
491 1974 509 2005 ‹
535 1957 601 2010 Ει
620 1955 748 2008 vidit
775 1956 932 2018 Deus,
959 1955 1098 2022 quod
1126 1956 1497 2011 essetbonum.
1532 1959 1592 2012 Et
1612 1955 1804 2012 factum
1827 1971 1909 2013 est

333 2042 557 2094 vespera
583 2069 598 2090 ,
622 2035 673 2079 et
701 2026 890 2079 factum
914 2037 995 2080 est
1024 2041 1180 2079 mane
1200 2068 1213 2087 ,
1237 2026 1351 2080 dies
1376 2029 1659 2082 secundus.
1688 2030 1751 2082 Et
1776 2029 1909 2084 dixit

334 2098 478 2168 Deus
501 2112 514 2149 :
547 2098 907 2165 Congrcgetur
927 2111 1059 2163 aqua
1087 2113 1204 2164 quae
1234 2096 1331 2168 sub
1350 2098 1483 2152 caelo
1513 2108 1595 2153 cst
1618 2100 1667 2152 iu
1685 2115 1909 2168 congre-

330 2166 600 2237 gationem
626 2182 806 2240 unam,
830 2175 889 2240 et
901 2175 1164 2240 appareat
1189 2166 1333 2220 arida
1361 2186 1373 2219 :
1403 2178 1456 2222 et
1483 2166 1811 2240 congregata
1828 2180 1910 2225 est

332 2236 468 2307 aqua
513 2253 631 2305 quae
670 2236 772 2307 sub
799 2236 942 2290 cmlis
991 2247 1074 2289 est
1116 2239 1165 2289 in
1196 2240 1638 2307 congregationes
1685 2236 1826 2304 suas,
1855 2251 1911 2294 et

332 2305 575 2375 apparuit
605 2305 750 2360 arida
782 2323 793 2358 :
834 2314 888 2359 et
913 2308 1120 2360 vocavit
1169 2307 1308 2361 Deus
1352 2305 1574 2372 aridam,
1609 2319 1828 2373 terram,
1856 2320 1912 2365 et

334 2378 774 2447 congregationcs
796 2392 1047 2447 aquarum
1071 2379 1279 2432 vocavit
1294 2380 1475 2433 maria.
1494 2379 1561 2434 Et
1580 2379 1711 2434 dixit
1733 2380 1905 2435 Deus:

335 2446 614 2502 Gertniuet
647 2456 783 2501 terra
813 2446 1031 2501 herbam
1062 2447 1210 2511 freni,
1234 2451 1585 2504 seminantem
1611 2466 1791 2505 semen
1823 2468 1909 2504 se-

333 2519 568 2588 cundum
598 2532 763 2588 genus
784 2528 837 2571 et
866 2518 1157 2588 secundum
1183 2519 1604 2584 similitudinem,
1630 2532 1683 2574 et
1709 2521 1907 2588 lignum

333 2587 667 2661 fructiferum
710 2587 905 2661 faciens
950 2587 1180 2661 fructum
1213 2608 1233 2641 ι
1288 2588 1437 2661 (Gen.
1471 2591 1523 2644 1.
1554 2590 1711 2658 8-11)
1740 2587 1911 2647 .Hazc

332 2660 500 2713 verbo
526 2658 760 2725 jubentis
780 2664 957 2711 statim
986 2658 1217 2712 exhibita
1248 2658 1405 2722 sunt,
1437 2661 1553 2715 sine
1580 2662 1732 2716 obice
1751 2702 1766 2727 ,
1795 2666 1911 2717 sine

333 2728 829 2812 illipedllll-elltfh‘Et
859 2733 1087 2812 [ραις-ιρι
1106 2740 1403 2812 ιεςρῃενειἎει
1428 2734 1620 2812 factum
1646 2742 1717 2786 est
1742 2749 1908 2797 mone,

334 2797 441 2853 dies
472 2800 646 2852 tertius
695 2797 930 2870 (Geml.
966 2800 1088 2870 15).
1116 2797 1299 2853 Viden’
1325 2797 1654 2867 Scripturam
1672 2812 1908 2856 nostrain

334 2870 545 2940 aperire
572 2883 825 2941 hiemem
867 2870 931 2923 ad
969 2869 1320 2939 perfectiora?
1355 2871 1582 2927 Ubinam
1612 2882 1734 2927 sunt
1760 2872 1794 2926 ii
1823 2874 1912 2941 qui

262 2944 265 2947 ’
333 2941 539 3005 dicunt,
571 2939 665 2992 llic
694 2942 896 2994 fructus
938 2956 1173 3001 amarus,
1207 2941 1320 2995 lucc
1368 2942 1531 2996 herba
1568 2944 1788 2997 exitium
1818 2939 1912 3009 pa-

333 3012 426 3075 rit,
452 3010 565 3064 haac
605 3011 721 3064 avis
747 3011 1021 3065 carnivora
1056 3010 1181 3080 quid
1211 3013 1362 3066 nobis
1397 3013 1519 3067 boni
1572 3014 1764 3067 affert?
1794 3015 1913 3070 Alia

334 3082 573 3135 clamans
623 3092 848 3135 mortem
896 3084 1286 3147 comminatur;
1314 3083 1414 3136 alia
1442 3082 1739 3136 vociferans
1780 3082 1906 3147 hye-

332 3167 480 3205 mem
505 3153 793 3221 significat;
825 3152 928 3206 alia
956 3153 1139 3205 volans
1160 3152 1514 3205 calamitatem
1543 3154 1761 3208 inducit.
1782 3152 1915 3210 Mul-

333 3232 422 3275 tos
457 3223 598 3276 enim
628 3223 801 3276 audivi
830 3222 952 3276 talia
981 3233 1260 3276 causantes
1289 3232 1341 3275 et
1366 3221 1687 3277 effutientes.
1720 3226 1909 3278 Annon

332 3292 463 3362 illud
494 3302 575 3347 est
601 3291 741 3361 apud
788 3292 1118 3347 Christianos
1167 3306 1362 3361 pravus
1410 3294 1700 3362 Scriptura:
1749 3296 1913 3350 usus?

334 3361 549 3417 Etenim
591 3380 709 3433 quae
746 3363 883 3421 Deus
911 3380 1030 3418 cum
1063 3362 1225 3427 vidit,
1269 3364 1403 3415 bona
1443 3361 1562 3417 esse
1583 3364 1735 3429 dixit,
1765 3375 1819 3418 tu
1847 3381 1915 3419 ne

333 3434 657 3488 contumelia
680 3433 900 3489 afficias.
929 3453 948 3485 ‹
978 3433 1047 3487 Et
1083 3433 1216 3486 dixit
1245 3434 1384 3487 Deus
1408 3452 1420 3487 :
1447 3433 1602 3487 Fiant
1633 3433 1912 3489 luminaria

334 3504 388 3557 in
421 3504 753 3558 firmamento
769 3504 883 3557 caeli
914 3505 966 3559 in
989 3504 1430 3558 illuminationem
1450 3503 1645 3569 diei,et
1673 3506 1722 3559 in
1744 3504 1912 3559 facem

334 3578 528 3630 noctis.
571 3576 636 3628 Et
663 3574 786 3628 fecit
819 3575 956 3628 Deus
979 3574 1236 3628 luminare
1261 3590 1508 3643 magnum
1531 3593 1576 3639 ι,
1606 3590 1798 3644 nempe
1826 3591 1914 3628 so-

332 3644 463 3710 lem,
493 3663 511 3694 ‹
532 3646 597 3699 ad
628 3646 957 3699 dominatum
982 3645 1107 3709 diei,
1141 3654 1195 3698 et
1235 3644 1496 3699 luminare
1520 3646 1694 3699 minus
1719 3646 1782 3698 ad
1814 3647 1912 3699 do-

333 3715 589 3769 minatum
623 3716 811 3781 noctis,
844 3724 897 3769 et
922 3717 1121 3769 stellas.
1153 3715 1216 3769 Et
1241 3716 1343 3785 sint
1366 3716 1417 3769 in
1444 3717 1590 3785 signa
1620 3724 1672 3769 et
1701 3716 1752 3769 in
1778 3726 1914 3770 tem-

335 3801 489 3854 pora.
523 3796 576 3839 et
602 3788 651 3839 iu
675 3787 788 3841 dies
818 3796 871 3840 et
900 3787 952 3840 in
992 3800 1161 3856 annos
1190 3804 1207 3837 ι
1238 3783 1390 3856 (Gen.
1430 3783 1727 3854 1514-16).
1776 3787 1912 3852 Quid

335 3857 484 3938 prius
510 3857 822 3911 mirabimur
852 3855 1280 3938 noskhoinines?
1335 3857 1534 3938 solisne
1578 3857 1911 3938 altitudinem

333 3927 672 3989 immensam,
698 3943 764 3981 an
796 3927 1235 3996 magnitudinem,
1264 3942 1330 3980 an
1362 3927 1796 3981 vehementiam?
1827 3930 1910 3981 lu-

333 4012 523 4051 cemne
544 3999 657 4067 ejus
681 3999 796 4052 sine
823 3998 1050 4051 termino
1076 4007 1374 4063 extensam,
1398 4012 1465 4051 an
1487 4007 1677 4051 aestum
1694 3999 1910 4066 insupe-

332 4068 557 4123 rabilem
580 4075 601 4128 2
622 4068 899 4134 Quomodo
928 4082 991 4121 ex
1017 4083 1118 4120 una
1141 4068 1355 4121 lucerna
1382 4075 1437 4121 et
1457 4084 1523 4122 ex
1543 4084 1647 4122 una
1672 4068 1910 4125 substan-

334 4139 407 4191 tia
434 4139 547 4193 hazc
572 4139 748 4191 omnia
770 4137 1046 4205 splendida
1072 4137 1233 4201 fiunt;
1265 4138 1391 4191 dum
1413 4138 1525 4205 ipse
1546 4153 1758 4191 cursum
1783 4153 1913 4192 cou-

334 4207 714 4273 ﬁcit,tantum,
763 4218 820 4262 ut
855 4217 1087 4262 mentem
1142 4222 1357 4261 omnem
1406 4207 1822 4277 obstupefaciat;
1857 4219 1914 4264 ut

332 4295 442 4333 uno
471 4280 557 4333 die
580 4280 648 4333 ab
673 4290 793 4334 ortu
816 4278 881 4332 ad
921 4293 1168 4334 occasum
1209 4279 1523 4348 perveniens
1542 4320 1557 4343 ,
1586 4279 1788 4332 nullum
1822 4295 1911 4334 re-

334 4350 537 4418 linquat
561 4351 756 4413 locum,
791 4350 879 4419 qui
906 4365 965 4403 se
994 4349 1287 4402 abscondat
1312 4350 1536 4407 acalore
1567 4350 1767 4417 ipsius?
1789 4349 1913 4402 Ubi-

335 4436 459 4473 nam
487 4430 611 4474 suut
640 4421 815 4474 Persa:
841 4421 928 4488 qui
951 4421 1134 4473 colunt
1152 4420 1299 4472 illum
1319 4419 1561 4489 utdeum
1581 4460 1595 4479 ,
1631 4428 1685 4472 et
1710 4419 1911 4489 Opifice

336 4491 553 4560 relicto,
603 4492 813 4560 opificio
859 4487 973 4557 ejus
1024 4490 1281 4542 honorem
1311 4487 1597 4543 deferunt?
1622 4487 1809 4543 Nonne
1831 4491 1910 4545 sol

333 4559 450 4627 ipse
473 4559 757 4629 perennem
778 4561 1253 4630 quotidianumque
1273 4573 1486 4614 cursum
1518 4574 1671 4612 suum
1697 4561 1912 4614 conficit

334 4645 455 4683 cum
486 4633 673 4685 timore
716 4640 771 4685 et
798 4629 1073 4683 ’concinno
1119 4629 1323 4691 ordine,
1377 4640 1430 4682 et
1474 4629 1633 4682 modo
1684 4631 1912 4684 nubibus

334 4701 629 4761 obvelatur,
655 4702 815 4755 modo
845 4701 1080 4770 spirante
1111 4709 1237 4752 noto
1268 4699 1400 4752 radii
1428 4699 1543 4767 ejus
1565 4700 1911 4754 minuuntur?

335 4770 434 4825 Hic
466 4781 548 4825 est
576 4772 654 4825 sol
685 4772 777 4825 ille
806 4782 1003 4836 vester,
1035 4771 1118 4825 cui
1149 4784 1244 4823 vos
1274 4770 1498 4824 fidentes
1530 4771 1733 4822 cultum
1762 4770 1912 4824 exhi-

335 4840 490 4894 betis.
521 4843 707 4895 Omnia
745 4843 833 4895 Dei
865 4857 1024 4908 opera
1054 4840 1337 4893 admodum
1368 4840 1505 4894 bona
1526 4880 1541 4905 ,
1573 4841 1822 4894 terribilia
1859 4850 1913 4895 et

334 4911 625 4980 stupenda;
657 4912 748 4966 sed
777 4911 842 4965 ad
869 4912 1218 4965 ministerium
1243 4920 1478 4963 nostrum
1505 4919 1629 4963 sunt
1659 4914 1913 4965 constitu-

338 4989 412 5045 ta,
440 4997 543 5035 non
565 4983 630 5036 ad
652 4982 999 5036 dominatum.
1029 4980 1307 5046 Quomodo
1332 4982 1489 5034 etiam
1516 4980 1637 5033 luna
1661 4982 1711 5033 in
1743 4982 1910 5037 facem

337 5052 509 5107 noctis
525 5053 675 5121 jussu
704 5052 919 5121 Opificis
941 5053 1191 5120 producta
1214 5058 1314 5117 est,
1340 5059 1395 5104 et
1426 5050 1583 5104 modo
1611 5052 1910 5105 incremen-

335 5130 468 5191 tum,
502 5123 657 5177 modo
684 5123 1100 5177 imminutionem
1123 5123 1337 5191 patitur,
1358 5122 1705 5191 etaliquaudo
1734 5124 1912 5191 splen-

334 5190 471 5247 dens
500 5194 678 5247 radios
700 5194 831 5247 lucis
858 5194 1069 5252 emittit.
1097 5190 1255 5246 modo
1281 5206 1566 5245 senescens
1604 5190 1907 5247 mensarum

334 5262 453 5317 sine
479 5264 583 5317 ulla
610 5265 899 5317 mutatione
929 5272 1125 5327 servat,
1154 5277 1275 5316 cum
1305 5263 1576 5316 stellarum
1605 5264 1909 5316 innumera-

333 5346 454 5401 rum
485 5333 706 5387 choris?
728 5332 922 5387 Verum
952 5333 1212 5387 sermOuis
1238 5334 1426 5386 seriem
1446 5343 1766 5401 repetamus.
1792 5351 1809 5382 ι
1844 5333 1909 5387 Et

333 5400 478 5456 facta
507 5411 588 5458 est
628 5419 877 5471 vespera,
913 5412 965 5457 et
994 5404 1187 5457 factum
1214 5412 1296 5456 est
1324 5400 1639 5462 mane,dies
1667 5413 1903 5470 quartus.

333 5471 406 5542 Et
430 5476 562 5527 dixit
604 5473 779 5526 Deus:
812 5473 1110 5527 Producant
1150 5488 1300 5542 aquze
1354 5475 1560 5541 reptilia
1613 5478 1906 5528 animarum

331 5540 629 5612 viventium
670 5544 957 5598 secundum
1007 5540 1274 5612 genus,‘et
1310 5540 1536 5597 volatilia
1583 5544 1806 5612 volantia
1855 5545 1907 5597 in

330 5611 821 5684 firmamentocreli.
852 5613 918 5665 Et
944 5611 1063 5684 fecit
1084 5614 1218 5665 Deus
1246 5622 1361 5684 cete
1386 5613 1597 5681 grandia
1616 5633 1634 5665 ι
1670 5611 1816 5684 (Gen.
1854 5616 1904 5667 1.

333 5682 551 5752 19-21).
594 5683 965 5736 Animadverte
989 5683 1265 5750 diligenter
1281 5683 1477 5737 dictum
1498 5682 1903 5752 Omnipotentis.

329 5750 481 5817 Quot
514 5750 718 5820 genera
766 5753 983 5820 piscium
1027 5753 1078 5804 in
1112 5753 1245 5805 mari
1291 5754 1547 5815 exhibuit.
1572 5762 1625 5808 et
1649 5750 1903 5820 quantum

330 5822 657 5885 Volatilium,
679 5831 790 5875 tum
815 5823 1141 5890 exiguarum,
1161 5829 1271 5875 tum
1295 5838 1623 5892 magnorum,
1647 5824 1899 5894 pupulum

1555 358 1620 414 IN
1657 352 1954 415 CENESIM
1988 354 2216 417 SERMO
2256 364 2341 423 Ill.

3488 363 3592 419 530

2014 492 2069 555 in
2097 492 2220 533 aere
2265 482 2471 555 paravit
2494 500 2508 545 ;
2551 497 2613 536 ac
2641 484 2835 538 mirare
2882 483 3154 549 sapientiae
3178 483 3294 552 ejus
3323 486 3590 555 magnitu-

2007 547 2212 625 dinem,
2243 547 2512 619 quomodo
2561 555 2736 606 omnia
2780 571 2896 625 uno
2936 547 3100 610 verbo
3155 547 3437 625 producta'
3465 558 3592 613 sint.

2016 637 2036 669 ι
2063 617 2129 671 Et
2152 617 2284 694 hicta
2314 633 2396 677 est
2422 639 2667 691 vespera.
2691 633 2745 677 et
2769 623 2965 678 factum
2991 637 3069 679 est
3097 617 3274 685 mane.
3300 625 3415 678 dies
3439 627 3596 694 quiu-

2014 696 2117 741 tus.
2149 691 2214 744 Et
2252 692 2385 747 dixit
2424 695 2602 748 Deus:
2636 694 2839 748 Educat
2884 704 3021 748 terra
3050 696 3282 749 animam
3326 691 3592 751 viventem

2010 761 2300 834 secundum
2345 778 2532 832 genus,
2565 763 2954 834 quadrupedes,
3000 766 3205 834 reptilia
3244 774 3298 819 et
3331 766 3470 819 feras
3496 806 3512 829 ,
3542 777 3597 821 et

2012 844 2170 903 omne
2190 831 2485 900 jumentnm
2515 831 2806 889 secundum
2837 850 3024 903 genus,
3052 831 3107 889 et
3129 836 3416 890 secundum
3449 836 3597 889 siuti-

2015 899 2293 982 litudinem
2328 903 2532 982 giae":
2561 899 2950 982 i._25.-25j.__0
2974 899 3212 982 magnam
3231 906 3541 982 sapientiam
3574 908 3590 960 Ξ

2012 984 2048 1043 o
2084 974 2489 1043 inenarrabilem
2514 975 2803 1029 bonitatem
2834 977 2850 1029 l
2880 978 3069 1029 Omnia
3092 976 3328 1043 jumeuta
3358 986 3412 1030 et
3449 976 3588 1031 feras

2013 1041 2065 1094 in
2096 1042 2200 1095 ictu
2226 1046 2361 1098 oculi
2390 1046 2532 1110 fecit,
2564 1046 2792 1109 leonem,
2819 1060 3019 1106 ursum.
3047 1041 3352 1110 draconem,
3378 1047 3590 1110 bovem,

2013 1126 2228 1184 equum,
2256 1129 2310 1168 et
2337 1125 2597 1184 quotquot
2618 1115 2683 1170 ad
2712 1117 3064 1170 ministerium
3095 1118 3364 1170 hominum
3383 1117 3592 1170 deside-

2013 1182 2202 1254 rabilia
2234 1182 2488 1254 utiliaque
2516 1196 2659 1239 sunt.
2691 1186 2876 1241 Viden‘
2904 1185 3174 1240 Creatoris
3221 1187 3591 1254 prudentiam?

2012 1251 2199 1308 Omnia
2229 1252 2353 1309 fecit
2372 1251 2465 1311 sex
2489 1256 2696 1321 diebus,
2721 1257 2913 1323 lucem,
2944 1256 3156 1321 cadum,
3176 1251 3389 1321 terram,
3425 1273 3590 1318 mare.

2012 1324 2200 1395 solem.
2230 1325 2428 1389 lunam,
2453 1328 2652 1392 stellas,
2683 1336 2913 1391 montes,
2942 1326 3126 1390 colles,
3149 1326 3408 1395 planities,
3431 1328 3589 1391 feras,

2006 1392 2266 1467 jumenta,
2299 1398 2492 1463 pisces,
2526 1408 2673 1456 cete;
2701 1412 2820 1467 qua:
2872 1398 2927 1451 in
2969 1396 3123 1461 mari,
3151 1392 3273 1465 qua:
3320 1398 3370 1449 in
3418 1397 3586 1451 arida.

2012 1464 2187 1532 Quare
2236 1466 2495 1536 insignius
2522 1464 2801 1522 consilium
2853 1468 3055 1530 iniens,
3082 1464 3202 1520 cum
3247 1467 3404 1522 vellet
3459 1483 3592 1536 opus

2012 1536 2299 1589 maximum
2327 1538 2581 1606 perlicere
2601 1538 2758 1592 Pater
2788 1538 2877 1592 ille
2901 1538 3183 1602 luminum,
3201 1538 3291 1606 qui
3316 1547 3392 1591 est
3422 1548 3477 1591 et
3499 1538 3589 1607 qui

2011 1615 2146 1669 erat,
2179 1622 2328 1662 mens
2354 1610 2469 1661 sine
2499 1608 2775 1675 principio,
2806 1608 2895 1678 qui
2914 1609 3177 1677 ingenitus
3200 1618 3282 1662 est
3306 1608 3370 1662 ad
3402 1608 3593 1677 Unigc-

2013 1678 2179 1730 nilum
2213 1695 2225 1727 :
2254 1678 2342 1745 qui
2366 1680 2546 1748 genuit
2572 1680 2635 1732 ad
2679 1678 2871 1734 Filium
2897 1680 2987 1748 qui
3031 1694 3097 1733 ex
3139 1679 3256 1747 ipso
3284 1679 3398 1731 sine
3448 1678 3591 1733 fluxu

2011 1748 2219 1820 genitus
2241 1757 2343 1820 est,
2363 1747 2596 1820 Verbum
2613 1764 2825 1820 nempe,
2843 1747 3154 1814 sapientiam
3180 1748 3591 1820 incomprehen-

2011 1817 2380 1890 sibilem,Deo
2408 1819 2624 1890 dignum
2670 1817 3032 1890 et—ntysticum
3076 1819 3355 1890 consilium
3386 1819 3591 1890 inducit

2014 1886 2096 1939 his
2122 1888 2297 1942 verbis
2326 1906 2339 1942 :
2362 1909 2379 1941 ‹
2409 1886 2687 1943 Faciamus
2703 1886 2972 1943 hominem
2994 1889 3281 1944 secundum
3306 1888 3589 1959 imaginem

2013 1966 2267 2022 nostram,
2320 1969 2375 2013 et
2425 1960 2712 2014 secundum
2758 1959 3200 2014 similitudinem:
3231 1968 3286 2013 et
3331 1960 3593 2028 imperent

2012 2028 2244 2096 piscibus
2296 2032 2478 2094 maris,
2527 2040 2581 2085 et
2627 2032 2928 2084 volatilibus
2956 2030 3091 2093 caeli,
3136 2038 3193 2084 et
3231 2029 3509 2099 jumentis,
3539 2038 3595 2083 et

2014 2099 2278 2152 universae
2332 2109 2510 2171 terra»,
2559 2109 2613 2155 et
2658 2100 2903 2171 omnibus
2958 2100 3238 2171 reptilibus
3285 2099 3591 2171 repentibus

2013 2181 2173 2237 super
2191 2178 2407 2240 terram.
2440 2170 2507 2224 Et
2526 2170 2647 2224 fecit
2677 2172 2815 2224 Deus
2844 2170 3133 2233 hominem,
3164 2170 3431 2240 pulverem
3454 2173 3594 2225 acci-

2013 2240 2165 2311 piens
2198 2239 2267 2293 de
2311 2249 2452 2294 terra
2478 2260 2496 2292 ι
2528 2240 2678 2309 (Gen.
2710 2243 2760 2294 1.
2791 2241 2880 2295 26.
2908 2240 3022 2311 27).
3079 2242 3144 2295 Et
3168 2239 3253 2294 ’ut
3288 2240 3595 2311 ostenderet

2014 2307 2267 2380 Spiritum
2296 2307 2544 2365 sanctum
2566 2327 2669 2364 non
2710 2312 2942 2365 alienutn
2970 2307 2998 2364 a
3028 2311 3322 2375 creatione,
3355 2310 3591 2380 Inspira-

2013 2379 2078 2451 uit
2103 2380 2361 2451 infaciem
2400 2382 2509 2450 ejus
2538 2382 2846 2451 spiraculum
2882 2383 2998 2435 vita:
3016 2422 3031 2445 ,
3060 2391 3107 2434 et
3148 2386 3310 2451 factus
3336 2392 3409 2435 est
3437 2379 3587 2434 homo

2012 2450 2063 2501 in
2092 2450 2313 2503 animam
2364 2453 2604 2505 viventem
2654 2450 2804 2521 (Gen.
2858 2452 2912 2504 2.
2969 2451 3045 2514 7).
3070 2452 3312 2506 Vidistin‘
3340 2452 3592 2506 eximium

2013 2521 2280 2588 opificium
2311 2521 2596 2575 crcatioms
2626 2522 2753 2575 Dei?
2781 2523 3008 2577 vidistin‘
3036 2537 3156 2577 eum
3186 2523 3594 2576 cnnstituentem

2016 2591 2278 2643 Adamum
2309 2592 2360 2645 in
2402 2602 2767 2646 creaturarum
2813 2593 3032 2661 regem?
3073 2592 3305 2646 vidistin’
3337 2593 3593 2646 honorem

2012 2672 2419 2729 exsuperantem
2464 2678 2585 2716 eum
2634 2664 2719 2731 qui
2763 2663 2878 2731 ejus
2931 2678 3093 2717 manu
3121 2673 3332 2716 creatus
3387 2661 3596 2716 fuerat?

2015 2731 2170 2786 Disce
2190 2733 2349 2787 etiam
2377 2732 2515 2786 dona
2548 2749 2663 2802 quae
2694 2734 2791 2801 ipsi
2822 2735 2959 2787 Deus
2988 2742 3110 2802 post
3140 2735 3464 2787 creationem
3494 2732 3598 2785 lar-

2014 2802 2152 2869 gitus
2174 2812 2274 2855 est.
2305 2803 2409 2860 «Et
2451 2803 2705 2870 plantavit
2734 2804 2870 2856 Deus
2902 2802 3204 2873 paradisum
3230 2803 3308 2873 fin
3337 2804 3500 2857 Edem
3528 2802 3594 2855 ad

2014 2875 2297 2937 orientem,
2327 2884 2377 2927 et
2409 2875 2587 2941 posuit
2611 2873 2682 2927 ibi
2714 2872 3006 2937 hominem,
3034 2889 3189 2941 quem
3220 2872 3468 2928 formavit
3496 2890 3508 2925 :
3540 2880 3598 2926 et

2054 2942 2264 2996 reduxit
2286 2958 2351 3013 ex
2384 2955 2521 2997 terra
2550 2958 2709 2997 omne
2729 2945 2924 3013 lignum
2953 2944 3229 3011 puli-hrum
3256 2954 3471 3013 aspectu
3498 2982 3511 3003 ,
3544 2950 3599 2993 et

2015 2956 2264 3067 grouuxtt
2286 2958 2351 2996 ex
2384 2956 2521 2997 terra
2550 2958 2709 2997 omne
2729 2956 2924 3013 tignum
2953 2956 3229 3011 puti-urum
3256 2956 3471 3011 aspecm
3498 2982 3511 3003 ,
3544 2956 3599 2993 et

2053 3027 2213 3083 ouum
2242 3012 2306 3065 ad
2336 3014 2746 3077 comedendum,
2770 3024 2823 3067 et
2854 3015 3050 3083 lignum
3068 3014 3187 3066 vitae
3216 3014 3270 3083 in
3299 3012 3476 3083 medio
3504 3025 3601 3081 pa-

2015 3082 2199 3153 radisi,
2221 3083 2487 3151 etlignum
2515 3084 2749 3137 scientiae
2768 3081 2966 3137 boni'et
2991 3084 3114 3137 mali
3141 3102 3158 3134 ι
3185 3081 3398 3153 (Gen.2.
3429 3081 3481 3136 3.
3515 3083 3596 3150 9).

2016 3151 2195 3220 Papae,
2229 3163 2486 3222 quantum
2517 3153 2656 3207 Deus
2699 3153 2852 3208 nobis
2882 3154 3138 3208 honorem
3168 3151 3352 3207 tribuit
3380 3153 3393 3206 ι
3423 3167 3593 3221 βψω,

2014 3232 2264 3290 quantam
2301 3223 2637 3293 clementiam
2665 3225 2845 3293 generi
2873 3223 3146 3277 hominum
3189 3223 3461 3293 exhibuit!
3496 3238 3594 3291 pa-

2015 3306 2119 3361 pae,
2143 3307 2299 3362 quam
2341 3292 2683 3347 ineffabilium
2706 3294 2962 3347 bonorum
2995 3308 3217 3349 consors
3246 3294 3343 3347 fuit
3377 3292 3544 3346 Adam
3578 3293 3593 3346 l

2017 3363 2130 3433 Non
2160 3364 2301 3416 enim
2327 3364 2455 3416 satis
2488 3363 2588 3418 fuit
2626 3363 2876 3418 ineffabili
2907 3364 3023 3432 ejus
3056 3364 3431 3433 providentia},
3457 3363 3597 3432 quod

2018 3432 2169 3486 illum
2200 3448 2263 3487 ex
2292 3433 2457 3488 nihilo
2482 3434 2790 3502 produxerit
2826 3451 2840 3488 :
2870 3450 2934 3488 cx
2967 3434 3184 3503 pulvere
3227 3448 3404 3503 regem
3438 3442 3594 3487 natu-

2015 3518 2098 3574 rae
2111 3504 2418 3567 constituit;
2451 3520 2515 3559 ex
2563 3512 2703 3558 terra
2734 3504 2879 3558 illum
2907 3506 3108 3574 angelis
3133 3503 3585 3559 honorabiliorem

2017 3573 2290 3637 exhibuit;
2320 3590 2387 3629 ex
2418 3574 2707 3628 inanimato
2751 3573 3038 3629 animatum
3066 3574 3409 3628 simulacrum
3440 3574 3595 3628 indu-

2017 3645 2113 3698 xit.
2161 3645 2330 3712 Quam
2358 3648 2603 3699 virtutem
2634 3645 2947 3699 exhibuerat
2973 3646 3165 3708 Adam,
3198 3653 3254 3698 ut
3284 3652 3430 3698 tanto
3457 3660 3600 3707 pra:-

2017 3716 2126 3768 mio
2172 3717 2239 3769 ab
2267 3729 2332 3768 eo
2357 3715 2681 3769 donaretur?
2710 3731 2826 3780 quae
2850 3716 3162 3780 certamina,
3199 3728 3336 3784 quos
3373 3714 3599 3769 sudores

2019 3785 2294 3849 subierat,
2352 3796 2410 3839 ut
2460 3785 2757 3852 hujusmodi
2812 3800 3039 3840 coronas
3086 3786 3157 3840 sit
3199 3786 3596 3854 consequutus?

2016 3872 2173 3925 quam
2199 3855 2420 3925 gloriam
2448 3856 2633 3924 Opifici
2665 3856 2865 3921 retulit,
2899 3866 2955 3909 ut
2985 3856 3057 3909 illi
3084 3856 3136 3909 in
3166 3855 3341 3908 medio
3369 3854 3598 3923 paradisi

2019 3924 2375 3980 habitaculum
2408 3926 2795 3980 censtitueret?
2821 3925 2961 3994 quod
2998 3926 3286 3995 gloriosum
3315 3939 3450 3994 opus
3475 3940 3598 3995 per-

2017 3996 2162 4060 fecit,
2189 4005 2245 4049 ut
2271 4000 2428 4049 vitam
2452 3996 2567 4050 sine
2590 3996 2768 4049 labore
2796 3996 2897 4049 sibi
2922 4000 3264 4065 procuraret?
3287 3995 3456 4062 Quam
3488 3998 3596 4049 Deo

2014 4066 2263 4134 placitam
2288 4067 2597 4120 servitutem
2628 4066 2959 4130 exhibuerat,
2990 4067 3130 4136 quod
3163 4066 3267 4119 tale
3304 4070 3373 4119 sit
3395 4065 3593 4120 donum

2016 4136 2416 4203 consequutus?
2436 4140 2680 4190 Attamen
2713 4136 2803 4190 ille
2824 4137 3095 4191 hominum
3117 4149 3303 4189 amans
3325 4136 3593 4203 opificium

2017 4221 2170 4260 suum
2203 4216 2279 4260 tot
2306 4206 2459 4261 donis
2489 4207 2786 4271 exornavit,
2818 4208 2957 4261 unde
3004 4208 3069 4261 ad
3120 4207 3293 4272 majus
3347 4205 3596 4275 gaudium

2015 4279 2533 4346 exsultationemque
2548 4277 2689 4331 aliud
2706 4293 2916 4346 quoque
2942 4292 3076 4347 opus
3105 4275 3592 4347 exhibuit.glnjecit,

2018 4348 2209 4416 inquit,
2238 4349 2291 4399 in
2316 4345 2567 4401 Adamum
2602 4345 2736 4400 Deus
2774 4345 2952 4401 mentis
2979 4345 3317 4411 excessurum!
3342 4345 3593 4416 dormivit,

2016 4430 2061 4471 et
2093 4415 2292 4487 accepit
2339 4435 2490 4471 unam
2522 4419 2584 4471 de
2628 4416 2777 4470 costis
2825 4420 2956 4487 ejus,
2986 4428 3033 4471 et
3057 4417 3289 4486 formavit
3338 4415 3599 4469 mulierem

2017 4488 2167 4557 (Gen.
2187 4486 2379 4557 2.21).
2418 4488 2553 4543 Vere
2584 4486 2851 4542 mirabilia
2876 4503 3035 4557 opera
3070 4487 3309 4550 Domini;
3334 4501 3461 4540 vere
3492 4487 3593 4540 im-

2016 4556 2449 4626 pervestigabiles
2477 4559 2578 4612 via:
2607 4558 2752 4626 ejus;
2794 4556 2921 4612 vere
2970 4557 3338 4612 inenarrabilis
3389 4556 3599 4611 bonitas

2015 4630 2149 4697 ejus.
2194 4628 2309 4682 Non
2341 4629 2480 4681 enim
2524 4631 2653 4682 satis
2694 4629 2788 4682 fuit
2833 4630 2930 4698 ipsi
2964 4627 3241 4698 ,Adamum
3271 4626 3339 4682 de
3386 4629 3599 4696 pulvere

2018 4699 2211 4753 factum
2238 4740 2253 4763 ,
2285 4708 2338 4752 et
2366 4699 2613 4767 paradiso
2638 4697 2924 4767 voluptatis
2951 4697 3051 4752 frui
3077 4701 3283 4766 jnssum
3330 4713 3470 4764 esse,
3498 4700 3597 4767 ipsi

2016 4785 2226 4838 quoque
2248 4769 2568 4837 adjutorium
2598 4770 2741 4823 fecit.
2771 4771 3037 4835 Quantum
3060 4769 3308 4839 gaudium
3337 4769 3435 4823 fuit
3456 4770 3598 4822 Ada-

2016 4855 2124 4905 mo,
2154 4845 2274 4894 cum
2314 4849 2434 4908 post
2465 4854 2710 4893 somnum
2736 4841 2864 4893 vidit
2892 4840 2991 4895 sibi
3037 4840 3361 4894 assidentem
3408 4839 3596 4892 mulie-

2014 4926 2128 4964 rem
2154 4913 2169 4963 ι
2192 4918 2390 4980 quanta
2418 4909 2598 4980 laetitia
2624 4911 2739 4979 ejus
2764 4910 2972 4964 animus
2999 4911 3186 4979 plenus
3212 4910 3324 4973 fuit,
3358 4924 3478 4962 cum
3497 4909 3599 4980 sibi

2015 4979 2317 5035 consortem
2368 4979 2646 5033 mulierem
2676 4981 2836 5046 vidit,
2870 4988 2923 5034 et
2952 4980 3191 5034 moribus
3238 4990 3291 5033 et
3331 4979 3594 5032 sententia

2015 5052 2114 5105 sibi
2140 5060 2523 5105 consonantem
2554 5058 2567 5109 ι
2598 5061 2790 5119 quanta
2812 5052 3195 5113 consolatione,
3224 5058 3420 5119 quanto
3468 5062 3595 5116 pro-

2015 5121 2210 5190 phetiae
2236 5136 2455 5174 munere
2478 5120 2722 5190 dignatus
2751 5133 2832 5175 est
2863 5121 3053 5185 Adam,
3078 5136 3197 5175 cum
3220 5120 3387 5190 oculis
3406 5131 3596 5190 corpo-

2015 5188 2090 5243 ris
2120 5188 2557 5260 videretAEvam'
2577 5206 2670 5245 sua
2709 5191 2876 5245 forma
2912 5202 2969 5246 et
2995 5193 3158 5260 figura
3190 5188 3464 5260 praeditam
3492 5188 3595 5241 sibi

2015 5261 2313 5317 adstantem
2338 5258 2351 5314 l
2388 5262 2683 5331 Eapropter
2709 5264 2888 5316 animo
2938 5258 3215 5316 exsultans
3244 5259 3415 5329 palam
3443 5273 3597 5331 vere-

2014 5347 2117 5399 que
2142 5328 2477 5402 prophetavit
2503 5328 2585 5387 his
2607 5334 2782 5387 verbis
2806 5349 2818 5384 2
2855 5351 2873 5383 ‹
2897 5332 3007 5386 Hoc
3031 5346 3170 5385 nunc
3199 5328 3265 5402 os
3292 5344 3355 5382 ex
3385 5328 3597 5402 ossibus

2015 5402 2172 5466 meis,
2194 5399 2252 5455 et
2274 5416 2402 5455 caro
2448 5418 2512 5457 ex
2544 5417 2706 5456 carne
2735 5418 2874 5456 mea.
2904 5403 3029 5455 Haec
3064 5399 3339 5453 vocabitur
3381 5399 3593 5462 mulier,

2013 5473 2136 5593 quia
2159 5486 2226 5525 ex
2252 5474 2470 5541 proprio
2500 5473 2614 5525 viro
2658 5482 2865 5543 sumpta
2896 5481 2979 5526 est
3007 5490 3025 5552 ρ
3065 5469 3218 5539 (Gen.
3244 5468 3297 5520 2.
3344 5469 3457 5537 25).
3499 5469 3588 5521 Vi-

2054 5541 2192 5593 tstttt‘
2212 5543 2521 5593 nronhetam
2544 5544 2837 5593 clarissime
2859 5542 3231 5593 praedicentem
3254 5552 3315 5592 ea
3333 5553 3449 5593 auat
3472 5550 3588 5593 post

2054 5541 2192 5594 istin‘
2212 5543 2521 5611 prophetam
2544 5541 2837 5597 clarissime
2859 5541 3231 5611 praedicentem
3254 5552 3315 5592 ea
3333 5553 3449 5611 qua:
3472 5550 3592 5611 post

2015 5610 2192 5665 futura
2213 5608 2411 5666 erant?
2458 5614 2691 5667 vidistin’
2716 5608 2883 5666 Adam
2928 5610 3155 5678 Spiritus
3180 5608 3350 5662 sancti
3377 5610 3587 5676 partici-

2016 5696 2159 5750 pem,
2192 5697 2291 5750 qua
2313 5683 2477 5752 gratia
2502 5684 2773 5752 dignatum
2790 5682 2815 5733 ?
2839 5680 3065 5752 vidistinj
3093 5678 3343 5752 eximium
3368 5678 3586 5752 dictum,

2022 5748 2163 5875 post?
2174 5748 2366 5807 multas
2387 5748 2752 5823 generationes
2782 5760 2835 5805 et
2861 5764 3024 5820 usque
3049 5748 3103 5802 in
3133 5749 3291 5804 finem
3313 5751 3589 5805 confirma-

2022 5836 2135 5875 tum

2019 5836 2135 5876 tum
