4126 6326
587 389 687 448 551

659 506 712 560 5.
746 503 939 558 Vcrmn
971 517 1076 557 non
1106 500 1225 555 tulit
1264 498 1682 553 tortuosissimus
1726 498 1815 552 ille
1855 497 2018 551 draco
2047 511 2160 548 ina-

585 589 743 644 gnam
772 573 1069 639 liujusmodi
1093 571 1334 644 iiduciam
1358 579 1411 623 et
1431 569 1659 637 Spiritus
1679 567 1895 644 donum.
1926 566 2051 644 Non"
2070 580 2163 644 po-

589 636 689 698 tuit
728 636 896 699 oculis
936 642 1234 711 perspicere
1265 636 1534 711 honorem
1564 640 1892 711 gratiamque
1931 636 2158 711 opiticii,

584 730 742 783 quam
770 714 838 767 ab
860 708 1072 783 Opitice'
1087 718 1401 783 acceperat:
1446 708 1538 763 sed
1567 708 1685 783 quae
1709 708 2014 783 meditatus
2042 709 2160 760 fue-

584 777 701 850 rat,
737 785 846 838 hare
875 777 1117 853 perfecit.
1149 777 1278 834 Nam
1309 788 1520 853 reperto
1548 777 2160 853 vafritieinequitiaiqne

585 846 697 908 suae
727 846 1075 908 instrumento
1104 846 1389 918 serpente,
1422 848 1594 918 ipsum
1633 847 1844 902 malitiae
1876 862 1991 918 suae
2013 846 2162 918 adjn;

586 933 755 978 torem
786 923 997 977 effecit:
1033 937 1131 976 nec
1156 915 1315 974 ausus
1356 915 1458 974 est'
1480 918 1736 972 Adamum
1781 916 2032 985 aggredi,
2065 915 2157 969 sed

585 994 929 1048 infirmiorem
999 993 1412 1058 debilioremque
1464 998 1574 1043 tum
1620 1004 1778 1043 sensu
1833 996 1943 1058 tum
1996 1000 2160 1058 opere

584 1064 803 1118 adortus
826 1074 928 1119 est.
952 1065 1021 1117 At
1042 1076 1198 1116 nemo
1218 1062 1305 1113 Dei
1322 1057 1646 1113 creationem
1674 1067 1877 1127 arguat.
1899 1057 2162 1123 Quemad-

585 1134 800 1188 modum
839 1136 981 1188 enim
1025 1132 1285 1185 Adamum
1333 1130 1455 1184 fecit
1508 1130 1678 1194 Deus,
1725 1130 1793 1183 ita
1820 1137 1876 1182 et
1905 1128 2066 1180 Evam
2096 1142 2162 1180 ex

587 1204 774 1258 eadem
819 1204 1225 1262 commixtione.
1275 1214 1339 1254 ex
1382 1198 1566 1255 eadem
1615 1214 1825 1263 massa,
1870 1197 2162 1265 eodemque

588 1274 795 1329 ordine.
819 1275 923 1329 Sed
949 1272 1233 1327 adversarii
1259 1270 1539 1323 consilium
1563 1278 1617 1323 et
1636 1284 1828 1336 corpus
1850 1277 1903 1322 et
1930 1281 2161 1320 mentem

593 1344 716 1398 Evte
746 1360 903 1414 prava
924 1344 1116 1397 elfecit.
1150 1342 1276 1395 Nam
1305 1339 1393 1410 qui
1433 1355 1498 1394 ex
1539 1348 1680 1414 terra
1726 1348 1965 1392 terrenus
1985 1336 2161 1414 iactus

590 1406 935 1475 immortalis,
962 1428 1082 1467 cum
1108 1406 1341 1481 gratiam
1345 1479 1353 1481 _
1368 1410 1666 1481 accepisset
1694 1418 1750 1461 ut
1779 1423 1934 1481 manu
1978 1406 2161 1460 Omni-

592 1486 822 1552 potentis
852 1478 1167 1537 formaretur
1188 1522 1201 1543 ,
1246 1490 1302 1552 et
1321 1479 1501 1552 divina
1525 1479 1844 1552 dignatione
1874 1478 2159 1530 humanum

586 1549 779 1608 nomen
806 1554 1023 1608 sortitus
1051 1558 1221 1614 esset,
1246 1550 1332 1603 tibi
1362 1549 1563 1603 audivit
1587 1550 1991 1616 appellationem
2015 1588 2030 1611 ,
2057 1564 2156 1615 qua

589 1624 778 1691 dignus
809 1640 911 1677 non
938 1632 1081 1685 erat,
1112 1621 1226 1687 ejus
1250 1636 1411 1691 opere
1440 1631 1738 1687 assumpto,
1764 1619 1846 1691 ad
1867 1617 2155 1691 divinitatis

586 1687 892 1762 dignitatem
923 1700 1097 1747 mente
1124 1690 1419 1752 advolavit,
1451 1700 1499 1743 et
1540 1700 1723 1762 contra
1753 1687 2014 1762 Opilicem
2047 1688 2159 1740 cal-

591 1759 807 1818 caneum
841 1765 1003 1818 miser
1041 1762 1249 1815 sustulit
1275 1777 1287 1812 :
1330 1759 1594 1827 quomodo
1618 1771 1793 1812 autem
1820 1759 1961 1810 audi.
1990 1759 2158 1810 Acce-

590 1833 723 1887 dens
764 1834 986 1887 callidus
1011 1847 1228 1899 serpens
1272 1828 1395 1897 quid
1426 1830 1495 1881 ait
1527 1828 1769 1882 mulieri?
1798 1827 1901 1881 Cur
1928 1830 2161 1897 prwcepit

586 1904 722 1956 vobis
753 1903 886 1955 Deus
925 1920 985 1956 ne
1011 1900 1329 1955 comederetis
1371 1899 1432 1951 de
1472 1899 1640 1967 fructu
1682 1899 1902 1951 scientia:
1948 1899 2061 1950 boui
2115 1906 2162 1951 et

589 1974 750 2026 mali?
777 1974 1098 2040 Quacumque
1118 1971 1199 2023 die
1217 1969 1526 2040 comederitis
1547 1985 1609 2021 ea:
1629 1985 1713 2033 eo,
1736 1969 2023 2035 aperientur
2042 1984 2162 2040 ocu-

520 2102 529 2105 _
590 2043 627 2096 li
656 2039 837 2104 vestri,
878 2053 926 2096 et
963 2043 1115 2101 eritis,
1144 2040 1269 2093 sicut
1298 2039 1367 2097 dii
1393 2080 1407 2100 ,
1439 2040 1647 2092 scientes
1678 2040 1859 2091 bonum
1886 2050 1934 2089 et
1972 2039 2161 2089 malum

586 2112 747 2180 (Gen.
779 2115 916 2182 3.}.
958 2113 1045 2182 5).
1098 2110 1288 2182 Vides,
1343 2110 1585 2182 auditor:
1636 2109 1832 2162 inimici
1880 2108 2152 2182 menteni?

586 2177 733 2237 vides
761 2177 1053 2236 seductoris
1081 2179 1433 2234 otl‘endieula?
1487 2178 1641 2233 Vides
1682 2194 1837 2246 quam
1868 2177 2161 2247 versipellis

588 2253 693 2315 sit,
739 2254 926 2321 quibus
972 2251 1147 2306 verbis
1196 2251 1356 2304 Evam
1406 2248 1690 2303 inescarit?
1734 2249 2056 2321 Quacumque
2081 2248 2162 2301 die

586 2318 897 2376 comederitis
923 2324 985 2375 de
1014 2323 1149 2393 ligno
1181 2322 1339 2393 vetito
1358 2361 1374 2383 ,
1418 2321 1705 2393 aperientur
1736 2318 1868 2393 oculi
1902 2319 2050 2393 vestri
2068 2360 2080 2381 ,
2114 2327 2161 2371 et

588 2394 728 2446 eritis
752 2394 878 2446 sicut
902 2394 1007 2454 dii,
1033 2388 1240 2446 scientes
1264 2389 1447 2443 bouum
1473 2401 1516 2442 et
1540 2390 1745 2441 malum.
1775 2388 1818 2441 Ο
1846 2389 2038 2441 malum
2069 2403 2156 2440 se-

535 2463 823 2526 .ductoris
848 2462 1158 2517 consilium!
1188 2476 1223 2515 o
1248 2461 1514 2512 infamiam
1540 2500 1554 2521 ,
1583 2474 1736 2527 quam
1761 2458 1961 2512 dolosis
1986 2457 2160 2511 verbis

588 2533 798 2586 mulieri
828 2532 1164 2587 conciliavit!
1196 2546 1229 2585 ο
1256 2528 1473 2583 insidias
1496 2570 1511 2593 ,
1544 2530 1734 2599 quibus
1762 2528 1811 2581 in
1842 2527 2159 2599 profundum

588 2602 781 2657 inferni
816 2603 996 2669 dejicit
1020 2616 1140 2655 eum
1160 2641 1175 2658 ,
1204 2601 1290 2668 qui
1326 2615 1418 2667 per
1445 2600 1535 2653 Dei
1556 2598 1889 2669 clementiam
1920 2600 1975 2669 in
1996 2598 2161 2652 subli-

588 2687 676 2727 me
698 2667 957 2728 deductus
997 2672 1170 2726 fuerat
1192 2672 1205 2725 !
1226 2667 1353 2724 Non
1381 2668 1553 2722 nudus
1581 2669 1691 2721 adit
1735 2667 1898 2721 Evam
1947 2668 2162 2722 dolosus

589 2743 719 2807 ille,
764 2744 857 2798 sed
896 2742 1158 2813 serpentis
1198 2740 1380 2813 habitu
1426 2740 1698 2813 mulierem
1739 2738 2063 2807 alloquitur,
2105 2747 2164 2792 ut

590 2814 792 2868 inescet
815 2829 932 2868 eam
950 2855 964 2877 ,
989 2809 1061 2867 'et
1088 2811 1242 2866 dictis
1268 2809 1378 2863 suis
1402 2810 1781 2877 obsequentem
1811 2817 1996 2875 paret;
2037 2820 2159 2862 nam

590 2883 635 2937 si
666 2898 760 2937 sua
790 2884 1104 2938 accessisset
1150 2880 1317 2934 forma
1340 2921 1356 2944 ,
1402 2880 1505 2932 Eva
1550 2880 1726 2931 statim
1766 2878 2041 2932 resiliisset
2062 2919 2078 2943 ,
2109 2887 2163 2933 et

590 2953 659 3007 ad
674 2955 839 3007 virum
853 2969 1003 3007 suum
1021 2952 1326 3017 aufugisset.
1357 2949 1542 3003 Verum
1563 2946 1771 3002 indutus
1789 2948 2047 3016 serpentis
2060 2948 2165 3002 for-

596 3038 683 3076 ma
730 3025 1024 3092 versipellis
1075 3022 1194 3083 ille,
1228 3021 1526 3092 huiusmodi
1570 3018 1745 3092 verbis
1789 3019 1930 3071 illam
1974 3018 2163 3092 atl'aius

593 3101 713 3147 est:
743 3086 1015 3147 Accedens
1041 3094 1105 3145 ad
1134 3086 1542 3159 contingendum
1574 3088 1769 3158 lignum
1790 3128 1806 3151 ,
1847 3086 1987 3157 quod
2015 3089 2163 3142 vobis

593 3163 875 3219 comedere
896 3165 1058 3217 vetuit
1080 3162 1246 3225 Deus,
1270 3161 1396 3214 illud
1419 3160 1652 3229 inspice;
1675 3159 1973 3229 speciosum
1995 3159 2163 3213 oculis

592 3234 699 3288 tuis
722 3234 975 3299 oﬂ‘ertnr,
1004 3242 1057 3286 et
1079 3232 1143 3285 ad
1171 3229 1554 3285 comedendum
1582 3232 1659 3283 ori
1689 3239 1778 3283 tuo
1803 3238 2008 3299 gratum
2040 3231 2160 3282 crit.

592 3302 710 3358 Jam
738 3297 1082 3358 formidabilis
1103 3317 1162 3356 es
1182 3302 1305 3355 feris
1332 3308 1388 3355 et
1415 3300 1716 3353 volatilibus
1735 3339 1750 3357 .
1780 3297 2164 3354 formidabilior

593 3373 723 3443 ipsis
748 3382 869 3443 post
890 3372 1225 3442 degustatum
1252 3370 1475 3443 fructum
1502 3368 1799 3443 videberis:
1824 3369 2079 3443 hactenus
2109 3378 2162 3423 te

591 3438 765 3498 forma
806 3438 1033 3498 humana
1074 3440 1449 3497 circumdatam
1488 3439 1854 3507 conspiciunt,
1888 3438 1997 3507 jam
2039 3454 2165 3494 vero

594 3524 713 3582 post
755 3514 1089 3583 degustatum
1128 3513 1351 3583 fructum
1390 3510 1565 3583 divina
1604 3508 1774 3583 forma
1805 3508 2043 3583 indueris
2062 3551 2077 3574 ,
2109 3520 2165 3564 et

591 3578 883 3652 cognosces
904 3585 1095 3638 bonum
1116 3591 1171 3636 et
1190 3581 1407 3635 malum.
1430 3578 1568 3652 Nihil
1590 3580 1689 3652 erit
1709 3578 1876 3633 oculis
1899 3580 2162 3652 occultum

594 3649 785 3708 vestris
805 3695 820 3719 ,
850 3654 979 3707 nihil
1009 3652 1206 3706 auditui
1232 3661 1411 3706 vestro
1434 3650 1797 3703 absconditum
1823 3668 1837 3710 ;
1866 3649 1959 3703 sed
1988 3651 2163 3703 omnia

592 3724 816 3778 visibilia
861 3734 914 3778 et
958 3722 1237 3777 invisibilia
1278 3721 1428 3776 vobis
1456 3729 1614 3774 erunt
1639 3720 1915 3773 manifesta
1943 3728 1997 3773 et
2032 3733 2164 3774 con-

591 3795 793 3863 spicua.
845 3793 1160 3861 lllaqueatur
1202 3806 1329 3860 ergo
1360 3789 1667 3863 rscductoris
1706 3789 1883 3863 verbis
1928 3789 2161 3863 mulier:

595 3860 871 3933 primoque
910 3864 1173 3929 serpentis
1205 3862 1459 3930 promissa
1488 3862 1538 3914 in
1570 3870 1785 3929 pectore
1805 3860 2084 3933 describit,
2112 3869 2167 3933 et

591 3928 1147 3988 eontra'ConditOrem
1175 3928 1327 3986 suum
1353 3928 1657 3985 calcaneum
1701 3929 1931 3985 extollit.
1965 3928 2165 3986 Deinde

594 4006 766 4057 virum
791 4004 933 4065 adit,
964 4018 1192 4071 eumque
1217 4003 1299 4057 bis
1344 4000 1519 4055 verbis
1565 4002 1683 4055 felle
1712 4000 2059 4071 amarioribus
2083 4000 2163 4054 al-

594 4073 828 4141 loquitur
854 4091 866 4126 :
895 4073 1001 4129 Cur
1029 4070 1183 4127 nobis
1224 4072 1474 4141 praecepit
1508 4071 1646 4124 Deus
1674 4086 1740 4125 ne
1764 4070 2166 4141 comederemns

593 4140 791 4198 de’hoe
818 4143 996 4212 ligno?
1036 4140 1376 4209 Quacumque
1405 4141 1491 4195 die
1518 4141 1858 4195 comedenius
1877 4180 1892 4205 ,
1924 4140 2166 4212 aperien-

594 4221 681 4268 tur
703 4206 1135 4277 oculi'nostri,_et
1167 4206 1543 4281 cognoscemus
1572 4212 1766 4265 bonum
1797 4206 2089 4281 etimalum.
2121 4206 2166 4266 Ο

596 4283 884 4354 pessimum
916 4283 1193 4354 consilium
1218 4279 1295 4337 l‘o
1340 4282 1504 4354 verba
1546 4281 1669 4336 felle
1707 4279 2004 4354 amariora!
2048 4280 2165 4354 Non

603 4350 735 4407 vidit
762 4355 930 4408 oculis
958 4355 1068 4407 suis
1097 4353 1275 4407 lumen
1303 4352 1558 4417 veritatis,
1588 4368 1690 4404 non
1719 4352 1925 4417 excepit
1950 4350 2165 4405 auribus

594 4424 761 4491 ipsius
791 4426 915 4478 vine
941 4438 1277 4485 sermonem,
1310 4422 1670 4490 non’gustavit
1710 4435 1803 4475 ore
1828 4420 2164 4474 dulcedinem

596 4496 873 4549 clementis
919 4494 1162 4553 Domini,
1211 4509 1313 4547 non
1359 4494 1580 4561 contigit
1610 4491 1850 4544 manibus
1896 4491 2165 4561 suislucis

591 4563 826 4631 januam.
852 4568 989 4618 Ante
1006 4563 1247 4633 copulam
1268 4564 1439 4615 virum
1460 4560 1611 4633 suum
1633 4562 1738 4615 Deo
1756 4561 1985 4614 alienum
2006 4560 2123 4614 fecit
2147 4576 2162 4623 ;

596 4642 718 4686 ante
758 4631 1201 4688 enhabitatiouetn
1253 4648 1429 4702 regem
1467 4631 1643 4702 ellecit
1684 4640 2005 4701 pauperem;
2042 4640 2165 4702 ante

594 4712 893 4770 susceptain
944 4704 1142 4771 prolem
1185 4701 1770 4756 filiis’maledietionem
1823 4701 2161 4770 procuravit;

595 4780 878 4840 antequam
908 4772 1042 4826 ﬁlios
1068 4771 1301 4841 filiasque
1331 4782 1569 4841 pareret,
1598 4772 1847 4827 exsilium
1880 4771 2163 4841 nepotibus

596 4843 853 4905 adduxit;
880 4853 1161 4911 antequam
1203 4840 1322 4896 eum
1352 4844 1465 4896 viro
1495 4842 1783 4905 habitaret,
1810 4856 1875 4894 ex
1919 4840 2163 4911 paradiso

596 4912 745 4967 illum
767 4910 1085 4966 deturbavit.
1114 4910 1158 4966 Ο
1188 4911 1508 4981 nequitiam!
1539 4930 1571 4963 o
1599 4910 1983 4981 insipientiam!
2013 4924 2045 4961 o
2068 4910 2164 4963 fal-

598 4982 817 5037 laciam!
852 4982 1036 5035 Verbis
1080 4983 1189 5035 suis
1221 4979 1287 5034 id!
1319 4998 1444 5036 vero
1472 4981 1654 5037 suadet
1675 4979 1714 5050 ,⁷
1743 4980 1813 5033 illi
1840 4979 2162 5050 decerptum

596 5052 823 5107 fructum
873 5051 1061 5113 oll'ert,
1108 5067 1334 5120 eumque
1377 5053 1429 5105 in
1472 5048 1787 5119 profundum
1836 5048 2028 5120 inferni
2071 5049 2162 5103 de-

593 5122 747 5195 jicit,
780 5124 868 5188 qui
918 5123 1041 5175 feris
1092 5131 1148 5174 et
1196 5117 1495 5195 volatilibus
1548 5122 1787 5195 sublimis
1838 5117 2160 5195 videbatur:

596 5190 772 5262 dejicit
822 5202 1052 5247 mentem
1078 5193 1312 5245 omnium
1337 5206 1454 5259 qua:
1484 5192 1581 5245 sub
1608 5190 1738 5262 cado
1768 5198 1890 5242 sunt
1918 5190 2163 5262 sinceris-

596 5260 784 5317 simam
817 5279 831 5327 ;
876 5262 1165 5331 exstinguit
1202 5262 1377 5314 lumen
1406 5262 1676 5314 oculorum
1722 5261 1885 5331 Deum
1924 5260 2163 5331 quotidie

595 5327 1101 5402 contemplantium':
1127 5346 1371 5400 pavorem
1392 5332 1557 5402 injicit
1581 5332 1631 5383 in
1656 5344 1776 5382 eum
1803 5327 2162 5402 quifrequcn—

597 5415 679 5458 ter
708 5399 873 5457 Deum
913 5399 1274 5470 alloquebatur
1305 5418 1316 5453 :
1352 5401 1591 5455 dissolvit
1634 5414 1819 5452 manus
1858 5399 1972 5453 illas
1998 5440 2011 5463 ,
2042 5415 2160 5467 qme

598 5474 978 5528 benedixerant
1002 5473 1185 5526 avibus
1220 5470 1332 5524 caeli
1360 5483 1413 5526 et
1441 5472 1622 5525 bestiis
1648 5479 1802 5523 terra:
1826 5510 1840 5531 ,
1873 5478 2030 5538 atque
2057 5470 2160 5522 illis

597 5545 807 5597 nomina
833 5544 1146 5597 indiderant.
1178 5542 1286 5595 ltex
1313 5540 1763 5608 efficiturpauper
1783 5581 1797 5603 ,
1826 5539 1973 5592 dives
1992 5580 2007 5599 ,
2037 5554 2161 5608 ege-

599 5628 735 5676 nus;
774 5616 861 5682 qui
906 5615 1073 5666 amica
1116 5611 1498 5671 consuetudine
1540 5608 1708 5665 Deum
1756 5610 2154 5682 alloquebatur,

598 5684 748 5749 quasi
776 5678 857 5735 fur
882 5683 981 5736 sub
1007 5684 1196 5737 arbore
1225 5684 1515 5737 occultatur
1538 5698 1554 5747 ;
1581 5682 1858 5751 princeps,
1878 5678 2110 5751 iamulus
2137 5721 2154 5746 ,

598 5748 759 5819 purus
782 5752 960 5812 cordo,
992 5762 1130 5805 totus
1157 5752 1421 5817 sordidus,
1449 5748 1625 5807 animo
1652 5748 1979 5820 splendidus,
2012 5758 2158 5820 tene-

602 5818 792 5875 brosus
816 5823 1166 5878 constituitur.
1181 5822 1364 5879 Videre
1380 5830 1493 5879 erat
1517 5837 1659 5892 eum,
1681 5818 1770 5891 qui
1800 5832 1855 5876 ut
1879 5818 1957 5875 sol
1983 5818 2158 5889 splen-

2066 381 2331 438 SPURM.

3743 389 3848 447 559

2272 494 2431 550 debat
2458 538 2472 563 ,
2504 496 2560 571 in
2589 497 2813 563 caligine
2852 507 3070 571 repente
3100 500 3328 567 positum
3354 518 3367 565 ;
3401 502 3489 571 qui
3521 502 3848 561 ila-monibus

2274 569 2579 620 tremendus
2604 579 2738 633 erat,
2773 572 2822 622 in
2853 569 3133 643 ludibrium
3167 573 3393 643 positum
3421 569 3439 637 ξ
3467 573 3555 643 qui
3587 572 3720 627 liber
3744 574 3848 628 for-

2271 645 2444 712 mains
2477 648 2589 712 erat
2611 650 2722 712 ,“ut
2753 655 2961 693 servum
3008 640 3375 712 absconditum
3406 658 3420 706 ;
3450 640 3539 709 qui
3584 644 3849 712 gloriosus

2270 715 2325 758 et
2366 706 2691 784 honorabilis
2735 719 2888 774 erat,
2932 711 3313 784 ut__inglorium
3353 706 3727 784 sordidumque
3762 714 3841 784 ja-

2268 785 2493 855 centem.
2531 778 2883 855 Quapropter,
2920 778 3461 855 audito’gesibenevoli
3483 823 3497 847 ,
3523 778 3657 838 hanc
3682 778 3843 837 histo.

2268 848 2402 922 riam
2433 848 2769 922 repetentes,
2798 850 3072 922 videamus
3099 848 3385 921 Scriptum
3408 854 3656 922 abyssum
3681 894 3695 918 ,
3725 871 3847 909 nar-

2268 916 2491 992 rationis
2532 920 2724 992 seriem
2767 920 3098 992 exhibentes.
3150 940 3168 972 ε
3206 916 3269 992 Et
3311 922 3442 976 vidit
3477 916 3845 992 mulieriquod

2269 984 2465 1061 bonum
2492 998 2634 1042 esset
2665 989 2859 1061 lignum
2886 990 2951 1045 ad
2977 990 3362 1061 comedendum
3388 1033 3404 1056 ,
3433 1002 3483 1047 ct
3512 993 3650 1061 quod
3676 984 3842 1049 oculis

2269 1052 2549 1131 placidum,
2572 1068 2625 1131 et
2646 1052 2942 1125 speciosum
2962 1060 3025 1131 ad
3049 1052 3464 1129 intelligendum.
3488 1052 3553 1116 Εἰ
3580 1065 3847 1131 accipiens

2267 1126 2458 1203 niuiier
2472 1127 2785 1203 defructu,
2814 1130 3066 1195 comedit,
3096 1142 3151 1186 et
3178 1126 3322 1186 dedit
3349 1134 3463 1187 viro
3492 1148 3588 1186 suo
3618 1154 3635 1185 ι
3672 1126 3838 1203 (⁷6811.

2266 1194 2318 1270 ξ.
2352 1195 2444 1270 fi).
2472 1196 2657 1270 Yiden’
2686 1202 3024 1268 voluptatem,
3056 1194 3175 1270 quae
3202 1212 3425 1257 mortem
3459 1194 3739 1270 procurat?
3766 1205 3845 1257 vi-

2266 1264 2386 1343 den:
2416 1268 2735 1337 voluptatem
2776 1264 2895 1337 qua:
2923 1271 2973 1324 in
3002 1264 3263 1326 infernum
3292 1264 3514 1339 dejicit?
3545 1270 3717 1343 viden‘
3742 1290 3840 1343 gue

2265 1336 2594 1415 stationem},
2627 1336 3068 1415 qttaegustanlem
3099 1359 3143 1415 a_
3158 1336 3398 1409 paradiso
3426 1345 3653 1415 alienum
3684 1336 3841 1399 facit?

2266 1404 2431 1480 Nemo
2470 1404 2715 1462 cordatus
2752 1404 2948 1477 lignum
2985 1412 3033 1463 in
3063 1404 3271 1480 culpam
3330 1424 3520 1479 vocet,
3560 1408 3652 1466 sed
3691 1430 3843 1469 com-

2264 1478 2999 1556 edentem.Quemadmodum
3027 1478 3167 1556 enini
3197 1484 3237 1535 si
3265 1482 3380 1553 quis
3402 1498 3496 1556 rex
3524 1484 3674 1556 militi
3702 1499 3841 1552 prat-

2264 1547 2463 1621 cipiat_,
2506 1565 2572 1621 nc
2611 1565 2767 1617 quem
2804 1553 3099 1618 principum
3142 1547 3508 1621 intra'regium
3539 1547 3840 1610 cubiculum

2266 1615 2465 1690 ingredi
2509 1615 2686 1690 sinat,
2720 1615 2817 1673 aut
2853 1615 3102 1676 arcanum
3150 1622 3247 1690 ipsi
3295 1615 3572 1687 revelatis,
3606 1633 3743 1677 vetet
3776 1640 3843 1679 ne

2264 1687 2536 1759 qnisralins
2555 1688 2758 1743 ediscat
2780 1708 2793 1742 :
2819 1690 2905 1743 ille
2930 1706 3057 1746 vero
3082 1687 3327 1759 egressus
3353 1694 3401 1746 id
3431 1696 3694 1748 renuntiet
3723 1694 3843 1747 aliis

2268 1772 2369 1834 pro
2390 1757 2589 1821 lubito;
2618 1759 2703 1812 die
2735 1758 2889 1834 _mi_hi,
2913 1775 2993 1834 an_
3022 1757 3137 1834 non
3163 1778 3350 1834 pinnas
3377 1762 3521 1817 dabit
3551 1764 3635 1818 ille
3654 1805 3669 1829 ,
3698 1764 3843 1834 quod

2263 1827 2482 1901 regiuni
2514 1829 3131 1901 spreveritiimperium?
3160 1827 3388 1901 ldipsum
3428 1834 3477 1885 in
3519 1827 3730 1889 Adamo'
3767 1835 3847 1887 fa-

2264 1905 2428 1973 ctum.
2448 1896 2631 1973 Omnia
2654 1899 2749 1966 ipsi
2774 1896 2914 1954 Deus
2935 1900 3152 1973 dederat
3170 1902 3220 1956 in
3236 1896 3415 1973 cibum,
3431 1914 3481 1956 et
3496 1904 3838 1973 voluptatem,

2264 1967 2502 2040 arbores,
2531 1968 2749 2040 fructus,
2769 1984 2953 2038 aquas,
2978 1972 3202 2038 paradisi
3224 1967 3634 2040 jucunditatem,
3649 1967 3839 2040 solem,

2263 2035 2517 2111 Iunoniet
2542 2039 2758 2111 stellas”:
2788 2035 2941 2093 unius
2968 2035 3093 2093 vero
3117 2035 3240 2111 ligni
3268 2044 3493 2097 fructum
3521 2035 3839 2098 servandum

2268 2107 2501 2168 tradidit,
2533 2108 2752 2182 dominii
2783 2107 3233 2182 argumentnm'et
3263 2112 3542 2181 imaginem
3572 2116 3839 2182 praebens,

2264 2187 2691 2251 praeceptumque
2717 2179 2851 2234 dans
2876 2180 2941 2233 ad
2968 2179 3585 2251 ohsequentiam'opilicii
3614 2186 3714 2237 sui.
3747 2184 3843 2239 llle

2264 2248 2649 2320 vero‘oondum
2682 2251 2814 2303 intra
2848 2251 2960 2305 haec
2994 2248 3175 2320 gratiae
3211 2252 3346 2306 dona
3378 2248 3672 2308 consistens
3694 2296 3708 2317 ,
3740 2270 3843 2309 nec

2264 2313 2973 2393 dignitatismagnitudinem
2995 2313 3059 2393 in,
3087 2322 3253 2390 pretio
3280 2322 3509 2383 habens.
3537 2313 3707 2393 neque
3734 2324 3839 2378 im-

2264 2388 2395 2461 perii
2426 2389 2505 2441 sui
2535 2388 3182 2461 libertatemcustodiens.
3218 2394 3451 2461 iniquum
3481 2388 3638 2448 illum'
3658 2404 3711 2448 et
3740 2394 3842 2447 iiii-

2264 2456 2458 2543 inicum
2486 2454 2723 2543 veritatis
2750 2459 2947 2542 audivit
2969 2470 3071 2543 ,_e_t.
3094 2454 3506 2543 inobsequentes.
3533 2481 3589 2517 se
3614 2464 3838 2529 dedidit,

2266 2524 2540 2606 factusque
2566 2532 3072 2606 _es_t_ex_immoriali
3109 2524 3347 2606 mortalis
3370 2550 3384 2599 ;
3414 2534 3660 2606 princeps
3686 2524 3839 2606 pars;

2263 2594 2542 2672 disi_ej'usi
2566 2599 2887 2657 habitatione
2927 2601 3191 2668 privatus;
3220 2604 3307 2672 qui
3346 2594 3841 2659 veritatis-semitas

2265 2668 2486 2743 terebat,
2512 2668 2809 2723 dminonum
2830 2672 3110 2743 ludibrium
3131 2668 3382 2738 effectus;
3405 2676 3490 2742 qui
3512 2675 3699 2743 plenus
3719 2674 3841 2743 Spi-
3896 2676 3899 2679 ’

2265 2737 2367 2813 ritu
2394 2750 2577 2813 sancto
2602 2749 2733 2813 erat,
2765 2742 3037 2813 spiritibus
3064 2744 3305 2812 malignis
3322 2737 3583 2813 repletus;
3606 2745 3691 2812 qui
3717 2737 3842 2813 pro-

2265 2807 2457 2883 pltetite
2486 2809 2628 2883 dmin
2658 2808 2887 2883 fulgebat
2906 2853 2922 2877 ,
2953 2828 3018 2866 ne
3051 2813 3135 2883 sui
3161 2807 3395 2881 quidem'
3418 2815 3582 2883 ipsius
3621 2807 3838 2883 gnarus.

2265 2876 2534 2952 completa
2560 2876 2787 2952 denique
2828 2882 2915 2936 illa
2954 2876 3225 2937 mortifera
3255 2876 3648 2952 inobsequentia
3672 2927 3687 2948 ,
3716 2902 3836 2939 cum

2265 2947 2618 3023 advertissent
2644 2947 2812 3023 Adam
2840 2962 2892 3007 et
2922 2952 3033 3023 Eva
3063 2968 3120 3006 se
3148 2953 3317 3007 nudos
3343 2947 3472 3009 esse
3491 2954 3558 3008 ob
3584 2956 3837 3023 pra-vari-

2265 3018 2529 3073 cationem
2556 3037 2569 3073 :
2601 3021 2812 3089 quando
2840 3024 2979 3075 enim
3006 3022 3185 3076 divino
3214 3018 3621 3079 immortalitatis
3648 3028 3838 3079 vestitu

2266 3097 2561 3158 ornatuque
2597 3092 2774 3144 amicti
2804 3101 2990 3156 erant,
3034 3093 3323 3147 nuditatem
3366 3109 3513 3148 suam
3558 3110 3662 3148 non
3693 3096 3838 3150 vide-

2268 3157 2395 3211 bant
2420 3200 2445 3231 ,Α
2466 3157 2585 3213 cum
2622 3170 2797 3215 autem
2838 3162 3062 3217 accessit
3099 3164 3463 3231 prtevaricatio
3487 3205 3502 3228 ,
3533 3173 3587 3218 et
3620 3165 3836 3220 inobse-

2266 3228 2497 3302 quentiaa
2521 3245 2654 3302 opus
2678 3231 2966 3302 perfectum
2996 3228 3251 3302 est,'tunc
3276 3234 3656 3302 turpitudinem
3688 3251 3835 3289 suam

2267 3296 2530 3371 viderunt.
2558 3296 2760 3354 Deinde
2784 3301 3080 3369 Audierant,
3107 3300 3291 3371 inquit,
3315 3296 3478 3357 vocem
3507 3304 3711 3357 Domini
3731 3323 3837 3358 ant-

2268 3368 2486 3441 buiantis
2514 3369 2566 3423 in
2594 3370 2835 3441 paradiso
2872 3374 3007 3425 circa
3045 3368 3301 3426 meridiem
3326 3415 3339 3435 ,
3370 3384 3414 3427 et
3444 3392 3497 3427 se
3525 3376 3838 3429 occultaruut

2268 3438 2433 3515 ddam
2457 3448 2503 3492 et
2531 3438 2658 3494 uxor
2683 3442 2848 3515 ejus_a
2876 3443 3005 3513 facie
3037 3441 3237 3496 Domini
3263 3443 3357 3496 Dei
3384 3441 3532 3514 (Gen.
3562 3442 3613 3499 5.
3643 3444 3714 3515 8).
3751 3442 3839 3500 Fi-

2267 3508 2435 3583 ducia:
2461 3524 2618 3583 causa
2650 3508 2980 3583 prtecisa'est
3008 3530 3024 3567 :
3052 3515 3195 3583 venit
3215 3508 3575 3583 praevaricatio
3597 3557 3613 3579 ,
3637 3508 3691 3569 et
3723 3532 3838 3571 sese

2268 3578 2537 3634 occultant
2563 3582 2631 3654 ab
2655 3580 3045 3654 omnipotente.
3069 3578 3229 3637 Tales
3251 3594 3373 3638 sunt
3402 3585 3457 3651 ii,
3489 3585 3577 3654 qui
3602 3578 3704 3653 pec
3724 3584 3839 3641 ratis

2269 3660 2393 3723 sunt
2417 3651 2589 3723 onusti
2619 3660 2675 3723 et
2700 3652 2892 3706 obruti.
2927 3653 3058 3706 Cum
3090 3656 3229 3708 enim
3258 3654 3374 3723 quis
3415 3651 3679 3709 scortat‘us
3724 3672 3840 3711 ute-

2267 3718 2522 3792 cbatusve
2539 3720 2724 3792 fuerit,
2753 3737 3101 3792 egressusque
3127 3739 3191 3777 ex
3221 3718 3511 3779 meretricis
3535 3726 3696 3792 janua
3723 3767 3731 3791 ,
3758 3728 3836 3779 in-

2270 3790 2478 3874 venerit
2501 3790 2685 3871 virum.
2704 3790 3081 3874 mulieremve_,
3109 3794 3196 3874 qui
3227 3809 3505 3874 occursum
3537 3790 3699 3874 huius
3723 3799 3836 3874 nodi

2268 3869 2505 3933 narrent,
2530 3860 2574 3915 is
2602 3862 2687 3932 qui
2706 3872 2977 3931 peccatum
3000 3860 3494 3918 admisitexistimat
3517 3860 3697 3933 colloqi
3732 3867 3834 3920 ium

2269 3930 2410 3983 circa
2433 3930 2602 3999 ipsum
2621 3930 2830 4004 versari
2854 3972 2871 3997 ,
2900 3940 3024 3986 tunc
3046 3933 3245 4004 pudore
3269 3935 3564 4004 roboreque
3588 3930 3695 3990 afti't
3733 3944 3833 4002 tur,

2267 4008 2521 4074 arguente
2541 4003 2762 4074 peccati
2802 4003 3143 4074 conscientia.
3182 4003 3414 4073 ldipsuin
3456 4003 3594 4074 passi
3632 4021 3691 4059 su
3723 4010 3753 4058 ut
3780 4017 3832 4060 et

2268 4068 2438 4123 Adam
2464 4076 2518 4125 et
2540 4068 2826 4143 Eva.iNam
2857 4088 2998 4143 sazpe
3027 4073 3133 4143 Deo
3163 4074 3212 4127 in
3243 4068 3485 4143 paradiso
3510 4074 3687 4128 ambul
3729 4085 3811 4129 ntc

2270 4155 2555 4209 numquam
2587 4142 2849 4212 pudefacti
2889 4117 2965 4195 ad
2988 4140 3103 4212 ejus
3140 4117 3418 4197 occiirsum
3454 4117 3664 4198 fuerant
3743 4117 3835 4198 sed

2270 4219 2382 4279 post
2427 4223 2697 4280 peccatum
2737 4220 2791 4265 et
2817 4212 3271 4280 inthequeutiam
3307 4228 3424 4268 sese
3454 4214 3683 4267 abseuud
3728 4224 3781 4268 nt
3806 4231 3833 4268 a

2266 4280 2401 4334 facie
2429 4280 2521 4335 Dei
2551 4289 2738 4335 cuncta
2767 4282 3302 4353 perspicientispliinc
3332 4300 3390 4338 se
3410 4284 3541 4338 lucri
3568 4285 3682 4353 quid
3723 4291 3831 4337 itam

2268 4360 2628 4424 reportaturos
2667 4362 2942 4421 sperantes
2974 4370 2987 4405 :
3025 4352 3118 4407 sed
3159 4352 3376 4424 frustra
3399 4355 3560 4409 cessit
3588 4352 3678 4424 ips
3724 4371 3832 4407 rum

2268 4419 2566 4491 prudentia.
2592 4419 2924 4490 Qua'prOpter
2953 4424 3099 4491 quasi
3139 4424 3333 4477 nullam
3366 4419 3676 4478 haberent'd
3724 4426 3831 4478 fen-

2268 4490 2434 4545 sionis
2457 4506 2642 4562 ansam
2681 4500 2773 4545 aut
2813 4490 3054 4545 liduciam
3095 4506 3217 4562 erga
3248 4495 3571 4547 occultorum
3602 4508 3674 4559 co;
3723 4495 3835 4547 lito.

2268 4574 2421 4628 rem,
2454 4560 2567 4630 ipse
2593 4562 2768 4617 cordis
2799 4570 2853 4616 et
2890 4575 3075 4630 renum
3120 4560 3382 4617 scrutator
3422 4563 3549 4618 dicit
3592 4563 3669 4617 Ad
3727 4580 3828 4616 no:

2267 4626 2431 4703 Adam
2454 4626 2660 4703 ,'ubi_es
2691 4630 2849 4703 (Gen:
2883 4626 2934 4686 3.
2966 4631 3084 4703 9),!
3124 4632 3449 4688 defensionis
3485 4644 3666 4687 ansam
3729 4633 3830 4703 psis

2268 4700 2509 4769 prmbens
2538 4720 2551 4754 :
2583 4700 2677 4756 Ubi
2702 4700 2753 4755 es
2775 4700 2800 4754 ?
2821 4700 2937 4757 Jam
2968 4700 3194 4773 deliguo
3219 4705 3494 4757 comedisti
3516 4745 3530 4767 ,
3558 4718 3656 4757 nec
3723 4700 3829 4773 pta-

2266 4779 2377 4824 tum
2407 4784 2466 4825 es
2493 4781 2807 4842 assequutus
2836 4789 2849 4824 :
2878 4773 2988 4842 jam
3029 4772 3081 4825 in
3123 4775 3608 4842 praevaricationem
3658 4773 3663 4825 Ῑ
3724 4772 3829 4841 )sus

2264 4856 2323 4894 es
2344 4881 2359 4905 ,
2389 4850 2444 4895 et
2466 4854 2494 4892 a
2529 4840 2800 4896 divinitate
2824 4841 3082 4895 excidisti.
3111 4840 3293 4904 Adam,
3321 4843 3405 4895 ubi
3425 4843 3522 4896 es?
3549 4843 3643 4897 llle
3723 4860 3827 4896 :ro:

2276 4908 2453 4963 Vocem
2471 4919 2608 4963 tuam
2623 4912 2791 4965 audivi
2801 4912 3102 4965 ambulantis
3122 4914 3173 4965 in
3192 4913 3447 4979 paradiso,
3471 4922 3517 4965 et
3539 4914 3656 4964 timu
3723 4914 3828 4976 quia

2265 4982 2430 5063 nudus
2457 4998 2568 5034 sunt
2590 5020 2605 5044 ,
2638 4991 2683 5063 et
2709 4982 3057 5063 nzeoccultavi
3290 4982 3488 5063 nam).
3520 4982 3653 5063 Vide
3736 4997 3821 5063 pu:

2265 5048 2447 5121 dorem
2485 5051 2732 5120 peccati?
2764 5051 2937 5105 viden’
2982 5048 3179 5120 peccati
3219 5048 3634 5121 turpitudinem?
3723 5048 3829 5107 tien‘

2266 5120 2498 5190 tribunal
2533 5121 2667 5174 intra
2716 5122 2973 5175 Ada‘mum
3023 5126 3288 5190 positum,
3335 5123 3503 5190 ipsum
3546 5122 3646 5175 iuet
3732 5140 3825 5187 ns,

2264 5190 2404 5261 quod
2426 5189 2591 5261 a_Deo
2610 5205 2668 5244 se
2688 5189 3107 5261 abalienaverit?
3138 5189 3378 5261 Dixitque
3407 5193 3577 5245 Deus:
3608 5192 3646 5258 ρ
3723 5192 3826 5245 :tibi

2264 5259 2499 5333 indicavit
2522 5300 2536 5321 ,
2565 5260 2697 5328 quod
2727 5260 2890 5333 nudus
2914 5270 3041 5314 esses
3062 5302 3076 5321 ,
3108 5263 3204 5333 nisi
3232 5259 3347 5330 quia
3372 5276 3432 5314 ea:
3452 5262 3587 5331 ligna
3607 5304 3622 5325 ,
3738 5280 3825 5333 qua

2264 5330 2370 5381 solo
2410 5344 2738 5396 pra-ceperam
2783 5330 2869 5382 tibi
2909 5346 2970 5382 ne
2998 5332 3274 5384 comcdcres
3299 5374 3313 5395 ,
3353 5347 3416 5384 ex
3453 5330 3541 5385 illo
3580 5347 3637 5383 co
3723 5330 3827 5384 disti

2266 5396 2439 5468 (Ibid.
2471 5414 2515 5468 υ.
2550 5401 2606 5453 ll
2641 5406 2692 5468 )?
2715 5400 2963 5453 Dimisisti
2992 5412 3077 5453 me
3101 5401 3463 5465 Conditorem,
3489 5411 3543 5455 et
3572 5400 3634 5453 ad
3723 5400 3825 5456 inii-

2264 5484 2383 5521 cum
2409 5467 2645 5522 defecisti
2680 5487 2692 5521 :
2721 5470 2980 5537 reliquisti
3022 5484 3106 5524 me
3134 5470 3438 5525 Creatorem
3465 5510 3479 5535 ,
3510 5482 3565 5525 et
3590 5485 3634 5525 ct
3743 5487 3795 5525 se

2264 5537 2479 5591 ductore
2505 5540 2839 5609 consensisti.
2863 5538 2971 5608 Ego
2994 5539 3081 5592 tibi
3106 5554 3460 5609 pi-zeceperam
3484 5550 3540 5594 ut
3562 5555 3627 5594 ne
3733 5542 3821 5609 hoc

2268 5609 2382 5659 solo
2410 5608 2715 5662 conicderes
2735 5649 2749 5669 ,
2777 5620 2832 5662 et
2864 5607 2925 5661 tu
2943 5618 3061 5661 cum
3087 5607 3298 5664 diabolo
3326 5610 3602 5663 consllium
3724 5607 3819 5662 sti?

2266 5677 2557 5746 Respondit
2595 5678 2759 5731 Adam
2794 5696 2805 5729 :
2846 5675 3052 5741 Mulier,
3100 5695 3251 5747 quam
3295 5681 3472 5733 dedisti
3520 5681 3625 5731 mih;
3723 5681 3819 5747 ipsa

2266 5748 2387 5800 milii
2413 5748 2547 5801 dedit
2568 5748 2627 5799 de
2643 5748 2798 5817 ligno,
2825 5758 2871 5801 et
2896 5748 3087 5801 comedi
3108 5747 3258 5817 (Gen.
3282 5751 3331 5803 3.
3365 5750 3471 5817 1‘2).
3490 5749 3535 5805 0
3558 5751 3624 5804 ob
3723 5760 3817 5802 Iunt

2270 5820 2476 5873 ratione
2498 5832 2715 5874 vacuum
2742 5819 2756 5873 l
2787 5834 2819 5876 ο
2845 5818 3203 5877 defensionem
3231 5820 3462 5893 loquenti
3491 5820 3554 5874 ad
3581 5821 3621 5873 n2
3730 5819 3818 5873 uti.
