4126 6326
407 450 512 506 553

404 566 507 620 lem
533 565 547 615 !
569 578 603 616 0
627 561 821 616 dictum
849 575 1085 613 amarum
1102 559 1294 612 dicenti
1322 574 1425 612 non
1448 559 1710 614 salutare!
1741 560 1971 616 Uxorem

402 635 523 689 dedi
554 634 644 685 tibi
667 631 994 699 adjutricem,
1022 647 1125 683 non
1156 630 1332 683 heram
1359 646 1372 691 ;
1404 640 1724 692 consortem,
1754 646 1857 683 non
1878 629 1973 683 do-

403 708 598 757 minam
624 719 638 766 ;
668 711 723 754 ut
746 702 1068 754 consentiret
1091 739 1105 760 ,
1137 715 1239 753 non
1272 708 1325 750 ut
1361 700 1572 752 doceret
1599 718 1613 763 ;
1651 702 1927 767 conjugem
1952 739 1969 765 ,

402 789 507 828 non
525 775 898 841 imperantem;
920 770 1202 841 subditam,
1226 785 1326 821 nou
1344 770 1703 841 sublimiorem
1725 787 1739 833 ;
1765 771 1855 823 tibi
1875 771 1967 823 ob-

402 838 710 924 sequentem
738 883 753 904 ,
785 848 970 924 tioit_te
997 838 1380 924 subjicieatem.
1409 839 1761 924 Quamobrem
1790 850 1971 920 utpote

401 909 492 980 qui
518 912 785 966 inimicum
812 909 1040 961 audieris
1061 949 1076 973 ,
1109 909 1338 980 mihique
1367 924 1468 961 non
1497 910 1965 976 obtemperaveris,

400 979 584 1049 accipe
608 981 1016 1049 correptionem,
1046 993 1201 1047 quam
1233 979 1475 1031 diuturna
1502 980 1691 1033 s:ccula
1725 995 1827 1033 non
1852 996 1965 1049 ιιιιιτ

404 1048 623 1113 ιίιιιιιιιι,
668 1050 818 1118 cujus
855 1048 1111 1102 terminos
1150 1062 1306 1101 nemo
1346 1049 1784 1117 transgredietur,
1826 1048 1967 1118 quod

401 1123 614 1191 pelagus
643 1136 746 1173 non
772 1118 1023 1191 trajiciet
1044 1118 1282 1191 quisquis
1322 1130 1592 1191 assumpto
1618 1134 1844 1191 corpore
1872 1134 1967 1173 ve-

402 1187 592 1245 iiiet'in
624 1190 898 1245 mundum.
928 1187 1081 1251 Vide,
1108 1187 1275 1241 Adam
1301 1228 1314 1248 ,
1356 1206 1375 1237 ι
1405 1187 1537 1255 Quia
1566 1190 1756 1242 audisti
1784 1204 1967 1243 vocem

400 1263 579 1315 uxoris
606 1270 728 1327 tuze,
760 1268 813 1313 et
841 1258 1115 1313 comedisti
1141 1258 1207 1312 de
1238 1259 1377 1323 ligno
1402 1260 1468 1311 de
1494 1275 1598 1325 quo
1621 1260 1734 1313 solo
1767 1274 1968 1327 prazce-

401 1347 581 1400 peram
612 1332 700 1385 tibi
727 1346 793 1384 ne
817 1328 1143 1400 comederes,
1173 1328 1447 1400 maledicta
1472 1336 1614 1383 terra
1642 1331 1693 1400 in
1720 1329 1969 1400 operibus

401 1398 504 1455 tuis
527 1418 541 1455 :
572 1403 622 1454 in
648 1401 919 1454 doloribus
939 1398 1186 1451 comedes
1208 1399 1345 1451 illam
1368 1400 1612 1453 munibus
1637 1398 1821 1454 diebus
1844 1399 1969 1454 vitae

401 1485 525 1525 tute.
556 1472 744 1541 Spinas
770 1478 823 1541 et
852 1469 1071 1541 tribulos
1109 1469 1425 1541 germinabit
1455 1470 1587 1533 tibi,
1629 1480 1683 1523 et
1722 1469 1968 1524 comedes

399 1539 610 1596 fuanum'
624 1542 754 1610 agri.
784 1540 837 1593 In
881 1539 1073 1595 sudore
1108 1539 1280 1610 vultus
1311 1540 1385 1592 tui
1412 1541 1644 1593 vesceris
1672 1554 1808 1608 pane
1835 1548 1926 1593 tuo
1948 1579 1965 1605 ,

398 1612 569 1666 donec
598 1608 877 1665 revertaris
907 1610 958 1662 in
987 1618 1199 1671 terram,
1227 1608 1293 1662 de
1322 1624 1420 1677 qua
1452 1619 1692 1677 sumptus
1717 1625 1775 1665 es
1804 1626 1817 1661 :
1846 1610 1965 1677 quia

400 1691 540 1736 terra
567 1697 625 1735 es
650 1722 663 1745 ,
712 1690 764 1734 et
808 1681 859 1733 in
904 1690 1095 1733 terram
1127 1680 1293 1732 abibis
1317 1697 1336 1730 ι
1376 1680 1394 1748 (
1425 1678 1548 1732 Gen.
1578 1681 1631 1733 5.
1665 1680 1826 1735 l7-l9
1854 1683 1893 1749 ).
1923 1678 1968 1733 Ο

400 1752 825 1806 Inalcdictiouem
850 1791 865 1815 ,
914 1766 1031 1819 qum
1074 1750 1363 1802 visibilibus
1390 1759 1443 1802 et
1472 1751 1817 1804 invisibilibus
1861 1758 1967 1803 tre-

398 1838 599 1875 morem
642 1822 861 1875 incutit!
891 1834 924 1873 0
948 1820 1183 1883 dictum,
1219 1820 1355 1887 quod
1387 1819 1585 1873 infinita
1624 1819 1815 1874 smcnla
1862 1834 1965 1873 non

400 1893 677 1946 mutabunt
706 1893 718 1944 !
750 1907 781 1949 ο
808 1892 1195 1957 corruptionem
1221 1930 1235 1949 ,
1263 1903 1418 1957 quam
1446 1890 1625 1943 mundi
1651 1889 1967 1943 diuturnitas

399 1978 503 2015 non
532 1962 821 2030 autiquavit
850 1962 862 2013 !
895 1974 928 2013 ο
965 1961 1158 2030 dictum
1201 1959 1339 2026 qttod
1381 1974 1531 2027 reges
1570 1968 1624 2014 et
1664 1960 1963 2029 principes,

398 2033 591 2085 divites
616 2029 670 2085 et
699 2045 953 2100 pauperes
982 2029 1294 2100 horrescunt
1321 2037 1375 2082 et
1402 2030 1587 2083 timent
1615 2031 1627 2084 !
1667 2048 1685 2080 ι
1714 2030 1781 2083 Ει
1807 2030 1966 2097 ejecit

402 2102 654 2155 Dominus
681 2098 843 2153 Adam
862 2110 914 2153 et
936 2114 1150 2152 uxorem
1173 2098 1285 2166 ejus
1306 2114 1369 2151 ex
1401 2102 1640 2165 paradiso
1663 2100 1962 2167 voluptatis,

400 2182 455 2224 ut
480 2183 789 2240 operaretur
816 2183 1026 2229 terram.
1060 2170 1125 2222 de
1148 2184 1249 2240 qua
1276 2180 1514 2237 sumptus
1543 2180 1654 2234 est;
1684 2180 1735 2224 et
1765 2184 1967 2239 praace-

400 2244 473 2309 pit
505 2238 752 2294 Dominus
779 2241 1061 2294 Cherubim
1090 2249 1143 2291 et
1168 2238 1467 2309 llaunneum
1495 2241 1725 2305 gladium
1746 2238 1775 2305 ,⁷
1794 2248 1849 2293 ut
1868 2255 1963 2293 cu-

398 2308 659 2365 Stodiretit
704 2312 1002 2379 paradisum
1045 2310 1205 2362 [idem
1242 2327 1259 2359 ι
1308 2308 1473 2379 (Gen.
1504 2312 1555 2364 5.
1585 2311 1686 2379 24)
1709 2350 1725 2376 ,
1764 2319 1817 2364 et
1850 2310 1966 2378 ejus

398 2383 596 2435 aditqu
627 2384 950 2435 inaccessum
981 2390 1272 2438 servarent.
1307 2395 1373 2432 ne
1397 2381 1514 2447 quis
1543 2395 1703 2433 carne
1730 2380 1961 2447 indutus,

398 2464 451 2505 et
479 2454 716 2521 corporis
745 2452 880 2504 mole
907 2450 1281 2521 circumdatus,
1311 2466 1403 2518 per
1430 2451 1543 2517 ejus
1568 2451 1767 2521 ostium
1792 2459 1966 2503 trans-

401 2522 520 2575 iret.
539 2520 861 2574 Dominicutn
881 2536 1005 2572 vero
1019 2520 1213 2571 dictum
1234 2530 1485 2572 teternum
1503 2520 1681 2573 habttit
1696 2520 1962 2585 effectum,

399 2592 612 2659 lia-eque
640 2594 896 2645 sententia
925 2602 1145 2642 mortem
1176 2594 1224 2643 in
1251 2591 1498 2643 mundum
1525 2590 1759 2644 induxit:
1791 2607 1967 2659 reges-

396 2677 496 2730 que
526 2663 621 2729 ipsi
655 2662 787 2714 hanc
809 2676 987 2713 vocem
1017 2659 1318 2724 formidant,
1350 2676 1410 2713 ac
1434 2662 1695 2730 principes
1714 2672 1961 2724 tremunt;

395 2734 583 2785 divites
614 2734 663 2784 iu
692 2732 789 2785 hac
816 2732 1000 2784 illt'illSi
1024 2733 1440 2795 suntscnteutia,
1470 2746 1723 2801 pauperes
1748 2736 1847 2786 hoc
1866 2747 1963 2786 ceu

395 2803 633 2858 debitum
664 2811 969 2870 exspectant
1000 2819 1012 2852 :
1045 2811 1353 2868 cx5pectaut
1383 2803 1558 2869 utique
1586 2804 1783 2856 obitum
1818 2818 1962 2856 mor-

397 2877 527 2926 tales
548 2889 731 2927 onmes
751 2914 764 2935 ,
797 2881 973 2940 utpote
1002 2880 1197 2925 natura:
1218 2881 1507 2925 consortes.
1529 2873 1659 2938 Quid
1683 2874 1821 2925 enim
1847 2872 1967 2927 fecit

397 2945 564 2997 Adam
586 2954 731 2998 extra
761 2944 1057 3011 paradisum
1083 2943 1395 2995 constitutus
1420 2946 1441 2995 Υ
1466 2943 1680 2995 Terram
1710 2942 1960 3011 fodiebat,

397 3028 516 3067 cum
549 3013 671 3068 fletu
697 3014 1033 3081 operabatur,
1064 3028 1183 3064 cum
1211 3016 1427 3079 gemitu,
1458 3013 1649 3066 sudore
1681 3014 1921 3081 perfusus
1947 3056 1961 3078 ,

399 3099 558 3137 onera
588 3086 842 3152 bajulans,
872 3095 1000 3135 :L'sut
1033 3083 1159 3135 solis
1186 3082 1519 3145 intolerabili,
1551 3084 1822 3148 noctisque
1846 3085 1963 3151 gelu

399 3154 693 3222 frigoreqne
718 3155 997 3213 cruciatus,
1025 3152 1181 3205 flendi
1212 3154 1365 3205 tinem
1390 3167 1491 3206 non
1520 3155 1764 3216 faciebat;
1790 3164 1964 3208 mente

399 3228 672 3278 revolvens
694 3223 984 3291 cujusmodi
1008 3224 1270 3291 voluptate
1294 3225 1519 3289 privatus
1558 3234 1714 3287 esset,
1741 3226 1846 3277 imo
1876 3240 1965 3292 pes

306 3324 311 3329 ι
397 3306 545 3349 ctore
569 3297 793 3363 gemitus
822 3293 1115 3356 otitittebat,
1148 3309 1344 3361 oreqne
1370 3296 1526 3345 verba
1555 3294 1738 3347 dolore
1771 3295 1921 3362 plena
1946 3312 1959 3347 :

397 3367 592 3433 apertis
620 3380 801 3419 versus
831 3364 992 3416 [idem
1022 3364 1190 3416 oeulis
1217 3405 1231 3427 ,
1264 3374 1418 3428 caput
1449 3366 1568 3417 hinc
1600 3376 1653 3417 ct
1686 3365 1806 3417 inde
1846 3380 1961 3417 mo-

399 3450 550 3501 vens,
569 3435 944 3490 emeramuth
967 3434 1213 3500 cjulahat,
1248 3434 1491 3501 luctuque
1512 3448 1613 3487 n0n
1631 3434 1960 3500 consolabili,

400 3505 513 3561 bmc
550 3523 677 3560 voce
718 3521 901 3569 magna
937 3504 1236 3557 clamabat:
1274 3504 1383 3556 lleu
1426 3504 1632 3570 quantis
1673 3504 1823 3557 bonis
1859 3507 1963 3557 tuis

400 3578 591 3643 excidi,
618 3578 915 3629 felicissime
940 3575 1178 3643 paradise
1200 3576 1220 3626 ’ἐ
1253 3575 1350 3626 heu
1377 3582 1571 3641 quanto
1598 3573 1787 3641 gaudio
1814 3590 1963 3627 meus

402 3649 704 3715 replebalur
728 3648 932 3699 animus
954 3687 967 3707 ,
999 3660 1117 3697 cum
1149 3644 1588 3715 pulchritudinem
1618 3653 1757 3695 tuam
1790 3645 1959 3715 respi-

399 3713 574 3773 cerem
598 3720 609 3770 !
643 3735 675 3772 ο
702 3727 893 3786 quanta
919 3716 1125 3767 fruebar
1150 3715 1497 3786 exsultatione
1530 3713 1663 3765 intra
1692 3722 1739 3765 te
1766 3714 1961 3786 consti-

402 3800 542 3841 tutus
569 3789 581 3840 !
609 3784 774 3855 Quam
820 3786 1034 3839 l:rtabar
1068 3800 1131 3837 ex
1163 3784 1323 3837 odore
1354 3784 1540 3855 florum
1582 3792 1787 3855 tuorum
1814 3785 1826 3835 !
1857 3799 1961 3850 quo

402 3871 554 3926 pacto
584 3854 708 3910 mihi
751 3871 927 3908 mensa
963 3856 1079 3926 sine
1105 3855 1283 3907 labore
1314 3854 1589 3926 parabatur
1618 3854 1629 3905 !
1663 3868 1778 3926 quo
1809 3864 1961 3926 pacto

401 3922 526 3981 inihi
557 3938 727 3981 crater
760 3925 973 3993 perenni
1004 3926 1206 3991 liquore
1238 3924 1516 3976 manabat!
1553 3922 1818 3989 quomodo
1845 3924 1959 3975 ani-

401 4014 543 4049 mum
586 3998 855 4049 recreabat
896 3996 1197 4063 angelorum
1236 3993 1600 4063 consortiuml
1633 3994 1645 4045 !
1694 3993 1959 4060 quomodo

398 4070 579 4119 oculos
604 4067 930 4119 illuminabat
954 4061 1037 4115 lux
1065 4063 1517 4131 splendidissima!
1543 4061 1755 4130 Opilieia
1783 4064 1959 4116 omnia

403 4148 665 4204 tamquam
706 4152 883 4203 regem
926 4149 1010 4187 tne
1052 4149 1101 4185 ιιι
1141 4134 1340 4204 honore
1385 4133 1664 4204 habebant.
1704 4132 1960 4204 Omnibus

402 4202 860 4260 feristremcndus
888 4218 1032 4256 eram
1066 4222 1078 4257 :
1110 4202 1313 4256 cunctis
1338 4203 1637 4256 volucribus
1662 4217 1757 4270 pro
1796 4203 1960 4256 lubito

400 4277 720 4342 impcrabam
752 4292 764 4326 :
797 4284 1033 4326 creatura
1061 4273 1232 4325 omnis
1276 4287 1358 4325 me
1385 4281 1646 4340 tamquam
1685 4272 1956 4326 dominum

400 4347 731 4414 respiciebat.
764 4344 854 4397 llis
881 4344 1032 4396 bonis
1059 4342 1224 4395 excidi
1256 4357 1351 4411 per
1380 4342 1859 4414 prtevaricationem
1885 4358 1899 4414 ς
1929 4359 1959 4397 e

402 4412 668 4483 voluptate
711 4415 945 4482 dejecms
988 4428 1106 4465 sum
1140 4414 1287 4479 quasi
1328 4413 1677 4483 mancipium;
1707 4427 1737 4464 a
1766 4412 1958 4480 gaudio

404 4495 492 4537 tuo
520 4482 823 4539 deturbatus
860 4485 1005 4549 quasi
1037 4484 1345 4549 improbus;
1389 4498 1418 4535 e
1453 4482 1721 4534 domicilio
1749 4492 1837 4534 tuo
1866 4485 1958 4536 de-

400 4565 576 4609 trusus
601 4558 744 4624 quasi
773 4556 1036 4621 Ingttivus.
1065 4551 1199 4619 Quid
1233 4554 1451 4619 primum
1479 4552 1702 4624 lugeam,
1724 4553 1855 4624 quid
1871 4567 1957 4607 se-

399 4621 668 4678 Cundnui?
715 4642 835 4677 num
883 4624 1283 4691 pulchritudinis
1329 4632 1430 4674 tua:
1477 4621 1861 4691 privationem?
1890 4638 1956 4677 an

398 4697 645 4760 gaudium
672 4690 901 4762 perennc
920 4734 933 4755 ,
969 4696 1123 4745 vitam
1150 4694 1290 4745 curis
1318 4706 1539 4762 vacuam
1559 4731 1574 4756 ,
1603 4690 1821 4762 gloriam
1854 4708 1957 4746 non

398 4766 591 4817 lluxam
614 4767 636 4815 ’ἐ
672 4760 1048 4831 angelorninue
1084 4764 1403 4815 consortium
1436 4760 1735 4831 amissum?
1761 4777 1826 4814 an
1869 4778 1957 4814 ar-

397 4830 773 4902 ehaugelorum
810 4834 1067 4885 sublatum
1094 4830 1451 4900 colloquium?
1474 4833 1631 4902 regni
1670 4830 1914 4885 decorem
1938 4874 1953 4897 ,

392 4901 645 4956 arborum
666 4906 1043 4962 attucnitatem,
1075 4902 1282 4953 luminis
1304 4902 1375 4954 tui
1408 4901 1762 4969 splendorem,
1792 4902 1960 4969 fulgo-

388 4988 511 5025 rem
540 4975 858 5041 perenuem‘!
900 4973 1183 5024 nuditatem
1228 4986 1397 5024 meam
1423 5012 1437 5033 ,
1472 4971 1805 5041 turpitudinis
1832 4972 1958 5025 reli-

383 5040 581 5107 quias,
619 5044 1076 5112 exprobrationem
1120 5041 1423 5112 angelorum
1453 5041 1475 5092 ?
1505 5040 1959 5112 ferarumirebel-

388 5112 615 5173 limiem,
638 5110 997 5181 jmuentorutn
1028 5110 1519 5181 inobsequentiam?
1552 5111 1642 5163 Dei
1672 5111 1955 5163 amicitiam

398 5180 685 5247 perditam,
728 5184 950 5249 Spiritus
997 5180 1307 5233 recessum?
1353 5180 1960 5249 beatitudinetniperpe-

398 5252 580 5303 tuam?
608 5254 722 5316 Quo
755 5248 893 5304 luctu
918 5290 933 5315 ,
975 5266 1078 5318 quo
1119 5251 1242 5303 fletu
1290 5250 1400 5302 haec
1436 5248 1764 5318 prosequar?
1802 5264 1958 5318 quam

398 5321 813 5374 humiliatiouem
858 5320 1202 5386 amplexabor
1227 5320 1249 5358 "
1284 5335 1439 5387 quam
1481 5318 1788 5386 tragoediam
1833 5320 1962 5372 inci-

396 5391 584 5456 piam?
621 5406 775 5459 quem
818 5390 1066 5457 ejulatum
1110 5389 1383 5441 emittam?
1417 5404 1571 5457 quem
1600 5389 1836 5442 dolorem
1879 5404 1965 5442 se-

395 5459 534 5530 oabo
556 5501 570 5524 ,
601 5476 665 5511 an
688 5473 1014 5530 ‘pt'wscntem
1038 5500 1052 5523 ,
1080 5473 1146 5530 an
1177 5470 1517 5527 sequentem,
1546 5473 1610 5511 an
1642 5474 1761 5512 eum
1793 5460 1880 5527 qui
1910 5460 1961 5511 in

395 5529 618 5582 inferis?
643 5529 708 5581 au
736 5530 983 5581 sudorem
1009 5529 1200 5590 vultus,
1229 5532 1495 5596 spinarum
1526 5530 1780 5597 germina,
1808 5538 1962 5581 terra:

393 5599 849 5665 increpatioucm?
890 5598 998 5649 l\'ou
1030 5598 1137 5649 fero
1167 5598 1367 5651 doloris
1394 5600 1638 5665 reliquias
1660 5640 1674 5663 ,
1707 5616 1811 5651 non
1848 5597 1962 5651 fero

391 5670 684 5734 gemitum,
726 5684 831 5720 non
876 5667 987 5719 fero
1018 5669 1295 5733 voluptatis
1327 5678 1428 5721 tua).
1468 5678 1806 5737 conspectmn
1830 5709 1843 5733 ,
1873 5682 1963 5720 c0-

398 5820 799 5931 mSth.)ti.'tl.tus,
843 5823 1075 5884 quomodo
1119 5823 1435 5874 oblectabatur
1468 5825 1653 5876 animus
1686 5825 1963 5887 engelmann

462 5895 475 5911 ν
562 5896 610 5930 ια
635 5916 648 5931 .

462 5895 610 5930 εωυια
635 5895 648 5933 o'

1600 444 1663 499 IN
1700 444 1994 501 GENESIM
2031 446 2259 502 SERMO
2298 446 2383 500 Ill.

3539 452 3641 509 δδι

2076 576 2189 616 ram
2209 572 2258 616 te
2282 561 2614 634 constitutus.
2636 562 2925 618 Extraneus
2944 564 3033 620 tibi
3061 565 3428 634 domicilioque
3450 574 3540 619 tuo
3567 569 3641 619 t‘a-

2075 641 2191 705 ctus
2221 647 2336 685 sum
2361 675 2373 692 .
2404 633 2711 705 aliennsque
2736 649 2764 705 a
2795 637 3008 701 perenni
3037 651 3133 689 usu
3176 636 3247 689 tui
3270 677 3282 695 .
3317 633 3523 705 propria
3550 652 3641 689 vo-

2075 701 2276 756 luntate
2303 718 2387 755 me
2415 703 2643 756 alienum
2673 718 2701 756 a
2734 704 2840 757 Deo
2878 706 3144 759 constitui.
3191 701 3640 760 Alienus'dehinc

2075 786 2169 842 ero
2210 786 2239 825 a
2280 781 2369 825 tuo
2404 783 2688 839 conspectu
2736 784 2789 826 et
2826 775 3289 842 contemplatione.
3344 775 3455 829 Non
3506 777 3639 830 ultra

2075 840 2220 895 fruar
2242 844 2506 913 voluptate
2531 853 2650 904 tua;
2680 858 2781 895 non
2810 844 2943 896 ultra
2969 840 3289 899 beatitudine
3318 854 3402 898 tua
3432 848 3635 913 potiar;

2075 926 2180 964 non
2213 911 2345 964 ultra
2376 912 2517 965 fruar
2542 923 2755 979 aspectu
2785 922 2912 975 tuo;
2946 930 3045 966 non
3082 916 3214 967 ultra
3253 914 3414 969 radiis
3436 911 3543 969 tuis
3571 916 3637 967 il-

2074 980 2373 1041 lustrabor;
2406 996 2509 1034 non
2538 982 2671 1034 ultra
2702 984 2751 1034 in
2788 992 2836 1037 te
2867 982 3128 1037 habitabo.
3160 985 3344 1038 Omnia
3375 985 3501 1038 mihi
3532 985 3641 1038 fru-

2074 1059 2182 1103 stra
2226 1065 2466 1114 cessere;
2507 1051 2684 1105 omnia
2730 1063 2786 1104 ut
2828 1054 3010 1105 umbra
3053 1057 3415 1116 transierunt,
3463 1056 3638 1108 omnia

2075 1122 2220 1174 velut
2258 1123 2520 1174 somnium
2549 1122 2949 1189 praeterierunt,
2989 1126 3164 1175 omnia
3207 1125 3274 1176 ab
3301 1124 3466 1177 oculis
3506 1125 3638 1177 meis

2072 1192 2628 1262 abscesserunt,quasi
2652 1207 2933 1260 numquam
2956 1194 3298 1247 exstitissent.
3330 1194 3461 1248 Νιιιιι
3489 1204 3639 1262 potes

2072 1261 2229 1313 etiam
2259 1269 2312 1313 tu
2350 1260 2603 1328 Opiticem
2644 1275 2831 1328 rogare
2854 1303 2868 1323 ,
2912 1270 2969 1315 ut
3006 1278 3074 1317 ne
3111 1263 3178 1316 ab
3218 1260 3514 1318 habitae.qu
3549 1274 3639 1317 tuo

2072 1329 2358 1383 detrudar?
2389 1331 2567 1385 Flecte
2591 1332 2809 1385 arbores
2837 1341 2973 1398 tuas,
2999 1344 3052 1387 et
3080 1334 3365 1401 procumbe
3392 1344 3512 1386 ante
3535 1334 3638 1386 mi-

2072 1410 2360 1453 seratorem
2394 1402 2562 1463 illum,
2595 1402 2768 1454 sonitu
2795 1401 3035 1456 foliorum
3067 1412 3271 1456 tuorum
3300 1404 3504 1457 fortiter
3529 1404 3638 1457 cla-

2074 1485 2177 1541 ma.
2211 1470 2569 1525 Felicissimns
2599 1471 2761 1523 factus
2784 1487 2843 1525 es
2867 1471 3015 1541 jussu
3046 1474 3271 1537 Domini,
3304 1487 3366 1526 ac
3394 1473 3636 1526 fiduciam

2072 1539 2236 1612 habes
2258 1581 2272 1601 ,
2296 1548 2477 1609 utpote
2502 1542 2690 1594 domus
2721 1542 2810 1595 Dei
2839 1539 3024 1597 nostri.
3058 1543 3255 1597 Attolle
3280 1543 3428 1612 quasi
3455 1546 3637 1596 oculos

2072 1609 2335 1664 fructuum
2366 1621 2570 1664 tuorum
2601 1612 2830 1679 speciem
2868 1620 2921 1666 et
2958 1614 3105 1681 quasi
3129 1628 3189 1665 os
3214 1609 3468 1681 eloquens
3495 1614 3640 1679 plan-

2072 1688 2243 1733 tarum
2278 1690 2482 1734 tuarum
2512 1681 2749 1743 odorem,
2780 1691 2835 1736 ut
2855 1692 3069 1749 apertus
3099 1698 3311 1737 maneas
3337 1684 3532 1735 amanti
3565 1692 3633 1736 te.

2074 1750 2210 1821 Ecce
2249 1751 2355 1817 jam
2394 1766 2455 1821 os
2484 1766 2656 1805 meum
2687 1752 2960 1805 clamando
2986 1752 3325 1821 defatigatum
3360 1763 3476 1815 est;
3512 1768 3638 1806 ecce

2070 1819 2245 1888 lingua
2268 1836 2382 1874 mea
2404 1820 2651 1888 loquendi
2681 1822 2836 1875 tinem
2865 1822 3022 1886 fecit;
3056 1819 3181 1877 ecce
3206 1824 3379 1877 fauces
3406 1838 3536 1875 mea:
3562 1823 3639 1875 si-

2072 1890 2234 1943 lentio
2261 1890 2593 1957 colligantur.
2628 1890 2698 1946 Ut
2726 1893 2869 1960 pravi
2899 1894 3101 1947 consilii
3129 1894 3427 1955 damnatus,
3462 1905 3515 1944 ut
3544 1893 3641 1945 mi-

2071 1975 2158 2014 ser
2178 1960 2421 2024 nudatus,
2452 1971 2509 2014 ut
2529 1962 2719 2030 impius
2746 1962 2942 2030 ejectus
2968 1976 3105 2028 sum,
3131 1972 3189 2016 ut
3214 1975 3453 2018 terrenus
3484 1972 3638 2016 terrae

2070 2043 2187 2084 sum
2214 2031 2435 2084 traditus
2458 2073 2473 2095 ,
2504 2047 2568 2084 ex
2594 2046 2694 2100 qua
2726 2033 2862 2085 exivi
2889 2049 2903 2096 ;
2935 2033 2986 2085 in
3013 2048 3129 2086 eam
3157 2047 3221 2087 ex
3251 2048 3352 2099 qua
3382 2031 3639 2087 formatus

2070 2114 2187 2171 sum
2215 2101 2394 2171 redeo,
2424 2116 2520 2154 nec
2541 2103 2674 2154 ultra
2697 2103 3028 2171 contemplor
3046 2102 3252 2157 decoris
3279 2103 3351 2156 tui
3384 2104 3636 2170 speciem.

2074 2170 2275 2241 Deinde
2302 2186 2591 2225 conversus
2620 2171 2684 2224 ad
2718 2173 2989 2226 mulierem
3013 2214 3027 2237 ,
3062 2174 3269 2241 probris
3292 2184 3373 2227 est
3401 2188 3555 2231 usus.
3584 2184 3640 2226 et

2070 2240 2122 2294 in
2151 2241 2498 2296 amaritudine
2523 2243 2713 2294 anima:
2732 2242 2895 2295 dixit:
2916 2244 3019 2296 Cur
3038 2240 3163 2296 mihi
3188 2243 3634 2296 immortalitatem

2069 2310 2377 2375 decerpsisti
2408 2352 2423 2375 ,
2464 2312 2696 2365 mulier?
2733 2326 2828 2365 cur
2853 2314 3087 2365 omnium
3116 2312 3387 2366 dominum
3420 2312 3635 2365 effecisti

2069 2381 2367 2434 mendicum
2389 2382 2411 2435 ?
2440 2397 2535 2435 cur
2556 2396 2731 2449 regem
2760 2382 2940 2435 mundi
2966 2398 3174 2437 servum
3202 2382 3481 2436 exhibuiin
3501 2382 3522 2433 τ
3544 2396 3640 2434 cur

2069 2451 2254 2503 oculos
2294 2466 2440 2505 meos
2478 2452 2676 2506 lumine
2714 2451 2947 2506 fruentes
2973 2453 3286 2507 excaecasti?
3311 2468 3406 2505 cur
3434 2467 3516 2505 me
3546 2466 3637 2504 ve-

2069 2521 2195 2574 stitu
2226 2522 2412 2575 exuisti
2439 2562 2453 2581 .
2484 2537 2638 2589 quem
2682 2537 2785 2575 non
2818 2523 3107 2576 texueras?
3153 2538 3248 2576 cur
3292 2522 3477 2576 honori
3518 2535 3638 2574 meo

2070 2591 2333 2645 invidisti?
2354 2607 2448 2645 cur
2470 2593 2811 2662 archetypum
2833 2593 3077 2647 decorem
3108 2607 3282 2646 meum
3308 2591 3600 2646 obscurasti
3617 2592 3653 2643 τ

2068 2676 2165 2713 cur
2191 2662 2308 2716 vita:
2331 2663 2542 2716 nomine
2563 2663 2774 2719 donata.
2798 2677 2939 2717 mors
2966 2663 3091 2716 mihi
3119 2663 3292 2716 fuiSIi?
3319 2678 3413 2715 cur
3434 2677 3519 2715 me
3546 2678 3639 2713 an-

2068 2732 2199 2799 gelis
2210 2733 2437 2787 alienum
2457 2733 2649 2787 faciens
2664 2748 2785 2787 cum
2802 2733 3127 2787 drcmonibus
3142 2734 3374 2787 habitare
3390 2732 3641 2797 coegisti?

2069 2817 2164 2854 cur
2185 2818 2267 2857 me
2286 2818 2445 2871 regno
2462 2806 2717 2871 privatum
2740 2805 2790 2856 in
2814 2818 3074 2857 summam
3103 2812 3475 2873 paupertatem
3514 2801 3635 2855 red-

2069 2874 2246 2939 egisti?
2268 2889 2362 2927 cur
2382 2888 2535 2927 aures
2556 2888 2699 2928 meas
2722 2873 3023 2942 frequenter
3040 2871 3128 2929 Dei
3160 2888 3341 2927 vocem
3367 2871 3641 2926 audientes

2068 2943 2327 2997 obturain
2350 2984 2363 3003 ,
2391 2946 2524 2997 sicut
2550 2945 2690 3009 aspis
2718 2947 2897 3009 surda,
2928 2961 3045 3009 qute
3076 2961 3180 2998 non
3209 2944 3451 2997 exaudiet
3480 2958 3638 2996 voces

2070 3014 2381 3067 incantantis
2401 3012 2566 3136 ipset.
2586 3016 2670 3069 57.
2692 3014 2786 3085 5)?
2809 3015 2917 3068 Non
2935 3012 3494 3083 feroincrepationcm,
3517 3023 3638 3064 ante

2070 3085 2311 3136 conulatn
2342 3100 2401 3135 so
2429 3085 2657 3136 utionem
2686 3086 2935 3136 reoniro:
2969 3095 3248 3136 antequam
3282 3083 3632 3136 habitaculum

2068 3085 2311 3151 copulam
2342 3083 2657 3137 solutionem
2686 3083 2935 3154 requiro;
2969 3095 3248 3154 antequam
3282 3083 3632 3137 habitaculum

2070 3165 2318 3215 statuam,
2352 3167 2615 3206 secessum
2644 3155 2900 3218 meditor;
2931 3167 3054 3209 ante
3081 3156 3322 3224 copulam
3348 3154 3638 3219 separatin-

2067 3238 2186 3276 nem
2216 3224 2431 3286 molior;
2459 3232 2581 3277 ante
2607 3225 3029 3291 conjunctionem
3054 3226 3148 3279 abs
3176 3235 3225 3279 te
3251 3225 3523 3277 discedere
3550 3240 3633 3275 nu-

2068 3293 2245 3362 pudet.
2291 3293 2527 3348 Abscede
2573 3309 2601 3346 a
2647 3310 2767 3359 me,
2812 3298 3019 3349 mulier.
3061 3296 3405 3361 Quandouam
3439 3304 3629 3347 terram

2067 3364 2361 3431 operabor?
2388 3364 2596 3432 quando
2627 3366 2847 3418 tribulos
2885 3366 3143 3420 evellam?
3169 3368 3499 3434 qumtlonam
3526 3364 3633 3415 fru-

2067 3444 2299 3488 mentum
2317 3445 2521 3489 maturc
2537 3435 2799 3489 demetam
2821 3435 3190 3504 ?quandonam
3210 3436 3299 3487 illo
3329 3436 3379 3487 in
3414 3434 3631 3485 farinam

2067 3504 2283 3575 reducto
2306 3546 2320 3568 ,
2352 3520 2538 3572 panem
2575 3506 2837 3575 coquatn?
2863 3506 3194 3574 quandonam
3232 3505 3346 3558 sine
3383 3505 3524 3557 curis
3547 3518 3631 3557 sc-

2063 3574 2197 3626 dens
2219 3574 2361 3626 illum
2385 3574 2691 3630 comedam?
2708 3576 3041 3645 quandonam
3060 3576 3174 3629 sine
3191 3576 3372 3627 dolore
3387 3589 3628 3645 somnum

2063 3645 2311 3711 capiam?
2349 3645 2681 3710 quandonam
2713 3643 2776 3700 ex
2822 3646 2958 3699 foliis
2986 3646 3115 3700 ficus
3142 3646 3366 3700 vestiar?
3395 3643 3629 3712 quando-

2065 3729 2186 3765 natn
2235 3714 2611 3780 turpitudinem
2652 3716 2829 3770 carnis
2870 3732 2998 3769 mea:
3036 3713 3267 3769 velabo?
3299 3716 3629 3782 quandonam

2064 3784 2255 3835 calceis
2287 3784 2443 3851 pedes
2471 3786 2714 3853 obtegam
2738 3826 2753 3851 ,
2796 3795 2851 3838 ut
2879 3801 2946 3840 nc
2975 3801 3174 3854 pungar
3206 3784 3632 3854 spinadivinitus

2066 3854 2351 3919 pullulante
2372 3854 2393 3905 ?
2413 3855 2743 3921 quandonam
2769 3856 2940 3909 velum
2963 3853 3235 3919 consuam,
3257 3863 3312 3907 ut
3331 3853 3628 3922 abstergam

2063 3923 2312 3994 sudorem
2335 3962 2349 3984 ,
2386 3940 2541 3991 quem
2574 3927 2698 3977 mihi
2726 3967 2740 3988 ,
2784 3927 2990 3990 mulier,
3017 3942 3080 3981 ex
3113 3924 3408 3994 insipientia
3441 3938 3629 3993 procu-

2063 3994 2227 4064 rasti?
2249 3993 2324 4047 Tu
2354 3994 2467 4047 sine
2495 3995 2676 4049 labore
2696 3995 2891 4064 degens
2915 3993 3265 4049 calamitatem
3296 4010 3398 4047 non
3429 3995 3634 4062 perspi-

2062 4063 2140 4134 cis
2162 4080 2173 4115 :
2196 4064 2281 4134 ubi
2312 4078 2438 4117 vero
2466 4065 2714 4119 infantem
2745 4063 2933 4134 paries,
2963 4076 3086 4120 tunc
3111 4067 3383 4120 sententia:
3411 4067 3629 4118 damna-

2062 4133 2137 4185 tio
2174 4132 2264 4187 tibi
2290 4134 2573 4188 cxorietur.
2606 4132 2950 4204 Cumiproles
2984 4152 3048 4190 ex
3089 4145 3240 4189 utero
3268 4146 3358 4190 tuo
3385 4135 3627 4204 egredie-

2063 4211 2168 4266 tur,
2185 4214 2308 4258 tunc
2328 4206 2606 4259 verborum
2630 4220 2865 4259 meorum
2884 4206 3244 4259 recordaberis
3263 4224 3277 4269 ;
3296 4221 3415 4259 eum
3442 4204 3628 4257 dolore

2062 4274 2402 4344 cruciaberis,
2425 4285 2548 4329 tunc
2572 4277 2847 4329 sententia:
2873 4276 2991 4329 lata:
3017 4284 3222 4344 tempus
3247 4276 3480 4344 orietur;
3508 4289 3625 4327 cum

2066 4352 2118 4414 te
2148 4342 2363 4398 dolores
2392 4354 2571 4414 partus
2598 4345 3012 4413 apprehendent,
3044 4342 3167 4399 tunc
3192 4345 3282 4399 Dei
3309 4343 3478 4398 maled
3501 4345 3632 4397 ctio-

2064 4412 2148 4465 nis
2182 4412 2565 4467 recordaberis.
2604 4412 2695 4469 His
2723 4426 2777 4469 et
2817 4416 3077 4469 similibus
3107 4430 3325 4468 uxorem
3357 4416 3406 4466 in
3438 4414 3631 4466 amari—

2064 4482 2257 4555 tudine
2284 4485 2473 4537 animae
2512 4483 2679 4538 Adam
2709 4485 3078 4555 alloquebatur
3108 4501 3120 4537 :
3152 4484 3434 4555 bisverbis
3466 4484 3626 4536 Evam

2064 4553 2297 4618 quotidie
2326 4555 2606 4622 increpans
2641 4556 2779 4609 nulla
2822 4553 3037 4609 mixtam
3064 4554 3437 4609 consolatione
3465 4554 3631 4607 canti-

2064 4623 2238 4704 lenam
2265 4625 2463 4704 tragiee
2491 4626 2795 4704 emittebat;
2815 4696 2823 4704 _
2843 4627 2893 4704 in
2941 4624 3236 4704 huiusmodi
3274 4638 3626 4703 mritinnaruni

2064 4694 2248 4762 pelago
2286 4693 2488 4762 primus
2524 4694 2684 4747 homo
2721 4695 2972 4748 divinitus
3015 4693 3304 4749 immissam
3347 4693 3476 4762 iram
3508 4707 3626 4745 cum

2062 4761 2229 4817 inulto
2256 4761 2435 4817 labore
2459 4764 2776 4831 excipiebat.
2811 4764 3061 4830 Audistis,
3090 4778 3123 4817 ο
3151 4764 3241 4817 filii
3267 4803 3282 4826 ,
3310 4761 3495 4816 Adami
3525 4762 3604 4814 for

2062 4834 2380 4891 mationem;
2411 4833 2580 4888 nostis
2598 4833 2905 4902 dignitatem
2935 4834 3031 4904 ipsi
3062 4833 3342 4893 collatam;
3372 4831 3628 4904 didicistis

2062 4904 2201 4957 dona
2228 4919 2256 4957 a
2289 4906 2393 4957 Deo
2422 4904 2519 4972 ipsi
2552 4900 2740 4957 eollata
2767 4922 2780 4968 ;
2809 4900 3017 4958 vidistis
3053 4904 3167 4972 ejus
3194 4900 3626 4972 transgressionis

2063 4975 2265 5027 exitum
2286 4990 2299 5037 ;
2324 4975 2370 5041 ej
2380 4970 2561 5027 us‘non
2579 4974 2955 5028 consolabilem
2980 4970 3286 5042 tragoediam
3307 4970 3624 5042 deﬂet-istis:

2063 5044 2265 5116 vidistis
2287 5040 2405 5097 eum
2424 5059 2454 5097 e
2475 5044 2688 5116 regione
2711 5044 2939 5112 paradisi
2967 5040 3209 5116 "nestum
3227 5056 3289 5094 ac
3310 5040 3622 5116 demissum.

2064 5112 2321 5186 Finemue
2348 5108 2824 5186 orandi'faciet'nus
2843 5154 2859 5180 ,
2896 5127 2963 5166 an
2996 5108 3627 5186 narrabimus_odios.issi-

2064 5197 2203 5235 mam
2249 5184 2401 5255 illam
2431 5182 2778 5255 hereditatem
2801 5224 2816 5250 ,
2846 5177 3019 5252 quam
3049 5184 3155 5235 Eva
3189 5179 3381 5255 futuris
3417 5177 3627 5255 reliquit

2064 5254 2531 5324 generationibus?
2555 5245 2891 5324 Necesser'cst'
2914 5252 3316 5324 sermoneultra
3344 5245 3623 5324 progredi,

2067 5314 2123 5374 ut
2148 5322 2390 5376 omnibus
2412 5336 2719 5377 enarremus
2744 5323 2887 5376 illam
2918 5318 3298 5375 maledictionis
3324 5318 3527 5385 plagam
3548 5314 3629 5367 di-

2068 5392 2262 5444 vinitus
2292 5393 2578 5445 immissam
2604 5411 2616 5446 :
2648 5392 2913 5461 quomodo
2949 5392 3101 5444 nobis
3127 5388 3397 5461 damnatio
3418 5388 3628 5461 conspi-

2066 5474 2163 5513 cua
2199 5462 2466 5527 evaserit,
2514 5456 2875 5530 terminosque
2915 5475 3039 5514 suos
3079 5474 3243 5526 usque
3285 5458 3334 5530 in
3374 5456 3623 5530 sacculum

2067 5539 2381 5600 conservet,
2409 5526 2463 5584 et
2486 5547 2640 5600 quam
2667 5526 2839 5584 veraci
2864 5545 2957 5583 ore
2986 5531 3120 5582 Deus
3146 5527 3423 5600 protulerit
3450 5526 3575 5578 illud
3610 5543 3623 5575 :

2070 5599 2415 5668 Multiplicans
2439 5597 2777 5668 multiplicabo
2800 5599 2995 5651 dolores
3023 5608 3129 5649 tuo:
3159 5608 3202 5650 et
3231 5597 3463 5667 gemitum
3485 5604 3624 5647 tuum

2068 5660 2299 5738 (ϐεηξδ.
2333 5670 2434 5739 l6)
2464 5688 2475 5722 :
2506 5660 2656 5738 cuj'u’s
2679 5670 2803 5722 dicti
2831 5670 3128 5739 tirmitatem
3162 5660 3251 5720 his
3266 5669 3625 5739 generationi-

2070 5736 2168 5791 bus
2214 5736 2463 5792 declarat.
2506 5736 2952 5803 Quemadmodum
2992 5738 3130 5789 cnim
3176 5738 3359 5790 matris
3404 5736 3623 5787 formam

2070 5810 2173 5860 lilia
2204 5809 2379 5874 refert,
2406 5809 2515 5862 sive
2545 5824 2637 5876 per
2664 5808 2862 5869 oculos,
2891 5807 3000 5857 sive
3032 5821 3123 5872 per
3153 5808 3358 5869 faciem,
3390 5806 3498 5858 sive
3531 5819 3622 5876 per

2067 5888 2320 5930 staturam
2352 5895 2365 5928 :
2401 5879 2467 5930 ita
2494 5874 2559 5933 et
2584 5892 2719 5931 nunc
2750 5890 2913 5944 usque
2953 5876 3002 5928 in
3036 5878 3282 5929 saeculum
3314 5874 3623 5929 universalis
