4126 6326
411 451 515 510 535

410 565 500 620 illa
525 563 797 620 damnatio
821 561 1080 633 procedit,
1110 568 1164 616 et
1191 574 1437 616 mensura
1467 560 1580 630 ejus
1608 574 1776 630 usque
1805 558 1857 612 in
1885 574 1984 614 sae-

411 636 586 690 culum
615 650 718 690 non
747 634 1187 688 commovebitur.

478 705 534 760 4.
588 696 781 760 Verum
836 713 1017 773 aperta
1064 701 1348 773 mentead
1399 699 1715 773 narrationis
1763 714 1984 773 examen

409 775 678 841 accedite,
722 784 777 830 et
818 769 995 828 animo
1037 771 1297 840 perceptis
1337 771 1574 826 veritatis
1613 771 1869 840 eloquiis,
1901 769 1984 824 his

411 845 616 913 placide
643 861 800 900 aures
843 846 1106 898 adhibete.
1157 843 1271 896 Non
1302 844 1444 897 enim
1473 843 1539 896 de
1568 841 1986 913 temperantibus

408 910 464 970 ct
489 915 624 985 frugi
653 916 961 970 mulieribus
1000 914 1143 985 verbi
1188 913 1452 985 theatrum
1484 927 1683 985 purum
1705 910 1984 966 exhibebi-

412 1001 530 1040 mus
549 981 687 1052 [sed
716 986 783 1040 de
823 984 1080 1053 improbis
1103 1025 1117 1048 ,
1163 984 1372 1038 lascivis
1401 993 1454 1038 et
1485 981 1716 1050 profanis
1741 996 1981 1053 agemus.

411 1057 576 1122 Quem
622 1071 804 1111 earum
857 1052 1097 1108 ordinem
1146 1055 1314 1108 oratio
1359 1052 1755 1122 prosequetur?
1807 1053 1981 1120 Virgi-

411 1142 626 1188 tmmne,
654 1143 770 1193 quae
799 1127 939 1180 viros
979 1141 1082 1179 non
1121 1135 1244 1178 sunt
1271 1123 1536 1192 experta}?
1558 1140 1622 1178 an
1653 1139 1834 1178 earum
1865 1138 1984 1191 qute

413 1197 465 1250 in
514 1197 732 1265 nuptiali
781 1208 896 1250 toro
943 1196 1122 1249 liberis
1151 1210 1366 1263 operam
1395 1195 1820 1265 dantesimatres
1860 1201 1985 1265 sunt

411 1263 649 1319 effecta}?
673 1282 740 1320 an
768 1281 948 1320 earum
971 1308 984 1330 ,
1021 1281 1140 1334 quae
1171 1266 1221 1318 in
1253 1266 1508 1319 viduitate
1535 1264 1751 1323 relictae.
1789 1263 1878 1317 Dei
1916 1263 1982 1316 ti-

411 1353 559 1391 more
592 1351 694 1390 non
725 1348 846 1391 sunt
878 1335 1118 1391 ornatze?
1161 1336 1352 1389 Verum
1404 1350 1582 1406 operte
1627 1335 1872 1406 pretium
1900 1343 1982 1406 est

412 1410 556 1475 prius
584 1407 652 1462 de
682 1408 848 1476 prima
874 1416 1031 1461 aetate
1058 1406 1341 1476 disserere,
1372 1415 1424 1460 et
1440 1403 1514 1458 'ad
1542 1415 1764 1459 caeteros
1793 1403 1982 1457 deinde

409 1477 609 1547 gradus,
649 1475 988 1544 pertransire.
1035 1475 1696 1545 Agedum,juvencularutn
1740 1476 1983 1547 ordinent

411 1549 463 1600 in
496 1546 727 1600 medium
754 1548 1123 1615 producamus,
1151 1562 1270 1614 qua:
1294 1547 1526 1614 virgines
1555 1560 1674 1599 esse
1703 1545 1977 1615 videntur,

409 1627 462 1670 et
489 1617 556 1670 de
581 1614 820 1671 castitate
845 1633 937 1671 sua
966 1617 1258 1686 gloriantur
1277 1658 1292 1679 ,
1323 1616 1495 1685 deque
1539 1616 1602 1668 iis
1629 1616 1785 1668 verba
1820 1614 1982 1668 facia-

411 1702 547 1741 mus.
579 1687 714 1754 Quid
756 1703 936 1741 earum
980 1688 1428 1740 commemorem?
1458 1686 1700 1738 Habitum
1719 1727 1733 1748 ,
1761 1698 1939 1738 mores
1964 1725 1978 1742 .

410 1757 700 1821 solertiam,
721 1757 983 1826 quomodo
1006 1758 1222 1823 juvenes
1244 1756 1508 1810 illecebris
1521 1758 1630 1809 suis
1646 1757 1849 1826 capiant
1877 1755 1950 1826 (ιι)
1963 1796 1976 1817 ,

411 1827 670 1881 ineorum
697 1823 837 1896 saepe
861 1827 1101 1882 cubicula
1142 1841 1200 1880 se
1239 1826 1554 1894 ingerentes,
1596 1836 1646 1879 et
1689 1841 1749 1880 ex
1792 1825 1896 1878 alio
1927 1823 1979 1876 in

408 1897 570 1950 alium
609 1897 781 1950 locum
826 1897 1218 1960 discurrentes,
1268 1898 1474 1950 incessu
1520 1898 1796 1965 strepitum
1822 1936 1834 1952 .
1869 1896 1977 1947 risu

412 1969 690 2021 tumultum
715 1967 964 2030 edentes,
994 1970 1176 2036 sicque
1202 1971 1254 2020 in
1281 1967 1486 2020 illorum
1513 1983 1672 2020 aures
1700 1981 1818 2019 sese
1850 1965 1946 2018 insi
1970 1995 1974 1999 -

411 2049 611 2099 uuaut,
648 2047 806 2106 atque
840 2055 902 2090 cx
932 2038 1162 2091 fenestra
1205 2037 1256 2090 in
1306 2036 1588 2091 fenestram
1633 2036 1979 2106 procedentes

411 2123 702 2176 manusque
728 2109 1086 2175 cxpandcntes
1111 2149 1124 2172 ,
1158 2122 1327 2174 usque
1354 2109 1418 2160 ad
1454 2117 1634 2172 peetus
1661 2107 1777 2159 illas
1803 2107 1975 2173 impu-

409 2177 600 2232 denter
646 2178 993 2246 protendunt;
1045 2179 1295 2231 sataniris
1347 2177 1559 2232 nutilms
1608 2193 1706 2232 ceu
1750 2177 1868 2231 telis
1905 2177 1978 2228 lav

408 2249 669 2301 scivorum
715 2249 900 2303 oculos
946 2249 1207 2317 impetunt
1237 2265 1250 2300 :
1281 2263 1410 2301 auro
1450 2258 1632 2316 pectus
1683 2257 1975 2317 exornant,

408 2319 616 2371 annulis
660 2334 846 2372 manus
865 2359 878 2379 ,
925 2316 1080 2373 aures
1108 2319 1380 2372 inauribus
1405 2335 1732 2386 gemmarum
1760 2328 1812 2371 et
1845 2316 1975 2387 ltya-

407 2389 738 2452 ciutliorutn;
787 2390 1009 2442 naturali
1053 2390 1224 2443 vultus
1256 2389 1632 2457 pulchritudini
1676 2389 1852 2442 fucum
1879 2388 1974 2439 ad-

405 2459 556 2518 dunt.
585 2473 770 2512 cerusa
798 2467 852 2513 ct
877 2461 1166 2513 vermiculo
1195 2474 1356 2527 genas
1388 2459 1595 2520 liniunt,
1625 2469 1681 2513 et
1709 2460 1848 2513 collo
1876 2459 1977 2511 l’ul-

405 2539 588 2597 gentes
615 2530 763 2584 velut
789 2539 958 2584 statua
989 2531 1292 2588 inanimata.
1322 2531 1544 2599 singulis
1565 2530 1728 2592 lioris,
1758 2529 1976 2593 singulis

405 2599 591 2654 diebus
615 2600 887 2654 cincinnos
914 2602 1148 2668 plectunt
1173 2610 1226 2654 et
1252 2601 1504 2667 crispant,
1539 2616 1702 2666 usque
1732 2601 1796 2654 ad
1826 2599 1974 2652 fron-

407 2677 514 2723 tem
543 2671 744 2736 nitent,
773 2672 1054 2739 supercdia
1086 2673 1236 2740 nigro
1260 2672 1438 2726 colore
1470 2680 1791 2738 perungunt;
1825 2669 1975 2740 mala:

403 2750 548 2794 certe
572 2743 969 2796 consuetudinis
993 2739 1159 2811 opus!
1179 2744 1258 2795 An
1300 2757 1402 2794 non
1432 2739 1653 2804 improbi
1681 2739 1973 2793 istiusmodi

403 2825 580 2864 mores
609 2812 764 2865 sunt?
791 2827 855 2866 an
884 2827 988 2866 non
1018 2813 1131 2866 lucc
1154 2812 1378 2865 absurda
1419 2825 1577 2879 opera
1604 2820 1750 2874 sunt,
1781 2825 1974 2877 resque

403 2879 651 2936 inutiles?
678 2897 855 2936 nonne
884 2897 1006 2951 spes
1035 2898 1215 2938 earum
1263 2882 1483 2938 insana?
1509 2882 1758 2950 Quosque
1798 2882 1971 2949 palam

403 2966 507 3003 non
539 2963 756 3019 possunt
785 2954 1026 3008 inescare
1046 2995 1060 3019 ,
1108 2955 1159 3007 in
1200 2955 1296 3005 lios
1323 2953 1454 3004 clum
1483 2967 1637 3006 arcus
1669 2961 1723 3005 et
1765 2954 1864 3005 tela
1896 2953 1974 3004 in-

404 3021 623 3076 tendunt
639 3040 650 3074 :
666 3025 1106 3092 quemadmodum
1131 3025 1235 3078 Eva
1263 3023 1516 3076 Adamum
1538 3022 1676 3076 clam
1696 3023 1969 3076 inescavit.

405 3092 590 3164 Audivi
638 3095 832 3164 quippe
886 3109 1066 3148 earum
1118 3095 1307 3147 multas
1349 3093 1679 3164 peritabnlat
1731 3092 1971 3147 foramen

399 3162 679 3231 dispicere,
707 3162 881 3219 ereos
903 3166 990 3234 qui
1022 3180 1115 3233 per
1139 3165 1341 3234 plateas
1373 3163 1641 3234 ambulant
1668 3164 1969 3234 explorare,

401 3247 590 3304 parvos
625 3243 678 3288 et
717 3250 962 3304 magnos;
1009 3244 1062 3288 ct
1100 3233 1254 3302 hujus
1297 3233 1506 3302 quidem
1536 3233 1682 3304 viam
1712 3233 1930 3287 irridere
1953 3276 1968 3300 ,

401 3303 538 3356 illius
569 3303 823 3358 staturam
847 3305 992 3374 parvi
1021 3304 1214 3368 facere,
1246 3305 1384 3358 illius
1411 3303 1664 3374 capillitio
1691 3304 1773 3356 vel
1805 3305 1970 3362 vesti-

399 3374 472 3446 tui
501 3374 743 3446 illudere.
770 3389 832 3430 ac
849 3373 974 3446 Sese
998 3377 1186 3429 mimos
1209 3384 1462 3446 praestare
1485 3389 1590 3430 non
1619 3373 1756 3446 frugi
1779 3379 1970 3432 mulie-

396 3443 574 3508 ribus;
603 3445 717 3500 dies
746 3447 906 3519 festos
945 3443 1344 3519 dominicasque
1388 3444 1441 3502 in
1487 3450 1597 3502 otio
1639 3443 1968 3519 transigere,

397 3529 569 3590 neque
596 3529 626 3569 a
668 3517 944 3586 torpediue
971 3531 1221 3590 umquam
1261 3517 1483 3587 surgere
1507 3559 1521 3581 ,
1549 3519 1630 3590 vel
1661 3517 1727 3590 ad
1756 3518 1929 3570 cilmm
1952 3558 1966 3590 ,

398 3585 480 3639 vel
505 3585 800 3658 adpotum,
829 3591 909 3645 vel
935 3590 1002 3644 ad
1031 3585 1274 3645 somnum
1301 3585 1400 3644 sibi
1426 3588 1848 3658 conciliamlutn;
1877 3588 1969 3642 sed

397 3656 758 3727 quotidianum
803 3661 1037 3716 laborem
1087 3671 1142 3715 et
1179 3677 1359 3714 curam
1401 3659 1557 3714 unius
1581 3659 1684 3713 diei
1717 3657 1970 3711 limitibus

397 3730 832 3785 circumscribere
856 3750 867 3784 :
894 3731 1036 3784 nulla
1065 3730 1204 3800 apud
1232 3740 1438 3800 patrem
1469 3739 1524 3783 et
1547 3740 1770 3800 matrem
1815 3743 1969 3783 reve-

398 3803 567 3854 rentia
586 3840 602 3865 ,
636 3801 782 3855 nullo
806 3802 940 3870 apud
970 3798 1158 3856 fratres
1183 3798 1384 3872 pudore
1407 3842 1422 3866 ,
1454 3800 1593 3872 nulla
1622 3798 1758 3872 apttd
1777 3813 1971 3872 servos

349 3891 358 3902 ι
397 3878 450 3921 et
475 3872 695 3926 ancillas
721 3868 1034 3926 verecundia
1061 3874 1135 3925 uti
1158 3868 1294 3937 {sed
1321 3871 1565 3924 omnibus
1590 3870 1743 3923 ludos
1767 3868 1966 3932 facere,

397 3954 445 3993 et
475 3941 540 3994 ad
563 3943 736 3995 omnia
761 3945 876 3995 navi
906 3942 1148 3996 fluctibus
1172 3943 1381 4009 agitatae
1403 3941 1603 3994 similes
1622 3955 1759 3994 esse.
1783 3939 1970 4008 Respi-

399 4011 503 4063 cite
531 4011 774 4078 sepulcra
797 4056 810 4077 ,
856 4013 974 4065 lilia!
1011 4012 1136 4067 Sion
1161 4055 1176 4079 ,
1209 4022 1262 4066 et
1301 4028 1466 4066 sacrae
1511 4011 1724 4080 piscinae
1752 4011 1928 4079 proles
1951 4053 1966 4074 ,

399 4090 454 4133 et
487 4084 916 4151 contemplamini
960 4084 1236 4152 imaginem
1273 4083 1411 4136 illam
1432 4124 1446 4146 ,
1475 4097 1630 4150 quam
1661 4082 1965 4146 exornatis,

399 4166 604 4222 necnon
636 4153 843 4207 inanem
872 4155 1405 4222 intempestivumque
1427 4161 1658 4206 vestrum
1687 4152 1886 4222 cultum
1916 4161 1970 4205 et

397 4219 658 4288 habitum,
690 4224 955 4294 quomodo
972 4219 1147 4278 omnia
1171 4219 1338 4293 pulvis
1358 4224 1483 4286 sint,
1506 4221 1772 4294 quomodo
1792 4222 1968 4294 omnia

399 4306 493 4359 per
509 4291 730 4348 mortem
749 4296 1130 4349 amarissimam
1148 4291 1492 4355 marcescant,
1511 4291 1968 4362 quomodoomnia

398 4362 532 4434 riuis
552 4405 564 4426 ,
594 4366 858 4433 quomodo
882 4366 1058 4420 omnia
1087 4363 1276 4420 faetore
1302 4364 1476 4434 plena.
1507 4361 1576 4416 At
1603 4361 1820 4434 nemihi
1848 4377 1966 4415 mu-

398 4432 585 4505 lierum
611 4432 785 4505 cintus
809 4435 979 4490 dicam
1009 4437 1263 4505 impingat
1281 4432 1388 4505 {ac
1414 4436 1456 4488 si
1485 4432 1965 4505 ipsasuvituperem.

397 4501 525 4576 lani
537 4504 677 4576 enim
703 4516 826 4561 ante
851 4507 1050 4570 monui,
1077 4501 1163 4561 me
1181 4501 1374 4576 nonde
1394 4501 1738 4576 prudentibus
1759 4513 1820 4576 et
1835 4503 1968 4573 frugi

400 4572 710 4645 mulieribus
750 4576 906 4630 verba
941 4577 1137 4644 facere,
1165 4576 1258 4630 sed
1288 4575 1356 4630 de
1386 4572 1580 4645 pravis,
1615 4572 1966 4641 imprudenti-

397 4642 498 4696 bus
537 4651 592 4696 et
626 4645 856 4699 vesanis.
901 4647 1031 4700 Nam
1072 4642 1264 4700 multas
1308 4642 1429 4699 novi
1473 4645 1722 4699 mulieres
1769 4651 1965 4714 tempe~

396 4716 876 4786 rantes‘etprobas
896 4757 910 4778 ,
939 4732 1161 4786 quarum
1191 4714 1727 4786 meminitApostolus
1752 4715 1804 4767 in
1832 4715 1969 4770 libro

397 4783 538 4853 vitaz.
571 4783 676 4838 Sed
705 4799 802 4853 age
830 4783 1053 4840 aliorum
1081 4787 1326 4840 ordinum
1371 4783 1578 4842 turbam
1605 4784 1964 4853 exploremus.

398 4852 528 4926 Tres
556 4852 762 4926 quippei
777 4854 991 4926 ordines
1017 4870 1102 4911 me
1128 4864 1320 4911 vestrae
1357 4852 1762 4926 magnificentiae
1805 4854 1966 4926 exhi-

396 4923 629 4996 biturum
663 4925 925 4994 pollicitus
952 4941 1069 4979 sum
1095 4966 1108 4986 ,
1140 4927 1402 4996 virginum
1447 4923 1668 4994 nempe,
1696 4925 1968 4996 connubio

391 4995 732 5062 junctarum,
777 5005 831 5050 et
874 4996 1172 5050 viduarum.
1203 4994 1342 5066 Quia;
1361 5011 1491 5050 vero
1525 4996 1632 5066 jam
1678 4995 1746 5049 de
1771 4994 1970 5066 multis

395 5080 559 5134 pauca
592 5067 732 5121 circa
762 5066 991 5136 virgines
1018 5077 1207 5120 vestrae
1235 5065 1440 5121 caritati
1466 5064 1729 5129 recensui,
1764 5064 1873 5134 jam
1901 5065 1968 5120 de

396 5137 707 5192 mulieribus
748 5135 865 5207 (ιυίὲ
891 5137 959 5191 de
989 5135 1232 5206 conjugio
1256 5137 1547 5205 gloriantur
1573 5149 1969 5207 agamusgqure

393 5223 523 5261 sane
547 5208 675 5261 viris
695 5205 803 5262 suis
827 5209 993 5261 instar
1012 5205 1208 5275 aspidis
1229 5215 1371 5260 sunt.
1395 5207 1534 5274 Quot
1554 5205 1695 5259 enim
1717 5205 1969 5260 mulieres

392 5279 499 5332 vidi
526 5294 645 5346 qua:
676 5279 785 5332 suis
815 5278 1127 5348 coniugibus
1157 5278 1485 5348 repentinam
1519 5285 1744 5330 mortem
1778 5291 1971 5346 procu-

393 5345 615 5402 rarunt?
641 5359 772 5418 quot
798 5345 942 5412 novi,
965 5345 1082 5419 quae
1103 5345 1229 5403 cum
1247 5348 1373 5400 viris
1394 5345 1592 5401 inferre
1614 5345 1836 5400 mortem
1861 5362 1965 5400 nou

394 5429 630 5490 possent,
665 5435 757 5473 eos
777 5435 873 5490 per
895 5419 1179 5490 nequitiam
1201 5433 1350 5471 suam
1375 5419 1426 5490 in
1448 5419 1644 5490 gemitu
1667 5428 1719 5472 et
1737 5427 1969 5490 tremore

393 5487 587 5556 degere
611 5487 828 5562 cogunt,
861 5487 1260 5562 nequetantum
1292 5487 1424 5562 ipsis
1450 5487 1670 5562 honoris
1695 5487 1964 5552 exhibent,

392 5569 642 5625 quantum
671 5561 820 5615 bruta
844 5559 1126 5614 animalia?
1153 5561 1294 5614 Sane
1317 5561 1359 5612 si
1385 5560 1452 5612 sit
1471 5559 1641 5624 dives,
1669 5573 1791 5610 suas
1815 5567 1969 5612 nocte

395 5631 584 5700 dieque
606 5631 816 5700 jactans
840 5632 1072 5698 divitias,
1101 5631 1379 5702 conjugem
1412 5630 1464 5683 in
1491 5643 1621 5698 pace
1651 5629 1830 5683 vivere
1857 5645 1962 5682 non

453 5785 526 5856 (tt)
562 5785 702 5856 stulta
719 5785 798 5836 hic
819 5787 1057 5856 adduntur
1081 5785 1359 5856 apud-savil.
1378 5797 1487 5856 quae
1509 5785 1558 5856 in
1582 5791 1661 5833 Ms.
1687 5793 1968 5856 nostronon

385 5843 611 5954 Exstant,
637 5860 845 5910 quaeque
866 5850 1084 5900 consulto
1105 5843 1362 5912 mittimus,
1386 5843 1450 5897 tie
1475 5853 1544 5898 tot
1560 5859 1714 5914 nugas
1741 5843 1968 5909 multipli-

413 5921 569 5958 cuius.

1925 446 2188 506 SPURIA.

3567 445 3668 502 536

2096 559 2241 614 sinit.
2275 558 2330 614 Si
2359 560 2429 614 sit
2458 560 2630 630 inops,
2659 577 2722 615 ex
2755 562 2873 616 loco
2904 561 2954 612 iu
2984 561 3178 625 locum,
3212 576 3278 614 ex
3306 560 3468 616 domo
3493 563 3543 617 iu
3574 578 3665 617 uo.

2094 645 2238 683 mum
2263 631 2577 701 pervadens
2597 674 2610 697 ,
2660 634 2778 686 lites
2820 633 3016 685 excitat
3044 641 3097 685 et
3121 632 3291 701 iurgia
3315 671 3330 696 ,
3381 637 3668 701 turbasque

2093 700 2326 768 qu0tidie
2373 711 2583 766 movet;
2633 719 2736 756 non
2781 703 2975 770 patitur
3017 703 3188 756 virum
3239 717 3390 755 suum
3430 705 3511 758 vel
3545 700 3665 759 cum

2093 771 2268 824 vicino
2297 773 2375 824 vel
2405 788 2525 825 cum
2571 781 2696 826 noto
2724 787 2905 840 pacem
2938 772 3161 834 habere;
3193 773 3284 825 sed
3315 788 3501 827 omnes
3532 791 3665 827 con-

2093 841 2307 894 tumelia
2334 841 2516 905 afficit,
2540 859 2661 896 cum
2694 844 2939 897 omnibus
2964 844 3151 912 litigat,
3183 844 3232 897 in
3259 857 3448 898 omnes
3478 845 3657 908 insilit,

2091 925 2277 982 omnes
2303 914 2614 977 conturbat;
2655 913 2720 966 ad
2763 913 3099 982 magistratus
3138 928 3198 966 se
3236 924 3426 981 sponte
3455 917 3666 970 confert

2092 979 2457 1046 impudenter,
2502 982 2566 1036 ad
2601 979 2880 1037 tribunalia
2911 993 2965 1034 ut
2997 984 3117 1036 lznsa
3145 979 3437 1050 comparet,
3469 985 3519 1038 in
3553 987 3665 1040 bal-

2091 1051 2204 1122 neis
2233 1053 2392 1106 verba
2436 1053 2745 1122 profundit,
2795 1054 2848 1107 in
2895 1055 3136 1107 ecclesiis
3181 1055 3438 1122 colloquia
3477 1058 3663 1111 miscet

2089 1120 2414 1194 importuna,
2436 1120 2493 1194 et
2519 1123 2632 1178 haec
2659 1125 2826 1178 fntilia
2854 1123 2989 1177 fatur
3015 1141 3027 1176 :
3054 1125 3167 1194 Ego
3185 1125 3308 1178 vitae
3333 1120 3662 1194 fortunisque

2090 1193 2224 1246 meis
2265 1193 2625 1266 accessionem
2672 1194 2807 1250 facio
2827 1237 2842 1259 ,
2890 1209 2988 1259 ego
3017 1193 3220 1249 famulis
3250 1196 3515 1266 pirdagogi
3544 1193 3661 1251 loro

2088 1275 2235 1325 sum,
2277 1278 2395 1336 qua:
2439 1263 2504 1317 ad
2547 1266 2739 1319 victum
2785 1274 3028 1335 spectant
3052 1263 3436 1321 curozfrustra
3466 1263 3660 1336 conjux

2087 1346 2238 1404 meus
2261 1335 2458 1402 primas
2481 1345 2644 1401 tenet,
2672 1336 2874 1389 nullum
2899 1336 2984 1389 ille
3006 1337 3272 1404 negotium
3293 1348 3468 1403 curat;
3492 1335 3660 1394 nescit

2090 1402 2215 1469 quid
2246 1405 2386 1475 domi
2418 1420 2596 1473 agam;
2630 1423 2790 1460 unum
2825 1408 2970 1459 novit
2997 1402 3205 1474 panem,
3232 1423 3388 1475 quem
3416 1402 3657 1464 emensa

2086 1474 2354 1546 contedit;
2383 1490 2451 1546 ne
2479 1477 2656 1530 viuum
2684 1477 2892 1546 quidem
2918 1480 3080 1537 novit,
3111 1474 3261 1545 quod
3277 1479 3457 1532 ebibit.
3483 1480 3526 1533 0
3549 1498 3656 1533 ma-

2087 1541 2330 1618 nifestam
2357 1541 2760 1618 impudentiam
2792 1552 2804 1600 !
2841 1547 2966 1600 .lure
3012 1541 3204 1601 clamat
3246 1551 3498 1618 sapientia
3533 1569 3542 1602 :
3577 1551 3656 1604 Ne

2084 1614 2316 1685 dilaudas
2350 1614 2591 1684 improba:
2625 1620 2820 1670 mulieri
2844 1633 2863 1671 :
2883 1618 2982 1670 mel
3017 1620 3148 1670 enim
3190 1614 3392 1685 proﬂuit
3423 1637 3484 1672 ea:
3512 1622 3655 1676 labiis

2085 1683 2214 1758 eius,
2243 1685 2376 1754 quod
2403 1683 2470 1738 ad
2500 1697 2693 1754 tempus
2723 1689 2871 1741 dulce
2891 1692 2981 1740 erit
3003 1690 3196 1758 gutturi
3215 1683 3321 1751 tuo,
3348 1702 3517 1753 postea
3541 1707 3653 1746 vero

2087 1754 2204 1834 [5:113
2229 1758 2455 1834 notarius
2481 1760 2715 1834 reperies,
2749 1769 2794 1834 et
2822 1754 3021 1834 acritqu
3043 1760 3213 1834 giadio
3242 1761 3450 1834 ancipiti
3470 1761 3648 1834 (Prov.

2083 1823 2137 1876 5.
2166 1823 2322 1898 2.4).
2351 1828 2498 1892 Quod
2534 1823 2582 1881 ἐἰ
2625 1823 2793 1882 literis
2826 1823 3262 1888 imbutavfuerit.
3307 1823 3416 1897 jam
3453 1823 3652 1898 dupch

2085 1895 2251 1969 morbi
2278 1907 2329 1949 et
2360 1899 2710 1965 improbitatis
2735 1915 2902 1967 genus
2939 1909 3040 1953 est.
3088 1900 3216 1953 Nam
3245 1895 3370 1969 quot
3399 1895 3648 1958 mulieres

2086 1978 2180 2029 per
2213 1966 2394 2021 literas
2435 1969 2576 2022 viros
2601 1966 3089 2028 suosoccidcrunt.
3117 1970 3240 2024 dum
3262 1966 3502 2032 arcana,
3534 1991 3652 2034 qnze

2082 2035 2240 2086 ambo
2271 2039 2368 2090 soli
2416 2050 2701 2101 noverant,
2754 2056 2846 2107 per
2889 2041 3140 2107 epistolas
3182 2040 3296 2108 ejus
3328 2041 3377 2095 in
3408 2043 3646 2097 notitiam

2082 2117 2362 2180 venerunt,
2393 2109 2593 2180 etiitnle
2621 2111 2694 2164 rei
2727 2121 2945 2164 eventus
2983 2112 3193 2165 accidit.
3224 2112 3363 2178 Quot
3386 2114 3504 2166 novi
3535 2130 3650 2166 mn-

2082 2172 2258 2250 liervs,
2290 2193 2407 2246 quur.
2430 2179 2683 2248 sigillatas
2711 2181 2924 2234 chartas
2950 2183 3014 2232 ad
3047 2172 3398 2250 nequissimos
3425 2184 3566 2235 viros
3591 2194 3648 2238 et

2084 2246 2319 2324 inmehos
2347 2246 2758 2324 suos—miserunt
2779 2293 2795 2316 ,
2824 2246 3206 2324 iacpra-longis
3247 2252 3490 2305 manibus
3519 2269 3648 2313 con-

2079 2319 2230 2383 juges
2261 2334 2385 2390 suos
2425 2319 2840 2375 interfecerunt?
2880 2323 2985 2374 llos
3026 2319 3470 2390 peripliarmaca,
3516 2324 3646 2376 alios

2083 2396 2240 2460 noctu
2267 2389 2618 2460 ambulantes,
2649 2393 2840 2445 nmltos
2863 2393 2912 2446 in
2935 2408 3116 2460 agrum
3139 2389 3507 2455 concedentes,
3536 2394 3648 2449 sive

2079 2456 2275 2531 gladio,
2303 2459 2414 2513 sive
2434 2461 2626 2529 lapide,
2651 2463 2763 2516 sive
2790 2461 2947 2526 fuste,
2969 2456 3095 2516 cum
3123 2466 3241 2530 quis
3269 2463 3350 2516 vel
3382 2474 3644 2531 tempora,

2081 2526 2164 2579 vel
2193 2537 2385 2596 caput,
2426 2526 2504 2582 vel
2552 2532 2766 2584 dorsum
2812 2535 3048 2594 cmdens,
3081 2526 3412 2597 repentinum
3442 2526 3642 2587 eritnui

2079 2599 2272 2651 attulit.
2303 2599 2644 2671 lutpudenter
2673 2602 2773 2653 illa!
2795 2603 3048 2656 ecclesias
3070 2605 3264 2655 adeunt
3284 2606 3428 2671 quasi
3455 2605 3641 2659 orandi

2078 2680 2272 2740 causai,
2319 2682 2370 2722 et
2409 2669 2587 2737 jurant
2627 2687 2718 2739 per
2743 2687 2934 2737 corpus
2962 2669 3326 2726 intemeratum
3352 2683 3406 2725 ct
3431 2675 3643 2740 sangui-

2080 2751 2199 2789 nem
2228 2739 2344 2791 Filii
2380 2741 2490 2804 Dei,
2524 2743 2603 2795 vel
2633 2757 2724 2808 per
2749 2742 2966 2795 Matrem
2999 2743 3145 2808 ejus,
3178 2743 3256 2795 vel
3290 2758 3382 2808 per
3410 2739 3640 2811 aliquem

2078 2820 2411 2881 Sanctorum;
2457 2813 2635 2866 multa!
2675 2813 2831 2865 etiam
2877 2827 2974 2880 per
3007 2812 3268 2864 vivifii-um
3319 2813 3536 2881 lignum,
3581 2829 3641 2868 sc

2079 2879 2274 2931 nefaria
2307 2895 2398 2932 sua
2429 2895 2543 2934 acta
2577 2898 2678 2934 nou
2709 2879 2990 2934 violaturas
3011 2923 3024 2942 ,
3070 2882 3160 2934 sed
3192 2892 3337 2949 pacta
3363 2879 3460 2935 sua
3490 2886 3637 2936 lirtua

2077 2960 2377 3002 servaturas
2405 2966 2540 3004 esse.
2582 2952 2625 3005 Ο
2662 2951 2953 3005 miserrima
2981 2953 2992 3005 !
3025 2963 3147 3004 tunc
3178 2953 3506 3005 tremendum
3538 2954 3639 3006 Do-

2077 3019 2201 3096 mini
2248 3036 2437 3096 nomen
2490 3021 2540 3074 iii
2590 3022 2838 3096 adulterii
2892 3025 2962 3077 tui
3011 3023 3327 3096 adjutorianii
3377 3025 3640 3096 usurpas?

2078 3087 2246 3141 Stulta
2276 3101 2327 3142 et
2353 3091 2557 3167 insana,
2590 3093 2855 3167 Virginem
2885 3107 2938 3150 et
2967 3087 3240 3162 Deiparam
3264 3093 3479 3150 Mariam
3502 3087 3640 3151 inte-

2076 3168 2356 3244 ξηθιέειιειξη,
2377 3162 2860 3235 δόῇυινίοθηῖρηινί
2886 3168 3092 3244 consilii
3116 3170 3190 3244 tui
3212 3168 3437 3244 statuis?
3462 3168 3507 3222 Ο
3531 3167 3642 3222 fera

2075 3239 2343 3295 immanis,
2374 3246 2427 3288 et
2453 3252 2611 3290 corve
2633 3253 2818 3292 carnes
2841 3239 3146 3298 eomedens.
3179 3239 3491 3291 innoxiaan
3518 3254 3642 3292 sano

2075 3311 2280 3375 ciorum
2314 3305 2529 3371 domos,
2566 3309 2692 3361 furis
2720 3307 2992 3360 latibulum
3030 3310 3285 3375 sanguine
3311 3317 3638 3362 cruentatum

2074 3372 2275 3445 efficis?
2309 3377 2376 3428 At
2421 3379 2670 3445 templum
2717 3378 2926 3431 Domini
2968 3372 3204 3431 sanctum
3237 3390 3287 3432 et
3319 3393 3505 3445 purum
3536 3394 3638 3432 non

2076 3444 2333 3517 findatur,
2375 3453 2430 3499 tu
2469 3444 2594 3501 vero
2624 3449 2673 3502 in
2704 3459 2942 3516 tempore
2975 3458 3270 3517 opportuno
3295 3444 3514 3502 insania:
3539 3459 3642 3503 tua:

2075 3514 2300 3586 fructum
2354 3519 2680 3585 reportabis,
2730 3514 3366 3586 secundum'apostolum
3418 3519 3639 3573 Paulum

2073 3584 2388 3659 clamantem
2415 3584 2427 3640 ὲ
2451 3588 2511 3641 Si
2533 3590 2646 3657 quis
2671 3589 2925 3659 violaverit
2963 3584 3201 3655 templum
3230 3589 3358 3652 Dei,
3389 3590 3643 3659 disperde:

2073 3656 2224 3728 illum,
2248 3655 2417 3728 Deus;
2449 3655 2684 3727 templum
2706 3662 2834 3712 enim
2853 3657 3056 3711 Domini
3084 3670 3312 3711 sanctum
3333 3669 3403 3712 est
3425 3655 3501 3728 (l'.
3519 3658 3636 3713 Cor.

2073 3725 2126 3779 5.
2175 3727 2284 3794 17).
2321 3727 2486 3781 Vultis
2514 3725 2567 3783 et
2594 3729 2695 3782 alia
2723 3729 2961 3782 dicamus
2986 3730 3240 3782 adversus
3277 3725 3485 3782 illarum
3511 3745 3643 3783 con-

2073 3796 2229 3851 silia?
2273 3797 2396 3850 Haec
2434 3800 2476 3850 si
2522 3800 2718 3852 vicinas
2749 3799 2939 3852 habeat
2980 3798 3199 3866 probas,
3243 3799 3480 3868 quotidie
3524 3799 3643 3856 illas

2073 3869 2338 3930 observat,
2368 3869 2419 3921 in
2445 3884 2535 3921 eas
2562 3869 2843 3934 invehitur,
2867 3878 2919 3922 et
2943 3870 2985 3922 si
3016 3884 3150 3938 quos
3178 3883 3242 3922 ex
3268 3871 3405 3923 notis
3430 3879 3483 3923 et
3508 3884 3638 3923 con-

2072 3939 2374 4008 sanguineis
2404 3938 2590 3993 viderit
2622 3940 2671 3992 in
2705 3955 2884 3992 earum
2914 3940 3098 3994 domos
3123 3940 3363 4004 introire,
3393 3940 3520 4006 ipsis
3545 3956 3636 3994 sua

2073 4011 2193 4063 vitia
2221 4009 2540 4076 exprobrat,
2585 4018 2757 4063 scorta
2801 4021 2855 4064 et
2893 4009 3159 4062 maenadas
3201 4010 3506 4078 appellans,
3537 4011 3634 4063 etsi

2073 4080 2178 4133 illsc
2203 4081 2306 4133 sint
2336 4079 2534 4132 liberali
2583 4089 2635 4132 ct
2674 4095 2897 4148 corpore
2935 4088 2989 4134 et
3011 4081 3208 4131 animo.
3243 4082 3296 4133 Si
3323 4079 3517 4132 liberos
3547 4078 3637 4129 ha-

2075 4151 2214 4214 beat,
2233 4151 2379 4219 quasi
2407 4149 2548 4203 feras
2569 4151 2686 4202 illos
2712 4151 2952 4218 reSpicit;
2981 4151 3023 4203 si
3054 4151 3274 4203 famulos
3295 4149 3374 4202 vel
3396 4149 3632 4219 ancillas.

2073 4221 2210 4274 nulla
2242 4217 2405 4273 utitur
2429 4217 2849 4281 mansuetudine,
2877 4221 2969 4274 sed
2995 4219 3261 4274 servitutis
3287 4220 3496 4273 nomine
3521 4217 3636 4272 illas

2071 4291 2300 4346 interdiu
2331 4289 2605 4354 verberat,
2649 4305 2745 4358 per
2775 4303 2981 4344 noclem
3023 4305 3148 4344 vero
3174 4289 3422 4358 operandi
3469 4288 3634 4358 uiole-

2071 4362 2225 4415 stiam
2250 4359 2425 4429 infert.
2451 4359 2573 4414 Non
2602 4356 2673 4414 est
2699 4364 2846 4413 timor
2875 4359 2970 4414 Dei
2993 4371 3109 4413 ante
3135 4356 3304 4413 oculos
3326 4359 3434 4429 ejus
3465 4356 3634 4429 (Paul.

2072 4433 2158 4486 35.
2195 4430 2269 4501 1).
2315 4428 2446 4501 Cum
2485 4442 2659 4484 autem
2702 4431 2850 4499 juxta
2879 4431 3138 4501 virumiu
3183 4430 3317 4483 lecto
3346 4428 3633 4501 recumbit,

2071 4519 2175 4557 non
2213 4497 2309 4571 ipsi
2344 4500 2642 4554 facultatem
2668 4497 2962 4556 dormiendi
3007 4500 3298 4571 relinquit,
3335 4499 3424 4571 sed
3456 4497 3638 4552 incitat

2071 4569 2326 4627 adversus
2349 4572 2688 4636 domesticos,
2714 4572 2948 4625 inccmlit
2968 4571 3032 4624 ad
3062 4570 3178 4623 lites
3206 4569 3388 4622 vicinis
3418 4583 3636 4621 moveu-

2071 4644 2186 4697 das.
2228 4643 2320 4696 llic
2345 4657 2531 4696 servus
2562 4658 2647 4696 me
2669 4642 2912 4710 despicit,
2949 4643 3059 4694 haec
3085 4639 3270 4692 ancilla
3302 4638 3426 4692 mihi
3451 4639 3635 4710 illudit,

2073 4714 2160 4768 hic
2188 4714 2390 4766 vicinus
2434 4713 2561 4765 mihi
2611 4704 2864 4781 perpein
2905 4711 3224 4765 conviciatur
3268 4710 3323 4781 in
3362 4704 3637 4771 ecclesiis,

2072 4783 2208 4853 apud
2255 4784 2484 4847 amicos,
2532 4785 2582 4836 iu
2613 4780 2892 4837 ’forozme
2931 4783 3212 4844 ulciscere;
3261 4780 3491 4853 alioquin
3536 4795 3640 4833 non

2071 4850 2270 4908 sedebo
2296 4856 2426 4906 ultra
2451 4864 2620 4907 tecum
2651 4853 2716 4906 ad
2747 4867 3002 4918 mensam,
3029 4867 3132 4905 non
3159 4850 3430 4905 comedam
3461 4864 3640 4903 coram

2074 4935 2125 4978 te
2156 4939 2364 4994 panem,
2395 4939 2498 4976 non
2527 4924 2782 4977 dormiam
2816 4933 3028 4994 tecum:
3051 4922 3173 4994 quia
3202 4921 3398 4994 nullam
3427 4920 3528 4994 mei
3559 4935 3644 4973 ra—

2073 4991 2268 5049 tionem
2300 4994 2495 5047 habent
2524 4994 2609 5047 hic
2637 5003 2691 5049 et
2735 4994 2819 5047 illa
2839 5033 2854 5057 ,
2906 4992 2999 5047 sed
3044 4992 3294 5046 utlutum
3325 4991 3641 5058 despiciunt.

2072 5065 2224 5132 Quod
2251 5065 2295 5118 si
2324 5072 2474 5133 putas
2497 5063 2549 5117 id
2578 5079 2664 5118 me
2687 5063 3033 5133 conjectando
3059 5062 3258 5128 dicere,
3285 5064 3488 5132 respice
3515 5060 3642 5133 milii

2072 5131 2539 5206 lEgyptiain,_quae
2566 5135 2616 5206 in
2646 5131 2935 5206 Josephum
2967 5136 3182 5206 laqueos
3209 5131 3459 5206 tetendit,
3482 5139 3534 5185 et
3562 5131 3644 5183 vi-

2072 5202 2190 5259 runi
2214 5202 2370 5260 suum
2399 5202 2575 5258 furore
2597 5205 2778 5274 iraque
2808 5204 3038 5258 incendit
3063 5221 3076 5256 :
3098 5202 3642 5274 justumquedemum

2073 5277 2315 5330 occidere
2341 5271 2727 5337 meditabatur,
2777 5273 2874 5326 nisi
2907 5271 3166 5327 insomnis
3193 5273 3280 5327 ille
3306 5271 3490 5326 oculus
3527 5285 3643 5323 eam

2073 5347 2436 5425 praevertisset
2452 5387 2465 5409 ,
2497 5345 2772 5425 ipsumque
2801 5354 3086 5425 servasset.
3120 5343 3349 5425 liespice
3391 5339 3645 5425 l-l'erodia-

2073 5409 2192 5470 dem
2214 5409 2674 5490 .__qu:e_.loarmen_t_
2690 5409 2995 5490 interfecit:
3009 5409 3393 5490 Dicebat'enim
3422 5409 3647 5490 Prodro:

2073 5501 2192 5539 mus
2220 5481 2446 5538 Herodi:
2473 5485 2589 5536 Non
2636 5486 2748 5537 licet
2791 5485 2878 5536 tibi
2909 5485 3090 5537 habere
3115 5500 3321 5536 uxorem
3367 5481 3537 5553 fratris
3575 5481 3647 5531 uti

2076 5555 2305 5626 Philippi
2337 5554 2528 5624 (Marc.
2563 5559 2616 5608 6.
2649 5553 2767 5623 l8);
2810 5555 2894 5607 illa
2923 5569 3048 5607 vero
3072 5554 3304 5626 vinctum
3329 5551 3449 5626 eum
3469 5591 3484 5614 ,
3511 5551 3648 5626 inter

2075 5620 2230 5680 natos
2256 5620 2538 5681 mulierum
2565 5620 2839 5690 majorem,
2872 5626 2923 5676 iu
2950 5625 3196 5677 convivio
3225 5620 3643 5690 recumbentium

2073 5699 2383 5759 amicorum,
2412 5707 2564 5762 caput
2593 5688 2709 5767 ejus
2734 5693 2958 5767 abscidit
2979 5694 3058 5767 (τι)
3083 5704 3168 5767 :_et
3192 5691 3330 5762 quod
3355 5706 3458 5767 non
3482 5688 3646 5767 potuit

2079 5767 2333 5821 “erudias
2361 5758 2569 5820 vivente
2592 5758 2703 5818 viro
2733 5765 2939 5828 facere,.
2956 5758 3019 5817 ea
3041 5758 3225 5832 inique
3251 5769 3372 5831 post
3396 5758 3510 5830 ejus
3531 5758 3642 5812 obi-

2142 5900 2214 5962 (a)
2248 5907 2353 5949 Haec
2375 5895 2630 5960 Evangelio
2652 5897 2985 5946 advetsantur.
