2058 3122
252 171 262 184 ι
272 160 290 186 ’7
995 161 1186 192 ΡΒΑΞΙΓΑΤΙΟ.
1892 167 1908 193 8

273 219 379 262 exsilii
396 219 464 262 otio
476 219 635 262 frueretur
662 217 744 262 hanc
760 217 940 256 suscepisse
957 225 1088 255 operam
1105 227 1113 245 :
1133 217 1187 247 sed
1208 216 1275 247 haec
1291 217 1398 248 omnia
1413 217 1533 249 incerta
1547 221 1633 257 sunt,
1650 227 1708 250 nec
1724 220 1784 251 nisi
1800 230 1912 262 augu—

271 259 373 289 rando
390 258 524 297 proferri
541 260 686 296 possunt.

311 298 376 328 Cur
390 296 734 339 autcmimperfectum
747 305 828 336 opus
839 296 1042 339 remanserit,
1058 296 1129 339 qui_s
1146 296 1196 325 vel
1211 296 1396 339 conjectura
1411 298 1540 339 assequi
1558 299 1659 339 possit
1673 299 1687 328 ?
1697 299 1774 335 Qum
1793 309 1925 339 super—7

269 340 458 380 suntautem
470 337 507 368 ad
516 337 653 380 medium
664 338 787 380 tantum
802 336 1026 380 capitisoctavi
1038 336 1231 380 pertingunt.
1242 336 1298 380 Ub_i
1309 337 1543 368 animadvertas
1553 336 1658 380 velim,
1669 338 1755 380 illam
1764 339 1795 368 in
1804 336 1908 380 capita

269 377 545 416 divisionem.quze
556 377 588 406 in
604 377 690 406 hisce
704 376 945 407 Commentariis
961 377 1161 410 observatur,
1178 384 1197 405 a
1212 375 1352 414 quodam
1367 385 1509 414 nupero,
1525 377 1699 408 secundum
1719 375 1908 412 divisionem

269 416 430 447 hodiernae
445 415 590 456 legatze
606 419 722 446 nostrte
744 416 902 457 invectam
920 415 1263 457 f11i_sse._Priscis_eniin
1276 415 1473 457 temporibus
1486 439 1493 451 ,
1510 417 1594 455 apud
1610 417 1736 448 Grarcos
1754 420 1906 457 maxime,

269 456 341 487 aliae
357 454 554 499 diversaeque
568 457 755 499 obtinebant
778 456 810 485 in
827 456 931 499 capita
953 455 1138 499 divisiones.
1155 454 1428 499 Commentarium
1443 454 1710 499 veroAnumquam
1724 466 1743 499 a
1764 454 1909 499 Chrysa;

267 500 373 526 s’tomo
403 493 576 535 perfectum
602 496 851 536 absolutumque
868 493 973 536 fuisse
998 495 1138 536 arbitror
1154 504 1161 523 :
1181 493 1236 523 sed
1253 503 1326 524 cum
1339 495 1447 524 animo
1462 493 1646 534 perﬁciendi
1662 497 1808 536 ccepissct
1824 493 1839 535 ,”
1857 500 1907 530 in-

266 533 455 574 gruentibus
480 536 614 575 negotiis
639 535 704 565 alio
719 535 854 565 fortasse
873 535 1028 575 abductus
1045 533 1150 575 fueijt.

305 573 606 614 Interpretationem
628 583 725 615 porro
751 575 898 615 Latinam
926 573 1086 615 Godefridi
1101 573 1262 603 Tilmanni
1277 596 1284 609 ,
1302 574 1674 615 utpoteparaphrastice
1691 575 1880 609 adornatam
1894 603 1903 615 ,

264 623 302 645 ac
320 613 426 645 verbis
448 615 614 645 inutilibus
643 614 873 644 redundantem
887 636 894 649 ,
914 613 1096 652 rejecimus,
1113 621 1296 651 novamque
1317 613 1625 651 paravimusterte
1651 615 1677 645 is
1693 624 1764 645 cum
1778 613 1904 649 ratione

265 663 409 693 pugnare
423 655 559 690 Videtur,
575 655 630 692 qui
645 654 918 693 Chrysostomum,
932 662 997 691 quo
1016 653 1124 682 nullus
1139 653 1171 682 in
1186 652 1320 682 dicendo
1336 653 1538 693 locupletior,
1555 655 1599 685 ita
1611 655 1649 684 de
1665 655 1781 686 Graecis
1798 657 1829 686 in
1843 658 1904 688 La-

263 692 366 723 tinum
381 694 549 729 convertit,
565 697 598 724 ut
612 702 697 724 nova
712 692 816 723 adhuc
830 693 862 722 in
877 693 1138 731 interpretatione
1156 693 1326 732 verborum
1343 692 1555 732 redundantia
1570 697 1763 732 compareat.

305 734 351 763 Ad
367 734 523 763 Homilias
537 734 570 763 in
581 733 690 763 Oziam
703 733 780 763 etde
797 733 982 771 Seraphinis
999 732 1078 762 nihil
1093 731 1168 761 novi
1185 731 1409 769 proferendum
1424 732 1591 769 habemus,
1611 731 1666 764 sed
1681 735 1758 765 satis
1773 739 1848 766 sunt
1862 746 1900 770 ea

263 781 335 810 qute
348 773 487 803 diximus
504 774 534 802 in
553 773 686 807 Monito,
703 773 763 802 col.
777 772 881 802 93-98.
898 773 961 802 Nec
976 771 1139 810 quidpiam
1151 771 1291 809 suppetit
1302 771 1385 802 circa
1397 771 1477 802 duas
1493 775 1662 811 sequentes
1678 774 1825 805 homilias
1846 777 1902 806 ad-

263 812 399 842 dendum
415 813 465 849 iis,
482 822 553 851 quae
570 813 601 842 in
615 812 742 842 Monitis
759 812 959 851 singularum
974 811 1090 841 ibidem
1107 810 1308 841 narravimus
1322 821 1329 840 :
1344 810 1547 851 idipsumqué
1561 812 1694 844 dicimus
1714 814 1753 843 de
1774 814 1900 847 duabus

262 851 411 882 Homiliis
426 853 463 882 de
479 853 721 890 Prophetiarum
739 852 944 881 obscuritate.

301 891 572 933 Commentarium
589 893 619 921 in
635 891 800 933 Danietem
818 900 880 920 non
896 891 964 933 sine
980 890 1090 929 aliquo
1106 890 1258 933 scrupulo
1272 891 1355 933 inter
1368 899 1521 933 germana
1533 891 1666 923 Joannis
1682 893 1783 924 nostri
1799 903 1898 933 opera

259 931 450 962 locavimus.
470 932 573 962 Dictio
588 934 672 962 certe
687 931 766 970 Chr)
775 931 906 961 sostomi
924 933 991 966 est;
1009 939 1109 969 genus
1126 929 1354 968 interpretandi
1368 929 1386 960 a
1401 930 1620 970 Chrysostomi
1636 941 1725 963 more
1747 939 1810 963 non
1821 929 1898 965 'dis—

259 970 342 1000 cedit
358 981 365 999 :
383 971 435 1001 sed
461 973 526 1001 tam
550 969 808 1011 compendiosum
829 971 1048 1011 narrationem
1066 969 1099 999 in
1125 970 1227 1011 sancti
1253 970 1393 1011 doctoris
1416 969 1567 1008 operibus
1583 972 1637 1001 vix
1651 973 1815 1011 reperias;
1831 982 1897 1004 non

258 1010 340 1040 solet
355 1011 474 1049 quippe
490 1011 542 1040 ille
558 1011 600 1040 ita
622 1010 732 1049 jejune
756 1012 786 1039 et
802 1010 930 1039 exiliter
943 1009 1110 1039 disserere.
1127 1009 1341 1045 Quamobrem
1354 1009 1496 1040 dicamus
1513 1014 1637 1048 oportet
1652 1009 1724 1041 cum
1739 1012 1897 1043 Cotelerio

258 1052 289 1079 et
313 1048 516 1080 Tillemontio
530 1072 537 1085 ,
561 1048 641 1088 opus
661 1058 678 1079 a
696 1049 924 1088 Chrysostomo
940 1051 1108 1084 tentatum,
1126 1057 1190 1078 non
1206 1049 1391 1079 absolutum
1409 1048 1517 1079 fuisse.
1536 1050 1646 1088 Neque
1666 1054 1772 1081 tamen
1800 1052 1895 1083 talem

258 1098 329 1119 csse
343 1089 425 1119 hanc
448 1092 590 1119 nostram
606 1089 790 1127 opinionem
808 1091 897 1126 puto,
913 1091 948 1118 ut
964 1088 1104 1118 adimere
1122 1096 1249 1128 omnem
1263 1088 1431 1119 adversam
1447 1089 1663 1127 suspicionem
1679 1091 1790 1128 possit.

298 1129 332 1158 In
349 1129 427 1158 duas
450 1138 525 1159 vero
539 1132 709 1166 sequentes
723 1129 883 1163 homilias,
900 1137 981 1166 quas
999 1136 1062 1157 non
1079 1128 1122 1157 ita
1140 1127 1260 1166 pridem
1273 1137 1313 1158 ex
1330 1128 1557 1167 Manuscriptis
1570 1127 1699 1160 eruerat
1715 1139 1743 1160 γ.
1764 1131 1802 1161 cl.
1814 1131 1895 1161 Ben-

256 1168 370 1204 zelius,
381 1170 536 1206 quantum
552 1168 628 1198 satis
645 1170 726 1202 erat,
739 1167 924 1208 diximusriu
941 1167 1081 1208 Monitisi.
1097 1167 1166 1208 Hoc
1184 1176 1283 1208 unum
1300 1167 1417 1208 addere
1431 1168 1517 1203 libet,
1530 1177 1586 1198 nos
1603 1169 1833 1208 priorem,quae
1847 1171 1896 1200 in-

257 1209 307 1249 ter
326 1207 604 1249 przeslantissimas
629 1207 840 1249 numeranda,
857 1207 993 1249 edidisse
1011 1207 1049 1249 ad
1064 1206 1156 1236 ﬁdem
1178 1206 1538 1249 Ottoboniani_Codic_is,
1558 1206 1642 1238 unde
1662 1218 1721 1248 ego
1739 1206 1895 1249 exscripsi

255 1246 374 1282 Romae,
387 1247 442 1286 qui
457 1247 564 1279 Codex
580 1247 674 1286 longe
685 1247 867 1276 accuratior
882 1249 927 1276 est
943 1247 1133 1284 Anglic-ano,
1149 1255 1215 1284 quo
1234 1255 1311 1276 usus
1327 1249 1375 1276 est
1389 1247 1568 1276 Benzelius.

295 1287 386 1323 Quod
401 1289 522 1325 spectat
536 1289 643 1317 autem
658 1286 829 1316 Homiliam
843 1290 953 1316 contra
967 1286 1131 1316 Circenses
1147 1286 1238 1315 ludos
1256 1288 1286 1316 et
1299 1287 1435 1322 theatra,
1453 1295 1516 1324 qua
1529 1287 1693 1324 pulchrior
1705 1288 1806 1318 altera
1825 1297 1890 1319 non

255 1329 304 1356 est
320 1327 351 1356 in
367 1326 583 1366 Chrysostomi
600 1327 739 1364 scriptis,
756 1334 918 1366 quamque
932 1335 1017 1366 nunc
1031 1326 1170 1366 primum
1183 1326 1302 1355 anobis
1312 1328 1442 1366 erutam
1460 1326 1706 1364 publicavimus,
1720 1328 1795 1365 quid
1812 1337 1892 1358 sen—

255 1366 399 1401 tiremus,
416 1366 491 1405 quid
507 1366 544 1396 de
559 1374 657 1402 anno,
672 1367 737 1394 imo
749 1365 787 1394 de
797 1365 847 1396 die
861 1374 926 1403 qua
939 1365 1047 1395 habita
1061 1365 1155 1395 fuerit
1171 1365 1375 1395 statuendum
1392 1368 1590 1404 putaremus,
1606 1366 1733 1396 abunde
1748 1367 1888 1398 diximus

255 1405 287 1435 in
303 1405 425 1445 Monito
444 1405 482 1435 ad
505 1406 658 1436 eamdem.
675 1405 794 1435 Verum
820 1405 896 1443 quia
919 1405 1059 1445 secunda:
1083 1414 1164 1434 cura
1182 1405 1322 1443 potiores
1339 1409 1425 1437 sunt,
1443 1413 1560 1434 novam
1575 1413 1710 1444 eamque
1728 1407 1888 1445 gravissi—

254 1453 339 1475 mam
354 1444 570 1475 dillicultatcm
585 1445 669 1475 circa
685 1448 808 1483 tempus
825 1447 856 1474 et
870 1444 952 1474 diem
967 1444 1083 1474 habita:
1103 1444 1265 1474 concionis
1282 1454 1322 1474 ex
1344 1445 1422 1483 ipsis
1437 1444 1654 1483 Chrysostomi
1678 1444 1781 1477 verbis
1805 1447 1883 1476 oriri

253 1484 530 1524 deprehendimus,
547 1492 613 1523 qua
626 1485 664 1515 de
679 1494 713 1514 re
726 1484 792 1523 jam
807 1484 898 1514 nobis
914 1484 1074 1524 agendum
1089 1484 1254 1514 incumbit.
1478 1486 1485 1493 ‘

293 1561 307 1597 ἐ
323 1559 362 1589 ΙΙ.
378 1559 563 1599 Disquisitio
581 1558 793 1599 circatempus
801 1561 828 1587 et
840 1557 918 1587 diem
932 1565 992 1596 quo
1007 1555 1110 1586 habita
1122 1555 1321 1599 fuitegregia
1335 1555 1389 1599 illa
1399 1556 1512 1599 Quoia
1528 1560 1637 1587 contra
1652 1557 1743 1588 ludos
1759 1558 1888 1589 Circen-

552 1608 597 1628 ses
612 1602 639 1627 et
655 1595 783 1631 theatra,
799 1606 887 1636 quam
904 1595 1002 1635 nuper
1019 1600 1136 1626 erutam
1150 1595 1311 1628 edidimus,
1328 1596 1388 1625 col.
1403 1595 1462 1625 263
1475 1599 1506 1626 et
1518 1605 1588 1635 sqq.

290 1659 329 1690 Ut
344 1659 551 1698 intelligatur,
572 1667 637 1698 qua
654 1659 684 1688 in
699 1667 732 1688 re
751 1658 918 1688 difﬁcultas
933 1659 1090 1693 versetur,
1110 1657 1403 1698 retractandaﬁsunt
1418 1666 1455 1688 ea
1470 1667 1543 1698 quae
1558 1659 1589 1698 in
1606 1659 1727 1688 Monito
1741 1659 1901 1694 diximus.

252 1699 424 1738 repetenda
445 1697 500 1730 illa
515 1707 586 1737 quas
597 1700 682 1728 circa
697 1701 820 1736 tempus
837 1701 869 1728 et
888 1698 972 1728 diem
985 1698 1106 1728 habitae
1120 1697 1286 1738 concionis
1303 1697 1456 1727 dicuntur
1473 1697 1565 1738 initio
1579 1697 1730 1728 homilim.
1746 1699 1816 1729 Jam
1831 1708 1894 1731 an-

251 1737 329 1769 num
353 1747 456 1768 unum
479 1747 628 1768 emensus
650 1740 719 1768 erat
736 1737 984 1776 ChrysostOmus
1000 1737 1032 1766 in
1057 1737 1245 1776 episcopatu
1262 1737 1634 1776 Constantinopolitano,
1655 1738 1765 1768 etenim
1790 1738 1893 1769 annua

253 1778 374 1808 tandem
393 1783 435 1807 est
449 1779 569 1817 elapsus
590 1787 628 1807 ex
643 1787 703 1816 quo
720 1777 752 1806 in
769 1781 897 1806 vestram
908 1777 1062 1817 civitatem
1072 1777 1218 1807 advectus
1229 1787 1316 1807 sum:
1329 1787 1402 1808 cum
1417 1777 1584 1807 ordinatus
1597 1786 1673 1816 ergo
1681 1777 1793 1808 fuisset
1806 1787 1893 1809 anno

250 1817 321 1852 398,
338 1820 435 1857 atque
447 1821 481 1848 ut
494 1816 538 1846 ait
554 1817 763 1857 Soerates,26
779 1817 960 1851 Februarii,
974 1816 1041 1855 jam
1057 1817 1234 1847 secundum
1248 1818 1452 1856 episcopatus
1469 1825 1592 1847 annum
1606 1817 1733 1856 agebat.
1750 1817 1809 1847 Illo
1825 1818 1894 1857 igi—

254 1859 305 1887 tur
318 1866 403 1887 anno
418 1856 498 1896 feria
511 1859 627 1895 quarta
649 1856 853 1887 hebdomadas
871 1856 1038 1895 cujusdam
1062 1857 1255 1895 irrumpcnte
1273 1857 1386 1896 pluvia
1407 1856 1528 1896 ingenti
1544 1860 1636 1894 atque
1662 1857 1766 1886 omnia
1791 1856 1893 1887 secum

252 1896 402 1931 trahente,
421 1900 446 1925 ct
469 1895 505 1925 ab
529 1905 592 1929 ore,
615 1900 650 1936 ut
668 1895 852 1936 itaidicam,
878 1896 1087 1934 agricolarum
1109 1905 1242 1926 mensam
1265 1895 1417 1935 rapiente.
1439 1895 1575 1936 comatus
1590 1895 1692 1934 spicas
1715 1896 1889 1936 deficiente.

247 1940 418 1980 'geteraquc
435 1935 538 1965 omnia.
550 1944 608 1974 per
623 1935 911 1980 [lumitlwonateritg
926 1936 1046 1980 copﬂiarn
1062 1936 1247 1969 dccaslante.
1261 1936 1381 1980 litaniw
1393 1935 1685 1980 et__supplicatioues
1704 1936 1801 1980 fuere,
1828 1939 1889 1966 etc.

250 1975 398 2005 Diximus
413 1978 519 2005 autem
534 1978 605 2013 post
619 1975 880 2014 Chrysostomum
896 1975 962 2005 haec
975 1975 1053 2005 feria
1067 1979 1184 2013 quarta
1202 1975 1356 2005 accidisse
1372 1985 1379 2004 :
1395 1974 1439 2014 ait
1453 1974 1548 2014 enim,
1565 1983 1632 2004 uno
1645 1977 1769 2004 tantum
1785 1975 1891 2006 inter-

250 2015 354 2052 posito
379 2018 451 2053 post
464 2017 588 2045 tantam
608 2013 760 2045 alluviem
782 2015 844 2050 die,
862 2015 953 2045 ludos
969 2014 1135 2045 Circenses
1154 2014 1185 2044 in
1206 2015 1380 2044 Parasceve
1405 2013 1506 2044 editos
1533 2013 1644 2044 fuisse.
1660 2014 1693 2044 ln
1709 2015 1890 2046 Parasceve

250 2054 359 2093 igitur,
377 2054 506 2092 quidam
535 2063 574 2084 ex
599 2063 695 2094 grege
715 2054 973 2085 Christianorum
989 2055 1100 2094 relicta
1116 2054 1264 2094 ecclesia:
1289 2054 1454 2089 concione,
1479 2053 1520 2094 ad
1536 2054 1744 2094 spectaculum
1764 2063 1892 2084 concer-

250 2092 385 2124 tantium
401 2102 547 2133 eguerunt
563 2092 809 2133 transfugerunt,
835 2098 926 2133 atque
941 2095 986 2124 ita
1001 2093 1178 2124 debacchati
1201 2097 1286 2126 sunt,
1302 2098 1336 2123 ut
1349 2097 1444 2133 totum
1464 2093 1568 2133 urbem
1587 2092 1714 2123 vocibus
1736 2094 1891 2124 clamori—

250 2133 363 2173 busque
384 2132 622 2172 repleverint....
642 2132 695 2164 Ner
710 2133 808 2172 ipsam
824 2132 1044 2173 quidemdicm
1063 2133 1199 2167 reveriti,
1225 2133 1258 2163 in
1274 2142 1334 2172 qua
1359 2132 1496 2173 symbolo
1513 2133 1623 2173 salutis
1634 2133 1764 2173 generis
1787 2134 1889 2164 nostri

249 2171 460 2203 consummata
473 2178 556 2203 sunt.
573 2174 685 2203 Verum
699 2171 732 2203 in
743 2171 912 2203 Parasceee
924 2171 974 2212 (a).
994 2181 1061 2202 cum
1072 2173 1223 2203 Dominus
1240 2171 1311 2202 tuus
1322 2171 1383 2211 pro
1398 2171 1469 2202 orbe
1484 2171 1733 2212 cruciﬁgebatur.
1749 2177 1776 2202 ct
1791 2173 1890 2204 sacri-

248 2213 352 2253 ﬁcium
370 2213 429 2253 tale
441 2212 638 2253 offerebatur.
649 2212 822 2253 paradisus
830 2212 1036 2253 aperiebatur,
1053 2216 1080 2241 et
1097 2212 1179 2242 latro
1196 2212 1402 2253 inantiquan}
1416 2211 1622 2253 reducebatur
1631 2213 1780 2251 patriam,
1796 2213 1888 2253 malc-

247 2251 345 2283 dictio
358 2251 594 2284 dissolvebatur,
607 2256 765 2290 peccatum
778 2251 943 2285 delebatur,
961 2251 1144 2282 diuturnum
1158 2251 1324 2282 tollebatur
1339 2251 1460 2284 bellum.
1471 2252 1611 2290 Deusque
1623 2252 1889 2283 rcconciliabatur

249 2301 317 2322 cum
329 2291 516 2324 hominibus.
538 2295 628 2330 atque
647 2291 749 2331 omnia
762 2291 964 2321 mutabantur
979 2301 989 2321 :
1007 2291 1044 2331 in
1059 2291 1116 2322 illa
1129 2291 1177 2321 die
1190 2291 1223 2321 in
1251 2300 1311 2330 qua
1322 2291 1469 2330 jejunare
1483 2290 1643 2331 oportebat
1658 2314 1664 2324 ,
1689 2292 1841 2331 conﬁteri,
1859 2296 1889 2322 et

247 2332 367 2370 gratias
388 2331 547 2370 precando
571 2331 685 2370 referre
706 2330 734 2360 ei
751 2331 806 2370 qui
827 2335 873 2360 tot
897 2330 977 2360 bona
996 2330 1065 2361 orbi
1081 2331 1214 2361 contulit
1232 2340 1241 2359 :
1262 2335 1335 2360 tunc
1358 2335 1391 2360 tu
1413 2331 1522 2370 relicta
1539 2330 1665 2370 ecclesia
1684 2335 1711 2360 et
1731 2330 1886 2370 sacriﬁcio

248 2369 420 2410 Spig‘ituali,
444 2369 640 2410 fratrumque
651 2373 740 2403 catu,
758 2370 976 2410 atquejejunii
996 2371 1165 2409 gravitate,
1184 2370 1325 2410 captivus
1340 2380 1359 2400 a
1381 2369 1505 2400 diabolo
1528 2369 1569 2399 ad
1584 2369 1666 2400 illud
1679 2370 1888 2409 spectaculum

196 2451 203 2484 ζ
251 2409 585 2488 abggttzti‘tsaeysiathetice
595 2449 949 2489 etl'ertChrysostomus,
959 2451 994 2479 ut
1008 2449 1186 2488 putaverim
1199 2425 1395 2480 Paras‘ceven
1407 2449 1507 2485 illam,
1523 2457 1621 2488 quam
1635 2451 1801 2488 tantopere
1812 2451 1890 2479 cele-

195 2476 203 2499 ·’
248 2476 470 2524 bratille,esse
484 2489 594 2519 feriam
608 2493 733 2520 sextam
748 2476 950 2520 hebdomadas
966 2476 1095 2525 sarrlctaa,
1112 2498 1147 2520 ac
1160 2489 1292 2528 proinde
1308 2489 1363 2519 illa
1374 2476 1576 2527 omnia,qute
1587 2476 1888 2527 pluribusrrecenset

247 2528 278 2558 S.
289 2530 433 2563 antistes,
446 2529 477 2558 in
493 2529 688 2566 hebdomade
704 2531 816 2559 sancta
830 2528 998 2559 accidisse:
1012 2528 1177 2567 fateorque
1193 2538 1242 2559 me
1262 2529 1346 2559 hanc
1359 2528 1550 2559 sententiam
1574 2529 1757 2567 amplexum
1773 2528 1886 2558 fuisse.

247 2568 366 2598 Verum
378 2570 489 2598 contra
500 2569 585 2598 illam
594 2568 789 2607 gravissimae
798 2569 969 2608 insurgunt
980 2568 1334 2608 difﬁcultates,quarum
1346 2569 1480 2599 alteram
1492 2568 1594 2608 primo
1603 2570 1784 2608 perceptam
1792 2577 1890 2608 expc.

248 2609 298 2638 sui
309 2609 342 2638 in
351 2608 484 2642 Motiito,
494 2611 606 2648 estque
618 2608 798 2648 huiusmodi
810 2609 859 2638 :In
874 2607 1030 2648 concione
1040 2609 1084 2638 ait
1094 2607 1352 2648 Chrysdstomus,
1361 2612 1432 2638 ante
1441 2612 1502 2637 tres
1512 2607 1576 2638 dies
1588 2607 1812 2648 imberriugens.
1823 2607 1887 2648 lm-

247 2648 306 2678 ber
319 2651 426 2679 autem
440 2647 494 2677 ille
508 2647 622 2678 decidit
636 2647 714 2678 feria
728 2650 843 2686 quarta
859 2647 1192 2686 hebdomadis,quinta
1207 2647 1285 2679 feria
1293 2648 1372 2678 nihil
1387 2650 1584 2678 memoratur
1595 2647 1759 2682 accidisse,
1775 2647 1808 2676 in
1823 2647 1888 2677 Pa—

247 2695 379 2718 rasceve
397 2687 461 2717 ludi
476 2690 641 2726 equestres
657 2688 773 2716 multos
787 2696 828 2718 ex
841 2688 1004 2718 catholicis
1022 2687 1246 2723 abduxerunti
1268 2687 1406 2718 Sabbato
1421 2687 1514 2717 iidem
1530 2687 1589 2726 ipsi
1607 2686 1781 2716 Christiani
1797 2687 1885 2717 thea-

247 2730 372 2757 trorum
385 2727 564 2766 spectacula
573 2726 727 2759 adierunt.
740 2727 820 2757 Hinc
834 2736 909 2757 vero
921 2727 1012 2765 sequi
1025 2727 1149 2757 videtur
1163 2728 1244 2758 hanc
1254 2727 1418 2757 homiliam
1428 2727 1496 2765 ipsa
1507 2726 1557 2757 die
1567 2726 1733 2756 Dominica
1742 2726 1885 2766 habitam

247 2765 358 2803 fuisse,
374 2765 456 2796 initer
473 2775 571 2805 quam
586 2768 668 2796 diem
695 2769 725 2796 et
751 2766 862 2798 feriam
882 2770 1030 2806 quartam
1046 2767 1278 2806 praecedentem
1291 2769 1378 2797 retro
1399 2766 1598 2797 numerando
1614 2768 1679 2796 tres
1698 2765 1885 2796 intercede-

277 2838 314 2868 (u)
325 2840 380 2870 Haec
387 2836 549 2870 intelligenda
561 2844 617 2862 esse
629 2837 661 2862 de
669 2837 710 2862 die
720 2838 820 2870 \jeneris
832 2841 888 2870 ante
901 2838 985 2862 Pascha
1000 2844 1030 2862 ex
1041 2844 1090 2870 eo]
1099 2838 1207 2869 rebatur,
1217 2838 1281 2870 quod
1293 2839 1317 2863 in
1329 2837 1370 2862 illa
1381 2837 1431 2869 ipsa
1443 2837 1483 2863 die
1496 2838 1626 2863 evenerint
1637 2845 1693 2870 qua:
1704 2838 1743 2864 hic
1756 2831 1884 2866 memorat,

248 2872 273 2893 et
286 2868 349 2900 quod
357 2868 479 2900 jejunium
490 2873 604 2900 magnum
614 2875 659 2894 sou
671 2868 881 2900 quadragesimale
894 2869 917 2894 in
930 2869 1010 2893 medio
1022 2868 1167 2899 proferatur.
