2068 3130
203 139 218 168 ο
905 138 1095 169 ﬂuminio.
1810 144 1842 172 ιο

205 199 281 228 bant
293 197 360 228 dies
376 196 463 236 pleni
479 196 509 226 et
531 196 657 235 integri,
680 194 865 236 Sabbatum,
882 194 1057 236 Parasceve
1070 197 1100 225 ct
1115 194 1192 236 feria
1208 196 1332 234 quinta.
1348 196 1406 227 Sed
1423 198 1449 227 si
1464 196 1597 229 homilia
1613 198 1644 228 in
1665 198 1715 228 die
1732 203 1845 229 sancto

203 237 332 268 Pascha;
349 234 460 266 habita
475 236 582 271 fuerit,
598 234 655 265 cur
678 244 717 264 ne
732 235 865 264 verbum
883 234 1011 272 quidem
1036 235 1068 264 in
1082 235 1235 264 concione
1252 238 1317 266 tota
1340 236 1378 266 de
1396 238 1632 268 resurrectione
1647 238 1772 268 Domini
1791 239 1847 269 ha-

204 278 316 308 betur?
329 277 409 306 Nam
433 277 491 305 etsi
509 275 568 305 dici
587 274 722 314 fortasse
737 274 839 312 possit
858 273 1121 312 Chrysostomum
1142 274 1196 303 illo
1212 275 1273 310 die,
1291 277 1325 304 ut
1340 275 1595 314 indignationem
1611 285 1704 307 suam
1719 277 1752 307 in
1775 286 1844 312 eos,

204 317 258 355 qui
272 317 396 346 theatra
413 316 526 356 diebus
541 315 658 356 sanctis
680 313 1056 356 adierant,_cxon_eraret,
1081 314 1267 356 concionem
1297 313 1465 356 habuisse,
1482 316 1629 354 nihilque
1651 316 1736 346 aliud
1762 318 1846 356 cogi-

206 352 288 385 tasse
307 366 313 384 :
331 364 371 385 an
395 355 496 393 potuit
520 355 552 383 in
568 354 617 383 die
636 352 895 394 sanctodPascliae
911 352 990 394 nihil
1004 353 1136 394 omnino
1151 353 1189 382 do
1205 356 1292 394 tanta
1309 354 1494 384 celebritate
1509 363 1548 385 ne
1564 352 1699 394 carptim
1715 352 1845 394 quiddm

207 395 293 433 loqui
310 396 324 424 ?
348 395 378 424 Si
396 391 472 424 vero
488 394 521 423 in
537 396 725 431 sequentem
740 391 1003 433 dicmhomiliam
1019 392 1199 433 mittamus,
1220 393 1283 423 alia
1298 397 1452 433 exsurget
1465 391 1658 430 difﬁcultas;
1679 391 1743 425 non
1761 396 1846 425 enim

206 431 267 464 tre—5
283 437 407 464 tantum
421 434 499 474 dies,
516 433 569 463 sed
585 435 726 471 quatuor
746 431 831 474 pleni
845 433 879 474 et_
891 431 1006 470 integri
1019 431 1217 474 intercedent
1231 442 1238 474 ς
1255 441 1292 462 ac
1308 433 1381 474 licet
1395 431 1456 463 dici
1471 434 1847 474 possitChrysostomum

206 478 270 504 tres
290 473 493 511 dixissedies
511 481 575 502 non
593 471 810 510 supputando,
828 470 881 500 sed
897 471 1164 511 tempuscirciter
1176 472 1381 511 assignando,
1396 470 1482 503 certe
1503 474 1557 503 vix
1578 474 1610 503 in
1632 470 1776 504 animum
1793 476 1847 504 in—

206 513 321 543 ducere
336 512 455 551 possis,
468 512 734 551 Chrysostomum
748 512 860 540 contra
876 519 937 551 eos
953 510 1009 551 qui
1025 510 1057 539 in
1072 510 1254 551 farasceve
1265 511 1302 541 ad
1333 512 1424 542 ludos
1445 512 1610 543 Circenses
1626 517 1845 548 accurrerant.

207 556 236 583 et
251 548 389 582 Sabbato
404 548 704 582 theatra'obscoanis
726 549 916 588 spectaculis
932 548 1026 587 plena
1042 549 1188 580 adierant
1203 572 1210 587 ,
1229 551 1308 580 nihil
1323 551 1441 582 dixisse
1457 552 1495 582 de
1514 553 1678 584 Paschalis
1696 553 1746 583 die
1762 553 1844 584 Sab-

206 593 316 622 batum
331 592 409 621 illud
428 592 631 629 insequente,
649 592 675 620 si
691 598 765 619 vere
781 589 968 629 fuissetilla
985 589 1157 619 hebdomas
1173 593 1296 620 sancta.

246 632 356 673 Altera
368 640 473 673 neque
484 627 593 673 minor
608 639 649 660 ex
665 629 771 673 verbis
784 628 860 673 ipsis
877 627 1095 673 Chrysostomi
1109 629 1214 659 oritur
1232 629 1413 661 difﬁcultas.
1440 628 1546 673 Imber
1561 632 1613 662 ille
1638 630 1750 672 ingens
1767 655 1775 668 ,
1795 631 1848 663 in—

207 672 289 710 quit,
306 668 590 705 omnia’trahebat,
607 672 747 710 conlatas
762 668 1023 710 spicasdejicieba

1031 671 1050 706 ἶ,
1062 676 1165 710 nixum;
1179 679 1297 707 κςμῶντας
1310 679 1463 706 κατακλίνωυ,
1538 674 1586 702 est
1608 668 1784 702 secundum

206 708 321 746 feram,
338 711 443 749 spicas
459 712 600 750 comatas
617 711 652 738 ut
670 708 910 750 seinclinarent
921 708 1190 750 cogebat,quibus
1206 710 1308 750 verbis
1323 713 1542 749 tempestatem
1559 711 1652 741 messi
1665 712 1846 750 proximam

208 750 327 780 indicat
338 747 394 790 (ἁ).
408 749 574 786 Quomodo
589 747 736 790 autemid
754 747 891 790 intelligi
902 747 1049 790 queatde
1067 749 1187 790 campis
1203 747 1403 790 qualessunt
1416 750 1546 780 ineunte
1558 747 1674 788 Aprili,
1688 751 1786 781 herba
1799 751 1849 780 vi—

208 790 268 819 ridi
284 786 410 827 nempe,
427 798 491 819 non
505 789 637 818 comatis
654 787 762 826 spicis,
779 787 891 825 repleti
900 786 1082 827 izrsiquidem
1100 786 1160 816 hoc
1173 795 1277 823 anno,
1298 788 1324 818 si
1348 788 1506 819 ﬁdendum
1522 786 1652 820 Tabulis
1664 786 1846 821 Paschali-

210 830 283 865 bus,
302 826 423 859 Pascha
440 828 550 858 incidit
572 828 744 868 inrisextam
757 826 877 868 Aprilis
891 826 997 855 diem?
1015 826 1053 856 Ut
1078 829 1113 855 ut
1131 835 1206 856 vero
1222 829 1288 865 est,
1305 831 1436 858 comata:
1450 829 1546 867 spica:
1562 838 1624 858 non
1640 832 1778 868 possunt
1796 830 1847 861 vel

208 868 339 899 ineunte
354 869 403 899 vel
419 867 523 898 medio
533 867 633 906 Aprili
647 867 680 896 in
695 866 780 905 agris
797 866 888 904 erigi.

248 908 328 945 Quid
344 917 422 938 vero
433 908 459 937 si
474 902 617 937 dicamus
632 906 698 936 haec
712 902 752 935 ad
768 902 998 939 hebdomadam
1010 907 1153 936 sanctam
1164 915 1231 936 non
1240 906 1364 943 referri,
1378 907 1431 937 sed
1445 907 1484 938 ad
1499 908 1596 938 aliam
1612 908 1843 939 hebdomadam

210 956 320 977 mense
335 948 463 978 circiter
479 947 586 987 Junio,
600 945 729 984 quando
745 945 839 984 spicae
853 947 1016 987 comantes
1031 945 1065 975 in
1081 946 1166 987 agris
1191 947 1406 987 observantur
1421 948 1504 978 circa
1526 947 1849 987 Constantinopolin?

209 988 287 1028 Hoc
298 990 404 1028 pacto
414 990 499 1028 certe
515 986 843 1028 difﬁcultatesomnes
861 985 1064 1028 solverentur
1080 995 1087 1014 :
1109 985 1280 1028 videndum
1289 995 1371 1028 ergo
1389 995 1431 1016 an
1451 988 1626 1028 Parasceve
1651 988 1718 1028 illa,
1741 985 1775 1018 in
1788 997 1849 1028 qua

210 1022 348 1066 symbolo
357 1026 470 1056 salutis
487 1026 606 1065 generis
618 1025 777 1066 nostri,
788 1034 850 1066 qua
861 1024 1015 1066 Dominus
1029 1033 1087 1063 pro
1101 1024 1172 1066 orbe
1188 1022 1436 1066 cryciﬁgebatur,
1449 1030 1523 1061 etc.,
1539 1027 1640 1065 possit
1653 1027 1690 1057 de
1704 1022 1848 1065 qualibet

211 1062 291 1097 feria
302 1068 393 1097 sexta
409 1075 466 1096 seu
482 1062 657 1096 Parasceve
671 1062 816 1103 intelligi.
836 1064 929 1105 Apud
942 1062 1067 1094 Griecos
1081 1065 1195 1105 utique
1208 1062 1376 1105 fornicem
1392 1074 1451 1104 pro
1466 1062 1549 1097 feria
1559 1069 1650 1105 sexta
1672 1062 1847 1105 accipitur:

211 1105 403 1135 Parasceven
418 1105 503 1135 enim
521 1105 604 1135 diem
617 1104 752 1135 Veneris
770 1101 840 1144 esse
855 1101 1058 1144 aitrClemens
1074 1101 1313 1144 Aleiandrinus
1326 1101 1441 1134 Stro—m.
1455 1105 1524 1141 VII,
1541 1115 1570 1144 p.
1584 1104 1655 1140 Ἧιῖιι,
1670 1108 1701 1135 et
1713 1101 1849 1136 Chroni-

212 1153 273 1175 con
288 1145 449 1184 Anonymi
465 1144 716 1183 manuscriptum
731 1151 750 1174 a
764 1143 879 1184 Carolo
893 1143 1015 1184 Gangio
1037 1143 1069 1172 in
1088 1143 1253 1184 glossario
1269 1144 1532 1184 Griecoallatum
1543 1143 1618 1184 haec
1632 1145 1671 1174 de
1688 1145 1849 1175 Constan—

210 1184 278 1214 tino
291 1182 407 1223 magno
422 1185 528 1219 habet,
544 1182 771 1214 Constantinus
787 1183 900 1212 multas
915 1182 992 1223 leges
998 1191 1060 1223 pro
1078 1182 1263 1223 Christianis
1275 1183 1357 1217 tulit,
1370 1183 1526 1223 jussitque
1542 1183 1732 1214 Parasceven
1744 1189 1772 1214 et
1785 1185 1849 1216 Do-

210 1221 358 1254 minicani
370 1224 534 1256 honorari,
551 1223 637 1254 illam
646 1226 781 1262 propter
795 1231 914 1252 crucem
929 1221 1068 1256 Domini,
1082 1221 1161 1252 hanc
1172 1226 1306 1262 propter
1319 1221 1584 1253 resurrectionem.

250 1264 310 1293 Hic
324 1266 408 1294 certe
437 1263 562 1294 videtur
589 1261 836 1302 Chrysostomus
851 1262 888 1291 de
903 1261 967 1302 alia
981 1262 1156 1302 Parasceve
1169 1261 1270 1300 loqui,
1289 1268 1386 1300 quam
1397 1262 1434 1292 de
1450 1262 1504 1293 illa
1517 1271 1588 1301 quae
1604 1262 1636 1292 in
1650 1261 1849 1295 hebdomada

211 1305 322 1333 sancta
331 1300 717 1342 celebrabatur;alioq‘uin
732 1302 816 1331 enim
830 1309 937 1331 annon
945 1301 983 1342 de
998 1300 1136 1331 Sabbato
1149 1302 1296 1342 sequenti
1302 1302 1451 1342 loquens,
1461 1300 1606 1340 quo’pars
1618 1302 1851 1342 Christianipo-

211 1343 278 1381 puli
288 1342 326 1373 ad
342 1343 467 1373 theatra
483 1351 518 1372 se
536 1341 681 1377 contulit,
696 1342 925 1380 objurgaturus
943 1341 1013 1371 il‘los
1032 1343 1100 1371 erat
1116 1340 1202 1379 quod
1221 1341 1253 1370 in
1270 1341 1377 1380 vigilia
1392 1341 1461 1380 ipsa
1476 1342 1669 1372 sanctissimi
1685 1340 1847 1373 Paschalis

212 1382 251 1412 ad
267 1382 401 1421 profana
417 1384 448 1412 et
462 1382 603 1412 lasciviae
619 1382 715 1420 plena
730 1381 785 1411 illa
800 1381 984 1421 spectacula
1001 1388 1035 1410 se
1050 1381 1285 1421 contulissent?

251 1419 297 1452 De
312 1425 433 1452 caneris
450 1430 523 1460 quae
546 1419 728 1459 sequuntur
742 1420 917 1459 opusculis,
934 1428 1070 1460 quaeque
1096 1420 1129 1460 in
1144 1420 1346 1450 Editionibus
1360 1419 1580 1460 Chrysostorni
1601 1420 1848 1452 Graeco-Latinis

213 1470 278 1491 non
292 1462 474 1496 exstabant,
490 1461 567 1491 satis
583 1460 722 1490 diximus
737 1460 769 1489 in
793 1459 922 1500 Monitis
938 1459 978 1489 ad
1006 1459 1145 1500 singula.
1173 1460 1249 1500 Quae
1271 1459 1393 1500 Monita
1409 1459 1550 1500 prudens
1571 1461 1671 1500 lector
1684 1461 1792 1500 legere
1806 1470 1847 1492 ne

212 1501 357 1536 omittat;
374 1503 451 1531 sunt
465 1501 551 1530 enim
565 1509 603 1531 ea
618 1501 722 1530 mente
738 1499 942 1535 concinnata,
959 1501 994 1529 ut
1008 1499 1163 1538 majorem
1178 1508 1220 1529 ex
1242 1499 1448 1530 homiliarum
1464 1499 1600 1530 lectione
1616 1499 1755 1530 fructum
1772 1510 1849 1540 per-

212 1540 320 1578 cipiat.

253 1591 267 1627 §
281 1591 335 1621 ll].
358 1592 401 1621 De
416 1591 552 1630 Synopsi
565 1591 736 1630 Scriptura
749 1599 855 1624 same,
871 1595 898 1619 et
909 1599 965 1620 cur
976 1589 1209 1630 Chrysostomns
1225 1590 1258 1620 in
1270 1589 1448 1620 recensione
1464 1589 1616 1621 librorum
1633 1591 1720 1622 Novi
1743 1592 1850 1623 Testa-

648 1630 743 1659 menti
756 1630 850 1659 Pauli
867 1629 1031 1668 Epistolas
1044 1634 1116 1659 ante
1129 1630 1301 1668 Evangelia
1313 1633 1420 1668 ponat.

251 1680 411 1720 Synopsin
433 1681 604 1719 Scriptura:
628 1689 727 1711 sacrae
753 1689 793 1709 ex
810 1680 1029 1718 Manuscripto
1048 1679 1187 1718 quodam
1219 1680 1415 1710 Coisliniano
1449 1680 1683 1718 desumpsimus
1704 1691 1712 1717 ;
1738 1682 1847 1714 Codex

212 1719 320 1751 autem
335 1719 387 1750 ille
404 1721 534 1750 mutilus
550 1721 582 1749 in
596 1720 703 1750 multis
718 1720 796 1749 locis
810 1722 895 1750 erat:
916 1728 990 1749 nam
1004 1721 1215 1758 praeterquam
1230 1720 1314 1757 quod
1331 1719 1362 1749 in
1371 1720 1477 1749 Veteri
1492 1720 1696 1750 Testamento
1710 1721 1849 1759 plurima

211 1760 488 1795 desiderabantur,
505 1762 571 1789 tota
585 1760 664 1800 Novi
682 1759 876 1800 Testamenti
891 1759 1044 1800 Synopsi‘s
1060 1759 1178 1800 deerat,
1194 1767 1291 1800 quam
1307 1761 1413 1800 tamen
1435 1760 1475 1789 ab
1493 1768 1526 1789 se
1542 1758 1765 1800 concinnatam
1781 1762 1849 1800 ipse

211 1802 326 1830 auctor
343 1800 376 1829 in
399 1800 554 1838 prooemio
570 1799 768 1829 testiﬁcatur.
782 1799 984 1837 Quapropter
1002 1798 1082 1828 nihil
1098 1807 1161 1838 non
1177 1798 1298 1836 egimus
1311 1820 1318 1833 ,
1332 1800 1368 1828 ut
1385 1798 1411 1828 si
1431 1806 1495 1837 qua
1513 1800 1545 1828 in
1561 1798 1632 1829 aliis
1650 1798 1848 1831 bibliothecis

211 1839 359 1874 laterent,
385 1847 524 1877 quorum
548 1838 732 1879 accessione
758 1840 879 1868 sartum
899 1840 1015 1879 tectum
1030 1846 1110 1879 opus
1125 1837 1391 1879 darepossemus,
1405 1838 1569 1879 _ea__nobis
1593 1839 1770 1869 amicorum
1788 1849 1848 1879 ope

211 1876 601 1918 mitterenturexscripta.
618 1878 676 1908 Ubi
693 1886 769 1908 vero
782 1877 921 1918 comperi
937 1877 1044 1918 alium,
1052 1877 1192 1918 ejusdem
1206 1877 1385 1918 Synopseos
1400 1876 1544 1918 Ciodicem
1558 1880 1686 1918 exstare
1701 1876 1847 1918 Lugduni

211 1917 450 1949 Batavorumin
464 1917 656 1947 bibliotheca
670 1939 677 1952 ,
698 1926 771 1955 quae
792 1917 869 1946 olim
893 1917 994 1946 lsaaci
1017 1916 1122 1946 Vossii
1148 1916 1261 1951 fuerat,
1286 1917 1390 1946 virum
1410 1916 1627 1947 doctissimum
1644 1916 1849 1948 Abrahamum

211 1956 407 1987 Gronovium
422 1957 534 1996 rogavi
550 1960 584 1986 ut
599 1957 674 1986 mihi
691 1965 802 1986 eorum
819 1965 890 1996 quae
908 1956 940 1985 in
953 1956 1172 1994 Manuscripto
1188 1959 1298 1986 nostro
1313 1956 1445 1986 deerant
1460 1956 1585 1995 copiam
1600 1955 1727 1992 faceret,
1744 1966 1846 1988 anno-

211 1997 285 2026 tatis
309 1995 550 2035 diligentissime
572 1995 610 2025 iis
634 2005 706 2034 quae
723 1995 961 2034 Manuscriptus
983 1998 1093 2025 noster
1113 1996 1301 2025 contineret.
1316 1996 1372 2035 Ille
1388 1999 1496 2026 autem
1512 1995 1560 2025 vir
1574 1996 1718 2026 eruditus
1735 2000 1766 2027 et
1788 1998 1848 2027 hu-

211 2034 432 2070 manissimus,
448 2044 487 2066 ea
502 2036 609 2065 omnia
624 2044 695 2074 quae
711 2035 742 2064 in
759 2039 870 2066 nostro
885 2035 997 2066 Codice
1016 2035 1290 2070 desiderabantur,
1306 2034 1474 2074 diligenter
1491 2035 1672 2073 exscripsit,
1687 2038 1723 2066 ut
1739 2038 1847 2067 trans—

212 2076 352 2105 mitteret
365 2075 440 2105 mihi
453 2085 461 2111 ;
476 2084 548 2105 cum
571 2077 677 2105 autem
695 2075 722 2105 is
740 2075 791 2105 cui
812 2075 1033 2113 apographum
1048 2083 1142 2104 suum
1168 2074 1296 2104 dederat
1314 2074 1392 2103 mihi
1409 2074 1700 2111 transmittendum,
1722 2085 1847 2107 summa

211 2124 292 2145 usus
315 2115 521 2154 negligentia,
537 2114 616 2144 illud
630 2114 801 2150 amisisset,
818 2118 849 2145 et
861 2123 990 2152 pessum
1004 2114 1152 2154 dedisset,
1172 2113 1315 2143 eamdem
1336 2114 1452 2154 iterum
1471 2115 1521 2144 vir
1535 2114 1599 2149 ille,
1617 2123 1681 2144 non
1697 2118 1745 2145 sat
1763 2124 1781 2146 a
1798 2125 1848 2146 me

211 2153 413 2190 laudandus,
426 2163 548 2190 curam,
565 2154 711 2184 eumdem
726 2154 869 2184 laborem
885 2153 1025 2192 suscepit
1036 2176 1044 2188 ,
1063 2153 1195 2192 perfecit
1208 2156 1304 2192 atque
1319 2153 1416 2190 misit,
1434 2154 1485 2183 cui
1504 2163 1562 2192 ego
1577 2154 1774 2185 immortales
1791 2155 1848 2185 ha.

213 2194 273 2224 beo
291 2194 422 2233 gratias.
438 2193 597 2233 Synopsin
614 2193 712 2232 igitur
722 2203 763 2224 ex
778 2194 865 2223 hisce
882 2193 1007 2223 duobus
1020 2193 1188 2223 Codicibus
1209 2194 1376 2233 exceptam
1391 2192 1471 2223 edidi
1490 2203 1497 2222 :
1522 2193 1649 2232 ipsique
1671 2194 1846 2225 Diatribam

212 2232 364 2271 ρτωῐήἰδὶ,
387 2233 420 2263 in
441 2232 507 2272 qua
525 2233 671 2271 pluribus
697 2233 830 2273 probavi
849 2233 1067 2272 Chrysostomi
1089 2235 1182 2263 notas
1205 2234 1234 2263 et
1257 2232 1373 2273 indicia
1391 2233 1500 2273 multa
1520 2233 1552 2262 in
1568 2233 1622 2263 illa
1639 2233 1749 2263 haberi
1776 2243 1848 2273 qua:

212 2273 281 2311 ejus
297 2273 464 2312 genuinum
478 2282 549 2302 esse
563 2281 643 2311 opus
662 2272 833 2302 suaderent
847 2283 854 2302 :
872 2281 975 2312 neque
991 2275 1095 2302 tamen
1110 2273 1269 2303 calculum
1284 2272 1415 2302 omnino
1431 2281 1470 2303 ea
1485 2272 1522 2302 de
1537 2281 1571 2302 re
1586 2273 1655 2308 tuli,
1672 2273 1725 2302 sed
1740 2272 1848 2312 utpar

212 2310 359 2348 eratfme
378 2310 629 2343 eruditorum’ea
646 2312 683 2342 de
698 2321 733 2342 re
749 2310 937 2343 sententiam
951 2315 1138 2350 exspectare
1153 2312 1315 2350 professus
1331 2321 1414 2348 sum,
1425 2314 1461 2342 ut
1476 2320 1540 2342 non
1556 2320 1627 2342 meo
1643 2314 1778 2350 tantum,
1789 2310 1846 2344 sed

212 2352 413 2382 literatorum
430 2361 487 2390 per
501 2353 610 2381 orbem
623 2351 743 2391 judicio
759 2361 839 2390 opus
854 2351 1081 2391 Chrysostomo
1096 2353 1306 2382 assereretur.

252 2393 450 2435 Argumenta
471 2400 567 2430 porro
579 2390 709 2435 adeam
719 2392 886 2435 remliene
900 2391 1135 2435 multaprotuli
1152 2402 1159 2427 ;
1177 2391 1242 2435 sed
1257 2390 1344 2421 aliud
1364 2393 1594 2435 supere_st_noAn
1618 2391 1846 2435 omittendum,

212 2439 250 2461 ac
266 2432 316 2461 vel
329 2439 366 2461 ea
381 2431 418 2460 de
431 2440 529 2462 causa
542 2431 767 2470 proferendum
783 2430 868 2469 quod
888 2430 1009 2469 aliquid
1029 2431 1260 2470 singularitatis
1277 2439 1342 2469 prec
1357 2439 1391 2461 se
1406 2430 1495 2461 ferat.
1511 2431 1547 2460 In
1561 2431 1623 2461 ﬁne
1643 2432 1789 2462 Prowmii
1807 2432 1846 2463 ad

212 2471 372 2509 Synopsin
398 2471 555 2500 librorum
578 2471 657 2500 Novi
673 2471 868 2501 Testamenti
889 2471 1166 2501 enumerationem
1185 2471 1230 2501 sic
1244 2471 1369 2500 orditur
1383 2470 1614 2510 Chysostomus
1629 2481 1636 2499 :
1651 2471 1732 2501 Sunt
1747 2476 1847 2502 autem

212 2511 298 2540 Novi
313 2510 500 2541 Testamenti
519 2509 594 2541 libri
611 2510 766 2550 Epistolte
782 2510 1015 2549 quatuordecim
1036 2510 1140 2544 Pauli,
1163 2515 1301 2550 quatuor
1326 2509 1512 2550 Evangelia.
1536 2509 1597 2540 duo
1620 2510 1845 2550 discipulorum

213 2550 329 2580 Christi
340 2550 475 2580 Joannis
490 2554 518 2579 et
532 2549 688 2583 Matthwi,
704 2549 766 2589 duo
779 2554 879 2579 autem
895 2550 985 2579 Luca!
999 2553 1024 2579 et
1043 2550 1161 2581 Marci.
1172 2549 1304 2589 quorum
1325 2549 1408 2579 alius
1426 2549 1527 2583 Petri,
1539 2549 1621 2580 alius
1638 2549 1734 2581 Pauli
1748 2551 1848 2581 disci-

213 2590 305 2629 pulus
319 2590 393 2629 fuit.
412 2590 451 2619 Et
468 2590 514 2619 sic
527 2590 710 2628 catalogum
730 2588 769 2619 ad
788 2589 885 2619 ﬁnem
901 2597 1005 2629 usque
1018 2588 1236 2628 prosequitur.
1253 2590 1364 2627 Itaque
1377 2589 1535 2620 librorum
1549 2589 1630 2619 Novi
1649 2590 1845 2621 Testamenti

214 2628 435 2660 recensionem
454 2637 585 2668 parans,
607 2630 647 2659 ab
667 2629 818 2667 Epistolis
838 2629 926 2659 Pauli
947 2628 1082 2666 orditur,
1099 2631 1215 2669 etpost
1229 2628 1387 2667 Epistolas
1406 2629 1478 2659 illas
1493 2628 1669 2669 Evangelia
1684 2633 1844 2663 numerat,

215 2672 324 2699 contra
337 2677 436 2707 quam
452 2669 484 2698 in
499 2668 572 2698 aliis
590 2669 738 2698 omnibus
760 2669 855 2699 etiam
874 2668 1106 2707 antiquissimis
1127 2668 1298 2708 Scriptura;
1310 2676 1410 2699 sacrm
1430 2669 1584 2708 catalogis
1600 2669 1843 2700 observabatur:

213 2708 370 2746 siquidem
390 2708 442 2738 hic
452 2708 546 2750 _or_do
563 2709 943 2750 ubique__comparet,_ut_
956 2709 1094 2750 primum
1111 2707 1251 2750 quatuor
1267 2707 1443 2750 Evangelia
1456 2707 1559 2750 1hinc
1572 2709 1669 2738 Actus
1685 2709 1847 2747 apostolo~

213 2757 284 2777 rum
297 2770 304 2783 ,
320 2750 432 2787 postea
452 2747 602 2786 Epistolaa
620 2747 726 2784 Pauli,
741 2748 868 2779 demum
886 2747 1053 2786 Epistolae,
1069 2756 1150 2786 quas
1174 2747 1346 2778 catholicas
1373 2747 1596 2786 appellabant,
1622 2750 1843 2778 numerentur.

211 2787 299 2818 Licet
312 2788 399 2818 enim
413 2787 583 2826 Scriptura)
597 2795 706 2817 omnes
722 2788 808 2826 paris
822 2788 886 2817 sint
897 2787 1110 2823 auctoritatis,
1124 2796 1299 2826 paremque
1308 2787 1401 2817 ﬁdem
1416 2787 1558 2826 exigant,
1568 2788 1679 2826 utpote
1692 2795 1764 2826 qua:
1778 2786 1846 2825 Spi-

244 2860 281 2889 (η)
298 2860 355 2889 Quis
364 2865 424 2884 vero
435 2859 593 2891 Chrysostomi
602 2859 731 2891 dictionem
744 2857 882 2891 translatam
893 2859 990 2891 proprio
1002 2865 1076 2883 sensu
1088 2858 1205 2891 accipiat?
1215 2862 1270 2883 Nam
1287 2858 1312 2882 in
1322 2857 1395 2889 hujus
1406 2856 1555 2882 orationibus
1567 2863 1653 2882 mense
1665 2855 1739 2887 Aprili
1749 2856 1798 2887 jam
1809 2855 1844 2880 ta-

213 2891 299 2916 vcnire
310 2890 368 2916 licet
378 2891 457 2923 spicas
468 2889 585 2921 coimus,
597 2896 657 2922 quas
668 2890 730 2921 apud
742 2889 860 2921 agricolas
870 2891 940 2914 Junio
950 2890 1047 2914 demum
1059 2890 1178 2922 reperias.
