2068 3130
208 167 244 194 ιτ,
840 163 873 191 lN
894 161 1016 196 Istum,
1038 161 1114 192 CAP.
1136 164 1156 192 l.
1816 169 1851 196 tt

207 223 265 251 dies
283 221 392 258 jejunus
416 222 523 254 mansit,
548 220 701 255 nullamque
721 227 774 247 non
795 219 999 246 sollicitudinem

207 269 328 297 adhibuit
343 269 368 296 in
382 267 555 304 supplicando
566 267 621 294 Deo
633 288 641 300 ,
657 270 684 294 ut
697 266 756 293 illos
770 263 803 293 ab
815 272 904 292 amara
916 266 1001 292 servi-

207 321 263 343 tute
277 315 434 343 redimeret.
452 314 553 349 Singuli
569 321 674 349 quoque
689 313 772 340 sancti
789 312 839 339 hoc
853 311 1003 346 splendoris

204 368 303 396 genere
325 360 437 397 fulgent.
460 360 504 387 Sic
523 363 549 387 et
571 358 653 386 David
674 358 819 385 immissam
836 357 861 384 in
876 356 1000 392 populum

205 407 272 434 iram
288 406 334 434 Dei
348 413 472 438 cernens,
489 406 515 432 in
529 413 559 432 se
573 404 716 432 vindictam
730 403 872 434 revocabat
884 403 977 430 dicens
991 410 998 428 :

207 453 262 487 Ego
276 458 362 488 pastor
375 453 484 487 peccavi,
501 456 524 479 et
534 460 580 487 ego
595 455 680 486 pastor
693 450 787 476 malum
801 449 940 485 perpetrari
957 457 966 476 :
978 454 1000 475 et

204 499 257 532 isti,
269 499 312 533 qui
323 506 384 534 grex
395 503 463 530 sunt,
476 498 537 532 quid
550 496 682 532 fecerunt?
697 495 757 522 Fiat
768 503 858 522 manus
871 500 913 521 tua
925 502 1001 528 super

205 552 261 578 me,
274 549 297 571 et
310 544 414 571 domum
431 543 511 578 patris
525 543 574 569 mei
590 542 634 578 (2.
651 542 715 577 Reg.
728 541 773 568 24.
787 542 820 570 Π
831 541 852 576 ).
866 540 999 567 Abraham

205 597 271 617 vero
292 589 453 624 patriarcha,
467 596 527 616 cum
548 588 640 623 procul
660 591 733 615 esset
750 594 765 614 a
785 587 872 618 malis,
887 591 915 614 et
934 585 999 613 nihil

205 642 347 662 commune
368 635 478 662 haberet
494 642 553 662 cum
572 633 689 668 pernicie
705 633 746 660 illa
761 632 912 660 Sodomitas
925 632 1000 659 inva-

206 689 278 714 sura,
291 681 366 716 quasi
387 682 442 716 ipse
464 681 491 708 in
513 680 608 708 mediis
620 679 815 707 calamitatibus
829 680 998 711 consisteret,

205 727 243 755 ita
255 727 339 754 Deum
354 727 511 762 precabatur
521 731 547 754 et
557 726 675 761 rogabat,
687 733 773 760 neque
789 724 867 752 finem
883 725 1000 752 facturus

205 778 266 800 erat
287 772 451 809 supplicandi
472 777 499 800 ut
519 772 606 799 diruat
622 771 774 798 incendium
789 775 931 801 averteret,
948 769 999 796 nisi

206 820 278 847 Deus
290 820 335 847 illo
346 819 457 847 dimisso
471 819 589 847 abiisset.
612 818 703 846 Sancti
725 825 805 852 porro
823 817 888 844 Novi
904 816 998 843 Testa-

206 867 291 894 menti
313 866 442 901 majorem
464 866 609 893 exhibuere
628 865 771 897 virtutem,
794 867 886 898 utpote
906 862 999 897 majori

206 913 290 947 gratia
305 913 406 946 donati,
417 917 444 940 et
453 912 485 940 ad
496 912 660 940 diuturniora
671 911 815 939 certamina
826 911 920 938 vocati.
937 910 999 937 Ideo

207 960 302 988 Petrus
315 959 449 988 Christum
465 959 576 986 audiens
588 959 731 990 dicentem,
740 958 865 985 divitibus
875 957 999 984 difﬁcilli-

205 1013 280 1033 mum
291 1012 350 1033 esse
361 1005 487 1032 αξιοι-ιω]
500 1005 659 1039 ingressum,
669 1003 815 1038 angebatur
823 1007 849 1030 et
858 1002 997 1034 tremebat,

205 1056 286 1086 atque
300 1052 335 1079 ita
349 1051 498 1078 sciscitatus
508 1054 565 1078 est:
578 1050 639 1082 Quis
651 1057 710 1085 ergo
724 1053 803 1084 potest
816 1047 910 1075 salvari
921 1047 997 1083 (Luc.

207 1098 251 1126 l8.
267 1097 332 1133 26)?
346 1098 450 1125 etiamsi
464 1097 534 1125 circa
550 1104 594 1124 res
608 1104 668 1123 suas
681 1095 836 1122 confideret.
853 1094 911 1122 Non
926 1094 996 1121 enim

205 1144 240 1171 de
251 1144 330 1170 rebus
342 1143 408 1175 suis,
422 1142 469 1170 sed
481 1143 514 1169 de
526 1142 590 1169 orbe
602 1141 707 1169 solliciti
720 1145 806 1168 erant.
820 1140 916 1168 Paulus
925 1143 998 1167 certe

204 1196 254 1223 per
264 1196 358 1216 omnes
372 1188 504 1223 Epistolas
517 1195 578 1215 suas
598 1187 660 1214 illud
680 1187 792 1214 indicat:
808 1186 852 1221 qui
866 1186 939 1220 prius
953 1185 998 1212 ha-

204 1235 286 1262 bebat
304 1235 441 1261 hominum
463 1234 586 1267 salutem,
602 1241 681 1269 quam
698 1233 832 1260 Christum
843 1232 948 1265 videre,
963 1232 997 1258 ita

204 1280 298 1308 dicens
311 1289 318 1308 :
331 1280 440 1313 Resolvi,
453 1285 475 1307 et
487 1288 543 1306 cum
553 1279 653 1307 Christo
664 1287 725 1311 esse,
738 1279 826 1305 melius
837 1283 882 1310 est,
897 1286 998 1304 manere

203 1331 290 1353 autem
301 1326 328 1352 in
341 1335 417 1353 carne
427 1326 506 1361 magis
519 1326 687 1352 necessarium
698 1329 800 1360 propter
809 1332 852 1351 vos
867 1323 995 1360 (Philipp.

205 1372 232 1400 Ι.
247 1371 293 1400 25.
307 1371 364 1407 24).
380 1372 471 1399 Talem
485 1371 561 1399 nobis
576 1376 663 1398 servat
677 1371 787 1398 formam
799 1370 841 1397 hic
853 1370 995 1405 propheta;

205 1418 253 1446 Dei
277 1426 390 1454 namque
408 1419 553 1446 sententias
569 1425 630 1445 cum
653 1425 746 1453 magna
769 1417 864 1444 fiducia
886 1416 995 1451 profert,

205 1467 361 1498 peccatores
375 1464 505 1498 increpat,
523 1464 662 1498 ipsumque
677 1468 768 1490 contra
781 1463 840 1490 illos
856 1470 998 1497 exaspera-

205 1515 260 1536 tum
273 1510 357 1545 longis
368 1510 521 1545 frequenter
531 1510 697 1537 sormonibus
708 1510 808 1544 placat;
822 1509 891 1544 quod
906 1511 931 1536 in
945 1508 997 1536 line

205 1556 321 1583 maxime
335 1555 483 1590 prophetia:
495 1555 583 1583 videre
596 1560 645 1582 est.
662 1555 780 1582 Tandem
794 1555 879 1590 ipsum
894 1554 996 1582 adeun-

203 1599 269 1627 dum
280 1605 321 1629 est
335 1601 482 1636 prophetia:
497 1601 645 1628 exordium.

499 1658 610 1686 CAPUT
631 1658 638 1685 l
660 1657 709 1693 (α).

444 1714 510 1742 Visio
522 1723 596 1749 quam
611 1715 670 1741 vidit
682 1714 776 1741 Isaias.

242 1784 268 1808 I.
285 1781 420 1809 Visionem
439 1786 516 1809 vocat
540 1781 704 1816 prophetiam
718 1801 725 1813 ,
746 1781 789 1808 vel
812 1781 850 1808 sic
870 1780 995 1815 loquitur,

204 1826 277 1861 quod
296 1827 377 1854 multa
394 1835 486 1854 eorum
507 1835 565 1862 quae
582 1832 707 1854 eventura
728 1830 805 1854 erant
825 1826 874 1853 sub
889 1830 997 1860 aspectu

204 1870 330 1904 haberet;
345 1872 569 1906 quemadmodum
584 1872 708 1900 Michams
721 1871 786 1899 vidit
799 1872 925 1907 populum
941 1871 996 1898 dis-

206 1925 314 1951 persum
329 1918 365 1954 (5.
382 1918 447 1952 Reg.
461 1918 504 1945 22.
522 1918 583 1954 l7);
599 1924 625 1946 et
639 1918 761 1946 Ezechiel
775 1918 953 1953 captivitatem
966 1924 998 1944 ac

204 1964 451 1998 pra:varicatiouem
462 1972 554 1992 eorum
567 1964 610 2000 qui
623 1965 706 1992 solem
722 1969 749 1991 et
760 1964 923 1991 Tltamuzem
937 1962 998 1990 ado-

205 2010 301 2036 rabunt
321 2009 432 2045 (Ezech.
447 2010 473 2037 8.
491 2011 540 2044 14)
559 2019 565 2036 :
580 2011 620 2037 vel
636 2010 696 2045 quia
710 2010 735 2036 id
749 2010 818 2045 quod
833 2009 967 2044 prophetat
981 2016 997 2036 a

204 2054 262 2082 Deo
274 2055 426 2088 audiebant,
438 2055 495 2090 ipso
509 2063 597 2083 rerum
613 2060 756 2090 conspectu
770 2055 836 2082 nihil
851 2055 938 2082 minus
951 2056 998 2081 ha-

205 2099 292 2133 beret,
304 2100 350 2128 sed
364 2101 473 2135 perinde
485 2101 562 2128 fidem
576 2100 685 2134 faceret,
697 2108 773 2128 secus
783 2108 861 2135 quam
877 2101 902 2127 in
918 2100 998 2127 rebus

206 2145 286 2180 hujus
306 2146 406 2173 mundi.
427 2146 502 2180 Quod
521 2147 592 2174 enim
607 2147 658 2173 alio
670 2146 793 2174 audirent
807 2146 886 2174 modo
896 2167 902 2178 ,
917 2153 997 2181 quam

204 2191 301 2225 reliqui
317 2191 449 2224 homines,
461 2192 486 2218 id
502 2192 544 2219 ille
559 2192 596 2219 ait
607 2200 614 2220 :
627 2191 732 2219 Addidit
740 2191 802 2218 mihi
811 2200 896 2218 aurem
907 2192 941 2218 ad
952 2199 998 2218 au-

205 2236 327 2263 diendum
343 2236 418 2271 (lsai.
435 2237 479 2265 50.
496 2237 534 2272 4).
550 2237 706 2265 Sermonem
723 2242 810 2264 autem
825 2237 876 2264 fide
888 2237 997 2272 (lignum

204 2281 292 2309 reddit
300 2290 359 2309 eum
370 2283 416 2315 ait,
434 2282 511 2313 Visio,
523 2282 723 2317 auditoremque
733 2283 843 2315 excitat,
856 2287 882 2309 et
892 2283 924 2309 ad
936 2291 996 2310 eum

205 2329 251 2363 qui
263 2336 307 2356 res
321 2329 441 2357 exhibuit
452 2329 616 2356 transmittit.
633 2329 689 2356 Mos
703 2329 773 2356 enim
785 2333 842 2356 erat
854 2328 978 2356 omnibus
987 2349 995 2363 ,

204 2375 250 2409 qui
270 2374 316 2401 Dei
335 2374 404 2402 dicta
423 2375 449 2402 in
469 2375 535 2402 alios
556 2375 781 2408 transmittebant,
796 2375 857 2402 illud
871 2381 933 2402 ante
946 2375 996 2401 alia

205 2421 380 2452 constituere,
395 2428 424 2448 se
436 2421 501 2447 nihil
516 2429 529 2447 a
541 2421 691 2455 semetipsis
706 2421 787 2455 loqui,
804 2421 849 2448 sed
861 2421 947 2447 divina
963 2421 997 2448 ab

205 2472 234 2492 se
249 2466 361 2499 proferri
376 2467 482 2493 oracula
495 2471 521 2494 et
535 2467 631 2501 scripta
644 2474 676 2494 ex
688 2467 759 2494 cmlis
772 2466 868 2493 delata.
886 2466 930 2493 Sic
945 2466 997 2492 Da-

204 2511 249 2539 vid
266 2512 372 2539 aiebat:
386 2512 485 2548 Lingua
505 2521 559 2539 mea
577 2513 689 2539 calamus
705 2512 792 2539 scriba:
804 2513 919 2539 velociter
936 2512 998 2538 scri-

207 2558 285 2585 bentis
298 2558 383 2593 (Psal.
397 2558 442 2585 44.
453 2558 498 2593 Ξ).
516 2559 554 2585 Ne
569 2563 643 2593 putes
657 2559 735 2594 igitur
748 2558 838 2585 literas
851 2565 883 2586 ex
896 2558 998 2585 calamo

206 2603 323 2638 prodire,
335 2603 382 2634 sed
396 2612 428 2631 ex
443 2604 549 2632 dextera
566 2604 680 2631 tenentis
694 2611 771 2635 eum;
788 2603 812 2630 id
826 2608 864 2631 est
875 2624 882 2636 ,
898 2611 950 2630 non
965 2611 998 2630 ex

208 2649 296 2684 lingua
310 2649 428 2681 Davidis,
443 2649 489 2676 sed
511 2657 544 2676 ex
565 2649 647 2684 gratia
670 2649 754 2684 ipsam
774 2653 908 2676 movente.
924 2648 999 2675 Alius

209 2702 274 2722 vero
296 2695 423 2730 propheta
437 2695 549 2730 idipsnm
563 2695 701 2722 declarans
719 2695 823 2722 dicebat
839 2703 847 2721 :
861 2694 999 2729 Caprarius

208 2749 278 2768 erunt
292 2749 436 2776 sycomoras
454 2741 561 2768 euellens
575 2741 669 2776 (Amos
684 2741 710 2767 7.
727 2740 796 2775 15);
813 2748 847 2768 ne
859 2740 917 2771 quis
929 2740 999 2767 dicta

235 2818 272 2848 (η)
288 2817 356 2842 Nulla
367 2818 470 2849 capitum
482 2818 603 2843 distinctio
611 2818 714 2842 habetur
722 2818 746 2841 in
758 2818 830 2848 Regio
841 2817 938 2843 Codice.
949 2817 1001 2843 Itur)

207 2849 230 2873 in
241 2850 368 2873 veteribus
378 2853 431 2874 Mss.
444 2849 516 2880 longe
528 2850 640 2873 diversus
652 2852 702 2872 erat
721 2849 824 2880 capitum
840 2849 908 2878 ordo,
927 2852 953 2873 ut
966 2849 999 2873 vi-

207 2882 267 2905 deas
279 2882 302 2905 in
314 2881 459 2906 Bibliotheca
472 2879 551 2906 nostra
564 2880 714 2910 Cuisliuiana,
726 2879 757 2904 de
770 2879 837 2904 libris
848 2879 919 2905 Biblic
928 2887 950 2904 s.

1057 223 1179 251 humanm
1193 224 1329 259 sapientize
1343 224 1505 252 adscriberet
1532 224 1621 260 Neque
1638 225 1688 253 hoc
1703 225 1771 252 dicto
1785 234 1847 253 can-

1056 275 1143 297 tentus
1158 270 1216 304 fuit,
1231 271 1276 298 sed
1293 271 1362 298 aliud
1374 271 1474 299 addidit
1489 271 1530 299 his
1544 273 1629 299 verbis
1644 281 1649 299 :
1668 272 1722 300 Sed
1741 281 1786 307 ego
1805 281 1845 299 rc-

1056 316 1135 350 pletus
1148 325 1205 343 sunt
1221 317 1369 351 fortitudine
1381 318 1408 344 ῐη
1421 318 1520 352 Spiritu
1535 317 1648 349 Domini,
1667 323 1689 345 et
1699 318 1809 353 judicio,
1825 323 1847 345 et

1055 363 1165 397 potentia
1185 363 1284 399 (.llic/i.
1300 364 1325 389 5.
1342 363 1388 399 8).
1411 364 1501 392 Gratia
1517 365 1613 400 quippe
1628 365 1687 392 illos
1701 372 1753 392 non
1769 365 1848 392 modo

1055 409 1199 443 sapientes,
1223 410 1270 437 sed
1291 409 1370 437 etiam
1394 410 1474 437 fortes
1494 411 1641 444 efficiebat,
1656 419 1708 438 non
1728 411 1847 445 corporis

1054 456 1253 489 constitutione,
1269 456 1315 483 sed
1330 461 1428 484 mente.
1442 457 1507 491 Quia
1522 458 1593 485 enim
1607 465 1666 485 cum
1682 458 1778 492 populo
1791 465 1845 485 rem

1055 502 1188 530 habebant
1200 503 1299 530 audace
1309 508 1337 530 et
1349 503 1513 538 impudente,
1527 511 1558 531 ac
1569 504 1689 539 sanguini
1705 504 1845 539 propheta-

1054 557 1112 576 rum
1129 549 1246 577 inhiante
1257 571 1264 583 ,
1277 555 1483 585 sanctorumque
1495 550 1595 578 caedem
1612 551 1748 585 moliente,
1765 552 1846 578 multa

1053 600 1127 622 certe
1146 595 1182 622 illi
1205 596 1317 631 egebant
1339 596 1508 629 fortitudine,
1525 602 1553 624 ttt
1567 605 1600 625 ne
1610 606 1703 626 eorttm
1719 598 1846 632 impetum

1054 640 1237 669 formidarent.
1252 642 1313 669 Ideo
1327 642 1448 670 Jeremiaa
1461 643 1566 676 dicitur,
1581 643 1661 670 Posui
1672 649 1694 670 te
1708 650 1735 671 ut
1746 644 1846 671 colum-

1053 695 1112 714 nam
1120 688 1227 722 ferream
1237 692 1260 714 et
1271 693 1297 715 ut
1309 696 1407 715 murum
1418 697 1509 716 wreum
1521 688 1585 723 (Jer.
1601 690 1624 716 1.
1638 689 1699 724 l8);
1714 690 1845 717 Ezechieli

1053 737 1151 764 autent,
1163 732 1196 760 In
1207 733 1290 760 medio
1299 734 1456 769 scorpiorum
1467 739 1492 761 tu
1504 735 1610 767 habitas,
1620 743 1651 761 ne
1659 735 1745 762 timeas
1755 743 1771 761 (ι
1781 735 1847 770 facie

1053 787 1149 811 eorum,
1167 788 1244 815 neque
1258 780 1378 815 formides
1396 779 1504 816 (Ezeclz.
1519 781 1545 807 ‘2.
1563 781 1606 816 6).
1628 781 1731 817 Moyses
1741 789 1846 816 quoque

1053 833 1114 853 cum
1125 826 1283 859 mitteretur,
1296 834 1348 854 non
1360 827 1525 854 Pharaonem
1538 833 1649 857 tantum.
1661 827 1707 855 sed
1720 832 1746 855 et
1762 835 1845 862 popu-

1053 871 1108 899 lum
1122 871 1260 900 Judaicum
1271 877 1402 904 metuens,
1412 880 1548 900 recusasse
1559 873 1622 900 mihi
1631 873 1734 901 videtur
1747 872 1844 909 (Exod.

1053 917 1078 944 4.
1095 917 1149 952 10).
1166 917 1247 944 Deum
1263 917 1342 951 igitur
1355 918 1505 952 alloquens,
1520 918 1633 946 barbaro
1648 919 1768 952 dimisso,
1785 919 1844 946 edi-

1054 970 1129 989 scere
1142 963 1240 997 ingenti
1255 963 1343 989 studio
1359 963 1514 998 peroptabat
1526 985 1532 995 ,
1548 964 1610 998 quid
1626 964 1765 991 dicendum
1780 964 1844 998 ipsis

1052 1012 1123 1035 esset
1147 1015 1199 1035 non
1221 1008 1407 1039 credentibus,
1424 1017 1453 1036 se
1466 1016 1480 1035 a
1496 1009 1550 1036 Deo
1563 1010 1673 1037 missum
1694 1010 1841 1043 accedere;

1052 1053 1179 1088 signaque
1194 1055 1295 1088 accepit
1310 1054 1342 1081 ad
1359 1054 1463 1081 illorum
1479 1058 1594 1081 utentem
1610 1055 1782 1090 subigendam
1797 1063 1843 1090 op-

1052 1105 1163 1134 portuna
1177 1108 1182 1124 :
1196 1100 1326 1127 ctmerito
1334 1100 1450 1134 quidem.
1463 1100 1527 1127 Nam
1537 1100 1632 1127 siunus
1644 1101 1748 1128 illorum
1758 1102 1842 1136 ipsum

1051 1145 1086 1172 ita
1100 1146 1239 1178 exterruit,
1255 1150 1280 1172 et
1298 1146 1404 1181 quidem
1416 1146 1545 1173 beneficio
1558 1146 1667 1174 affectus
1677 1168 1684 1180 ,
1699 1147 1762 1182 quid
1782 1155 1843 1182 pas-

1050 1199 1110 1219 sum
1123 1200 1182 1219 esse
1195 1192 1339 1219 verisimile
1359 1197 1400 1219 est
1423 1192 1602 1219 turbulentum
1623 1193 1695 1220 illum
1717 1194 1841 1228 populum

1051 1243 1140 1265 mente
1163 1238 1364 1266 revolventem?
1384 1238 1445 1266 Ideo
1463 1247 1514 1265 non
1534 1239 1670 1273 sapientim
1692 1240 1780 1272 modo,
1795 1240 1842 1267 sed

1051 1285 1130 1312 etiam
1153 1284 1315 1312 fortitudinis
1335 1285 1461 1320 Spiritum
1485 1285 1594 1319 accepit,
1611 1290 1638 1313 et
1658 1286 1717 1313 ideo
1738 1286 1844 1314 dicebat

1050 1330 1094 1358 ille
1110 1339 1116 1357 :
1133 1330 1252 1366 Heplctus
1273 1340 1330 1358 sum
1354 1331 1502 1367 fortitudine
1522 1332 1548 1358 in
1570 1331 1668 1367 Spiritu
1690 1332 1804 1366 Domini,
1819 1337 1843 1363 et

1046 1378 1155 1412 judicio,
1164 1383 1186 1405 et
1200 1378 1412 1414 potentia{tl1iclt.
1425 1379 1450 1406 5.
1461 1379 1498 1412 8).
1513 1379 1639 1414 Aliusque
1650 1380 1746 1407 iterum
1759 1389 1765 1407 :
1782 1379 1844 1409 Ver-

1051 1425 1109 1452 bum
1125 1425 1172 1452 Dei
1186 1426 1279 1460 factum
1292 1431 1327 1452 est
1340 1426 1374 1452 (td
1391 1426 1527 1452 Jeremiant
1541 1427 1621 1460 ﬁliuni
1636 1426 1743 1453 Cltelcitc
1766 1426 1842 1463 (λεν.

1051 1471 1076 1497 1.
1094 1472 1104 1498 i
1120 1471 1140 1507 ).
1157 1472 1190 1499 Et
1203 1473 1271 1499 alius
1283 1479 1387 1499 rursum
1403 1482 1410 1500 :
1426 1473 1568 1508 Assumptio
1583 1472 1696 1501 .‘Vinires.
1718 1473 1791 1500 Liber
1803 1474 1842 1500 υἰ-

1051 1518 1128 1545 sionis
1142 1518 1245 1546 Nullum
1258 1519 1362 1546 Εἰσεεωί
1378 1519 1504 1554 (Na/ium.
1517 1521 1541 1546 1.
1554 1520 1592 1555 l).
1608 1520 1654 1547 llic
1669 1519 1726 1554 ipse
1737 1527 1843 1555 quoque

1052 1565 1132 1592 Isaias
1145 1565 1230 1592 altero
1243 1566 1321 1592 verbo
1336 1565 1449 1599 idipsutn
1462 1565 1531 1600 quod
1548 1566 1620 1599 prius
1631 1565 1749 1593 declarat
1760 1585 1773 1599 ,_
1782 1566 1843 1599 Spi-

1051 1610 1116 1637 ritus
1128 1610 1354 1645 participationem
1366 1618 1464 1638 vocans
1476 1611 1695 1645 assumptionem.
1712 1611 1841 1644 Quoniam

1051 1655 1120 1682 enim
1132 1664 1146 1682 a
1159 1655 1257 1690 Spiritu
1270 1657 1397 1691 assumpti
1411 1657 1448 1684 sic
1461 1656 1646 1692 loquebantur,
1658 1656 1841 1692 operationem

1050 1701 1141 1736 gratiae
1156 1702 1190 1729 ita
1202 1703 1314 1730 vocavit.

1086 1759 1220 1794 Apostolus
1234 1768 1249 1786 a
1263 1759 1316 1786 Deo
1331 1760 1430 1793 missus,
1447 1767 1473 1787 ut
1485 1768 1573 1787 nomen
1587 1762 1668 1796 ipsum
1682 1765 1763 1788 sonat.
1785 1760 1843 1788 Na-

1051 1805 1135 1832 bilitas
1162 1814 1212 1832 non
1238 1814 1269 1833 ea;
1292 1806 1500 1841 inajoribtts,sed
1515 1815 1546 1833 ω)
1569 1807 1656 1834 merita
1681 1808 1841 1843 proprio.—

1053 1852 1152 1880 Ideirco
1167 1853 1264 1880 Paulus
1283 1853 1407 1880 omnibus
1421 1853 1546 1888 Epistolis
1565 1853 1729 1887 apostolatus
1744 1860 1843 1881 nomen

1051 1900 1187 1935 praemittit
1203 1908 1210 1922 =
1225 1899 1295 1935 quod
1310 1900 1390 1928 etiam
1407 1900 1543 1935 prophetae
1564 1900 1712 1934 faciebant,
1725 1908 1786 1927 eum
1801 1901 1842 1928 di~

1051 1952 1158 1978 cerent,
1175 1946 1258 1979 visio,
1274 1951 1301 1974 et
1323 1947 1448 1977 verbum.
1465 1951 1492 1973 et
1512 1946 1658 1981 assumptio
1670 1967 1677 1980 ,
1690 1951 1718 1974 et
1733 1954 1838 1979 sermo;

1052 1992 1165 2027 idipsnm
1188 1992 1232 2019 ille
1246 1999 1294 2027 per
1311 1992 1475 2027 apostolatus
1492 1999 1588 2019 nomen
1612 1992 1753 2020 efﬁciebat.
1768 1992 1842 2021 Sicut

1051 2039 1121 2066 enim
1137 2039 1169 2071 is,
1179 2038 1223 2073 qui
1233 2038 1298 2065 dicit
1309 2038 1438 2065 visionem
1451 2042 1478 2064 et
1491 2045 1641 2065 sermonem
1653 2038 1710 2071 Dei,
1719 2046 1770 2065 non
1782 2046 1841 2073 pro-

1050 2087 1106 2119 pria
1116 2084 1190 2113 effert
1201 2093 1207 2111 :
1217 2085 1255 2112 sie
1265 2089 1291 2112 et
1302 2084 1625 2119 quiseipsumapostolum
1636 2088 1722 2118 vocat,
1732 2091 1783 2111 non
1793 2092 1840 2112 sua

1051 2132 1128 2159 docet
1140 2153 1147 2163 ,
1166 2131 1212 2158 sed
1226 2139 1255 2158 ea
1269 2139 1329 2166 quae
1340 2131 1420 2165 jussit
1433 2131 1455 2158 is
1468 2131 1513 2166 qui
1526 2131 1607 2158 misit.
1630 2131 1749 2166 Apostoli
1763 2138 1838 2158 nam-

1050 2185 1102 2211 que
1116 2177 1230 2212 dignitas
1251 2181 1291 2204 est
1305 2184 1353 2212 per
1365 2184 1396 2204 se
1415 2176 1480 2203 nihil
1496 2176 1602 2204 offerre.
1617 2176 1717 2204 Idcirco
1734 2176 1841 2217 dicebat

1050 2223 1172 2250 Christus
1191 2230 1197 2248 :
1213 2221 1255 2249 Ne
1274 2223 1364 2249 vocetis
1389 2223 1537 2258 magittrum
1558 2230 1634 2256 super
1652 2227 1841 2250 terratn:unul

1051 2269 1116 2295 enim
1130 2273 1166 2295 est
1177 2269 1295 2303 magister
1306 2273 1395 2302 vester,
1406 2269 1448 2303 qui
1461 2274 1496 2296 est
1509 2269 1534 2295 in
1543 2269 1611 2296 uelis
1618 2267 1771 2305 (Matth.‘25.
1783 2269 1841 2302 10);

1050 2315 1194 2343 ostendens
1213 2322 1293 2343 omne
1316 2315 1468 2350 dogmalum
1491 2320 1642 2342 nostrorum
1669 2314 1840 2349 principium,

1052 2362 1166 2389 radicem
1191 2361 1305 2396 desuper
1332 2369 1365 2389 ex
1389 2361 1513 2388 caelorum
1547 2360 1659 2387 Domino
1687 2361 1839 2395 accepisse,

1052 2409 1155 2437 etiamsi
1172 2409 1293 2436 homines
1303 2409 1356 2435 sint
1369 2409 1414 2443 qui
1428 2407 1460 2434 ad
1475 2407 1518 2434 illa
1532 2407 1692 2434 ministrant.
1707 2406 1790 2440 Quam
1801 2407 1840 2433 vi-

1008 2460 1011 2461 ⁷
1051 2458 1086 2484 dit
1097 2456 1189 2484 Isaias.
1206 2455 1345 2489 Quomodo
1359 2454 1416 2481 htcc
1428 2474 1435 2487 ,
1451 2462 1510 2488 qua:
1529 2453 1619 2480 vident
1641 2453 1788 2488 prophette,
1802 2453 1842 2479 vi-

1051 2503 1141 2535 iii-ant,
1150 2502 1239 2529 dicere
1248 2509 1300 2528 non
1310 2504 1429 2527 nostrum
1442 2504 1496 2531 est;
1509 2499 1617 2526 visionis
1628 2499 1724 2533 quippe
1733 2497 1841 2525 modum

1054 2559 1106 2576 non
1123 2556 1264 2584 possumus
1276 2547 1442 2582 interpretari
1454 2554 1461 2578 ;
1475 2546 1522 2573 sed
1537 2545 1582 2573 ille
1603 2545 1688 2572 solum
1708 2545 1779 2572 clare
1793 2551 1842 2571 no-

1053 2598 1100 2627 vit,
1114 2596 1157 2630 qui
1169 2594 1332 2630 experientia
1353 2593 1453 2620 didicit.
1478 2592 1581 2619 Etenim
1601 2591 1623 2618 si
1639 2595 1739 2618 natura:
1758 2598 1840 2625 opera

1053 2647 1078 2668 et
1093 2641 1202 2668 affectus
1216 2647 1287 2674 Stepe
1303 2646 1381 2666 nemo
1394 2638 1527 2672 explicare
1544 2640 1639 2671 potest,
1655 2636 1737 2663 multo
1753 2636 1842 2662 minus

1053 2687 1159 2714 modum
1174 2685 1334 2720 operationis
1348 2683 1472 2718 Spiritus.
1494 2682 1569 2716 Quod
1582 2681 1605 2709 si
1618 2682 1738 2709 obscuris
1750 2680 1842 2715 imagi-

1053 2733 1131 2760 nibus
1152 2731 1278 2759 audacter
1298 2730 1358 2765 quis
1372 2729 1396 2757 id
1411 2728 1517 2764 aggredi
1540 2728 1640 2763 possit,
1657 2734 1709 2754 non
1722 2731 1794 2753 certe
1807 2726 1842 2753 ita

1054 2778 1151 2813 poterit
1165 2782 1192 2804 ut
1207 2777 1307 2804 clarum
1322 2775 1347 2802 id
1362 2775 1470 2808 reddat,
1486 2774 1532 2802 sed
1547 2774 1572 2800 in
1586 2773 1728 2808 aenigmate
1741 2772 1767 2799 id
1781 2772 1843 2799 effe-

1055 2831 1103 2852 ret.
1118 2824 1178 2852 Mihi
1194 2823 1300 2859 quidem
1321 2823 1426 2850 videlur
1439 2822 1465 2849 id
1481 2822 1519 2848 ita
1535 2820 1633 2847 factum
1657 2827 1717 2847 e550
1738 2819 1764 2846 in
1779 2826 1842 2853 pro-

1056 2871 1157 2908 phetis,
1173 2875 1201 2898 ut
1213 2878 1273 2898 cum
1287 2876 1361 2904 aqua:
1383 2867 1498 2904 limpida:
1517 2872 1610 2894 natura
1636 2865 1724 2893 radios
1744 2865 1843 2892 salares
