2068 3130
243 143 274 175 ⁴8
613 147 640 174 S.
661 144 800 174 JOANNIS
818 141 1053 173 CIIIKYSOSTOMI
1073 140 1232 170 ARCIIIEP.
1246 140 1514 186 CONSTANTINOP.
1847 142 1880 173 I3

243 206 355 241 excepit,
373 209 426 233 tota
451 204 612 237 illustratur,
630 205 668 233 sic
683 209 709 233 et
726 205 913 241 prophetarum
931 203 1034 229 animas

243 252 347 286 propria
363 251 460 278 virtute
475 251 548 285 prius
563 254 733 285 expurgatus,
748 249 846 278 donum
861 248 976 282 Spiritus
987 254 1034 274 ae-

242 299 331 333 eiperc
342 318 348 329 ,
366 301 393 324 et
406 297 438 324 ad
454 297 581 332 fulgorem
599 297 670 323 illum
694 297 865 323 concinnatus
879 295 913 322 ita
927 295 1036 320 futuro—'-

243 352 300 370 rnm
325 343 444 370 notitiam
468 343 618 369 admittere.
642 341 726 368 Filius
749 341 836 368 Amos.
855 339 909 368 Cur
933 344 1034 375 patrem

243 389 452 416 u-mnmcmorat?
475 391 526 416 Atil
539 389 572 415 ad
588 388 733 415 tollendum
748 387 914 422 :equivocnm
927 407 934 415 .
947 391 993 413 aut
1007 391 1036 413 ut

244 434 410 461 nddiscamus
426 435 507 468 patris
522 435 647 462 vilitatem
663 434 709 461 filii
733 435 855 461 virtutem
871 440 922 459 non
935 433 1034 460 obscu-

243 486 302 508 rare
319 489 324 507 :
340 480 559 514 nobilitatemque
573 482 633 508 esse
654 487 706 507 non
729 487 762 506 ex
779 479 914 512 praeclaris
929 477 1036 512 majori«

245 527 293 553 IIIIS
307 527 389 559 oriri,
404 526 451 553 sed
470 535 502 554 ex
523 527 627 562 propria
647 525 838 561 magnitudine.
859 525 908 552 llic
920 529 992 552 certe
1004 532 1035 551 ex

243 572 350 607 ignobili
365 576 440 608 patre
455 578 533 599 natus
545 593 552 605 ,
566 572 691 599 onmibus
713 572 841 599 illustrior
856 571 956 602 evasit,
971 577 1036 606 pro-

246 619 311 653 pria:
335 619 439 646 virtutis
459 619 615 646 excellentia
630 618 743 654 fulgens.
768 618 852 652 Quam
875 618 935 645 vidit
950 623 1038 644 contra

245 664 364 692 Iudicum
377 671 399 692 et
415 671 502 692 contra
520 666 671 693 Jerusalem.

278 711 306 738 2.
321 711 375 738 Cur
397 712 521 739 distincte
547 716 688 746 utrumque
710 711 797 738 locum
824 709 1037 738 commemorat?

245 757 312 790 Quia
327 765 413 792 ptena:
432 757 536 785 divisim
563 757 668 784 inﬂicta:
681 762 760 789 sunt,
784 756 949 792 diversisque
969 760 1038 783 tem-

248 803 366 837 poribus.
383 804 436 830 Deo
451 804 476 830 id
493 804 627 838 sapienter
638 804 819 838 dispensante,
835 811 870 830 ne
882 810 975 830 omnes
986 809 1038 829 una

248 849 375 884 perirent,
386 849 430 876 sed
445 849 542 876 sensim
555 854 580 875 et
592 849 717 883 paulatim
730 869 737 880 ,
748 853 776 875 ut
789 848 962 875 abducturum
977 855 1040 882 snp-

251 896 330 930 plicio
353 895 443 922 cam-ri
465 895 662 930 resipiscerent.
687 894 762 928 Quod
777 895 798 922 si
819 894 964 929 pharmace
985 900 1039 920 non

246 942 358 974 fuerint,
375 946 402 968 ut
416 949 463 976 par
473 945 538 974 erat,
556 942 612 974 usi;
629 949 681 967 non
697 940 803 972 medici,
818 940 866 967 sed
878 943 1038 974 a‘grotorttm

247 987 324 1022 culpa
338 987 396 1014 erit.
415 987 442 1014 Id
453 992 541 1014 autem
556 987 617 1013 facit
629 994 735 1020 Semper
749 990 776 1012 et
790 985 816 1012 in
831 984 942 1020 singulis
956 992 1038 1019 gene-

245 1033 401 1065 rationibus,
417 1041 468 1060 non
480 1040 574 1060 omnes
588 1032 665 1059 simul
679 1033 704 1059 in
721 1031 813 1059 eadem
829 1035 935 1066 peccata
951 1030 1039 1064 lapsos

248 1079 383 1113 plectens;
399 1086 459 1105 nam
482 1078 548 1105 alias
567 1082 650 1104 totum
666 1085 750 1112 genus
774 1081 892 1103 nostrum
906 1076 960 1110 jam
976 1076 1039 1103 olim

246 1125 378 1152 sublatum
391 1128 478 1157 esset;
494 1124 540 1152 sed
552 1125 585 1151 ab
595 1125 654 1151 aliis
667 1125 709 1151 hic
721 1131 812 1158 pmttas
826 1123 938 1157 repetit,
955 1122 1038 1149 levio.

247 1179 302 1198 rem
320 1171 381 1197 hinc
394 1170 444 1197 illis
460 1177 556 1205 parans
582 1170 607 1196 in
628 1170 680 1196 alia
704 1170 756 1196 vita
778 1169 924 1196 cruciatum
938 1176 944 1194 :
960 1173 1040 1202 atque

247 1216 392 1251 mqualibus
408 1216 526 1250 ipsorum
541 1215 696 1242 mutationis
711 1215 736 1241 in
750 1214 846 1241 melius
857 1221 977 1248 magnam
994 1220 1041 1239 oc-

248 1262 382 1288 casionem
398 1260 550 1295 suppeditat
566 1270 572 1288 :
589 1261 648 1288 illos
663 1265 750 1287 autem
766 1261 810 1295 qui
832 1267 916 1294 neque
928 1267 960 1285 ex
977 1266 1040 1293 pro-

249 1307 306 1340 prio
324 1311 396 1333 motu
410 1327 417 1340 ,
432 1314 518 1341 neque
533 1314 564 1333 ex
580 1306 627 1332 tali
641 1305 839 1340 dispensatione
852 1304 986 1339 quidpiam
1000 1305 1041 1331 Iu—

247 1352 316 1379 crari
329 1352 440 1383 volunt,
463 1352 496 1378 ad
520 1351 698 1378 inevitabilem
718 1356 744 1377 et.
769 1350 934 1377 tremendum
947 1349 1040 1384 judicii

248 1395 317 1422 diem
332 1401 458 1424 reservat.
474 1396 507 1422 In
522 1404 599 1431 regno
614 1396 684 1422 Ozia'
694 1400 716 1422 et
729 1395 841 1421 Joathan
852 1416 859 1427 ,
879 1400 901 1421 et
922 1394 1008 1420 Acltaz
1018 1399 1041 1421 et

251 1442 382 1474 Ezccltiw,
397 1443 439 1478 qui
450 1447 587 1477 regnarunt
607 1442 633 1468 in
645 1442 748 1468 Juda'a.
761 1441 916 1476 Opportune
937 1444 1041 1474 tempus

249 1487 356 1522 adjicit,
374 1487 520 1514 studiosum
535 1488 683 1515 auditorem
696 1487 835 1514 remittens
854 1487 887 1513 ad
903 1486 1039 1513 historiam

250 1538 339 1560 rerum
354 1538 498 1568 gestarum.
515 1532 550 1560 Ita
566 1534 637 1560 enim
661 1534 799 1568 prophetia
815 1533 917 1559 facilius
940 1532 1039 1559 intelli-

249 1582 326 1613 getur
338 1579 487 1614 clariorque
499 1579 560 1610 erit,
576 1579 597 1605 si
611 1578 745 1605 discamus
756 1599 762 1611 ,
777 1585 827 1612 qua
844 1585 932 1604 rerum
950 1576 1041 1604 condi-

251 1625 330 1655 tione,
347 1629 374 1651 et
388 1631 441 1659 quo
457 1625 481 1651 in
495 1628 564 1651 statu
577 1623 745 1651 Judaicarum
766 1623 910 1658 plagarum,
926 1621 1041 1656 prophe-

254 1675 286 1696 ta:
302 1669 442 1704 pharmaea
455 1670 649 1696 concinnarint.
661 1669 689 1695 2.
699 1669 775 1701 Audi,
793 1669 892 1699 artum,
908 1672 930 1694 et
940 1667 1042 1693 auribus

252 1715 367 1749 percipe,
379 1720 446 1741 terra
458 1735 464 1747 ,
477 1715 536 1750 quia
551 1715 672 1741 Dominus
688 1714 804 1749 loquutus
824 1718 869 1740 est.
894 1712 971 1740 Multa
986 1712 1042 1746 ple—

254 1769 317 1788 num
333 1766 374 1788 est
389 1761 426 1787 ira
440 1760 491 1788 hoc
504 1761 658 1788 exordium.
671 1760 726 1787 Nisi
739 1760 809 1786 enim
826 1760 917 1794 ingens
932 1763 1004 1785 esset
1015 1763 1043 1785 et

251 1808 392 1836 lnelTabilis
411 1807 566 1842 indignatio,
582 1799 762 1842 nequaquam,
778 1806 865 1832 iniseis
879 1805 1041 1838 hominibus,

254 1854 288 1880 ad
304 1854 436 1881 elementa
450 1861 601 1880 sermonem
615 1854 750 1880 vertisset.
762 1852 826 1879 Illud
840 1860 902 1879 vero
917 1852 978 1879 facit
989 1860 1041 1878 non

255 1899 335 1927 niodo
347 1900 392 1926 ira:
406 1898 574 1926 declarandae
597 1906 688 1930 causa,
704 1897 751 1925 sed
767 1902 795 1925 ut
809 1905 855 1924 eos
867 1897 911 1932 qui
927 1897 1042 1924 audituri

251 1949 337 1977 erant,
354 1944 452 1979 ingenti
468 1944 570 1979 pudore
584 1944 757 1976 sullunderet,
773 1943 917 1970 ostendens
937 1950 984 1970 eos
997 1943 1043 1977 qui

252 1991 355 2018 ratione
368 1991 486 2018 decorati
499 1995 589 2018 essent
601 2010 609 2024 ,
623 1991 699 2025 pejus
718 1998 748 2018 se
764 1990 861 2018 habere
873 2011 880 2022 ,
894 1998 972 2024 quam
988 1989 1043 2017 ele—

250 2043 341 2065 menta
356 2045 435 2065 sensu
449 2038 578 2065 carentia.
592 2037 620 2065 Id
633 2037 702 2071 quod
716 2037 794 2064 ctiam
809 2037 913 2064 cmtcris
926 2036 1043 2071 prophe-

252 2083 285 2110 tis
298 2083 323 2110 in
335 2091 409 2111 more
423 2087 473 2110 est.
490 2083 590 2110 Idcirco
604 2083 626 2110 is
640 2083 684 2117 qui
697 2082 728 2109 ad
742 2082 930 2110 Jerohoummn
945 2083 1043 2109 missus

251 2128 348 2161 fuerat,
364 2129 464 2156 omisso
479 2136 541 2163 rege
554 2128 586 2155 ad
601 2136 680 2163 quem
696 2129 859 2160 mittebatur,
877 2129 961 2155 altare
974 2128 1043 2154 allo-

251 2175 340 2209 quitur
354 2174 362 2208 (
375 2175 402 2202 5.
419 2174 482 2210 Reg.
499 2175 542 2201 I5.
558 2174 582 2202 I.
596 2173 644 2210 2).
662 2175 694 2201 Et
705 2174 834 2201 Jeremias
850 2179 947 2201 terram
961 2180 1042 2200 voea-

253 2220 298 2247 bat
311 2220 403 2252 dicens
418 2230 424 2248 :
441 2220 520 2248 Terra
533 2241 540 2253 ,
557 2225 638 2252 terra,
662 2225 728 2248 terra
740 2229 749 2248 .'
759 2221 838 2249 scribe
859 2221 926 2247 [tunc
941 2221 1020 2247 virum
1032 2241 1040 2253 ,

251 2267 332 2293 virum
343 2268 510 2302 proscriptum
525 2267 590 2302 (Ier.
603 2267 647 2294 22.
664 2267 709 2294 29.
725 2267 781 2303 50).
796 2267 922 2302 Aliusque
936 2275 1042 2294 rursum

253 2311 357 2340 diccbat
372 2321 378 2339 :
391 2312 494 2345 Audite,
506 2312 599 2346 valles,
614 2312 780 2348 fundamenta
802 2317 885 2339 teri-tv.
903 2312 983 2339 Filios
996 2321 1042 2347 ge-

253 2357 298 2384 nui
310 2357 404 2392 (tilica.
420 2358 446 2385 6.
462 2358 479 2385 2
490 2359 508 2393 ).
524 2358 580 2385 Non
596 2366 737 2386 commune
751 2358 874 2385 omnibus
891 2358 1042 2385 hominibus

257 2402 299 2430 hic
314 2404 385 2437 ponit
401 2403 558 2432 beneficium
572 2425 578 2436 ,
595 2405 665 2439 quod
684 2412 781 2439 nempe
804 2404 864 2432 facti
876 2408 983 2437 essent,
995 2403 1042 2431 sed

254 2449 357 2484 insigne
377 2449 536 2485 quodpiam,
552 2451 621 2485 quod
641 2450 686 2477 filii
709 2450 796 2478 effecti
809 2454 910 2477 essent.
931 2450 1043 2485 Semper

252 2496 324 2525 enim
335 2496 463 2524 beneficia
472 2496 569 2524 inferre
582 2497 672 2532 incipit
681 2497 762 2524 Deus.
773 2497 810 2524 Ac
819 2495 1042 2531 quemadmodum

252 2550 313 2570 cum
327 2542 465 2570 hominem
489 2547 601 2575 crearet,
623 2543 668 2577 qui
690 2550 741 2569 non
757 2547 818 2569 ante
832 2542 926 2574 fuerat,
942 2535 1001 2569 eum
1016 2542 1041 2568 in

254 2589 386 2623 principio
408 2589 550 2615 honoravit.
580 2589 691 2621 dicens,
709 2588 846 2615 Faciamus
865 2588 990 2615 hominem
1009 2587 1042 2613 ad

253 2635 387 2670 imaginem
408 2639 430 2663 et
453 2634 642 2662 similitudinem
662 2639 774 2661 nostram
792 2633 874 2670 (Gen.
892 2634 918 2661 I.
931 2633 997 2669 ‘25);
1015 2634 1040 2660 in

253 2687 321 2707 nova
340 2684 428 2707 autem
452 2679 509 2714 lege
525 2679 617 2713 majori
634 2687 682 2706 nos
704 2681 808 2706 ornavit
830 2679 973 2710 beneficio;
989 2686 1040 2704 non

254 2725 340 2752 Solum
355 2725 426 2753 enim
443 2724 570 2752 nihildum
586 2729 726 2759 operatos,
739 2724 785 2753 sed
801 2725 880 2752 etiam
896 2724 1042 2751 innumeris

254 2772 331 2798 malis
343 2776 454 2799 onustos
467 2771 606 2798 honoravit
618 2778 665 2806 per
675 2770 807 2798 lavacrum
818 2771 1039 2806 regenerationis:

253 2817 288 2845 ita
303 2823 330 2845 ct
341 2818 382 2845 hic
398 2818 488 2846 videre
501 2822 555 2848 est;
571 2825 631 2845 nam
649 2825 696 2844 eos
707 2817 755 2852 qui
771 2825 822 2843 non
843 2817 922 2844 modo
935 2818 960 2843 in
975 2816 1041 2843 ado-

254 2863 343 2898 ptione
353 2864 416 2892 nihil
429 2864 490 2895 boni
501 2869 620 2899 egerant,
630 2863 677 2893 sed
690 2863 769 2891 etiam
789 2863 853 2899 lapsi
864 2863 966 2891 fuerant
978 2883 984 2895 ,
995 2862 1041 2890 ho—

1091 201 1272 229 noravit.Ncc
1295 209 1357 228 vero
1378 202 1437 236 quia
1457 206 1518 229 ante
1538 202 1641 230 labores
1653 203 1784 230 honorare
1802 203 1880 236 solet,

1091 252 1150 282 post
1166 247 1271 274 labores
1292 248 1413 276 mercede
1428 249 1528 283 privat;
1544 249 1589 276 sed
1607 254 1670 277 tunc
1692 250 1793 283 majora
1816 258 1880 277 con-

1091 294 1140 321 fert
1151 294 1269 329 praemia.
1285 293 1316 321 Et
1328 294 1446 321 exaltari.
1463 295 1527 328 Qua:
1540 295 1566 322 in
1579 294 1705 330 Egypto,
1717 304 1776 330 qua:
1791 296 1816 323 in
1832 297 1879 323 de-

1090 345 1173 373 serto,
1185 349 1244 376 qum
1254 341 1278 367 in
1291 340 1431 368 Palaestina
1445 342 1538 376 gessit,
1553 350 1605 368 uno
1619 342 1700 369 verbo
1715 343 1826 377 carptim
1842 348 1879 371 tc-

1093 388 1160 423 tigit.
1175 388 1231 414 Mos
1246 388 1317 415 enim
1343 388 1398 415 Deo
1413 393 1454 415 est
1467 388 1501 415 ob
1515 388 1707 416 beneficiorum
1727 390 1831 424 copiam
1855 390 1881 417 in

1093 433 1246 461 narratione
1268 437 1404 467 gestorum
1426 440 1479 460 non
1502 434 1651 461 minutatim
1675 434 1808 462 insistere.
1827 434 1882 469 Ipsi

1090 484 1173 507 autent
1187 485 1333 514 spreverunt
1350 487 1397 506 mc.
1413 479 1583 514 Transgressi
1598 485 1669 513 sunt,
1684 480 1779 516 inquit,
1796 480 1882 515 legero

1091 534 1188 559 meam,
1205 526 1328 554 mandata
1352 526 1562 560 dereliquerunt.
1585 525 1610 554 5.
1627 525 1747 562 Cognovit
1767 526 1810 553 bos
1826 535 1883 561 pos-

1090 581 1209 600 sessorem
1222 581 1306 604 suum,
1321 577 1345 599 et
1364 573 1450 600 asinus
1463 581 1575 607 pra'scpe
1592 572 1688 599 domini
1702 573 1751 599 sui.
1767 573 1882 607 Compaa

1091 619 1209 646 rationes
1236 619 1398 645 accusationi
1427 618 1605 646 accessionem
1632 624 1742 654 parant,
1768 620 1884 647 maxime

1091 672 1155 691 vero
1169 671 1229 690 cum
1245 671 1277 690 ex
1292 664 1466 698 inmqualibus
1478 665 1672 691 concinnantur
1689 673 1695 690 :
1711 664 1880 700 qncmadmt»

1091 711 1154 738 dttm
1167 715 1194 738 et
1204 710 1327 738 Christus
1341 711 1377 737 ait
1392 720 1398 737 :
1420 710 1474 738 Πνί
1488 710 1608 738 Νἰηίυὶιω
1619 716 1720 746 surgent
1741 711 1766 737 in
1784 711 1883 747 judicio

1092 766 1149 784 eum
1161 758 1320 793 generatione
1333 758 1391 790 hac,
1406 762 1429 784 et
1441 757 1642 785 condemnabqu
1663 766 1718 784 eam
1734 757 1814 793 (Luc.
1836 757 1881 784 II.

1092 803 1153 838 '52);
1169 811 1200 831 ac
1220 810 1324 830 rursum
1342 811 1348 829 :
1373 803 1471 838 Regina
1491 804 1570 830 austri
1587 808 1670 839 surch
1687 805 1713 830 in
1728 803 1836 839 judicio,
1859 808 1884 830 et

1092 849 1266 876 condemnabit
1283 849 1468 884 generationem
1482 849 1557 880 lianc,
1574 849 1632 883 quia
1653 849 1718 875 venit
1739 857 1770 875 ea;
1791 849 1882 883 [inibat

1092 900 1165 922 terrtz
1177 896 1264 922 audire
1278 896 1429 930 sapientiam
1443 895 1588 922 Salomonis
1600 894 1680 930 (Ibid.
1697 903 1719 922 ιν.
1734 895 1790 931 Erl).
1812 895 1882 922 nur-

1092 947 1189 975 susque
1203 941 1333 969 Jeremias
1347 942 1385 967 ait
1399 949 1408 968 :
1423 940 1462 968 Ite
1479 942 1513 968 ad
1536 942 1631 968 insulas
1647 941 1752 968 Cheliint
1767 947 1790 967 et
1804 941 1884 968 videte

1092 989 1117 1013 in
1133 987 1222 1014 Cedar.
1241 987 1333 1014 Mittite
1348 992 1371 1014 et
1382 989 1532 1023 cognoscite,
1546 989 1567 1014 si
1581 987 1710 1013 mutabunt
1725 992 1810 1022 gentes
1823 988 1882 1013 deos

1093 1041 1152 1060 suos
1163 1043 1171 1060 :
1183 1033 1292 1068 populus
1306 1041 1362 1060 vero
1376 1041 1445 1060 meus
1460 1034 1562 1059 mutavit
1576 1033 1682 1068 gloriam
1692 1041 1778 1065 suam,
1791 1041 1822 1059 ea:
1833 1040 1883 1067 quo

1093 1080 1157 1107 nihil
1170 1080 1281 1115 proﬁciet
1291 1079 1357 1114 (Jer.
1372 1079 1398 1106 2.
1410 1079 1452 1106 I0.
1468 1079 1523 1113 II).
1534 1079 1619 1105 Docet
1633 1079 1718 1114 legem
1727 1086 1778 1105 non
1789 1078 1882 1105 duram

1093 1135 1163 1160 esse,
1172 1132 1198 1155 et
1206 1131 1333 1162 quantam
1341 1133 1489 1153 mensuram
1501 1125 1627 1160 caigatab
1635 1125 1795 1156 hominibus,
1803 1132 1882 1159 quant

1093 1176 1182 1205 bruta,
1199 1178 1226 1200 ct
1248 1173 1324 1200 bruta
1344 1173 1462 1200 omnium
1484 1172 1665 1206 stupidissima
1685 1171 1797 1204 implere
1819 1178 1882 1205 pos-

1093 1221 1156 1248 sint.
1171 1219 1223 1247 Sed
1237 1219 1334 1246 dixerit
1344 1218 1486 1254 quispiam,
1498 1218 1543 1244 llla
1557 1217 1583 1244 in
1597 1221 1690 1243 natura
1704 1216 1802 1243 habent
1812 1215 1882 1250 quud

1094 1270 1266 1301 cognoscunt.
1282 1265 1335 1292 Sed
1358 1271 1498 1299 possumus
1519 1271 1550 1290 ea
1561 1270 1620 1297 quze
1636 1262 1712 1290 bruta
1734 1269 1766 1289 cx
1791 1265 1882 1288 natura

1093 1321 1139 1341 sua
1154 1313 1252 1340 faciunt
1275 1320 1306 1340 ex
1332 1311 1467 1346 proposito
1482 1309 1624 1336 voluntatis
1644 1309 1765 1342 implere.
1787 1308 1884 1341 Cogna-

1093 1361 1127 1386 tn't
1149 1360 1192 1386 bos
1218 1366 1395 1393 possessorem.
1415 1357 1473 1384 Non
1486 1364 1518 1382 ex
1533 1355 1596 1382 doni
1611 1354 1766 1382 execllcntia
1784 1353 1809 1380 in
1826 1360 1884 1379 me-

1094 1407 1164 1434 dimn
1181 1405 1304 1437 adducit,
1319 1403 1366 1431 sed
1381 1411 1412 1430 ex
1426 1403 1549 1438 nequitia:
1565 1402 1572 1417 ¹
1587 1400 1761 1428 redundantia
1779 1399 1883 1426 tlloium

1093 1457 1173 1489 auget.
1187 1451 1435 1487 reprehensionem.
1451 1448 1679 1484 Quemadmodum
1695 1448 1765 1474 enim
1781 1446 1814 1472 ad
1826 1445 1885 1472 illm

1095 1509 1154 1528 rum
1171 1500 1298 1535 pudorem
1319 1498 1452 1525 elementa
1472 1499 1565 1523 evocat
1579 1502 1586 1520 :
1604 1493 1640 1520 ita
1652 1501 1706 1520 non
1718 1491 1883 1522 hominibus,

1094 1547 1139 1575 sed
1154 1546 1239 1574 brutis
1255 1545 1328 1580 ipsos
1351 1546 1498 1578 comparat,
1521 1548 1552 1568 ac
1573 1540 1710 1567 brutorum
1734 1536 1884 1572 stupidissi-

1094 1593 1156 1624 mis,
1172 1591 1276 1626 illisque
1291 1589 1395 1625 pejores
1411 1596 1472 1616 esse
1485 1586 1613 1614 ostendit.

1130 1639 1156 1666 ὅ.
1178 1638 1249 1665 Idem
1262 1637 1324 1664 l'acit
1337 1640 1363 1663 et
1375 1635 1515 1667 Jeremias,
1531 1637 1659 1660 turturem
1675 1635 1703 1659 et
1714 1629 1883 1657 hirundinem

1095 1686 1120 1713 in
1135 1684 1250 1713 medium
1263 1689 1378 1710 evocans
1393 1680 1460 1715 (Jer.
1477 1680 1503 1707 8.
1518 1679 1544 1714 ’1)
1556 1687 1563 1710 ;
1577 1683 1603 1706 et
1615 1678 1752 1709 Salomon,
1769 1683 1839 1703 nunc
1852 1674 1884 1701 ad

1095 1733 1244 1763 formicam,
1257 1737 1326 1757 nttnc
1336 1728 1369 1755 ad
1384 1735 1460 1762 apem
1472 1726 1579 1753 mittens
1594 1732 1654 1751 eum
1668 1725 1711 1758 qui
1727 1723 1811 1749 otiose
1822 1721 1886 1748 virit

1095 1777 1185 1815 (Prov.
1202 1777 1229 1804 6.
1243 1776 1281 1811 ϐ).
1296 1774 1380 1802 Israel
1390 1778 1475 1800 autem
1489 1779 1529 1798 me
1543 1779 1592 1797 non
1603 1769 1717 1805 cognouit
1730 1767 1823 1803 (Eccli.
1840 1767 1884 1794 II.

1095 1825 1133 1860 5).
1149 1823 1275 1850 Aceessio
1290 1820 1398 1848 malitia:
1410 1822 1460 1851 est,
1475 1825 1534 1845 cum
1551 1816 1567 1843 ii
1583 1816 1626 1850 qui
1642 1814 1784 1841 familiares
1798 1816 1884 1840 erant.

1095 1875 1155 1906 post
1167 1873 1205 1897 tot
1218 1869 1344 1901 honores,
1355 1872 1449 1893 omnes
1463 1863 1601 1892 confertim
1611 1861 1644 1888 ad
1656 1860 1782 1888 malitiam
1792 1862 1886 1893 sponte

1095 1905 1258 1950 confugiunt.
1276 1914 1335 1941 Non
1353 1912 1434 1944 dixit,
1449 1910 1541 1942 Jacob,
1556 1908 1613 1940 sed,
1628 1906 1721 1938 Israel,
1737 1911 1764 1933 ut
1784 1913 1817 1932 ex
1830 1905 1886 1930 vir-

1096 1967 1152 1990 tute
1172 1960 1346 1997 progeuiloris
1369 1959 1499 1993 ingratum
1522 1959 1647 1990 nepotum
1665 1953 1781 1979 animum
1803 1950 1887 1985 magis

1095 2007 1258 2036 ostenderet.
1271 2005 1317 2033 Ille
1335 2005 1405 2032 enim
1421 2003 1502 2030 animi
1523 2002 1620 2028 virtute
1634 1998 1844 2026 bcncdictiOnem
1860 1996 1886 2022 in

1096 2053 1204 2082 nomine
1217 2058 1371 2086 expressam
1383 2048 1529 2084 promeruit
1554 2055 1561 2073 :
1584 2045 1619 2072 illi
1635 2051 1698 2071 vero
1715 2043 1750 2070 ob
1765 2041 1887 2076 iniquita-

1096 2105 1150 2127 tem
1169 2099 1251 2133 ipsam
1268 2095 1450 2130 prodiderunt.
1469 2092 1501 2120 Et
1515 2090 1624 2127 populus
1642 2097 1711 2116 meus
1723 2096 1762 2114 me
1780 2095 1829 2114 non
1845 2086 1886 2112 in-

1096 2132 1190 2173 tellexit
1206 2152 1215 2171 :
1231 2142 1283 2176 Me,
1298 2141 1392 2176 inquit,
1407 2140 1465 2166 sole
1479 2138 1629 2165 clariorem.
1641 2135 1670 2162 4,
1690 2133 1733 2160 Va:
1747 2132 1815 2168 genti
1825 2139 1885 2166 pec-

1095 2191 1193 2219 catrici.
1211 2189 1267 2217 Hoc
1283 2188 1363 2216 etiam
1378 2184 1513 2221 prophetis
1536 2184 1562 2210 in
1576 2189 1649 2209 more
1663 2179 1720 2213 fuit,
1738 2183 1765 2205 ut
1784 2185 1830 2206 eos
1843 2177 1885 2203 lu-

1095 2242 1203 2275 gerent,
1219 2236 1263 2272 qui
1278 2233 1415 2262 incurabili
1429 2231 1521 2259 morbo
1535 2230 1695 2256 laborarent.
1713 2225 1794 2275 Sic-et
1809 2224 1885 2275 lere-

1096 2269 1163 2313 iiiias
1179 2269 1270 2311 multis
1289 2282 1313 2309 in
1330 2280 1411 2311 locis;
1428 2278 1466 2305 sic
1485 2283 1512 2305 et
1529 2276 1650 2304 Christus
1664 2281 1724 2300 cum
1737 2271 1801 2299 dicit
1816 2279 1822 2296 ε
1845 2269 1887 2297 l’tz

1096 2332 1139 2358 tibi
1159 2328 1281 2360 Charaxi,
1303 2335 1340 2354 rw
1357 2326 1400 2352 tibi
1415 2322 1550 2351 Betltsaida
1566 2319 1670 2356 (Matt/1.
1688 2319 1731 2345 II.
1750 2317 1807 2352 2i).
1820 2315 1885 2343 Nam

1097 2379 1148 2405 hoc
1171 2377 1249 2404 etiam
1270 2373 1397 2401 doctrina:
1418 2369 1521 2405 species
1533 2372 1584 2395 est.
1604 2366 1688 2398 Quem
1706 2364 1776 2392 enim
1798 2368 1886 2390 sermo

1097 2432 1149 2451 non
1178 2423 1262 2456 potuit
1285 2421 1446 2450 reformare,
1472 2416 1557 2442 luctus
1582 2419 1701 2449 persarpe
1723 2408 1884 2456 emendavit:

1097 2452 1199 2504 Populo
1212 2467 1285 2502 pleno
1294 2464 1410 2500 peccatis.
1423 2462 1480 2489 Alia
1491 2458 1667 2487 accusationis
1677 2455 1804 2485 accessio,
1815 2452 1886 2488 quod

1096 2501 1198 2544 οιιίιιος,
1214 2512 1282 2548 quod
1296 2510 1438 2538 admodum
1453 2507 1621 2544 [peccatores
1634 2502 1714 2539 sint].
1729 2501 1826 2530 δριιηίἰί
1841 2507 1885 2548 ne-

1095 2570 1180 2598 quam.
1195 2546 1253 2588 Nun
1273 2558 1400 2593 originem
1422 2562 1513 2583 eorum
1536 2553 1682 2586 vituperat,
1703 2549 1750 2576 sed
1771 2546 1886 2598 ostendit

1095 2593 1142 2637 eos
1157 2616 1171 2635 a
1187 2607 1268 2642 prima
1290 2609 1368 2632 aetate
1380 2601 1514 2637 improbos
1530 2600 1619 2627 fuisse.
1635 2598 1710 2625 Sicut
1723 2596 1794 2623 enim
1804 2593 1882 2642 loeu-

1097 2663 1144 2682 nes
1159 2640 1220 2681 eum
1232 2652 1305 2684 dicit,
1324 2650 1470 2685 Serpentes,
1484 2647 1612 2683 genimina
1625 2645 1767 2680 viperarum
1780 2640 1883 2676 (Matth.

1096 2702 1123 2729 5.
1141 2701 1183 2735 7),
1206 2707 1257 2725 non
1281 2701 1402 2724 naturam
1422 2694 1573 2728 vituperat:
1590 2699 1642 2718 non
1667 2689 1738 2717 enim
1763 2687 1884 2717 dixisset,

1128 2801 1135 2817 ‘
1155 2804 1223 2825 Forte
1234 2799 1331 2826 melius,
1343 2801 1422 2821 GI‘II‘CE
1435 2795 1539 2826 lectione
1551 2792 1696 2826 aliquantum
1714 2789 1822 2826 mutati:

1095 2820 1166 2859 modo
1171 2820 1336 2860 E'x'iiiiiiﬁici‘s
1348 2820 1452 2863 concessi
1459 2820 1657 2856 t'xccltentiti,sed
1667 2827 1698 2846 ει
1707 2820 1827 2850 immitia.
1836 2820 1883 2840 etc.

1096 2869 1150 2890 ttae
1163 2869 1194 2887 ex
1208 2862 1290 2886 Atleno
1303 2862 1443 2884 notavimus.
