2068 3130
155 159 187 187 ιτ
826 154 859 181 IN
878 149 1003 184 lSAlAM,
1023 151 1097 180 car.
1119 151 1140 178 ι.
1758 151 1789 181 η

157 216 244 244 Facite
262 215 339 250 igitur
350 216 448 250 fructus
466 213 555 249 dignos
572 212 721 248 pwnitentia:
732 210 813 245 (Ibid.
827 218 850 237 υ.
866 209 905 245 8),
921 209 944 236 si

155 270 187 290 ex
203 267 296 289 natura
316 266 343 288 et
363 261 396 287 ab
410 265 471 287 ortu
495 260 561 286 tales
583 258 693 286 fuissem
710 266 716 283 :
730 258 768 285 sic
782 261 809 284 et
824 256 874 284 hoc
887 257 946 284 loco

154 315 217 335 cum
235 307 320 334 dicit:
339 306 438 333 Semini
457 313 574 339 nequam,
599 312 651 331 non
674 309 761 331 ortum
784 302 882 338 probro
902 303 948 330 dat

156 353 220 380 illis.
243 351 319 379 Filiis
338 351 476 386 exlegibus.
498 350 557 377 Non
575 349 658 383 dixit,
682 347 945 382 Prmvaricatorihus,

155 399 214 432 sed,
234 398 381 434 Ezlegibus,
397 397 443 433 qui
461 405 512 424 non
525 396 628 423 meliori
642 399 732 423 essent
746 394 851 427 allecto,
867 402 945 429 quam

154 444 177 472 si
194 445 279 478 legem
303 450 447 478 numquam
465 442 642 476 excepissent.
656 440 708 467 Sed
731 439 857 474 propositi
873 439 948 466 dilic-

156 490 269 517 rentiam
282 488 413 523 signiﬁcat
429 488 448 514 ¹.
462 487 636 521 Dereliquistis
648 485 796 516 Dominum,
809 490 831 512 et
846 484 880 511 ad
894 486 948 511 ira-

155 535 275 562 cundiam
296 533 458 568 prouocastis.
473 533 523 559 Per
543 531 682 566 emphasin
703 530 753 557 hoc
774 530 849 558 dixit.
867 530 948 558 Sufﬁ-

155 581 244 608 ciebat
257 580 328 607 enim
347 587 445 606 nomen
466 579 508 605 Dei
523 578 556 605 ad
570 577 765 604 accusationem
783 585 789 603 :
805 584 856 611 qua
871 577 904 603 de
919 584 947 603 re

156 626 286 654 Jeremias
304 625 455 660 expostulat
475 624 566 651 dicens
581 632 586 650 :
605 623 671 655 Quia
689 623 719 649 ab
738 622 782 649 illo
793 622 945 657 defecerunt,

155 675 178 698 et
192 671 350 697 «immanibus
366 670 535 696 adliwserunt.
548 669 670 696 Sanctum
683 667 765 694 Israel
780 667 903 702 (Bat'uc/t.
918 668 945 694 4.

156 717 182 742 7.
198 715 239 751 8).
257 716 321 743 Hazc
338 722 443 750 quoque
465 714 656 742 criminationis
679 713 798 740 accessio
820 717 869 744 est,
886 713 948 747 quia

156 769 216 788 cum
232 761 382 788 communis
396 761 512 787 omnium
526 759 652 786 Dominus
665 758 712 791 sit,
729 758 792 792 ipsis
805 763 865 784 tunc
876 757 948 793 (pro-

158 806 226 840 prie)
247 810 325 833 notus
340 809 407 832 erat.
424 805 564 831 Abalienati
583 809 639 830 sunt
661 809 806 830 retrorsum.
830 803 856 829 5.
880 803 947 836 Quid

157 852 226 879 ultra
245 850 417 886 percutientini
436 850 554 876 addentes
578 848 815 883 prwouricntiones?
835 847 946 874 Maxima

157 897 304 927 damnatio,
314 903 374 923 cum
386 903 419 922 ne
432 903 464 921 ex
475 895 609 929 suppliciis
617 894 724 928 quidem
737 894 860 920 meliores
871 893 947 919 ﬁunt.

159 940 279 976 llludqne
292 941 395 975 species
409 939 528 966 beneﬁcii
544 944 610 972 erat,
625 938 695 972 quod
714 939 878 972 punirentur.
895 937 947 965 Ne-

159 995 212 1022 que
221 987 291 1014 enim
306 987 393 1013 dicere
412 990 520 1020 possent
541 986 621 1013 Deutn
643 985 789 1012 honorasse
809 989 909 1011 tantum
922 989 948 1011 et

160 1033 297 1060 beneﬁciis
312 1032 447 1063 olfecisse,
464 1037 604 1066 peccantes
627 1035 715 1058 autem
737 1030 885 1062 dimisisse;
901 1030 947 1057 sed

162 1080 207 1107 ille
222 1079 365 1106 honoribus
382 1077 547 1109 attrahehat,
563 1081 590 1103 et
605 1075 792 1111 Supplieiornm
808 1076 902 1102 timore
915 1075 949 1102 ad

161 1125 299 1151 meliorem
317 1123 417 1158 frugem
432 1122 584 1155 revocabat,
598 1126 625 1149 et
643 1122 712 1157 ipter
728 1126 838 1156 utraque
859 1121 895 1148 illi
910 1121 949 1147 in-

161 1169 272 1196 curabili
287 1169 379 1196 morbo
394 1168 494 1195 detenti
509 1167 660 1195 manebant.
675 1167 759 1194 Omne
770 1174 853 1202 genus
863 1166 948 1194 medi-

162 1215 229 1241 cina:
251 1213 383 1246 exhibuit,
401 1221 510 1245 secans,
528 1219 608 1240 urens
629 1221 635 1238 :
657 1212 765 1239 morbus
787 1216 874 1238 tamen
897 1219 949 1238 non

162 1261 259 1292 cessit,
275 1261 344 1294 quod
365 1260 479 1287 maxime
492 1259 595 1294 signum
615 1263 653 1286 est
675 1258 828 1285 incurabilis
842 1259 950 1293 tegritu-

162 1306 242 1336 diois.
254 1313 315 1332 eum
329 1313 380 1332 non
392 1309 478 1340 potest
491 1305 550 1339 quis
563 1303 708 1332 remedium
722 1303 854 1338 accipere.
871 1303 952 1330 Omne

162 1356 240 1386 caput
255 1351 288 1377 ad
303 1351 422 1383 laborem,
437 1355 459 1376 et
469 1358 540 1376 omne
551 1358 595 1376 cor
607 1349 641 1376 ad
652 1349 787 1376 tristitiam.
802 1349 827 1376 6.
843 1348 864 1375 Α
878 1349 951 1383 pedi-

162 1398 208 1424 bus
220 1406 298 1431 usque
308 1397 340 1423 ad
359 1402 434 1431 caput
449 1405 498 1423 non
518 1401 553 1422 cst
567 1396 592 1422 in
605 1403 633 1422 eo
646 1395 788 1429 integritas,
806 1403 883 1429 neque
896 1394 951 1421 vul—

162 1452 226 1474 nus,
243 1452 320 1477 neque
333 1444 416 1475 ribex,
435 1451 513 1477 neque
526 1443 602 1477 plaga
623 1447 731 1469 tumens.
748 1441 848 1469 Deinde
863 1446 953 1468 narrat

163 1490 296 1516 cruciatus
316 1494 342 1516 et
363 1489 512 1523 Supplicia:
530 1495 615 1522 neque
634 1489 704 1515 enim
724 1488 812 1515 minor
832 1487 888 1515 lucc
912 1492 954 1515 est

164 1535 269 1569 species
282 1535 401 1561 beneﬁcii
417 1539 444 1561 et
454 1534 561 1561 honoris
574 1534 637 1568 ipsis
651 1534 748 1560 collati.
760 1534 858 1561 Omnes
869 1534 952 1566 enim,

166 1582 268 1616 inquit,
284 1581 380 1611 afﬂixi,
397 1588 495 1615 eosque
511 1581 535 1607 in
556 1580 675 1607 dolorem
695 1579 807 1614 conjeci.
826 1580 853 1607 Si
875 1587 954 1608 omne

164 1628 245 1657 caput
265 1623 290 1649 in
312 1623 428 1649 laborem
439 1643 446 1655 ,
468 1622 602 1658 quomodo
618 1630 669 1649 non
687 1626 728 1649 est
741 1622 853 1655 vulnus,
869 1630 955 1657 neque

165 1669 263 1696 vihex?
278 1668 389 1700 Vulnus,
410 1668 513 1702 reliquo
533 1675 646 1703 corpore
665 1675 748 1702 sano,
766 1673 828 1695 tunc
845 1674 955 1704 apparet

167 1715 262 1741 vulnus
276 1723 283 1740 :
297 1714 366 1749 quod
382 1715 403 1741 si
418 1718 502 1741 totum
513 1714 693 1741 exulceratum
712 1714 803 1747 fuerit,
819 1722 872 1741 non
888 1715 955 1742 ultra

166 1760 263 1787 vulnus
276 1760 423 1795 apparebit.
440 1760 495 1787 Hoc
509 1760 587 1795 igitur
599 1760 739 1795 signiﬁcat,
756 1765 839 1787 totum
859 1768 956 1795 corpus

166 1805 250 1833 fuisse
264 1806 398 1833 ulceribus
420 1806 524 1840 plenum
542 1815 549 1832 :
565 1813 650 1841 neque
670 1806 740 1833 aliud
762 1814 867 1839 sanum,
883 1806 955 1833 aliud

168 1851 313 1878 ulceratum
328 1851 408 1878 luisse
419 1859 426 1882 ;
438 1851 483 1878 sed
499 1855 582 1878 totum
596 1851 767 1884 intumuisse,
784 1856 866 1878 totum
881 1852 957 1879 ulcus

168 1904 251 1923 unum
266 1895 433 1924 l'nisse..l\'on
453 1901 487 1923 est
508 1897 635 1931 malagma
653 1904 787 1931 apponere.
803 1897 857 1924 Hoc
869 1898 957 1931 priore

168 1942 276 1976 gravius
288 1945 338 1968 est.
349 1941 442 1968 Morbo
459 1942 529 1968 enim
552 1941 673 1968 laborare
687 1950 738 1968 non
755 1942 790 1968 ita
805 1950 885 1977 grave
904 1946 956 1975 est,

169 1991 198 2013 ut
211 1994 310 2021 agrum
323 1994 375 2013 non
388 1993 466 2021 posse
484 1987 571 2013 sanari
587 1995 593 2013 :
606 1987 751 2021 praesertim
771 1994 830 2014 cum
851 1988 910 2015 talis
925 1988 959 2015 sit

169 2032 301 2060 medicus.
317 2032 404 2067 Neque
423 2032 517 2064 oleum,
532 2040 611 2066 neque
629 2032 762 2067 ligamina.
779 2033 813 2060 Ut
827 2041 888 2060 eum
903 2041 959 2061 em-

170 2078 247 2112 phasi
263 2078 394 2112 loquatur.
414 2082 513 2111 perstat
527 2078 552 2104 in
569 2077 660 2104 eadem
677 2078 830 2112 metaphora
847 2089 852 2106 :
868 2079 893 2106 in
910 2079 960 2108 hoc

170 2123 242 2150 enim
256 2122 304 2149 sita
325 2127 366 2149 est
383 2121 546 2156 metaphora:
568 2123 726 2156 pra-stantia.
742 2123 770 2150 7.
785 2123 862 2150 Terra
879 2129 960 2151 vestra

171 2169 280 2196 deserta.
302 2168 363 2196 Hice
374 2176 426 2195 non
437 2173 465 2195 ut
473 2167 526 2202 jam
538 2168 603 2195 facta
614 2169 761 2202 annuntiat,
773 2169 819 2197 sed
837 2174 865 2197 ut
874 2169 960 2198 futura

171 2214 320 2248 przedicit’.
338 2213 393 2240 Iloc
406 2218 513 2240 utuntur
528 2221 602 2241 more
615 2214 848 2248 prophetamsimul
858 2215 961 2243 audito-

171 2267 229 2287 rem
247 2263 393 2292 tcrrentes,
407 2263 434 2287 et
453 2267 508 2287 sua:
522 2260 641 2287 veritatis
660 2262 712 2287 vim
734 2261 914 2289 ostendentes.
927 2262 963 2290 Ut

173 2305 246 2332 enim
261 2313 319 2340 quae
334 2305 534 2339 przeterierunt,
547 2313 597 2332 non
617 2311 726 2340 possunt
743 2314 795 2333 non
810 2306 875 2334 facta
891 2315 960 2340 esse,

172 2351 212 2378 sic
232 2358 290 2385 quae
312 2350 399 2377 futura
421 2358 436 2376 a
459 2351 594 2385 prophetis
613 2351 787 2386 prtenuntiala
809 2356 880 2384 sunt,
905 2352 962 2380 ﬁcri

173 2396 267 2430 nequit
282 2400 310 2422 ut
326 2404 377 2422 non
391 2396 553 2431 contingant,
571 2396 620 2424 nisi
633 2397 816 2430 paenitentiam
830 2403 909 2433 agant
922 2398 961 2425 illi

173 2442 218 2476 qui
232 2441 361 2476 supplicio
371 2445 434 2468 sunt
450 2442 592 2476 plectendi.
609 2442 725 2469 Civitates
738 2448 826 2470 vestra:
836 2451 964 2471 succensa:

174 2486 239 2521 igni.
251 2486 308 2513 Non
324 2487 394 2513 eiiiin
407 2487 465 2514 illas
480 2487 588 2514 omnino
603 2487 716 2521 delevit,
735 2488 782 2515 sed
802 2489 922 2523 permisit
937 2494 965 2516 ut.

175 2531 291 2558 incendii
315 2531 446 2571 barbarici
469 2532 589 2567 reliquiae
610 2538 791 2567 superessent,
812 2542 870 2569 quae
882 2536 966 2570 magis

174 2576 208 2602 ad
224 2576 381 2603 intuentium
392 2582 527 2610 aspectum
538 2578 686 2612 pertingere
700 2583 816 2612 possent.
828 2579 965 2614 Hegionem

176 2627 284 2649 vestram
297 2631 382 2649 coram
392 2623 460 2649 vobis
472 2623 546 2649 alieni
558 2623 688 2657 devorant,
701 2629 724 2650 et
733 2624 846 2652 desolata
859 2631 895 2652 est
907 2627 966 2653 sub-

209 2701 217 2715 ¹
235 2699 263 2723 In
274 2703 364 2730 Grasco,
377 2708 492 2732 κμιρισιης
509 2708 542 2732 τήν
560 2706 645 2734 διαφορὰν
662 2706 719 2731 δηλοῖ.
739 2703 876 2734 Legendum
889 2705 967 2734 suspi-

175 2736 268 2766 camur,
279 2735 376 2766 διξεσρριν
386 2738 398 2766 ε.
405 2736 463 2766 tunc
475 2734 539 2766 enim
550 2739 638 2766 sensus
648 2734 738 2766 optime
747 2734 885 2765 quadraret,
895 2735 969 2766 siqui-

175 2761 234 2794 dem
247 2761 324 2794 esset,
336 2762 455 2794 significat
468 2763 590 2788 voluntatis
602 2761 785 2794 corruptionem.

210 2793 224 2827 ﬂ
237 2792 328 2827 Boisius
340 2793 364 2816 in
376 2792 541 2827 netissavilii,
556 2801 579 2824 p.
594 2795 646 2827 l37_,
659 2792 790 2826 legendum
806 2799 891 2827 putat:
910 2801 968 2821 Ha‘c

180 2824 342 2857 utjomfactu
353 2824 484 2854 annuntiat,
496 2827 520 2848 at
529 2831 577 2857 non
590 2828 613 2857 ut
624 2824 706 2856 futura
717 2824 836 2857 pra'dt'dt.
850 2827 896 2852 Sed
916 2828 968 2853 exi-

177 2856 252 2880 stimo
267 2853 357 2884 locum,
376 2858 403 2879 ut
419 2859 464 2886 est,
486 2856 576 2886 optimc
595 2853 695 2881 habere.

1002 216 1071 235 uersa
1084 217 1101 235 α
1113 209 1214 244 ροριιιὶι
1231 209 1330 237 alienis.
1344 209 1509 238 Calamitatis
1524 209 1642 238 accessio
1654 215 1710 244 est,
1728 218 1789 238 cum

1002 254 1115 288 propria
1136 254 1251 282 miseriae
1272 259 1436 290 spectatores
1456 260 1528 289 sunt,
1552 263 1602 283 nec
1621 256 1679 283 solo
1699 256 1790 283 auditu

1000 299 1072 326 illam
1086 299 1201 327 discunt.
1220 301 1246 328 8.
1262 300 1454 336 Derelinquetur
1466 302 1521 336 ﬁlia
1534 301 1598 329 Sion
1607 322 1613 333 ,
1624 302 1698 334 quasi
1711 305 1790 328 tento-

999 347 1067 374 rium
1076 347 1103 374 in
1117 348 1198 381 vinea,
1209 353 1233 375 et
1246 348 1310 375 sicut
1323 349 1451 384 tugurium
1463 349 1489 375 in
1499 349 1683 376 cucumeraria.

1035 393 1062 419 4.
1082 392 1202 428 Magnum
1213 393 1346 428 quidpiam
1361 394 1386 420 in
1398 401 1426 421 se
1439 395 1576 421 continent
1588 394 1638 420 illae
1650 393 1789 428 imagines,

1000 439 1167 474 maximeque
1181 440 1207 466 in
1223 440 1358 476 Scriptura
1368 461 1375 473 ,
1392 440 1424 467 ad
1438 440 1670 475 ampliﬁcationem
1687 447 1791 467 sermo-

1001 485 1051 511 nis.
1065 484 1211 512 Jerusalem
1224 490 1312 513 autem
1323 490 1400 513 vocat
1410 485 1489 512 ﬁliam
1503 486 1577 518 Sion,
1589 485 1657 521 quod
1670 485 1693 513 ei
1706 485 1789 512 monti

1000 531 1119 565 subjecta
1133 531 1177 558 sit.
1193 531 1266 559 Sicut
1279 533 1410 559 tentorium
1422 532 1448 559 in
1461 533 1541 564 vinea,
1554 537 1576 559 et
1587 532 1650 559 sicut
1663 532 1791 567 tugurium

1000 576 1026 602 in
1039 577 1218 603 cucumerario.
1235 577 1345 604 Sublato
1360 585 1471 612 namque
1486 577 1581 610 fructu,
1597 577 1791 611 summotisque

1000 622 1120 655 colonis,
1143 623 1275 657 superﬂua
1300 623 1425 658 deinceps
1450 623 1529 650 luerit
1550 627 1682 649 structura
1707 622 1789 649 urbis.

1001 667 1074 694 Sicut
1092 668 1151 695 urbs
1169 676 1226 702 qua:
1245 669 1379 696 obsidetur.
1403 669 1456 695 lloc
1470 668 1635 703 aznigmatice
1650 668 1746 694 dicitur
1757 667 1790 694 ad

1000 712 1180 740 inﬁrmitatem
1192 718 1219 740 et
1231 713 1431 741 derelictionem
1445 714 1501 748 ejus
1514 713 1710 740 declarandam.
1723 713 1789 740 Cum

1000 758 1070 784 enim
1086 758 1172 785 nullus
1186 762 1227 785 est
1241 758 1286 793 qui
1300 759 1452 792 auxilietur,
1468 764 1530 786 tunc
1546 765 1655 785 necesse
1667 762 1708 785 cst
1719 758 1792 785 obsi-

1000 803 1055 831 dcri
1071 811 1127 837 eos,
1141 805 1236 839 quibus
1253 813 1304 831 una
1319 809 1440 838 superest
1453 813 1587 832 murorum
1609 805 1700 832 tutela.
1716 805 1743 831 9.
1757 804 1790 831 Et

1000 850 1048 876 nisi
1064 850 1186 877 Dominus
1199 850 1328 877 Sabbaotli
1340 851 1509 885 dereliquisset
1521 851 1591 877 nobis
1605 859 1688 877 semen
1698 870 1705 882 ,
1718 850 1791 881 quasi

1001 895 1114 921 Sodoma
1127 896 1270 930 fuissemus,
1287 901 1309 922 et
1323 896 1394 930 quasi
1410 895 1551 923 Gomorrlia
1564 896 1657 923 similes
1672 903 1789 922 essemus.

1000 940 1056 967 Mos
1070 945 1110 967 est
1132 948 1237 975 semper
1257 941 1392 976 prophetis
1412 949 1463 968 non
1485 941 1527 967 illa
1547 941 1632 968 solum
1648 940 1791 975 praedicere

1001 986 1079 1018 mala,
1095 993 1154 1020 quae
1168 986 1272 1020 passuri
1286 991 1346 1013 sunt
1361 987 1587 1021 prmvaricatores,
1604 987 1650 1013 sed
1666 986 1744 1013 etiam
1757 994 1789 1013 ea

1001 1038 1059 1065 quae
1076 1030 1147 1065 digni
1165 1035 1227 1058 sunt
1247 1033 1364 1066 perpeti,
1382 1035 1410 1058 ut
1425 1032 1449 1058 in
1466 1032 1523 1066 ipso
1536 1031 1657 1066 supplicii
1672 1037 1790 1066 tempore

1002 1077 1097 1104 multas
1118 1077 1232 1104 habeant
1257 1078 1310 1104 Deo
1331 1078 1448 1112 gratias,
1469 1077 1539 1112 quod
1559 1085 1610 1104 non
1633 1085 1680 1111 pro
1696 1077 1790 1104 merito

1002 1123 1142 1156 scelerum,
1156 1122 1202 1150 sed
1215 1122 1297 1149 multo
1311 1123 1422 1150 leviores
1438 1123 1510 1149 luant
1524 1129 1624 1157 pinnas.
1641 1122 1696 1149 lloc
1709 1122 1789 1149 etiam

1002 1168 1066 1195 dicit
1085 1168 1135 1195 hoc
1154 1168 1213 1195 loco
1224 1188 1231 1199 ,
1248 1172 1355 1202 peccata
1370 1175 1464 1202 nempe
1483 1175 1574 1194 eorum
1590 1175 1642 1194 non
1658 1175 1688 1194 ea
1704 1167 1790 1194 solum

1002 1222 1060 1250 qua:
1075 1214 1144 1242 dicta
1159 1219 1237 1246 sunt,
1252 1214 1298 1241 sed
1312 1214 1391 1241 etiam
1406 1214 1613 1241 internecionem
1629 1214 1770 1247 expetiisse
1783 1233 1789 1242 ,

1003 1261 1185 1294 universeque
1197 1260 1283 1294 gentis
1297 1260 1404 1286 exitium
1420 1269 1426 1285 :
1440 1267 1497 1293 qua:
1512 1259 1589 1285 etiam
1606 1259 1630 1285 in
1646 1258 1791 1285 Sodomitis

1003 1306 1178 1340 contigerunt.
1196 1305 1241 1332 Dei
1254 1311 1342 1332 autem
1357 1305 1503 1339 benignitas
1514 1303 1571 1331 haec
1584 1304 1641 1331 ﬁeri
1655 1311 1707 1330 non
1719 1302 1790 1335 sivit,

1004 1351 1050 1378 sed
1063 1358 1166 1385 pcenam
1183 1353 1292 1386 peccato
1308 1350 1384 1385 longe
1400 1350 1525 1377 leviorem
1541 1349 1644 1376 inﬂixit.
1666 1349 1732 1382 Quia
1747 1356 1792 1375 ve-

1004 1404 1034 1423 ro
1046 1396 1125 1423 multa
1136 1400 1177 1423 est
1187 1396 1300 1423 afﬁnitas
1312 1396 1392 1423 Vetus
1403 1396 1472 1423 inter
1484 1400 1510 1423 et
1524 1395 1624 1423 Novum
1636 1395 1793 1422 Testamen-

1005 1445 1070 1474 tum,
1084 1441 1144 1475 jure
1156 1441 1201 1468 illo
1214 1441 1311 1468 Paulus
1321 1446 1362 1468 est
1372 1449 1436 1468 usus
1448 1450 1455 1468 :
1466 1445 1493 1468 et
1502 1441 1702 1468 convenientius
1713 1449 1791 1475 quam

1005 1486 1132 1521 propheta
1153 1486 1228 1513 dixit.
1251 1486 1478 1519 Quemadmodum
1498 1487 1568 1514 enim
1587 1487 1633 1514 illo
1654 1491 1793 1521 tempore,

1006 1532 1056 1559 nisi
1076 1539 1169 1567 magna
1189 1532 1281 1559 fuisset
1299 1532 1345 1559 Dei
1365 1532 1544 1560 misericordia
1558 1553 1565 1565 ,
1587 1539 1680 1559 omnes
1693 1532 1794 1567 abrepti

1007 1578 1117 1605 inissent
1131 1578 1217 1613 (Rom.
1234 1578 1259 1605 9.
1274 1578 1319 1612 29)
1335 1587 1341 1604 :
1356 1578 1393 1605 sic
1406 1579 1431 1605 in
1448 1582 1568 1612 tempore
1580 1578 1679 1606 Christi
1694 1578 1794 1606 adven-

1007 1629 1060 1658 tus,
1077 1624 1124 1651 nisi
1141 1624 1410 1659 gralia‘apparuisset,
1426 1624 1545 1659 graviora
1560 1624 1603 1651 his
1618 1632 1711 1652 omnes
1725 1624 1795 1658 passi

1007 1674 1106 1697 essent.
1130 1669 1273 1704 Dereliquit
1291 1674 1378 1696 autem
1402 1669 1478 1696 nobis
1492 1677 1582 1696 semen
1600 1678 1608 1697 τ
1627 1669 1660 1696 de
1676 1669 1707 1696 iis
1721 1670 1765 1703 qui
1781 1677 1795 1695 a

1008 1715 1159 1750 captivitate
1181 1715 1278 1742 servati
1296 1720 1359 1742 sunt
1377 1715 1501 1750 loquitur.
1525 1714 1568 1742 10.
1589 1715 1680 1742 Audite
1696 1715 1796 1741 verbum

1008 1761 1120 1793 Domini,
1136 1761 1260 1795 principes
1274 1761 1453 1793 Sodomorum,
1467 1761 1585 1787 attendite
1597 1761 1676 1796 legem
1690 1760 1737 1787 Dei
1752 1769 1797 1787 no«

1008 1807 1064 1838 stri,
1077 1806 1185 1841 populus
1197 1805 1352 1832 Gomorrhw.
1368 1805 1478 1839 Quando
1489 1806 1554 1832 dixit
1566 1806 1624 1833 illos
1635 1813 1694 1833 esse
1705 1806 1799 1840 dignos

1009 1851 1053 1886 qui
1069 1851 1161 1879 cadent
1181 1854 1334 1885 paterentur
1344 1871 1351 1883 ,
1367 1858 1426 1886 qua:
1441 1850 1586 1878 Sodomita:
1598 1871 1605 1882 ,
1621 1850 1738 1878 ostendit
1752 1857 1798 1877 eos

1010 1897 1102 1924 eadem
1122 1903 1202 1923 ausos
1215 1903 1275 1923 esse
1288 1904 1347 1931 qum
1360 1896 1520 1924 Sodomitas.
1546 1896 1606 1923 ideo
1621 1897 1679 1923 illos
1694 1903 1708 1922 a
1723 1903 1796 1923 eont-

1011 1941 1084 1968 muni
1099 1942 1276 1976 appellatione
1288 1942 1416 1968 nominat.
1433 1941 1488 1969 Nisi
1499 1942 1568 1969 enim
1584 1941 1636 1968 hoc
1648 1945 1727 1973 esset,
1744 1949 1797 1969 non

1011 1991 1158 2022 opportuna
1174 1986 1268 2014 luisset
1281 1986 1415 2021 loquutus.
1436 1986 1511 2019 Quod
1530 1986 1599 2013 enim
1613 1994 1682 2014 nunc
1703 1994 1755 2014 non
1771 1987 1797 2013 in

1011 2031 1161 2059 Sodomitas
1169 2031 1319 2064 invehatur,
1329 2031 1375 2058 sed
1386 2032 1411 2058 in
1422 2031 1435 2058 .l
1440 2030 1537 2064 udwos,
1550 2031 1608 2058 illos
1616 2032 1653 2058 sic
1661 2031 1798 2066 appellans

1012 2077 1047 2104 ob
1062 2076 1176 2104 nominis
1189 2076 1401 2104 convenientiam
1413 2097 1421 2110 ,
1436 2084 1494 2111 quae
1509 2081 1654 2111 sequuntur
1672 2077 1798 2104 indicant.

1013 2122 1078 2150 Nam
1092 2123 1220 2150 sacriﬁcia
1233 2126 1438 2156 commemorat,
1453 2122 1600 2149 oblationes
1613 2122 1747 2158 aliumque
1760 2122 1800 2149 le-

1013 2169 1098 2204 galem
1112 2169 1211 2195 cultum
1224 2189 1231 2200 ,
1247 2167 1322 2203 cujus
1337 2175 1370 2196 ne
1386 2168 1525 2202 vestigium
1539 2167 1646 2203 quidem
1661 2172 1718 2194 erat
1731 2167 1800 2200 apud

1013 2214 1173 2242 Sodomitas.
1189 2213 1281 2249 Legem
1296 2213 1344 2240 Dei
1360 2214 1437 2241 nostri
1451 2213 1477 2240 in
1490 2218 1674 2247 argumentum
1689 2213 1799 2248 profert.

1051 2260 1184 2294 Sacriﬁcia
1192 2260 1278 2287 veteris
1288 2259 1436 2287 Testamenti
1446 2260 1499 2287 Deo
1508 2268 1552 2295 per
1561 2268 1587 2287 se
1597 2268 1646 2286 non
1655 2260 1784 2295 placebant
1793 2269 1802 2290 ,-

1015 2315 1059 2333 cur
1073 2307 1143 2342 [uere
1152 2307 1273 2333 instituta.
1288 2306 1431 2342 Repudium
1446 2307 1471 2333 in
1486 2306 1562 2333 veteri
1573 2307 1626 2342 lege
1639 2315 1683 2333 cur
1697 2306 1803 2341 peririis-

1015 2361 1081 2379 sum.
1101 2367 1136 2372 -—
1149 2352 1191 2379 ll.
1209 2352 1276 2385 Quid
1290 2352 1351 2378 mihi
1366 2352 1499 2378 multitudo
1514 2352 1694 2386 sacriﬁciorum
1711 2357 1804 2378 vestro-

1016 2397 1091 2424 rum?
1105 2397 1164 2424 dicit
1174 2397 1306 2424 Dominus.
1319 2397 1412 2424 Plenus
1422 2405 1477 2424 sum
1486 2397 1638 2424 holocaustis
1650 2397 1767 2429 arietum,
1780 2402 1803 2424 et

1017 2443 1117 2477 adipem
1135 2451 1272 2478 agnorunt,
1286 2443 1479 2477 sanguinemque
1496 2447 1625 2469 taurorum
1639 2448 1662 2470 et
1677 2443 1804 2470 hircorum

1018 2490 1086 2516 nolo.
1111 2489 1231 2516 Psalmus
1245 2489 1462 2524 quadragesimus
1477 2496 1563 2516 nonus
1579 2495 1649 2516 totus
1668 2489 1730 2516 huic
1748 2490 1806 2516 loco

1019 2535 1113 2563 similis
1125 2540 1175 2567 est,
1187 2535 1245 2562 aliis
1256 2535 1362 2570 quidem
1376 2535 1474 2568 verbis,
1489 2535 1581 2563 eadem
1593 2544 1656 2564 vero
1668 2541 1808 2564 contextus

1020 2581 1158 2608 sententia.
1185 2581 1239 2608 Illis
1261 2581 1331 2608 enim
1345 2601 1352 2612 ,
1372 2581 1507 2608 Advocabit
1527 2582 1615 2608 acelth
1632 2582 1764 2609 desursum
1786 2587 1808 2608 et

1020 2632 1111 2653 terram
1123 2626 1262 2653 discernere
1275 2626 1397 2660 populum
1410 2635 1484 2653 suum
1498 2625 1591 2662 (Psal.
1605 2627 1649 2654 49.
1662 2627 1679 2654 tl
1690 2627 1709 2662 ),
1723 2627 1809 2654 simile

1021 2678 1059 2698 est
1071 2671 1122 2698 hoc
1133 2671 1230 2698 dictum
1243 2681 1248 2698 :
1260 2672 1336 2703 Audi,
1349 2673 1446 2704 mlunt,
1462 2677 1485 2698 et
1497 2672 1599 2699 auribus
1612 2673 1719 2707 percipe,
1733 2677 1809 2705 terra,

1021 2718 1079 2752 quia
1096 2716 1216 2744 Dominus
1229 2717 1345 2750 loquutus
1357 2723 1393 2745 est
1401 2727 1411 2750 ;
1425 2722 1451 2745 et
1464 2723 1558 2746 czetera
1573 2726 1632 2745 cum
1646 2719 1686 2745 his
1699 2726 1810 2746 consen-

1024 2763 1100 2790 tiunt.
1117 2760 1345 2796 Quemadmodum
1361 2764 1432 2792 enim
1449 2763 1530 2791 David
1545 2764 1607 2791 dicit
1622 2773 1630 2791 :
1645 2763 1703 2790 Non
1724 2765 1748 2790 iu
1769 2773 1810 2790 sa-

1023 2808 1124 2843 criﬁciis
1139 2809 1187 2835 tuis
1201 2817 1306 2844 arguam
1320 2815 1352 2842 te,
1368 2809 1512 2837 holocausta
1524 2815 1605 2836 autem
1617 2815 1659 2836 tua
1671 2810 1695 2835 in
1708 2816 1810 2842 conspe—

1025 2859 1066 2882 ctu
1081 2863 1135 2882 meo
1148 2859 1204 2882 sunt
1219 2863 1315 2890 seraper
1333 2856 1341 2888 (
1354 2854 1421 2882 Ibid.
1444 2863 1468 2882 ιν.
1492 2855 1527 2891 8)
1543 2863 1548 2881 :
1563 2855 1600 2882 sic
1616 2858 1642 2882 ct
1659 2853 1736 2882 Isaias
1751 2853 1786 2882 ait
1799 2861 1809 2881 ε
