2058 3122
228 95 261 124 19
647 92 674 120 S.
691 91 828 120 JOANNlS
840 89 1073 127 CﬂRYSOSTOMI
1087 91 1244 119 ARClllEP.
1264 93 1529 124 CONSTANTINOP.
1828 99 1863 128 Ξ)

229 153 299 188 Quid
311 153 372 179 mihi
385 150 519 178 multitudo
531 150 712 184 sacri/iciontm
725 149 882 176 vestrorum?
894 148 954 174 dicit
969 147 1019 174 Do-

228 201 321 227 minus.
336 201 374 226 Ac
388 205 480 226 rursus
496 197 576 225 David
590 197 653 224 dicit
667 206 672 223 :
690 195 749 223 Non
763 196 886 230 accipiam
901 195 931 220 de
945 194 1019 220 domo

229 250 274 272 tua
288 245 378 272 vitulos
389 265 396 276 ,
409 252 486 277 neque
500 244 531 270 de
545 245 663 278 gregibus
673 243 722 269 tuis
740 242 822 268 hircos
837 240 919 275 (Ibid.
931 247 955 267 υ.
970 239 998 273 9)
1011 248 1017 272 ;

228 290 310 318 Isaias
323 297 387 317 vero
399 297 406 316 :
420 288 575 316 Holocausta
584 288 695 315 arietum
708 309 715 320 ,
731 292 754 313 et
766 287 867 321 adipem
880 293 1018 321 agnorum,

227 341 251 363 et
271 336 419 371 sanguinem
439 339 568 361 taurorum
588 339 610 361 et
631 334 757 360 hircorum
779 333 848 359 nolo.
872 332 937 358 Nam
957 331 1018 366 quia

227 381 345 409 accusati
370 381 537 416 frequenter,
560 380 630 414 quod
653 381 756 407 creteris
779 379 920 407 virtutibus
943 378 1018 405 vacui

226 431 329 460 essent,
342 435 389 462 pro
398 427 511 454 maxima
525 426 678 454 defensione
689 425 818 454 sacriﬁcia
829 425 1017 458 obtendebant,

224 479 254 501 ut
268 481 328 509 quas
340 473 492 509 frequenter
507 473 704 510 persolvebant,
721 473 815 500 merito
830 478 941 508 uterque
954 480 1018 508 pro-

225 518 306 554 pheta
318 539 326 552 ,
349 519 403 546 imo
425 520 511 554 potius
532 519 621 547 cmteri
637 526 730 546 omnes
744 519 778 547 ab
794 519 843 547 hac
863 518 1018 547 defensione

226 566 287 593 illos
302 566 454 594 exturbant.
476 566 551 594 Unde
564 567 671 602 planum
687 571 728 594 est
742 574 774 594 ea
787 574 839 593 non
856 573 916 593 esse
929 574 975 600 per
989 573 1019 592 se

225 611 362 647 prmcipue
374 612 527 644 constituta,
539 612 585 639 sed
602 617 629 639 ut
641 612 674 639 ad
685 616 786 639 rectum
797 612 859 639 vitae
870 611 1017 638 institutum

225 662 393 693 craterasque
411 659 521 686 virtutes
536 658 596 686 illos
609 658 780 686 deducerent.
801 658 867 692 Quia
881 665 944 685 vero
958 658 996 685 illi
1009 678 1017 691 ,

226 705 333 732 caeteris
345 713 404 740 quae
420 705 569 732 necessaria
584 709 661 732 erant
674 705 811 740 neglectis.
827 705 868 732 his
881 705 1019 732 incumbe-

227 749 301 782 bant,
320 758 350 778 se
370 750 415 777 illa
435 750 541 778 demum
561 758 613 778 non
635 751 774 778 admittere
796 751 860 778 dicit
875 751 954 778 Deus.
974 750 1017 777 12.

229 795 318 831 Neque
329 796 444 823 veneritis
458 801 485 823 ut
498 797 643 832 appareutis
657 797 730 823 mihi.
745 796 772 824 Si
786 796 962 830 secesseritis,
978 796 1018 823 i'n-

226 842 294 876 quit,
310 841 343 869 ad
360 841 496 876 templum.
513 842 576 874 Quis
590 843 656 869 cnim
669 843 781 877 quasivit
795 843 848 869 Itazc
861 843 892 868 de
904 842 1018 869 manibus

227 887 334 914 vestris?
348 886 426 914 Certe
441 892 510 914 totus
523 888 566 915 ille
581 888 649 915 liber
661 888 704 922 qui
719 888 851 915 Leviticus
864 888 970 922 dicitur,
985 888 1018 915 de

227 931 420 959 sacriﬁciorum
439 933 607 960 accuratione
622 933 693 968 leges
707 933 823 960 exhibet.
838 933 866 960 In
887 934 1018 961 Deutero-

227 977 316 1003 nomio
335 985 440 1012 quoque
457 982 483 1004 et
499 978 524 1004 in
537 978 596 1005 aliis
614 978 733 1012 plurimis
747 978 811 1005 locis
824 978 914 1006 multae
928 978 962 1007 de
973 985 1019 1006 sa-

225 1021 333 1048 criﬁciis
350 1029 449 1056 sparsae
463 1027 525 1049 sunt
545 1023 625 1058 leges.
651 1024 738 1056 Quare
752 1024 831 1058 igitur
842 1024 906 1051 dicit
927 1033 933 1050 :
956 1023 1019 1056 Quis

226 1066 352 1101 requisivit
367 1067 420 1094 lure
432 1067 463 1094 de
475 1068 590 1095 manibus
604 1069 709 1095 vestris?
727 1068 762 1096 Ut
775 1068 862 1095 discas
875 1069 947 1095 illam
965 1077 1017 1096 non

227 1112 308 1139 fuisse
318 1113 477 1148 praecipuam
490 1113 535 1140 Dei
544 1113 716 1147 voluntatem,
728 1118 757 1141 ut
767 1114 829 1141 talia
840 1115 1016 1147 sancirentur,

227 1158 274 1185 sed
288 1159 322 1185 ab
340 1166 431 1186 eorum
451 1159 605 1186 inﬁrmitate
623 1160 726 1187 initium
741 1160 799 1187 illas
814 1161 885 1196 leges
899 1160 1017 1188 duxisse.

227 1204 455 1236 Quemadmodum
476 1205 548 1232 enim
570 1205 677 1232 uolebat
696 1206 832 1233 mulierem
857 1206 939 1234 semel
962 1207 1019 1234 viro

227 1249 395 1284 conjunctam
404 1250 533 1285 repudiari
543 1259 549 1283 ;
559 1251 680 1285 graviora
692 1256 778 1278 tamen
791 1252 857 1278 mala
867 1251 1016 1284 succidens,

228 1301 262 1321 ne
276 1294 416 1329 repudiare
428 1296 500 1323 vetiti
510 1316 517 1326 ,
532 1296 590 1323 illas
603 1296 700 1324 invisas
716 1304 811 1324 uxores
825 1297 895 1324 intus
912 1296 1017 1332 jugula-

228 1344 287 1366 rent
299 1360 306 1372 ,
329 1340 417 1367 minus
437 1341 535 1368 malum
549 1342 669 1377 permisit
685 1350 691 1368 :
706 1342 744 1369 sic
756 1347 782 1369 et
795 1342 864 1369 circa
880 1350 935 1370 rem
950 1342 1019 1370 hanc

228 1386 308 1417 fecit,
332 1390 361 1413 ut
379 1386 544 1415 dmmonibus
567 1388 704 1415 immolare
723 1387 884 1422 prohiberet,
904 1388 928 1416 id
949 1387 1019 1423 quod

228 1431 336 1459 minime
348 1433 451 1460 volebat
460 1433 576 1466 admisit,
589 1438 617 1461 ut
626 1435 696 1469 quod
707 1435 812 1462 volebat
822 1440 1017 1470 assequerctur.

228 1478 285 1506 lloc
298 1479 383 1514 ipsum
399 1487 490 1507 rursus
503 1480 584 1507 Amos
599 1480 725 1515 propheta
740 1481 878 1509 declarans
892 1481 997 1509 dicebat
1010 1491 1018 1509 :

230 1523 300 1550 Num
317 1525 427 1552 victimas
437 1530 461 1552 et
479 1526 573 1553 hostias
587 1527 709 1554 obtulistis
722 1527 783 1554 mihi
795 1527 961 1562 quadraginta
974 1535 1020 1554 an-

229 1569 287 1596 nis?
306 1570 366 1596 dicit
379 1569 503 1598 Dominus
522 1571 619 1605 (Amos
637 1573 663 1599 5.
688 1572 723 1600 25'
735 1572 755 1607 ).
774 1572 903 1599 Jeremias
915 1579 1020 1607 quoque

229 1614 266 1641 ait
282 1623 288 1642 :
305 1614 365 1641 Non
378 1620 436 1642 sunt
450 1616 503 1643 lucc
516 1624 570 1650 quw
584 1617 700 1644 mandavi
715 1618 826 1653 patribus
845 1618 932 1645 vestris
945 1617 1018 1654 (Jer.

229 1659 254 1686 7.
270 1659 327 1695 22).
696 1684 703 1690 ,

264 1705 292 1732 5.
312 1705 440 1738 Quoniam
460 1706 530 1733 enim
549 1707 685 1735 daemones
705 1707 757 1735 hoc
775 1708 836 1735 culti
853 1713 915 1736 sunt
929 1708 1018 1741 modo,

231 1750 299 1784 ipse,
321 1759 354 1778 ne
367 1752 498 1786 quaepiam
515 1752 576 1779 hinc
596 1753 786 1780 inﬁrmioribus
801 1754 927 1790 perniciei
941 1761 1020 1781 occa-

231 1796 270 1823 sio
282 1797 407 1829 oriretur,
424 1797 480 1823 haec
491 1797 644 1832 frequenter
653 1806 702 1833 per
712 1798 856 1833 prophetas
867 1806 961 1826 omnes
974 1799 1022 1827 de-

231 1842 344 1868 nuntiat.
362 1841 423 1869 limc
437 1849 497 1869 cum
517 1850 570 1869 non
583 1843 720 1877 darentur,
744 1844 781 1871 illi
805 1844 1018 1878 indignabantur,

230 1893 261 1913 ac
280 1886 432 1921 frequenter
451 1887 595 1921 instabant,
616 1888 735 1916 nidorem
758 1893 785 1917 et
796 1889 897 1917 fumum
911 1889 1021 1924 exigen-

232 1936 281 1964 tes,
296 1932 467 1967 dicentesque
480 1942 486 1960 :

343 1999 345 2002 -
384 1994 409 2013 Τὸ
420 1994 453 2020 γὰρ
463 1994 540 2021 λόχευμα
551 1996 602 2021 τερ-ς
613 1995 663 2020 ἡμᾶς
675 1990 721 2021 (α).

691 2022 809 2054 (nomen)

232 2070 289 2106 Ipse
303 2078 368 2098 vero
383 2071 408 2098 id
431 2079 516 2107 neque
531 2073 565 2100 ab
585 2073 660 2101 initio
675 2074 760 2109 pcliit,
776 2081 803 2102 et
815 2075 921 2111 quando
931 2076 1021 2110 jussit,

231 2117 346 2145 oslendit
357 2125 386 2145 se
401 2126 453 2145 non
470 2118 594 2146 libentem
607 2119 663 2147 lucc
679 2121 852 2155 permittere;
871 2131 955 2158 neque
970 2123 1020 2150 hoc

233 2168 335 2190 tantum
349 2163 409 2190 hinc
420 2168 502 2198 patet,
518 2164 565 2192 sed
580 2166 658 2192 etiam
672 2166 733 2201 quia
746 2167 800 2195 cito
814 2169 904 2202 solvit,
919 2174 946 2197 et
960 2170 1020 2203 quia

231 2217 290 2235 (‘lllli
305 2209 347 2236 illa
363 2210 545 2243 persolverent
561 2218 612 2237 non
633 2211 760 2239 admisit:
773 2218 852 2249 atque
871 2222 923 2242 uno
940 2215 1022 2242 verbo

233 2262 280 2288 per
299 2255 387 2281 omnia
410 2255 578 2290 signiﬁcavit,
595 2255 745 2291 hujusmodi
770 2259 870 2286 cultum
894 2265 921 2291 et
941 2260 1021 2287 ritum

233 2300 372 2334 majestate
384 2309 431 2328 sua
446 2302 524 2337 longe
544 2302 679 2337 indignum
695 2310 764 2330 esse.
786 2303 842 2331 Hoc
855 2305 943 2339 itaque
963 2306 1000 2332 ait
1014 2315 1020 2333 :

233 2346 344 2381 Propter
359 2355 406 2374 vos
423 2347 479 2376 haec
491 2348 610 2382 toleravi,
628 2356 714 2384 neque
728 2349 769 2376 his
782 2357 848 2384 opus
860 2350 948 2377 habui.
963 2350 1023 2378 Cal-

232 2401 290 2420 care
309 2393 401 2420 atrium
421 2402 503 2421 meum
526 2403 577 2422 non
604 2396 746 2431 apportatis.
770 2395 821 2423 Aut
844 2397 1022 2431 captivitatem

234 2440 362 2474 praedicit,
384 2445 430 2467 aut
447 2441 526 2468 etiam
543 2442 592 2469 hoc
612 2447 693 2474 vetat,
714 2443 774 2478 quia
795 2450 847 2470 non
868 2451 927 2470 cum
950 2448 1023 2472 recto

233 2485 324 2512 animo
344 2485 571 2520 ingrediebantur.
593 2488 636 2515 15.
653 2489 683 2516 Si
697 2488 808 2522 offeratis
822 2490 884 2516 milii
902 2490 1022 2524 similam,

232 2538 335 2558 Danum.
351 2531 533 2559 blandalorum
555 2533 625 2561 enim
647 2534 699 2561 alia
715 2540 823 2570 propter
843 2543 871 2563 se
888 2535 955 2571 ipsa,
971 2537 1021 2564 alia

233 2577 317 2604 aliam
334 2577 369 2604 ob
384 2585 490 2605 causam
514 2580 758 2614 constituebantur;
782 2586 811 2608 ut
826 2581 908 2609 Deum
931 2590 1021 2616 uosc,

234 2631 287 2651 non
309 2623 443 2654 occidere,
470 2631 522 2651 non
546 2625 684 2660 intechari,
706 2630 733 2653 et
754 2634 927 2663 quaecumque
949 2628 1021 2662 talia,

263 2679 299 2710 (α)
313 2680 455 2717 Hmc'enim
470 2681 580 2717 honorem
591 2688 634 2707 nos
642 2682 720 2717 sortiti
729 2689 818 2709 amnis.
831 2688 878 2710 Hoc
889 2686 922 2710 ait
932 2687 1024 2717 Jupiter

230 2710 578 2747 δυηοιιετη..³υοιιηειιξι,ιιιηα-
595 2713 674 2747 ὲ-⁴9ν
691 2715 798 2747 itemque
813 2717 905 2747 Jupiter
923 2710 1024 2743 deorum

232 2745 321 2774 emtum
333 2742 468 2774 alloquens,
484 2744 550 2767 lliaul.
564 2752 586 2771 ιι,
601 2744 640 2773 70,
651 2751 704 2769 cum
716 2745 747 2769 de
757 2742 906 2771 i-cslituendo
916 2750 1024 2774 Hectoris

232 2773 351 2810 cadavere
374 2773 499 2810 ageretur.
512 2778 560 2810 H_oc
571 2775 723 2810 Inspiisticliio
734 2777 808 2801 utitur
820 2777 875 2802 alibi
888 2773 1024 2810 ChrysostoQ
1052 2794 1061 2798 κ

231 2812 294 2832 inus.
307 2809 334 2830 ut
343 2811 414 2836 supra
423 2823 430 2835 ,
446 2806 470 2829 in
483 2804 572 2830 t‘saluio
584 2805 622 2831 69.

1074 153 1183 182 propter
1197 150 1336 177 utilitatem
1361 151 1422 179 inde
1441 153 1640 186 provenientem
1659 153 1861 189 saneiebantur;

1073 194 1225 222 saeriﬁeare
1246 201 1345 229 autem,
1363 197 1500 224 incensum
1515 198 1624 232 olierre,
1647 200 1786 227 sabbatum
1806 208 1862 229 ser-

1073 248 1146 273 vare,
1162 245 1189 268 et
1211 241 1305 269 similia
1321 250 1436 276 rursum,
1452 251 1505 271 non
1519 249 1547 271 ut
1558 244 1616 272 haec
1630 246 1724 273 ﬁerent
1737 247 1862 282 simplici-

1073 289 1124 318 ter,
1148 287 1194 313 sed
1214 291 1242 313 ut
1264 295 1297 320 est
1320 295 1413 315 eorum
1436 290 1563 317 exercitio
1586 298 1600 318 a
1620 289 1770 319 daemonum
1790 293 1863 320 cultu

1072 331 1279 359 abducerentur.
1297 333 1363 366 Quia
1378 333 1457 369 igitur
1472 335 1528 362 hmc
1540 335 1646 370 quidem
1662 337 1861 371 persolvebant,

1071 376 1118 404 sed
1137 377 1237 405 nullam
1258 378 1319 406 inde
1341 379 1480 407 utilitatem
1494 381 1686 415 percipiebant,
1705 382 1751 409 sed
1774 383 1863 411 adhuc

1071 423 1236 451 daemonibus
1255 424 1353 452 addicti
1374 430 1459 460 erant,
1472 426 1533 461 jure
1551 427 1608 455 haec
1622 435 1728 462 quoque
1751 427 1863 462 ejiciun-

1072 475 1115 498 tur
1130 479 1136 497 :
1152 471 1365 506 quandoquidem
1377 473 1472 500 merito
1485 473 1545 508 quis
1557 473 1681 501 arborem
1695 474 1809 506 excidat,
1823 474 1863 502 ΐο-

1071 515 1113 543 liis
1128 520 1155 544 et
1171 517 1253 545 ramis
1267 523 1398 550 ornatam,
1417 518 1464 546 sed
1477 518 1563 546 fructu
1576 526 1698 546 vacuam.
1712 519 1778 547 Nam
1790 519 1863 547 colo-

1071 569 1121 588 nus
1148 569 1254 589 omnem
1283 570 1373 590 curam
1399 564 1469 591 circa
1499 565 1623 592 arborem
1646 564 1774 597 adhibet.
1807 573 1861 593 non

1071 609 1177 636 corticis
1194 614 1240 636 aut
1261 610 1346 636 trunci
1368 617 1458 641 causa,
1478 610 1524 637 sed
1540 615 1569 637 ut
1588 609 1703 638 fructum
1722 611 1861 645 decerpat.

1071 654 1206 681 Incensum
1218 655 1370 682 abominatio
1381 657 1442 683 milii
1456 661 1501 683 est.
1521 656 1613 684 Viden’
1624 664 1686 684 eum
1699 664 1751 684 non
1765 657 1799 684 de
1814 665 1861 684 na-

1071 704 1129 726 tura
1149 707 1241 727 eormn
1255 708 1314 735 qua:
1334 701 1385 728 sibi
1400 701 1581 728 olierebantur
1593 702 1712 736 gavisam
1727 709 1798 735 esse,
1812 702 1859 730 sed

1070 745 1237 773 ollerentium
1262 751 1378 773 mentem
1406 747 1603 781 exploravisse?
1626 747 1688 775 ideo
1713 747 1812 775 furinum
1834 753 1862 774 et

1071 791 1190 818 nidorem
1204 799 1237 819 ex
1258 792 1388 819 sacriﬁcio
1402 793 1458 820 Noe
1480 798 1632 827 surgentem
1647 793 1755 820 odorem
1770 793 1860 820 suavi-

1071 839 1132 866 tatis
1146 838 1260 871 vocavit,
1274 839 1410 866 incensum
1425 846 1490 866 vero
1508 839 1731 866 abominationem
1747 838 1857 874 (Gen.8.

1071 884 1128 919 21).
1152 883 1230 917 Nam,
1244 888 1273 910 ut
1293 884 1424 917 dicebam,
1442 892 1493 911 non
1515 889 1634 911 naturam
1649 884 1791 918 donorum,
1811 885 1859 912 sed

1069 929 1192 958 aﬂ‘cctum
1206 929 1372 957 oﬂerentium
1392 930 1512 964 requirit.
1536 931 1579 958 14.
1595 930 1748 958 Neomenias
1766 936 1860 958 vestras

1073 980 1096 1002 et
1111 975 1224 1002 sabbata.
1248 975 1447 1002 Observandum
1462 981 1504 1003 est
1522 983 1582 1003 eum
1598 977 1663 1007 nihil
1686 984 1777 1004 eorum
1800 985 1859 1012 qua:

1070 1021 1220 1047 necessaria
1230 1025 1292 1048 sunt
1303 1020 1459 1054 excludere,
1473 1020 1519 1048 sed
1530 1022 1598 1053 haec,
1614 1029 1673 1056 qua:
1687 1022 1766 1049 etiam
1781 1022 1859 1049 Chri-

1069 1071 1127 1093 stus
1143 1066 1288 1094 advenieus
1308 1066 1453 1101 abrogavit.
1472 1067 1650 1100 Quamobrem
1666 1067 1762 1095 Paulus
1776 1068 1843 1095 velle
1854 1086 1860 1089 -

1070 1113 1200 1140 mentiore
1220 1120 1284 1140 usus
1298 1120 1433 1146 sermone,
1453 1120 1513 1140 cum
1533 1118 1626 1141 contra
1639 1114 1745 1141 Judmos
1757 1122 1858 1148 pugna-

1071 1163 1123 1191 ret,
1137 1166 1191 1186 non
1207 1157 1264 1185 haec
1274 1158 1370 1192 solum,
1388 1158 1434 1186 sed
1447 1164 1473 1186 et
1486 1159 1537 1186 alia
1553 1159 1594 1186 his
1607 1159 1720 1194 plurima
1733 1159 1858 1191 aliercns,

1070 1211 1126 1235 eos,
1146 1205 1191 1240 qui
1211 1204 1276 1231 nihil
1296 1212 1329 1232 ex
1344 1213 1374 1232 se
1388 1204 1515 1241 (virtutis)
1528 1205 1696 1238 exhiberem,
1713 1205 1777 1231 nihil
1793 1205 1855 1232 inde

1071 1249 1138 1276 lucri
1161 1248 1262 1277 referre
1281 1249 1358 1282 dixit,
1375 1250 1416 1276 his
1428 1250 1516 1277 verbis
1531 1259 1538 1277 :
1553 1249 1584 1277 Si
1603 1254 1687 1276 autent
1708 1254 1735 1276 tu
1753 1249 1859 1276 Indicus

1070 1294 1265 1329 cognominaris,
1285 1299 1309 1321 et
1321 1295 1454 1330 requiescis
1467 1295 1493 1322 in
1511 1295 1577 1330 lege,
1589 1300 1613 1321 et
1627 1295 1745 1330 gloriaris
1755 1295 1781 1320 in
1795 1294 1857 1326 Deo,

1071 1346 1093 1367 et
1107 1341 1173 1368 nosti
1186 1341 1337 1368 voluntatem
1357 1342 1421 1376 ejus,
1439 1346 1461 1368 et
1476 1341 1568 1376 probas
1588 1341 1702 1374 utiliora,
1724 1341 1860 1368 instructus

1071 1395 1115 1420 per
1130 1387 1209 1422 legem
1223 1387 1310 1423 (Rom.
1331 1387 1359 1414 ‘2.
1380 1388 1423 1414 l7.
1445 1387 1500 1423 18).
1522 1388 1557 1415 Ει
1571 1395 1682 1415 rursus:
1698 1387 1860 1414 Circumcisio

1070 1432 1170 1467 quidem
1180 1432 1291 1468 prodest,
1308 1434 1330 1460 si
1344 1433 1423 1468 legem
1437 1433 1565 1465 observes;
1580 1433 1602 1460 si
1613 1438 1695 1460 autem
1711 1433 1861 1466 pra'varica-

1072 1482 1110 1504 tor
1117 1478 1163 1512 sis,
1172 1479 1328 1506 circumcisio
1337 1483 1380 1505 tua
1387 1479 1536 1514 prtvputium
1552 1480 1619 1514 facta
1631 1483 1669 1506 est
1679 1477 1702 1513 (1
1707 1478 1758 1504 bid.
1769 1486 1792 1504 v.
1801 1477 1858 1512 25).

1072 1523 1126 1550 Nec
1138 1523 1272 1558 quidpiam
1288 1523 1389 1550 fructus
1402 1531 1449 1551 eos
1465 1523 1526 1552 inde
1547 1525 1683 1559 percipere
1697 1524 1772 1556 dixit,
1789 1524 1862 1559 quod

1072 1569 1114 1596 lex
1129 1569 1168 1596 eis
1181 1568 1333 1596 concredita
1346 1568 1389 1602 sit,
1404 1569 1465 1604 quia
1480 1577 1532 1596 non
1550 1569 1720 1597 crediderunt
1731 1579 1738 1597 :
1751 1569 1776 1596 id
1790 1570 1861 1606 quod

1071 1615 1124 1642 alio
1150 1615 1230 1642 modo
1259 1615 1341 1642 David
1368 1615 1540 1643 subindicans
1572 1615 1676 1643 dicebat
1701 1624 1707 1642 :
1730 1615 1862 1643 Poet-ator:

1072 1665 1155 1687 mrtem
1176 1661 1240 1688 dicit
1265 1660 1334 1688 Deus
1352 1661 1459 1694 :Qvare
1485 1665 1512 1688 tu
1533 1669 1636 1689 enarras
1655 1662 1770 1696 justitias
1794 1669 1862 1688 meas

1073 1706 1159 1739 (Paul.
1175 1707 1221 1735 49.
1245 1707 1308 1743 16)ῐδ
1325 1708 1391 1741 Quia
1412 1708 1483 1735 enim
1501 1707 1535 1735 de
1555 1707 1644 1735 audita
1664 1707 1777 1735 lectione
1796 1707 1862 1742 legis

1072 1761 1151 1788 supra
1166 1753 1272 1780 modum
1288 1753 1342 1781 alte
1355 1753 1506 1781 sentiebant
1519 1760 1578 1780 eum
1591 1753 1717 1788 operibus
1731 1753 1804 1780 vacui
1818 1760 1862 1780 es-

1073 1804 1143 1830 sent,
1159 1806 1192 1826 ex
1208 1798 1259 1826 hac
1275 1798 1403 1833 jactantia
1423 1798 1502 1826 etiam
1517 1798 1614 1826 Paulus
1636 1798 1695 1826 illos
1710 1798 1862 1826 deturbavit

1073 1843 1165 1871 dicens
1180 1852 1186 1870 :
1202 1844 1251 1876 Qui
1264 1852 1323 1880 ergo
1334 1845 1412 1871 alium
1424 1844 1510 1877 doces,
1526 1845 1632 1880 teipsum
1645 1853 1695 1871 non
1710 1845 1805 1872 doces?
1817 1846 1860 1879 qui

1074 1890 1196 1924 prtzdicas
1217 1898 1268 1917 non
1287 1890 1443 1925 furandum,
1463 1890 1558 1924 {uraris
1580 1889 1669 1925 (Rom.
1692 1890 1720 1917 2.
1742 1889 1809 1923 2|)?
1829 1891 1863 1918 Et

1074 1935 1155 1962 David
1178 1934 1299 1962 similiter
1322 1935 1434 1962 dicens:
1452 1934 1483 1963 Si
1507 1935 1609 1962 videbas
1631 1938 1724 1971 furem,
1746 1936 1863 1963 currebas

1074 1989 1131 2007 cum
1156 1989 1198 2013 eo,
1221 1986 1244 2008 et
1270 1989 1327 2007 cum
1348 1980 1470 2008 adulteris
1492 1981 1632 2016 portionem
1656 1986 1726 2008 tuam
1752 1980 1860 2016 ponebas

1075 2025 1162 2060 (Psal.
1175 2026 1219 2053 49.
1233 2024 1288 2062 18).
1307 2025 1342 2052 Et
1355 2025 1422 2052 diem
1436 2033 1555 2061 magnum
1570 2035 1620 2053 non
1633 2026 1748 2052 admitto.
1765 2026 1862 2053 Pente-

1074 2076 1164 2099 eosten
1180 2071 1255 2104 dicit,
1271 2071 1474 2106 Scenopegiam,
1491 2071 1603 2104 Pascha,
1619 2076 1645 2100 et
1660 2072 1776 2108 reliquas
1789 2072 1862 2099 ccle~

1075 2118 1195 2146 britates.
1208 2117 1342 2153 Jejunium
1354 2122 1377 2145 et
1391 2119 1544 2145 vacationem
1557 2118 1589 2145 ab
1602 2126 1685 2154 opere,
1703 2122 1726 2145 et
1740 2118 1863 2153 festivita-

1076 2170 1111 2191 tes
1122 2169 1216 2191 vestras
1231 2164 1283 2191 odit
1298 2165 1383 2191 animo
1403 2172 1467 2191 mea.
1482 2164 1604 2192 Humano
1621 2171 1696 2192 more
1711 2164 1784 2199 ipsos
1797 2164 1863 2191 allo-

1075 2210 1175 2244 quitur.
1197 2209 1272 2236 Facti
1286 2209 1344 2236 estis
1365 2208 1428 2236 mihi
1441 2209 1475 2236 ad
1493 2210 1631 2236 satietatem
1642 2216 1652 2236 .'
1665 2208 1699 2236 ad
1719 2209 1863 2242 fastidium,

1075 2255 1107 2282 ad
1127 2255 1228 2282 odium.
1251 2254 1278 2282 ld
1299 2255 1357 2289 ejus
1378 2254 1537 2282 ineﬁ‘abilem
1560 2255 1716 2290 patientiam
1736 2254 1862 2287 ostendit,

1076 2302 1146 2337 quod
1170 2309 1242 2337 sche
1267 2306 1408 2336 peccantes
1432 2301 1533 2335 tulerit,
1554 2309 1604 2329 nec
1625 2302 1698 2337 prius
1720 2301 1864 2328 vindictam

1076 2348 1229 2382 sumpserit,
1246 2356 1325 2383 quam
1343 2348 1468 2383 nequitia:
1488 2348 1669 2383 magnitudine
1682 2348 1767 2383 ipsum
1780 2347 1865 2375 scele-

1076 2395 1109 2421 sti
1123 2394 1269 2421 cwcarint.
1285 2394 1344 2421 Non
1359 2394 1427 2421 ultra
1444 2394 1570 2421 remittam
1583 2399 1685 2428 peccata
1699 2399 1788 2421 vestra.
1805 2393 1864 2421 Non

1077 2439 1144 2466 ultra
1159 2439 1253 2474 patiar.
1269 2439 1384 2474 ldipsum
1401 2444 1440 2467 est
1455 2441 1481 2467 id
1493 2439 1564 2475 quod
1578 2440 1617 2467 ait
1630 2439 1712 2467 David
1727 2449 1734 2466 :
1750 2439 1811 2466 llwc
1825 2441 1865 2474 fe-

1076 2485 1142 2517 cisti,
1152 2489 1175 2511 et
1189 2485 1256 2512 tacui
1267 2484 1352 2520 (Ρεαι.
1364 2485 1408 2512 d9.
1420 2484 1480 2519 21).
1813 2516 1819 2520 ι

1113 2530 1200 2557 Oratio
1211 2531 1306 2557 inutilis
1321 2535 1355 2557 est
1368 2538 1423 2557 cum
1435 2530 1490 2564 quis
1502 2535 1639 2565 perseverat
1650 2531 1676 2557 in
1690 2531 1807 2566 peccatis.
1822 2543 1858 2550 κ

1077 2575 1094 2604 5
1101 2596 1106 2600 .
1113 2575 1175 2603 Cum
1187 2576 1346 2603 extenderitis
1356 2584 1446 2603 manus
1453 2581 1547 2603 vestras
1555 2576 1589 2603 ad
1600 2584 1649 2608 me,
1660 2581 1769 2603 avertam
1779 2580 1867 2604 oculos

1077 2630 1144 2648 uicos
1157 2631 1172 2648 ιι
1191 2622 1257 2648 vobis
1270 2629 1279 2648 :
1293 2626 1316 2648 et
1330 2622 1351 2648 si
1359 2622 1582 2657 multiplicaveritis
1594 2621 1804 2656 deprecationem,
1817 2629 1870 2648 non

1077 2667 1221 2694 exaudiant.
1243 2667 1306 2694 Inde
1328 2667 1409 2702 liquet
1424 2667 1522 2694 nullam
1538 2674 1597 2694 esse
1617 2666 1744 2693 orationis
1768 2667 1866 2694 utilita-

1079 2719 1131 2740 tem
1141 2735 1149 2747 ,
1173 2713 1366 2749 quantumlibet
1378 2714 1452 2749 longa
1466 2713 1501 2741 sit
1524 2713 1629 2748 quando
1642 2714 1664 2741 is
1677 2713 1720 2748 qui
1734 2718 1866 2748 precatur.

1079 2761 1104 2787 in
1128 2761 1242 2795 peccatis
1258 2766 1418 2795 perseverat.
1434 2760 1503 2788 Nihil
1527 2761 1597 2788 enim
1626 2761 1714 2788 virtuti
1735 2768 1781 2795 par
1805 2765 1866 2794 est,

1078 2814 1181 2834 necnon
1207 2806 1263 2834 voci
1290 2814 1348 2842 qua:
1375 2814 1421 2841 per
1445 2813 1524 2841 opera
1549 2806 1744 2842 comprobatur.
1766 2805 1864 2834 Manus
