2068 3130
185 130 215 157 El
831 128 863 155 IN
884 127 1006 159 lSAlAM.

186 187 250 214 enim
261 191 349 218 vestrm
357 187 479 224 sanguine
490 186 571 223 plenae
583 191 639 214 sunt
652 195 660 214 :
676 186 726 214 hoc
740 191 780 214 est
790 208 796 219 ,
812 185 951 213 homicida:
966 194 974 214 :

186 238 212 259 at
227 240 277 259 non
293 233 378 264 dixit,
395 233 550 265 Homicidm,
567 233 628 266 sed,
646 232 733 260 Plenrc
751 233 890 267 sanguine.
907 231 976 258 indi-

185 285 247 304 cans
262 277 322 303 illos
335 277 461 305 meditate
476 278 589 312 peccatis
600 278 719 305 addictos
734 277 824 309 fuisse,
840 282 867 304 et
880 277 976 311 ubique

184 331 243 350 cum
256 323 435 351 vehementia.

219 369 246 396 6.
261 369 360 404 Estque
372 369 436 396 illud
451 369 659 396 mansuetudinis
682 369 738 403 ejus
753 369 889 400 indicium.
905 370 975 404 quod

182 421 242 440 cum
258 415 445 448 comminatur,
460 415 588 441 rationem
606 414 708 441 atterat.
732 415 831 442 Causas
849 415 918 442 eniut
929 415 977 442 ad-

181 460 230 492 dit,
248 467 297 486 cur
307 467 360 487 non
374 460 495 486 admittat
509 460 665 487 orationem.
677 460 718 487 16.
734 460 875 494 Lavauu‘ni,
888 461 976 488 mundi

179 511 268 533 estote.
284 506 348 538 Cur,
363 514 423 533 cutn
435 506 543 539 dixerit,
560 505 621 532 Non
645 505 712 533 ultra
729 507 853 533 remittam
875 512 976 541 peccala

181 557 277 585 vestra,
286 552 425 580 consilium
437 552 491 584 dat,
504 556 530 579 et
542 559 602 579 cum
611 551 757 579 ostenderit
778 553 848 586 ipsos
869 552 974 579 incura-

181 597 228 624 bili
245 597 338 625 tnorbo
354 598 486 629 laborare,
502 597 714 625 emendationem
730 597 852 624 inducit?
867 597 924 625 Mos
934 602 975 625 est

184 643 255 676 Deo,
271 644 350 671 etiam
364 652 424 671 cum
440 644 635 676 comminatur,
659 644 692 672 de
713 644 798 671 salute
812 644 976 679 desperatio-

181 696 243 716 nem
258 689 363 722 ell'urre,
389 694 417 717 ut
441 694 536 724 augeat
562 694 673 722 metum,
693 698 777 724 neque
793 690 836 717 hic
849 690 975 724 loquendi

184 735 262 762 tinent
275 734 373 767 facere,
396 740 423 762 ut
437 735 531 762 bonum
546 743 622 770 spem
635 735 766 769 subjiciat,
782 739 808 761 et
818 736 856 762 sic
869 743 973 762 rursum

182 781 215 808 ad
226 782 409 816 paenitentiam
419 786 537 808 revocet.
550 781 629 816 quue
642 781 738 816 ubique
747 781 802 808 ﬁeri
815 782 906 808 videre
920 786 972 808 est.

181 827 251 862 Erga
264 826 393 854 Ninivitas
405 832 475 854 certe
487 827 512 854 id
529 835 580 854 non
595 827 691 860 verbis,
706 827 752 854 sed
762 826 886 861 operibus
901 826 972 853 fecit.

182 873 277 900 Verbis
291 873 361 900 enim
376 873 441 900 nihil
455 873 516 900 boni
530 873 673 908 pollicitus,
691 873 737 900 sed
760 873 844 900 solum
870 873 972 907 suppli-

180 918 252 945 cium
278 923 338 952 post
361 918 595 946 comminationcm
618 918 712 945 adesse
734 923 896 951 monstrans,
911 918 971 953 quia

181 963 287 991 barbari
299 972 403 997 omnes,
415 972 473 999 qua:
493 972 599 991 suarum
610 964 723 999 partium
738 968 823 997 erant,
839 965 972 999 praestite-

178 1014 255 1042 runt,
265 1009 330 1036 iram
342 1010 394 1036 cito
407 1009 517 1036 sedavit.
529 1009 573 1037 Sic
585 1014 611 1036 et
620 1017 712 1037 rursus
725 1009 750 1037 in
760 1010 865 1037 Psalmo
873 1010 970 1038 David:

177 1054 234 1088 jam
248 1055 318 1081 enim
334 1055 388 1081 dixi
403 1055 488 1089 ipsum
503 1055 534 1081 iis
549 1062 656 1089 prorsus
667 1055 763 1082 similia
778 1055 860 1090 loqui,
874 1063 933 1091 qua”:
945 1056 970 1083 in

181 1101 233 1126 hoc
249 1101 377 1134 prooemio
392 1100 524 1127 habentur
538 1101 545 1116 ¹
562 1109 567 1126 :
584 1108 616 1128 ac
627 1101 695 1128 sicut
710 1100 752 1127 hic
764 1101 800 1127 ait
812 1110 818 1128 :
828 1101 969 1134 Lavamini,

179 1145 272 1171 mundi
296 1149 381 1177 estote,
405 1150 464 1180 post
487 1145 707 1173 comminationes
722 1155 729 1172 :
743 1147 781 1172 sic
796 1150 821 1172 et
841 1146 884 1173 ille
898 1151 971 1180 post-

176 1198 260 1225 quam
276 1191 388 1224 dixerat,
408 1192 519 1226 Arguam
541 1197 564 1218 te
590 1196 614 1218 et
638 1196 746 1218 statuant
767 1198 854 1218 contra
881 1193 971 1227 facient

179 1241 252 1262 tuam
265 1236 408 1271 iniquitates
419 1241 484 1267 tuas,
498 1236 599 1263 addidit
619 1245 625 1263 :
642 1236 804 1271 Sacriﬁcium
826 1238 909 1264 laudis
923 1238 971 1264 /I0-
996 1237 999 1239 ’

179 1282 321 1315 noriﬁcabil
335 1290 384 1315 me,
408 1287 431 1308 et
443 1283 495 1309 illic
517 1283 573 1316 iter,
597 1291 645 1317 quo
669 1283 798 1309 ostendant
809 1283 844 1310 eis
861 1283 972 1310 salutare

181 1326 228 1353 Dei
251 1327 342 1363 (l’sal.
370 1327 415 1355 £9.
441 1327 485 1355 21.
511 1327 579 1362 ‘25);
595 1328 699 1355 laudem
717 1336 813 1355 vocans
830 1336 906 1362 eam,
920 1337 971 1363 qua

176 1379 229 1406 per
241 1380 321 1406 opera
334 1373 417 1408 gloria
431 1373 486 1401 Deo
496 1373 608 1401 refertur
619 1393 626 1407 ,
650 1378 677 1400 et
700 1374 875 1408 cognitionem
902 1373 970 1400 divi-

178 1426 274 1445 uorum
279 1438 285 1444 .

215 1464 299 1490 Liberi
313 1465 409 1491 arbitrii
428 1469 546 1498 potestas.
565 1464 670 1491 Virtutis
683 1465 827 1492 cxercendce
839 1465 971 1500 difficulta-

178 1515 225 1535 tes.
236 1525 272 1529 —
282 1510 315 1537 Ut
329 1518 393 1537 vero
405 1518 465 1538 cum
480 1510 611 1541 audirent,
627 1511 768 1543 Lavamini,
781 1511 867 1537 mundi
882 1516 968 1543 estote,

178 1563 232 1583 non
247 1556 339 1583 solitas
357 1556 416 1583 illas
438 1556 634 1590 puriticationes
647 1557 812 1591 cogitarent,
838 1557 968 1591 subjecit:

178 1602 283 1636 Auferte
290 1601 398 1628 malitias
407 1602 437 1628 ab
443 1601 574 1628 animabus
582 1602 666 1628 vestris
676 1610 692 1628 a
702 1607 832 1636 conspectu
842 1603 971 1629 oculorum

177 1657 291 1675 uicerunt
301 1669 308 1680 ,
321 1653 414 1675 cessate
429 1657 444 1674 a
457 1649 573 1683 nequitiis
584 1650 680 1675 vestris.
694 1648 804 1675 Virtutis
816 1649 969 1677 facilitatem

178 1693 305 1725 ostendit,
326 1698 353 1721 et
373 1694 511 1728 potestatis
534 1693 688 1727 arbitrium,
712 1695 773 1730 quia
796 1703 878 1730 penes
897 1696 969 1730 ipsos

177 1744 274 1766 eratut
287 1744 461 1766 mutarctttnr.
487 1740 529 1766 17.
554 1739 648 1767 Discite
665 1741 756 1767 bonum
777 1743 867 1776 facere.
881 1741 970 1776 Usque

178 1785 284 1812 adcoex
293 1785 390 1820 ingenti
401 1785 497 1812 malitia
507 1786 612 1813 virtutis
623 1786 799 1820 cognitionem
807 1787 966 1820 abjeccrant.

176 1831 221 1857 Sic
232 1835 258 1857 et
277 1830 404 1865 propheta
421 1830 501 1858 David
522 1831 586 1857 dicit
600 1840 607 1858 :
628 1831 722 1864 Venite,
738 1831 795 1865 ﬁlii,
816 1832 901 1858 audite
912 1841 969 1858 me:

179 1876 293 1901 timorem
320 1875 421 1902 Domini
447 1875 538 1902 docebo
559 1884 601 1902 vos
625 1876 634 1911 (
648 1876 719 1903 Psal.
744 1877 788 1904 55.
814 1876 876 1913 1⁸2).
890 1878 968 1904 Omni

177 1921 277 1956 quippe
291 1921 400 1948 scientia
416 1921 472 1948 lucc
486 1922 606 1956 superior
623 1926 673 1955 est,
687 1929 745 1956 quze
758 1929 791 1949 eo
805 1923 897 1957 majori
909 1927 969 1957 eget

177 1967 276 1998 studio,
288 1967 359 2002 quod
372 1967 446 2001 plura
454 1967 549 1994 habeat
560 1967 757 2002 impedimenta,
765 1973 864 1995 natura:
873 1976 969 2003 nempe

177 2013 356 2048 tyrannidem,
373 2013 447 2040 liberi
458 2013 558 2040 arbitrii
573 2013 715 2048 ignaviam,
739 2014 888 2052 daemonum
905 2015 969 2041 insi-

176 2058 246 2090 dias,
270 2057 433 2093 nogotiorum
458 2058 571 2085 turbam.
592 2058 634 2085 Sic
650 2062 676 2085 et
692 2059 792 2085 Baruch
810 2068 816 2086 :
833 2058 881 2085 llic
899 2058 969 2086 Deus

176 2109 279 2136 noster;
302 2113 351 2131 non
371 2104 528 2140 reputabitur
540 2105 605 2131 alius
624 2104 658 2130 ad
671 2105 848 2131 cunninvenit
871 2112 969 2131 onmem

176 2152 243 2177 viam
257 2151 376 2177 scientias.
390 2149 521 2185 Exquirite
533 2150 655 2183 iudicium
670 2150 798 2186 (Baruclt.
814 2150 840 2177 5.
850 2151 893 2178 56.
906 2150 967 2185 57).

177 2197 234 2224 lloc
251 2201 302 2230 est,
318 2197 421 2232 injuriis
443 2196 551 2224 atfectos
565 2196 666 2229 ulcisci,
681 2204 731 2231 qua
744 2197 770 2223 in
785 2204 813 2224 re
828 2197 909 2224 multo
928 2198 968 2223 la-

177 2244 244 2271 bore
258 2248 285 2271 et
299 2244 368 2278 vigili
387 2243 476 2270 animo
496 2247 537 2270 est
549 2250 625 2277 opus.
642 2242 703 2270 ideo
726 2242 803 2275 dixit,
825 2241 967 2275 Exquirite.

176 2290 259 2317 Multa
282 2290 352 2317 enim
375 2294 445 2322 sunt,
472 2297 530 2324 quas
550 2288 677 2324 justitiam
700 2289 851 2322 obscurent,
874 2295 969 2322 nempe

176 2337 263 2369 dona,
282 2336 445 2371 ignorantia,
465 2335 593 2370 potentia,
609 2335 694 2370 pudor
705 2355 712 2367 ,
729 2335 824 2368 timor,
842 2342 968 2369 persona-

176 2391 236 2410 rum
261 2382 363 2414 cultus;
389 2389 419 2409 ac
441 2381 522 2408 multa
546 2388 614 2416 opus
635 2386 675 2408 est
697 2381 840 2415 vigilantia.
857 2380 969 2407 Liberale

177 2436 235 2455 eum
249 2428 292 2462 qui
306 2427 400 2461 injuria
426 2427 540 2462 afﬁcitur.
556 2426 611 2454 Hoc
625 2427 710 2461 majus
730 2431 771 2453 est
792 2427 879 2460 priore
896 2434 967 2455 :non

175 2475 248 2502 enim
261 2475 341 2514 exigit
354 2479 383 2501 ut
393 2473 463 2508 justa
483 2473 671 2505 decoruantur,
694 2473 739 2500 sed
763 2477 792 2500 ut
813 2473 846 2500 ad
869 2473 968 2500 exitum

175 2522 258 2548 etiam
275 2520 460 2555 perducantur.
486 2519 603 2546 Judicate
625 2519 760 2554 pupillum,
785 2523 808 2545 et
830 2519 970 2553 justi/ictuc

176 2568 288 2593 viduam.
303 2566 411 2593 Multam
428 2565 508 2592 habet
520 2565 648 2592 rationem
673 2565 752 2598 Deus,
778 2572 812 2591 ne
837 2564 967 2599 quispiam

177 2614 247 2640 male
259 2613 390 2648 patiatur;
403 2612 528 2647 majorem
542 2619 613 2644 vero,
628 2619 686 2638 cum
697 2611 715 2638 ii
728 2611 771 2646 qui
787 2611 854 2638 male
866 2610 968 2645 patiun-

209 2695 215 2710 '
235 2693 263 2718 In
274 2697 363 2722 Graec,
382 2698 434 2723 ἱφθηγ
446 2696 478 2722 τὰρ
490 2697 557 2723 γιὶιὼν,
575 2695 604 2723 ἦτι
680 2693 703 2714 δι’
715 2694 757 2714 mu
769 2698 794 2718 τῷ
810 2695 897 2720 πμοιμιίιῃ
912 2696 966 2713 τηῦτο

173 2733 274 2755 mum.
287 2721 368 2754 Porro,
377 2721 446 2754 juxta
458 2722 568 2755 Boisium,
582 2721 713 2755 legendum
726 2723 771 2755 est,
782 2725 834 2755 ῥλος,
844 2726 895 2755 pro,
904 2725 967 2755 stag,

174 2750 209 2785 et,
223 2762 283 2787 τοίη-ιε
291 2775 297 2785 ,
310 2750 366 2787 pro,
377 2750 430 2787 2553a
438 2773 444 2782 ,
457 2756 482 2787 et
493 2754 528 2787 sic
538 2750 626 2787 sensus
643 2751 723 2787 evadit
733 2751 826 2780 clarior,
848 2750 967 2787 siquidem

173 2781 230 2812 talis
242 2782 281 2811 est
291 2781 299 2809 ἓ
311 2781 370 2810 Itum
381 2784 444 2810 enim
455 2783 509 2808 diri
520 2783 583 2812 quod
595 2785 655 2807 totus
668 2781 785 2812 Psalmus,
802 2788 892 2812 nempe
904 2784 966 2805 XLIX

173 2790 230 2812 tatis
242 2790 281 2811 est
293 2793 299 2809 ε
313 2790 370 2810 Jam
381 2791 444 2810 emat
455 2790 509 2808 am
536 2790 582 2807 uoa
595 2790 655 2807 totus
668 2790 785 2810 Hunnus,
802 2790 892 2812 nempe
904 2790 966 2805 λιιιλ

172 2818 205 2842 dc
215 2823 348 2850 quorsupra
360 2817 455 2840 locutus
466 2818 513 2844 est,
520 2790 581 2839 [inuia
590 2812 704 2845 protentio
713 2811 798 2838 similis
809 2811 840 2837 sit
854 2818 863 2836 .'
875 2817 966 2843 nempe

173 2848 291 2879 praemio
302 2848 382 2872 Isaiae.

1028 128 1068 155 CA
1074 128 1102 156 P.
1124 129 1145 157 I.
1783 144 1819 172 ῃ

1031 190 1083 219 tur,
1099 187 1148 214 alia
1164 188 1319 217 circumdati
1333 196 1392 219 sunt
1403 194 1563 224 calamitate.
1581 197 1700 228 Viduitas
1708 201 1779 229 enim
1791 209 1820 232 et

1030 234 1164 268 pupillaris
1182 239 1246 262 actas
1259 243 1308 271 per
1321 244 1350 265 se
1364 244 1425 267 sunt
1435 241 1615 271 intolerabiles
1629 253 1636 272 2
1653 252 1713 273 cum
1727 249 1820 273 autem

1029 280 1063 306 ab
1075 280 1134 307 aliis
1147 281 1244 309 damno
1256 283 1424 318 afficiuntur,
1450 292 1512 314 tunc
1533 289 1631 324 duplex
1650 297 1692 319 est
1713 295 1821 320 naufra-

1029 325 1111 360 gium.
1128 327 1171 354 18.
1187 329 1220 355 Et
1240 331 1335 363 venite,
1360 337 1384 358 et
1403 332 1577 368 disceptamus,
1603 337 1663 363 dicit
1686 337 1819 366 Dominus.

1029 372 1228 401 Observandum
1243 380 1283 402 est
1298 377 1394 411 ubique
1407 379 1473 413 apud
1492 381 1635 415 prophetas
1650 382 1714 409 nihil
1738 384 1820 411 Deum

1029 420 1064 446 ita
1075 421 1220 454 requirere,
1238 430 1315 457 quam
1328 428 1355 450 ut
1373 419 1466 459 injuria
1485 426 1569 453 aﬂ’ccti
1584 428 1760 457 vindicentur.
1777 430 1820 457 Sic

1029 470 1055 492 ct
1081 465 1160 498 alibi,
1185 471 1214 494 ut
1237 469 1306 502 apud
1333 469 1469 497 Miclueam
1483 471 1632 500 dicentibus
1652 474 1751 501 Judteis
1767 484 1774 502 :
1790 475 1820 503 Si

1029 510 1093 537 dabo
1106 511 1270 546 primogenita
1285 522 1339 540 mea
1352 523 1397 549 pro
1418 515 1544 550 impietate
1556 526 1620 551 utea,
1634 521 1743 554 fructum
1756 522 1820 548 uteri

1028 556 1076 582 mei
1089 565 1134 590 pro
1145 563 1246 591 peccato
1258 560 1348 586 animo:
1363 568 1424 587 mete
1434 560 1523 596 (Mich.
1537 563 1562 590 6.
1575 564 1600 590 7.
1614 564 1653 600 8),
1666 566 1800 599 subjunxit
1811 575 1817 593 :

1028 602 1188 629 Annuntiabo
1202 605 1254 636 tibi,
1269 606 1353 637 Itonto,
1365 607 1425 639 quid
1435 608 1466 633 sit
1478 608 1578 640 bonum,
1590 616 1613 637 et
1625 611 1685 646 quid
1697 611 1819 639 Dominus

1027 650 1137 684 requirat
1154 658 1170 676 a
1185 656 1216 681 te,
1232 651 1280 677 nisi
1295 657 1321 677 ut
1333 653 1413 687 facias
1421 653 1557 688 judicium,
1573 660 1597 681 et
1614 657 1706 692 diligas
1718 658 1817 685 miseri-

1027 694 1150 727 cordiam,
1164 700 1186 721 et
1199 701 1304 730 paratus
1317 699 1351 723 sis
1364 698 1397 724 ad
1408 698 1588 726 ambulandum
1603 706 1659 735 post
1679 701 1817 729 Dominum

1027 739 1109 766 Deum
1119 745 1198 767 tuum.
1212 742 1251 769 Ac
1265 750 1356 770 rursus
1381 745 1508 778 propheta
1525 745 1605 773 David
1627 742 1731 774 dicebat
1745 756 1752 774 :
1766 747 1817 774 Mi-

1026 786 1187 813 sericordiam
1204 790 1227 813 'et
1245 788 1371 822 judicium
1392 790 1496 817 cantabo
1523 792 1576 824 tibi,
1605 791 1712 819 Domine
1725 793 1814 829 (Psal.

1028 833 1088 860 100.
1107 833 1151 868 1).
1167 833 1201 860 Et
1216 835 1304 861 venite.
1320 835 1461 870 Postquam
1483 836 1717 871 justilicatiOnibus
1743 847 1817 866 com-

1027 880 1148 912 munivit,
1161 884 1222 907 tunc
1245 880 1278 907 ad
1293 879 1405 908 tribunal
1420 882 1500 909 trahit
1514 891 1521 911 :
1535 888 1562 910 et
1574 888 1712 918 postquam
1726 885 1816 912 docuit

1026 925 1158 960 quomodo
1172 926 1282 954 crimina
1294 931 1401 968 exuant,
1419 931 1480 955 tunc
1503 930 1618 956 rationes
1635 931 1765 964 exposuit,
1781 939 1816 960 ne

1027 971 1085 998 illos
1099 971 1252 999 defensioue
1274 973 1413 1000 destitutos
1433 975 1630 1008 reprehendens
1644 976 1813 1004 condemnet.

1027 1017 1058 1044 Et
1073 1017 1246 1052 disceptemus.
1267 1018 1369 1046 Judicio
1381 1021 1580 1053 contendamus,
1600 1022 1636 1048 ait
1650 1022 1668 1048 '.
1680 1022 1730 1056 Qui
1740 1022 1813 1058 judi-

1024 1063 1066 1090 cio
1075 1064 1211 1091 contendit
1231 1065 1260 1091 tit
1275 1069 1400 1099 patronus
1422 1070 1449 1093 et
1471 1066 1599 1094 medicus.
1627 1067 1728 1096 Deinde
1753 1076 1813 1096 cum

1024 1109 1187 1137 declarasset
1202 1117 1250 1136 nos
1264 1111 1366 1137 etiamsi
1388 1119 1481 1146 magna
1496 1119 1576 1146 opera
1599 1111 1750 1146 fecerimus,
1764 1114 1811 1141 ad-

1025 1155 1075 1182 huc
1089 1155 1145 1189 ejus
1160 1155 1299 1182 clementia
1312 1163 1379 1190 opus
1390 1155 1498 1189 habere,
1514 1161 1543 1183 ut
1568 1164 1583 1183 a
1606 1158 1722 1191 peccatis
1747 1158 1813 1185 libe-

1025 1207 1123 1231 remur,
1140 1201 1176 1226 ait
1191 1209 1197 1226 :
1214 1200 1244 1227 Si
1258 1201 1350 1235 fuerint
1370 1207 1471 1236 peccata
1484 1206 1564 1228 vestra
1578 1202 1641 1228 sicut
1653 1203 1812 1236 vermiculus,

1023 1246 1095 1281 quasi
1105 1246 1184 1272 nivem
1202 1245 1322 1272 dealbabo
1336 1254 1345 1272 :
1358 1254 1389 1273 ex
1405 1246 1535 1274 diatttetro
1548 1248 1683 1281 oppositas
1699 1248 1812 1282 qualita-

1025 1297 1063 1319 tes
1077 1299 1223 1324 assumens,
1247 1292 1429 1327 pollicitusque
1446 1300 1475 1320 se
1489 1293 1514 1319 iu
1528 1294 1692 1320 contrarium
1715 1294 1739 1320 id
1756 1301 1814 1320 utu-

1024 1342 1146 1365 taturum.
1163 1338 1194 1364 Si
1209 1343 1291 1364 autem
1304 1344 1329 1365 ut
1350 1339 1487 1371 coccinum,
1499 1339 1570 1374 quasi
1584 1339 1668 1366 lanam
1681 1338 1810 1366 dealbabo.

1023 1384 1115 1418 Magna
1138 1384 1177 1410 vis
1205 1383 1319 1418 praasidii
1346 1391 1408 1417 erga
1431 1383 1523 1411 viduas
1537 1383 1656 1414 exhibiti.
1682 1383 1811 1418 siquidem

1023 1430 1137 1457 animam
1152 1430 1184 1457 ita
1198 1430 1342 1461 sordidam,
1365 1435 1392 1456 ut
1412 1430 1535 1465 nequitia:
1550 1430 1689 1457 tincturam
1704 1438 1813 1465 acoepe-

1023 1478 1067 1510 rit,
1084 1485 1136 1504 tton
1150 1477 1230 1504 modo
1246 1477 1337 1504 liberat
1352 1484 1366 1503 a
1379 1477 1487 1509 malitia,
1510 1477 1556 1504 sed
1575 1477 1653 1504 etiam
1676 1477 1710 1504 ita
1723 1477 1814 1511 splen-

1023 1524 1110 1552 didam
1130 1524 1218 1552 et‘ticit.
1235 1524 1276 1552 i9.
1294 1523 1326 1550 Et
1346 1524 1368 1550 si
1390 1523 1530 1554 volueritis,
1546 1529 1569 1550 et
1582 1523 1743 1550 exattdicritis
1761 1531 1812 1555 me,

1023 1571 1088 1598 bona
1114 1576 1187 1598 terra:
1208 1570 1350 1597 comedetis.
1368 1569 1412 1597 20.
1441 1569 1472 1596 Si
1495 1574 1579 1595 autem
1606 1568 1745 1601 nolueritis,
1768 1577 1813 1595 nec

1023 1617 1183 1644 exaudieritis
1193 1625 1241 1649 me,
1256 1617 1356 1652 gladius
1367 1615 1493 1642 devorabit
1507 1623 1559 1642 vos.
1577 1614 1612 1641 0s
1624 1615 1690 1641 enim
1709 1613 1813 1641 Domini

1023 1664 1155 1697 loquutum
1179 1667 1215 1689 est
1230 1663 1291 1689 lucc.
1315 1662 1381 1695 Quia
1408 1662 1478 1688 enim
1503 1659 1678 1690 crassioribus
1699 1668 1751 1687 non
1777 1660 1811 1687 ita

1023 1708 1138 1743 optabile
1150 1712 1176 1735 et
1187 1707 1331 1742 jucundum
1346 1707 1448 1734 videtur
1458 1706 1563 1733 liberari
1574 1714 1589 1733 a
1603 1705 1812 1740 peccatis,quam

1023 1754 1055 1782 iis
1066 1754 1115 1781 frui
1137 1754 1224 1786 bonis,
1240 1761 1298 1788 qua:
1316 1752 1342 1779 in
1365 1753 1488 1787 pratsenti
1503 1752 1554 1778 vita
1569 1751 1629 1778 talia
1643 1758 1702 1778 esse
1717 1750 1812 1777 viden-

1023 1804 1081 1832 tur,
1097 1807 1157 1827 cutn
1173 1799 1224 1826 illis
1240 1798 1296 1826 haec
1311 1798 1391 1825 etiam
1413 1796 1541 1832 promittit
1554 1806 1561 1824 :
1576 1803 1636 1823 nam
1651 1796 1701 1822 hoc
1721 1802 1753 1822 ex
1767 1794 1812 1821 illo

1022 1845 1129 1880 pendet.

1058 1893 1083 1919 7.
1105 1891 1204 1919 Deinde
1218 1890 1360 1918 ostendens
1375 1897 1452 1925 quam
1467 1889 1549 1916 facilis
1562 1888 1595 1915 sit
1609 1887 1692 1914 virtus
1704 1907 1711 1920 ,
1723 1886 1748 1913 in
1764 1893 1813 1912 vo-

1023 1937 1123 1964 luntate
1136 1940 1237 1963 tantum
1253 1936 1323 1962 illam
1339 1935 1422 1970 ponit.
1440 1933 1472 1962 Ut
1486 1941 1520 1961 ne
1531 1938 1619 1961 autem
1635 1941 1668 1960 ex
1681 1933 1811 1959 bonorum

1022 1982 1274 2010 commemoratione
1288 1982 1391 2008 animos
1408 1980 1535 2011 solveret,
1549 1986 1641 2006 rursus
1660 1978 1686 2006 in
1703 1977 1811 2006 terribi-

1023 2029 1090 2057 libus
1102 2035 1250 2056 sermonem
1266 2026 1428 2055 concludens
1437 2046 1444 2056 .
1458 2026 1538 2053 ﬁdem
1554 2024 1617 2052 facit
1631 2024 1688 2059 ejus
1700 2023 1788 2051 virtuti
1802 2044 1811 2056 ,

1022 2076 1066 2110 qui
1087 2074 1144 2102 haec
1166 2073 1353 2108 pronuntiavit.
1377 2071 1422 2098 21.
1446 2070 1578 2104 Quomodo
1597 2072 1663 2105 facta
1679 2074 1716 2096 est
1733 2076 1812 2095 ntere-

1022 2123 1072 2149 trix
1087 2122 1173 2148 civitas
1186 2120 1268 2155 ﬁdelis
1282 2119 1365 2147 Sion?
1379 2117 1534 2152 Hujusmodi
1555 2116 1666 2151 qumstio
1680 2119 1707 2142 et
1719 2114 1812 2142 dicen-

1023 2168 1056 2195 tis
1070 2167 1201 2199 dolorem,
1214 2170 1240 2193 et
1259 2167 1391 2200 ingentem
1405 2163 1557 2191 Judaaorum
1571 2161 1751 2196 stupiditatem
1763 2160 1810 2187 de-

1021 2215 1112 2246 clarat,
1121 2220 1230 2248 remque
1242 2217 1338 2247 prteter
1350 2218 1424 2246 spem
1439 2209 1566 2237 accidisse
1580 2207 1674 2235 innuit.
1684 2206 1812 2234 Similiter

1021 2260 1119 2287 Paulus
1130 2259 1200 2286 circa
1213 2257 1321 2285 Galatas
1334 2256 1430 2283 dubius
1443 2254 1573 2289 exquirit:
1588 2253 1668 2280 Miror
1681 2252 1748 2286 quod
1761 2257 1811 2278 tant

1021 2305 1070 2332 cito
1082 2303 1261 2338 transferimini
1276 2302 1379 2339 (Galat.
1396 2301 1421 2328 1.
1437 2299 1470 2335 6)
1484 2309 1490 2327 :
1507 2299 1533 2326 id
1545 2298 1615 2334 quod
1630 2297 1769 2326 accusandi
1785 2302 1812 2324 et

1022 2349 1144 2384 hortandi
1164 2349 1266 2384 species
1281 2352 1321 2375 est
1340 2352 1369 2374 ut
1381 2347 1414 2374 ad
1428 2346 1552 2373 virtutem
1566 2347 1686 2372 revocet.
1700 2342 1810 2370 Etiamsi

1021 2397 1092 2425 enim
1107 2396 1203 2423 mirum
1214 2394 1290 2423 estid
1301 2393 1371 2429 quod
1383 2393 1490 2425 dicitur,
1505 2391 1583 2419 laude
1594 2395 1682 2418 tamen
1699 2389 1810 2417 mixtum

1022 2447 1072 2475 est,
1089 2443 1126 2469 sic
1141 2440 1337 2468 accusationem
1351 2438 1521 2467 accusatione
1538 2436 1686 2472 graviorem
1700 2435 1809 2462 iaciens.

1021 2487 1078 2515 Non
1093 2487 1162 2514 enim
1178 2487 1213 2513 ita
1226 2486 1388 2521 exagitamus
1403 2491 1450 2511 eos
1464 2483 1508 2519 qui
1522 2482 1620 2510 nullius
1637 2485 1699 2509 sunt
1722 2480 1811 2516 pretii,

1022 2534 1153 2568 vitamque
1167 2533 1260 2567 ignave
1275 2535 1365 2567 agunt,
1383 2535 1411 2558 ut
1430 2537 1477 2558 eos
1488 2530 1532 2565 qui
1546 2529 1619 2564 prius
1634 2528 1738 2556 virtutis
1750 2532 1807 2555 stu-

1022 2580 1089 2608 diosi
1112 2579 1278 2610 videbantur.
1304 2583 1330 2605 et
1356 2577 1537 2612 improborum
1559 2575 1685 2610 deinceps
1706 2581 1807 2602 morem

1022 2626 1124 2661 sequuti
1138 2629 1208 2653 sunt.
1225 2625 1389 2653 Meretricem
1402 2629 1490 2651 autem
1503 2623 1545 2651 hic
1555 2628 1641 2656 vocat,
1653 2629 1706 2649 non
1716 2628 1811 2656 corpo—

1047 2747 1055 2762 ¹
1068 2745 1095 2769 In
1117 2745 1177 2773 Reg.
1190 2745 1245 2773 post
1261 2748 1337 2772 grzeca
1350 2740 1428 2773 verba
1440 2739 1600 2773 διιᾳσώμεθα,
1614 2737 1692 2773 opsiti,
1709 2734 1776 2771 addit
1789 2742 1794 2758 :

1013 2767 1124 2802 Καὶ
1139 2767 1198 2798 εἶξᾶιῦ
1216 2767 1282 2803 ttch
1296 2774 1320 2806 uti.
1341 2771 1463 2806 ἁμαρτίαι,
1482 2771 1513 2805 ᾡς
1530 2767 1662 2823 ῧοινικὸῦν,
1679 2769 1710 2794 ὡς
1729 2768 1798 2797 χιόνα

1014 2807 1120 2823 summa:
1146 2805 1235 2823 Varum
1247 2809 1293 2823 non
1307 2809 1330 2823 In
1344 2802 1418 2823 Savrl.
1434 2807 1480 2823 nec
1491 2807 1516 2823 tn
1554 2801 1616 2823 orel.
1630 2798 1760 2823 habentur,
1772 2799 1797 2821 ct

1014 2798 1129 2831 λέὖξιᾶἆῶ.
1146 2798 1237 2828 Verum
1247 2809 1293 2826 nec
1307 2802 1330 2826 in
1344 2798 1418 2832 S‘avil.
1434 2807 1480 2832 nec
1491 2800 1516 2824 in
1530 2798 1616 2823 Morel.
1630 2798 1760 2827 habentur,
1772 2799 1797 2821 ct

1015 2841 1196 2868 supervacanea
1208 2835 1248 2859 hic
1260 2839 1315 2858 esse
1326 2838 1357 2856 ex
1368 2831 1434 2857 serie
1447 2831 1570 2856 videntur.
