2068 3130
246 153 282 178 επ
627 148 655 176 s.
675 146 815 176 JOANNIS
833 140 1072 173 cunvsosrout
1092 140 1251 168 AItClllEP.
1271 140 1536 169 CONSTANTINOP.
1848 134 1882 162 9-1

249 220 321 240 reatu
332 211 504 240 subindicans
517 208 662 240 lasciviam,
672 207 718 234 scd
734 206 865 242 ingratum
880 212 940 239 erga
956 203 1039 230 Deum

250 258 378 291 animum,
395 264 454 292 qua:
472 255 612 283 fornicatlo
626 254 732 289 gravior
750 257 791 280 est
812 252 866 280 illa.
893 251 949 278 Illic
969 250 1041 277 enim

250 303 331 330 homo
350 301 510 330 contumelia
526 300 651 334 afficitur,
668 299 711 327 hic
724 299 796 326 Deus
810 297 996 326 contemnitur.
1014 295 1040 323 ω

250 353 339 376 autem
362 353 388 375 et
412 348 456 375 hic
481 352 507 375 et
523 346 567 374 alii
583 352 676 373 omnes
697 344 832 380 prophetae
850 342 948 371 faciunt
962 350 969 369 :
981 341 1042 377 quia

253 394 324 421 Deus
339 393 426 420 mariti
442 393 502 420 loco
521 391 584 420 huic
606 391 704 418 civitati
731 389 854 424 dignatus
875 392 916 416 est
938 386 1040 418 haberi,

252 439 412 467 ineffabilem
440 446 514 466 suam
541 445 603 473 erga
631 437 691 464 illos
714 435 883 463 dilectionem
905 441 1043 462 common-

252 491 358 512 strans:
375 485 468 519 illique
481 488 510 511 ut
521 483 554 511 de
568 484 624 510 viro
638 487 665 510 et
680 489 762 509 uxore
773 488 844 516 saepe
853 480 1041 515 loquebantur,

252 539 305 559 non
320 535 347 558 ut
361 531 386 558 in
409 530 551 557 humanam
568 529 715 556 crassitiem
735 533 888 554 sermonem
907 525 1042 560 deprime-

251 580 322 609 rent,
338 575 385 603 sed
401 579 428 602 ut
446 575 504 602 illos
525 582 573 609 per
587 581 629 602 res
644 573 694 600 sibi
709 572 853 600 familiares
866 571 898 598 ad
914 571 1044 606 cognitio—

252 629 313 649 ncm
327 621 427 648 amoris
450 621 495 648 Dei
511 620 673 648 deducerent
686 627 693 651 ;
709 619 785 646 simul
797 625 860 645 vero
874 617 1043 652 turpitudinis

250 667 428 702 appellatione
443 667 502 694 illos
514 667 647 694 incessere
658 664 790 692 volebant.
805 664 921 697 Fidelis;
937 663 987 691 hoc
1001 667 1043 690 est

251 713 304 747 pia,
319 717 344 740 et
355 713 427 740 omni
440 713 535 740 virtute
548 712 637 747 plena,
652 711 722 747 unde
737 711 816 738 etiam
832 711 918 745 palam
930 715 970 738 est
981 717 1042 737 cum

251 767 305 786 non
325 759 359 786 de
375 759 547 786 fornicatione
569 765 697 793 corporea
716 758 808 793 loqui;
824 758 889 784 alias
912 757 983 784 enim
1003 757 1044 783 di-

250 806 344 839 xisset,
360 805 458 834 Civitas
471 809 560 837 casta;
576 804 602 832 id
616 805 688 832 enim
703 805 795 832 luisset
806 804 939 831 meretrici
958 811 1043 838 oppo-

253 852 332 878 situm
346 859 355 878 :
370 859 441 880 nunc
463 858 550 879 autem
573 851 717 879 ostendens
737 858 766 878 se
780 858 826 885 per
841 850 1043 877 fornicationem

251 897 419 924 subindicare
442 897 615 932 impietatem,
633 897 711 924 fidem
729 896 779 931 ipsi
800 895 980 923 adversariam
994 903 1043 930 po-

251 943 313 969 suit.
338 942 421 970 Plena
439 943 552 978 judicii;
573 943 598 970 id
623 947 673 974 est,
700 942 777 976 plena
799 942 918 977 justitiae.
941 942 1044 969 Rursus

252 987 397 1014 maximum
410 988 522 1021 crimen,
538 996 591 1015 non
602 988 671 1022 quod
687 987 720 1014 ad
734 987 886 1015 universam
899 987 1043 1022 nequitiam

253 1031 431 1064 defecissent,
457 1032 503 1059 sed
521 1033 591 1068 quod
609 1033 757 1060 universam
771 1033 896 1060 virtutem
911 1032 1043 1067 prodidis—

252 1081 321 1109 sent,
333 1081 361 1104 et
372 1085 466 1106 omnes
478 1077 608 1106 bonorum
624 1078 728 1106 divitias
739 1078 879 1106 confertim
891 1086 906 1106 e
921 1078 1044 1106 manibus

253 1123 422 1157 abjecissent,
443 1124 475 1151 ad
496 1129 641 1152 extremam
656 1125 786 1152 malorum
801 1129 983 1160 paupertatem
999 1125 1045 1153 de-

253 1169 325 1203 jecti.
340 1169 372 1196 In
389 1178 439 1204 qua
456 1170 558 1205 justitia
577 1171 695 1206 requievit
716 1172 742 1198 in
765 1179 804 1198 ea.
823 1171 927 1203 Mansit.
948 1172 1042 1206 inquit,

254 1214 391 1248 habitavit,
412 1215 439 1242 id
463 1220 513 1249 cst,
539 1216 655 1250 plantata
677 1221 727 1250 est,
748 1217 850 1244 radices
869 1218 969 1252 posuit,
984 1226 1044 1245 cum

254 1260 390 1288 alacritate
412 1261 445 1288 ab
463 1261 585 1289 omnibus
605 1262 707 1289 civibus
728 1263 910 1290 exercebatur.
928 1263 955 1291 ln
972 1264 1044 1298 prio-
1064 1263 1073 1265 ”

254 1307 326 1334 ribus
338 1307 458 1335 laudibus
469 1308 634 1341 immoratur,
642 1309 720 1336 simul
737 1316 836 1343 augens
848 1311 1044 1338 accusationem

253 1352 288 1380 de
299 1354 453 1386 mutatione,
464 1353 593 1381 etbonam
602 1361 675 1389 spem
687 1354 840 1389 subjicions,
848 1356 1045 1392 ostendensque

256 1398 334 1426 facile
348 1399 418 1433 ipsos
432 1406 509 1433 posse
525 1400 550 1426 in
567 1400 708 1434 pristinum
724 1405 822 1428 statum
839 1402 951 1429 restitui.
970 1402 1046 1430 Nunc

252 1449 338 1472 autem
352 1446 531 1479 interfectores.
548 1446 692 1473 Homicida:
703 1467 710 1479 ,
727 1446 772 1474 ait.
787 1447 832 1473 22.
849 1447 986 1483 Argentum
1004 1458 1046 1476 ve-

256 1495 335 1516 strum
355 1491 496 1525 reprolmm.
512 1491 538 1518 ld
555 1495 604 1524 est,
620 1491 687 1518 male
700 1491 831 1526 signatum
843 1513 849 1524 ,
862 1493 1026 1527 illegitimum
1036 1515 1044 1528 ,

257 1536 362 1563 falsum.
378 1537 510 1572 Caupones
528 1538 563 1564 tui
575 1538 678 1565 miscent
690 1538 773 1565 vinum
788 1546 863 1573 aqua.
880 1539 945 1572 Quia
961 1539 986 1566 in
1000 1548 1046 1567 ex-

257 1582 332 1609 ordio
345 1591 437 1610 eorum
454 1583 597 1618 nequitiam
615 1591 667 1611 non
683 1584 818 1618 speciatim
831 1585 982 1618 recensuit;
999 1585 1045 1613 scd

255 1628 293 1654 ait
306 1628 365 1655 illos
379 1628 589 1663 contempsisse,
606 1636 697 1656 semen
718 1630 867 1664 improbum
881 1637 940 1658 esse
952 1651 958 1662 ,
976 1635 1002 1658 et
1016 1631 1046 1657 fi-

256 1675 305 1701 lios
325 1674 445 1709 iniquos,
463 1674 532 1709 quod
546 1676 693 1703 convicium
707 1676 844 1703 videbatur
864 1683 922 1703 esse
942 1677 1028 1711 potius

256 1729 335 1756 quam
355 1722 488 1748 accusatio
505 1730 512 1748 :
534 1721 577 1749 hic
598 1722 780 1749 accusationes
804 1722 941 1756 speciatim
964 1731 1047 1750 enun-

257 1767 318 1799 tiat,
333 1772 360 1793 et
379 1766 464 1801 primo
474 1788 481 1800 ,
498 1767 568 1802 quod
585 1772 625 1794 est
639 1772 666 1794 et
680 1767 792 1802 primum
805 1768 935 1796 malorum
949 1774 974 1796 et
990 1777 1047 1796 me-

257 1813 329 1840 dium
344 1817 371 1840 et
381 1817 529 1840 extremum
541 1834 548 1846 ,
564 1814 700 1840 avaritiam
712 1835 718 1845 ,
735 1818 762 1841 et
776 1814 846 1841 circa
862 1819 936 1849 pacta
950 1823 1048 1849 caupo-

258 1859 359 1886 nariam
372 1863 466 1886 artem.
482 1859 516 1886 At
528 1859 633 1892 quidam
649 1859 808 1886 ineffabilem
823 1859 868 1886 Dei
890 1860 1046 1894 sapientiam

258 1912 310 1931 non
329 1905 516 1938 intelligentcs,
538 1904 589 1932 ltoc
601 1912 648 1939 per
663 1912 798 1939 anagogeu
817 1905 916 1932 dictum
937 1913 1048 1941 accepe-

257 1955 329 1978 runt.
354 1951 446 1986 Neque
467 1952 550 1981 enim.
577 1951 660 1984 aiunt,
683 1959 794 1986 magnus
812 1952 856 1979 ille
880 1956 907 1979 et
927 1952 1048 1980 sublimis

258 1996 339 2023 Isaias
347 1996 380 2024 de
391 1996 626 2024 nummulariorum
635 1995 748 2030 vafritie,
756 2002 781 2024 et
790 1998 823 2024 de
833 2004 980 2032 cauponum
990 2006 1049 2026 cor-

258 2041 360 2076 ruptela
374 2041 496 2076 loquutus
510 2041 602 2068 fuisset
617 2050 623 2068 :
645 2041 690 2068 sed
705 2046 844 2076 argentum
862 2042 903 2070 hic
914 2043 978 2070 dicit
992 2044 1049 2071 elo-

259 2087 319 2120 quia
336 2086 381 2113 Dei
394 2107 401 2117 ,
416 2091 442 2113 et
457 2087 547 2113 vinum
562 2086 710 2113 doctrinam
723 2107 730 2119 ,
751 2094 829 2121 quam
853 2083 1049 2122 permiscebaut

258 2139 321 2159 suas
340 2133 468 2160 addentes
481 2133 643 2168 disciplinas.
662 2133 718 2168 Ego
733 2141 797 2161 vero
811 2134 880 2162 hanc
891 2136 1048 2171 explicatio-

258 2185 318 2205 nem
343 2186 395 2205 non
421 2179 558 2213 improbo,
575 2179 622 2206 sed
643 2180 720 2207 aliam
745 2180 875 2208 veriorem
897 2188 955 2209 esse
976 2182 1047 2210 dico.

258 2223 315 2251 Non
331 2224 411 2250 modo
424 2224 494 2251 enim
508 2231 560 2251 non
576 2224 711 2259 indignum
724 2226 855 2260 propheta
866 2231 893 2253 et
906 2226 939 2254 de
953 2228 1049 2256 talibus

260 2270 342 2304 loqui.
359 2270 404 2297 sed
419 2270 494 2297 valde
506 2270 613 2304 dignum
628 2275 655 2297 et
670 2271 714 2298 illo
728 2276 757 2298 et
772 2271 819 2299 Dei
834 2272 1005 2308 benignitate.
1017 2274 1049 2301 Et

257 2315 320 2350 quid
344 2323 410 2351 opus
431 2321 473 2342 est
495 2315 576 2342 multa
595 2315 710 2343 dicere?
724 2316 790 2343 Cum
812 2318 883 2344 enim
897 2319 1049 2353 unigenitus

260 2362 305 2389 Dei
320 2362 400 2388 Filius
414 2361 552 2388 sublimem
565 2362 678 2389 atterens
688 2362 834 2390 doctrinam
846 2364 962 2398 advenit,
975 2372 1050 2392 cum-

258 2415 310 2442 que
323 2407 469 2442 angelieum
483 2407 544 2434 vita:
564 2407 712 2434 institutum
733 2408 954 2437 disseminaturus
965 2415 1047 2444 esset,

259 2460 312 2479 non
335 2459 417 2487 pauca
442 2457 467 2479 et
482 2458 537 2487 ipse
559 2452 592 2479 dc
616 2453 749 2481 mensuris
767 2453 902 2487 disseruit,
919 2455 1003 2491 deque
1017 2457 1049 2484 iis

259 2506 318 2531 qua:
340 2498 432 2525 viliora
460 2498 619 2526 videbantur
636 2507 706 2532 esse,
730 2500 764 2527 de
788 2501 1000 2534 salutationibus,
1015 2503 1049 2530 de

258 2545 347 2572 medio
373 2545 431 2572 loco
450 2545 498 2580 (α),
521 2545 554 2573 de
579 2546 665 2580 primo
688 2547 819 2575 accubitu.
840 2547 905 2575 Nam
920 2549 976 2576 lucc
990 2558 1049 2584 quae

259 2592 352 2626 exigua
371 2591 495 2619 videntur
506 2601 574 2625 esse,
593 2594 613 2620 si
636 2594 810 2629 negliguntur,
826 2596 912 2630 magni
928 2602 1050 2631 peccato-

259 2645 317 2664 rum
335 2637 439 2665 fomites
457 2643 528 2666 sunt.
544 2639 619 2673 Quod
635 2640 656 2666 si
679 2640 704 2666 iu
720 2640 793 2667 Novo
809 2640 979 2668 Testamento
993 2643 1050 2670 luce

290 2705 326 2736 (ιι)
343 2705 371 2730 In
381 2709 469 2737 armet),
481 2715 582 2737 am,
594 2710 648 2731 Itmc
659 2710 727 2731 recte
740 2711 805 2732 notat
817 2708 916 2733 savilius
926 2709 970 2734 hoc
979 2709 1030 2735 loco
1042 2718 1048 2735 :

263 2745 274 2759 α
286 2746 385 2769 μεσαςμω
397 2736 488 2769 medios
499 2737 604 2762 incessus
622 2737 761 2769 significat;
775 2739 816 2769 qui
841 2739 906 2764 locus
929 2745 967 2765 est
987 2741 1050 2766 inter

260 2766 428 2800 amlmlatnlum
441 2766 655 2800 honoratissimus?
668 2769 724 2792 inde
739 2766 796 2793 illud
810 2769 964 2800 imperatoris
975 2772 1004 2796 ad
1021 2772 1050 2796 lt-

260 2798 355 2822 liortum
368 2805 437 2822 suum
450 2799 514 2823 inter
525 2799 586 2824 tinos
597 2802 725 2824 senatores
744 2798 852 2824 medium
866 2802 1030 2827 ambulantem
1042 2810 1048 2827 :

260 2835 340 2875 funeri
352 2833 374 2875 te
383 2829 459 2875 [Auget
469 2829 531 2854 inter
541 2837 582 2855 eos
597 2830 701 2855 medium
717 2830 838 2860 incedere,
850 2838 952 2863 quorum
969 2840 1051 2859 seri-us

261 2865 311 2884 csse
319 2865 406 2891 poteris
416 2865 428 2884 .7
439 2868 450 2883 ν

1096 198 1232 234 dirigenda
1247 191 1332 233 erant,
1348 200 1432 227 multo
1448 201 1532 235 magis
1546 200 1571 227 in
1583 199 1684 234 Veteri,
1698 200 1806 236 quando
1815 208 1889 229 cras-

1094 247 1180 273 siores
1195 247 1330 274 auditores
1345 251 1433 280 erant,
1448 252 1475 274 et
1490 250 1543 274 tota
1555 246 1660 274 illorum
1672 247 1733 274 vitae
1744 249 1812 276 ratio
1824 249 1889 278 hinc

1096 292 1246 326 regebatur,
1258 299 1318 319 cum
1330 293 1443 327 populus
1458 292 1499 319 his
1512 293 1596 326 magis
1609 292 1771 327 erudiretur,
1782 298 1811 321 ut
1826 303 1890 329 pro—

1095 338 1221 365 culonmi
1237 338 1354 372 nequitia
1369 342 1450 371 esset,
1465 343 1491 365 et
1506 339 1532 366 in
1556 338 1629 366 nullo
1649 339 1798 373 proximum
1814 338 1888 366 frau-

1095 382 1181 415 daret,
1199 391 1286 418 neque
1304 391 1352 418 per
1371 384 1466 411 malam
1482 384 1553 411 illam
1577 385 1765 420 cauponariam
1786 393 1888 421 paupe-

1096 429 1180 456 riores
1191 430 1363 464 opprimeret.
1522 460 1527 463 _

1131 474 1157 501 8.
1173 474 1219 502 llis
1238 483 1352 510 namque
1374 475 1501 510 neglectis
1524 484 1594 511 saepe
1609 476 1728 505 civitates
1742 479 1890 510 subversas,

1096 525 1122 547 et
1138 520 1269 554 principes
1284 520 1317 548 de
1331 521 1397 548 solio
1410 521 1542 549 deturbati
1553 527 1624 556 sunt,
1637 523 1757 558 bellaque
1772 524 1892 561 inexpiav

1098 565 1159 592 bilia
1185 567 1310 593 suscitata
1332 575 1339 594 :
1357 567 1581 602 quemadmodum
1603 568 1644 596 his
1666 564 1812 597 observatis
1838 578 1888 604 pax

1097 612 1179 640 multa
1193 617 1219 640 et
1234 613 1410 648 tranquillitas
1425 614 1483 647 fuit,
1498 622 1600 642 necnon
1616 616 1744 643 securitas
1759 617 1791 643 ad
1807 617 1891 644 virtu-

1096 663 1150 686 tem
1173 659 1318 687 deducens.
1340 659 1384 688 25.
1402 660 1534 696 Principes
1557 662 1593 688 tui
1614 662 1801 697 inobsequentes
1820 669 1890 691 sunt.

1096 705 1217 733 Maxima:
1250 706 1413 741 trgritudinis
1436 713 1463 733 et
1489 708 1668 742 perversitatis
1698 709 1802 743 signum
1829 715 1888 743 est,

1096 752 1202 788 quando
1213 752 1308 780 medici
1323 754 1431 781 morbos
1443 753 1574 788 adaugent
1586 754 1635 791 (α).
1649 755 1802 790 Principum
1818 757 1890 783 enim

1096 804 1137 827 est
1151 800 1239 835 populi
1254 799 1398 828 dissolutos
1417 808 1506 828 mores
1521 809 1701 837 compescere,
1724 807 1795 830 recte
1819 803 1892 830 ordi-

1096 853 1171 879 nare,
1184 846 1322 882 ipsumque
1332 847 1435 882 legibus
1446 847 1672 882 obtemperantem
1687 849 1798 877 reddere
1809 859 1816 876 :
1829 857 1891 878 cum

1096 896 1185 919 autem
1200 893 1248 927 ipsi
1259 893 1338 927 primi
1351 893 1423 928 leges
1437 894 1676 929 transgrediuntur,
1687 895 1820 930 quomodo
1830 896 1891 924 aliis

1096 936 1219 965 doctores
1240 937 1356 965 fuerint?
1379 939 1444 966 Illud
1462 940 1545 973 enim,
1567 940 1760 976 lnobsaqneutes
1779 947 1848 976 sunt,
1864 942 1891 969 id

1097 989 1147 1017 est,
1163 984 1220 1012 Non
1235 985 1416 1020 obsequuntur
1431 986 1492 1021 legi,
1509 992 1640 1022 praecepta
1652 995 1705 1015 non
1720 993 1845 1016 servant:
1863 989 1889 1016 id

1097 1030 1167 1065 quod
1179 1031 1259 1058 etiam
1274 1031 1372 1059 Paulus
1384 1032 1448 1066 ipsis
1462 1032 1564 1059 crimini
1579 1033 1624 1060 dat
1637 1033 1727 1061 dicens
1743 1043 1748 1060 :
1767 1034 1816 1067 Qui
1829 1043 1890 1070 ergo

1097 1075 1175 1102 alium
1188 1076 1271 1109 doces,
1285 1078 1391 1109 teipsum
1409 1085 1459 1104 non
1471 1078 1544 1104 doces
1559 1078 1643 1113 (Rom.
1656 1079 1683 1106 2.
1696 1079 1742 1113 2|)
1753 1079 1764 1105 τ
1778 1079 1890 1113 Quando

1097 1129 1161 1156 ergo
1176 1121 1252 1148 radix
1266 1127 1390 1156 corrupta
1406 1122 1494 1154 fuerit.
1509 1123 1543 1151 de
1562 1125 1643 1153 ramis
1656 1125 1718 1160 quid
1734 1125 1795 1152 boui
1806 1126 1891 1160 conji-

1097 1166 1172 1193 cias?
1185 1167 1256 1194 Socii
1270 1169 1366 1202 furum.
1383 1168 1509 1195 Accessio
1521 1169 1648 1202 criminis,
1661 1171 1730 1205 quod
1740 1179 1791 1198 non
1803 1172 1888 1199 solum

1098 1213 1167 1240 mala
1183 1220 1235 1240 non
1250 1219 1400 1246 coerceant,
1422 1214 1469 1241 sed
1489 1220 1599 1242 conatus
1614 1216 1640 1242 in
1654 1217 1814 1244 contrarium
1829 1226 1890 1245 vcr-

1099 1263 1164 1292 tant,
1185 1267 1238 1286 non
1253 1252 1333 1287 modo
1353 1260 1424 1288 fures
1448 1269 1499 1288 non
1521 1264 1755 1297 oppugnent,-sed
1779 1269 1805 1292 ct
1826 1265 1890 1300 ipsis

1096 1303 1251 1339 iungantur,
1268 1313 1301 1333 ex
1314 1305 1445 1333 diametro
1465 1307 1613 1341 oppositam
1634 1309 1722 1336 virtuti
1744 1310 1890 1344 principum

1099 1351 1242 1385 nequitiam
1257 1351 1396 1380 adeuntes.
1414 1351 1551 1387 Diligentes
1566 1361 1680 1380 munera.
1700 1355 1788 1382 Altera
1804 1357 1892 1390 gravis

1099 1395 1202 1429 species
1214 1395 1290 1423 famis
1302 1397 1369 1430 auri,
1386 1405 1444 1431 qua:
1460 1397 1574 1425 fucatum
1590 1399 1696 1433 quidem
1718 1401 1798 1428 habet
1814 1409 1893 1436 argu-

1100 1446 1228 1474 mentum,
1246 1442 1293 1469 sed
1316 1443 1506 1470 benet’olentire
1520 1444 1629 1472 obtentu
1645 1451 1790 1474 extremam
1806 1449 1893 1474 avari-

1100 1488 1162 1514 tiam
1187 1488 1285 1523 prodit.
1314 1488 1493 1524 Pet-sequentes
1516 1490 1713 1519 retributionem.
1738 1492 1891 1520 Memoriam

1100 1533 1255 1567 iujuriarum
1269 1542 1331 1569 erga
1356 1535 1478 1563 inimicos
1493 1543 1639 1570 servantes,
1656 1538 1723 1565 maia
1747 1539 1893 1568 retribuere

1100 1584 1229 1607 conantur
1244 1580 1275 1608 iis
1288 1581 1332 1615 qui
1345 1589 1374 1609 se
1389 1581 1482 1617 injuria
1497 1582 1651 1617 affecerunt,
1665 1592 1724 1619 quae
1747 1591 1788 1613 cst
1801 1586 1893 1622 ingens

1100 1625 1206 1652 malitia:
1229 1627 1331 1660 species
1351 1636 1358 1654 :
1379 1628 1551 1662 quamobrem
1575 1637 1627 1656 non
1649 1630 1676 1657 in
1697 1630 1770 1658 Novo
1792 1637 1893 1661 tantum

1100 1671 1282 1704 Testamento,
1297 1673 1344 1700 sed
1357 1674 1435 1700 etiam
1452 1674 1477 1701 iu
1492 1675 1592 1708 Veteri,
1610 1684 1704 1711 magno
1719 1678 1806 1705 studio
1818 1687 1894 1706 coer-

1100 1724 1184 1744 cetur.
1202 1718 1327 1745 Malitiam
1340 1719 1422 1751 enim,
1443 1720 1536 1754 inquit,
1560 1722 1669 1756 proximi
1685 1724 1724 1750 sui
1746 1732 1776 1750 ne
1799 1730 1895 1752 revocet

1101 1765 1204 1799 quisque
1218 1770 1325 1792 uestrum
1346 1765 1373 1792 in
1398 1766 1473 1792 corde
1490 1775 1535 1793 suo
1554 1767 1644 1802 (Zach.
1662 1769 1687 1794 7.
1705 1769 1761 1803 10).
1783 1770 1823 1797 Ab
1844 1771 1895 1800 hoc

1101 1809 1171 1836 enim
1186 1810 1310 1845 nequitiae
1324 1818 1422 1845 genere
1440 1819 1534 1846 purum
1555 1820 1614 1840 esse
1631 1819 1737 1848 oportet
1756 1816 1893 1850 populum,

1101 1855 1237 1891 multoque
1252 1857 1336 1892 magis
1359 1858 1516 1893 principem,
1540 1861 1584 1894 qui
1608 1861 1720 1888 subditis
1746 1863 1770 1889 in
1793 1863 1894 1897 judicio

1101 1901 1247 1936 praecipere
1261 1902 1349 1934 debet,
1365 1909 1393 1930 ut
1406 1909 1505 1937 ponant
1521 1905 1681 1940 inimicitias,
1702 1915 1734 1934 ne
1759 1913 1850 1942 portus
1868 1909 1893 1936 in

1101 1947 1240 1980 scopulum
1253 1952 1380 1975 vertatur.
1399 1948 1510 1983 Pupillis
1524 1958 1574 1977 non
1584 1951 1738 1984 judicantcs.
1755 1953 1781 1981 ld
1797 1960 1848 1986 est,
1863 1955 1895 1982 iis

1101 1999 1154 2019 non
1168 1993 1375 2028 patrocinantes,
1391 1999 1418 2021 ut
1429 1994 1474 2029 jus
1492 2002 1568 2023 suum
1583 1997 1730 2028 obtineant.
1754 1999 1895 2036 Eljudicio

1102 2038 1233 2065 viduarum
1246 2047 1296 2066 non
1310 2040 1474 2067 attendentes.

1139 2084 1200 2112 Non
1212 2085 1286 2112 modo
1303 2087 1398 2113 malum
1412 2093 1566 2122 perpetrare,
1589 2089 1633 2115 sed
1645 2089 1719 2116 etiam
1738 2091 1830 2118 bonum
1844 2101 1894 2120 non

1102 2139 1176 2166 agere
1190 2132 1288 2158 crimini
1302 2132 1387 2159 datur.
1400 2147 1436 2152 -—
1447 2133 1659 2168 Observandum,
1679 2144 1733 2164 non
1748 2139 1826 2165 modo
1840 2147 1882 2166 ma

1103 2176 1157 2203 lum
1173 2182 1336 2212 perpetrare,
1352 2178 1398 2205 sed
1412 2179 1491 2206 etiam
1506 2180 1606 2208 bonum
1620 2190 1673 2209 non
1689 2190 1776 2217 agere,
1791 2185 1883 2212 criinin

1102 2222 1169 2256 dari,
1185 2223 1408 2257 quemadmodum
1419 2225 1498 2252 etiam
1513 2226 1538 2253 in
1554 2226 1628 2254 Novo
1639 2228 1817 2257 Testamento.
1829 2231 1892 2259 Nam

1102 2269 1147 2303 qui
1161 2270 1321 2298 esurientem
1337 2278 1389 2297 nou
1401 2271 1484 2304 alunt,
1500 2279 1551 2298 non
1567 2274 1628 2307 quia
1641 2274 1726 2301 aliena
1740 2282 1891 2310 rapuerunt,

1103 2315 1148 2342 sed
1163 2315 1222 2350 quia
1238 2323 1284 2342 sua
1298 2317 1389 2350 egenis
1403 2325 1455 2343 nou
1466 2324 1617 2352 erogarunt,
1631 2319 1656 2346 iu
1667 2320 1795 2354 geltcnnu:
1808 2322 1893 2356 ignem

1103 2361 1261 2388 mittuntur:
1281 2361 1319 2389 sic
1333 2361 1412 2396 igitur
1429 2362 1456 2390 lii
1477 2371 1547 2391 nunc
1568 2364 1732 2399 incusantur,
1755 2373 1807 2394 non
1825 2367 1893 2401 quod

1103 2407 1196 2434 alienis
1207 2407 1283 2434 bonis
1299 2408 1409 2441 inhient,
1427 2417 1478 2436 non
1493 2410 1562 2444 quod
1579 2411 1675 2445 injuste
1690 2413 1806 2446 potentia
1820 2418 1894 2440 utan-

1105 2457 1154 2485 tur,
1171 2453 1217 2480 scd
1231 2453 1301 2487 quod
1320 2454 1410 2488 egenis
1423 2454 1568 2482 officiosam
1585 2464 1691 2484 manum
1707 2465 1759 2485 non
1775 2459 1892 2486 tendant.

1103 2498 1147 2525 2L
1166 2497 1273 2533 Propter
1292 2499 1339 2525 ltoc
1361 2499 1414 2526 lia'c
1433 2500 1493 2527 dicit
1515 2500 1665 2529 Dominator
1679 2502 1804 2531 Dominus
1825 2503 1893 2532 Sub-

1103 2543 1188 2577 lmoth,
1205 2549 1291 2579 potens
1305 2544 1387 2572 Israel
1403 2554 1411 2572 .'
1427 2546 1450 2573 id
1471 2551 1521 2580 est,
1544 2548 1643 2582 populi.
1663 2548 1720 2576 Non
1740 2550 1797 2576 sine
1814 2558 1893 2578 causa

1104 2589 1178 2620 illud,
1197 2590 1300 2623 Potens,
1313 2593 1410 2626 posuit,
1427 2592 1472 2619 sed
1488 2593 1514 2620 in
1530 2594 1684 2621 memoriam
1701 2601 1829 2623 revocans
1843 2596 1895 2624 illis

1136 2681 1172 2716 ((ι)
1186 2681 1213 2706 iu
1221 2684 1347 2716 Graecoqs;
1359 2683 1694 2716 νςσους-ζῃιερίεωσινςιῇφτιηιῑιιε
1700 2686 1783 2713 vertit,
1791 2685 1894 2716 inferunt

1103 2713 1205 2747 morbos:
1215 2713 1259 2736 Sed
1272 2713 1360 2747 melius
1371 2713 1525 2747 intelligitur,
1537 2714 1559 2738 ni
1576 2713 1754 2747 fallormtorbos
1764 2713 1893 2747 (ldﬂilﬂc'ﬂl,

1104 2743 1168 2779 till-in
1176 2743 1317 2779 diuturnius
1329 2748 1426 2779 tempus
1438 2745 1580 2773 extrahant;
1594 2745 1632 2779 vel
1648 2745 1710 2770 forte
1722 2747 1758 2771 sic
1776 2743 1848 2777 possit
1858 2743 1893 2772 in;

1104 2773 1191 2806 telligi.
1206 2773 1229 2797 in
1241 2773 1328 2799 morbis
1340 2773 1385 2805 ipsi
1395 2779 1534 2805 versantur;
1547 2782 1601 2806 quae
1617 2777 1688 2805 interi
1699 2773 1788 2802 relatio
1808 2778 1894 2803 nielius

1104 2804 1223 2837 qttmirure
1235 2805 1331 2829 videtur
1343 2806 1371 2829 ad
1389 2812 1418 2829 ea
1429 2813 1484 2837 qua:
1496 2804 1639 2836 sequuntur.
1653 2804 1698 2832 sed
1715 2809 1733 2832 si
1754 2809 1789 2833 sic
1804 2809 1894 2833 intelli-

1105 2835 1210 2870 gendum
1223 2839 1298 2870 esset,
1312 2837 1399 2867 aliquid
1412 2835 1486 2861 seriei
1506 2835 1593 2862 (uaccae
1604 2838 1740 2863 addendum
1761 2840 1893 2870 videretur.

1105 2866 1173 2890 γυψὶ
1187 2867 1272 2897 ενίιιὶη,
1286 2873 1309 2896 si;
1321 2873 1353 2895 τάς
1365 2874 1426 2897 vomu;
1437 2874 1554 2899 ίπιτρὶντυσιν.
