2068 3130
167 143 170 146 4
191 101 226 129 9.Ξῖ
845 105 877 133 IN
896 105 1022 137 lSAIAM.
1043 108 1116 137 CAP.
1138 109 1158 136 Ι.
1789 116 1823 143 ‘26

188 169 229 193 ea,
244 168 305 195 quae
319 165 418 196 praeter
429 168 504 197 spem
518 163 674 197 consequuti
689 166 761 196 sunt,
773 162 911 197 beneﬁcia,
926 172 987 198 grn-

187 214 298 242 vesque.
311 215 381 243 quas
396 207 466 243 passi
475 212 547 242 sunt,
561 215 664 244 poenas.
678 207 745 241 Quia
758 208 830 237 enim
843 216 904 236 cum
915 217 987 244 sa-pe
1006 226 1018 232 -

187 257 215 281 et
227 253 311 281 multa
334 258 500 289 peccassent,
516 259 543 282 et
557 261 679 290 magnam
699 255 747 282 Dei
763 254 916 290 patientiam
936 263 984 282 ex-

187 299 255 334 perti
276 304 378 333 essent,
406 299 435 328 in
458 299 589 336 ignaviam
613 300 772 333 inciderunt,
795 300 822 328 id
842 305 916 328 certe
930 300 986 327 vult

186 345 335 379 declarare,
349 346 422 381 quod
436 346 560 374 videlicet
575 347 670 382 possit,
691 347 798 382 quando
813 346 879 379 vult,
895 347 983 375 vindi-

186 396 257 419 ctam
271 399 390 426 sumere,
415 393 473 420 sine
492 392 547 420 ulla
561 397 669 422 servata
688 393 815 429 temporis
833 393 874 422 vel
886 401 984 429 oppor-

187 438 309 466 tunitatis
320 439 473 472 occasione,
489 438 536 466 sed
550 439 639 466 omnia
661 439 713 467 sibi
732 446 839 475 semper
853 445 944 475 parata
956 444 983 467 et

185 483 220 511 ad
234 492 344 512 manum
357 492 427 513 esse.
443 483 488 512 Va:
498 485 605 521 fortibus
617 485 702 513 Israel
714 494 724 514 :
736 494 787 514 non
799 486 865 514 enim
877 486 983 514 cessabit

187 531 259 565 fumr
271 539 341 558 meus
359 536 447 558 contra
459 531 578 559 inimicos
597 540 676 559 meos.
690 531 758 565 Quid
772 532 842 560 enim
857 532 982 561 miserius

186 576 229 609 iis,
243 576 289 612 qui
301 576 384 604 Deum
398 576 498 605 habent
508 577 665 605 inimicum?
677 577 739 605 Non
752 578 868 612 cessabit,
885 579 979 614 inquit,
1001 583 1003 586 ‘

185 631 240 652 non
259 627 291 651 ut
308 623 335 652 in
356 623 570 659 desperationem
589 624 730 659 conjiciat,
750 625 797 653 sed
811 629 840 652 ut
859 625 981 653 timorem

184 677 287 705 augens
298 670 331 697 ad
347 670 529 705 paenitentiam
540 675 628 698 vocet.
645 670 711 698 Nam
727 671 783 703 illo,
799 671 861 699 Non
876 671 982 699 cessabit

185 717 269 751 furor,
285 716 428 744 terribilius
442 721 483 744 est
495 716 569 750 illud,
583 716 677 744 Contra
689 716 804 744 inimicos
816 725 895 745 meos.
907 717 980 746 Nihil

183 762 258 790 enim
275 763 312 790 ita
326 762 409 790 Deum
432 761 466 790 ad
490 762 556 790 iram
578 763 713 790 concitare
736 763 814 796 solet,
830 768 859 790 ut
882 763 979 799 injuria

184 808 349 843 pauperibus
368 808 448 836 facta.
478 807 521 836 Vw
545 812 635 836 autem
657 808 764 844 fortibus
786 808 907 843 dicebat,
926 817 979 837 non

183 853 256 889 quod
271 854 427 889 potentiam,
440 855 487 883 sed
501 854 572 890 quod
585 855 729 890 potentiam
743 855 778 883 ad
791 855 891 884 malum
904 856 981 884 adhi-

184 900 268 928 bitam
282 901 476 929 criminaretur.
498 901 693 930 Fortitudinem
713 909 779 930 vero
792 901 836 930 hic
850 910 903 930 non
919 910 981 930 cor-

183 946 258 981 poris
270 946 342 980 dicit,
358 946 406 974 sed
419 953 478 974 eam
494 947 638 982 potentiam
651 955 710 982 quae
723 955 757 976 ex
773 948 853 976 rebus
865 942 980 977 circum-

183 993 317 1020 stantibus
332 992 443 1027 paritur.
459 993 492 1020 Et
500 993 627 1028 judicium
639 994 734 1029 faciant
746 995 778 1022 de
789 995 895 1023 inimicis
906 996 976 1023 meis.

183 1038 301 1066 Plectam
315 1039 436 1067 inimicos
450 1047 536 1073 meos,
559 1039 682 1068 inimicos
701 1048 764 1069 suos
775 1049 875 1069 vocans
889 1042 977 1070 inimi-

182 1092 231 1112 cos
250 1092 408 1120 pauperum,
429 1086 474 1121 qui
498 1086 550 1113 illis
569 1086 694 1113 damnum
716 1086 834 1115 inferunt
851 1096 858 1114 :
873 1087 900 1115 id
915 1096 978 1116 vero

182 1130 290 1158 dicebat
304 1136 333 1158 ut
345 1131 433 1159 discas
446 1131 582 1166 injustitim
597 1133 817 1168 magnitudinem.
829 1133 874 1161 25.
889 1133 924 1161 Et
937 1134 978 1161 in-

182 1178 277 1204 ducam
294 1186 396 1205 manth
416 1187 498 1206 meum
514 1187 592 1214 super
612 1184 645 1213 te,
660 1184 683 1207 et
696 1188 834 1216 exaequant
849 1186 873 1208 te
884 1181 918 1208 ad
930 1190 978 1218 pu-

181 1232 251 1250 rum.
267 1223 302 1252 Ut
321 1225 418 1258 discas,
433 1225 632 1261 qualiscumque
645 1226 680 1253 sit
692 1225 731 1253 ira
750 1226 797 1254 Dei
810 1232 837 1254 et
849 1227 975 1262 vindicta,

181 1277 241 1297 eam
257 1277 310 1297 non
324 1269 350 1297 in
363 1270 472 1302 malum.
487 1274 514 1298 et
532 1276 562 1298 ut
576 1279 662 1306 preme
678 1271 825 1299 inferantur
837 1273 922 1300 solum
936 1273 979 1301 in-

182 1317 247 1352 ﬂigi,
263 1318 310 1346 sed
330 1322 359 1346 ut
381 1318 399 1346 ii
421 1318 464 1354 qui
488 1318 632 1354 puniuntur
656 1318 689 1346 ad
714 1319 850 1347 meliorem
873 1319 976 1354 frugem

181 1369 351 1391 revocentur.
370 1363 404 1391 Et
419 1372 554 1399 excoquat"
577 1369 610 1397 te,
625 1364 720 1400 inquit,
743 1365 778 1392 ad
794 1373 895 1400 purum.
917 1365 975 1394 Non

180 1416 247 1444 ergo
260 1417 319 1436 cum
333 1410 502 1444 castigantur,
519 1409 565 1437 sed
582 1416 641 1437 cum
663 1417 813 1443 peccamus,
824 1418 871 1438 nos
885 1410 977 1439 dolere

180 1462 230 1489 par
242 1460 283 1482 est
299 1464 306 1482 :
321 1455 384 1482 illud
403 1455 474 1483 enim
492 1455 596 1489 sordes,
619 1455 671 1483 hoc
690 1457 871 1491 purgationem
894 1458 973 1492 parit.

180 1501 249 1536 Quid
265 1506 353 1528 autem
367 1505 418 1534 est,
433 1501 474 1528 Ad
488 1502 599 1537 purum?
614 1501 648 1530 Ut
661 1509 695 1530 ne
710 1503 852 1538 vestigium
867 1503 973 1539 quidem

180 1547 268 1574 sordis
283 1547 308 1574 in
324 1552 350 1574 te
364 1552 479 1575 maneat.
499 1547 576 1581 Quod
598 1548 669 1575 enim
686 1555 751 1575 auro
772 1549 840 1584 ignis
856 1553 908 1583 est,
924 1549 976 1577 hoc

181 1594 283 1629 ignavis
295 1595 464 1629 supplicium.
490 1594 666 1622 lnobedientes
687 1603 745 1622 vero
760 1595 873 1631 perdam,
889 1600 912 1623 et
925 1604 974 1623 au-

180 1643 261 1676 ferunt
271 1649 357 1668 omnes
369 1641 483 1668 inimicos
493 1649 509 1668 α
521 1645 555 1674 te,
566 1645 591 1668 et
601 1649 686 1668 omnes
693 1641 813 1676 superbos
823 1642 971 1670 Itumiliabo.

179 1685 231 1719 Qui
245 1686 326 1718 enim,
343 1686 438 1721 inquit,
460 1686 642 1714 insanabiliter
655 1690 794 1722 :cgrotant,
811 1695 861 1715 nec
875 1687 975 1722 suppli-

178 1732 229 1759 ciis
245 1731 353 1765 cedunt,
370 1732 397 1759 hi
412 1732 543 1767 peribunt.
557 1731 623 1759 Nam
642 1739 701 1767 qua:
723 1732 822 1759 utilitas
833 1740 867 1760 ex
880 1739 973 1760 eorum

179 1778 242 1811 vita,
257 1778 374 1812 quando,
387 1778 450 1805 dum
466 1778 567 1809 vivunt,
583 1782 610 1805 et
624 1777 673 1805 sibi
686 1782 714 1805 et
726 1777 786 1806 aliis
798 1777 973 1806 insidiantur?

179 1824 229 1857 Qui
243 1828 330 1852 autem
343 1832 376 1852 ex
387 1832 480 1852 eorum
493 1823 623 1860 supplicio
637 1823 760 1852 meliores
778 1824 834 1852 fieri
850 1828 972 1859 possunt,

179 1872 198 1899 ii
223 1871 379 1899 manebunt.
406 1871 456 1899 Hic
479 1878 559 1906 porro
580 1870 645 1898 mihi
666 1870 770 1897 videtur
792 1870 973 1905 captivitatem

178 1916 359 1945 subindicare.
374 1916 419 1944 26.
436 1916 469 1944 Et
481 1916 619 1952 prteﬁciam
626 1915 728 1950 judices
740 1920 805 1948 tuos,
818 1916 882 1943 sicut
891 1916 971 1952 prius,

177 1968 202 1991 et
214 1962 373 1991 consiliarios
385 1961 530 1996 tuos,'sicut
544 1962 576 1988 ab
587 1962 670 1989 initio.

214 2009 241 2036 9.
255 2008 304 2036 Hic
316 2008 431 2036 reditum
444 2007 592 2035 annuntiat.
607 2007 641 2035 lis
653 2007 724 2035 enim
734 2008 779 2043 qui
789 2006 974 2035 insanabiliter

177 2054 345 2090 :egrotabant
354 2053 475 2088 sublatis,
487 2059 515 2082 et
524 2054 557 2082 iis
566 2054 611 2089 qui
622 2053 831 2089 resipiscentiam
846 2053 974 2081 exhibere

177 2104 302 2137 poterant
321 2099 490 2134 emendatis,
512 2103 661 2135 opportune
679 2099 809 2135 reliquam
829 2099 973 2127 curationis

177 2147 297 2182 speciem
316 2146 426 2174 adhibet
442 2155 449 2173 :
464 2153 496 2174 ea
516 2150 557 2174 est
574 2146 744 2181 probatorum
760 2145 907 2182 principum
922 2145 972 2173 do-

177 2193 305 2226 minatus,
316 2196 343 2220 ct
353 2192 565 2220 consiliariorum
576 2191 706 2219 bonorum
717 2191 808 2226 copia;
822 2195 852 2219 ut
860 2199 974 2227 corpore

178 2239 306 2267 remediis
327 2239 455 2272 cedente,
475 2238 637 2274 medicisque
657 2237 765 2273 optimis
789 2237 972 2271 adstantibus;

177 2285 253 2313 urbis
267 2289 357 2320 partes
370 2284 486 2319 undique
500 2283 533 2311 ad
547 2284 688 2311 sanitatem
702 2289 899 2311 revocarentur.
912 2283 973 2311 Non

177 2333 250 2360 enim
264 2339 376 2367 parvqu
397 2330 519 2359 beneﬁcii
538 2338 622 2366 genus
636 2335 694 2364 est,
710 2330 843 2366 principes
855 2330 973 2358 nancisci

177 2380 272 2406 bonos.
286 2378 319 2405 Et
332 2383 388 2414 post
398 2379 452 2406 lucc
462 2378 590 2405 vocaberis
599 2378 686 2405 ciuitas
696 2377 814 2412 justitiw,
827 2377 973 2411 metropolis

178 2425 244 2453 Sion
264 2425 357 2460 ﬁdelis.
381 2424 462 2459 Atqui
484 2430 614 2458 nuSquam
638 2423 786 2457 reperimus
809 2423 859 2450 hoc
875 2430 972 2450 nomen

178 2472 237 2499 urbi
259 2471 488 2506 Jerosolymorum
504 2469 625 2497 inditum.
642 2468 710 2502 Quid
728 2476 792 2503 ergo
805 2467 972 2496 dixerimus?

179 2518 253 2545 lianc
268 2516 476 2552 appellationem
490 2523 524 2543 ex
537 2514 617 2542 rebus
632 2515 696 2549 ipsis
712 2514 748 2541 illi
761 2514 891 2541 attribuit.

211 2563 364 2590 Judarorum
375 2561 509 2596 objectioni
518 2561 692 2596 respondetur.
701 2574 736 2579 —
744 2559 810 2586 illud
820 2567 883 2586 vero
896 2558 973 2586 nobis

179 2617 230 2637 non
242 2617 335 2644 parum
349 2608 415 2635 utile
429 2607 489 2640 erit,
503 2614 563 2634 cum
578 2606 662 2634 Judtei
675 2613 690 2632 a
705 2605 782 2633 nobis
795 2610 885 2640 petent
899 2605 972 2632 vocis

180 2655 334 2683 Emmanuel
364 2653 624 2688 interpretationem.
657 2651 738 2679 Isaias
765 2659 879 2686 namque
907 2649 973 2678 dixit

178 2701 309 2729 Christum
324 2701 364 2728 sic
379 2699 528 2727 vocandum
542 2698 599 2726 fore
609 2719 616 2731 ,
633 2702 659 2725 et
675 2702 763 2725 tamen
778 2704 921 2732 numquam
934 2696 972 2724 sic

177 2752 285 2776 vocatus
297 2752 350 2780 est,
366 2745 578 2781 respondeamus
590 2744 665 2779 ipsis,
681 2751 741 2771 eum
757 2743 865 2775 dixisse,
882 2750 972 2770 rerum

179 2794 399 2829 signiﬁcationem
421 2792 503 2827 ipsius
526 2798 623 2818 nomen
645 2798 704 2818 esse
726 2789 801 2823 (lsai.
816 2790 842 2816 ’1.
865 2789 904 2824 6).
927 2789 973 2816 Sic

174 2840 253 2868 etiam
267 2840 312 2867 hic
327 2837 490 2867 faciendum.
506 2837 550 2864 27.
567 2837 629 2864 Cum
643 2835 742 2871 judicio
756 2835 820 2863 enim
835 2833 972 2861 salvabitur

1038 166 1172 200 captivitas
1185 168 1248 203 ejus,
1268 171 1292 193 et
1312 174 1369 193 cum
1393 166 1575 194 misericordia.
1594 167 1657 194 Cum
1669 167 1779 201 judicio.
1795 167 1823 196 id

1036 218 1078 239 est
1087 232 1094 244 ,
1115 220 1177 241 cum
1189 213 1302 241 vindicta
1314 234 1320 245 ,
1335 213 1453 240 cruciatu
1466 218 1494 240 et
1505 213 1637 248 supplicio
1648 213 1830 245 inimicorum.

1036 255 1100 286 Cum
1112 259 1301 291 misericordia,
1326 258 1377 286 hoc
1395 262 1454 292 est,
1475 266 1535 286 cum
1556 259 1638 286 multa
1653 259 1829 295 benignitate.

1037 304 1094 332 Duo
1112 305 1155 332 hic
1169 306 1234 340 ipsis
1248 306 1362 333 maxima
1376 305 1445 333 dona
1460 305 1601 340 pollicetur
1612 326 1620 339 ,
1645 305 1746 334 scilicet
1764 310 1826 335 tunc

1035 357 1129 385 pmnas
1146 351 1255 379 daturos
1277 358 1324 379 eos
1338 351 1383 387 qui
1403 359 1432 378 se
1454 351 1638 385 abduxerant,
1660 356 1775 387 tuncque
1797 359 1826 380 se

1035 396 1118 424 multa
1139 395 1267 425 fruituros
1291 404 1351 425 esse
1375 396 1520 430 felicitate,
1543 404 1657 432 quorum
1684 402 1826 434 utrumque

1035 442 1147 470 seorsim
1160 451 1282 478 magnam
1299 447 1385 478 potest
1398 442 1494 470 aﬁ‘erre
1507 443 1670 478 voluptatem
1683 451 1762 471 zeum
1776 451 1825 471 au-

1036 494 1089 517 tem
1102 489 1181 517 ambo
1194 490 1394 523 concurrerint,
1418 489 1604 517 inenarrabilis
1625 489 1716 518 laetitia
1734 489 1824 518 fuerit.

1034 535 1148 563 Aliunde
1160 543 1225 563 vero
1238 535 1381 564 ostendere
1396 535 1504 570 volens,
1520 540 1580 571 post
1594 536 1698 571 longam
1712 536 1825 571 captivi-

1035 583 1116 607 tatem
1131 587 1188 613 eos,
1201 588 1253 608 non
1267 581 1336 616 quod
1346 581 1440 616 dignas
1452 588 1544 615 ptenas
1554 580 1685 614 dederint,
1695 589 1745 609 nec
1754 582 1824 616 quod

1034 629 1141 660 peccata
1164 633 1211 653 sua
1233 626 1405 661 expiaverint,
1430 625 1477 653 sed
1501 631 1612 661 propter
1636 626 1825 662 benignitatem

1033 673 1091 705 Dei,
1105 673 1131 700 in
1146 681 1220 701 suam
1232 673 1324 702 reduci
1336 678 1444 705 terram,
1459 681 1519 709 quae
1534 674 1606 701 salus
1621 674 1706 709 magis
1719 678 1761 702 est
1775 674 1827 701 mi-

1032 719 1196 754 sericordiaz,
1211 727 1291 755 quam
1305 719 1486 747 retributionis
1500 719 1541 747 vel
1553 719 1655 754 praemii
1666 740 1673 753 ,
1689 719 1749 747 ideo
1763 719 1826 747 sub-

1029 764 1126 800 junxit,
1142 764 1176 792 Et
1191 773 1248 792 eum
1260 764 1439 792 misericordia.
1455 764 1500 793 28.
1522 764 1556 792 Et
1575 769 1732 792 conterentur
1745 765 1825 800 iniqui

1031 816 1054 839 et
1066 816 1208 847 peccatores
1229 812 1316 839 simul.
1330 811 1419 839 Tertia
1434 811 1492 839 haec
1507 816 1548 840 est
1561 812 1664 846 species
1679 811 1801 840 beneﬁcii
1814 833 1822 845 ,

1030 859 1100 894 quod
1115 852 1197 886 nemo.
1208 859 1242 886 sit
1254 858 1300 894 qui
1313 858 1427 886 abducat
1441 862 1468 885 et
1481 858 1507 885 in
1525 857 1646 886 fraudem
1661 858 1764 891 trahat,
1778 858 1824 885 sed

1030 904 1154 940 nequitia:
1167 904 1290 932 doctores
1308 903 1342 931 de
1363 903 1451 931 medio
1464 903 1559 931 sublati
1574 904 1637 931 sint.
1652 903 1685 930 Et
1699 903 1741 939 qui
1755 904 1826 930 aera-

1030 950 1156 985 liquerunt
1168 949 1326 983 Dominum,
1351 949 1602 977 consummabantur.
1623 948 1699 985 [mpii
1717 954 1823 981 autem.

1030 996 1126 1032 inquit,
1137 996 1272 1032 peribunt.

1063 1042 1224 1071 Idololatrite
1245 1043 1375 1078 turpitudo
1393 1047 1416 1070 et
1434 1042 1541 1070 vanitas.
1555 1057 1590 1062 —
1601 1041 1647 1070 29.
1670 1042 1736 1075 Quia
1757 1050 1825 1069 nunc

1028 1089 1215 1125 confundentur
1226 1089 1253 1116 in
1266 1089 1342 1116 idolis
1352 1089 1415 1122 suis,
1426 1097 1483 1124 qua:
1492 1088 1542 1123 ipsi
1554 1088 1696 1115 uoluerunt.
1710 1087 1823 1122 Quidam

1029 1135 1087 1163 haec
1101 1135 1171 1162 dicta
1187 1135 1248 1162 huic
1264 1135 1376 1170 tempori
1395 1138 1488 1170 aptare
1501 1138 1633 1161 conantur
1647 1143 1653 1161 :
1667 1138 1695 1160 at
1707 1141 1756 1161 nos
1772 1140 1824 1160 non

1027 1180 1225 1208 confutabimus
1237 1180 1308 1212 illos,
1319 1179 1366 1208 sed
1377 1179 1474 1208 seriem
1487 1186 1640 1214 sequemur.
1655 1179 1717 1206 Haec
1726 1179 1825 1214 quippe

1028 1230 1107 1261 sunt,
1129 1234 1188 1262 quae
1201 1231 1328 1254 eventura
1343 1225 1408 1254 dicit
1432 1226 1459 1253 in
1483 1225 1599 1253 hostium
1622 1225 1740 1253 incursu.
1755 1225 1822 1252 Cum

1028 1273 1098 1301 enim
1108 1293 1115 1305 ,
1129 1272 1244 1300 barbaro
1256 1276 1355 1300 terram
1369 1271 1524 1299 incursante
1536 1291 1544 1304 ,
1560 1271 1654 1298 urbem
1668 1270 1806 1298 obsidente
1815 1291 1823 1303 ,

1028 1323 1056 1346 et
1066 1325 1160 1346 omnes
1174 1318 1249 1353 quasi
1263 1318 1365 1346 retibus
1379 1317 1495 1345 inclusos
1508 1321 1614 1345 tenente
1624 1338 1631 1351 ,
1654 1323 1733 1344 nemo
1746 1315 1824 1344 fuerit

1026 1364 1071 1399 qui
1083 1363 1218 1396 defendat,
1230 1368 1257 1391 et
1270 1363 1368 1391 nubem
1382 1363 1454 1390 illam
1468 1363 1593 1398 depellat,
1610 1370 1642 1390 co
1657 1362 1728 1398 quod
1741 1369 1756 1389 a
1768 1363 1821 1390 Dco

1027 1410 1146 1438 derelicti
1161 1409 1270 1443 fuerint,
1281 1409 1340 1444 jure
1349 1417 1382 1436 ex
1395 1409 1453 1444 ipsa
1466 1417 1557 1437 rerum
1571 1407 1746 1443 experientia,
1762 1413 1824 1434 tunc

1027 1464 1124 1492 magno
1145 1456 1246 1492 pudore
1269 1455 1455 1484 suffundentur
1478 1456 1497 1483 ii
1518 1455 1563 1491 qui
1585 1455 1727 1483 coluerunt
1741 1454 1821 1482 idola.

1028 1503 1093 1537 Qua:
1104 1503 1254 1536 voluerunt,
1268 1503 1369 1538 inquit,
1393 1502 1419 1529 in
1435 1501 1531 1536 quibus
1544 1500 1631 1528 studia
1643 1507 1690 1527 sua
1704 1499 1813 1527 colloca-

1026 1553 1097 1576 runt.
1111 1548 1146 1576 Et
1164 1548 1308 1576 erubescent
1328 1548 1354 1575 in
1373 1547 1532 1582 sculptilibus
1552 1547 1604 1574 suis
1619 1554 1676 1579 qute
1697 1546 1820 1580 fecerunt.

1025 1594 1165 1622 Narrantis
1189 1602 1264 1622 more
1290 1593 1487 1621 accusationem
1518 1592 1640 1620 instituit.
1670 1583 1822 1619 Sufﬁcicbat

1025 1641 1096 1669 enim
1109 1641 1189 1667 etiam
1204 1644 1266 1668 ante
1277 1639 1405 1666 inflictum
1421 1639 1529 1671 vulnus,
1545 1638 1586 1665 vel
1600 1638 1657 1672 ipse
1671 1636 1741 1664 idola
1755 1644 1819 1664 con-

1026 1687 1134 1715 ﬁciendi
1146 1686 1241 1714 modus
1255 1685 1288 1713 ad
1303 1693 1350 1713 eos
1367 1685 1469 1720 pudore
1489 1683 1655 1711 afﬁciendos.
1668 1682 1736 1717 Quid
1749 1682 1820 1709 enim

1026 1733 1139 1768 turpius,
1154 1740 1232 1769 quam
1246 1732 1295 1759 sibi
1308 1732 1357 1767 ipsi
1371 1731 1451 1759 deum
1464 1730 1570 1758 facere?
1588 1729 1621 1757 Et
1635 1728 1821 1764 confundantur

1024 1788 1101 1815 super
1115 1780 1194 1807 [tortis
1207 1779 1270 1811 suis,
1286 1786 1342 1815 quae
1356 1778 1559 1813 concupiuerunt.
1575 1776 1633 1804 Non
1647 1775 1733 1803 solum
1749 1775 1820 1802 enim

1025 1825 1157 1860 sculptilia
1171 1825 1326 1857 adorabant,
1341 1823 1388 1852 sed
1399 1823 1479 1852 etiam
1491 1822 1600 1850 arbores
1611 1822 1637 1850 in
1649 1821 1734 1849 hortis
1748 1822 1820 1848 colc-

1024 1871 1099 1900 bant.
1113 1871 1157 1899 50.
1178 1870 1262 1897 Erunt
1278 1871 1345 1898 enim
1359 1869 1432 1905 quasi
1445 1868 1610 1901 terebinthus,
1628 1875 1685 1902 qua:
1698 1867 1759 1901 {alia
1774 1875 1821 1893 sua

1025 1918 1119 1946 amisit.
1134 1917 1242 1946 Scilicet
1256 1916 1326 1944 idola
1337 1937 1344 1949 ,
1363 1916 1406 1943 vel
1419 1915 1500 1942 etiam
1516 1921 1564 1942 eos
1576 1913 1621 1948 qui
1635 1912 1728 1940 urbem
1743 1912 1818 1939 inco-

1025 1964 1143 1992 lebant'.
1159 1963 1303 1999 imaginem
1318 1969 1398 1997 porro
1411 1960 1515 1988 arboris
1529 1959 1609 1994 hujus
1622 1958 1744 1991 induxit,
1758 1958 1818 1992 quia

1025 2011 1052 2039 in
1067 2011 1110 2038 illa
1131 2010 1240 2045 regione
1259 2008 1417 2036 nascebatur
1436 2010 1464 2034 et
1486 2006 1608 2041 frequens
1628 2009 1700 2035 erat.
1716 2008 1742 2031 et
1757 2003 1817 2038 quia

1024 2055 1167 2084 admodum
1187 2055 1265 2082 ﬁoret
1278 2058 1306 2082 et
1323 2053 1406 2081 densa
1428 2051 1498 2080 foliis
1518 2056 1577 2085 est,
1600 2050 1664 2078 dum
1687 2050 1773 2082 viret,
1793 2055 1820 2076 et

1025 2108 1174 2132 extremam
1188 2101 1383 2130 deformitatem
1397 2107 1454 2136 prae
1468 2106 1498 2127 se
1512 2098 1589 2131 ferat,
1602 2105 1663 2125 cum
1679 2096 1740 2124 folia
1753 2095 1820 2123 ami-

1025 2150 1101 2178 serit.
1127 2149 1162 2176 Et
1184 2148 1248 2177 sicut
1270 2148 1356 2175 hortus
1378 2154 1429 2174 non
1457 2145 1551 2172 habens
1573 2152 1675 2179 aquam.
1696 2141 1819 2171 Secunda

1025 2196 1113 2231 imago
1126 2194 1216 2230 priore
1230 2193 1327 2221 clarior
1340 2196 1397 2225 est,
1421 2196 1450 2220 et
1469 2191 1550 2219 ﬁdem
1573 2189 1634 2217 facit
1648 2189 1696 2222 iis,
1718 2196 1777 2224 qua:
1791 2188 1818 2215 in

1024 2241 1115 2277 priore
1130 2240 1201 2268 dicta
1216 2243 1288 2268 sunt.
1301 2238 1371 2266 Nihil
1386 2237 1457 2265 enim
1470 2241 1512 2264 est
1521 2236 1599 2265 horto
1612 2233 1819 2266 virentejucun-

1025 2287 1095 2320 dius,
1108 2286 1175 2314 nihil
1186 2285 1265 2314 horto
1278 2285 1320 2313 his
1332 2284 1460 2312 destituto
1473 2281 1651 2318 iniucundius,
1665 2287 1725 2315 quae
1737 2279 1818 2306 ambo

1025 2334 1063 2361 illi
1078 2333 1219 2368 metropoli
1236 2332 1412 2367 contigerunt.
1433 2329 1545 2364 Semper
1565 2328 1635 2356 enim
1648 2326 1748 2362 optima
1761 2329 1819 2352 erat

1025 2386 1052 2409 et
1073 2379 1288 2415 splendidissima
1300 2399 1308 2410 ,
1333 2376 1479 2405 innumeris
1498 2375 1623 2403 decorata
1639 2371 1818 2403 ornamentis,

1025 2432 1053 2455 et
1073 2426 1192 2454 omnium
1212 2425 1338 2453 vilissima
1361 2422 1566 2458 turpissimaque
1588 2420 1657 2447 facta
1679 2422 1730 2452 est,
1757 2424 1818 2445 cum

1026 2478 1113 2501 tantas
1140 2472 1286 2507 derepente
1311 2474 1527 2498 ornamentorum
1547 2465 1653 2494 divitias
1673 2463 1818 2491 amisisset.

1000 2545 1003 2547 _
1025 2521 1069 2548 5L
1082 2519 1115 2547 Et
1125 2519 1171 2546 erit
1181 2517 1303 2555 fortitudo
1315 2524 1401 2544 eorum
1412 2514 1485 2549 quasi
1494 2513 1587 2549 stipula
1598 2515 1703 2548 stuppte.
1713 2509 1820 2538 Priores

1025 2566 1132 2600 quidem
1146 2563 1274 2599 imagines
1297 2562 1330 2589 ad
1351 2559 1524 2596 iniucundum
1539 2556 1718 2594 spectaculum
1732 2559 1818 2590 capta:

1025 2615 1097 2644 sunt,
1113 2610 1171 2637 haec
1184 2616 1248 2636 vero
1260 2607 1294 2635 ad
1310 2606 1490 2634 inﬁrmitatem
1505 2601 1711 2633 declarandam:
1725 2606 1818 2628 omnes

1025 2660 1113 2684 autem
1136 2654 1278 2683 admodum
1299 2653 1446 2689 perspicua).
1459 2655 1536 2683 sunt,
1553 2649 1688 2684 multaque
1701 2646 1820 2682 gaudent

1024 2703 1146 2730 claritate
1167 2706 1194 2729 et
1215 2700 1345 2735 emphasi.
1364 2698 1443 2733 Quasi
1468 2697 1562 2732 stipula
1583 2699 1691 2729 stuppae,
1712 2692 1738 2720 id
1760 2697 1817 2721 est.

1025 2747 1183 2776 imbecilles.
1200 2746 1234 2773 Et
1253 2754 1330 2782 opera
1344 2752 1431 2772 eorum
1452 2742 1523 2778 quasi
1544 2740 1654 2769 scintilla
1675 2738 1751 2774 ignis.
1771 2737 1819 2765 llic

1057 2806 1065 2822 ι
1084 2805 1112 2830 in
1123 2803 1192 2829 savii.
1206 2807 1232 2828 et
1249 2799 1474 2834 neg.,,quibusdam
1485 2798 1590 2828 omissis,
1603 2798 1638 2822 sic.
1650 2795 1741 2827 legitur
1751 2800 1757 2819 :
1769 2789 1817 2815 κδ-

1026 2836 1080 2862 lt'cet
1091 2835 1109 2861 ii
1121 2834 1162 2866 qui
1173 2835 1255 2860 urbem
1267 2832 1408 2859 incolebant.
