  <div class='ocr_page' id='page_1' title='image "/cluster/home/n/w/nwhite01/storage/ocr_20150623/56/njp.32101077772646/033.png"; bbox 0 0 2058 3122; ppageno 0'>
   <div class='ocr_carea' id='block_1_1' title="bbox 269 131 1902 177">
    <p class='ocr_par' dir='ltr' id='par_1_1' title="bbox 269 131 1902 177">
     <span class='ocr_line' id='line_1_1' title="bbox 269 131 1902 177; baseline -0.005 -11"><span class='ocrx_word' id='word_1_1' title='bbox 269 139 303 166; x_wconf 73' lang='grc'><strong>97</strong></span> <span class='ocrx_word' id='word_1_2' title='bbox 606 136 633 165; x_wconf 85' lang='lat' dir='ltr'><strong>S.</strong></span> <span class='ocrx_word' id='word_1_3' title='bbox 651 135 791 164; x_wconf 73' lang='lat' dir='ltr'><strong>JOANNIS</strong></span> <span class='ocrx_word' id='word_1_4' title='bbox 810 135 1046 163; x_wconf 73' lang='lat' dir='ltr'><strong>CHRYSOSTOMI</strong></span> <span class='ocrx_word' id='word_1_5' title='bbox 1067 133 1225 162; x_wconf 78' lang='lat' dir='ltr'><strong>ARCHIEP.</strong></span> <span class='ocrx_word' id='word_1_6' title='bbox 1241 132 1512 177; x_wconf 26' lang='lat' dir='ltr'><strong>CON‘STANTiNOP.</strong></span> <span class='ocrx_word' id='word_1_7' title='bbox 1867 131 1902 158; x_wconf 61' lang='lat'><strong>18</strong></span> 
     </span>
    </p>
   </div>
   <div class='ocr_carea' id='block_1_2' title="bbox 271 193 1065 230">
    <p class='ocr_par' dir='ltr' id='par_1_2' title="bbox 271 193 1065 230">
     <span class='ocr_line' id='line_1_2' title="bbox 271 193 1065 230; baseline -0.009 -5"><span class='ocrx_word' id='word_1_8' title='bbox 271 197 388 225; x_wconf 83' lang='lat' dir='ltr'><strong>ostendit</strong></span> <span class='ocrx_word' id='word_1_9' title='bbox 403 204 434 224; x_wconf 87' lang='lat' dir='ltr'><strong>ex</strong></span> <span class='ocrx_word' id='word_1_10' title='bbox 449 195 544 230; x_wconf 86' lang='lat' dir='ltr'><strong>seipsis</strong></span> <span class='ocrx_word' id='word_1_11' title='bbox 560 195 627 221; x_wconf 80' lang='lat' dir='ltr'><strong>mala</strong></span> <span class='ocrx_word' id='word_1_12' title='bbox 644 194 774 228; x_wconf 86' lang='lat' dir='ltr'><strong>prodiisse</strong></span> <span class='ocrx_word' id='word_1_13' title='bbox 787 214 794 227; x_wconf 96' lang='lat'><strong>,</strong></span> <span class='ocrx_word' id='word_1_14' title='bbox 819 193 942 228; x_wconf 83' lang='lat' dir='ltr'><strong>ipsosque</strong></span> <span class='ocrx_word' id='word_1_15' title='bbox 956 193 1006 219; x_wconf 85' lang='lat' dir='ltr'><strong>sibi</strong></span> <span class='ocrx_word' id='word_1_16' title='bbox 1019 199 1065 219; x_wconf 90' lang='lat' dir='ltr'><strong>ca-</strong></span> 
     </span>
    </p>
   </div>
   <div class='ocr_carea' id='block_1_3' title="bbox 273 237 1066 278">
    <p class='ocr_par' dir='ltr' id='par_1_3' title="bbox 273 237 1066 278">
     <span class='ocr_line' id='line_1_3' title="bbox 273 237 1066 278; baseline -0.009 -8"><span class='ocrx_word' id='word_1_17' title='bbox 273 243 423 278; x_wconf 86' lang='lat' dir='ltr'><strong>ptivitatem</strong></span> <span class='ocrx_word' id='word_1_18' title='bbox 438 241 582 276; x_wconf 85' lang='lat' dir='ltr'><strong>peperisse,</strong></span> <span class='ocrx_word' id='word_1_19' title='bbox 593 244 620 267; x_wconf 81' lang='lat' dir='ltr'><strong>et</strong></span> <span class='ocrx_word' id='word_1_20' title='bbox 630 239 764 267; x_wconf 90' lang='lat' dir='ltr'><strong>fornacem</strong></span> <span class='ocrx_word' id='word_1_21' title='bbox 779 238 957 266; x_wconf 84' lang='lat' dir='ltr'><strong>succendisse.</strong></span> <span class='ocrx_word' id='word_1_22' title='bbox 969 237 1066 270; x_wconf 86' lang='lat' dir='ltr'><strong>Quem-</strong></span> 
     </span>
    </p>
   </div>
   <div class='ocr_carea' id='block_1_4' title="bbox 274 283 1065 319">
    <p class='ocr_par' dir='ltr' id='par_1_4' title="bbox 274 283 1065 319">
     <span class='ocr_line' id='line_1_4' title="bbox 274 283 1065 319; baseline -0.006 -4"><span class='ocrx_word' id='word_1_23' title='bbox 274 287 418 315; x_wconf 81' lang='lat' dir='ltr'><strong>admodum</strong></span> <span class='ocrx_word' id='word_1_24' title='bbox 445 287 516 314; x_wconf 87' lang='lat' dir='ltr'><strong>enim</strong></span> <span class='ocrx_word' id='word_1_25' title='bbox 546 285 667 313; x_wconf 66' lang='lat' dir='ltr'><strong>scintillae</strong></span> <span class='ocrx_word' id='word_1_26' title='bbox 693 285 794 319; x_wconf 74' lang='lat' dir='ltr'><strong>illapsa:</strong></span> <span class='ocrx_word' id='word_1_27' title='bbox 817 284 904 318; x_wconf 82' lang='lat' dir='ltr'><strong>ignem</strong></span> <span class='ocrx_word' id='word_1_28' title='bbox 929 283 1065 316; x_wconf 83' lang='lat' dir='ltr'><strong>excitant,</strong></span> 
     </span>
    </p>
   </div>
   <div class='ocr_carea' id='block_1_5' title="bbox 275 328 1064 369">
    <p class='ocr_par' dir='ltr' id='par_1_5' title="bbox 275 328 1064 369">
     <span class='ocr_line' id='line_1_5' title="bbox 275 328 1064 369; baseline -0.009 -8"><span class='ocrx_word' id='word_1_29' title='bbox 275 334 310 361; x_wconf 88' lang='lat' dir='ltr'><strong>ita</strong></span> <span class='ocrx_word' id='word_1_30' title='bbox 326 337 434 369; x_wconf 83' lang='lat' dir='ltr'><strong>peccata</strong></span> <span class='ocrx_word' id='word_1_31' title='bbox 454 339 547 360; x_wconf 88' lang='lat' dir='ltr'><strong>eorum</strong></span> <span class='ocrx_word' id='word_1_32' title='bbox 570 334 695 365; x_wconf 81' lang='lat' dir='ltr'><strong>congesta</strong></span> <span class='ocrx_word' id='word_1_33' title='bbox 717 329 763 357; x_wconf 89' lang='lat' dir='ltr'><strong>Dei</strong></span> <span class='ocrx_word' id='word_1_34' title='bbox 788 329 853 356; x_wconf 86' lang='lat' dir='ltr'><strong>iram</strong></span> <span class='ocrx_word' id='word_1_35' title='bbox 876 328 1064 356; x_wconf 89' lang='lat' dir='ltr'><strong>accenderunt.</strong></span> 
     </span>
    </p>
   </div>
   <div class='ocr_carea' id='block_1_6' title="bbox 275 374 1067 414">
    <p class='ocr_par' dir='ltr' id='par_1_6' title="bbox 275 374 1067 414">
     <span class='ocr_line' id='line_1_6' title="bbox 275 374 1067 414; baseline -0.008 -8"><span class='ocrx_word' id='word_1_36' title='bbox 275 378 308 406; x_wconf 83' lang='lat' dir='ltr'><strong>Et</strong></span> <span class='ocrx_word' id='word_1_37' title='bbox 322 379 380 414; x_wconf 82' lang='lat' dir='ltr'><strong>igne</strong></span> <span class='ocrx_word' id='word_1_38' title='bbox 391 381 569 405; x_wconf 64' lang='lat' dir='ltr'><strong>consummatur</strong></span> <span class='ocrx_word' id='word_1_39' title='bbox 581 376 661 411; x_wconf 78' lang='lat' dir='ltr'><strong>iniqui</strong></span> <span class='ocrx_word' id='word_1_40' title='bbox 675 380 699 403; x_wconf 83' lang='lat' dir='ltr'><strong>et</strong></span> <span class='ocrx_word' id='word_1_41' title='bbox 714 380 856 410; x_wconf 74' lang='lat' dir='ltr'><strong>peccatores</strong></span> <span class='ocrx_word' id='word_1_42' title='bbox 872 374 948 402; x_wconf 73' lang='lat' dir='ltr'><strong>simul</strong></span> <span class='ocrx_word' id='word_1_43' title='bbox 957 395 964 407; x_wconf 88' lang='lat'><strong>,</strong></span> <span class='ocrx_word' id='word_1_44' title='bbox 980 379 1003 401; x_wconf 83' lang='lat' dir='ltr'><strong>et</strong></span> <span class='ocrx_word' id='word_1_45' title='bbox 1016 382 1067 400; x_wconf 80' lang='lat' dir='ltr'><strong>non</strong></span> 
     </span>
    </p>
   </div>
   <div class='ocr_carea' id='block_1_7' title="bbox 273 420 1066 460">
    <p class='ocr_par' dir='ltr' id='par_1_7' title="bbox 273 420 1066 460">
     <span class='ocr_line' id='line_1_7' title="bbox 273 420 1066 460; baseline -0.005 -9"><span class='ocrx_word' id='word_1_46' title='bbox 273 426 319 451; x_wconf 79' lang='lat' dir='ltr'><strong>erit</strong></span> <span class='ocrx_word' id='word_1_47' title='bbox 329 425 371 460; x_wconf 86' lang='lat' dir='ltr'><strong>qui</strong></span> <span class='ocrx_word' id='word_1_48' title='bbox 382 425 533 460; x_wconf 71' lang='lat' dir='ltr'><strong>exstinguat.</strong></span> <span class='ocrx_word' id='word_1_49' title='bbox 543 423 646 451; x_wconf 83' lang='lat' dir='ltr'><strong>Rursus</strong></span> <span class='ocrx_word' id='word_1_50' title='bbox 657 423 770 457; x_wconf 79' lang='lat' dir='ltr'><strong>denegat</strong></span> <span class='ocrx_word' id='word_1_51' title='bbox 779 422 892 449; x_wconf 94' lang='lat' dir='ltr'><strong>salutem</strong></span> <span class='ocrx_word' id='word_1_52' title='bbox 901 421 935 448; x_wconf 90' lang='lat' dir='ltr'><strong>ob</strong></span> <span class='ocrx_word' id='word_1_53' title='bbox 945 420 1066 448; x_wconf 85' lang='lat' dir='ltr'><strong>eamdem</strong></span> 
     </span>
    </p>
   </div>
   <div class='ocr_carea' id='block_1_8' title="bbox 274 466 1066 504">
    <p class='ocr_par' dir='ltr' id='par_1_8' title="bbox 274 466 1066 504">
     <span class='ocr_line' id='line_1_8' title="bbox 274 466 1066 504; baseline -0.006 -6"><span class='ocrx_word' id='word_1_54' title='bbox 274 470 359 504; x_wconf 83' lang='lat' dir='ltr'><strong>ipsam</strong></span> <span class='ocrx_word' id='word_1_55' title='bbox 373 477 480 498; x_wconf 78' lang='lat' dir='ltr'><strong>causam</strong></span> <span class='ocrx_word' id='word_1_56' title='bbox 493 490 501 503; x_wconf 92' lang='lat'><strong>,</strong></span> <span class='ocrx_word' id='word_1_57' title='bbox 524 477 577 497; x_wconf 89' lang='lat' dir='ltr'><strong>non</strong></span> <span class='ocrx_word' id='word_1_58' title='bbox 592 473 621 496; x_wconf 89' lang='lat' dir='ltr'><strong>ut</strong></span> <span class='ocrx_word' id='word_1_59' title='bbox 632 468 787 503; x_wconf 90' lang='lat' dir='ltr'><strong>desperent,</strong></span> <span class='ocrx_word' id='word_1_60' title='bbox 802 467 848 495; x_wconf 88' lang='lat' dir='ltr'><strong>sed</strong></span> <span class='ocrx_word' id='word_1_61' title='bbox 863 472 890 495; x_wconf 91' lang='lat' dir='ltr'><strong>ut</strong></span> <span class='ocrx_word' id='word_1_62' title='bbox 903 467 965 494; x_wconf 87' lang='lat' dir='ltr'><strong>hinc</strong></span> <span class='ocrx_word' id='word_1_63' title='bbox 979 466 1066 494; x_wconf 85' lang='lat' dir='ltr'><strong>valido</strong></span> 
     </span>
    </p>
   </div>
   <div class='ocr_carea' id='block_1_9' title="bbox 275 512 1066 552">
    <p class='ocr_par' dir='ltr' id='par_1_9' title="bbox 275 512 1066 552">
     <span class='ocr_line' id='line_1_9' title="bbox 275 512 1066 552; baseline -0.008 -7"><span class='ocrx_word' id='word_1_64' title='bbox 275 518 370 545; x_wconf 89' lang='lat' dir='ltr'><strong>timore</strong></span> <span class='ocrx_word' id='word_1_65' title='bbox 385 517 515 552; x_wconf 85' lang='lat' dir='ltr'><strong>perculsi,</strong></span> <span class='ocrx_word' id='word_1_66' title='bbox 531 516 665 551; x_wconf 75' lang='lat' dir='ltr'><strong>ingentem</strong></span> <span class='ocrx_word' id='word_1_67' title='bbox 682 514 812 550; x_wconf 82' lang='lat' dir='ltr'><strong>ignaviam</strong></span> <span class='ocrx_word' id='word_1_68' title='bbox 827 513 973 542; x_wconf 83' lang='lat' dir='ltr'><strong>excutiant.</strong></span> <span class='ocrx_word' id='word_1_69' title='bbox 987 512 1066 541; x_wconf 83' lang='lat' dir='ltr'><strong>Aliud</strong></span> 
     </span>
    </p>
   </div>
   <div class='ocr_carea' id='block_1_10' title="bbox 273 558 1065 598">
    <p class='ocr_par' dir='ltr' id='par_1_10' title="bbox 273 558 1065 598">
     <span class='ocr_line' id='line_1_10' title="bbox 273 558 1065 598; baseline -0.008 -7"><span class='ocrx_word' id='word_1_70' title='bbox 273 570 379 598; x_wconf 85' lang='lat' dir='ltr'><strong>quoque</strong></span> <span class='ocrx_word' id='word_1_71' title='bbox 391 563 436 590; x_wconf 86' lang='lat' dir='ltr'><strong>hic</strong></span> <span class='ocrx_word' id='word_1_72' title='bbox 449 562 614 594; x_wconf 87' lang='lat' dir='ltr'><strong>subindicat,</strong></span> <span class='ocrx_word' id='word_1_73' title='bbox 631 560 714 596; x_wconf 83' lang='lat' dir='ltr'><strong>ipsius</strong></span> <span class='ocrx_word' id='word_1_74' title='bbox 729 567 824 594; x_wconf 85' lang='lat' dir='ltr'><strong>nempe</strong></span> <span class='ocrx_word' id='word_1_75' title='bbox 837 558 1065 594; x_wconf 79' lang='lat' dir='ltr'><strong>inexpugnabilem</strong></span> 
     </span>
    </p>
   </div>
   <div class='ocr_carea' id='block_1_11' title="bbox 274 605 1065 643">
    <p class='ocr_par' dir='ltr' id='par_1_11' title="bbox 274 605 1065 643">
     <span class='ocr_line' id='line_1_11' title="bbox 274 605 1065 643; baseline -0.005 -7"><span class='ocrx_word' id='word_1_76' title='bbox 274 609 437 643; x_wconf 81' lang='lat' dir='ltr'><strong>potentiam,</strong></span> <span class='ocrx_word' id='word_1_77' title='bbox 450 608 577 643; x_wconf 86' lang='lat' dir='ltr'><strong>quodque</strong></span> <span class='ocrx_word' id='word_1_78' title='bbox 589 607 648 642; x_wconf 89' lang='lat' dir='ltr'><strong>ipso</strong></span> <span class='ocrx_word' id='word_1_79' title='bbox 663 606 790 642; x_wconf 75' lang='lat' dir='ltr'><strong>puniente</strong></span> <span class='ocrx_word' id='word_1_80' title='bbox 800 627 807 639; x_wconf 84' lang='lat'><strong>,</strong></span> <span class='ocrx_word' id='word_1_81' title='bbox 823 610 851 633; x_wconf 93' lang='lat' dir='ltr'><strong>et</strong></span> <span class='ocrx_word' id='word_1_82' title='bbox 863 605 1004 633; x_wconf 75' lang='lat' dir='ltr'><strong>vindictam</strong></span> <span class='ocrx_word' id='word_1_83' title='bbox 1018 612 1065 633; x_wconf 87' lang='lat' dir='ltr'><strong>su-</strong></span> 
     </span>
    </p>
   </div>
   <div class='ocr_carea' id='block_1_12' title="bbox 275 651 963 688">
    <p class='ocr_par' dir='ltr' id='par_1_12' title="bbox 275 651 963 688">
     <span class='ocr_line' id='line_1_12' title="bbox 275 651 963 688; baseline -0.006 -6"><span class='ocrx_word' id='word_1_84' title='bbox 275 659 375 687; x_wconf 78' lang='lat' dir='ltr'><strong>mente,</strong></span> <span class='ocrx_word' id='word_1_85' title='bbox 391 662 470 682; x_wconf 84' lang='lat' dir='ltr'><strong>nemo</strong></span> <span class='ocrx_word' id='word_1_86' title='bbox 486 654 570 688; x_wconf 86' lang='lat' dir='ltr'><strong>possit</strong></span> <span class='ocrx_word' id='word_1_87' title='bbox 585 653 710 680; x_wconf 72' lang='lat' dir='ltr'><strong>resistere</strong></span> <span class='ocrx_word' id='word_1_88' title='bbox 723 657 749 680; x_wconf 90' lang='lat' dir='ltr'><strong>et</strong></span> <span class='ocrx_word' id='word_1_89' title='bbox 765 651 835 679; x_wconf 86' lang='lat' dir='ltr'><strong>mala</strong></span> <span class='ocrx_word' id='word_1_90' title='bbox 849 651 963 679; x_wconf 87' lang='lat' dir='ltr'><strong>solvere.</strong></span> 
     </span>
    </p>
   </div>
   <div class='ocr_carea' id='block_1_13' title="bbox 590 717 762 748">
    <p class='ocr_par' dir='ltr' id='par_1_13' title="bbox 590 717 762 748">
     <span class='ocr_line' id='line_1_13' title="bbox 590 717 762 748; baseline -0.017 -1"><span class='ocrx_word' id='word_1_91' title='bbox 590 718 703 748; x_wconf 80' lang='lat' dir='ltr'><strong>CAPUT</strong></span> <span class='ocrx_word' id='word_1_92' title='bbox 731 717 762 745; x_wconf 90' lang='lat' dir='ltr'><strong>ll.</strong></span> 
     </span>
    </p>
   </div>
   <div class='ocr_carea' id='block_1_14' title="bbox 315 774 1029 812">
    <p class='ocr_par' dir='ltr' id='par_1_14' title="bbox 315 774 1029 812">
     <span class='ocr_line' id='line_1_14' title="bbox 315 774 1029 812; baseline -0.003 -10"><span class='ocrx_word' id='word_1_93' title='bbox 315 776 432 810; x_wconf 82' lang='lat' dir='ltr'><strong>Verbum,</strong></span> <span class='ocrx_word' id='word_1_94' title='bbox 443 776 511 812; x_wconf 86' lang='lat' dir='ltr'><strong>quod</strong></span> <span class='ocrx_word' id='word_1_95' title='bbox 522 776 619 811; x_wconf 81' lang='lat' dir='ltr'><strong>factum</strong></span> <span class='ocrx_word' id='word_1_96' title='bbox 634 780 668 803; x_wconf 78' lang='lat' dir='ltr'><strong>est</strong></span> <span class='ocrx_word' id='word_1_97' title='bbox 682 775 716 803; x_wconf 81' lang='lat' dir='ltr'><strong>ad</strong></span> <span class='ocrx_word' id='word_1_98' title='bbox 735 774 832 803; x_wconf 74' lang='lat' dir='ltr'><strong>Isaiam</strong></span> <span class='ocrx_word' id='word_1_99' title='bbox 846 775 931 809; x_wconf 81' lang='lat' dir='ltr'><strong>ﬁlium</strong></span> <span class='ocrx_word' id='word_1_100' title='bbox 944 775 1029 801; x_wconf 81' lang='lat' dir='ltr'><strong>Amos.</strong></span> 
     </span>
    </p>
   </div>
   <div class='ocr_carea' id='block_1_15' title="bbox 311 832 1067 868">
    <p class='ocr_par' dir='ltr' id='par_1_15' title="bbox 311 832 1067 868">
     <span class='ocr_line' id='line_1_15' title="bbox 311 832 1067 868; baseline -0.004 -7"><span class='ocrx_word' id='word_1_101' title='bbox 311 834 336 861; x_wconf 75' lang='grc'><strong>1.</strong></span> <span class='ocrx_word' id='word_1_102' title='bbox 358 833 426 861; x_wconf 79' lang='lat' dir='ltr'><strong>Hinc</strong></span> <span class='ocrx_word' id='word_1_103' title='bbox 445 833 529 868; x_wconf 88' lang='lat' dir='ltr'><strong>liquet</strong></span> <span class='ocrx_word' id='word_1_104' title='bbox 548 832 695 868; x_wconf 84' lang='lat' dir='ltr'><strong>prophetas</strong></span> <span class='ocrx_word' id='word_1_105' title='bbox 711 839 765 859; x_wconf 91' lang='lat' dir='ltr'><strong>non</strong></span> <span class='ocrx_word' id='word_1_106' title='bbox 786 839 840 859; x_wconf 88' lang='lat' dir='ltr'><strong>uno</strong></span> <span class='ocrx_word' id='word_1_107' title='bbox 861 835 983 866; x_wconf 86' lang='lat' dir='ltr'><strong>tempore</strong></span> <span class='ocrx_word' id='word_1_108' title='bbox 1004 838 1067 866; x_wconf 89' lang='lat' dir='ltr'><strong>pro-</strong></span> 
     </span>
    </p>
   </div>
   <div class='ocr_carea' id='block_1_16' title="bbox 275 877 1067 913">
    <p class='ocr_par' dir='ltr' id='par_1_16' title="bbox 275 877 1067 913">
     <span class='ocr_line' id='line_1_16' title="bbox 275 877 1067 913; baseline -0.003 -7"><span class='ocrx_word' id='word_1_109' title='bbox 275 878 379 913; x_wconf 86' lang='lat' dir='ltr'><strong>phetias</strong></span> <span class='ocrx_word' id='word_1_110' title='bbox 389 878 500 912; x_wconf 79' lang='lat' dir='ltr'><strong>dixisse,</strong></span> <span class='ocrx_word' id='word_1_111' title='bbox 511 878 560 906; x_wconf 88' lang='lat' dir='ltr'><strong>sed</strong></span> <span class='ocrx_word' id='word_1_112' title='bbox 574 878 686 906; x_wconf 84' lang='lat' dir='ltr'><strong>diversis</strong></span> <span class='ocrx_word' id='word_1_113' title='bbox 695 877 799 906; x_wconf 84' lang='lat' dir='ltr'><strong>amatos</strong></span> <span class='ocrx_word' id='word_1_114' title='bbox 816 877 990 912; x_wconf 88' lang='lat' dir='ltr'><strong>temporibus,</strong></span> <span class='ocrx_word' id='word_1_115' title='bbox 1006 884 1067 912; x_wconf 86' lang='lat' dir='ltr'><strong>par-</strong></span> 
     </span>
    </p>
   </div>
   <div class='ocr_carea' id='block_1_17' title="bbox 274 923 1064 959">
    <p class='ocr_par' dir='ltr' id='par_1_17' title="bbox 274 923 1064 959">
     <span class='ocr_line' id='line_1_17' title="bbox 274 923 1064 959; baseline -0.001 -8"><span class='ocrx_word' id='word_1_116' title='bbox 274 929 314 951; x_wconf 88' lang='lat' dir='ltr'><strong>tes</strong></span> <span class='ocrx_word' id='word_1_117' title='bbox 328 923 456 959; x_wconf 88' lang='lat' dir='ltr'><strong>quasdam</strong></span> <span class='ocrx_word' id='word_1_118' title='bbox 471 923 653 957; x_wconf 85' lang='lat' dir='ltr'><strong>annuntiasse,</strong></span> <span class='ocrx_word' id='word_1_119' title='bbox 665 931 724 959; x_wconf 64' lang='lat' dir='ltr'><strong>quae</strong></span> <span class='ocrx_word' id='word_1_120' title='bbox 732 923 840 952; x_wconf 88' lang='lat' dir='ltr'><strong>demum</strong></span> <span class='ocrx_word' id='word_1_121' title='bbox 846 923 924 951; x_wconf 87' lang='lat' dir='ltr'><strong>simul</strong></span> <span class='ocrx_word' id='word_1_122' title='bbox 934 923 1064 956; x_wconf 67' lang='lat' dir='ltr'><strong>collectas,</strong></span> 
     </span>
    </p>
   </div>
   <div class='ocr_carea' id='block_1_18' title="bbox 274 969 1067 1005">
    <p class='ocr_par' dir='ltr' id='par_1_18' title="bbox 274 969 1067 1005">
     <span class='ocr_line' id='line_1_18' title="bbox 274 969 1067 1005; baseline 0 -8"><span class='ocrx_word' id='word_1_123' title='bbox 274 974 358 997; x_wconf 90' lang='lat' dir='ltr'><strong>totum</strong></span> <span class='ocrx_word' id='word_1_124' title='bbox 374 969 471 997; x_wconf 83' lang='lat' dir='ltr'><strong>librum</strong></span> <span class='ocrx_word' id='word_1_125' title='bbox 484 969 638 998; x_wconf 84' lang='lat' dir='ltr'><strong>elfecerunt.</strong></span> <span class='ocrx_word' id='word_1_126' title='bbox 653 969 716 997; x_wconf 84' lang='lat' dir='ltr'><strong>Ideo</strong></span> <span class='ocrx_word' id='word_1_127' title='bbox 728 969 767 1002; x_wconf 82' lang='lat' dir='ltr'><strong>sic</strong></span> <span class='ocrx_word' id='word_1_128' title='bbox 784 969 885 1005; x_wconf 82' lang='lat' dir='ltr'><strong>incipit.</strong></span> <span class='ocrx_word' id='word_1_129' title='bbox 900 969 992 1005; x_wconf 85' lang='lat' dir='ltr'><strong>Neque</strong></span> <span class='ocrx_word' id='word_1_130' title='bbox 1004 969 1067 997; x_wconf 88' lang='lat' dir='ltr'><strong>hinc</strong></span> 
     </span>
    </p>
   </div>
   <div class='ocr_carea' id='block_1_19' title="bbox 273 1015 1065 1052">
    <p class='ocr_par' dir='ltr' id='par_1_19' title="bbox 273 1015 1065 1052">
     <span class='ocr_line' id='line_1_19' title="bbox 273 1015 1065 1052; baseline 0 -9"><span class='ocrx_word' id='word_1_131' title='bbox 273 1019 375 1043; x_wconf 88' lang='lat' dir='ltr'><strong>tantum</strong></span> <span class='ocrx_word' id='word_1_132' title='bbox 395 1016 421 1043; x_wconf 90' lang='lat' dir='ltr'><strong>id</strong></span> <span class='ocrx_word' id='word_1_133' title='bbox 436 1015 523 1051; x_wconf 86' lang='lat' dir='ltr'><strong>palam</strong></span> <span class='ocrx_word' id='word_1_134' title='bbox 536 1015 614 1044; x_wconf 91' lang='lat' dir='ltr'><strong>nobis</strong></span> <span class='ocrx_word' id='word_1_135' title='bbox 632 1020 674 1044; x_wconf 86' lang='lat' dir='ltr'><strong>est</strong></span> <span class='ocrx_word' id='word_1_136' title='bbox 693 1020 721 1043; x_wconf 82' lang='lat' dir='ltr'><strong>et.</strong></span> <span class='ocrx_word' id='word_1_137' title='bbox 739 1015 869 1051; x_wconf 91' lang='lat' dir='ltr'><strong>liquidum</strong></span> <span class='ocrx_word' id='word_1_138' title='bbox 881 1037 888 1050; x_wconf 92' lang='lat'><strong>,</strong></span> <span class='ocrx_word' id='word_1_139' title='bbox 900 1016 948 1044; x_wconf 89' lang='lat' dir='ltr'><strong>sed</strong></span> <span class='ocrx_word' id='word_1_140' title='bbox 964 1016 1026 1052; x_wconf 90' lang='lat' dir='ltr'><strong>quia</strong></span> <span class='ocrx_word' id='word_1_141' title='bbox 1040 1016 1065 1043; x_wconf 95' lang='lat' dir='ltr'><strong>in</strong></span> 
     </span>
    </p>
   </div>
   <div class='ocr_carea' id='block_1_20' title="bbox 274 1061 1064 1097">
    <p class='ocr_par' dir='ltr' id='par_1_20' title="bbox 274 1061 1064 1097">
     <span class='ocr_line' id='line_1_20' title="bbox 274 1061 1064 1097; baseline 0.001 -9"><span class='ocrx_word' id='word_1_142' title='bbox 274 1061 448 1096; x_wconf 83' lang='lat' dir='ltr'><strong>sequentibus</strong></span> <span class='ocrx_word' id='word_1_143' title='bbox 460 1065 581 1097; x_wconf 87' lang='lat' dir='ltr'><strong>tempora</strong></span> <span class='ocrx_word' id='word_1_144' title='bbox 595 1061 728 1097; x_wconf 76' lang='lat' dir='ltr'><strong>signiﬁcat</strong></span> <span class='ocrx_word' id='word_1_145' title='bbox 737 1081 745 1095; x_wconf 85' lang='lat'><strong>,</strong></span> <span class='ocrx_word' id='word_1_146' title='bbox 759 1069 831 1089; x_wconf 90' lang='lat' dir='ltr'><strong>nunc</strong></span> <span class='ocrx_word' id='word_1_147' title='bbox 853 1061 946 1090; x_wconf 87' lang='lat' dir='ltr'><strong>dicens</strong></span> <span class='ocrx_word' id='word_1_148' title='bbox 960 1062 1064 1095; x_wconf 80' lang='lat' dir='ltr'><strong>:Anno,</strong></span> 
     </span>
    </p>
   </div>
   <div class='ocr_carea' id='block_1_21' title="bbox 274 1107 1067 1143">
    <p class='ocr_par' dir='ltr' id='par_1_21' title="bbox 274 1107 1067 1143">
     <span class='ocr_line' id='line_1_21' title="bbox 274 1107 1067 1143; baseline 0.004 -10"><span class='ocrx_word' id='word_1_149' title='bbox 274 1115 322 1141; x_wconf 80' lang='lat' dir='ltr'><strong>quo</strong></span> <span class='ocrx_word' id='word_1_150' title='bbox 331 1107 458 1142; x_wconf 74' lang='lat' dir='ltr'><strong>ingressus</strong></span> <span class='ocrx_word' id='word_1_151' title='bbox 471 1112 507 1134; x_wconf 77' lang='lat' dir='ltr'><strong>est</strong></span> <span class='ocrx_word' id='word_1_152' title='bbox 518 1107 624 1135; x_wconf 74' lang='lat' dir='ltr'><strong>Nullum</strong></span> <span class='ocrx_word' id='word_1_153' title='bbox 635 1107 868 1142; x_wconf 79' lang='lat' dir='ltr'><strong>(a)Azotum(Isai.</strong></span> <span class='ocrx_word' id='word_1_154' title='bbox 879 1107 925 1135; x_wconf 71' lang='lat'><strong>20.</strong></span> <span class='ocrx_word' id='word_1_155' title='bbox 934 1108 963 1143; x_wconf 78' lang='grc'><strong>1)</strong></span> <span class='ocrx_word' id='word_1_156' title='bbox 976 1117 983 1142; x_wconf 89' lang='grc'><strong>;</strong></span> <span class='ocrx_word' id='word_1_157' title='bbox 997 1115 1067 1136; x_wconf 89' lang='lat' dir='ltr'><strong>nunc</strong></span> 
     </span>
    </p>
   </div>
   <div class='ocr_carea' id='block_1_22' title="bbox 274 1151 1067 1188">
    <p class='ocr_par' dir='ltr' id='par_1_22' title="bbox 274 1151 1067 1188">
     <span class='ocr_line' id='line_1_22' title="bbox 274 1151 1067 1188; baseline 0.003 -9"><span class='ocrx_word' id='word_1_158' title='bbox 274 1159 340 1179; x_wconf 90' lang='lat' dir='ltr'><strong>vero</strong></span> <span class='ocrx_word' id='word_1_159' title='bbox 356 1161 363 1179; x_wconf 93' lang='lat'>:</span> <span class='ocrx_word' id='word_1_160' title='bbox 381 1151 416 1178; x_wconf 88' lang='lat' dir='ltr'><strong>Et</strong></span> <span class='ocrx_word' id='word_1_161' title='bbox 429 1154 524 1188; x_wconf 80' lang='lat' dir='ltr'><strong>factum</strong></span> <span class='ocrx_word' id='word_1_162' title='bbox 539 1157 575 1180; x_wconf 72' lang='lat' dir='ltr'><strong>est</strong></span> <span class='ocrx_word' id='word_1_163' title='bbox 591 1153 618 1180; x_wconf 83' lang='lat' dir='ltr'><strong>in</strong></span> <span class='ocrx_word' id='word_1_164' title='bbox 640 1160 707 1179; x_wconf 82' lang='lat' dir='ltr'><strong>anno</strong></span> <span class='ocrx_word' id='word_1_165' title='bbox 725 1153 752 1179; x_wconf 86' lang='lat' dir='ltr'><strong>in</strong></span> <span class='ocrx_word' id='word_1_166' title='bbox 771 1160 821 1187; x_wconf 86' lang='lat' dir='ltr'><strong>quo</strong></span> <span class='ocrx_word' id='word_1_167' title='bbox 841 1158 956 1180; x_wconf 74' lang='lat' dir='ltr'><strong>mortuus</strong></span> <span class='ocrx_word' id='word_1_168' title='bbox 975 1158 1010 1181; x_wconf 73' lang='lat' dir='ltr'><strong>est</strong></span> <span class='ocrx_word' id='word_1_169' title='bbox 1022 1162 1067 1181; x_wconf 69' lang='lat' dir='ltr'><strong>rex</strong></span> 
     </span>
    </p>
   </div>
   <div class='ocr_carea' id='block_1_23' title="bbox 276 1197 1068 1234">
    <p class='ocr_par' dir='ltr' id='par_1_23' title="bbox 276 1197 1068 1234">
     <span class='ocr_line' id='line_1_23' title="bbox 276 1197 1068 1234; baseline 0.004 -10"><span class='ocrx_word' id='word_1_170' title='bbox 276 1197 363 1231; x_wconf 78' lang='lat' dir='ltr'><strong>Ozias,</strong></span> <span class='ocrx_word' id='word_1_171' title='bbox 376 1198 429 1226; x_wconf 75' lang='lat' dir='ltr'><strong>uidi</strong></span> <span class='ocrx_word' id='word_1_172' title='bbox 443 1198 582 1226; x_wconf 86' lang='lat' dir='ltr'><strong>Dominum</strong></span> <span class='ocrx_word' id='word_1_173' title='bbox 602 1198 728 1226; x_wconf 72' lang='lat' dir='ltr'><strong>sedentem</strong></span> <span class='ocrx_word' id='word_1_174' title='bbox 740 1207 816 1234; x_wconf 74' lang='lat' dir='ltr'><strong>super</strong></span> <span class='ocrx_word' id='word_1_175' title='bbox 836 1199 928 1227; x_wconf 78' lang='lat' dir='ltr'><strong>solium</strong></span> <span class='ocrx_word' id='word_1_176' title='bbox 942 1200 1068 1227; x_wconf 73' lang='lat' dir='ltr'><strong>excelsum</strong></span> 
     </span>
    </p>
   </div>
   <div class='ocr_carea' id='block_1_24' title="bbox 274 1243 1066 1280">
    <p class='ocr_par' dir='ltr' id='par_1_24' title="bbox 274 1243 1066 1280">
     <span class='ocr_line' id='line_1_24' title="bbox 274 1243 1066 1280; baseline 0.003 -10"><span class='ocrx_word' id='word_1_177' title='bbox 274 1249 298 1270; x_wconf 76' lang='lat' dir='ltr'><strong>et</strong></span> <span class='ocrx_word' id='word_1_178' title='bbox 320 1244 444 1271; x_wconf 79' lang='lat' dir='ltr'><strong>eleuatum</strong></span> <span class='ocrx_word' id='word_1_179' title='bbox 467 1244 542 1278; x_wconf 77' lang='lat' dir='ltr'><strong>(lsai.</strong></span> <span class='ocrx_word' id='word_1_180' title='bbox 558 1244 585 1271; x_wconf 84' lang='lat'><strong>6.</strong></span> <span class='ocrx_word' id='word_1_181' title='bbox 611 1244 649 1279; x_wconf 78' lang='lat' dir='ltr'><strong>l).</strong></span> <span class='ocrx_word' id='word_1_182' title='bbox 673 1243 731 1272; x_wconf 90' lang='lat' dir='ltr'><strong>Non</strong></span> <span class='ocrx_word' id='word_1_183' title='bbox 749 1245 820 1272; x_wconf 89' lang='lat' dir='ltr'><strong>enim</strong></span> <span class='ocrx_word' id='word_1_184' title='bbox 845 1245 1066 1280; x_wconf 78' lang='lat' dir='ltr'><strong>quemadmodum</strong></span> 
     </span>
    </p>
   </div>
   <div class='ocr_carea' id='block_1_25' title="bbox 277 1289 1064 1326">
    <p class='ocr_par' dir='ltr' id='par_1_25' title="bbox 277 1289 1064 1326">
     <span class='ocr_line' id='line_1_25' title="bbox 277 1289 1064 1326; baseline 0.005 -10"><span class='ocrx_word' id='word_1_185' title='bbox 277 1290 351 1318; x_wconf 83' lang='lat' dir='ltr'><strong>Pauli</strong></span> <span class='ocrx_word' id='word_1_186' title='bbox 374 1289 501 1325; x_wconf 68' lang='lat' dir='ltr'><strong>Epistola:</strong></span> <span class='ocrx_word' id='word_1_187' title='bbox 514 1295 540 1318; x_wconf 90' lang='lat' dir='ltr'><strong>et</strong></span> <span class='ocrx_word' id='word_1_188' title='bbox 557 1290 699 1326; x_wconf 82' lang='lat' dir='ltr'><strong>Evangelia</strong></span> <span class='ocrx_word' id='word_1_189' title='bbox 719 1291 745 1318; x_wconf 95' lang='lat' dir='ltr'><strong>in</strong></span> <span class='ocrx_word' id='word_1_190' title='bbox 763 1299 845 1319; x_wconf 87' lang='lat' dir='ltr'><strong>unum</strong></span> <span class='ocrx_word' id='word_1_191' title='bbox 858 1291 970 1320; x_wconf 87' lang='lat' dir='ltr'><strong>collecta</strong></span> <span class='ocrx_word' id='word_1_192' title='bbox 993 1297 1064 1325; x_wconf 85' lang='lat' dir='ltr'><strong>sunt,</strong></span> 
     </span>
    </p>
   </div>
   <div class='ocr_carea' id='block_1_26' title="bbox 275 1335 1064 1373">
    <p class='ocr_par' dir='ltr' id='par_1_26' title="bbox 275 1335 1064 1373">
     <span class='ocr_line' id='line_1_26' title="bbox 275 1335 1064 1373; baseline 0.004 -11"><span class='ocrx_word' id='word_1_193' title='bbox 275 1335 311 1362; x_wconf 91' lang='lat' dir='ltr'><strong>ita</strong></span> <span class='ocrx_word' id='word_1_194' title='bbox 326 1340 354 1363; x_wconf 89' lang='lat' dir='ltr'><strong>et</strong></span> <span class='ocrx_word' id='word_1_195' title='bbox 366 1336 523 1371; x_wconf 56' lang='lat' dir='ltr'><strong>prophetia,</strong></span> <span class='ocrx_word' id='word_1_196' title='bbox 534 1337 582 1365; x_wconf 86' lang='lat' dir='ltr'><strong>sed</strong></span> <span class='ocrx_word' id='word_1_197' title='bbox 597 1337 667 1372; x_wconf 91' lang='lat' dir='ltr'><strong>quod</strong></span> <span class='ocrx_word' id='word_1_198' title='bbox 681 1337 747 1371; x_wconf 81' lang='lat' dir='ltr'><strong>dixi,</strong></span> <span class='ocrx_word' id='word_1_199' title='bbox 761 1337 873 1366; x_wconf 86' lang='lat' dir='ltr'><strong>diversis</strong></span> <span class='ocrx_word' id='word_1_200' title='bbox 890 1338 1064 1373; x_wconf 88' lang='lat' dir='ltr'><strong>temporibus.</strong></span> 
     </span>
    </p>
   </div>
   <div class='ocr_carea' id='block_1_27' title="bbox 275 1380 1065 1419">
    <p class='ocr_par' dir='ltr' id='par_1_27' title="bbox 275 1380 1065 1419">
     <span class='ocr_line' id='line_1_27' title="bbox 275 1380 1065 1419; baseline 0.004 -11"><span class='ocrx_word' id='word_1_201' title='bbox 275 1380 353 1409; x_wconf 87' lang='lat' dir='ltr'><strong>Unde</strong></span> <span class='ocrx_word' id='word_1_202' title='bbox 365 1381 399 1409; x_wconf 88' lang='lat' dir='ltr'><strong>ab</strong></span> <span class='ocrx_word' id='word_1_203' title='bbox 411 1382 464 1409; x_wconf 88' lang='lat' dir='ltr'><strong>alio</strong></span> <span class='ocrx_word' id='word_1_204' title='bbox 475 1381 588 1410; x_wconf 84' lang='lat' dir='ltr'><strong>exordio</strong></span> <span class='ocrx_word' id='word_1_205' title='bbox 606 1387 765 1417; x_wconf 71' lang='lat' dir='ltr'><strong>przesentem</strong></span> <span class='ocrx_word' id='word_1_206' title='bbox 778 1383 786 1398; x_wconf 83' lang='grc'><strong><em>²</em></strong></span> <span class='ocrx_word' id='word_1_207' title='bbox 802 1391 954 1411; x_wconf 88' lang='lat' dir='ltr'><strong>sermonem</strong></span> <span class='ocrx_word' id='word_1_208' title='bbox 962 1384 1065 1419; x_wconf 88' lang='lat' dir='ltr'><strong>incipit.</strong></span> 
     </span>
    </p>
   </div>
   <div class='ocr_carea' id='block_1_28' title="bbox 274 1426 1067 1464">
    <p class='ocr_par' dir='ltr' id='par_1_28' title="bbox 274 1426 1067 1464">
     <span class='ocr_line' id='line_1_28' title="bbox 274 1426 1067 1464; baseline 0.004 -10"><span class='ocrx_word' id='word_1_209' title='bbox 274 1426 367 1462; x_wconf 81' lang='lat' dir='ltr'><strong>Neque</strong></span> <span class='ocrx_word' id='word_1_210' title='bbox 392 1426 451 1454; x_wconf 90' lang='lat' dir='ltr'><strong>ideo</strong></span> <span class='ocrx_word' id='word_1_211' title='bbox 469 1431 582 1461; x_wconf 89' lang='lat' dir='ltr'><strong>tantum,</strong></span> <span class='ocrx_word' id='word_1_212' title='bbox 597 1427 645 1455; x_wconf 87' lang='lat' dir='ltr'><strong>sed</strong></span> <span class='ocrx_word' id='word_1_213' title='bbox 660 1428 721 1463; x_wconf 88' lang='lat' dir='ltr'><strong>quia</strong></span> <span class='ocrx_word' id='word_1_214' title='bbox 742 1433 938 1463; x_wconf 83' lang='lat' dir='ltr'><strong>argumentum,</strong></span> <span class='ocrx_word' id='word_1_215' title='bbox 956 1429 990 1456; x_wconf 90' lang='lat' dir='ltr'><strong>de</strong></span> <span class='ocrx_word' id='word_1_216' title='bbox 1014 1437 1067 1464; x_wconf 92' lang='lat' dir='ltr'><strong>quo</strong></span> 
     </span>
    </p>
   </div>
   <div class='ocr_carea' id='block_1_29' title="bbox 276 1472 1064 1510">
    <p class='ocr_par' dir='ltr' id='par_1_29' title="bbox 276 1472 1064 1510">
     <span class='ocr_line' id='line_1_29' title="bbox 276 1472 1064 1510; baseline 0.004 -11"><span class='ocrx_word' id='word_1_217' title='bbox 276 1472 434 1508; x_wconf 83' lang='lat' dir='ltr'><strong>loquuturus</strong></span> <span class='ocrx_word' id='word_1_218' title='bbox 453 1476 505 1506; x_wconf 88' lang='lat' dir='ltr'><strong>est,</strong></span> <span class='ocrx_word' id='word_1_219' title='bbox 519 1473 600 1509; x_wconf 84' lang='lat' dir='ltr'><strong>longo</strong></span> <span class='ocrx_word' id='word_1_220' title='bbox 612 1474 699 1508; x_wconf 89' lang='lat' dir='ltr'><strong>spatio</strong></span> <span class='ocrx_word' id='word_1_221' title='bbox 712 1473 793 1501; x_wconf 85' lang='lat' dir='ltr'><strong>distat</strong></span> <span class='ocrx_word' id='word_1_222' title='bbox 804 1481 819 1501; x_wconf 89' lang='lat' dir='ltr'><strong>a</strong></span> <span class='ocrx_word' id='word_1_223' title='bbox 833 1474 1046 1510; x_wconf 76' lang='lat' dir='ltr'><strong>praecedentibus</strong></span> <span class='ocrx_word' id='word_1_224' title='bbox 1057 1496 1064 1508; x_wconf 94' lang='lat'><strong>,</strong></span> 
     </span>
    </p>
   </div>
   <div class='ocr_carea' id='block_1_30' title="bbox 275 1518 1067 1555">
    <p class='ocr_par' dir='ltr' id='par_1_30' title="bbox 275 1518 1067 1555">
     <span class='ocr_line' id='line_1_30' title="bbox 275 1518 1067 1555; baseline 0.004 -9"><span class='ocrx_word' id='word_1_225' title='bbox 275 1518 466 1555; x_wconf 84' lang='lat' dir='ltr'><strong>sublimiusque</strong></span> <span class='ocrx_word' id='word_1_226' title='bbox 474 1524 525 1547; x_wconf 87' lang='lat' dir='ltr'><strong>est.</strong></span> <span class='ocrx_word' id='word_1_227' title='bbox 541 1520 603 1555; x_wconf 79' lang='lat' dir='ltr'><strong>Agit.</strong></span> <span class='ocrx_word' id='word_1_228' title='bbox 613 1520 684 1548; x_wconf 91' lang='lat' dir='ltr'><strong>enim</strong></span> <span class='ocrx_word' id='word_1_229' title='bbox 695 1520 729 1548; x_wconf 88' lang='lat' dir='ltr'><strong>de</strong></span> <span class='ocrx_word' id='word_1_230' title='bbox 739 1520 857 1555; x_wconf 81' lang='lat' dir='ltr'><strong>gentium</strong></span> <span class='ocrx_word' id='word_1_231' title='bbox 870 1521 1019 1555; x_wconf 86' lang='lat' dir='ltr'><strong>vocatione,</strong></span> <span class='ocrx_word' id='word_1_232' title='bbox 1033 1521 1067 1549; x_wconf 84' lang='lat' dir='ltr'><strong>de</strong></span> 
     </span>
    </p>
   </div>
   <div class='ocr_carea' id='block_1_31' title="bbox 276 1564 1066 1601">
    <p class='ocr_par' dir='ltr' id='par_1_31' title="bbox 276 1564 1066 1601">
     <span class='ocr_line' id='line_1_31' title="bbox 276 1564 1066 1601; baseline 0.004 -10"><span class='ocrx_word' id='word_1_233' title='bbox 276 1564 472 1598; x_wconf 68' lang='lat' dir='ltr'><strong>[irtedicationis</strong></span> <span class='ocrx_word' id='word_1_234' title='bbox 481 1566 607 1600; x_wconf 88' lang='lat' dir='ltr'><strong>adventu,</strong></span> <span class='ocrx_word' id='word_1_235' title='bbox 623 1566 656 1594; x_wconf 93' lang='lat' dir='ltr'><strong>de</strong></span> <span class='ocrx_word' id='word_1_236' title='bbox 666 1566 817 1601; x_wconf 82' lang='lat' dir='ltr'><strong>cognitione</strong></span> <span class='ocrx_word' id='word_1_237' title='bbox 827 1574 875 1601; x_wconf 91' lang='lat' dir='ltr'><strong>per</strong></span> <span class='ocrx_word' id='word_1_238' title='bbox 881 1570 964 1594; x_wconf 82' lang='lat' dir='ltr'><strong>totum</strong></span> <span class='ocrx_word' id='word_1_239' title='bbox 975 1567 1066 1595; x_wconf 91' lang='lat' dir='ltr'><strong>orbem</strong></span> 
     </span>
    </p>
   </div>
   <div class='ocr_carea' id='block_1_32' title="bbox 274 1610 1067 1646">
    <p class='ocr_par' dir='ltr' id='par_1_32' title="bbox 274 1610 1067 1646">
     <span class='ocr_line' id='line_1_32' title="bbox 274 1610 1067 1646; baseline 0.005 -10"><span class='ocrx_word' id='word_1_240' title='bbox 274 1614 384 1637; x_wconf 85' lang='lat' dir='ltr'><strong>extensa</strong></span> <span class='ocrx_word' id='word_1_241' title='bbox 396 1631 404 1643; x_wconf 93' lang='lat'><strong>,</strong></span> <span class='ocrx_word' id='word_1_242' title='bbox 415 1615 443 1638; x_wconf 88' lang='lat' dir='ltr'><strong>et</strong></span> <span class='ocrx_word' id='word_1_243' title='bbox 462 1610 496 1638; x_wconf 91' lang='lat' dir='ltr'><strong>de</strong></span> <span class='ocrx_word' id='word_1_244' title='bbox 520 1619 586 1646; x_wconf 88' lang='lat' dir='ltr'><strong>pace</strong></span> <span class='ocrx_word' id='word_1_245' title='bbox 605 1611 697 1639; x_wconf 87' lang='lat' dir='ltr'><strong>orbem</strong></span> <span class='ocrx_word' id='word_1_246' title='bbox 715 1616 884 1646; x_wconf 87' lang='lat' dir='ltr'><strong>occupatura.</strong></span> <span class='ocrx_word' id='word_1_247' title='bbox 908 1611 983 1646; x_wconf 88' lang='lat' dir='ltr'><strong>Quod</strong></span> <span class='ocrx_word' id='word_1_248' title='bbox 997 1612 1019 1640; x_wconf 90' lang='lat' dir='ltr'><strong>si</strong></span> <span class='ocrx_word' id='word_1_249' title='bbox 1032 1612 1067 1640; x_wconf 88' lang='lat' dir='ltr'><strong>de</strong></span> 
     </span>
    </p>
   </div>
   <div class='ocr_carea' id='block_1_33' title="bbox 276 1655 1064 1692">
    <p class='ocr_par' dir='ltr' id='par_1_33' title="bbox 276 1655 1064 1692">
     <span class='ocr_line' id='line_1_33' title="bbox 276 1655 1064 1692; baseline 0.004 -10"><span class='ocrx_word' id='word_1_250' title='bbox 276 1655 372 1683; x_wconf 88' lang='lat' dir='ltr'><strong>talibus</strong></span> <span class='ocrx_word' id='word_1_251' title='bbox 386 1659 545 1684; x_wconf 85' lang='lat' dir='ltr'><strong>tractaturus</strong></span> <span class='ocrx_word' id='word_1_252' title='bbox 557 1656 736 1692; x_wconf 77' lang='lat' dir='ltr'><strong>dogmatibus,</strong></span> <span class='ocrx_word' id='word_1_253' title='bbox 748 1656 867 1685; x_wconf 59' lang='lat' dir='ltr'><strong>Iud-ceam</strong></span> <span class='ocrx_word' id='word_1_254' title='bbox 880 1661 907 1685; x_wconf 93' lang='lat' dir='ltr'><strong>et</strong></span> <span class='ocrx_word' id='word_1_255' title='bbox 917 1657 1064 1686; x_wconf 86' lang='lat' dir='ltr'><strong>Jerusalem</strong></span> 
     </span>
    </p>
   </div>
   <div class='ocr_carea' id='block_1_34' title="bbox 274 1701 1067 1738">
    <p class='ocr_par' dir='ltr' id='par_1_34' title="bbox 274 1701 1067 1738">
     <span class='ocr_line' id='line_1_34' title="bbox 274 1701 1067 1738; baseline 0.003 -9"><span class='ocrx_word' id='word_1_256' title='bbox 274 1706 415 1735; x_wconf 86' lang='lat' dir='ltr'><strong>memorat,</strong></span> <span class='ocrx_word' id='word_1_257' title='bbox 428 1701 494 1730; x_wconf 88' lang='lat' dir='ltr'><strong>nihil</strong></span> <span class='ocrx_word' id='word_1_258' title='bbox 507 1703 615 1730; x_wconf 90' lang='lat' dir='ltr'><strong>mirum.</strong></span> <span class='ocrx_word' id='word_1_259' title='bbox 626 1703 702 1737; x_wconf 83' lang='lat' dir='ltr'><strong>Quod</strong></span> <span class='ocrx_word' id='word_1_260' title='bbox 717 1703 787 1730; x_wconf 89' lang='lat' dir='ltr'><strong>enim</strong></span> <span class='ocrx_word' id='word_1_261' title='bbox 797 1702 936 1730; x_wconf 84' lang='lat' dir='ltr'><strong>dicebatur</strong></span> <span class='ocrx_word' id='word_1_262' title='bbox 950 1703 1067 1738; x_wconf 84' lang='lat' dir='ltr'><strong>prophe-</strong></span> 
     </span>
    </p>
   </div>
   <div class='ocr_carea' id='block_1_35' title="bbox 276 1747 1063 1783">
    <p class='ocr_par' dir='ltr' id='par_1_35' title="bbox 276 1747 1063 1783">
     <span class='ocr_line' id='line_1_35' title="bbox 276 1747 1063 1783; baseline 0.005 -10"><span class='ocrx_word' id='word_1_263' title='bbox 276 1749 312 1774; x_wconf 83' lang='lat' dir='ltr'><strong>tia</strong></span> <span class='ocrx_word' id='word_1_264' title='bbox 339 1747 462 1778; x_wconf 87' lang='lat' dir='ltr'><strong>erat,his</strong></span> <span class='ocrx_word' id='word_1_265' title='bbox 490 1749 627 1775; x_wconf 92' lang='lat' dir='ltr'><strong>nominum</strong></span> <span class='ocrx_word' id='word_1_266' title='bbox 652 1748 876 1783; x_wconf 86' lang='lat' dir='ltr'><strong>appellationibus</strong></span> <span class='ocrx_word' id='word_1_267' title='bbox 899 1749 1063 1778; x_wconf 83' lang='lat' dir='ltr'><strong>adumbrata.</strong></span> 
     </span>
    </p>
   </div>
   <div class='ocr_carea' id='block_1_36' title="bbox 275 1793 1067 1831">
    <p class='ocr_par' dir='ltr' id='par_1_36' title="bbox 275 1793 1067 1831">
     <span class='ocr_line' id='line_1_36' title="bbox 275 1793 1067 1831; baseline 0.005 -12"><span class='ocrx_word' id='word_1_268' title='bbox 275 1793 495 1828; x_wconf 86' lang='lat' dir='ltr'><strong>Quandoquidem</strong></span> <span class='ocrx_word' id='word_1_269' title='bbox 508 1793 591 1821; x_wconf 84' lang='lat' dir='ltr'><strong>David</strong></span> <span class='ocrx_word' id='word_1_270' title='bbox 614 1794 748 1821; x_wconf 85' lang='lat' dir='ltr'><strong>Psalmum</strong></span> <span class='ocrx_word' id='word_1_271' title='bbox 771 1795 994 1830; x_wconf 82' lang='lat' dir='ltr'><strong>septuagesimum</strong></span> <span class='ocrx_word' id='word_1_272' title='bbox 1011 1796 1067 1831; x_wconf 86' lang='lat' dir='ltr'><strong>pri-</strong></span> 
     </span>
    </p>
   </div>
   <div class='ocr_carea' id='block_1_37' title="bbox 276 1839 1069 1876">
    <p class='ocr_par' dir='ltr' id='par_1_37' title="bbox 276 1839 1069 1876">
     <span class='ocr_line' id='line_1_37' title="bbox 276 1839 1069 1876; baseline 0.004 -11"><span class='ocrx_word' id='word_1_273' title='bbox 276 1846 348 1865; x_wconf 91' lang='lat' dir='ltr'><strong>mum</strong></span> <span class='ocrx_word' id='word_1_274' title='bbox 361 1839 565 1873; x_wconf 87' lang='lat' dir='ltr'><strong>compositurus,</strong></span> <span class='ocrx_word' id='word_1_275' title='bbox 581 1839 657 1866; x_wconf 91' lang='lat' dir='ltr'><strong>illum</strong></span> <span class='ocrx_word' id='word_1_276' title='bbox 672 1839 995 1875; x_wconf 85' lang='lat' dir='ltr'><strong>Salomoniinscripsit,et</strong></span> <span class='ocrx_word' id='word_1_277' title='bbox 1006 1848 1069 1876; x_wconf 85' lang='lat' dir='ltr'><strong>pro-</strong></span> 
     </span>
    </p>
   </div>
   <div class='ocr_carea' id='block_1_38' title="bbox 275 1885 1069 1923">
    <p class='ocr_par' dir='ltr' id='par_1_38' title="bbox 275 1885 1069 1923">
     <span class='ocr_line' id='line_1_38' title="bbox 275 1885 1069 1923; baseline 0.005 -12"><span class='ocrx_word' id='word_1_278' title='bbox 275 1892 384 1920; x_wconf 72' lang='lat' dir='ltr'><strong>gressus</strong></span> <span class='ocrx_word' id='word_1_279' title='bbox 403 1885 483 1921; x_wconf 77' lang='lat' dir='ltr'><strong>longe</strong></span> <span class='ocrx_word' id='word_1_280' title='bbox 497 1885 598 1920; x_wconf 83' lang='lat' dir='ltr'><strong>majora</strong></span> <span class='ocrx_word' id='word_1_281' title='bbox 617 1885 767 1914; x_wconf 90' lang='lat' dir='ltr'><strong>Salomonis</strong></span> <span class='ocrx_word' id='word_1_282' title='bbox 778 1886 924 1921; x_wconf 75' lang='lat' dir='ltr'><strong>dignitate,</strong></span> <span class='ocrx_word' id='word_1_283' title='bbox 942 1887 996 1914; x_wconf 88' lang='lat' dir='ltr'><strong>imo</strong></span> <span class='ocrx_word' id='word_1_284' title='bbox 1016 1895 1069 1923; x_wconf 91' lang='lat' dir='ltr'><strong>po-</strong></span> 
     </span>
    </p>
   </div>
   <div class='ocr_carea' id='block_1_39' title="bbox 278 1929 1068 1966">
    <p class='ocr_par' dir='ltr' id='par_1_39' title="bbox 278 1929 1068 1966">
     <span class='ocr_line' id='line_1_39' title="bbox 278 1929 1068 1966; baseline 0.005 -10"><span class='ocrx_word' id='word_1_285' title='bbox 278 1931 329 1957; x_wconf 89' lang='lat' dir='ltr'><strong>tius</strong></span> <span class='ocrx_word' id='word_1_286' title='bbox 344 1935 398 1957; x_wconf 89' lang='lat' dir='ltr'><strong>tota</strong></span> <span class='ocrx_word' id='word_1_287' title='bbox 416 1929 553 1958; x_wconf 86' lang='lat' dir='ltr'><strong>hominum</strong></span> <span class='ocrx_word' id='word_1_288' title='bbox 569 1934 662 1958; x_wconf 87' lang='lat' dir='ltr'><strong>natura</strong></span> <span class='ocrx_word' id='word_1_289' title='bbox 673 1930 764 1958; x_wconf 80' lang='lat' dir='ltr'><strong>vidit’.</strong></span> <span class='ocrx_word' id='word_1_290' title='bbox 776 1931 842 1959; x_wconf 87' lang='lat' dir='ltr'><strong>Illud</strong></span> <span class='ocrx_word' id='word_1_291' title='bbox 856 1931 937 1966; x_wconf 88' lang='lat' dir='ltr'><strong>enim,</strong></span> <span class='ocrx_word' id='word_1_292' title='bbox 950 1932 1015 1959; x_wconf 82' lang='lat' dir='ltr'><strong>Ante</strong></span> <span class='ocrx_word' id='word_1_293' title='bbox 1027 1941 1068 1960; x_wconf 75' lang='lat' dir='ltr'><strong>so-</strong></span> 
     </span>
    </p>
   </div>
   <div class='ocr_carea' id='block_1_40' title="bbox 277 1977 1069 2015">
    <p class='ocr_par' dir='ltr' id='par_1_40' title="bbox 277 1977 1069 2015">
     <span class='ocr_line' id='line_1_40' title="bbox 277 1977 1069 2015; baseline 0.005 -13"><span class='ocrx_word' id='word_1_294' title='bbox 277 1977 326 2003; x_wconf 87' lang='lat' dir='ltr'><strong>lem</strong></span> <span class='ocrx_word' id='word_1_295' title='bbox 344 1981 471 2013; x_wconf 87' lang='lat' dir='ltr'><strong>permanet</strong></span> <span class='ocrx_word' id='word_1_296' title='bbox 483 1985 574 2004; x_wconf 83' lang='lat' dir='ltr'><strong>nomen</strong></span> <span class='ocrx_word' id='word_1_297' title='bbox 586 1977 641 2012; x_wconf 78' lang='lat' dir='ltr'><strong>eius</strong></span> <span class='ocrx_word' id='word_1_298' title='bbox 652 1998 660 2012; x_wconf 87' lang='lat'><strong>,</strong></span> <span class='ocrx_word' id='word_1_299' title='bbox 670 1982 697 2005; x_wconf 90' lang='lat' dir='ltr'><strong>et</strong></span> <span class='ocrx_word' id='word_1_300' title='bbox 706 1997 713 2010; x_wconf 94' lang='lat'><strong>,</strong></span> <span class='ocrx_word' id='word_1_301' title='bbox 728 1977 792 2004; x_wconf 83' lang='lat' dir='ltr'><strong>Ante</strong></span> <span class='ocrx_word' id='word_1_302' title='bbox 804 1977 889 2005; x_wconf 86' lang='lat' dir='ltr'><strong>lunam</strong></span> <span class='ocrx_word' id='word_1_303' title='bbox 902 1978 1007 2006; x_wconf 80' lang='lat' dir='ltr'><strong>thronus</strong></span> <span class='ocrx_word' id='word_1_304' title='bbox 1015 1980 1069 2015; x_wconf 81' lang='lat' dir='ltr'><strong>ejus</strong></span> 
     </span>
    </p>
   </div>
   <div class='ocr_carea' id='block_1_41' title="bbox 277 2021 1068 2058">
    <p class='ocr_par' dir='ltr' id='par_1_41' title="bbox 277 2021 1068 2058">
     <span class='ocr_line' id='line_1_41' title="bbox 277 2021 1068 2058; baseline 0.005 -10"><span class='ocrx_word' id='word_1_305' title='bbox 277 2021 363 2056; x_wconf 81' lang='lat' dir='ltr'><strong>(Psal.</strong></span> <span class='ocrx_word' id='word_1_306' title='bbox 375 2023 419 2050; x_wconf 82' lang='lat'><strong>7|.</strong></span> <span class='ocrx_word' id='word_1_307' title='bbox 432 2023 473 2050; x_wconf 86' lang='lat' dir='ltr'><strong>l7.</strong></span> <span class='ocrx_word' id='word_1_308' title='bbox 487 2023 540 2058; x_wconf 82' lang='lat'><strong>5),</strong></span> <span class='ocrx_word' id='word_1_309' title='bbox 556 2023 722 2058; x_wconf 87' lang='lat' dir='ltr'><strong>similiaque,</strong></span> <span class='ocrx_word' id='word_1_310' title='bbox 741 2031 820 2052; x_wconf 93' lang='lat' dir='ltr'><strong>nemo</strong></span> <span class='ocrx_word' id='word_1_311' title='bbox 842 2024 922 2051; x_wconf 89' lang='lat' dir='ltr'><strong>etiam</strong></span> <span class='ocrx_word' id='word_1_312' title='bbox 942 2032 976 2052; x_wconf 90' lang='lat' dir='ltr'><strong>ex</strong></span> <span class='ocrx_word' id='word_1_313' title='bbox 1000 2025 1068 2052; x_wconf 86' lang='lat' dir='ltr'><strong>insi-</strong></span> 
     </span>
    </p>
   </div>
   <div class='ocr_carea' id='block_1_42' title="bbox 277 2068 1068 2106">
    <p class='ocr_par' dir='ltr' id='par_1_42' title="bbox 277 2068 1068 2106">
     <span class='ocr_line' id='line_1_42' title="bbox 277 2068 1068 2106; baseline 0.005 -12"><span class='ocrx_word' id='word_1_314' title='bbox 277 2068 450 2103; x_wconf 69' lang='lat' dir='ltr'><strong>pientioribns</strong></span> <span class='ocrx_word' id='word_1_315' title='bbox 474 2069 571 2096; x_wconf 75' lang='lat' dir='ltr'><strong>dixerit</strong></span> <span class='ocrx_word' id='word_1_316' title='bbox 589 2068 622 2097; x_wconf 93' lang='lat' dir='ltr'><strong>de</strong></span> <span class='ocrx_word' id='word_1_317' title='bbox 642 2069 757 2096; x_wconf 89' lang='lat' dir='ltr'><strong>humana</strong></span> <span class='ocrx_word' id='word_1_318' title='bbox 784 2074 876 2097; x_wconf 88' lang='lat' dir='ltr'><strong>natura</strong></span> <span class='ocrx_word' id='word_1_319' title='bbox 899 2071 1068 2106; x_wconf 89' lang='lat' dir='ltr'><strong>pronuntiata</strong></span> 
     </span>
    </p>
   </div>
   <div class='ocr_carea' id='block_1_43' title="bbox 277 2114 1069 2150">
    <p class='ocr_par' dir='ltr' id='par_1_43' title="bbox 277 2114 1069 2150">
     <span class='ocr_line' id='line_1_43' title="bbox 277 2114 1069 2150; baseline 0.003 -8"><span class='ocrx_word' id='word_1_320' title='bbox 277 2115 368 2142; x_wconf 83' lang='lat' dir='ltr'><strong>fuisse.</strong></span> <span class='ocrx_word' id='word_1_321' title='bbox 394 2114 479 2142; x_wconf 88' lang='lat' dir='ltr'><strong>Jacob</strong></span> <span class='ocrx_word' id='word_1_322' title='bbox 498 2122 619 2150; x_wconf 89' lang='lat' dir='ltr'><strong>quoque,</strong></span> <span class='ocrx_word' id='word_1_323' title='bbox 636 2122 697 2143; x_wconf 86' lang='lat' dir='ltr'><strong>cum</strong></span> <span class='ocrx_word' id='word_1_324' title='bbox 711 2114 779 2149; x_wconf 62' lang='lat' dir='ltr'><strong>haec,</strong></span> <span class='ocrx_word' id='word_1_325' title='bbox 793 2123 853 2150; x_wconf 69' lang='lat' dir='ltr'><strong>qum</strong></span> <span class='ocrx_word' id='word_1_326' title='bbox 866 2123 936 2144; x_wconf 91' lang='lat' dir='ltr'><strong>nunc</strong></span> <span class='ocrx_word' id='word_1_327' title='bbox 950 2116 1069 2145; x_wconf 91' lang='lat' dir='ltr'><strong>dicturus</strong></span> 
     </span>
    </p>
   </div>
   <div class='ocr_carea' id='block_1_44' title="bbox 277 2159 1069 2196">
    <p class='ocr_par' dir='ltr' id='par_1_44' title="bbox 277 2159 1069 2196">
     <span class='ocr_line' id='line_1_44' title="bbox 277 2159 1069 2196; baseline 0.003 -9"><span class='ocrx_word' id='word_1_328' title='bbox 277 2165 319 2188; x_wconf 90' lang='lat' dir='ltr'><strong>est</strong></span> <span class='ocrx_word' id='word_1_329' title='bbox 330 2160 420 2193; x_wconf 88' lang='lat' dir='ltr'><strong>Isaias,</strong></span> <span class='ocrx_word' id='word_1_330' title='bbox 436 2160 489 2188; x_wconf 94' lang='lat' dir='ltr'><strong>imo</strong></span> <span class='ocrx_word' id='word_1_331' title='bbox 500 2159 541 2187; x_wconf 91' lang='lat' dir='ltr'><strong>his</strong></span> <span class='ocrx_word' id='word_1_332' title='bbox 555 2160 629 2195; x_wconf 90' lang='lat' dir='ltr'><strong>plura</strong></span> <span class='ocrx_word' id='word_1_333' title='bbox 639 2160 832 2195; x_wconf 74' lang='lat' dir='ltr'><strong>prmnuntiabat</strong></span> <span class='ocrx_word' id='word_1_334' title='bbox 840 2160 916 2196; x_wconf 85' lang='lat' dir='ltr'><strong>(Gen.</strong></span> <span class='ocrx_word' id='word_1_335' title='bbox 926 2161 972 2196; x_wconf 74' lang='grc'><strong>49)</strong></span> <span class='ocrx_word' id='word_1_336' title='bbox 985 2169 992 2195; x_wconf 90' lang='grc'><strong>;</strong></span> <span class='ocrx_word' id='word_1_337' title='bbox 1007 2169 1069 2189; x_wconf 89' lang='lat' dir='ltr'><strong>nam</strong></span> 
     </span>
    </p>
   </div>
   <div class='ocr_carea' id='block_1_45' title="bbox 277 2206 1070 2241">
    <p class='ocr_par' dir='ltr' id='par_1_45' title="bbox 277 2206 1070 2241">
     <span class='ocr_line' id='line_1_45' title="bbox 277 2206 1070 2241; baseline 0.001 -8"><span class='ocrx_word' id='word_1_338' title='bbox 277 2214 340 2234; x_wconf 88' lang='lat' dir='ltr'><strong>eum</strong></span> <span class='ocrx_word' id='word_1_339' title='bbox 353 2206 472 2241; x_wconf 85' lang='lat' dir='ltr'><strong>gentium</strong></span> <span class='ocrx_word' id='word_1_340' title='bbox 484 2206 623 2234; x_wconf 88' lang='lat' dir='ltr'><strong>vocatione</strong></span> <span class='ocrx_word' id='word_1_341' title='bbox 638 2209 750 2233; x_wconf 88' lang='lat' dir='ltr'><strong>mortem</strong></span> <span class='ocrx_word' id='word_1_342' title='bbox 764 2206 844 2234; x_wconf 89' lang='lat' dir='ltr'><strong>etiam</strong></span> <span class='ocrx_word' id='word_1_343' title='bbox 854 2210 882 2234; x_wconf 88' lang='lat' dir='ltr'><strong>et</strong></span> <span class='ocrx_word' id='word_1_344' title='bbox 896 2208 1070 2235; x_wconf 88' lang='lat' dir='ltr'><strong>resurrectio-</strong></span> 
     </span>
    </p>
   </div>
   <div class='ocr_carea' id='block_1_46' title="bbox 277 2250 1067 2288">
    <p class='ocr_par' dir='ltr' id='par_1_46' title="bbox 277 2250 1067 2288">
     <span class='ocr_line' id='line_1_46' title="bbox 277 2250 1067 2288; baseline 0.003 -9"><span class='ocrx_word' id='word_1_345' title='bbox 277 2259 339 2279; x_wconf 90' lang='lat' dir='ltr'><strong>nem</strong></span> <span class='ocrx_word' id='word_1_346' title='bbox 352 2251 431 2284; x_wconf 82' lang='lat' dir='ltr'><strong>dixit,</strong></span> <span class='ocrx_word' id='word_1_347' title='bbox 441 2256 598 2286; x_wconf 88' lang='lat' dir='ltr'><strong>tempusque</strong></span> <span class='ocrx_word' id='word_1_348' title='bbox 608 2259 660 2286; x_wconf 91' lang='lat' dir='ltr'><strong>quo</strong></span> <span class='ocrx_word' id='word_1_349' title='bbox 670 2250 812 2288; x_wconf 87' lang='lat' dir='ltr'><strong>[Christus]</strong></span> <span class='ocrx_word' id='word_1_350' title='bbox 823 2251 986 2281; x_wconf 82' lang='lat' dir='ltr'><strong>adventuros</strong></span> <span class='ocrx_word' id='word_1_351' title='bbox 993 2258 1067 2286; x_wconf 84' lang='lat' dir='ltr'><strong>erat;</strong></span> 
     </span>
    </p>
   </div>
   <div class='ocr_carea' id='block_1_47' title="bbox 277 2296 1071 2332">
    <p class='ocr_par' dir='ltr' id='par_1_47' title="bbox 277 2296 1071 2332">
     <span class='ocr_line' id='line_1_47' title="bbox 277 2296 1071 2332; baseline 0.003 -8"><span class='ocrx_word' id='word_1_352' title='bbox 277 2305 331 2325; x_wconf 92' lang='lat' dir='ltr'><strong>non</strong></span> <span class='ocrx_word' id='word_1_353' title='bbox 346 2302 435 2325; x_wconf 87' lang='lat' dir='ltr'><strong>tamen</strong></span> <span class='ocrx_word' id='word_1_354' title='bbox 448 2297 493 2324; x_wconf 83' lang='lat' dir='ltr'><strong>ille</strong></span> <span class='ocrx_word' id='word_1_355' title='bbox 507 2297 565 2325; x_wconf 67' lang='lat' dir='ltr'><strong>haec</strong></span> <span class='ocrx_word' id='word_1_356' title='bbox 578 2296 647 2324; x_wconf 90' lang='lat' dir='ltr'><strong>nude</strong></span> <span class='ocrx_word' id='word_1_357' title='bbox 663 2296 781 2332; x_wconf 88' lang='lat' dir='ltr'><strong>protulit,</strong></span> <span class='ocrx_word' id='word_1_358' title='bbox 797 2297 843 2324; x_wconf 91' lang='lat' dir='ltr'><strong>sed</strong></span> <span class='ocrx_word' id='word_1_359' title='bbox 853 2305 965 2332; x_wconf 86' lang='lat' dir='ltr'><strong>persona</strong></span> <span class='ocrx_word' id='word_1_360' title='bbox 979 2303 1006 2326; x_wconf 92' lang='lat' dir='ltr'><strong>et</strong></span> <span class='ocrx_word' id='word_1_361' title='bbox 1019 2306 1071 2326; x_wconf 83' lang='lat' dir='ltr'><strong>no-</strong></span> 
     </span>
    </p>
   </div>
   <div class='ocr_carea' id='block_1_48' title="bbox 279 2342 1070 2378">
    <p class='ocr_par' dir='ltr' id='par_1_48' title="bbox 279 2342 1070 2378">
     <span class='ocr_line' id='line_1_48' title="bbox 279 2342 1070 2378; baseline 0.003 -8"><span class='ocrx_word' id='word_1_362' title='bbox 279 2343 352 2370; x_wconf 90' lang='lat' dir='ltr'><strong>mine</strong></span> <span class='ocrx_word' id='word_1_363' title='bbox 365 2343 425 2371; x_wconf 90' lang='lat' dir='ltr'><strong>Filii</strong></span> <span class='ocrx_word' id='word_1_364' title='bbox 445 2343 486 2371; x_wconf 85' lang='lat' dir='ltr'><strong>stti</strong></span> <span class='ocrx_word' id='word_1_365' title='bbox 505 2342 549 2370; x_wconf 89' lang='lat' dir='ltr'><strong>illa</strong></span> <span class='ocrx_word' id='word_1_366' title='bbox 573 2342 700 2378; x_wconf 85' lang='lat' dir='ltr'><strong>obtegens</strong></span> <span class='ocrx_word' id='word_1_367' title='bbox 719 2350 779 2378; x_wconf 58' lang='lat' dir='ltr'><strong>quas</strong></span> <span class='ocrx_word' id='word_1_368' title='bbox 803 2343 921 2371; x_wconf 90' lang='lat' dir='ltr'><strong>dicturus</strong></span> <span class='ocrx_word' id='word_1_369' title='bbox 948 2349 1015 2378; x_wconf 90' lang='lat' dir='ltr'><strong>erat,</strong></span> <span class='ocrx_word' id='word_1_370' title='bbox 1031 2345 1070 2372; x_wconf 88' lang='lat' dir='ltr'><strong>sic</strong></span> 
     </span>
    </p>
   </div>
   <div class='ocr_carea' id='block_1_49' title="bbox 278 2387 1070 2423">
    <p class='ocr_par' dir='ltr' id='par_1_49' title="bbox 278 2387 1070 2423">
     <span class='ocr_line' id='line_1_49' title="bbox 278 2387 1070 2423; baseline 0.003 -8"><span class='ocrx_word' id='word_1_371' title='bbox 278 2388 476 2422; x_wconf 66' lang='lat' dir='ltr'><strong>prtenuntiavit,</strong></span> <span class='ocrx_word' id='word_1_372' title='bbox 490 2388 565 2423; x_wconf 90' lang='lat' dir='ltr'><strong>quasi</strong></span> <span class='ocrx_word' id='word_1_373' title='bbox 578 2395 609 2415; x_wconf 88' lang='lat' dir='ltr'><strong>ea</strong></span> <span class='ocrx_word' id='word_1_374' title='bbox 622 2395 680 2423; x_wconf 71' lang='lat' dir='ltr'><strong>qua:</strong></span> <span class='ocrx_word' id='word_1_375' title='bbox 691 2387 768 2415; x_wconf 67' lang='lat' dir='ltr'><strong>Iuda:</strong></span> <span class='ocrx_word' id='word_1_376' title='bbox 779 2394 906 2416; x_wconf 84' lang='lat' dir='ltr'><strong>eventura</strong></span> <span class='ocrx_word' id='word_1_377' title='bbox 920 2394 996 2417; x_wconf 89' lang='lat' dir='ltr'><strong>erant.</strong></span> <span class='ocrx_word' id='word_1_378' title='bbox 1012 2397 1070 2418; x_wconf 85' lang='lat' dir='ltr'><strong>me-</strong></span> 
     </span>
    </p>
   </div>
   <div class='ocr_carea' id='block_1_50' title="bbox 280 2434 1070 2472">
    <p class='ocr_par' dir='ltr' id='par_1_50' title="bbox 280 2434 1070 2472">
     <span class='ocr_line' id='line_1_50' title="bbox 280 2434 1070 2472; baseline 0.004 -12"><span class='ocrx_word' id='word_1_379' title='bbox 280 2440 406 2466; x_wconf 88' lang='lat' dir='ltr'><strong>morans;</strong></span> <span class='ocrx_word' id='word_1_380' title='bbox 421 2437 451 2460; x_wconf 88' lang='lat' dir='ltr'><strong>ut.</strong></span> <span class='ocrx_word' id='word_1_381' title='bbox 474 2438 561 2461; x_wconf 85' lang='lat' dir='ltr'><strong>autem</strong></span> <span class='ocrx_word' id='word_1_382' title='bbox 586 2441 675 2461; x_wconf 89' lang='lat' dir='ltr'><strong>rerum</strong></span> <span class='ocrx_word' id='word_1_383' title='bbox 694 2438 804 2461; x_wconf 81' lang='lat' dir='ltr'><strong>eventus</strong></span> <span class='ocrx_word' id='word_1_384' title='bbox 829 2434 997 2469; x_wconf 77' lang='lat' dir='ltr'><strong>testiﬁcatur,</strong></span> <span class='ocrx_word' id='word_1_385' title='bbox 1009 2443 1070 2472; x_wconf 64' lang='lat' dir='ltr'><strong>quae</strong></span> 
     </span>
    </p>
   </div>
   <div class='ocr_carea' id='block_1_51' title="bbox 278 2479 1071 2517">
    <p class='ocr_par' dir='ltr' id='par_1_51' title="bbox 278 2479 1071 2517">
     <span class='ocr_line' id='line_1_51' title="bbox 278 2479 1071 2517; baseline 0.005 -11"><span class='ocrx_word' id='word_1_386' title='bbox 278 2479 400 2509; x_wconf 83' lang='lat' dir='ltr'><strong>Christus</strong></span> <span class='ocrx_word' id='word_1_387' title='bbox 423 2479 529 2514; x_wconf 79' lang='lat' dir='ltr'><strong>egregie</strong></span> <span class='ocrx_word' id='word_1_388' title='bbox 551 2480 668 2507; x_wconf 90' lang='lat' dir='ltr'><strong>facturus</strong></span> <span class='ocrx_word' id='word_1_389' title='bbox 693 2485 750 2507; x_wconf 89' lang='lat' dir='ltr'><strong>erat</strong></span> <span class='ocrx_word' id='word_1_390' title='bbox 774 2480 945 2515; x_wconf 71' lang='lat' dir='ltr'><strong>prmdicebat.</strong></span> <span class='ocrx_word' id='word_1_391' title='bbox 980 2481 1071 2517; x_wconf 88' lang='lat' dir='ltr'><strong>Neque</strong></span> 
     </span>
    </p>
   </div>
   <div class='ocr_carea' id='block_1_52' title="bbox 280 2524 1071 2562">
    <p class='ocr_par' dir='ltr' id='par_1_52' title="bbox 280 2524 1071 2562">
     <span class='ocr_line' id='line_1_52' title="bbox 280 2524 1071 2562; baseline 0.004 -10"><span class='ocrx_word' id='word_1_392' title='bbox 280 2525 351 2552; x_wconf 90' lang='lat' dir='ltr'><strong>enim</strong></span> <span class='ocrx_word' id='word_1_393' title='bbox 362 2524 444 2552; x_wconf 72' lang='lat' dir='ltr'><strong>ludas</strong></span> <span class='ocrx_word' id='word_1_394' title='bbox 456 2524 504 2552; x_wconf 89' lang='lat' dir='ltr'><strong>fuit</strong></span> <span class='ocrx_word' id='word_1_395' title='bbox 521 2526 682 2559; x_wconf 85' lang='lat' dir='ltr'><strong>exspectatio</strong></span> <span class='ocrx_word' id='word_1_396' title='bbox 697 2526 814 2560; x_wconf 87' lang='lat' dir='ltr'><strong>gentium</strong></span> <span class='ocrx_word' id='word_1_397' title='bbox 827 2547 835 2559; x_wconf 96' lang='lat'><strong>,</strong></span> <span class='ocrx_word' id='word_1_398' title='bbox 847 2534 933 2562; x_wconf 91' lang='lat' dir='ltr'><strong>neque</strong></span> <span class='ocrx_word' id='word_1_399' title='bbox 945 2531 1009 2555; x_wconf 94' lang='lat' dir='ltr'><strong>tunc</strong></span> <span class='ocrx_word' id='word_1_400' title='bbox 1024 2529 1071 2555; x_wconf 81' lang='lat' dir='ltr'><strong>tri—</strong></span> 
     </span>
    </p>
   </div>
   <div class='ocr_carea' id='block_1_53' title="bbox 281 2569 1072 2607">
    <p class='ocr_par' dir='ltr' id='par_1_53' title="bbox 281 2569 1072 2607">
     <span class='ocr_line' id='line_1_53' title="bbox 281 2569 1072 2607; baseline 0.005 -9"><span class='ocrx_word' id='word_1_401' title='bbox 281 2571 331 2598; x_wconf 88' lang='lat' dir='ltr'><strong>bus</strong></span> <span class='ocrx_word' id='word_1_402' title='bbox 344 2569 523 2605; x_wconf 88' lang='lat' dir='ltr'><strong>resplenduit,</strong></span> <span class='ocrx_word' id='word_1_403' title='bbox 536 2577 598 2597; x_wconf 87' lang='lat' dir='ltr'><strong>cum</strong></span> <span class='ocrx_word' id='word_1_404' title='bbox 613 2578 705 2598; x_wconf 87' lang='lat' dir='ltr'><strong>eorum</strong></span> <span class='ocrx_word' id='word_1_405' title='bbox 728 2572 875 2606; x_wconf 87' lang='lat' dir='ltr'><strong>respublica</strong></span> <span class='ocrx_word' id='word_1_406' title='bbox 893 2572 1008 2607; x_wconf 89' lang='lat' dir='ltr'><strong>defecit;</strong></span> <span class='ocrx_word' id='word_1_407' title='bbox 1025 2575 1072 2602; x_wconf 89' lang='lat' dir='ltr'><strong>sed</strong></span> 
     </span>
    </p>
   </div>
   <div class='ocr_carea' id='block_1_54' title="bbox 283 2615 1024 2649">
    <p class='ocr_par' dir='ltr' id='par_1_54' title="bbox 283 2615 1024 2649">
     <span class='ocr_line' id='line_1_54' title="bbox 283 2615 1024 2649; baseline 0.007 -7"><span class='ocrx_word' id='word_1_408' title='bbox 283 2617 340 2643; x_wconf 66' lang='lat' dir='ltr'><strong>hare</strong></span> <span class='ocrx_word' id='word_1_409' title='bbox 353 2615 443 2642; x_wconf 86' lang='lat' dir='ltr'><strong>omnia</strong></span> <span class='ocrx_word' id='word_1_410' title='bbox 454 2620 517 2643; x_wconf 91' lang='lat' dir='ltr'><strong>tunc</strong></span> <span class='ocrx_word' id='word_1_411' title='bbox 528 2620 602 2649; x_wconf 78' lang='lat' dir='ltr'><strong>gesta</strong></span> <span class='ocrx_word' id='word_1_412' title='bbox 614 2619 685 2649; x_wconf 90' lang='lat' dir='ltr'><strong>sunt,</strong></span> <span class='ocrx_word' id='word_1_413' title='bbox 700 2623 760 2643; x_wconf 89' lang='lat' dir='ltr'><strong>cum</strong></span> <span class='ocrx_word' id='word_1_414' title='bbox 775 2617 896 2646; x_wconf 84' lang='lat' dir='ltr'><strong>Christus</strong></span> <span class='ocrx_word' id='word_1_415' title='bbox 906 2618 1024 2647; x_wconf 87' lang='lat' dir='ltr'><strong>advenit.</strong></span> 
     </span>
    </p>
   </div>
   <div class='ocr_carea' id='block_1_55' title="bbox 311 2683 1064 2717">
    <p class='ocr_par' dir='ltr' id='par_1_55' title="bbox 311 2683 1064 2717">
     <span class='ocr_line' id='line_1_55' title="bbox 311 2683 1064 2717; baseline 0.003 -11"><span class='ocrx_word' id='word_1_416' title='bbox 311 2685 324 2717; x_wconf 27' lang='grc' dir='ltr'><strong>ι*</strong></span> <span class='ocrx_word' id='word_1_417' title='bbox 331 2683 393 2717; x_wconf 62' lang='lat' dir='ltr'><strong>Vox,</strong></span> <span class='ocrx_word' id='word_1_418' title='bbox 403 2685 546 2717; x_wconf 44' lang='lat' dir='ltr'><strong>ﬂorentem</strong></span> <span class='ocrx_word' id='word_1_419' title='bbox 557 2683 609 2713; x_wconf 84' lang='lat' dir='ltr'><strong>(Gr.</strong></span> <span class='ocrx_word' id='word_1_420' title='bbox 615 2683 750 2715; x_wconf 75' lang='grc' dir='ltr'><strong>παρόντος),</strong></span> <span class='ocrx_word' id='word_1_421' title='bbox 757 2684 830 2709; x_wconf 86' lang='lat' dir='ltr'><strong>deest</strong></span> <span class='ocrx_word' id='word_1_422' title='bbox 841 2685 864 2708; x_wconf 91' lang='lat' dir='ltr'><strong>in</strong></span> <span class='ocrx_word' id='word_1_423' title='bbox 871 2684 934 2715; x_wconf 78' lang='lat' dir='ltr'><strong>Reg.</strong></span> <span class='ocrx_word' id='word_1_424' title='bbox 945 2685 1064 2714; x_wconf 78' lang='lat' dir='ltr'><strong>etSav1|.,</strong></span> 
     </span>
    </p>
   </div>
   <div class='ocr_carea' id='block_1_56' title="bbox 279 2713 545 2738">
    <p class='ocr_par' dir='ltr' id='par_1_56' title="bbox 279 2713 545 2738">
     <span class='ocr_line' id='line_1_56' title="bbox 279 2713 545 2738; baseline -0.004 0"><span class='ocrx_word' id='word_1_425' title='bbox 279 2713 324 2738; x_wconf 81' lang='lat' dir='ltr'><strong>sed</strong></span> <span class='ocrx_word' id='word_1_426' title='bbox 335 2716 374 2737; x_wconf 90' lang='lat' dir='ltr'><strong>est.</strong></span> <span class='ocrx_word' id='word_1_427' title='bbox 385 2713 410 2737; x_wconf 91' lang='lat' dir='ltr'><strong>in</strong></span> <span class='ocrx_word' id='word_1_428' title='bbox 421 2713 545 2738; x_wconf 82' lang='lat' dir='ltr'><strong>Bavarieo.</strong></span> 
     </span>
    </p>
   </div>
   <div class='ocr_carea' id='block_1_57' title="bbox 299 2743 1074 2780">
    <p class='ocr_par' dir='ltr' id='par_1_57' title="bbox 299 2743 1074 2780">
     <span class='ocr_line' id='line_1_57' title="bbox 299 2743 1074 2780; baseline 0.001 -2"><span class='ocrx_word' id='word_1_429' title='bbox 299 2743 410 2780; x_wconf 91' lang='lat'><strong>&#39;</strong></span> <span class='ocrx_word' id='word_1_430' title='bbox 419 2744 444 2768; x_wconf 67' lang='lat' dir='ltr'><strong>in</strong></span> <span class='ocrx_word' id='word_1_431' title='bbox 455 2749 533 2780; x_wconf 53' lang='lat' dir='ltr'><strong>nim-8&#39;</strong></span> <span class='ocrx_word' id='word_1_432' title='bbox 707 2743 838 2780; x_wconf 40' lang='lat' dir='ltr'><strong>leam-dum</strong></span> <span class='ocrx_word' id='word_1_433' title='bbox 852 2752 918 2777; x_wconf 67' lang='lat' dir='ltr'><strong>esse!</strong></span> <span class='ocrx_word' id='word_1_434' title='bbox 936 2747 1008 2778; x_wconf 60' lang='lat' dir='ltr'><strong>dixi”</strong></span> <span class='ocrx_word' id='word_1_435' title='bbox 1021 2755 1074 2780; x_wconf 72' lang='lat' dir='ltr'><strong>Prov</strong></span> 
     </span>
    </p>
   </div>
   <div class='ocr_carea' id='block_1_58' title="bbox 280 2773 804 2804">
    <p class='ocr_par' dir='ltr' id='par_1_58' title="bbox 280 2773 804 2804">
     <span class='ocr_line' id='line_1_58' title="bbox 280 2773 804 2804; baseline 0 -5"><span class='ocrx_word' id='word_1_436' title='bbox 280 2774 350 2800; x_wconf 81' lang='lat' dir='ltr'><strong>vidit.</strong></span> <span class='ocrx_word' id='word_1_437' title='bbox 363 2774 463 2799; x_wconf 79' lang='lat' dir='ltr'><strong>Alienus</strong></span> <span class='ocrx_word' id='word_1_438' title='bbox 473 2773 607 2804; x_wconf 81' lang='lat' dir='ltr'><strong>legendum</strong></span> <span class='ocrx_word' id='word_1_439' title='bbox 620 2776 696 2803; x_wconf 81' lang='lat' dir='ltr'><strong>putat,</strong></span> <span class='ocrx_word' id='word_1_440' title='bbox 708 2773 804 2799; x_wconf 77' lang='lat' dir='ltr'><strong>cecinit.</strong></span> 
     </span>
    </p>
   </div>
   <div class='ocr_carea' id='block_1_59' title="bbox 313 2815 1075 2856">
    <p class='ocr_par' dir='ltr' id='par_1_59' title="bbox 313 2815 1075 2856">
     <span class='ocr_line' id='line_1_59' title="bbox 313 2815 1075 2856; baseline 0.008 -16"><span class='ocrx_word' id='word_1_441' title='bbox 313 2816 351 2847; x_wconf 90' lang='lat' dir='ltr'><strong>(a)</strong></span> <span class='ocrx_word' id='word_1_442' title='bbox 367 2815 419 2840; x_wconf 76' lang='lat' dir='ltr'><strong>Vox</strong></span> <span class='ocrx_word' id='word_1_443' title='bbox 439 2815 557 2840; x_wconf 71' lang='lat' dir='ltr'><strong>Hebraim</strong></span> <span class='ocrx_word' id='word_1_444' title='bbox 574 2816 708 2856; x_wconf 48' lang='lat' dir='ltr'><strong>estqmn,</strong></span> <span class='ocrx_word' id='word_1_445' title='bbox 724 2816 836 2847; x_wconf 79' lang='lat' dir='ltr'><strong>TImrtan,</strong></span> <span class='ocrx_word' id='word_1_446' title='bbox 849 2819 872 2843; x_wconf 93' lang='lat' dir='ltr'><strong>in</strong></span> <span class='ocrx_word' id='word_1_447' title='bbox 886 2819 973 2848; x_wconf 84' lang='lat' dir='ltr'><strong>Bibliis,</strong></span> <span class='ocrx_word' id='word_1_448' title='bbox 987 2827 1075 2852; x_wconf 61' lang='lat' dir='ltr'><strong>Tanti”,</strong></span> 
     </span>
    </p>
   </div>
   <div class='ocr_carea' id='block_1_60' title="bbox 281 2861 947 2895">
    <p class='ocr_par' dir='ltr' id='par_1_60' title="bbox 281 2861 947 2895">
     <span class='ocr_line' id='line_1_60' title="bbox 281 2861 947 2895; baseline 0.006 -9"><span class='ocrx_word' id='word_1_449' title='bbox 281 2861 346 2887; x_wconf 86' lang='lat' dir='ltr'><strong>unde</strong></span> <span class='ocrx_word' id='word_1_450' title='bbox 358 2863 435 2894; x_wconf 82' lang='lat' dir='ltr'><strong>prima</strong></span> <span class='ocrx_word' id='word_1_451' title='bbox 444 2862 543 2894; x_wconf 78' lang='lat' dir='ltr'><strong>dempta</strong></span> <span class='ocrx_word' id='word_1_452' title='bbox 554 2863 644 2895; x_wconf 76' lang='lat' dir='ltr'><strong>syllaba</strong></span> <span class='ocrx_word' id='word_1_453' title='bbox 656 2863 754 2894; x_wconf 77' lang='lat' dir='ltr'><strong>factum,</strong></span> <span class='ocrx_word' id='word_1_454' title='bbox 767 2870 835 2894; x_wconf 64' lang='lat' dir='ltr'><strong>natu,</strong></span> <span class='ocrx_word' id='word_1_455' title='bbox 847 2865 947 2890; x_wconf 69' lang='lat' dir='ltr'><strong>Nat/tau.</strong></span> 
     </span>
    </p>
   </div>
   <div class='ocr_carea' id='block_1_61' title="bbox 1156 191 1904 228">
    <p class='ocr_par' dir='ltr' id='par_1_61' title="bbox 1156 191 1904 228">
     <span class='ocr_line' id='line_1_61' title="bbox 1156 191 1904 228; baseline -0.003 -8"><span class='ocrx_word' id='word_1_456' title='bbox 1156 192 1250 220; x_wconf 73' lang='lat' dir='ltr'><strong>Multce</strong></span> <span class='ocrx_word' id='word_1_457' title='bbox 1259 193 1402 228; x_wconf 82' lang='lat' dir='ltr'><strong>prophetia:</strong></span> <span class='ocrx_word' id='word_1_458' title='bbox 1413 194 1446 220; x_wconf 82' lang='lat' dir='ltr'><strong>de</strong></span> <span class='ocrx_word' id='word_1_459' title='bbox 1460 192 1628 223; x_wconf 77' lang='lat' dir='ltr'><strong>Patrinrcltis</strong></span> <span class='ocrx_word' id='word_1_460' title='bbox 1641 191 1733 223; x_wconf 64' lang='lat' dir='ltr'><strong>edita,</strong></span> <span class='ocrx_word' id='word_1_461' title='bbox 1747 191 1854 220; x_wconf 77' lang='lat' dir='ltr'><strong>nonnisi</strong></span> <span class='ocrx_word' id='word_1_462' title='bbox 1876 193 1904 218; x_wconf 73' lang='lat' dir='ltr'><strong>in</strong></span> 
     </span>
    </p>
   </div>
   <div class='ocr_carea' id='block_1_62' title="bbox 1119 236 1906 274">
    <p class='ocr_par' dir='ltr' id='par_1_62' title="bbox 1119 236 1906 274">
     <span class='ocr_line' id='line_1_62' title="bbox 1119 236 1906 274; baseline -0.004 -8"><span class='ocrx_word' id='word_1_463' title='bbox 1119 247 1210 267; x_wconf 73' lang='lat' dir='ltr'><strong>eorum</strong></span> <span class='ocrx_word' id='word_1_464' title='bbox 1218 239 1357 274; x_wconf 73' lang='lat' dir='ltr'><strong>nepotibus</strong></span> <span class='ocrx_word' id='word_1_465' title='bbox 1367 239 1480 273; x_wconf 62' lang='lat' dir='ltr'><strong>impleta!</strong></span> <span class='ocrx_word' id='word_1_466' title='bbox 1491 243 1563 267; x_wconf 66' lang='lat' dir='ltr'><strong>sunt.</strong></span> <span class='ocrx_word' id='word_1_467' title='bbox 1570 253 1605 258; x_wconf 97' lang='lat'><strong>—</strong></span> <span class='ocrx_word' id='word_1_468' title='bbox 1613 237 1691 271; x_wconf 89' lang='lat' dir='ltr'><strong>Quod</strong></span> <span class='ocrx_word' id='word_1_469' title='bbox 1701 237 1722 264; x_wconf 92' lang='lat' dir='ltr'><strong>si</strong></span> <span class='ocrx_word' id='word_1_470' title='bbox 1733 236 1906 272; x_wconf 82' lang='lat' dir='ltr'><strong>impudenter</strong></span> 
     </span>
    </p>
   </div>
   <div class='ocr_carea' id='block_1_63' title="bbox 1119 285 1908 321">
    <p class='ocr_par' dir='ltr' id='par_1_63' title="bbox 1119 285 1908 321">
     <span class='ocr_line' id='line_1_63' title="bbox 1119 285 1908 321; baseline -0.004 -7"><span class='ocrx_word' id='word_1_471' title='bbox 1119 286 1213 321; x_wconf 70' lang='lat' dir='ltr'><strong>agam]</strong></span> <span class='ocrx_word' id='word_1_472' title='bbox 1217 285 1525 321; x_wconf 72' lang='lat' dir='ltr'><strong>ndaei,|iancpropltetiae</strong></span> <span class='ocrx_word' id='word_1_473' title='bbox 1530 285 1614 319; x_wconf 80' lang='lat' dir='ltr'><strong>legem</strong></span> <span class='ocrx_word' id='word_1_474' title='bbox 1621 291 1763 320; x_wconf 81' lang='lat' dir='ltr'><strong>perperam</strong></span> <span class='ocrx_word' id='word_1_475' title='bbox 1772 285 1908 319; x_wconf 82' lang='lat' dir='ltr'><strong>explican-</strong></span> 
     </span>
    </p>
   </div>
   <div class='ocr_carea' id='block_1_64' title="bbox 1120 329 1905 366">
    <p class='ocr_par' dir='ltr' id='par_1_64' title="bbox 1120 329 1905 366">
     <span class='ocr_line' id='line_1_64' title="bbox 1120 329 1905 366; baseline -0.009 -6"><span class='ocrx_word' id='word_1_476' title='bbox 1120 337 1172 363; x_wconf 84' lang='lat' dir='ltr'><strong>tes:</strong></span> <span class='ocrx_word' id='word_1_477' title='bbox 1183 340 1216 360; x_wconf 88' lang='lat' dir='ltr'><strong>ex</strong></span> <span class='ocrx_word' id='word_1_478' title='bbox 1225 332 1260 361; x_wconf 90' lang='lat' dir='ltr'><strong>iis</strong></span> <span class='ocrx_word' id='word_1_479' title='bbox 1270 331 1385 359; x_wconf 83' lang='lat' dir='ltr'><strong>maxime</strong></span> <span class='ocrx_word' id='word_1_480' title='bbox 1394 339 1456 366; x_wconf 71' lang='lat' dir='ltr'><strong>quat</strong></span> <span class='ocrx_word' id='word_1_481' title='bbox 1465 330 1538 359; x_wconf 84' lang='lat' dir='ltr'><strong>dicta</strong></span> <span class='ocrx_word' id='word_1_482' title='bbox 1546 334 1612 359; x_wconf 89' lang='lat' dir='ltr'><strong>sunt</strong></span> <span class='ocrx_word' id='word_1_483' title='bbox 1619 329 1700 359; x_wconf 78' lang='lat' dir='ltr'><strong>facile</strong></span> <span class='ocrx_word' id='word_1_484' title='bbox 1708 329 1905 361; x_wconf 82' lang='lat' dir='ltr'><strong>confutaverit,</strong></span> 
     </span>
    </p>
   </div>
   <div class='ocr_carea' id='block_1_65' title="bbox 1116 375 1908 414">
    <p class='ocr_par' dir='ltr' id='par_1_65' title="bbox 1116 375 1908 414">
     <span class='ocr_line' id='line_1_65' title="bbox 1116 375 1908 414; baseline -0.008 -6"><span class='ocrx_word' id='word_1_485' title='bbox 1116 379 1139 408; x_wconf 84' lang='lat' dir='ltr'><strong>si</strong></span> <span class='ocrx_word' id='word_1_486' title='bbox 1151 379 1214 414; x_wconf 88' lang='lat' dir='ltr'><strong>quis</strong></span> <span class='ocrx_word' id='word_1_487' title='bbox 1223 383 1351 406; x_wconf 88' lang='lat' dir='ltr'><strong>accurate</strong></span> <span class='ocrx_word' id='word_1_488' title='bbox 1362 378 1518 412; x_wconf 86' lang='lat' dir='ltr'><strong>proplietias</strong></span> <span class='ocrx_word' id='word_1_489' title='bbox 1528 377 1680 411; x_wconf 88' lang='lat' dir='ltr'><strong>explicans,</strong></span> <span class='ocrx_word' id='word_1_490' title='bbox 1688 375 1813 403; x_wconf 89' lang='lat' dir='ltr'><strong>etomnia</strong></span> <span class='ocrx_word' id='word_1_491' title='bbox 1824 376 1908 402; x_wconf 89' lang='lat' dir='ltr'><strong>verba</strong></span> 
     </span>
    </p>
   </div>
   <div class='ocr_carea' id='block_1_66' title="bbox 1115 420 1908 454">
    <p class='ocr_par' dir='ltr' id='par_1_66' title="bbox 1115 420 1908 454">
     <span class='ocr_line' id='line_1_66' title="bbox 1115 420 1908 454; baseline -0.009 -1"><span class='ocrx_word' id='word_1_492' title='bbox 1115 433 1178 453; x_wconf 81' lang='lat' dir='ltr'><strong>cum</strong></span> <span class='ocrx_word' id='word_1_493' title='bbox 1187 425 1277 454; x_wconf 79' lang='lat' dir='ltr'><strong>debita</strong></span> <span class='ocrx_word' id='word_1_494' title='bbox 1288 425 1439 453; x_wconf 86' lang='lat' dir='ltr'><strong>attentione</strong></span> <span class='ocrx_word' id='word_1_495' title='bbox 1447 423 1619 454; x_wconf 88' lang='lat' dir='ltr'><strong>examinans,</strong></span> <span class='ocrx_word' id='word_1_496' title='bbox 1628 422 1699 450; x_wconf 86' lang='lat' dir='ltr'><strong>dicta</strong></span> <span class='ocrx_word' id='word_1_497' title='bbox 1709 421 1789 449; x_wconf 88' lang='lat' dir='ltr'><strong>factis</strong></span> <span class='ocrx_word' id='word_1_498' title='bbox 1799 420 1908 448; x_wconf 80' lang='lat' dir='ltr'><strong>accom-</strong></span> 
     </span>
    </p>
   </div>
   <div class='ocr_carea' id='block_1_67' title="bbox 1117 468 1905 505">
    <p class='ocr_par' dir='ltr' id='par_1_67' title="bbox 1117 468 1905 505">
     <span class='ocr_line' id='line_1_67' title="bbox 1117 468 1905 505; baseline -0.006 -6"><span class='ocrx_word' id='word_1_499' title='bbox 1117 472 1219 500; x_wconf 86' lang='lat' dir='ltr'><strong>modet.</strong></span> <span class='ocrx_word' id='word_1_500' title='bbox 1231 471 1271 499; x_wconf 85' lang='lat' dir='ltr'><strong>Ex</strong></span> <span class='ocrx_word' id='word_1_501' title='bbox 1282 471 1441 500; x_wconf 85' lang='lat' dir='ltr'><strong>abundanti</strong></span> <span class='ocrx_word' id='word_1_502' title='bbox 1450 471 1543 505; x_wconf 85' lang='lat' dir='ltr'><strong>itaque</strong></span> <span class='ocrx_word' id='word_1_503' title='bbox 1556 470 1681 505; x_wconf 89' lang='lat' dir='ltr'><strong>ipsorum</strong></span> <span class='ocrx_word' id='word_1_504' title='bbox 1702 476 1749 496; x_wconf 86' lang='lat' dir='ltr'><strong>ora</strong></span> <span class='ocrx_word' id='word_1_505' title='bbox 1759 468 1905 497; x_wconf 83' lang='lat' dir='ltr'><strong>obturans.</strong></span> 
     </span>
    </p>
   </div>
   <div class='ocr_carea' id='block_1_68' title="bbox 1117 514 1908 552">
    <p class='ocr_par' dir='ltr' id='par_1_68' title="bbox 1117 514 1908 552">
     <span class='ocr_line' id='line_1_68' title="bbox 1117 514 1908 552; baseline -0.006 -7"><span class='ocrx_word' id='word_1_506' title='bbox 1117 525 1172 545; x_wconf 93' lang='lat' dir='ltr'><strong>non</strong></span> <span class='ocrx_word' id='word_1_507' title='bbox 1179 525 1213 546; x_wconf 87' lang='lat' dir='ltr'><strong>ex</strong></span> <span class='ocrx_word' id='word_1_508' title='bbox 1228 518 1262 545; x_wconf 91' lang='lat' dir='ltr'><strong>iis</strong></span> <span class='ocrx_word' id='word_1_509' title='bbox 1270 525 1332 552; x_wconf 67' lang='lat' dir='ltr'><strong>qua:</strong></span> <span class='ocrx_word' id='word_1_510' title='bbox 1342 517 1375 544; x_wconf 88' lang='lat' dir='ltr'><strong>de</strong></span> <span class='ocrx_word' id='word_1_511' title='bbox 1385 517 1497 545; x_wconf 88' lang='lat' dir='ltr'><strong>Christo</strong></span> <span class='ocrx_word' id='word_1_512' title='bbox 1507 516 1583 545; x_wconf 77' lang='lat' dir='ltr'><strong>diota</strong></span> <span class='ocrx_word' id='word_1_513' title='bbox 1598 520 1674 548; x_wconf 91' lang='lat' dir='ltr'><strong>sunt,</strong></span> <span class='ocrx_word' id='word_1_514' title='bbox 1691 514 1737 544; x_wconf 88' lang='lat' dir='ltr'><strong>sed</strong></span> <span class='ocrx_word' id='word_1_515' title='bbox 1755 522 1789 541; x_wconf 78' lang='lat' dir='ltr'><strong>ex</strong></span> <span class='ocrx_word' id='word_1_516' title='bbox 1806 514 1840 541; x_wconf 89' lang='lat' dir='ltr'><strong>iis</strong></span> <span class='ocrx_word' id='word_1_517' title='bbox 1849 520 1908 548; x_wconf 77' lang='lat' dir='ltr'><strong>quae</strong></span> 
     </span>
    </p>
   </div>
   <div class='ocr_carea' id='block_1_69' title="bbox 1117 560 1906 598">
    <p class='ocr_par' dir='ltr' id='par_1_69' title="bbox 1117 560 1906 598">
     <span class='ocr_line' id='line_1_69' title="bbox 1117 560 1906 598; baseline -0.006 -7"><span class='ocrx_word' id='word_1_518' title='bbox 1117 569 1182 592; x_wconf 81' lang='lat' dir='ltr'><strong>sunt</strong></span> <span class='ocrx_word' id='word_1_519' title='bbox 1195 563 1229 592; x_wconf 89' lang='lat' dir='ltr'><strong>de</strong></span> <span class='ocrx_word' id='word_1_520' title='bbox 1239 563 1406 598; x_wconf 78' lang='lat' dir='ltr'><strong>patriarchis</strong></span> <span class='ocrx_word' id='word_1_521' title='bbox 1416 564 1542 598; x_wconf 80' lang='lat' dir='ltr'><strong>ipsorum.</strong></span> <span class='ocrx_word' id='word_1_522' title='bbox 1548 562 1744 597; x_wconf 66' lang='lat' dir='ltr'><strong>praenuntiata,</strong></span> <span class='ocrx_word' id='word_1_523' title='bbox 1756 560 1808 588; x_wconf 90' lang='lat' dir='ltr'><strong>hoc</strong></span> <span class='ocrx_word' id='word_1_524' title='bbox 1817 560 1906 595; x_wconf 84' lang='lat' dir='ltr'><strong>ipsum</strong></span> 
     </span>
    </p>
   </div>
   <div class='ocr_carea' id='block_1_70' title="bbox 1118 606 1909 643">
    <p class='ocr_par' dir='ltr' id='par_1_70' title="bbox 1118 606 1909 643">
     <span class='ocr_line' id='line_1_70' title="bbox 1118 606 1909 643; baseline -0.006 -5"><span class='ocrx_word' id='word_1_525' title='bbox 1118 610 1192 638; x_wconf 84' lang='lat' dir='ltr'><strong>clare</strong></span> <span class='ocrx_word' id='word_1_526' title='bbox 1202 611 1395 638; x_wconf 84' lang='lat' dir='ltr'><strong>demonstrare</strong></span> <span class='ocrx_word' id='word_1_527' title='bbox 1406 609 1540 643; x_wconf 85' lang='lat' dir='ltr'><strong>conabor,</strong></span> <span class='ocrx_word' id='word_1_528' title='bbox 1553 609 1703 640; x_wconf 79' lang='lat' dir='ltr'><strong>ostendens</strong></span> <span class='ocrx_word' id='word_1_529' title='bbox 1712 616 1746 640; x_wconf 76' lang='lat' dir='ltr'><strong>ex</strong></span> <span class='ocrx_word' id='word_1_530' title='bbox 1756 606 1909 642; x_wconf 88' lang='lat' dir='ltr'><strong>prophetiis</strong></span> 
     </span>
    </p>
   </div>
   <div class='ocr_carea' id='block_1_71' title="bbox 1120 648 1912 689">
    <p class='ocr_par' dir='ltr' id='par_1_71' title="bbox 1120 648 1912 689">
     <span class='ocr_line' id='line_1_71' title="bbox 1120 648 1912 689; baseline 0 -9"><span class='ocrx_word' id='word_1_531' title='bbox 1120 652 1216 681; x_wconf 86' lang='lat' dir='ltr'><strong>multas</strong></span> <span class='ocrx_word' id='word_1_532' title='bbox 1227 653 1312 686; x_wconf 83' lang='lat' dir='ltr'><strong>dictas</strong></span> <span class='ocrx_word' id='word_1_533' title='bbox 1324 653 1406 682; x_wconf 90' lang='lat' dir='ltr'><strong>fuisse</strong></span> <span class='ocrx_word' id='word_1_534' title='bbox 1417 653 1452 682; x_wconf 88' lang='lat' dir='ltr'><strong>de</strong></span> <span class='ocrx_word' id='word_1_535' title='bbox 1467 654 1582 682; x_wconf 90' lang='lat' dir='ltr'><strong>tribuum</strong></span> <span class='ocrx_word' id='word_1_536' title='bbox 1597 648 1821 689; x_wconf 67' lang='lat' dir='ltr'><strong>progenitoribus;</strong></span> <span class='ocrx_word' id='word_1_537' title='bbox 1830 653 1857 681; x_wconf 92' lang='lat' dir='ltr'><strong>in</strong></span> <span class='ocrx_word' id='word_1_538' title='bbox 1865 660 1912 681; x_wconf 85' lang='lat' dir='ltr'><strong>eo-</strong></span> 
     </span>
    </p>
   </div>
   <div class='ocr_carea' id='block_1_72' title="bbox 1117 701 1911 736">
    <p class='ocr_par' dir='ltr' id='par_1_72' title="bbox 1117 701 1911 736">
     <span class='ocr_line' id='line_1_72' title="bbox 1117 701 1911 736; baseline 0.001 -10"><span class='ocrx_word' id='word_1_539' title='bbox 1117 707 1233 734; x_wconf 84' lang='lat' dir='ltr'><strong>rumque</strong></span> <span class='ocrx_word' id='word_1_540' title='bbox 1245 701 1384 733; x_wconf 86' lang='lat' dir='ltr'><strong>nepotibus</strong></span> <span class='ocrx_word' id='word_1_541' title='bbox 1396 701 1519 736; x_wconf 87' lang='lat' dir='ltr'><strong>impletas</strong></span> <span class='ocrx_word' id='word_1_542' title='bbox 1543 708 1613 729; x_wconf 86' lang='lat' dir='ltr'><strong>esse.</strong></span> <span class='ocrx_word' id='word_1_543' title='bbox 1641 701 1675 728; x_wconf 88' lang='lat' dir='ltr'><strong>Et</strong></span> <span class='ocrx_word' id='word_1_544' title='bbox 1696 701 1812 736; x_wconf 85' lang='lat' dir='ltr'><strong>exempli</strong></span> <span class='ocrx_word' id='word_1_545' title='bbox 1831 707 1911 728; x_wconf 85' lang='lat' dir='ltr'><strong>causa</strong></span> 
     </span>
    </p>
   </div>
   <div class='ocr_carea' id='block_1_73' title="bbox 1119 745 1910 781">
    <p class='ocr_par' dir='ltr' id='par_1_73' title="bbox 1119 745 1910 781">
     <span class='ocr_line' id='line_1_73' title="bbox 1119 745 1910 781; baseline 0 -9"><span class='ocrx_word' id='word_1_546' title='bbox 1119 753 1171 772; x_wconf 90' lang='lat' dir='ltr'><strong>una</strong></span> <span class='ocrx_word' id='word_1_547' title='bbox 1186 745 1302 773; x_wconf 83' lang='lat' dir='ltr'><strong>alterave</strong></span> <span class='ocrx_word' id='word_1_548' title='bbox 1314 746 1393 773; x_wconf 85' lang='lat' dir='ltr'><strong>allata</strong></span> <span class='ocrx_word' id='word_1_549' title='bbox 1407 746 1527 778; x_wconf 85' lang='lat' dir='ltr'><strong>historia,</strong></span> <span class='ocrx_word' id='word_1_550' title='bbox 1535 754 1592 774; x_wconf 85' lang='lat' dir='ltr'><strong>rem</strong></span> <span class='ocrx_word' id='word_1_551' title='bbox 1603 746 1910 781; x_wconf 71' lang='lat' dir='ltr'><strong>propositamattingam.</strong></span> 
     </span>
    </p>
   </div>
   <div class='ocr_carea' id='block_1_74' title="bbox 1120 789 1911 827">
    <p class='ocr_par' dir='ltr' id='par_1_74' title="bbox 1120 789 1911 827">
     <span class='ocr_line' id='line_1_74' title="bbox 1120 789 1911 827; baseline 0.003 -10"><span class='ocrx_word' id='word_1_552' title='bbox 1120 789 1224 818; x_wconf 89' lang='lat' dir='ltr'><strong>Etenim</strong></span> <span class='ocrx_word' id='word_1_553' title='bbox 1239 798 1299 818; x_wconf 90' lang='lat' dir='ltr'><strong>cum</strong></span> <span class='ocrx_word' id='word_1_554' title='bbox 1309 790 1470 827; x_wconf 88' lang='lat' dir='ltr'><strong>Symeonem</strong></span> <span class='ocrx_word' id='word_1_555' title='bbox 1482 796 1514 823; x_wconf 55' lang='lat' dir='ltr'><strong>et,</strong></span> <span class='ocrx_word' id='word_1_556' title='bbox 1523 792 1588 820; x_wconf 84' lang='lat' dir='ltr'><strong>Levi</strong></span> <span class='ocrx_word' id='word_1_557' title='bbox 1601 796 1721 819; x_wconf 86' lang='lat' dir='ltr'><strong>vocasset</strong></span> <span class='ocrx_word' id='word_1_558' title='bbox 1732 791 1825 824; x_wconf 76' lang='lat' dir='ltr'><strong>Jacob,</strong></span> <span class='ocrx_word' id='word_1_559' title='bbox 1841 799 1911 826; x_wconf 66' lang='lat' dir='ltr'><strong>prm-</strong></span> 
     </span>
    </p>
   </div>
   <div class='ocr_carea' id='block_1_75' title="bbox 1120 836 1913 872">
    <p class='ocr_par' dir='ltr' id='par_1_75' title="bbox 1120 836 1913 872">
     <span class='ocr_line' id='line_1_75' title="bbox 1120 836 1913 872; baseline 0.001 -9"><span class='ocrx_word' id='word_1_560' title='bbox 1120 836 1245 865; x_wconf 89' lang='lat' dir='ltr'><strong>nuntians</strong></span> <span class='ocrx_word' id='word_1_561' title='bbox 1259 845 1291 865; x_wconf 87' lang='lat' dir='ltr'><strong>ea</strong></span> <span class='ocrx_word' id='word_1_562' title='bbox 1304 838 1461 872; x_wconf 68' lang='lat' dir='ltr'><strong>,qumipsis</strong></span> <span class='ocrx_word' id='word_1_563' title='bbox 1482 841 1610 866; x_wconf 84' lang='lat' dir='ltr'><strong>eventura</strong></span> <span class='ocrx_word' id='word_1_564' title='bbox 1631 842 1725 865; x_wconf 90' lang='lat' dir='ltr'><strong>erant.</strong></span> <span class='ocrx_word' id='word_1_565' title='bbox 1745 837 1784 865; x_wconf 89' lang='lat' dir='ltr'><strong>sic</strong></span> <span class='ocrx_word' id='word_1_566' title='bbox 1807 837 1913 865; x_wconf 88' lang='lat' dir='ltr'><strong>dicebat</strong></span> 
     </span>
    </p>
   </div>
   <div class='ocr_carea' id='block_1_76' title="bbox 1120 881 1911 918">
    <p class='ocr_par' dir='ltr' id='par_1_76' title="bbox 1120 881 1911 918">
     <span class='ocr_line' id='line_1_76' title="bbox 1120 881 1911 918; baseline 0 -9"><span class='ocrx_word' id='word_1_567' title='bbox 1120 881 1231 918; x_wconf 87' lang='lat' dir='ltr'><strong>Symeon</strong></span> <span class='ocrx_word' id='word_1_568' title='bbox 1241 887 1265 910; x_wconf 85' lang='lat' dir='ltr'><strong>et</strong></span> <span class='ocrx_word' id='word_1_569' title='bbox 1277 882 1336 910; x_wconf 75' lang='lat' dir='ltr'><strong>Leni</strong></span> <span class='ocrx_word' id='word_1_570' title='bbox 1349 885 1440 918; x_wconf 74' lang='lat' dir='ltr'><strong>fratres</strong></span> <span class='ocrx_word' id='word_1_571' title='bbox 1452 882 1575 918; x_wconf 59' lang='lat' dir='ltr'><strong>(GenJ9.</strong></span> <span class='ocrx_word' id='word_1_572' title='bbox 1586 884 1624 918; x_wconf 82' lang='lat'><strong>5),</strong></span> <span class='ocrx_word' id='word_1_573' title='bbox 1634 888 1663 913; x_wconf 78' lang='lat' dir='ltr'><strong>et</strong></span> <span class='ocrx_word' id='word_1_574' title='bbox 1672 883 1789 911; x_wconf 83' lang='lat' dir='ltr'><strong>incusata</strong></span> <span class='ocrx_word' id='word_1_575' title='bbox 1803 883 1911 910; x_wconf 87' lang='lat' dir='ltr'><strong>illorum</strong></span> 
     </span>
    </p>
   </div>
   <div class='ocr_carea' id='block_1_77' title="bbox 1119 928 1914 965">
    <p class='ocr_par' dir='ltr' id='par_1_77' title="bbox 1119 928 1914 965">
     <span class='ocr_line' id='line_1_77' title="bbox 1119 928 1914 965; baseline 0.001 -9"><span class='ocrx_word' id='word_1_576' title='bbox 1119 928 1267 963; x_wconf 85' lang='lat' dir='ltr'><strong>iniquitate,</strong></span> <span class='ocrx_word' id='word_1_577' title='bbox 1279 929 1429 964; x_wconf 84' lang='lat' dir='ltr'><strong>injustaque</strong></span> <span class='ocrx_word' id='word_1_578' title='bbox 1443 929 1628 958; x_wconf 83' lang='lat' dir='ltr'><strong>Sicemitarum</strong></span> <span class='ocrx_word' id='word_1_579' title='bbox 1652 931 1740 963; x_wconf 70' lang='lat' dir='ltr'><strong>caede,</strong></span> <span class='ocrx_word' id='word_1_580' title='bbox 1754 930 1781 958; x_wconf 93' lang='lat' dir='ltr'><strong>in</strong></span> <span class='ocrx_word' id='word_1_581' title='bbox 1799 937 1914 965; x_wconf 85' lang='lat' dir='ltr'><strong>sequen-</strong></span> 
     </span>
    </p>
   </div>
   <div class='ocr_carea' id='block_1_78' title="bbox 1119 974 1912 1011">
    <p class='ocr_par' dir='ltr' id='par_1_78' title="bbox 1119 974 1912 1011">
     <span class='ocr_line' id='line_1_78' title="bbox 1119 974 1912 1011; baseline 0.003 -10"><span class='ocrx_word' id='word_1_582' title='bbox 1119 974 1190 1002; x_wconf 89' lang='lat' dir='ltr'><strong>tibus</strong></span> <span class='ocrx_word' id='word_1_583' title='bbox 1202 975 1238 1002; x_wconf 89' lang='lat' dir='ltr'><strong>ait</strong></span> <span class='ocrx_word' id='word_1_584' title='bbox 1254 983 1260 1001; x_wconf 89' lang='lat'>:</span> <span class='ocrx_word' id='word_1_585' title='bbox 1274 974 1394 1002; x_wconf 80' lang='lat' dir='ltr'><strong>Dividam</strong></span> <span class='ocrx_word' id='word_1_586' title='bbox 1406 983 1448 1004; x_wconf 78' lang='lat' dir='ltr'><strong>eos</strong></span> <span class='ocrx_word' id='word_1_587' title='bbox 1460 975 1486 1003; x_wconf 81' lang='lat' dir='ltr'><strong>in</strong></span> <span class='ocrx_word' id='word_1_588' title='bbox 1499 975 1579 1003; x_wconf 76' lang='lat' dir='ltr'><strong>Iacob</strong></span> <span class='ocrx_word' id='word_1_589' title='bbox 1589 996 1599 1008; x_wconf 19' lang='lat'><strong>,1</strong></span> <span class='ocrx_word' id='word_1_590' title='bbox 1612 980 1636 1002; x_wconf 83' lang='lat' dir='ltr'><strong>et</strong></span> <span class='ocrx_word' id='word_1_591' title='bbox 1650 975 1793 1011; x_wconf 75' lang='lat' dir='ltr'><strong>dispergam</strong></span> <span class='ocrx_word' id='word_1_592' title='bbox 1807 976 1865 1003; x_wconf 69' lang='lat' dir='ltr'><strong>illo:</strong></span> <span class='ocrx_word' id='word_1_593' title='bbox 1883 977 1912 1003; x_wconf 81' lang='lat' dir='ltr'><strong>in</strong></span> 
     </span>
    </p>
   </div>
   <div class='ocr_carea' id='block_1_79' title="bbox 1119 1019 1911 1056">
    <p class='ocr_par' dir='ltr' id='par_1_79' title="bbox 1119 1019 1911 1056">
     <span class='ocr_line' id='line_1_79' title="bbox 1119 1019 1911 1056; baseline 0.003 -10"><span class='ocrx_word' id='word_1_594' title='bbox 1119 1019 1203 1047; x_wconf 78' lang='lat' dir='ltr'><strong>Israel</strong></span> <span class='ocrx_word' id='word_1_595' title='bbox 1217 1019 1298 1056; x_wconf 84' lang='lat' dir='ltr'><strong>(Ibid.</strong></span> <span class='ocrx_word' id='word_1_596' title='bbox 1308 1021 1458 1056; x_wconf 27' lang='lat' dir='ltr'><strong>u.,7).,lloc</strong></span> <span class='ocrx_word' id='word_1_597' title='bbox 1478 1026 1566 1048; x_wconf 87' lang='lat' dir='ltr'><strong>autem</strong></span> <span class='ocrx_word' id='word_1_598' title='bbox 1593 1028 1672 1048; x_wconf 87' lang='lat' dir='ltr'><strong>nemo</strong></span> <span class='ocrx_word' id='word_1_599' title='bbox 1685 1021 1782 1052; x_wconf 82' lang='lat' dir='ltr'><strong>dixerit</strong></span> <span class='ocrx_word' id='word_1_600' title='bbox 1804 1021 1830 1048; x_wconf 91' lang='lat' dir='ltr'><strong>in</strong></span> <span class='ocrx_word' id='word_1_601' title='bbox 1858 1021 1911 1048; x_wconf 89' lang='lat' dir='ltr'><strong>Le-</strong></span> 
     </span>
    </p>
   </div>
   <div class='ocr_carea' id='block_1_80' title="bbox 1119 1066 1912 1102">
    <p class='ocr_par' dir='ltr' id='par_1_80' title="bbox 1119 1066 1912 1102">
     <span class='ocr_line' id='line_1_80' title="bbox 1119 1066 1912 1102; baseline 0 -8"><span class='ocrx_word' id='word_1_602' title='bbox 1119 1066 1144 1094; x_wconf 91' lang='lat' dir='ltr'><strong>vi</strong></span> <span class='ocrx_word' id='word_1_603' title='bbox 1158 1071 1185 1095; x_wconf 86' lang='lat' dir='ltr'><strong>et</strong></span> <span class='ocrx_word' id='word_1_604' title='bbox 1199 1066 1332 1102; x_wconf 87' lang='lat' dir='ltr'><strong>Symeone</strong></span> <span class='ocrx_word' id='word_1_605' title='bbox 1353 1066 1452 1095; x_wconf 89' lang='lat' dir='ltr'><strong>factum</strong></span> <span class='ocrx_word' id='word_1_606' title='bbox 1466 1074 1543 1100; x_wconf 87' lang='lat' dir='ltr'><strong>esse,</strong></span> <span class='ocrx_word' id='word_1_607' title='bbox 1562 1067 1609 1095; x_wconf 89' lang='lat' dir='ltr'><strong>sed</strong></span> <span class='ocrx_word' id='word_1_608' title='bbox 1625 1068 1651 1094; x_wconf 92' lang='lat' dir='ltr'><strong>in</strong></span> <span class='ocrx_word' id='word_1_609' title='bbox 1671 1067 1792 1094; x_wconf 89' lang='lat' dir='ltr'><strong>tribubus</strong></span> <span class='ocrx_word' id='word_1_610' title='bbox 1816 1074 1851 1094; x_wconf 87' lang='lat' dir='ltr'><strong>ex</strong></span> <span class='ocrx_word' id='word_1_611' title='bbox 1872 1067 1912 1094; x_wconf 86' lang='lat' dir='ltr'><strong>eis</strong></span> 
     </span>
    </p>
   </div>
   <div class='ocr_carea' id='block_1_81' title="bbox 1119 1111 1911 1147">
    <p class='ocr_par' dir='ltr' id='par_1_81' title="bbox 1119 1111 1911 1147">
     <span class='ocr_line' id='line_1_81' title="bbox 1119 1111 1911 1147; baseline 0.001 -9"><span class='ocrx_word' id='word_1_612' title='bbox 1119 1111 1275 1147; x_wconf 79' lang='lat' dir='ltr'><strong>progenitis.</strong></span> <span class='ocrx_word' id='word_1_613' title='bbox 1288 1112 1356 1140; x_wconf 89' lang='lat' dir='ltr'><strong>Nam</strong></span> <span class='ocrx_word' id='word_1_614' title='bbox 1371 1112 1456 1140; x_wconf 88' lang='lat' dir='ltr'><strong>tribus</strong></span> <span class='ocrx_word' id='word_1_615' title='bbox 1465 1112 1531 1140; x_wconf 89' lang='lat' dir='ltr'><strong>Levi</strong></span> <span class='ocrx_word' id='word_1_616' title='bbox 1545 1112 1665 1147; x_wconf 88' lang='lat' dir='ltr'><strong>dispersa</strong></span> <span class='ocrx_word' id='word_1_617' title='bbox 1678 1117 1735 1144; x_wconf 88' lang='lat' dir='ltr'><strong>est,</strong></span> <span class='ocrx_word' id='word_1_618' title='bbox 1748 1112 1784 1140; x_wconf 85' lang='lat' dir='ltr'><strong>ita</strong></span> <span class='ocrx_word' id='word_1_619' title='bbox 1797 1117 1826 1139; x_wconf 91' lang='lat' dir='ltr'><strong>ut</strong></span> <span class='ocrx_word' id='word_1_620' title='bbox 1837 1112 1911 1140; x_wconf 88' lang='lat' dir='ltr'><strong>deci-</strong></span> 
     </span>
    </p>
   </div>
   <div class='ocr_carea' id='block_1_82' title="bbox 1119 1157 1913 1192">
    <p class='ocr_par' dir='ltr' id='par_1_82' title="bbox 1119 1157 1913 1192">
     <span class='ocr_line' id='line_1_82' title="bbox 1119 1157 1913 1192; baseline 0 -8"><span class='ocrx_word' id='word_1_621' title='bbox 1119 1164 1191 1184; x_wconf 90' lang='lat' dir='ltr'><strong>mam</strong></span> <span class='ocrx_word' id='word_1_622' title='bbox 1206 1162 1310 1192; x_wconf 80' lang='lat' dir='ltr'><strong>partem</strong></span> <span class='ocrx_word' id='word_1_623' title='bbox 1324 1157 1382 1192; x_wconf 91' lang='lat' dir='ltr'><strong>ejus</strong></span> <span class='ocrx_word' id='word_1_624' title='bbox 1397 1165 1562 1192; x_wconf 68' lang='lat' dir='ltr'><strong>unaquaeque</strong></span> <span class='ocrx_word' id='word_1_625' title='bbox 1582 1157 1668 1185; x_wconf 85' lang='lat' dir='ltr'><strong>tribus</strong></span> <span class='ocrx_word' id='word_1_626' title='bbox 1682 1157 1791 1185; x_wconf 89' lang='lat' dir='ltr'><strong>haberet</strong></span> <span class='ocrx_word' id='word_1_627' title='bbox 1804 1166 1813 1186; x_wconf 83' lang='lat'><strong>:</strong></span> <span class='ocrx_word' id='word_1_628' title='bbox 1828 1157 1913 1184; x_wconf 90' lang='lat' dir='ltr'><strong>tribus</strong></span> 
     </span>
    </p>
   </div>
   <div class='ocr_carea' id='block_1_83' title="bbox 1119 1203 1914 1239">
    <p class='ocr_par' dir='ltr' id='par_1_83' title="bbox 1119 1203 1914 1239">
     <span class='ocr_line' id='line_1_83' title="bbox 1119 1203 1914 1239; baseline 0 -9"><span class='ocrx_word' id='word_1_629' title='bbox 1119 1203 1183 1231; x_wconf 90' lang='lat' dir='ltr'><strong>item</strong></span> <span class='ocrx_word' id='word_1_630' title='bbox 1205 1203 1348 1239; x_wconf 88' lang='lat' dir='ltr'><strong>Symeonis</strong></span> <span class='ocrx_word' id='word_1_631' title='bbox 1365 1211 1426 1239; x_wconf 81' lang='lat' dir='ltr'><strong>quae</strong></span> <span class='ocrx_word' id='word_1_632' title='bbox 1448 1203 1566 1239; x_wconf 87' lang='lat' dir='ltr'><strong>idipsum</strong></span> <span class='ocrx_word' id='word_1_633' title='bbox 1587 1203 1644 1231; x_wconf 86' lang='lat' dir='ltr'><strong>fere</strong></span> <span class='ocrx_word' id='word_1_634' title='bbox 1663 1207 1772 1239; x_wconf 85' lang='lat' dir='ltr'><strong>experta</strong></span> <span class='ocrx_word' id='word_1_635' title='bbox 1791 1208 1842 1237; x_wconf 88' lang='lat' dir='ltr'><strong>est,</strong></span> <span class='ocrx_word' id='word_1_636' title='bbox 1866 1211 1914 1237; x_wconf 83' lang='lat' dir='ltr'><strong>per</strong></span> 
     </span>
    </p>
   </div>
   <div class='ocr_carea' id='block_1_84' title="bbox 1119 1248 1912 1285">
    <p class='ocr_par' dir='ltr' id='par_1_84' title="bbox 1119 1248 1912 1285">
     <span class='ocr_line' id='line_1_84' title="bbox 1119 1248 1912 1285; baseline 0.001 -10"><span class='ocrx_word' id='word_1_637' title='bbox 1119 1255 1213 1276; x_wconf 88' lang='lat' dir='ltr'><strong>omnes</strong></span> <span class='ocrx_word' id='word_1_638' title='bbox 1226 1249 1285 1277; x_wconf 92' lang='lat' dir='ltr'><strong>illas</strong></span> <span class='ocrx_word' id='word_1_639' title='bbox 1299 1253 1408 1277; x_wconf 86' lang='lat' dir='ltr'><strong>extensa</strong></span> <span class='ocrx_word' id='word_1_640' title='bbox 1423 1257 1470 1285; x_wconf 86' lang='lat' dir='ltr'><strong>per</strong></span> <span class='ocrx_word' id='word_1_641' title='bbox 1482 1254 1583 1277; x_wconf 88' lang='lat' dir='ltr'><strong>sortem</strong></span> <span class='ocrx_word' id='word_1_642' title='bbox 1595 1270 1603 1282; x_wconf 89' lang='lat'><strong>,</strong></span> <span class='ocrx_word' id='word_1_643' title='bbox 1617 1256 1671 1277; x_wconf 83' lang='lat' dir='ltr'><strong>non</strong></span> <span class='ocrx_word' id='word_1_644' title='bbox 1685 1248 1912 1285; x_wconf 82' lang='lat' dir='ltr'><strong>quemadmodum</strong></span> 
     </span>
    </p>
   </div>
   <div class='ocr_carea' id='block_1_85' title="bbox 1118 1294 1912 1330">
    <p class='ocr_par' dir='ltr' id='par_1_85' title="bbox 1118 1294 1912 1330">
     <span class='ocr_line' id='line_1_85' title="bbox 1118 1294 1912 1330; baseline 0.001 -9"><span class='ocrx_word' id='word_1_645' title='bbox 1118 1295 1188 1327; x_wconf 80' lang='lat' dir='ltr'><strong>alizie,</strong></span> <span class='ocrx_word' id='word_1_646' title='bbox 1204 1295 1375 1329; x_wconf 87' lang='lat' dir='ltr'><strong>conjunctam</strong></span> <span class='ocrx_word' id='word_1_647' title='bbox 1387 1299 1415 1323; x_wconf 92' lang='lat' dir='ltr'><strong>et</strong></span> <span class='ocrx_word' id='word_1_648' title='bbox 1427 1295 1506 1323; x_wconf 94' lang='lat' dir='ltr'><strong>simul</strong></span> <span class='ocrx_word' id='word_1_649' title='bbox 1518 1295 1704 1330; x_wconf 80' lang='lat' dir='ltr'><strong>conglobatam</strong></span> <span class='ocrx_word' id='word_1_650' title='bbox 1724 1295 1816 1323; x_wconf 88' lang='lat' dir='ltr'><strong>habuit</strong></span> <span class='ocrx_word' id='word_1_651' title='bbox 1831 1294 1912 1322; x_wconf 85' lang='lat' dir='ltr'><strong>here-</strong></span> 
     </span>
    </p>
   </div>
   <div class='ocr_carea' id='block_1_86' title="bbox 1119 1339 1912 1375">
    <p class='ocr_par' dir='ltr' id='par_1_86' title="bbox 1119 1339 1912 1375">
     <span class='ocr_line' id='line_1_86' title="bbox 1119 1339 1912 1375; baseline 0.001 -9"><span class='ocrx_word' id='word_1_652' title='bbox 1119 1339 1239 1367; x_wconf 90' lang='lat' dir='ltr'><strong>ditatem.</strong></span> <span class='ocrx_word' id='word_1_653' title='bbox 1253 1339 1335 1367; x_wconf 85' lang='lat' dir='ltr'><strong>Jacob</strong></span> <span class='ocrx_word' id='word_1_654' title='bbox 1348 1340 1429 1368; x_wconf 85' lang='lat' dir='ltr'><strong>etiam</strong></span> <span class='ocrx_word' id='word_1_655' title='bbox 1444 1348 1477 1368; x_wconf 84' lang='lat' dir='ltr'><strong>ex</strong></span> <span class='ocrx_word' id='word_1_656' title='bbox 1489 1340 1605 1375; x_wconf 87' lang='lat' dir='ltr'><strong>acceptis</strong></span> <span class='ocrx_word' id='word_1_657' title='bbox 1625 1348 1640 1368; x_wconf 87' lang='lat' dir='ltr'><strong>a</strong></span> <span class='ocrx_word' id='word_1_658' title='bbox 1657 1344 1733 1375; x_wconf 89' lang='lat' dir='ltr'><strong>patre</strong></span> <span class='ocrx_word' id='word_1_659' title='bbox 1747 1340 1912 1368; x_wconf 65' lang='lat' dir='ltr'><strong>benedictio«</strong></span> 
     </span>
    </p>
   </div>
   <div class='ocr_carea' id='block_1_87' title="bbox 1119 1384 1913 1421">
    <p class='ocr_par' dir='ltr' id='par_1_87' title="bbox 1119 1384 1913 1421">
     <span class='ocr_line' id='line_1_87' title="bbox 1119 1384 1913 1421; baseline 0.001 -10"><span class='ocrx_word' id='word_1_660' title='bbox 1119 1384 1207 1418; x_wconf 89' lang='lat' dir='ltr'><strong>nibus,</strong></span> <span class='ocrx_word' id='word_1_661' title='bbox 1223 1385 1323 1412; x_wconf 87' lang='lat' dir='ltr'><strong>nullam</strong></span> <span class='ocrx_word' id='word_1_662' title='bbox 1338 1385 1396 1420; x_wconf 88' lang='lat' dir='ltr'><strong>ipse</strong></span> <span class='ocrx_word' id='word_1_663' title='bbox 1405 1390 1585 1421; x_wconf 90' lang='lat' dir='ltr'><strong>consequutus</strong></span> <span class='ocrx_word' id='word_1_664' title='bbox 1598 1389 1648 1413; x_wconf 90' lang='lat' dir='ltr'><strong>est.</strong></span> <span class='ocrx_word' id='word_1_665' title='bbox 1660 1385 1740 1413; x_wconf 88' lang='lat' dir='ltr'><strong>Pater</strong></span> <span class='ocrx_word' id='word_1_666' title='bbox 1749 1385 1819 1413; x_wconf 90' lang='lat' dir='ltr'><strong>enim</strong></span> <span class='ocrx_word' id='word_1_667' title='bbox 1829 1386 1913 1420; x_wconf 89' lang='lat' dir='ltr'><strong>ipsius</strong></span> 
     </span>
    </p>
   </div>
   <div class='ocr_carea' id='block_1_88' title="bbox 1118 1427 1913 1467">
    <p class='ocr_par' dir='ltr' id='par_1_88' title="bbox 1118 1427 1913 1467">
     <span class='ocr_line' id='line_1_88' title="bbox 1118 1427 1913 1467; baseline 0.001 -9"><span class='ocrx_word' id='word_1_668' title='bbox 1118 1431 1227 1466; x_wconf 79' lang='lat' dir='ltr'><strong>longam</strong></span> <span class='ocrx_word' id='word_1_669' title='bbox 1241 1432 1443 1466; x_wconf 81' lang='lat' dir='ltr'><strong>prosperitatem</strong></span> <span class='ocrx_word' id='word_1_670' title='bbox 1457 1432 1507 1467; x_wconf 91' lang='lat' dir='ltr'><strong>ipsi</strong></span> <span class='ocrx_word' id='word_1_671' title='bbox 1523 1427 1692 1467; x_wconf 71' lang='lat' dir='ltr'><strong>praedixerat,</strong></span> <span class='ocrx_word' id='word_1_672' title='bbox 1708 1436 1736 1460; x_wconf 84' lang='lat' dir='ltr'><strong>et</strong></span> <span class='ocrx_word' id='word_1_673' title='bbox 1746 1437 1913 1467; x_wconf 81' lang='lat' dir='ltr'><strong>perpetuum</strong></span> 
     </span>
    </p>
   </div>
   <div class='ocr_carea' id='block_1_89' title="bbox 1119 1477 1912 1511">
    <p class='ocr_par' dir='ltr' id='par_1_89' title="bbox 1119 1477 1912 1511">
     <span class='ocr_line' id='line_1_89' title="bbox 1119 1477 1912 1511; baseline 0.001 -6"><span class='ocrx_word' id='word_1_674' title='bbox 1119 1477 1145 1505; x_wconf 91' lang='lat' dir='ltr'><strong>in</strong></span> <span class='ocrx_word' id='word_1_675' title='bbox 1161 1477 1231 1506; x_wconf 76' lang='lat' dir='ltr'><strong>Esau</strong></span> <span class='ocrx_word' id='word_1_676' title='bbox 1245 1478 1419 1511; x_wconf 82' lang='lat' dir='ltr'><strong>dominatum,</strong></span> <span class='ocrx_word' id='word_1_677' title='bbox 1432 1480 1454 1505; x_wconf 87' lang='lat' dir='ltr'><strong>is</strong></span> <span class='ocrx_word' id='word_1_678' title='bbox 1472 1486 1536 1506; x_wconf 88' lang='lat' dir='ltr'><strong>vero</strong></span> <span class='ocrx_word' id='word_1_679' title='bbox 1555 1478 1581 1506; x_wconf 93' lang='lat' dir='ltr'><strong>in</strong></span> <span class='ocrx_word' id='word_1_680' title='bbox 1594 1486 1684 1506; x_wconf 92' lang='lat' dir='ltr'><strong>rerum</strong></span> <span class='ocrx_word' id='word_1_681' title='bbox 1703 1479 1912 1506; x_wconf 86' lang='lat' dir='ltr'><strong>necessariarum</strong></span> 
     </span>
    </p>
   </div>
   <div class='ocr_carea' id='block_1_90' title="bbox 1119 1524 1913 1560">
    <p class='ocr_par' dir='ltr' id='par_1_90' title="bbox 1119 1524 1913 1560">
     <span class='ocr_line' id='line_1_90' title="bbox 1119 1524 1913 1560; baseline 0.003 -10"><span class='ocrx_word' id='word_1_682' title='bbox 1119 1524 1230 1558; x_wconf 88' lang='lat' dir='ltr'><strong>penuria</strong></span> <span class='ocrx_word' id='word_1_683' title='bbox 1252 1529 1328 1558; x_wconf 89' lang='lat' dir='ltr'><strong>erat,</strong></span> <span class='ocrx_word' id='word_1_684' title='bbox 1347 1526 1580 1560; x_wconf 85' lang='lat' dir='ltr'><strong>merccnariusque</strong></span> <span class='ocrx_word' id='word_1_685' title='bbox 1601 1525 1741 1558; x_wconf 83' lang='lat' dir='ltr'><strong>alebatur,</strong></span> <span class='ocrx_word' id='word_1_686' title='bbox 1756 1529 1913 1560; x_wconf 83' lang='lat' dir='ltr'><strong>tantumque</strong></span> 
     </span>
    </p>
   </div>
   <div class='ocr_carea' id='block_1_91' title="bbox 1119 1570 1913 1606">
    <p class='ocr_par' dir='ltr' id='par_1_91' title="bbox 1119 1570 1913 1606">
     <span class='ocr_line' id='line_1_91' title="bbox 1119 1570 1913 1606; baseline 0.001 -9"><span class='ocrx_word' id='word_1_687' title='bbox 1119 1570 1213 1597; x_wconf 85' lang='lat' dir='ltr'><strong>aberat</strong></span> <span class='ocrx_word' id='word_1_688' title='bbox 1231 1575 1261 1598; x_wconf 88' lang='lat' dir='ltr'><strong>ttt</strong></span> <span class='ocrx_word' id='word_1_689' title='bbox 1284 1571 1426 1606; x_wconf 87' lang='lat' dir='ltr'><strong>imperium</strong></span> <span class='ocrx_word' id='word_1_690' title='bbox 1445 1571 1555 1599; x_wconf 88' lang='lat' dir='ltr'><strong>haberet</strong></span> <span class='ocrx_word' id='word_1_691' title='bbox 1576 1572 1601 1598; x_wconf 91' lang='lat' dir='ltr'><strong>in</strong></span> <span class='ocrx_word' id='word_1_692' title='bbox 1615 1571 1736 1605; x_wconf 82' lang='lat' dir='ltr'><strong>fratrem,</strong></span> <span class='ocrx_word' id='word_1_693' title='bbox 1754 1575 1781 1598; x_wconf 85' lang='lat' dir='ltr'><strong>ut</strong></span> <span class='ocrx_word' id='word_1_694' title='bbox 1798 1571 1832 1599; x_wconf 92' lang='lat' dir='ltr'><strong>de</strong></span> <span class='ocrx_word' id='word_1_695' title='bbox 1858 1571 1913 1598; x_wconf 84' lang='lat' dir='ltr'><strong>vita</strong></span> 
     </span>
    </p>
   </div>
   <div class='ocr_carea' id='block_1_92' title="bbox 1119 1616 1914 1651">
    <p class='ocr_par' dir='ltr' id='par_1_92' title="bbox 1119 1616 1914 1651">
     <span class='ocr_line' id='line_1_92' title="bbox 1119 1616 1914 1651; baseline 0.001 -8"><span class='ocrx_word' id='word_1_696' title='bbox 1119 1616 1325 1651; x_wconf 87' lang='lat' dir='ltr'><strong>periclitaretur,</strong></span> <span class='ocrx_word' id='word_1_697' title='bbox 1337 1621 1365 1644; x_wconf 88' lang='lat' dir='ltr'><strong>et</strong></span> <span class='ocrx_word' id='word_1_698' title='bbox 1388 1617 1472 1645; x_wconf 85' lang='lat' dir='ltr'><strong>semel</strong></span> <span class='ocrx_word' id='word_1_699' title='bbox 1486 1617 1524 1644; x_wconf 94' lang='lat' dir='ltr'><strong>illi</strong></span> <span class='ocrx_word' id='word_1_700' title='bbox 1538 1617 1631 1645; x_wconf 91' lang='lat' dir='ltr'><strong>obvius</strong></span> <span class='ocrx_word' id='word_1_701' title='bbox 1643 1623 1704 1648; x_wconf 86' lang='lat' dir='ltr'><strong>cum</strong></span> <span class='ocrx_word' id='word_1_702' title='bbox 1719 1617 1803 1645; x_wconf 90' lang='lat' dir='ltr'><strong>multo</strong></span> <span class='ocrx_word' id='word_1_703' title='bbox 1817 1617 1914 1645; x_wconf 89' lang='lat' dir='ltr'><strong>timore</strong></span> 
     </span>
    </p>
   </div>
   <div class='ocr_carea' id='block_1_93' title="bbox 1120 1662 1912 1698">
    <p class='ocr_par' dir='ltr' id='par_1_93' title="bbox 1120 1662 1912 1698">
     <span class='ocr_line' id='line_1_93' title="bbox 1120 1662 1912 1698; baseline 0.001 -9"><span class='ocrx_word' id='word_1_704' title='bbox 1120 1662 1215 1695; x_wconf 72' lang='lat' dir='ltr'><strong>factus,</strong></span> <span class='ocrx_word' id='word_1_705' title='bbox 1227 1662 1295 1690; x_wconf 89' lang='lat' dir='ltr'><strong>bene</strong></span> <span class='ocrx_word' id='word_1_706' title='bbox 1307 1670 1398 1690; x_wconf 89' lang='lat' dir='ltr'><strong>secum</strong></span> <span class='ocrx_word' id='word_1_707' title='bbox 1407 1667 1494 1691; x_wconf 87' lang='lat' dir='ltr'><strong>aetum</strong></span> <span class='ocrx_word' id='word_1_708' title='bbox 1510 1664 1616 1698; x_wconf 89' lang='lat' dir='ltr'><strong>putarit,</strong></span> <span class='ocrx_word' id='word_1_709' title='bbox 1633 1663 1704 1698; x_wconf 90' lang='lat' dir='ltr'><strong>quod</strong></span> <span class='ocrx_word' id='word_1_710' title='bbox 1722 1663 1836 1697; x_wconf 86' lang='lat' dir='ltr'><strong>potuerit</strong></span> <span class='ocrx_word' id='word_1_711' title='bbox 1854 1671 1912 1690; x_wconf 92' lang='lat' dir='ltr'><strong>ma-</strong></span> 
     </span>
    </p>
   </div>
   <div class='ocr_carea' id='block_1_94' title="bbox 1120 1708 1913 1745">
    <p class='ocr_par' dir='ltr' id='par_1_94' title="bbox 1120 1708 1913 1745">
     <span class='ocr_line' id='line_1_94' title="bbox 1120 1708 1913 1745; baseline 0 -9"><span class='ocrx_word' id='word_1_712' title='bbox 1120 1716 1170 1736; x_wconf 87' lang='lat' dir='ltr'><strong>nus</strong></span> <span class='ocrx_word' id='word_1_713' title='bbox 1192 1708 1250 1744; x_wconf 88' lang='lat' dir='ltr'><strong>ejus</strong></span> <span class='ocrx_word' id='word_1_714' title='bbox 1265 1708 1392 1744; x_wconf 81' lang='lat' dir='ltr'><strong>effugere.</strong></span> <span class='ocrx_word' id='word_1_715' title='bbox 1415 1709 1484 1743; x_wconf 84' lang='lat' dir='ltr'><strong>Quid</strong></span> <span class='ocrx_word' id='word_1_716' title='bbox 1503 1709 1582 1745; x_wconf 81' lang='lat' dir='ltr'><strong>igitur</strong></span> <span class='ocrx_word' id='word_1_717' title='bbox 1596 1708 1629 1736; x_wconf 88' lang='lat' dir='ltr'><strong>ad</strong></span> <span class='ocrx_word' id='word_1_718' title='bbox 1642 1709 1700 1737; x_wconf 62' lang='lat' dir='ltr'><strong>haec</strong></span> <span class='ocrx_word' id='word_1_719' title='bbox 1717 1709 1858 1737; x_wconf 81' lang='lat' dir='ltr'><strong>dicamus?</strong></span> <span class='ocrx_word' id='word_1_720' title='bbox 1879 1717 1913 1736; x_wconf 90' lang='lat' dir='ltr'><strong>an</strong></span> 
     </span>
    </p>
   </div>
   <div class='ocr_carea' id='block_1_95' title="bbox 1120 1755 1914 1791">
    <p class='ocr_par' dir='ltr' id='par_1_95' title="bbox 1120 1755 1914 1791">
     <span class='ocr_line' id='line_1_95' title="bbox 1120 1755 1914 1791; baseline 0.001 -9"><span class='ocrx_word' id='word_1_721' title='bbox 1120 1755 1275 1783; x_wconf 86' lang='lat' dir='ltr'><strong>mendacem</strong></span> <span class='ocrx_word' id='word_1_722' title='bbox 1285 1764 1344 1784; x_wconf 89' lang='lat' dir='ltr'><strong>esse</strong></span> <span class='ocrx_word' id='word_1_723' title='bbox 1357 1755 1544 1791; x_wconf 83' lang='lat' dir='ltr'><strong>prophetiam?</strong></span> <span class='ocrx_word' id='word_1_724' title='bbox 1558 1756 1633 1784; x_wconf 84' lang='lat' dir='ltr'><strong>Absit</strong></span> <span class='ocrx_word' id='word_1_725' title='bbox 1649 1764 1656 1782; x_wconf 90' lang='lat'><strong>:</strong></span> <span class='ocrx_word' id='word_1_726' title='bbox 1669 1755 1717 1784; x_wconf 86' lang='lat' dir='ltr'><strong>sed</strong></span> <span class='ocrx_word' id='word_1_727' title='bbox 1739 1756 1798 1791; x_wconf 77' lang='lat' dir='ltr'><strong>ejus</strong></span> <span class='ocrx_word' id='word_1_728' title='bbox 1810 1763 1914 1784; x_wconf 91' lang='lat' dir='ltr'><strong>morem</strong></span> 
     </span>
    </p>
   </div>
   <div class='ocr_carea' id='block_1_96' title="bbox 1120 1801 1914 1837">
    <p class='ocr_par' dir='ltr' id='par_1_96' title="bbox 1120 1801 1914 1837">
     <span class='ocr_line' id='line_1_96' title="bbox 1120 1801 1914 1837; baseline 0.001 -9"><span class='ocrx_word' id='word_1_729' title='bbox 1120 1801 1192 1829; x_wconf 92' lang='lat' dir='ltr'><strong>hunc</strong></span> <span class='ocrx_word' id='word_1_730' title='bbox 1205 1809 1276 1837; x_wconf 69' lang='lat' dir='ltr'><strong>saepe</strong></span> <span class='ocrx_word' id='word_1_731' title='bbox 1290 1809 1359 1835; x_wconf 88' lang='lat' dir='ltr'><strong>esse,</strong></span> <span class='ocrx_word' id='word_1_732' title='bbox 1372 1807 1401 1829; x_wconf 89' lang='lat' dir='ltr'><strong>ut</strong></span> <span class='ocrx_word' id='word_1_733' title='bbox 1413 1809 1444 1829; x_wconf 89' lang='lat' dir='ltr'><strong>ea</strong></span> <span class='ocrx_word' id='word_1_734' title='bbox 1457 1809 1518 1837; x_wconf 86' lang='lat' dir='ltr'><strong>quae</strong></span> <span class='ocrx_word' id='word_1_735' title='bbox 1534 1806 1596 1829; x_wconf 90' lang='lat' dir='ltr'><strong>sunt</strong></span> <span class='ocrx_word' id='word_1_736' title='bbox 1615 1802 1676 1829; x_wconf 90' lang='lat' dir='ltr'><strong>aliis</strong></span> <span class='ocrx_word' id='word_1_737' title='bbox 1697 1807 1837 1835; x_wconf 87' lang='lat' dir='ltr'><strong>eventura,</strong></span> <span class='ocrx_word' id='word_1_738' title='bbox 1854 1802 1914 1830; x_wconf 86' lang='lat' dir='ltr'><strong>aliis</strong></span> 
     </span>
    </p>
   </div>
   <div class='ocr_carea' id='block_1_97' title="bbox 1120 1847 1914 1883">
    <p class='ocr_par' dir='ltr' id='par_1_97' title="bbox 1120 1847 1914 1883">
     <span class='ocr_line' id='line_1_97' title="bbox 1120 1847 1914 1883; baseline 0 -8"><span class='ocrx_word' id='word_1_739' title='bbox 1120 1848 1242 1882; x_wconf 88' lang='lat' dir='ltr'><strong>personis</strong></span> <span class='ocrx_word' id='word_1_740' title='bbox 1256 1847 1406 1882; x_wconf 88' lang='lat' dir='ltr'><strong>adscribat,</strong></span> <span class='ocrx_word' id='word_1_741' title='bbox 1423 1852 1450 1876; x_wconf 92' lang='lat' dir='ltr'><strong>et</strong></span> <span class='ocrx_word' id='word_1_742' title='bbox 1463 1848 1515 1875; x_wconf 87' lang='lat' dir='ltr'><strong>alia</strong></span> <span class='ocrx_word' id='word_1_743' title='bbox 1531 1856 1580 1883; x_wconf 93' lang='lat' dir='ltr'><strong>pro</strong></span> <span class='ocrx_word' id='word_1_744' title='bbox 1591 1848 1650 1876; x_wconf 90' lang='lat' dir='ltr'><strong>aliis</strong></span> <span class='ocrx_word' id='word_1_745' title='bbox 1664 1848 1817 1877; x_wconf 92' lang='lat' dir='ltr'><strong>nominibus</strong></span> <span class='ocrx_word' id='word_1_746' title='bbox 1832 1856 1914 1875; x_wconf 90' lang='lat' dir='ltr'><strong>usur-</strong></span> 
     </span>
    </p>
   </div>
   <div class='ocr_carea' id='block_1_98' title="bbox 1121 1894 1914 1930">
    <p class='ocr_par' dir='ltr' id='par_1_98' title="bbox 1121 1894 1914 1930">
     <span class='ocr_line' id='line_1_98' title="bbox 1121 1894 1914 1930; baseline 0.001 -9"><span class='ocrx_word' id='word_1_747' title='bbox 1121 1899 1166 1928; x_wconf 86' lang='lat' dir='ltr'><strong>pet</strong></span> <span class='ocrx_word' id='word_1_748' title='bbox 1181 1903 1189 1922; x_wconf 86' lang='lat'><strong>:</strong></span> <span class='ocrx_word' id='word_1_749' title='bbox 1207 1894 1232 1921; x_wconf 93' lang='lat' dir='ltr'><strong>id</strong></span> <span class='ocrx_word' id='word_1_750' title='bbox 1247 1894 1318 1930; x_wconf 93' lang='lat' dir='ltr'><strong>quod</strong></span> <span class='ocrx_word' id='word_1_751' title='bbox 1336 1894 1418 1922; x_wconf 87' lang='lat' dir='ltr'><strong>etiam</strong></span> <span class='ocrx_word' id='word_1_752' title='bbox 1432 1894 1458 1922; x_wconf 93' lang='lat' dir='ltr'><strong>in</strong></span> <span class='ocrx_word' id='word_1_753' title='bbox 1479 1894 1623 1922; x_wconf 87' lang='lat' dir='ltr'><strong>Chanaano</strong></span> <span class='ocrx_word' id='word_1_754' title='bbox 1643 1895 1740 1922; x_wconf 86' lang='lat' dir='ltr'><strong>factum</strong></span> <span class='ocrx_word' id='word_1_755' title='bbox 1757 1900 1808 1922; x_wconf 90' lang='lat' dir='ltr'><strong>est.</strong></span> <span class='ocrx_word' id='word_1_756' title='bbox 1822 1894 1914 1929; x_wconf 84' lang='lat' dir='ltr'><strong>Neque</strong></span> 
     </span>
    </p>
   </div>
   <div class='ocr_carea' id='block_1_99' title="bbox 1120 1939 1915 1976">
    <p class='ocr_par' dir='ltr' id='par_1_99' title="bbox 1120 1939 1915 1976">
     <span class='ocr_line' id='line_1_99' title="bbox 1120 1939 1915 1976; baseline -0.001 -8"><span class='ocrx_word' id='word_1_757' title='bbox 1120 1940 1192 1968; x_wconf 89' lang='lat' dir='ltr'><strong>enim</strong></span> <span class='ocrx_word' id='word_1_758' title='bbox 1207 1940 1330 1968; x_wconf 85' lang='lat' dir='ltr'><strong>videmus</strong></span> <span class='ocrx_word' id='word_1_759' title='bbox 1344 1940 1418 1967; x_wconf 91' lang='lat' dir='ltr'><strong>illum</strong></span> <span class='ocrx_word' id='word_1_760' title='bbox 1435 1940 1577 1968; x_wconf 86' lang='lat' dir='ltr'><strong>servivissc</strong></span> <span class='ocrx_word' id='word_1_761' title='bbox 1593 1939 1719 1976; x_wconf 83' lang='lat' dir='ltr'><strong>fratribus</strong></span> <span class='ocrx_word' id='word_1_762' title='bbox 1737 1940 1801 1973; x_wconf 88' lang='lat' dir='ltr'><strong>suis,</strong></span> <span class='ocrx_word' id='word_1_763' title='bbox 1826 1947 1915 1976; x_wconf 81' lang='lat' dir='ltr'><strong>neque</strong></span> 
     </span>
    </p>
   </div>
   <div class='ocr_carea' id='block_1_100' title="bbox 1120 1985 1914 2020">
    <p class='ocr_par' dir='ltr' id='par_1_100' title="bbox 1120 1985 1914 2020">
     <span class='ocr_line' id='line_1_100' title="bbox 1120 1985 1914 2020; baseline 0 -7"><span class='ocrx_word' id='word_1_764' title='bbox 1120 1985 1201 2013; x_wconf 87' lang='lat' dir='ltr'><strong>etiam</strong></span> <span class='ocrx_word' id='word_1_765' title='bbox 1214 1985 1427 2013; x_wconf 89' lang='lat' dir='ltr'><strong>maledictionem</strong></span> <span class='ocrx_word' id='word_1_766' title='bbox 1438 1985 1585 2020; x_wconf 85' lang='lat' dir='ltr'><strong>excidisse,</strong></span> <span class='ocrx_word' id='word_1_767' title='bbox 1601 1986 1649 2014; x_wconf 80' lang='lat' dir='ltr'><strong>sed</strong></span> <span class='ocrx_word' id='word_1_768' title='bbox 1663 1987 1688 2013; x_wconf 93' lang='lat' dir='ltr'><strong>in</strong></span> <span class='ocrx_word' id='word_1_769' title='bbox 1703 1986 1857 2013; x_wconf 81' lang='lat' dir='ltr'><strong>Gabaonitis</strong></span> <span class='ocrx_word' id='word_1_770' title='bbox 1881 1994 1914 2013; x_wconf 85' lang='lat' dir='ltr'><strong>ex</strong></span> 
     </span>
    </p>
   </div>
   <div class='ocr_carea' id='block_1_101' title="bbox 1121 2031 1915 2068">
    <p class='ocr_par' dir='ltr' id='par_1_101' title="bbox 1121 2031 1915 2068">
     <span class='ocr_line' id='line_1_101' title="bbox 1121 2031 1915 2068; baseline 0.001 -10"><span class='ocrx_word' id='word_1_771' title='bbox 1121 2031 1264 2062; x_wconf 84' lang='lat' dir='ltr'><strong>Clianaano</strong></span> <span class='ocrx_word' id='word_1_772' title='bbox 1279 2031 1345 2058; x_wconf 91' lang='lat' dir='ltr'><strong>ortis</strong></span> <span class='ocrx_word' id='word_1_773' title='bbox 1357 2031 1436 2060; x_wconf 86' lang='lat' dir='ltr'><strong>linem</strong></span> <span class='ocrx_word' id='word_1_774' title='bbox 1449 2032 1593 2066; x_wconf 86' lang='lat' dir='ltr'><strong>accepisse.</strong></span> <span class='ocrx_word' id='word_1_775' title='bbox 1611 2031 1676 2059; x_wconf 85' lang='lat' dir='ltr'><strong>Nam</strong></span> <span class='ocrx_word' id='word_1_776' title='bbox 1687 2032 1712 2059; x_wconf 90' lang='lat' dir='ltr'><strong>id</strong></span> <span class='ocrx_word' id='word_1_777' title='bbox 1726 2032 1797 2068; x_wconf 86' lang='lat' dir='ltr'><strong>quod</strong></span> <span class='ocrx_word' id='word_1_778' title='bbox 1807 2032 1915 2060; x_wconf 88' lang='lat' dir='ltr'><strong>diceba-</strong></span> 
     </span>
    </p>
   </div>
   <div class='ocr_carea' id='block_1_102' title="bbox 1123 2076 1842 2112">
    <p class='ocr_par' dir='ltr' id='par_1_102' title="bbox 1123 2076 1842 2112">
     <span class='ocr_line' id='line_1_102' title="bbox 1123 2076 1842 2112; baseline -0.001 -8"><span class='ocrx_word' id='word_1_779' title='bbox 1123 2081 1165 2105; x_wconf 88' lang='lat' dir='ltr'><strong>tur</strong></span> <span class='ocrx_word' id='word_1_780' title='bbox 1179 2076 1317 2112; x_wconf 87' lang='lat' dir='ltr'><strong>prophetia</strong></span> <span class='ocrx_word' id='word_1_781' title='bbox 1331 2080 1403 2110; x_wconf 84' lang='lat' dir='ltr'><strong>erat,</strong></span> <span class='ocrx_word' id='word_1_782' title='bbox 1417 2077 1612 2105; x_wconf 87' lang='lat' dir='ltr'><strong>maledictionis</strong></span> <span class='ocrx_word' id='word_1_783' title='bbox 1632 2077 1716 2105; x_wconf 87' lang='lat' dir='ltr'><strong>forma</strong></span> <span class='ocrx_word' id='word_1_784' title='bbox 1728 2078 1842 2112; x_wconf 86' lang='lat' dir='ltr'><strong>prolata.</strong></span> 
     </span>
    </p>
   </div>
   <div class='ocr_carea' id='block_1_103' title="bbox 1156 2123 1914 2158">
    <p class='ocr_par' dir='ltr' id='par_1_103' title="bbox 1156 2123 1914 2158">
     <span class='ocr_line' id='line_1_103' title="bbox 1156 2123 1914 2158; baseline -0.001 -7"><span class='ocrx_word' id='word_1_785' title='bbox 1156 2123 1185 2151; x_wconf 74' lang='grc'><strong>2.</strong></span> <span class='ocrx_word' id='word_1_786' title='bbox 1205 2123 1272 2151; x_wconf 85' lang='lat' dir='ltr'><strong>Cum</strong></span> <span class='ocrx_word' id='word_1_787' title='bbox 1285 2127 1324 2151; x_wconf 88' lang='lat' dir='ltr'><strong>tot</strong></span> <span class='ocrx_word' id='word_1_788' title='bbox 1333 2130 1396 2158; x_wconf 83' lang='lat' dir='ltr'><strong>ergo</strong></span> <span class='ocrx_word' id='word_1_789' title='bbox 1411 2123 1525 2158; x_wconf 85' lang='lat' dir='ltr'><strong>taliaque</strong></span> <span class='ocrx_word' id='word_1_790' title='bbox 1539 2123 1684 2151; x_wconf 87' lang='lat' dir='ltr'><strong>habeamus</strong></span> <span class='ocrx_word' id='word_1_791' title='bbox 1697 2123 1819 2158; x_wconf 86' lang='lat' dir='ltr'><strong>exempla</strong></span> <span class='ocrx_word' id='word_1_792' title='bbox 1831 2144 1838 2156; x_wconf 97' lang='lat'><strong>,</strong></span> <span class='ocrx_word' id='word_1_793' title='bbox 1853 2123 1914 2158; x_wconf 85' lang='lat' dir='ltr'><strong>qui-</strong></span> 
     </span>
    </p>
   </div>
   <div class='ocr_carea' id='block_1_104' title="bbox 1121 2168 1916 2204">
    <p class='ocr_par' dir='ltr' id='par_1_104' title="bbox 1121 2168 1916 2204">
     <span class='ocr_line' id='line_1_104' title="bbox 1121 2168 1916 2204; baseline -0.003 -7"><span class='ocrx_word' id='word_1_794' title='bbox 1121 2169 1172 2197; x_wconf 84' lang='lat' dir='ltr'><strong>bus</strong></span> <span class='ocrx_word' id='word_1_795' title='bbox 1186 2169 1321 2204; x_wconf 87' lang='lat' dir='ltr'><strong>probatur,</strong></span> <span class='ocrx_word' id='word_1_796' title='bbox 1338 2169 1421 2197; x_wconf 88' lang='lat' dir='ltr'><strong>multa</strong></span> <span class='ocrx_word' id='word_1_797' title='bbox 1435 2177 1495 2204; x_wconf 62' lang='lat' dir='ltr'><strong>quas</strong></span> <span class='ocrx_word' id='word_1_798' title='bbox 1503 2169 1627 2197; x_wconf 86' lang='lat' dir='ltr'><strong>dicuntur</strong></span> <span class='ocrx_word' id='word_1_799' title='bbox 1640 2169 1674 2196; x_wconf 88' lang='lat' dir='ltr'><strong>de</strong></span> <span class='ocrx_word' id='word_1_800' title='bbox 1684 2169 1743 2196; x_wconf 85' lang='lat' dir='ltr'><strong>aliis</strong></span> <span class='ocrx_word' id='word_1_801' title='bbox 1756 2168 1880 2204; x_wconf 82' lang='lat' dir='ltr'><strong>proferri,</strong></span> <span class='ocrx_word' id='word_1_802' title='bbox 1889 2172 1916 2196; x_wconf 91' lang='lat' dir='ltr'><strong>et</strong></span> 
     </span>
    </p>
   </div>
   <div class='ocr_carea' id='block_1_105' title="bbox 1123 2214 1916 2250">
    <p class='ocr_par' dir='ltr' id='par_1_105' title="bbox 1123 2214 1916 2250">
     <span class='ocr_line' id='line_1_105' title="bbox 1123 2214 1916 2250; baseline -0.001 -8"><span class='ocrx_word' id='word_1_803' title='bbox 1123 2216 1148 2243; x_wconf 93' lang='lat' dir='ltr'><strong>in</strong></span> <span class='ocrx_word' id='word_1_804' title='bbox 1163 2216 1222 2243; x_wconf 83' lang='lat' dir='ltr'><strong>aliis</strong></span> <span class='ocrx_word' id='word_1_805' title='bbox 1235 2215 1358 2244; x_wconf 87' lang='lat' dir='ltr'><strong>accidere</strong></span> <span class='ocrx_word' id='word_1_806' title='bbox 1368 2236 1376 2249; x_wconf 94' lang='lat'><strong>,</strong></span> <span class='ocrx_word' id='word_1_807' title='bbox 1390 2220 1417 2243; x_wconf 89' lang='lat' dir='ltr'><strong>et</strong></span> <span class='ocrx_word' id='word_1_808' title='bbox 1429 2215 1580 2243; x_wconf 86' lang='lat' dir='ltr'><strong>nominibus</strong></span> <span class='ocrx_word' id='word_1_809' title='bbox 1596 2214 1636 2242; x_wconf 90' lang='lat' dir='ltr'><strong>sic</strong></span> <span class='ocrx_word' id='word_1_810' title='bbox 1649 2222 1712 2242; x_wconf 90' lang='lat' dir='ltr'><strong>usos</strong></span> <span class='ocrx_word' id='word_1_811' title='bbox 1725 2222 1785 2242; x_wconf 86' lang='lat' dir='ltr'><strong>esse</strong></span> <span class='ocrx_word' id='word_1_812' title='bbox 1799 2214 1916 2250; x_wconf 85' lang='lat' dir='ltr'><strong>prophe-</strong></span> 
     </span>
    </p>
   </div>
   <div class='ocr_carea' id='block_1_106' title="bbox 1122 2260 1915 2298">
    <p class='ocr_par' dir='ltr' id='par_1_106' title="bbox 1122 2260 1915 2298">
     <span class='ocr_line' id='line_1_106' title="bbox 1122 2260 1915 2298; baseline -0.003 -8"><span class='ocrx_word' id='word_1_813' title='bbox 1122 2267 1174 2296; x_wconf 87' lang='lat' dir='ltr'><strong>tas,</strong></span> <span class='ocrx_word' id='word_1_814' title='bbox 1189 2262 1252 2298; x_wconf 92' lang='lat' dir='ltr'><strong>quid</strong></span> <span class='ocrx_word' id='word_1_815' title='bbox 1262 2263 1359 2290; x_wconf 92' lang='lat' dir='ltr'><strong>mirnm</strong></span> <span class='ocrx_word' id='word_1_816' title='bbox 1380 2262 1403 2289; x_wconf 90' lang='lat' dir='ltr'><strong>si</strong></span> <span class='ocrx_word' id='word_1_817' title='bbox 1421 2269 1491 2289; x_wconf 92' lang='lat' dir='ltr'><strong>nunc</strong></span> <span class='ocrx_word' id='word_1_818' title='bbox 1501 2269 1597 2289; x_wconf 89' lang='lat' dir='ltr'><strong>nomen</strong></span> <span class='ocrx_word' id='word_1_819' title='bbox 1611 2261 1711 2289; x_wconf 67' lang='lat' dir='ltr'><strong>Judteae</strong></span> <span class='ocrx_word' id='word_1_820' title='bbox 1724 2265 1751 2289; x_wconf 86' lang='lat' dir='ltr'><strong>et</strong></span> <span class='ocrx_word' id='word_1_821' title='bbox 1766 2260 1915 2289; x_wconf 82' lang='lat' dir='ltr'><strong>Jerusalem</strong></span> 
     </span>
    </p>
   </div>
   <div class='ocr_carea' id='block_1_107' title="bbox 1123 2307 1916 2344">
    <p class='ocr_par' dir='ltr' id='par_1_107' title="bbox 1123 2307 1916 2344">
     <span class='ocr_line' id='line_1_107' title="bbox 1123 2307 1916 2344; baseline -0.003 -8"><span class='ocrx_word' id='word_1_822' title='bbox 1123 2309 1251 2344; x_wconf 89' lang='lat' dir='ltr'><strong>propheta</strong></span> <span class='ocrx_word' id='word_1_823' title='bbox 1264 2316 1406 2343; x_wconf 85' lang='lat' dir='ltr'><strong>usurpans,</strong></span> <span class='ocrx_word' id='word_1_824' title='bbox 1421 2308 1454 2336; x_wconf 91' lang='lat' dir='ltr'><strong>de</strong></span> <span class='ocrx_word' id='word_1_825' title='bbox 1465 2309 1584 2336; x_wconf 87' lang='lat' dir='ltr'><strong>Ecclesia</strong></span> <span class='ocrx_word' id='word_1_826' title='bbox 1591 2309 1749 2336; x_wconf 86' lang='lat' dir='ltr'><strong>vaticinetur</strong></span> <span class='ocrx_word' id='word_1_827' title='bbox 1759 2308 1770 2335; x_wconf 66' lang='grc' dir='ltr'><em>Ἰ</em></span> <span class='ocrx_word' id='word_1_828' title='bbox 1780 2307 1845 2335; x_wconf 87' lang='lat' dir='ltr'><strong>Nam</strong></span> <span class='ocrx_word' id='word_1_829' title='bbox 1855 2308 1916 2342; x_wconf 88' lang='lat' dir='ltr'><strong>quia</strong></span> 
     </span>
    </p>
   </div>
   <div class='ocr_carea' id='block_1_108' title="bbox 1124 2353 1917 2390">
    <p class='ocr_par' dir='ltr' id='par_1_108' title="bbox 1124 2353 1917 2390">
     <span class='ocr_line' id='line_1_108' title="bbox 1124 2353 1917 2390; baseline -0.003 -8"><span class='ocrx_word' id='word_1_830' title='bbox 1124 2355 1235 2390; x_wconf 76' lang='lat' dir='ltr'><strong>ingratis</strong></span> <span class='ocrx_word' id='word_1_831' title='bbox 1263 2354 1433 2389; x_wconf 83' lang='lat' dir='ltr'><strong>loquebatur,</strong></span> <span class='ocrx_word' id='word_1_832' title='bbox 1459 2354 1603 2389; x_wconf 90' lang='lat' dir='ltr'><strong>prophetas</strong></span> <span class='ocrx_word' id='word_1_833' title='bbox 1622 2354 1813 2388; x_wconf 85' lang='lat' dir='ltr'><strong>occidentibus,</strong></span> <span class='ocrx_word' id='word_1_834' title='bbox 1832 2353 1917 2381; x_wconf 88' lang='lat' dir='ltr'><strong>libros</strong></span> 
     </span>
    </p>
   </div>
   <div class='ocr_carea' id='block_1_109' title="bbox 1123 2398 1918 2434">
    <p class='ocr_par' dir='ltr' id='par_1_109' title="bbox 1123 2398 1918 2434">
     <span class='ocr_line' id='line_1_109' title="bbox 1123 2398 1918 2434; baseline -0.003 -5"><span class='ocrx_word' id='word_1_835' title='bbox 1123 2400 1349 2433; x_wconf 83' lang='lat' dir='ltr'><strong>comburentibus,</strong></span> <span class='ocrx_word' id='word_1_836' title='bbox 1359 2407 1419 2427; x_wconf 87' lang='lat' dir='ltr'><strong>aras</strong></span> <span class='ocrx_word' id='word_1_837' title='bbox 1429 2399 1709 2434; x_wconf 83' lang='lat' dir='ltr'><strong>sullodicntibus,jure</strong></span> <span class='ocrx_word' id='word_1_838' title='bbox 1720 2399 1841 2427; x_wconf 90' lang='lat' dir='ltr'><strong>velamen</strong></span> <span class='ocrx_word' id='word_1_839' title='bbox 1851 2398 1918 2434; x_wconf 86' lang='lat' dir='ltr'><strong>ipsis</strong></span> 
     </span>
    </p>
   </div>
   <div class='ocr_carea' id='block_1_110' title="bbox 1124 2443 1917 2481">
    <p class='ocr_par' dir='ltr' id='par_1_110' title="bbox 1124 2443 1917 2481">
     <span class='ocr_line' id='line_1_110' title="bbox 1124 2443 1917 2481; baseline -0.003 -8"><span class='ocrx_word' id='word_1_840' title='bbox 1124 2446 1276 2481; x_wconf 88' lang='lat' dir='ltr'><strong>impositum</strong></span> <span class='ocrx_word' id='word_1_841' title='bbox 1292 2450 1349 2473; x_wconf 88' lang='lat' dir='ltr'><strong>erat</strong></span> <span class='ocrx_word' id='word_1_842' title='bbox 1369 2445 1394 2472; x_wconf 92' lang='lat' dir='ltr'><strong>in</strong></span> <span class='ocrx_word' id='word_1_843' title='bbox 1417 2444 1532 2472; x_wconf 87' lang='lat' dir='ltr'><strong>lectione</strong></span> <span class='ocrx_word' id='word_1_844' title='bbox 1553 2443 1657 2472; x_wconf 83' lang='lat' dir='ltr'><strong>Veteris</strong></span> <span class='ocrx_word' id='word_1_845' title='bbox 1671 2444 1852 2477; x_wconf 85' lang='lat' dir='ltr'><strong>Testamenti,</strong></span> <span class='ocrx_word' id='word_1_846' title='bbox 1870 2451 1917 2471; x_wconf 87' lang='lat' dir='ltr'><strong>se-</strong></span> 
     </span>
    </p>
   </div>
   <div class='ocr_carea' id='block_1_111' title="bbox 1124 2489 1918 2525">
    <p class='ocr_par' dir='ltr' id='par_1_111' title="bbox 1124 2489 1918 2525">
     <span class='ocr_line' id='line_1_111' title="bbox 1124 2489 1918 2525; baseline -0.005 -5"><span class='ocrx_word' id='word_1_847' title='bbox 1124 2492 1240 2520; x_wconf 91' lang='lat' dir='ltr'><strong>cundum</strong></span> <span class='ocrx_word' id='word_1_848' title='bbox 1260 2491 1366 2519; x_wconf 88' lang='lat' dir='ltr'><strong>beatum</strong></span> <span class='ocrx_word' id='word_1_849' title='bbox 1388 2490 1495 2517; x_wconf 87' lang='lat' dir='ltr'><strong>Paulum</strong></span> <span class='ocrx_word' id='word_1_850' title='bbox 1511 2490 1556 2525; x_wconf 75' lang='lat'><strong>(2.</strong></span> <span class='ocrx_word' id='word_1_851' title='bbox 1571 2489 1630 2518; x_wconf 84' lang='lat' dir='ltr'><strong>Cor.</strong></span> <span class='ocrx_word' id='word_1_852' title='bbox 1652 2491 1678 2518; x_wconf 82' lang='grc'><strong>5.</strong></span> <span class='ocrx_word' id='word_1_853' title='bbox 1702 2490 1766 2525; x_wconf 78' lang='lat' dir='ltr'><strong>M).</strong></span> <span class='ocrx_word' id='word_1_854' title='bbox 1791 2489 1918 2524; x_wconf 84' lang='lat' dir='ltr'><strong>Alioquin</strong></span> 
     </span>
    </p>
   </div>
   <div class='ocr_carea' id='block_1_112' title="bbox 1125 2535 1918 2571">
    <p class='ocr_par' dir='ltr' id='par_1_112' title="bbox 1125 2535 1918 2571">
     <span class='ocr_line' id='line_1_112' title="bbox 1125 2535 1918 2571; baseline -0.005 -5"><span class='ocrx_word' id='word_1_855' title='bbox 1125 2538 1206 2566; x_wconf 88' lang='lat' dir='ltr'><strong>libros</strong></span> <span class='ocrx_word' id='word_1_856' title='bbox 1213 2537 1392 2569; x_wconf 84' lang='lat' dir='ltr'><strong>sustulissent,</strong></span> <span class='ocrx_word' id='word_1_857' title='bbox 1405 2537 1428 2563; x_wconf 93' lang='lat' dir='ltr'><strong>si</strong></span> <span class='ocrx_word' id='word_1_858' title='bbox 1437 2535 1582 2571; x_wconf 80' lang='lat' dir='ltr'><strong>prophetia:</strong></span> <span class='ocrx_word' id='word_1_859' title='bbox 1595 2535 1740 2563; x_wconf 88' lang='lat' dir='ltr'><strong>deChristo</strong></span> <span class='ocrx_word' id='word_1_860' title='bbox 1747 2536 1802 2563; x_wconf 92' lang='lat' dir='ltr'><strong>vim</strong></span> <span class='ocrx_word' id='word_1_861' title='bbox 1811 2536 1918 2563; x_wconf 87' lang='lat' dir='ltr'><strong>intelle-</strong></span> 
     </span>
    </p>
   </div>
   <div class='ocr_carea' id='block_1_113' title="bbox 1125 2582 1918 2618">
    <p class='ocr_par' dir='ltr' id='par_1_113' title="bbox 1125 2582 1918 2618">
     <span class='ocr_line' id='line_1_113' title="bbox 1125 2582 1918 2618; baseline -0.005 -5"><span class='ocrx_word' id='word_1_862' title='bbox 1125 2584 1305 2613; x_wconf 85' lang='lat' dir='ltr'><strong>xissent.Cuin</strong></span> <span class='ocrx_word' id='word_1_863' title='bbox 1311 2583 1382 2611; x_wconf 86' lang='lat' dir='ltr'><strong>enim</strong></span> <span class='ocrx_word' id='word_1_864' title='bbox 1390 2587 1549 2618; x_wconf 68' lang='lat' dir='ltr'><strong>praesentem</strong></span> <span class='ocrx_word' id='word_1_865' title='bbox 1556 2583 1641 2617; x_wconf 89' lang='lat' dir='ltr'><strong>ipsum</strong></span> <span class='ocrx_word' id='word_1_866' title='bbox 1648 2582 1774 2610; x_wconf 88' lang='lat' dir='ltr'><strong>miracula</strong></span> <span class='ocrx_word' id='word_1_867' title='bbox 1781 2582 1918 2616; x_wconf 88' lang='lat' dir='ltr'><strong>edentem,</strong></span> 
     </span>
    </p>
   </div>
   <div class='ocr_carea' id='block_1_114' title="bbox 1126 2628 1920 2665">
    <p class='ocr_par' dir='ltr' id='par_1_114' title="bbox 1126 2628 1920 2665">
     <span class='ocr_line' id='line_1_114' title="bbox 1126 2628 1920 2665; baseline -0.001 -8"><span class='ocrx_word' id='word_1_868' title='bbox 1126 2630 1323 2665; x_wconf 85' lang='lat' dir='ltr'><strong>perfectamque</strong></span> <span class='ocrx_word' id='word_1_869' title='bbox 1330 2628 1455 2663; x_wconf 68' lang='lat' dir='ltr'><strong>potentiae</strong></span> <span class='ocrx_word' id='word_1_870' title='bbox 1464 2636 1519 2656; x_wconf 65' lang='lat' dir='ltr'><strong>suae</strong></span> <span class='ocrx_word' id='word_1_871' title='bbox 1527 2632 1553 2656; x_wconf 90' lang='lat' dir='ltr'><strong>et</strong></span> <span class='ocrx_word' id='word_1_872' title='bbox 1560 2635 1708 2656; x_wconf 86' lang='lat' dir='ltr'><strong>consensus</strong></span> <span class='ocrx_word' id='word_1_873' title='bbox 1715 2628 1920 2663; x_wconf 60' lang='lat' dir='ltr'><strong>concordiaeque</strong></span> 
     </span>
    </p>
   </div>
   <div class='ocr_carea' id='block_1_115' title="bbox 1126 2673 1920 2707">
    <p class='ocr_par' dir='ltr' id='par_1_115' title="bbox 1126 2673 1920 2707">
     <span class='ocr_line' id='line_1_115' title="bbox 1126 2673 1920 2707; baseline -0.001 -5"><span class='ocrx_word' id='word_1_874' title='bbox 1126 2683 1186 2702; x_wconf 88' lang='lat' dir='ltr'><strong>cum</strong></span> <span class='ocrx_word' id='word_1_875' title='bbox 1208 2675 1286 2702; x_wconf 85' lang='lat' dir='ltr'><strong>Patre</strong></span> <span class='ocrx_word' id='word_1_876' title='bbox 1300 2673 1555 2702; x_wconf 87' lang='lat' dir='ltr'><strong>demonstrationem</strong></span> <span class='ocrx_word' id='word_1_877' title='bbox 1569 2673 1755 2707; x_wconf 82' lang='lat' dir='ltr'><strong>exhibentem,</strong></span> <span class='ocrx_word' id='word_1_878' title='bbox 1771 2681 1824 2701; x_wconf 90' lang='lat' dir='ltr'><strong>non</strong></span> <span class='ocrx_word' id='word_1_879' title='bbox 1840 2681 1920 2701; x_wconf 84' lang='lat' dir='ltr'><strong>reve-</strong></span> 
     </span>
    </p>
   </div>
   <div class='ocr_carea' id='block_1_116' title="bbox 1127 2719 1919 2755">
    <p class='ocr_par' dir='ltr' id='par_1_116' title="bbox 1127 2719 1919 2755">
     <span class='ocr_line' id='line_1_116' title="bbox 1127 2719 1919 2755; baseline -0.003 -7"><span class='ocrx_word' id='word_1_880' title='bbox 1127 2721 1169 2749; x_wconf 86' lang='lat' dir='ltr'><strong>riti</strong></span> <span class='ocrx_word' id='word_1_881' title='bbox 1187 2721 1254 2750; x_wconf 78' lang='lat' dir='ltr'><strong>sint.</strong></span> <span class='ocrx_word' id='word_1_882' title='bbox 1271 2728 1357 2755; x_wconf 89' lang='lat' dir='ltr'><strong>neque</strong></span> <span class='ocrx_word' id='word_1_883' title='bbox 1370 2720 1521 2754; x_wconf 87' lang='lat' dir='ltr'><strong>quieverint</strong></span> <span class='ocrx_word' id='word_1_884' title='bbox 1540 2719 1624 2747; x_wconf 88' lang='lat' dir='ltr'><strong>donec</strong></span> <span class='ocrx_word' id='word_1_885' title='bbox 1636 2727 1698 2746; x_wconf 91' lang='lat' dir='ltr'><strong>eum</strong></span> <span class='ocrx_word' id='word_1_886' title='bbox 1713 2720 1919 2751; x_wconf 83' lang='lat' dir='ltr'><strong>crucifixissent,</strong></span> 
     </span>
    </p>
   </div>
   <div class='ocr_carea' id='block_1_117' title="bbox 1128 2765 1923 2802">
    <p class='ocr_par' dir='ltr' id='par_1_117' title="bbox 1128 2765 1923 2802">
     <span class='ocr_line' id='line_1_117' title="bbox 1128 2765 1923 2802; baseline -0.001 -9"><span class='ocrx_word' id='word_1_887' title='bbox 1128 2768 1169 2795; x_wconf 88' lang='lat' dir='ltr'><strong>vix</strong></span> <span class='ocrx_word' id='word_1_888' title='bbox 1186 2767 1365 2802; x_wconf 81' lang='lat' dir='ltr'><strong>pepercissent</strong></span> <span class='ocrx_word' id='word_1_889' title='bbox 1377 2766 1419 2799; x_wconf 91' lang='lat' dir='ltr'><strong>iis,</strong></span> <span class='ocrx_word' id='word_1_890' title='bbox 1439 2766 1483 2801; x_wconf 86' lang='lat' dir='ltr'><strong>qui</strong></span> <span class='ocrx_word' id='word_1_891' title='bbox 1497 2766 1531 2794; x_wconf 88' lang='lat' dir='ltr'><strong>de</strong></span> <span class='ocrx_word' id='word_1_892' title='bbox 1546 2765 1604 2801; x_wconf 89' lang='lat' dir='ltr'><strong>ipso</strong></span> <span class='ocrx_word' id='word_1_893' title='bbox 1618 2766 1719 2801; x_wconf 88' lang='lat' dir='ltr'><strong>loquuti</strong></span> <span class='ocrx_word' id='word_1_894' title='bbox 1732 2770 1822 2793; x_wconf 84' lang='lat' dir='ltr'><strong>essent</strong></span> <span class='ocrx_word' id='word_1_895' title='bbox 1832 2787 1839 2798; x_wconf 86' lang='lat'><strong>,</strong></span> <span class='ocrx_word' id='word_1_896' title='bbox 1853 2773 1923 2800; x_wconf 84' lang='lat' dir='ltr'><strong>quos</strong></span> 
     </span>
    </p>
   </div>
   <div class='ocr_carea' id='block_1_118' title="bbox 1129 2810 1922 2846">
    <p class='ocr_par' dir='ltr' id='par_1_118' title="bbox 1129 2810 1922 2846">
     <span class='ocr_line' id='line_1_118' title="bbox 1129 2810 1922 2846; baseline -0.001 -7"><span class='ocrx_word' id='word_1_897' title='bbox 1129 2812 1300 2840; x_wconf 89' lang='lat' dir='ltr'><strong>nihilominus</strong></span> <span class='ocrx_word' id='word_1_898' title='bbox 1317 2811 1468 2846; x_wconf 87' lang='lat' dir='ltr'><strong>frequenter</strong></span> <span class='ocrx_word' id='word_1_899' title='bbox 1487 2810 1649 2846; x_wconf 88' lang='lat' dir='ltr'><strong>lapidabant.</strong></span> <span class='ocrx_word' id='word_1_900' title='bbox 1669 2810 1732 2839; x_wconf 91' lang='lat' dir='ltr'><strong>ldeo</strong></span> <span class='ocrx_word' id='word_1_901' title='bbox 1756 2811 1871 2846; x_wconf 86' lang='lat' dir='ltr'><strong>propriis</strong></span> <span class='ocrx_word' id='word_1_902' title='bbox 1893 2816 1922 2838; x_wconf 86' lang='lat' dir='ltr'><strong>et</strong></span> 
     </span>
    </p>
   </div>
   <div class='ocr_carea' id='block_1_119' title="bbox 1130 2856 1922 2898">
    <p class='ocr_par' dir='ltr' id='par_1_119' title="bbox 1130 2856 1922 2898">
     <span class='ocr_line' id='line_1_119' title="bbox 1130 2856 1922 2898; baseline -0.004 -10"><span class='ocrx_word' id='word_1_903' title='bbox 1130 2859 1200 2888; x_wconf 73' lang='lat' dir='ltr'><strong>uotis</strong></span> <span class='ocrx_word' id='word_1_904' title='bbox 1220 2858 1270 2886; x_wconf 85' lang='lat' dir='ltr'><strong>sibi</strong></span> <span class='ocrx_word' id='word_1_905' title='bbox 1290 2857 1441 2898; x_wconf 81' lang='lat' dir='ltr'><strong>nominibus</strong></span> <span class='ocrx_word' id='word_1_906' title='bbox 1465 2857 1578 2885; x_wconf 87' lang='lat' dir='ltr'><strong>libenter</strong></span> <span class='ocrx_word' id='word_1_907' title='bbox 1595 2861 1711 2890; x_wconf 88' lang='lat' dir='ltr'><strong>utentes,</strong></span> <span class='ocrx_word' id='word_1_908' title='bbox 1736 2856 1785 2884; x_wconf 86' lang='lat' dir='ltr'><strong>hac</strong></span> <span class='ocrx_word' id='word_1_909' title='bbox 1807 2863 1922 2894; x_wconf 83' lang='lat' dir='ltr'><strong>persona</strong></span> 
     </span>
    </p>
   </div>
  </div>
