2068 3130
201 210 234 240 ΞΩ
590 212 618 240 S.
640 211 782 241 JOANNIS
798 209 1042 241 CHRYSOSTOMl
1061 210 1222 242 ARCHIEP.
1242 213 1516 244 CONSTANTINOP.
1597 245 1601 248 _
1888 215 1923 242 '50

201 267 271 302 πρὲις
294 266 340 294 τδν
362 266 471 302 Πατέρα
492 268 650 302 συμφωνίας
670 277 700 295 τε
715 269 763 295 καὶ
776 267 901 303 ὁμονοίας
920 266 1036 302 παρεχό-

203 318 282 345 μενον
301 309 351 345 τὴν
374 309 511 342 ἀπόδειξιν
527 310 576 337 οὐκ
601 310 769 346 ᾐδέσθησαν,
793 310 854 337 οὐδὲ
880 309 1036 344 ἀπέστησαν

200 355 253 386 ἕως
267 354 452 390 ἐσταύρωσαν.
471 355 552 390 σχολῇ
567 363 599 389 γε
618 355 651 382 ἃν
666 355 720 382 τῶν
732 360 746 376 α
769 355 832 391 περί
846 354 928 381 αὐτοῦ
941 353 1034 388 λεγόν-

200 407 254 425 των
278 398 429 433 ἐφείσαντο,
450 397 497 430 οὒς
511 398 558 425 καὶ
574 398 658 434 χωρὶς
682 398 774 425 τούτου
799 399 942 425 κατέλευον
976 406 1038 424 συν-

201 443 280 478 εχῶς.
290 443 339 469 Διά
352 442 431 469 τοῦτο
441 444 495 474 τοῖς
506 442 615 474 οἰκείοις
630 442 676 469 καὶ
689 442 836 478 γνωρίμοις
851 442 941 474 αὐτοῖς
955 443 1036 476 ἐμφιη

201 485 381 521 λοχωροῦντες
404 486 527 521 ὀνόμασι,
551 485 601 517 τὰς
617 485 784 521 προφητείας
811 485 898 520 τούτῳ
929 485 1037 511 συσκιά-

201 529 277 561 ζουσι
291 529 330 564 τῷ
343 529 491 565 προσώπῳ.
503 529 564 555 ’Ότι
579 528 633 564 γὰρ
648 529 679 555 οὺ
694 528 757 564 περὶ
776 528 827 563 τῆς
844 528 972 561 Ἰουδαίας
989 528 1036 555 καὶ

193 572 384 611 ¹Ἱερουσαλὴμ
406 573 420 599 ὁ
440 573 534 607 λόγος,
558 573 675 608 ἐκάστην
701 571 868 608 παράγοντες
892 572 963 604 λέξιν
996 574 1037 602 εἰς

202 616 284 651 μέσον
301 616 368 652 μετὰ
382 616 525 652 ἀκριϐείας
541 616 668 652 εἰσόμεθα
685 616 720 643 τὰ
733 616 874 652 εἰρημένα.

238 695 302 723 Ὀτι
326 696 413 724 ἔσται
432 696 467 723 ἑν
482 696 547 729 ταῖς
559 695 703 730 ἐσχάταις
723 695 847 730 ἡμέραις
857 693 987 729 ἐμφανὲς
1004 695 1034 720 τὸ

202 739 271 773 ὄρος
284 740 405 773 Κυρίου.
419 739 491 775 Ὅρα
499 739 640 775 ἀκρίϐειαν
655 740 805 774 προφήτου,
819 739 849 765 ού
858 738 892 765 τὰ
905 738 1035 774 πράγμα-

201 791 235 810 τα
257 783 380 818 λέγοντος
401 784 491 819 μόνον,
511 783 578 810 ἀλλά
597 783 707 810 καὶτὸν
735 783 830 818 χρόνον
857 783 1035 817 ἐπισημαινο-

203 825 294 861 μένου.
310 826 398 862 ὀπερ
413 827 468 862 γάρ
489 835 570 862 φησιν
587 827 602 853 ὁ
627 826 745 858 Παῦλος,
763 826 831 853 Ὅτε
847 825 881 852 δὲ
905 824 979 860 ἦλθε
1002 826 1035 853 τὸ

201 869 346 904 πλήρωμα
369 869 430 897 τῶν
444 870 564 904 καιρῶν,
581 871 629 897 καὶ
650 869 763 905 ἑτέρωθι
786 869 877 900 πάλιν,
900 870 949 902 Εἰς
961 869 1037 896 abeo-

200 912 310 947 νομίαν
324 912 377 940 τοῦ
400 913 596 948 πληρώματος
625 913 685 940 τῶν
706 912 826 947 καιρῶν,
838 912 916 938 τοῦτο
929 913 944 938 ό
971 921 1037 947 προ-

201 956 292 991 φήτης
311 957 403 992 φησὶν,
428 958 478 984 Ἐν
500 957 564 990 ταῖς
583 957 730 991 ἐσχάταις
752 956 884 990 ἡμέραις.
908 956 989 991 ὐρος
1007 955 1036 982 δέ

200 999 252 1033 τὴν
275 999 435 1034 Ἐκκλησίαν
461 1000 508 1026 καὶ
529 1000 560 1026 τὸ
578 999 632 1026 τῶν
651 999 791 1034 δογμάτων
815 998 1035 1033 ἀκαταγώνιστον

201 1041 287 1069 καλεῖ.
300 1043 434 1078 Καθάπερ
445 1043 499 1078 γὰρ
510 1043 585 1076 ὕρεσι
608 1042 660 1069 κᾶν
677 1043 761 1078 μυρία
776 1043 932 1079 προσϐάλλῃ
953 1051 1036 1078 στρα-

200 1085 309 1118 τόπεδα,
321 1086 387 1120 τόξα
399 1086 531 1119 τείνοντα,
548 1087 595 1113 καὶ
604 1087 703 1121 δόρατα
715 1087 838 1122 ἀφιέντα.
853 1087 1036 1122 μηχανήματα

202 1130 384 1165 προσάγοντα,
407 1131 498 1158 ἐκεῖνα
514 1131 563 1165 μὲν
584 1131 645 1157 οὺδέ
671 1131 848 1166 παραϐλάψαι
865 1131 1035 1166 δυνήσονται,

201 1175 250 1210 τὴν
263 1175 292 1202 δέ
305 1176 406 1202 οἰκείαν
419 1176 631 1203 κιιιταλύσανται1
645 1176 721 1212 ἰσχὺν
737 1176 949 1202 ἀπελεύσονται·
965 1174 1036 1202 οὕτω

200 1218 234 1253 δὴ
248 1219 295 1245 καὶ
308 1220 332 1246 οἱ
348 1221 380 1255 τῇ
403 1219 550 1255 Ἐκκλησία
565 1219 767 1255 πολεμήσαντες
783 1220 916 1252 ἅπαντες,
935 1219 1036 1254 ταύτην

203 1262 254 1296 μὲν
272 1263 322 1290 οὐκ
348 1263 465 1295 ἔσεισαν,
488 1264 538 1298 τὴν
553 1263 582 1290 δὲ
593 1263 696 1290 οἰκείαν
722 1263 902 1295 ἀπολέσαντες
923 1262 1036 1298 δύναμιν

202 1305 437 1342 κατῃσχύνθησαν,
457 1307 486 1333 ἐν
514 1306 553 1342 τῷ
574 1307 665 1333 παίειν
678 1307 857 1342 διαλυόμενοι,
879 1307 926 1333 καὶ.
944 1307 973 1333 ἐν
998 1305 1036 1342 τῷ

203 1349 309 1383 βάλλειν
325 1350 509 1384 ἀσθενοῦντες,
521 1350 568 1377 καὶ
579 1351 607 1377 ἐν
621 1349 660 1385 τῷ
680 1351 766 1377 ποιεῖν
780 1350 833 1377 ὑπὸ
850 1351 905 1377 τῶν
919 1350 1037 1385 πασχόν-

202 1401 255 1419 των
269 1392 426 1428 νικώμενοι·
441 1394 509 1429 ὅπερ
528 1395 574 1420 καὶ
591 1394 740 1430 παράδοξος
753 1394 831 1430 νίκης
851 1395 950 1430 τρόπος
966 1395 1034 1427 ἐστὶ,

203 1435 250 1462 καὶ
263 1436 313 1462 οὐκ
338 1437 500 1472 ἀνθρώποις,
517 1437 584 1464 ἀλλὰ
599 1438 658 1473 Θεῷ
685 1438 763 1473 μόνον
777 1438 896 1469 δυνατός.
925 1438 961 1464 Τὸ
979 1438 1035 1474 γὰρ

203 1478 359 1513 θαυμαστὸν
381 1479 429 1514 τῆς
450 1479 626 1515 Ἑκκλησίας,
639 1481 688 1515 οὐχ
704 1480 745 1506 ὅτι
768 1480 901 1515 ἐνίκησεν,
919 1479 974 1506 ἀλλ’
994 1480 1035 1506 ὅτι

202 1522 250 1548 καὶ
262 1522 347 1554 οὕτως
361 1523 495 1559 ἐνίκησεν.
517 1523 698 1559 Ἐλαυνομένη
711 1523 780 1558 γὰρ,
801 1523 970 1559 διωκομένη,
987 1533 1036 1559 μυ-

204 1566 272 1601 ρίοις
283 1567 506 1603 κᾳτακοπτομένη
519 1567 640 1603 τρόποις,
648 1568 679 1594 οὐ
693 1568 772 1603 μόνον
785 1567 835 1594 οὐκ
849 1568 1035 1602 ήλαττονοῦτο,

202 1609 270 1636 ἀλλά
291 1610 339 1637 καὶ
362 1609 462 1646 μείζων
488 1610 603 1644 ἐγίνετο,
619 1611 665 1637 καὶ
687 1611 750 1641 τοὺς
770 1611 857 1637 ταῦτα
877 1612 961 1638 ποιεῖν
978 1611 1038 1637 ἐπι-

202 1653 361 1689 χειροῦντας
392 1654 457 1680 αὐτὸ
485 1653 516 1680 τὸ
540 1654 654 1689 πάσχειν
686 1654 765 1690 μόνον
786 1654 930 1682 κατέλυεν·
969 1655 1036 1690 ὅπερ

201 1697 307 1732 ἀδάμας
321 1698 392 1724 ποιεῖ
406 1698 470 1732 περὶ
485 1698 530 1724 τὸν
548 1698 665 1733 σίδηρον,
687 1698 727 1734 τῷ
744 1698 873 1725 παίεσθαι
886 1698 964 1734 μόνον
979 1698 1037 1725 δια-

201 1738 271 1765 λύων
296 1739 342 1765 τοῦ
371 1739 496 1770 παίοντο;
522 1739 570 1774 τὴν
591 1739 681 1774 ἰσχύν*
704 1739 752 1766 καί
772 1739 871 1775 κέντρα
892 1739 960 1775 πρὸς
974 1739 1037 1771 τοὺς

201 1782 387 1815 λακτίζοντας,
413 1782 483 1810 αὐτὰ
500 1783 549 1818 μὲν
563 1783 641 1809 οὐδὲν
655 1782 812 1818 ἀμϐλύτερα
828 1783 950 1810 ἐντεῦθεν
961 1783 1035 1818 γινό-

203 1836 281 1862 μενα,
303 1827 366 1859 τοὺς
390 1827 419 1853 δέ
446 1826 620 1859 λακτίζοντας
647 1826 816 1862 αἱμάσσοντα
833 1827 926 1857 πόδας.
939 1827 988 1854 Διὰ
1003 1827 1034 1864 δὴ

201 1872 280 1899 τοῦτο
298 1872 360 1908 δρος
371 1872 510 1900 ἐκάλεσεν.
529 1872 598 1898 Εἰδέ
609 1872 660 1898 οὐκ
671 1872 796 1907 ἀνέχεται
821 1872 870 1907 τῆς
881 1873 1035 1908 μεταφορᾶς

201 1919 215 1944 ὸ
237 1918 372 1950 Ἰουδαῖος,
383 1917 487 1945 οἴκοθεν
507 1917 587 1944 πάλιν
601 1916 718 1952 δεχέσθω
748 1916 794 1943 τὸν
814 1917 933 1952 ἔλεγχον.
950 1917 1035 1949 Αὐτὸς

201 1962 256 1997 γὰρ
274 1958 351 1993 οὗτος
372 1962 387 1987 ὁ
411 1962 552 1997 προφήτης
582 1961 679 1992 λύκους
705 1960 751 1987 καὶ
777 1960 861 1995 ἄρνας
884 1960 968 1996 ἔφησε
987 1961 1035 1996 τῆς

201 2005 286 2040 αὐτῆς
302 2005 386 2040 νομῆς
399 2005 584 2040 κοινωνήσειν,
600 2005 647 2031 καὶ
665 2004 757 2039 μυίαις
784 2004 829 2031 τὸν
846 2004 911 2031 Θεὸν
933 2005 1035 2040 συριεῖν

201 2050 249 2076 καὶ
262 2050 323 2080 ταῖς
337 2049 487 2084 μελίσσαις,
507 2048 554 2075 καὶ
578 2048 698 2083 ποταμὸν
714 2048 824 2082 ἀνάγειν
846 2048 972 2083 ῥαγδαῖον
989 2048 1035 2075 ἐπὶ

201 2095 265 2126 τοὺς
289 2093 444 2125 Ἰουδαίους,
456 2093 500 2120 διὰ
519 2093 549 2120 τὸ
571 2093 607 2129 μὴ
620 2092 761 2128 βούλεσθαι
775 2092 832 2128 [2i]
849 2093 946 2124 αὐτοὺς
964 2093 1035 2128 ἔχειν

200 2138 231 2165 τὺ
258 2138 329 2173 ὕδωρ
355 2138 401 2164 τοῦ
432 2137 551 2172 Σιλωάμ.
573 2138 662 2173 Ἀπερ
688 2136 715 2162 εί
740 2145 782 2168 τις
799 2136 845 2162 ἐπὶ
867 2137 921 2164 τῶν
937 2137 1035 2169 λέξεων

201 2181 321 2214 ἐκλάϐοι,
337 2181 404 2209 πολὺ
421 2182 451 2208 τὸ
465 2182 641 2217 ἀπερινόητον
653 2181 724 2216 ἔχει’
744 2180 812 2207 ἀλλὰ
823 2181 864 2207 δεῖ
878 2180 912 2207 τὰ
927 2181 959 2207 ἐκ
975 2181 1036 2207 τού-

200 2234 256 2252 των
272 2225 460 2261 σημαινόμενα
475 2225 636 2260 δεχομένους
652 2224 722 2251 οὕτω
743 2224 890 2251 ποικίλλειν
904 2225 959 2251 τῶν
974 2233 1036 2260 νοη-

203 2269 295 2303 μάτων
307 2269 356 2305 τὴν
371 2269 539 2296 ἀκολουθίαν.
558 2269 590 2295 Τί
601 2267 647 2296 οὖν
658 2269 715 2296 ἐστι
728 2269 762 2296 τὰ
772 2270 804 2296 ἐκ
820 2269 921 2296 τούτων
937 2277 1036 2304 σημαι-

201 2313 317 2348 νόμενας
332 2313 381 2340 Διά
406 2313 456 2349 μὲν
482 2313 537 2340 τῶν
563 2313 653 2340 λύκων
673 2314 719 2340 καὶ
740 2313 794 2340 τῶν
818 2313 916 2349 ἀρνῶν,
941 2313 965 2339 οἱ
979 2313 1036 2340 τῶν

202 2356 353 2391 ἀνθρώπων
371 2357 466 2392 τρόποι
484 2357 509 2383 οί
522 2356 665 2392 θηριώδεις
686 2357 732 2384 καὶ
748 2357 846 2393 ἥμεροι
858 2365 864 2372 ’
878 2356 922 2383 διὰ
937 2357 965 2383 δέ
982 2356 1036 2383 τῶν

203 2400 310 2435 μυιῶν,
332 2400 364 2426 τὸ
385 2400 562 2435 ἀναίσχυντον
590 2400 645 2427 τῶν
669 2401 840 2435 Αἰγυπτίων
863 2400 907 2427 διὰ
933 2400 961 2426 δέ
989 2401 1035 2427 τοῦ

203 2443 336 2478 ποταμοῦ,
353 2443 383 2470 τὸ
398 2444 511 2480 σφοδρὸν
532 2445 582 2479 τῆς
599 2445 741 2480 στρατείας
755 2444 802 2471 τοῦ
818 2444 972 2481 βαρϐάρου·
991 2444 1037 2471 διὰ

201 2487 229 2514 δὲ
243 2487 290 2514 τοῦ
305 2487 425 2523 Σιλωὰμ,
433 2488 463 2514 τὸ
473 2489 559 2523 πρᾶον
571 2489 618 2515 καὶ
627 2489 745 2521 ἐπιεικὲς
759 2489 806 2515 τοῦ
821 2489 882 2515 τότε
894 2489 1034 2524 ἄρχοντος,

200 2531 247 2558 τοῦ
271 2532 325 2558 τῶν
355 2532 487 2559 Ἰουδαίων
500 2532 641 2567 βασιλέως.
658 2533 712 2559 Καὶ
726 2533 813 2562 οὐδεὶς
826 2533 886 2559 οὐδὲ
900 2532 955 2558 τῶν
973 2532 1037 2566 σφό-

200 2575 250 2610 δρα
263 2575 383 2609 ἀνοήτων
397 2575 464 2611 πρὸς
475 2575 559 2602 ταῦτα
572 2577 639 2612 ἡμῖν
655 2576 771 2611 ἀντερεῖ.
787 2576 893 2610 Ὥσπερ
913 2576 967 2611 γὰρ
990 2574 1036 2602 οὖν

201 2619 292 2646 ἐκεῖνα
316 2619 419 2655 ἑτέροις
439 2619 551 2654 ὀνόμασι
577 2619 775 2655 παρεδηλώθη,
806 2619 877 2645 οὕτω
907 2620 953 2645 καὶ
986 2619 1036 2654 τῆς

207 2663 368 2698 Ἐκκλησίας
389 2663 420 2690 τὸ
439 2664 562 2700 στερρὸν,
583 2663 612 2690 τὸ
635 2664 763 2698 ἀκίνητον
776 2669 800 2695 ο,
815 2662 846 2689 τὸ
874 2663 985 2698 ὑψηλὸν,
1005 2664 1037 2689 τὺ

200 2707 347 2743 ἁχείρωτον
359 2709 403 2736 διὰ
415 2709 464 2745 τῆς
482 2708 528 2736 τοῦ
545 2709 625 2744 ὅρους
640 2708 748 2744 ᾐνίξατο
766 2709 958 2743 προσηγορίας.
981 2708 1036 2735 Καὶ

231 2809 240 2820 ⁸
251 2810 312 2842 Reg.
325 2811 400 2842 σχολῇ
412 2811 457 2842 γὰρ
466 2811 522 2834 τῶν.
535 2810 611 2835 Savil.
624 2811 699 2842 σχολῇ
720 2819 747 2842 γε
758 2813 813 2837 τῶν.
836 2813 939 2837 Praestat
961 2812 1035 2837 lectio

201 2840 494 2870 MorellianﬁEdil'iohis,
509 2845 535 2865 et
545 2844 584 2866 est
595 2842 619 2865 in
633 2840 757 2867 Havériéo.

232 2871 246 2891 Β
259 2871 320 2902 Βεε.
334 2875 360 2896 el
369 2872 597 2905 Savil.»'reivov-re;...
616 2873 748 2905 ἀφιέντες...
766 2875 922 2905 προσάγοντες
934 2893 949 2898 ..
963 2882 1034 2898 κατα-

200 2903 321 2931 λύσαντες,
344 2909 400 2932 quaa
417 2903 491 2926 etiam
504 2904 577 2927 lectio
590 2904 700 2933 quadrat,
722 2908 748 2928 et
769 2903 907 2929 iﬁnunieris
927 2905 1035 2929 ﬁrmalur

201 2934 336 2964 exemplis;
348 2933 392 2957 sed
403 2939 457 2957 cum
470 2933 555 2964 Mqrel.
580 2934 653 2958 etiam
664 2934 740 2959 leclin
756 2934 820 2959 bene
832 2936 930 2962 habent.
945 2935 1034 2960 τείνον-

200 2972 258 2996 τα...
271 2964 368 2994 ἀφιέντα
380 2966 422 2988 elc
433 2980 440 2992 ,
453 2966 480 2988 et
499 2963 556 2989 Cod.
577 2965 691 2990 Bavarico
711 2966 831 2996 ﬁrmetur,
852 2973 905 2991 eam
922 2968 1033 2991 retinere

201 2995 279 3018 n'sum
291 2997 339 3018 est.

232 3027 242 3041 ε
257 3024 290 3048 Ita
301 3024 363 3054 Reg.
378 3029 401 3049 el
415 3025 488 3050 Sa‘vil.
503 3024 529 3050 In
552 3026 637 3051 Morel.
656 3027 681 3050 ιο
694 3027 803 3056 mmo,
813 3028 905 3052 deerat.

1089 268 1143 303 γὰρ
1155 269 1248 304 ἔτερος
1263 271 1406 306 προφήτης
1417 271 1480 302 τοὺς
1492 270 1655 302 πεποιθότας
1671 269 1717 297 ἐπὶ
1729 271 1774 298 τὸν
1790 270 1856 299 Θεὸν
1867 272 1925 308 όρει

1089 312 1274 348 παραϐάλλει,
1304 315 1333 340 τὸ
1354 314 1571 348 ἁκαταγώνιστον
1598 313 1689 341 αὐτῶν
1713 314 1925 351 ἐνδεικνύμενος.

1095 356 1252 390 Ἑμςειινές.
1264 357 1349 384 Τοῦτο
1363 358 1422 384 οὐδέ
1437 359 1485 393 τῆς
1499 358 1552 386 ἀπὸ
1569 358 1615 384 τοῦ
1632 358 1712 392 λόγου
1732 357 1823 385 λοιπὸν
1841 359 1926 394 ἐρμη-

1088 401 1163 432 νείας
1176 401 1270 428 δεῖται.
1287 402 1380 433 Οὕτως
1395 402 1463 437 αὑτὴ
1480 402 1534 428 τῶν
1545 402 1717 437 πραγμάτων
1731 402 1748 438 ἡ
1761 401 1842 437 φύσις
1860 403 1926 429 σάλ-

1088 453 1186 479 πιγγος
1210 446 1403 481 λαμπροτέραν
1432 445 1523 481 φωνὴν
1559 446 1678 481 ἀφίησι,
1717 446 1747 473 τὸ
1777 447 1926 482 περιφανὲς

1087 488 1277 524 ὲνδεικνυμένη
1309 489 1359 524 τῆς
1384 489 1555 524 Ἐκκλησίας.
1588 490 1625 516 Οὐ
1653 490 1707 525 γὰρ
1734 490 1824 523 οὕτως
1850 490 1926 526 ἥλιος

1088 531 1182 566 φανὸς,
1197 532 1257 558 οὐδὲ
1275 532 1305 558 τὸ
1319 532 1352 559 ἐκ
1379 532 1474 558 τούτου
1500 533 1568 567 φῶς,
1590 533 1628 564 ὡς
1645 534 1694 568 τῆς
1713 533 1876 570 Ἐκκλησίας
1890 535 1926 561 τὰ

1087 575 1247 610 πράγματα.
1260 575 1314 603 Καὶ
1333 575 1388 611 γὰρ
1401 577 1418 603 ὁ
1434 575 1517 608 οἶκος
1532 577 1584 603 τοῦ
1603 577 1676 603 Θεοῦ
1691 577 1736 604 ἐπ’
1749 577 1848 613 ἄκρων
1863 579 1923 606 τῶν

1087 617 1190 652 ὁρέων.

1121 692 1156 723 γ’.
1177 689 1239 721 Πῶς
1254 689 1286 716 ἂν
1305 689 1383 716 τοῦτο
1397 689 1590 725 ἐρμηνεύσειεν
1603 690 1618 716 ὸ
1639 691 1779 724 Ἰουδαῖος;
1796 691 1922 728 Οὐδαμοῦ

1086 731 1141 768 γὰρ
1159 732 1203 759 ἐπ’
1217 733 1309 767 ἄκρων
1323 732 1377 759 τῶν
1391 733 1475 768 ὀρέων
1494 734 1509 760 ό
1524 733 1588 765 ναός
1608 734 1698 760 ἐστιν·
1720 735 1736 769 ή
1760 735 1850 770 μέντοι
1871 736 1923 772 τῆς

1094 777 1256 812 Ἐκκλησίας
1275 777 1389 812 δύναμις
1417 777 1507 804 αὐτῶν
1534 777 1622 813 ἥψατο
1642 777 1696 804 τῶν
1718 779 1850 814 οὐρανῶν.
1868 780 1922 807 Καὶ

1086 819 1187 846 ὡσανεὶ
1204 817 1277 852 οἶκος
1299 821 1368 856 ὑπὲρ
1384 821 1508 856 κορυφῆς
1526 821 1598 856 ὀρῶν
1620 821 1745 856 κείμενος
1766 823 1848 850 πᾶσίν
1863 824 1922 851 ἐστι

1087 863 1246 898 κατάδηλος,
1260 863 1331 890 οὕτω
1348 864 1394 890 καὶ
1411 863 1501 899 πολλῷ
1518 864 1599 891 πλέον
1618 865 1687 901 αὑτὴ
1703 866 1853 901 περιφανὴς
1869 868 1923 894 πᾶ-

1088 915 1130 934 σιν
1147 907 1300 943 ἀνθρώποις
1314 908 1419 942 γέγονε.
1434 908 1490 934 Καὶ
1504 908 1696 942 ὑψωθήσεται
1711 909 1849 944 ὑπεράνω
1863 910 1922 937 τῶν

1084 951 1216 982 βουνῶν.
1228 951 1264 978 Τὸ
1274 952 1339 978 αὐτὸ
1351 952 1429 978 τοῦτο
1441 952 1521 979 πάλιν
1535 953 1717 987 ήρμήνευσεν,
1729 953 1796 989 ὅπερ
1812 953 1857 980 ἐπὶ
1873 955 1921 980 τοῦ

1087 993 1151 1020 ναοῦ
1168 994 1293 1020 οὐδέποτε
1310 993 1419 1030 συνέϐη,
1434 994 1495 1021 οὐδὲ
1507 995 1588 1030 ἡνίκα
1600 995 1698 1030 ἄριστα
1715 995 1845 1031 πράττειν
1862 997 1920 1023 ἐδό-

1087 1046 1139 1064 κει.
1164 1038 1226 1070 Πῶς
1244 1039 1309 1074 γὰρ,
1326 1039 1393 1065 ὅπου
1410 1047 1442 1073 γε
1465 1039 1512 1066 καὶ
1533 1039 1578 1066 ὑπ’
1601 1039 1690 1067 αὐτῶν
1710 1040 1765 1067 τῶν
1789 1039 1922 1068 Ἰουδαίων

1087 1081 1215 1114 πολλάκις
1228 1083 1385 1118 ἠτιμάζετο,
1395 1083 1443 1110 καὶ
1455 1083 1506 1110 ὑπὸ
1519 1083 1694 1119 βαρϐαρικῶν
1707 1084 1852 1119 ἠφανίζετο
1865 1093 1922 1120 χει-

1088 1126 1159 1161 ρῶν;
1174 1126 1206 1153 Ἦ
1217 1127 1244 1153 δέ
1256 1127 1306 1162 τῆς
1319 1127 1481 1163 Ἑκκλησίας
1497 1128 1573 1163 ἰσχὺς
1590 1127 1744 1164 ἐπολεμήθη
1756 1129 1805 1164 μὲν
1815 1129 1920 1156 ἐκείνου

1086 1169 1274 1205 χαλεπώτερον
1291 1171 1337 1197 καὶ
1354 1171 1449 1198 πλέον·
1464 1170 1519 1203 εἶξε
1536 1172 1563 1198 δέ
1578 1172 1706 1198 οὐδέποτε
1720 1174 1781 1204 ταῖς
1797 1172 1850 1199 τῶν
1869 1182 1920 1199 πο-

1086 1213 1241 1248 λεμούντων
1256 1214 1348 1250 χερσὶν
1360 1235 1368 1247 ,
1385 1215 1442 1241 ἀλλ’
1459 1215 1612 1250 ὑψηλοτέρα
1630 1216 1677 1242 καὶ
1703 1216 1920 1252 περιφανέστερα

1089 1257 1204 1292 μάλιστα
1216 1259 1268 1285 ὑπὸ
1281 1259 1334 1285 τῶν
1345 1259 1482 1294 πολεμίων
1498 1261 1610 1294 ἐγίνετο.
1624 1261 1689 1288 Τότε
1700 1261 1764 1296 γοῦν
1779 1262 1833 1288 τῶν
1851 1271 1920 1298 μαρ-

1086 1301 1175 1336 τύρων
1192 1303 1216 1328 οἱ
1233 1302 1329 1338 δῆμοι,
1345 1304 1406 1329 τότε
1427 1305 1481 1330 τῶν
1495 1304 1668 1340 ὁμολογητῶν
1687 1306 1721 1331 τὰ
1743 1305 1843 1342 πλήθη,
1858 1306 1920 1332 τότε

1087 1347 1114 1373 αἱ
1136 1347 1244 1382 σιδήρου
1264 1348 1439 1384 στερῤότεραι
1459 1348 1653 1376 ἀπεδείκνυντο
1675 1349 1779 1384 ψυχαὶ.
1801 1351 1849 1377 καὶ
1865 1350 1920 1376 τῶν

1087 1391 1209 1426 ἀστέρων
1225 1391 1313 1418 αὐτῶν
1328 1392 1522 1427 ἀκριϐέστερον
1537 1392 1668 1428 ἔλαμπον,
1685 1393 1740 1420 τῶν
1757 1393 1807 1428 μὲν
1827 1395 1920 1430 σωμά-

1087 1444 1141 1461 των
1157 1436 1247 1466 αύτοῖς
1268 1435 1525 1470 κατακοπτομένων,
1546 1436 1594 1472 τῆς
1610 1436 1722 1472 γνώμης
1738 1437 1766 1463 δὲ
1790 1438 1821 1464 οὐ
1837 1446 1919 1465 νικω-

1089 1479 1182 1514 μένης,
1194 1479 1262 1506 ἀλλὰ
1276 1479 1429 1515 κρατούσης
1444 1480 1490 1506 καίΙ
1506 1481 1734 1516 στεφανουμένης.
1744 1481 1790 1513 Τίς
1804 1479 1868 1513 εἶδε,
1878 1482 1920 1514 τίς

1086 1524 1187 1558 ἤκουσε
1201 1524 1280 1558 φόνον
1294 1524 1424 1559 στέφανον
1436 1524 1562 1560 φέροντα,
1573 1526 1620 1551 καὶ
1635 1526 1742 1560 σφαγὴν
1755 1525 1830 1560 νίκην
1841 1527 1919 1561 ἐργα-

1087 1567 1214 1602 ζομένην,
1227 1568 1274 1595 καὶ
1290 1568 1350 1594 τότε
1363 1569 1393 1594 τὸ
1410 1568 1590 1604 στρατόπεδον
1606 1568 1795 1612 λαμπρότερον
1811 1569 1920 1604 γινόμε-

1086 1620 1141 1642 νον,
1164 1612 1208 1638 ὅτε
1234 1611 1342 1644 πλείους
1358 1613 1384 1645 οι
1407 1612 1586 1648 σφαττόμενοι
1610 1612 1686 1648 παρὰ
1707 1612 1761 1639 τῶν
1781 1612 1919 1648 πολεμίων

1087 1655 1226 1690 ἐφαίνοντο
1235 1664 1243 1689 ;

1121 1725 1174 1752 Kal
1197 1726 1326 1760 ἥξουσιν
1347 1726 1393 1753 ἐπ’
1419 1725 1498 1758 αὐτῷ
1523 1725 1621 1752 πάντα
1641 1725 1677 1752 τὰ
1701 1725 1784 1759 ἔθνη.
1814 1725 1920 1761 Προϊὼν

1087 1769 1252 1805 σαφέστερος
1270 1770 1283 1796 ὁ
1301 1770 1443 1805 προφήτης
1465 1769 1579 1804 γίνεται,
1598 1769 1646 1796 καὶ
1666 1769 1765 1804 μᾶλλον
1783 1769 1920 1796 ἀνακαλύ-

1087 1821 1147 1840 πτει
1172 1813 1217 1840 τὸν
1239 1813 1327 1848 λόγον,
1350 1814 1396 1840 καὶ
1421 1813 1582 1849 τρανότερον
1605 1813 1724 1840 δείκνυσι
1743 1813 1792 1848 τὴν
1816 1822 1920 1848 προφη-

1086 1857 1171 1890 τείαν,
1189 1857 1236 1884 καὶ
1253 1857 1445 1893 ἀκριϐέστερον
1464 1857 1636 1892 ἀπορῥάπτει
1658 1856 1712 1883 τῶν
1736 1856 1868 1883 Ἰουδαίων
1886 1856 1920 1883 τά

1087 1901 1218 1937 στόματα.
1234 1901 1319 1928 Τοῦτο
1335 1902 1389 1937 γὰρ
1399 1921 1406 1934 ,
1427 1902 1474 1928 καὶ
1494 1902 1519 1927 εί
1539 1901 1642 1936 σφόδρα
1658 1901 1872 1936 ἀναισχυντοῖεν,
1889 1900 1920 1926 οὐ

1085 1945 1244 1980 δυνήσονται
1264 1945 1303 1981 τῷ
1317 1945 1406 1972 αὐτῶν
1420 1945 1477 1980 ναῷ
1491 1945 1610 1980 ἁρμόσαι
1623 1944 1648 1971 δ.
1666 1944 1720 1970 Καὶ
1737 1943 1790 1978 γὰρ
1805 1944 1851 1970 καὶ
1866 1944 1920 1970 ἀπ-

1086 1987 1227 2022 ηγόρευτο,
1252 1986 1298 2013 καὶ
1320 1986 1378 2021 μεθ’
1404 1985 1557 2021 ὑπερϐολῆς
1581 1984 1717 2012 κεκώλυτο
1736 1984 1798 2020 ἔθνη
1819 1985 1859 2016 εἰς
1875 1984 1921 2010 τὸν

1085 2030 1148 2057 ναὸν
1163 2030 1285 2057 εἰσιέναι.
1303 2030 1358 2056 Καὶ
1379 2029 1405 2055 τί
1426 2029 1498 2063 λέγω
1515 2030 1554 2060 είς
1568 2028 1613 2054 τὸν
1629 2027 1692 2054 ναὸν
1711 2027 1833 2058 εἰσιέναι,
1853 2028 1920 2054 ὅπου

1085 2082 1118 2107 γε
1140 2074 1187 2100 καὶ⁴
1205 2073 1296 2105 αὐτοῖς
1317 2073 1386 2109 μετὰ
1409 2073 1508 2108 πολλῆς
1532 2073 1581 2108 τῆς
1598 2071 1711 2106 ἀπειλῆς
1734 2070 1790 2107 [22]
1809 2072 1823 2098 ὁ
1839 2072 1921 2106 νόμος

1086 2118 1240 2153 ἀπηγόρευε
1258 2118 1305 2149 τὰς
1319 2117 1373 2144 τῶν
1393 2117 1477 2144 ἐθνῶν
1498 2116 1655 2152 ἐπιμιξίας,
1672 2116 1718 2143 καὶ
1738 2116 1788 2151 τὴν
1808 2115 1920 2151 ἔσχατον

1086 2161 1156 2197 ὑπὲρ
1167 2161 1269 2188 τούτων
1284 2161 1382 2196 ἀπῄτει
1396 2161 1490 2196 δίκην;
1513 2160 1542 2186 Ὁ
1555 2159 1619 2194 γοῦν
1634 2159 1775 2194 προφήτης
1794 2158 1920 2192 Ἀγγαῖος

1086 2204 1194 2231 ἃπασαν
1205 2206 1244 2237 εἰς
1258 2205 1338 2231 τοῦτο
1352 2205 1525 2240 κατηνάλωσε
1535 2203 1583 2239 τὴν
1594 2203 1771 2239 προφητείαν,
1784 2201 1919 2235 ἐγκαλῶν,

1086 2247 1216 2281 ἀπειλῶν,
1227 2248 1341 2280 εὐθύνας
1351 2247 1473 2275 ἀπαιτῶν
1486 2248 1535 2282 τῆς
1549 2247 1579 2273 οὺ
1595 2245 1786 2281 προσηκούσης
1802 2245 1920 2279 ἐπιγαμ-

1087 2290 1177 2326 ϐρίας.
1194 2291 1264 2318 Ἀλλ’
1282 2291 1313 2317 οὺ
1332 2290 1366 2317 τὰ
1384 2291 1504 2326 ἡμέτερα
1517 2289 1641 2320 τοιαῦτα,
1660 2289 1728 2315 ἀλλά
1746 2287 1814 2322 μετά
1828 2286 1920 2318 ἀδείας

1088 2334 1197 2369 ἁπάσης
1212 2335 1406 2361 ἀναπετάσασα
1416 2334 1479 2365 τοὺς
1490 2333 1604 2364 κόλπους
1620 2333 1636 2368 ἡ
1655 2331 1812 2366 Ἐκκλησία,
1827 2330 1919 2366 χερσὶν

1087 2378 1197 2410 ὑπτίαις
1213 2378 1321 2405 ἅπαντα
1333 2377 1367 2404 τὰ
1377 2378 1425 2412 τῆς
1441 2377 1602 2412 οἰκουμένης
1611 2375 1670 2402 καθ’
1681 2375 1798 2409 ἑκάστην
1813 2374 1919 2409 ἡμέραν

1086 2423 1246 2458 ὑποδέχεται
1263 2422 1339 2457 ἔθνη.
1355 2422 1440 2448 Τοῦτο
1459 2421 1512 2457 γὰρ
1528 2421 1574 2447 καὶ
1592 2421 1616 2446 οἰ
1632 2419 1735 2454 πρῶτοι
1751 2418 1804 2444 τῶν
1817 2417 1919 2452 δογμά-

1086 2475 1140 2493 των
1161 2466 1314 2493 διδάσκαλοι
1340 2466 1414 2502 παρὰ
1438 2464 1484 2492 τοῦ
1510 2463 1677 2498 Μονογενοῦς
1703 2461 1916 2496 ἐκελεύσθησαν,

1086 2510 1186 2545 ταύτην
1199 2510 1299 2542 εὐθέως
1311 2510 1476 2540 ἀκούσαντες
1486 2508 1534 2543 τὴν
1547 2509 1648 2543 φωνήν
1660 2505 1857 2541 Πορευθέντες
1865 2513 1919 2539 -μα-

1087 2555 1251 2586 θητεύσατε
1264 2552 1363 2580 πάντα
1381 2553 1417 2579 τὰ
1430 2552 1512 2585 ἔθνη.
1530 2550 1629 2577 Σκόπει
1644 2551 1673 2577 δέ
1689 2558 1734 2585 μοι
1748 2548 1806 2580 πῶς
1820 2548 1850 2574 ού
1868 2547 1918 2583 τὴν

1087 2597 1183 2632 κλῆσιν
1194 2597 1249 2624 τῶν
1263 2597 1346 2623 ἐθνῶν
1360 2596 1470 2632 ᾐνίξατο
1487 2595 1566 2630 μόνον
1584 2596 1599 2621 ὸ
1618 2594 1771 2630 προφήτης,
1789 2592 1857 2619 ἀλλὰ
1871 2591 1918 2618 καὶ

1087 2641 1136 2676 τὴν
1164 2640 1233 2676 μετὰ
1254 2640 1407 2676 προθυμίας
1426 2638 1516 2666 αὐτῶν
1539 2638 1673 2673 ὑπακοήν.
1691 2637 1729 2663 Οὐ
1751 2635 1806 2671 γὰρ
1830 2633 1916 2667 εἶπεν,

1087 2684 1265 2719 ἀχθήσονται,
1289 2683 1373 2714 ἀλλὰ,
1389 2683 1549 2714 Ἦεουσιν·
1568 2682 1636 2716 ὅπερ
1661 2680 1752 2715 ἕτερος
1775 2679 1917 2714 προφήτης

1087 2726 1253 2762 σαφέστερον
1267 2725 1470 2760 ἐνδεικνύμενος
1480 2724 1556 2758 ἔλεγε
1567 2732 1574 2739 ·
1587 2723 1641 2750 Καὶ
1651 2724 1687 2749 οὐ
1698 2722 1741 2756 μὴ
1756 2721 1918 2750 διδάξωσιν

1085 2765 1212 2802 ἕκαστος
1228 2770 1280 2796 τὸν
1292 2769 1422 2802 πολίτην
1435 2768 1538 2799 αὑτοῦ,
1556 2767 1606 2793 καὶ
1621 2766 1749 2799 ἕκαστος
1762 2765 1816 2792 τὸν
1828 2765 1917 2792 ἀδελ-

1085 2813 1145 2847 φὸν
1164 2814 1266 2845 αὐτοῦ,
1285 2813 1392 2848 λέγων,
1415 2811 1510 2839 Γνῶθι
1534 2811 1587 2838 τὸν
1600 2811 1719 2845 Κύριον,
1743 2810 1788 2837 ὅτι
1807 2808 1918 2842 πάντες

1085 2856 1244 2890 εὶὸήσουσί
1256 2865 1295 2891 με
1313 2857 1371 2884 ἀπὸ
1384 2855 1494 2890 μικροῦ
1508 2855 1562 2887 ἕως
1572 2853 1708 2889 μεγάλου
1725 2852 1833 2880 αὐτῶν.
1855 2852 1917 2879 Ἐπὶ

1087 2900 1136 2935 μὲν
1151 2902 1205 2936 γὰρ
1220 2900 1273 2927 τῶν
1290 2900 1425 2927 Ἰουδαίων
1438 2899 1483 2926 καὶ
1498 2899 1515 2934 ὴ
1530 2898 1616 2930 κτίσις
1631 2896 1854 2932 ἀνεστοιχειοῦτο,
1870 2896 1918 2923 καὶ

1114 2994 1126 3014 δ
1138 2995 1197 3025 Reg.
1211 2994 1238 3018 οὐ
1250 2993 1387 3021 δυνήσονται
1398 2993 1445 3025 τῷν
1457 2992 1533 3025 αὐτῶν
1551 2991 1678 3025 ΑἸουδαίων
1692 2993 1806 3025 ἁρμόσαι,
1825 2998 1914 3024 pel-pe-

1084 3032 1143 3050 tam.
1158 3023 1232 3050 Sivil.
1247 3026 1280 3056 τῷ
1292 3025 1340 3057 ναῷ
1352 3024 1398 3048 τῶν
1414 3023 1534 3048 Ἰουδαίων
1547 3023 1657 3054 ἇρμόοαι.
