2068 3130
168 161 219 189 ιιςιι

167 221 319 257 prophetias
346 218 548 248 adumbrabant.
573 216 647 251 Quod
663 216 733 243 cnim
753 222 804 242 non
819 215 852 242 de
867 212 957 241 Judma

166 273 193 295 et
204 267 236 295 de
247 266 396 294 Jerusalem
408 272 498 293 sermo
511 268 589 296 esset,
607 262 708 297 singula
723 261 791 288 dicta
805 261 830 287 in
845 258 960 287 medium

167 314 341 345 adducentes,
359 316 481 340 accurate
493 309 747 338 demonstrabimus.

205 359 271 393 Quid
284 358 427 394 significent
442 357 523 387 verba,
541 365 550 381 (
564 356 590 382 in
602 354 741 382 novissimis
752 352 838 379 diebus
849 361 871 377 ι.
887 350 962 377 Mons

171 405 274 432 Domini
297 404 415 431 Ecclesia
437 409 489 435 est;
512 401 629 428 Ecclesia
649 405 737 427 vexuta
763 398 820 425 vicit
842 402 865 424 et
887 402 962 423 aucta

168 457 214 477 est.
229 464 266 469 —
286 449 313 476 2.
340 448 396 475 Erit
416 449 443 475 in
465 447 606 474 novissimis
623 446 709 473 diebus
724 445 870 479 manifestus
891 451 963 469 mons

170 495 283 523 Domini.
295 494 364 522 Vide
375 494 511 529 propheta:
526 492 735 523 accurationem,
749 491 795 526 qui
811 498 864 517 non
877 489 962 516 solum

169 551 226 571 rem
240 542 324 574 dicit,
349 541 396 569 sed
416 546 520 576 tempus
540 540 619 567 etiam
640 538 779 574 signiﬁcat.
803 537 878 571 Quod
893 537 962 564 enim

169 589 234 617 dicit
256 588 371 620 Paulus,
395 587 459 614 Cum
480 591 562 612 autem
584 585 649 612 venit
672 583 801 618 plenitudo
823 588 963 617 temporum

170 635 241 672 (Gal.
262 635 290 662 4.
312 635 354 668 4),
368 637 394 661 et
407 633 469 660 alibi
492 639 607 664 rursum,
624 630 657 657 In
681 629 893 664 dispensationem
907 628 962 662 ple-

170 681 291 708 nitudinis
306 685 447 715 temporum
467 677 575 712 (Ep/tes.
591 677 617 704 Ι.
633 675 676 711 10)
688 695 696 709 ,
722 675 773 703 hoc
787 675 824 702 sic
838 674 963 709 exprimit

171 726 300 760 propheta
309 746 316 758 ,
340 724 373 751 In
386 723 526 751 novissimis
539 722 637 749 diebus.
653 721 768 749 Montem
787 725 875 747 autem
889 724 966 746 vocat

171 771 319 798 Ecclesiam
333 791 341 802 ,
363 774 389 797 et
403 767 617 803 inexpugnabilia
630 767 762 802 dogmata.
788 765 966 799 Quemadmo-

171 817 235 843 dum
249 816 320 843 enim
332 815 354 842 si
368 815 426 850 quis
434 815 559 841 adversus
571 817 675 840 montes
690 812 843 839 innumeros
858 811 966 845 objiciat

171 862 304 889 exercitus
316 881 323 894 ,
338 869 416 888 arcus
431 860 580 892 tendentes,
597 860 685 886 hastas
699 858 833 885 vibrantes
843 877 851 890 ,
867 857 967 884 machi-

173 916 221 935 nas
236 907 410 935 admoventes
421 927 429 940 ,
453 906 511 933 illos
533 905 640 940 quidem
660 904 733 931 nullo
748 904 844 930 damno
859 902 967 930 afﬁcere

172 959 306 990 poterunt,
324 953 370 981 sed
381 957 536 986 consumpta
551 951 657 987 propria
666 950 817 978 fortitudine
826 949 965 977 recedent:

173 1001 213 1028 sic
237 1005 265 1028 et
287 1000 448 1035 quicumque
470 998 615 1025 Ecclesiam
639 997 874 1032 impugnaveruut,
899 995 967 1022 hanc

173 1045 280 1080 quidem
305 1052 357 1072 non
380 1044 526 1076 laeserunt,
547 1041 595 1070 sed
618 1050 664 1069 sua
678 1042 774 1068 amiSsa
789 1041 905 1076 potentia
920 1049 968 1076 pu-

173 1092 240 1119 dure
252 1095 314 1118 sunt
326 1089 423 1122 affecti,
439 1089 501 1116 dum
517 1088 628 1116 ferirent
640 1087 720 1115 soluti
730 1107 738 1120 ,
763 1087 826 1114 dum
848 1087 905 1114 telis
918 1086 968 1114 im-

175 1142 296 1172 peterent
310 1135 448 1168 infirmati,
459 1135 520 1162 dum
534 1141 642 1169 agerent
654 1141 668 1160 a
684 1133 844 1169 patientibus
854 1133 948 1160 devicti
960 1142 967 1160 :

174 1184 220 1219 qui
238 1187 279 1210 est
300 1190 365 1209 sane
388 1181 538 1216 inopinatus
561 1180 678 1208 victoria:
694 1180 804 1211 medus,
821 1187 899 1214 quem
914 1186 967 1206 non

176 1230 298 1257 homines
310 1229 427 1264 assequi,
438 1227 485 1255 sed
501 1227 570 1255 Deus
585 1226 656 1254 solus
667 1230 763 1261 potest.
776 1226 842 1253 Nam
855 1230 927 1253 certe
942 1225 968 1252 in

176 1276 296 1304 Ecclesia
310 1274 431 1303 mirabile
444 1279 502 1307 est,
519 1281 571 1301 nou
586 1273 656 1308 quod
672 1273 774 1304 vicerit,
790 1271 836 1299 scd
849 1271 919 1307 quod
933 1271 969 1298 ita

176 1322 280 1350 vicerit.
302 1321 418 1356 Impulsa
437 1320 525 1352 enim,
549 1323 655 1352 vexata,
682 1318 828 1345 innumeris
841 1324 969 1345 concussa

177 1367 274 1400 modis,
290 1374 343 1393 non
358 1366 437 1393 modo
451 1373 502 1392 non
519 1365 697 1398 minuebatur,
709 1364 755 1391 sed
773 1363 859 1398 major
871 1362 969 1390 evade-

178 1414 233 1446 bat,
257 1417 284 1440 et
304 1420 350 1440 eos
365 1412 410 1447 qui
427 1411 453 1438 id
467 1411 554 1438 facere
568 1411 704 1438 tentabant
725 1409 849 1445 patiendo
869 1412 970 1436 tantum

177 1458 352 1494 profligabat;
369 1456 396 1484 id
408 1456 478 1492 quod
487 1456 594 1483 adamas
608 1456 678 1482 ferro
691 1454 823 1490 impetitus
831 1453 970 1485 facit,dum

179 1511 322 1538 percussus
336 1507 438 1529 tantum
453 1501 532 1528 solvit
552 1500 724 1535 percutientis
737 1499 833 1532 robur;
856 1498 970 1526 stimuli-

179 1557 232 1584 que
247 1548 445 1576 calcitrautibus
466 1547 579 1581 objecti,
602 1553 655 1573 non
670 1545 820 1573 obtusiores
835 1544 896 1572 inde
908 1543 971 1572 red-

178 1595 287 1627 duntur,
303 1594 348 1621 sed
364 1593 558 1621 calcitrantium
575 1592 654 1627 pedes
668 1596 817 1620 cruentaut.
831 1591 893 1619 ldeo
908 1599 972 1619 sane

180 1646 300 1668 montem
314 1639 426 1666 vocavit.
449 1639 526 1672 Quod
546 1639 567 1666 si
587 1638 770 1673 metaphoram
785 1646 838 1665 non
852 1638 973 1665 admittat

180 1687 304 1718 Judaeus,
330 1686 502 1713 domesticam
527 1684 638 1719 accipiat
667 1684 885 1711 confutalionem.
915 1683 973 1718 ipse

182 1732 309 1767 propheta
323 1732 386 1758 dicit
399 1731 474 1765 lupos
489 1735 516 1757 et
529 1738 611 1765 agnos
624 1730 775 1758 communia
791 1737 887 1765 pascua
899 1729 974 1757 babi—

183 1784 256 1806 turos
268 1799 275 1811 ,
297 1783 323 1805 et
347 1777 444 1804 muscis
465 1776 612 1811 apibusque
625 1776 708 1804 Deum
722 1776 889 1804 sibilaturum
900 1797 907 1809 ,
923 1776 973 1803 flu-

182 1825 305 1860 viamque
316 1825 500 1851 vehementem
509 1823 683 1850 adducturum
698 1823 724 1850 in
734 1821 849 1855 Judaros,
863 1830 895 1850 eo
904 1822 974 1857 quod

183 1870 233 1905 ipsi
258 1869 356 1896 habere
378 1869 511 1895 noluerint
531 1876 627 1903 aquam
640 1868 740 1895 Siloam
762 1867 838 1903 (fsai.
852 1868 896 1896 Η.
911 1867 938 1895 6.
951 1873 974 1895 et

183 1916 228 1944 65.
244 1916 298 1948 25;
313 1915 339 1942 7.
358 1915 408 1943 l8:
423 1915 450 1942 8.
465 1914 491 1942 6.
506 1915 544 1950 7).
569 1913 635 1947 Qua:
649 1915 672 1941 si
685 1914 744 1949 quis
763 1913 796 1940 ad
808 1913 918 1941 verbum
932 1921 976 1941 ac-

183 1963 301 1998 ceperit,
315 1970 379 1989 sane
394 1961 567 1996 iutclligibilia
584 1969 636 1988 non
658 1965 721 1988 sunt
736 1970 742 1988 :
759 1969 852 1988 verum
872 1965 977 1996 oportet

184 2016 214 2035 ea
226 2016 285 2042 qua:
296 2007 336 2035 his
347 2007 529 2043 significantur
537 2007 668 2042 accipere,
683 2007 773 2042 sicque
785 2007 976 2034 sententiarum

183 2056 281 2082 seriem
298 2055 370 2081 varie
393 2054 549 2089 intelligere.
573 2053 701 2086 Quasnam
723 2053 803 2088 igitur
822 2053 863 2081 his
876 2053 977 2089 signifi-

184 2100 304 2127 cantur?
328 2100 379 2127 Per
400 2099 476 2133 lupos
489 2105 516 2127 et
534 2107 633 2134 agnos,
657 2098 794 2127 hominum
812 2107 902 2128 mores
916 2108 976 2128 cum

186 2145 285 2172 ferinos
307 2149 362 2172 tum
379 2148 531 2172 mansuetos
546 2144 663 2178 indicat;
688 2152 736 2180 per
754 2153 877 2178 muscas,
892 2145 978 2181 impu-

185 2191 304 2218 dentiam
313 2189 500 2227 Egyptiorum
512 2198 520 2223 ;
534 2198 581 2225 per
594 2190 713 2225 fluvium,
728 2191 880 2219 violentiam
896 2200 978 2219 exer-

186 2239 256 2266 citus
269 2238 373 2265 barbari
385 2246 392 2270 ;
415 2246 463 2273 per
476 2238 574 2266 Siloam
584 2259 592 2271 ,
608 2238 836 2266 mansuetudinem
852 2238 978 2266 modera-

189 2285 341 2316 tionemque
354 2283 422 2319 ejus,
435 2283 479 2318 qui
491 2288 553 2311 tunc
565 2283 723 2319 imperabat,
736 2284 978 2319 regisJuclaaorum.

188 2329 323 2364 Ncmoque
335 2330 376 2356 vel
386 2338 417 2357 ex
433 2330 658 2364 insipientioribus
667 2330 736 2358 circa
752 2331 809 2358 haec
825 2331 901 2358 nobis
913 2339 979 2358 con-

188 2374 309 2401 tradicet.
323 2374 551 2408 Quemadmodum
567 2376 645 2411 igitur
659 2376 702 2404 illa
711 2376 770 2404 aliis
780 2381 840 2404 sunt
855 2385 981 2412 expressa

189 2420 351 2453 nominibus,
368 2421 408 2448 sic
421 2420 467 2448 ille
481 2421 609 2449 Ecclesiae
623 2421 774 2449 firmitatem
785 2442 793 2454 ,
809 2422 981 2450 immobilita-

190 2471 264 2498 tem,
288 2466 497 2500 sublimitatem,
526 2467 728 2502 inexpugnabile
755 2468 855 2501 robur,
883 2469 982 2496 montis

190 2511 297 2538 nomine
312 2511 497 2539 subiudicavit.
513 2512 545 2539 Et
557 2513 624 2540 alius
639 2513 770 2548 propheta
785 2513 846 2541 illos
859 2514 903 2549 qui
914 2522 980 2541 con-

192 2557 275 2584 iiduut
297 2558 322 2584 in
345 2558 458 2585 Domino
480 2559 561 2586 monti
575 2564 728 2595 comparat.
750 2560 874 2588 invictam
889 2568 982 2588 eorum

193 2602 372 2631 fortitudinem
384 2604 527 2632 ostendens
543 2604 627 2641 (Psal.
644 2605 704 2632 12L
722 2606 759 2641 l).
776 2605 937 2642 Manifestus.
955 2606 984 2634 Id
1006 2609 1015 2619 ‘

192 2649 263 2676 nulla
276 2648 403 2683 deinceps
416 2649 633 2684 interpretatione
643 2650 751 2685 indiget.
767 2650 811 2679 Sic
823 2652 879 2686 ipsa
894 2659 983 2679 rerum

192 2699 286 2721 natura
308 2695 371 2722 tuba
392 2694 532 2722 clariorem
556 2696 653 2723 emittit
678 2704 787 2729 vocem,
813 2697 982 2731 splendorem

191 2741 336 2768 ostendens
356 2741 493 2769 Ecclesiae.
520 2742 625 2770 Etenim
640 2750 726 2778 neque
747 2743 785 2770 sol
808 2743 842 2770 ita
864 2743 984 2778 splendi-

192 2785 242 2812 dus
253 2807 261 2819 ,
276 2794 364 2822 neque
378 2786 437 2821 ejus
449 2787 492 2815 lux
513 2788 547 2815 ita
560 2788 630 2815 clara
642 2793 698 2819 est,
713 2792 742 2814 ut
755 2792 816 2815 sunt
831 2795 874 2816 res
886 2789 920 2816 ad
934 2789 985 2816 Ec-

193 2831 302 2859 clesiam
322 2837 484 2867 spectantes.
509 2833 577 2861 Nam
590 2833 687 2861 Domus
701 2833 750 2861 Dei
773 2842 851 2869 supra
870 2835 986 2862 verticem

195 2882 325 2905 montium.

824 156 855 183 IN
872 153 996 186 lSAlAM,
1017 153 1094 181 CAP.
1117 153 1147 180 ll.
1767 158 1803 184 5f)

1050 211 1075 238 3.
1088 211 1225 245 Quomodo
1235 209 1292 238 haec
1302 210 1490 246 interpretatus
1500 211 1579 239 fuerit
1590 212 1715 241 Iudaeus?
1726 216 1810 244 Tem-

1015 258 1087 293 plum
1108 258 1180 285 enim
1200 264 1253 285 non
1273 261 1314 285 est
1337 265 1416 292 supra
1439 259 1568 286 verticcm‘
1585 260 1714 288 montium
1731 271 1738 288 :
1756 262 1804 289 Er-

1014 305 1102 332 clesia}
1117 310 1205 332 autem
1222 309 1337 339 potestas
1357 305 1428 339 ipsos
1446 305 1551 340 attingit
1568 306 1659 334 ctelos.
1680 308 1713 334 Et
1733 309 1812 343 quasi

1014 350 1110 377 domus
1129 358 1207 385 supra
1229 351 1355 378 verticem
1379 351 1507 378 montium
1529 352 1613 386 posita
1633 352 1756 380 omnibus
1769 361 1810 383 es;

1016 395 1165 427 manifesta,
1181 396 1220 423 sic
1234 401 1261 423 et
1275 397 1358 423 multo
1372 396 1455 431 magis
1469 397 1593 424 omnibus
1606 399 1747 434 conspicua
1762 398 1811 425 ho-

1016 442 1131 469 minibus
1151 442 1194 469 illa
1214 443 1307 470 evasit.
1331 442 1364 469 Et
1383 443 1534 482 excitabitur
1553 452 1628 477 super
1646 445 1733 472 colles.
1756 446 1811 473 lloe

1017 488 1100 522 ipsum
1116 496 1207 515 rursus
1223 488 1409 523 interpretatus
1420 494 1477 523 est;
1485 490 1554 524 quod
1568 491 1665 526 templo
1676 491 1720 518 illo
1733 500 1811 525 num-

1017 541 1095 567 quam
1110 533 1220 569 contigit
1230 554 1237 567 ,
1253 542 1340 569 neque
1352 542 1412 562 cum
1427 535 1541 562 maxime
1557 535 1652 564 ﬂorere
1664 537 1808 565 videretur.

1016 578 1155 612 Quomodo
1167 579 1237 606 enim
1251 579 1285 607 de
1297 581 1395 615 templo
1407 580 1608 616 intelligeretur,
1619 583 1689 617 quod
1700 583 1734 611 ab
1747 583 1811 618 ipsis

1017 624 1116 651 Judzcis
1131 632 1202 659 sti-pe
1216 625 1436 660 inhonorabatur,
1450 626 1676 663 barbarorumque
1690 629 1811 657 manibus

1017 671 1192 699 diruebatur?
1215 672 1341 700 Ecclesiae
1366 677 1453 700 autem
1478 673 1606 702 fortitudo
1628 674 1812 702 vehementius

1018 718 1167 753 saepiusque
1181 725 1258 753 quam
1275 719 1401 753 templum
1417 719 1567 755 impugnata
1583 720 1632 748 fuit
1646 730 1653 748 :
1667 729 1811 756 numquam

1018 771 1082 791 vero
1098 764 1178 791 cessit
1198 772 1227 791 se
1248 765 1455 799 oppugnantium
1470 766 1606 799 manibus,
1622 767 1813 794 sedexcelsior

1018 811 1198 846 illustriorque
1212 811 1329 837 maxime
1340 810 1374 837 ab
1385 811 1503 839 hostibus
1516 812 1583 839 facta
1595 816 1645 840 est;
1658 813 1733 840 Tunc
1744 820 1814 840 mar-

1021 861 1106 892 tyrum
1122 861 1219 890 coetus,
1233 861 1294 884 tunc
1306 857 1487 884 confessorum
1501 858 1653 892 multitudo,
1667 864 1729 886 tunc
1742 859 1813 887 ferro

1019 903 1150 930 firmiores
1161 903 1256 930 animm
1267 902 1487 936 ostendebantur,
1502 904 1617 939 ipsisque
1628 904 1711 932 stellis
1724 905 1813 939 splen.

1019 949 1136 976 didiores
1157 953 1248 981 erant,
1267 949 1381 976 concisis
1400 949 1571 984 corporibus,
1588 950 1684 977 animis
1704 950 1812 978 minime

1020 994 1111 1028 victis,
1127 994 1174 1022 sed
1192 994 1359 1021 vincentibus
1379 999 1406 1021 et
1423 995 1566 1023 coronatis.
1580 995 1645 1028 Quis
1658 995 1738 1028 vidit,
1754 996 1813 1031 quis

1019 1040 1120 1079 audivit
1134 1039 1233 1068 caedem
1248 1044 1353 1074 gestare
1370 1048 1506 1074 coronam,
1520 1040 1712 1076 jugulatiouem
1728 1042 1812 1069 victo-

1020 1087 1086 1114 riam
1103 1091 1298 1122 reportaulem,
1315 1092 1429 1123 tuncque
1443 1088 1587 1115 exercitum
1606 1088 1813 1123 splendidiorem

1020 1132 1154 1165 effectum,
1170 1140 1231 1160 cum
1246 1133 1337 1168 plures
1351 1132 1399 1160 visi
1413 1137 1475 1160 sunt
1485 1133 1519 1160 ab
1532 1133 1652 1161 hostibus
1663 1134 1797 1169 iugulari?

1060 1178 1181 1205 Validum
1193 1183 1281 1205 contra
1294 1178 1399 1206 Iudaeos
1415 1179 1501 1205 telum.
1512 1193 1548 1198 —-
1559 1178 1591 1205 Et
1603 1179 1701 1206 venient
1712 1179 1747 1207 ad
1759 1189 1814 1208 eam

1021 1233 1106 1252 omnes
1129 1229 1224 1260 gentes.
1245 1224 1391 1260 Progressa
1412 1225 1511 1252 clarior
1532 1224 1646 1252 efficitur
1664 1225 1792 1260 propheta
1806 1247 1813 1259 ,

1022 1279 1174 1300 sermonem
1199 1271 1283 1306 magis
1307 1271 1422 1306 retegit,
1447 1271 1685 1306 dilucidioremque
1708 1271 1817 1300 exhibet

1024 1317 1207 1353 prophetiam,
1228 1318 1431 1352 accuratiusque
1454 1317 1606 1345 Judasorum
1628 1317 1733 1345 consuit
1757 1325 1815 1345 ora.

1023 1364 1079 1392 Hoc
1093 1364 1179 1396 enim,
1200 1364 1304 1392 etiamsi
1323 1363 1467 1391 admodum
1488 1363 1655 1399 impudentes
1671 1364 1741 1399 sint,
1762 1372 1815 1392 nou

1024 1414 1148 1445 poterunt
1159 1409 1193 1437 ad
1208 1410 1334 1444 templum
1347 1417 1424 1437 suum
1437 1409 1548 1438 referre.
1564 1412 1598 1438 At
1612 1407 1683 1438 enim
1697 1411 1816 1446 prohibi-

1025 1461 1079 1483 tum
1090 1460 1156 1489 erat,
1170 1455 1249 1490 idque
1259 1455 1457 1483 accuratissime
1467 1455 1667 1488 observabatur,
1679 1463 1713 1483 ne
1723 1461 1817 1491 gentes

1024 1502 1050 1529 in
1069 1502 1197 1536 templum
1214 1502 1363 1529 introirent.
1386 1501 1486 1537 Ecquid
1507 1501 1567 1530 dico
1585 1502 1611 1529 in
1630 1502 1756 1538 templum
1774 1502 1817 1530 iu-

1025 1548 1126 1581 troire,
1149 1549 1255 1583 quando
1275 1549 1340 1583 ipsis
1363 1549 1405 1576 lex
1426 1556 1487 1575 cum
1511 1549 1584 1583 gravi
1603 1549 1819 1577 iuterminatione

1025 1594 1182 1629 prohibebat
1201 1601 1234 1621 ne
1248 1601 1309 1621 cum
1324 1594 1448 1628 gentibus
1466 1595 1718 1628 commiscerentur,
1733 1600 1759 1623 et
1771 1603 1818 1622 ex-

1026 1645 1125 1667 tremas
1138 1639 1172 1667 de
1187 1639 1228 1666 his
1247 1639 1370 1674 exigebat
1389 1639 1498 1674 pinnas?
1514 1639 1593 1667 Certe
1614 1639 1741 1674 propheta
1765 1641 1819 1674 Ag-

1025 1694 1098 1722 gaaus
1111 1690 1194 1714 totam
1212 1686 1262 1713 hac
1279 1687 1305 1713 in
1322 1693 1351 1713 re
1369 1693 1443 1713 suam
1459 1686 1623 1721 consumpsit
1637 1686 1819 1721 prophetiam,

1027 1733 1162 1766 incusans,
1176 1731 1352 1763 comminans,
1370 1738 1461 1765 poenas
1476 1735 1599 1765 repetens
1611 1731 1645 1758 de
1660 1731 1749 1758 illicita
1764 1731 1820 1758 alii.

1027 1779 1120 1806 nitate.
1142 1780 1178 1806 At
1200 1781 1288 1805 nostra
1313 1776 1374 1804 talia
1397 1784 1450 1804 non
1469 1781 1546 1809 sunt,
1561 1777 1608 1804 sed
1627 1778 1745 1805 Ecclesia
1761 1785 1820 1805 cum

1027 1827 1100 1854 omni
1114 1825 1238 1853 facilitate
1252 1825 1340 1853 sinum
1360 1832 1438 1853 suum
1458 1824 1626 1860 expandens,
1642 1823 1744 1859 supinis
1763 1831 1821 1851 ma-

1029 1873 1106 1900 nibus
1117 1879 1211 1900 omnes
1222 1871 1294 1898 orbis
1307 1871 1387 1898 totius
1398 1874 1490 1906 gentes
1503 1870 1622 1905 quotidie
1634 1860 1754 1905 suscipit:
1766 1869 1823 1898 Hoc

1028 1920 1099 1948 enim
1111 1919 1189 1955 primi
1202 1918 1238 1947 illi
1252 1918 1405 1954 dogmalum
1416 1917 1538 1946 doctores
1550 1918 1584 1946 ab
1595 1917 1736 1952 Unigenito
1747 1923 1822 1944 man-

1029 1967 1119 1995 datum
1139 1970 1317 2002 acceperunt,
1335 1965 1384 1992 hac
1405 1964 1495 1992 statim
1515 1963 1604 1992 audita
1623 1970 1689 1991 voce
1706 1971 1711 1989 :
1728 1963 1824 1990 Euntes

1030 2014 1114 2041 docete
1129 2021 1213 2040 omnes
1232 2017 1316 2048 gentes
1331 2010 1446 2046 (Matth.
1465 2009 1511 2037 28.
1526 2008 1589 2046 19).
1605 2009 1723 2037 Adverte
1735 2012 1833 2036 autem,

1030 2052 1164 2096 quomodo
1179 2067 1231 2086 non
1247 2062 1348 2085 tantum
1361 2056 1527 2084 vocationem
1542 2055 1659 2090 gentium
1676 2053 1825 2082 subindica-

1030 2109 1068 2135 vit
1086 2107 1230 2143 propheta,
1246 2105 1293 2133 sed
1307 2105 1385 2132 etiam
1400 2110 1491 2131 earum
1506 2106 1656 2138 promptam
1669 2105 1697 2128 et
1709 2100 1824 2128 alacrem

1031 2153 1244 2189 obsequentiam.
1257 2151 1314 2179 Non
1329 2151 1399 2179 enim
1411 2149 1489 2183 dixit,
1503 2147 1685 2180 Adducentur,
1700 2146 1758 2180 sed,
1777 2145 1826 2173 Ve-

1032 2200 1099 2227 nient
1113 2207 1122 2226 :
1136 2199 1161 2226 id
1181 2197 1251 2233 quod
1271 2197 1339 2224 alius
1358 2195 1485 2233 propheta
1505 2193 1602 2221 clarius
1620 2192 1765 2220 ostendens
1783 2191 1826 2219 di-

1032 2246 1109 2275 cebat.
1121 2255 1127 2273 :
1140 2245 1174 2272 Et
1189 2253 1238 2272 non
1252 2243 1374 2271 docebunt
1386 2241 1555 2276 unusquisque
1567 2239 1693 2267 coneivem
1707 2246 1791 2269 suum,
1803 2241 1827 2264 et

1032 2293 1200 2328 unusquisque
1214 2292 1318 2326 fratrem
1332 2297 1404 2317 suum
1419 2288 1519 2321 dicens,
1533 2286 1660 2322 Cognosce
1671 2284 1827 2316 Dominum,

1033 2341 1093 2375 quia
1106 2348 1191 2367 omnes
1208 2339 1286 2366 scient
1302 2345 1341 2364 me
1357 2345 1373 2363 a
1389 2344 1466 2370 paruo
1480 2342 1558 2370 usque
1571 2333 1606 2360 ad
1619 2340 1737 2368 magnum
1750 2330 1825 2366 (Jer.

1034 2388 1078 2414 51.
1098 2385 1162 2421 54).
1179 2384 1254 2419 Quod
1273 2383 1306 2411 ad
1325 2382 1432 2410 Iudaeos
1452 2381 1523 2409 enim
1543 2379 1680 2415 spectabat
1697 2383 1827 2405 creatura:

1034 2432 1154 2460 ordinem
1173 2438 1249 2457 suum
1269 2429 1405 2456 mutabant
1421 2428 1469 2464 (α),
1483 2426 1595 2453 aderant
1608 2424 1763 2459 frequentes
1776 2423 1828 2449 tui-

1035 2487 1088 2510 nas,
1104 2477 1231 2514 supplicia
1244 2475 1363 2508 assidua,
1377 2474 1470 2502 crebra
1485 2471 1621 2502 miracula,
1638 2469 1830 2504 prephetarum

1036 2526 1187 2556 discursus,
1203 2521 1363 2558 legislatoris
1383 2521 1478 2553 timor,
1494 2517 1723 2559 intermiu_ationes
1741 2514 1827 2543 bello-

1069 2605 1104 2636 (α)
1122 2604 1151 2629 In
1161 2607 1251 2636 Greco,
1262 2606 1411 2636 ἀνιστμιιιηθτξ-
1425 2598 1530 2636 οδδςξιτξι
1541 2593 1828 2636 )if’cl_5..5_‘.g_'1‘..‘i°*fil‘.’.:Ili:

1036 2625 1368 2661 ma‘rinu-snvertitrz'creatui‘a
1380 2633 1453 2654 etiam
1471 2630 1523 2663 ipsa
1541 2627 1567 2663 in
1583 2625 1702 2663 primorie
1714 2625 1830 2663 efﬂuentis

1151 2655 1248 2691 iiifiiié
1257 2655 1340 2687 autem
1348 2668 1429 2685 sertno
1441 2655 1519 2688 est'de
1527 2655 1829 2692 signis,_castigationibus,

1037 2688 1140 2729 sitiat};
1151 2688 1183 2720 ad
1190 2695 1284 2729 iudices
1293 2693 1488 2729 prmvaricatores
1497 2688 1830 2729 pertérlrefacietindos

1037 2716 1338 2759 §ié'?hife}“ei£§iicéd_sa,
1347 2729 1401 2759 cum
1412 2726 1491 2759 teme.
1497 2716 1564 2745 hiatu
1575 2720 1637 2745 Core
1649 2722 1676 2759 et
1681 2716 1831 2759 ἕξιςξὲ

1038 2751 1196 2790 Ξὸᾡιῖνέιιιηι,
1202 2751 1291 2790 aliique.
1303 2751 1363 2790 ig“,
1373 2754 1502 2790 ειυδυηψιίτ
1514 2758 1568 2790 cui."
1576 2751 1830 2790 ξἯῐιίῗίῖἕτὲὶἮωὶῗῗξ

1038 2780 1214 2817 Eﬂiﬁ'éitﬁﬁéte
1226 2780 1383 2810 cohcioiiaute
1395 2780 1469 2809 voces
1481 2780 1506 2817 et
1526 2780 1687 2817 pluviaa’datse
1699 2782 1831 2817 sunthnfe

1039 2809 1361 2853 “entermierunti
1377 2809 1692 2853 IID‘OWVfbl‘bP’

1040 2844 1149 2878 'ordiuem
1160 2856 1230 2874 suum
1242 2844 1378 2875 mutabant;
1392 2846 1478 2871 ethoc
1494 2844 1563 2869 modo
1575 2849 1667 2872 vocem,
1679 2847 1831 2870 dvlmlpnina.

1044 2883 1188 2909 reddendam
1202 2886 1257 2905 esse
1271 2879 1347 2903 visum
1359 2878 1429 2903 nobis
1441 2879 1486 2901 est.
