2058 3122
232 195 262 222 5i
598 191 626 220 S.
643 190 783 220 JOANNlS
801 188 1038 218 CHRYSOSTOMI
1057 188 1216 218 ARCHIEP.
1236 190 1500 220 CONSTANTINOP.
1835 189 1871 217 59.

229 259 305 286 rum,
319 251 494 279 barbarorum
507 249 672 278 incursiones
681 270 689 283 ,
703 257 718 277 a
732 249 786 277 Deo
799 248 925 276 immissae
938 246 1022 274 vindi-

229 303 289 331 σιω,
304 297 491 332 castigationes
504 304 537 324 ex
549 295 621 323 caalis
637 296 749 323 invecta:
761 304 768 322 :
780 293 975 328 manebantque
986 293 1023 320 illi

228 343 295 372 dura
309 344 412 371 cervice
427 347 454 370 et
474 341 663 374 incircumcisi,
677 345 705 367 ut
722 341 759 367 ait
777 340 939 374 Stephanus,
955 346 1024 373 prar-

228 391 323 423 fracti,
336 395 363 418 et
376 390 485 418 difficile
503 389 628 417 cedentes
639 388 713 423 (Act.
726 388 752 415 7.
765 387 811 422 51)
824 395 832 420 ;
851 386 884 414 ad
905 386 1022 421 gentium

231 444 295 464 vero
308 434 498 473 [vocationem]
513 435 578 463 satis
590 434 639 462 fuit
651 434 755 462 unicum
770 438 901 468 tenueque
912 431 1022 459 verbum

227 483 371 515 audivisse,
385 487 413 510 et
426 489 520 513 omnes
532 481 672 509 confestim
682 484 863 508 accurrerunt.
875 479 950 514 Quod
961 479 1022 506 sub-

228 529 348 557 indicans
364 529 445 556 David
459 528 564 556 dicebat
581 537 588 555 :
604 527 735 562 Populus,
749 535 822 562 quem
836 535 887 554 non
902 526 1021 561 cognovi,

227 575 326 603 servivit
346 575 408 602 mihi
422 574 516 610 (Psal.
535 574 579 601 17.
600 573 668 609 45);
688 577 716 600 et
736 573 844 600 modum
864 572 1022 600 obedientia'

227 621 361 648 admirans
381 621 539 656 subjiciebat
553 629 560 648 :
575 620 610 647 In
628 620 717 647 auditu
737 619 807 646 auris
825 619 932 646 obedirit
948 618 1020 647 mihi.

228 667 285 695 Hoc
297 667 385 702 ipsum
399 672 427 694 et
439 666 522 695 Jacob
540 666 707 702 amigmatico
721 674 796 694 more
813 666 951 694 declarans
965 666 1019 692 aie-

227 712 272 739 bat
285 721 293 739 :
307 712 402 748 Ligans
416 713 450 739 ad
469 713 566 739 vineam
587 712 686 747 pullum
701 720 792 745 suum,
810 716 832 738 et
846 712 879 738 ad
891 711 1021 738 surculth

228 757 327 793 pullum
341 758 421 786 asina:
434 766 488 785 sum
502 758 577 794 (Gen.
592 758 638 786 49.
654 759 711 793 Η).
725 759 760 785 At
772 757 831 792 quis
844 758 907 785 vidit
920 758 1020 792 pullum

227 803 310 832 asinae
331 803 440 832 surcqu
457 804 594 839 alligatum
609 809 636 831 et
650 804 734 831 vinea:
748 796 913 836 adstantem,
927 808 953 831 et
967 804 1021 831 fru-

228 852 300 882 ctum
315 856 368 876 non
387 850 626 884 pessumdantem?
640 849 667 876 In
683 849 767 876 brutis
780 849 885 884 quidem
902 849 1018 883 minime,

227 893 254 921 in
268 894 420 924 hominibus
431 898 520 923 autem
533 895 559 923 id
570 903 633 923 vere
644 899 672 923 et
684 896 771 930 reipsa
785 895 923 931 contingit.
937 895 1019 923 Judaei

227 947 343 975 namque
357 941 507 970 innumeris
525 942 641 977 colligati
661 942 790 975 vinculis,
807 942 899 977 jugum
912 942 1018 970 c0nfre-

225 990 339 1020 gerunt,
352 987 488 1015 vinculum
502 987 673 1023 disruperunt
684 1008 691 1021 ,
707 992 736 1015 ut
752 988 789 1015 ait
805 988 933 1023 propheta
948 988 1017 1024 (Jer.

225 1031 253 1059 5.
264 1032 309 1067 5);
322 1038 414 1068 gentes
428 1037 516 1061 autem
530 1034 602 1061 nulla
615 1034 696 1061 simili
706 1034 835 1069 colligata:
848 1035 1017 1069 necessitate,

225 1082 348 1112 prompte
366 1078 538 1111 obedierunt,
555 1079 630 1114 quasi
648 1079 737 1116 pullus
754 1080 861 1108 surculo
875 1081 998 1116 alligatus
1009 1103 1016 1115 ,

224 1126 252 1150 et
263 1130 297 1150 ex
310 1124 448 1158 praeceptis
460 1124 526 1152 nihil
540 1125 788 1159 pessumdederunt,
801 1126 847 1153 sed
860 1125 1018 1155 adstiterunt

225 1168 335 1199 multam
355 1169 512 1198 exhibentes
531 1170 742 1205 obsequentium.
759 1171 784 1198 Ξ.
800 1170 832 1198 Et
846 1171 916 1199 ibunt
930 1172 1018 1207 populi

225 1214 307 1247 multi,
322 1219 345 1241 et
359 1215 463 1242 dicent:
478 1214 574 1249 Venite,
586 1221 610 1245 et
621 1217 787 1244 ascendamus
797 1217 831 1244 ad
844 1222 951 1245 montem
962 1218 1016 1246 Do-

224 1261 302 1294 mini,
317 1265 340 1287 et
352 1261 386 1287 ad
401 1261 503 1289 domum
516 1262 563 1290 Dei
580 1262 670 1290 Iacob.
685 1263 753 1291 Vide
767 1263 879 1292 choreas
890 1269 1015 1301 agentes,

224 1310 251 1332 et
263 1305 330 1333 festa
345 1306 511 1335 celebrantes
520 1327 527 1339 ,
541 1312 568 1335 et
582 1308 648 1336 alter
660 1308 772 1336 alterum
788 1309 925 1337 hortantes
935 1331 943 1344 ,
957 1319 1014 1338 om-

224 1358 323 1386 aesque
335 1351 362 1380 in
375 1352 499 1380 doctores
510 1360 654 1381 conversos
667 1362 674 1380 :
688 1362 773 1390 neque
785 1363 874 1388 unam,
886 1356 927 1383 vel
938 1356 1014 1390 duas,

224 1396 264 1424 vei
288 1401 341 1425 tres
353 1418 361 1432 ,
381 1397 428 1426 sed
449 1399 545 1426 multas
563 1404 658 1434 gentes
677 1405 878 1428 concurrentes.
902 1401 1015 1430 Vcnient

222 1443 308 1475 enim,
325 1443 425 1478 inquit,
442 1444 532 1479 populi
545 1445 620 1473 multi
633 1449 660 1473 et
673 1453 707 1473 cx
721 1445 832 1473 diversis
847 1446 912 1474 locis
922 1468 929 1480 ,
944 1448 1014 1483 quod

222 1488 291 1523 apud
304 1488 409 1516 Iudaeos
423 1497 566 1525 numquam
580 1491 691 1526 contigit
705 1501 712 1518 :
726 1492 773 1519 sed
792 1492 815 1519 si
834 1493 878 1527 qui
895 1501 1015 1522 accesse-

222 1539 299 1567 runt,
312 1534 339 1561 hi
362 1535 436 1569 pauci
455 1541 532 1564 erant
552 1537 698 1572 prosclyti,
712 1543 739 1565 et
751 1537 779 1565 hi
792 1545 852 1565 cum
867 1539 952 1574 multo
966 1546 1013 1568 nc-

220 1579 302 1613 gotio,
319 1584 345 1607 et
364 1588 507 1616 numquam
520 1586 613 1616 gentes
628 1583 714 1610 vocati
728 1588 800 1616 sunt,
815 1584 862 1612 sed
876 1578 1013 1622 proselyti.

221 1624 348 1661 Proselyti
360 1627 430 1654 enim
444 1627 478 1654 ad
491 1633 514 1655 te
526 1628 675 1662 transibunt,
687 1635 710 1656 et
722 1635 794 1658 erunt
805 1631 849 1658 tibi
859 1632 925 1659 serui
936 1631 1012 1669 (Isai.

219 1672 264 1699 54.
279 1672 340 1706 15),
354 1672 449 1708 inquit.
464 1673 538 1707 Quod
552 1674 575 1702 si
591 1674 616 1702 in
632 1675 787 1710 metaphora
806 1677 931 1712 pcrsistat
949 1686 1013 1713 pro—

220 1715 316 1751 pheta,
332 1723 449 1746 montem
464 1719 601 1753 appellans
620 1723 648 1747 et
667 1720 775 1749 domum
795 1721 842 1749 Dei
863 1722 962 1756 Jacob,
979 1731 1013 1752 ne

219 1762 333 1790 mireris.
347 1763 424 1797 Quod
436 1764 506 1791 enim
517 1765 571 1799 jam
585 1765 649 1798 dixi,
664 1767 744 1794 modo
756 1767 812 1794 fere
824 1768 919 1803 aperit,
933 1769 1013 1797 modo

219 1807 359 1835 adumbrat
378 1809 544 1843 prophetiam
558 1819 565 1843 ;
580 1810 644 1838 illud
656 1812 763 1846 quidem
774 1832 780 1843 ,
795 1820 847 1848 quo
861 1813 1013 1847 prudentio-

219 1852 293 1882 ribus
307 1854 474 1882 occasionem
496 1856 631 1890 prtebeat,
649 1862 679 1884 ut
697 1865 756 1893 quae
775 1858 899 1887 dicuntur
913 1860 1011 1888 intelli-

219 1902 299 1932 gant;
314 1897 365 1926 hoc
377 1903 482 1932 autem,
497 1905 526 1927 ut
543 1901 706 1935 ingratorum
720 1904 911 1932 tumultuosum
926 1905 1011 1941 impe-

220 1947 277 1970 tum
290 1948 412 1971 coerceat
426 1953 433 1971 :
448 1949 475 1972 et
488 1945 585 1981 ubique
601 1954 753 1976 sermonem
767 1950 862 1977 variat.

254 1989 282 2016 4.
297 1988 326 2017 Si
340 1994 429 2018 autem
449 1991 524 2025 dixit,
540 1992 650 2021 Domum
669 1994 720 2022 Dei
733 1994 823 2030 Iacob,
837 2004 872 2024 ne
886 1998 1009 2032 turberis,

219 2033 316 2063 dilecte
328 2043 335 2062 :
351 2036 448 2064 etenim
459 2039 610 2074 unigenitus
626 2040 672 2068 Dei
687 2041 754 2069 ﬁlius
766 2042 835 2071 Deus
848 2043 931 2072 Iacob
942 2051 1008 2073 erat.

219 2081 278 2116 ipse
291 2082 362 2110 enim
373 2087 401 2110 et
414 2083 500 2119 legem
511 2085 594 2118 dedit,
606 2091 633 2114 et
645 2088 734 2115 omnia
744 2089 813 2124 apud
825 2098 871 2118 eos
884 2092 1010 2120 miracula

219 2127 315 2155 edidit:
327 2127 353 2156 id
364 2130 436 2164 quod
450 2137 481 2158 ex
490 2130 548 2166 ipso
562 2133 676 2161 maxime
688 2133 776 2162 Veteri
789 2135 958 2165 Testamento
971 2128 1011 2165 vil-

218 2174 282 2203 dcre
292 2180 335 2203 est
347 2185 353 2203 :
365 2176 430 2204 Novi
443 2178 541 2213 quippe
553 2178 715 2208 Testamenti
728 2182 798 2209 nulla
810 2184 878 2210 ratio
888 2189 928 2211 est
941 2185 1011 2219 apud

218 2219 335 2248 Iudaeos.
351 2221 480 2250 Jeremias
503 2223 585 2258 igitur
605 2225 643 2252 ait
659 2234 666 2252 :
683 2225 822 2261 Disponam
845 2229 914 2256 vobis
937 2235 1012 2257 testa-

218 2271 328 2294 mentum
343 2276 444 2301 novum,
456 2277 507 2296 non
527 2270 665 2297 secundum
678 2276 861 2307 testamentum,
875 2276 942 2310 quod
957 2276 1010 2303 dis-

218 2312 291 2344 posui
303 2313 415 2346 patribus
438 2315 525 2342 vestris
547 2314 623 2350 (Jer.
637 2316 682 2344 5L
706 2318 750 2345 51.
775 2318 842 2355 32);
866 2321 1010 2350 ostendens

219 2356 305 2391 ipsum
317 2365 376 2385 esse
395 2360 534 2395 utriusque
547 2361 735 2395 legislatorem.
750 2363 815 2397 Quia
831 2373 893 2393 vero
909 2367 965 2401 ipse
977 2375 1010 2395 ex

219 2401 334 2437 {Egypto
347 2403 407 2431 illos
421 2405 528 2439 eripuit,
541 2405 643 2434 addidit
657 2416 664 2433 :
679 2407 712 2434 In
732 2409 773 2435 die
788 2417 839 2443 qua
855 2412 1010 2446 apprehendi

218 2455 322 2474 manum
340 2455 436 2482 eorum,
452 2454 479 2476 ut
492 2451 622 2478 educerem
638 2460 680 2479 eos
696 2453 727 2480 de
740 2458 806 2481 terra
820 2454 930 2491 Egypti
944 2456 1010 2490 (Ibi-

219 2492 302 2529 dem).
328 2493 404 2527 Quod
417 2494 440 2522 si
456 2495 513 2530 ipse
526 2497 626 2530 eduxit,
652 2499 731 2526 etiam
748 2500 804 2534 ipse
819 2501 863 2527 illa
880 2502 968 2529 omnia
982 2502 1009 2530 in

219 2540 336 2576 Egypto
346 2545 373 2568 et
385 2540 412 2568 in
424 2541 534 2570 deserto
545 2544 672 2572 miracula
687 2547 810 2581 patravit.
826 2546 860 2574 Et
874 2549 1011 2576 annuntia-

219 2586 252 2613 bit
270 2587 342 2614 nobis
352 2587 419 2614 viam
435 2596 522 2621 suam,
536 2594 560 2616 et
573 2590 756 2623 ambulabimus
768 2593 795 2620 in
809 2601 848 2620 ea.
863 2593 962 2622 Viden'
981 2600 1011 2624 ut

217 2631 297 2659 aliam
317 2632 457 2667 requirunt
478 2633 584 2669 legem?
599 2635 672 2663 Viam
695 2639 765 2665 enim
780 2628 915 2674 Scriptura
939 2649 1009 2676 prte-

218 2682 294 2712 cepta
308 2677 357 2705 Dei
371 2678 439 2706 solet
457 2679 608 2714 appellare;
633 2682 656 2708 si
671 2681 704 2710 de
727 2683 816 2718 priore
838 2684 1010 2715 Testamento

219 2722 382 2757 loqueretur,
391 2731 446 2751 non
458 2723 578 2759 dixisset,
588 2726 752 2755 Annuntiabit
765 2729 835 2757 nobis
843 2738 853 2757 :
865 2731 928 2759 illud
938 2732 1009 2760 enim

218 2772 276 2795 erat
292 2769 415 2797 omnibus
429 2770 720 2807 manifestum,planum
735 2779 761 2802 et
775 2780 878 2803 notum.

253 2812 331 2840 Aliud
344 2814 445 2850 insigne
462 2821 550 2844 contra
568 2816 674 2845 ludam
687 2825 872 2855 argumentum.
886 2837 923 2842 —
934 2822 1009 2856 Quod

219 2863 308 2887 autem
322 2860 379 2888 haec
392 2869 444 2889 non
460 2863 578 2897 captiose
591 2864 721 2902 dicamus,
736 2874 795 2902 qua:
809 2867 879 2895 dicta
894 2873 955 2895 sunt
968 2869 1009 2896 vel

218 2903 458 2940 itnpudentioribus
470 2909 547 2938 ﬁdem
557 2910 644 2940 facere
655 2913 848 2948 possunt.Quia
859 2915 929 2943 enim
940 2915 1009 2943 viam

1076 254 1178 277 tantum
1192 250 1359 284 memoravit,
1372 250 1436 279 dicit
1448 257 1570 286 quasnam
1586 249 1629 278 illa
1641 250 1676 278 sit
1689 249 1741 283 via,
1756 248 1870 284 ejusque

1075 295 1157 323 multa
1177 297 1253 331 ponit
1267 297 1391 332 insignia.
1407 297 1548 332 Subjungit
1562 304 1626 332 ergo
1640 305 1647 324 ε
1664 295 1734 322 Nam
1752 295 1784 322 de
1805 295 1870 322 Sion

1075 341 1151 368 exibit
1165 341 1215 376 lex,
1232 347 1254 369 et
1276 343 1377 369 verbum
1398 342 1502 370 Domini
1524 341 1722 370 de'Jcrusalem.
1747 340 1787 368 Ad
1811 340 1870 367 hac

1075 387 1159 415 Juda:i
1173 395 1253 424 supra
1275 389 1383 416 modum
1408 389 1575 425 impudentes
1590 397 1623 416 ne
1645 389 1749 416 hiscere
1761 387 1868 423 quidem

1076 439 1209 469 poterunt.
1223 435 1299 469 Quod
1315 436 1387 463 enim
1403 435 1462 463 haec
1474 435 1507 463 de
1520 436 1593 463 Novo
1608 435 1780 463 Testamento
1797 434 1868 462 dicta

1075 481 1138 513 sint,
1151 485 1178 508 et
1194 489 1227 508 ex
1241 482 1310 515 loco,
1327 487 1354 509 et
1366 490 1400 509 ex
1417 486 1549 516 tempore,
1572 486 1597 509 et
1619 489 1651 509 ex
1668 481 1701 509 iis
1715 481 1760 516 qui
1781 480 1867 515 legem

1075 531 1245 562 receperunt,
1256 521 1288 556 “et
1301 535 1333 555 ex
1345 528 1427 563 gestis
1438 533 1499 563 post
1511 528 1608 563 legem,
1621 519 1693 555 et‘ex
1707 526 1779 554 omni
1793 530 1867 561 parte

1073 573 1180 600 demum
1204 574 1298 601 videre
1318 579 1368 602 est.
1388 574 1479 602 Primo
1493 581 1525 601 ex
1545 573 1614 607 loco,
1637 581 1669 601 ex
1691 577 1781 600 mome
1802 571 1866 599 Sion

1074 627 1180 655 nempe.
1197 620 1251 648 Lex
1265 620 1336 648 enim
1360 629 1407 656 per
1426 621 1543 656 llloysem
1563 620 1615 647 lata
1639 621 1665 647 in
1689 624 1779 646 monte
1793 617 1866 646 Sinni

1073 666 1220 700 majoribus
1235 667 1353 701 ipsorum
1368 666 1429 694 data
1451 666 1510 694 fuit.
1525 666 1578 693 Cur
1591 673 1655 700 ergo
1670 664 1713 692 hic
1732 663 1807 696 dicit,
1827 662 1867 689 De

1074 710 1159 739 Sion?
1173 711 1264 747 Neque
1277 712 1329 740 hoc
1344 713 1409 740 satis
1423 712 1526 745 habuit,
1542 711 1590 739 sed
1603 711 1682 738 etiam
1697 714 1802 744 tempus
1817 708 1865 735 ad-

1070 757 1145 793 jecit.
1159 758 1216 785 Non
1232 759 1304 786 enim
1317 758 1393 790 dixit,
1405 758 1491 786 Exivit
1504 758 1556 790 lex,
1571 756 1627 788 sed,
1638 756 1723 783 Exibit
1734 756 1784 788 lex,
1795 755 1865 789 quod

1072 808 1114 830 est
1138 803 1219 830 futuri
1244 804 1564 839 temporis,reinondum
1588 807 1677 838 gestae.
1694 801 1761 829 Cum
1776 805 1865 828 autem

1073 849 1131 876 haec
1144 849 1273 884 propheta
1288 849 1400 882 diceret,
1414 857 1429 876 a
1448 850 1539 877 multis
1557 850 1611 884 jam
1636 848 1714 876 annis
1736 847 1781 875 lex
1803 847 1864 874 data

1072 894 1176 924 fuerat:
1190 895 1256 923 Novi
1266 903 1331 923 vero
1339 895 1502 923 Testamenti
1516 896 1558 923 lex
1570 899 1629 930 post
1643 894 1770 930 plurimos
1780 900 1864 920 annos

1071 940 1158 969 danda
1174 945 1241 968 erat.
1256 941 1319 969 ideo
1333 950 1386 969 non
1399 942 1476 974 dixit,
1492 941 1590 974 Exivit,
1605 941 1662 974 sed,
1678 939 1772 973 Exibit,
1785 938 1811 966 id
1823 944 1864 967 est

1071 991 1174 1022 postea.
1188 988 1226 1016 Ac
1238 995 1343 1015 rursum
1358 987 1392 1015 ad
1405 988 1493 1015 locum
1511 988 1599 1023 ipsum
1621 985 1739 1021 confugit
1753 985 1862 1012 dicens:

1070 1033 1106 1060 Et
1127 1034 1228 1061 verbum
1247 1033 1352 1061 Domini
1366 1035 1397 1061 de
1408 1033 1561 1061 Jerusalem.
1584 1035 1715 1061 Accurate
1730 1031 1806 1059 nobis
1821 1029 1864 1057 hic

1069 1079 1137 1107 Novi
1153 1079 1318 1108 Testamenti
1331 1081 1435 1116 insigne
1447 1079 1532 1115 ponit.
1546 1079 1611 1107 Nam
1625 1077 1705 1106 modo
1725 1077 1751 1104 in
1773 1081 1863 1104 monte

1070 1126 1177 1160 sedens,
1190 1126 1314 1154 sublimia
1332 1131 1360 1154 et
1381 1126 1454 1153 cazlis
1471 1126 1550 1161 digna
1566 1129 1698 1160 prmcepta
1720 1123 1779 1158 lege
1798 1130 1862 1150 san-

1069 1172 1166 1206 ciebal,
1180 1173 1260 1200 modo
1276 1173 1302 1200 in
1322 1173 1472 1201 Jerusalem
1494 1180 1605 1200 versans
1620 1171 1733 1206 idipsum
1755 1170 1861 1205 agebat.

1069 1219 1136 1246 Cum
1155 1219 1268 1247 dixisset
1281 1227 1345 1255 ergo
1357 1224 1385 1247 et
1395 1220 1484 1246 locum
1503 1225 1531 1246 et
1542 1223 1656 1254 tempus,
1672 1218 1763 1253 adjicit
1777 1221 1804 1244 et
1815 1224 1862 1244 eos

1069 1264 1114 1299 qui
1138 1264 1211 1292 illam
1226 1265 1361 1300 accepturi
1376 1269 1453 1293 erant
1469 1264 1552 1300 legem
1563 1285 1570 1297 ,
1587 1263 1704 1298 undique
1726 1262 1861 1290 contradi-

1068 1312 1185 1338 centium
1199 1319 1246 1339 ora
1258 1319 1400 1339 consuens.
1412 1311 1526 1344 Quinam
1542 1318 1606 1345 ergo
1624 1310 1696 1336 illum
1712 1308 1860 1343 suscepturi

1067 1357 1162 1390 erant?
1177 1364 1239 1384 num
1262 1357 1435 1384 Hebrazorum
1459 1356 1547 1391 potius
1572 1355 1685 1390 populus
1707 1359 1734 1382 et
1754 1353 1861 1381 Judaei"

1067 1401 1240 1437 Nequaquam
1252 1423 1259 1435 ,
1275 1402 1322 1430 sed
1332 1402 1377 1437 qui
1393 1410 1427 1429 ex
1442 1401 1577 1437 gentibus.
1591 1400 1653 1428 Ideo
1667 1399 1769 1427 intulit:
1783 1400 1810 1426 4.
1825 1397 1859 1425 Et

1063 1448 1190 1483 judicabit
1214 1449 1279 1475 inter
1301 1454 1396 1484 gentes.
1422 1447 1489 1474 illud
1504 1447 1576 1475 enim
1591 1446 1707 1474 maxime
1727 1446 1760 1473 ad
1775 1445 1858 1480 legem

1067 1495 1209 1530 pertinet’,
1218 1495 1338 1530 judicare
1346 1495 1379 1522 de
1390 1495 1442 1521 illis
1452 1494 1496 1529 qtti
1511 1494 1595 1528 ipsam
1607 1493 1771 1527 impugnant.
1783 1492 1858 1525 Quod

1066 1546 1155 1569 autem
1171 1541 1213 1568 hic
1233 1549 1287 1569 non
1301 1547 1392 1569 sermo
1413 1541 1449 1568 sit
1471 1540 1505 1567 de
1518 1539 1606 1568 Veteri
1621 1539 1802 1571 Testamento,
1825 1545 1859 1565 ex

1066 1587 1130 1622 ipsis
1145 1587 1224 1627 rebus
1238 1588 1325 1627 palam
1338 1592 1389 1615 est.
1411 1587 1469 1614 Non
1482 1587 1553 1613 enim
1569 1585 1706 1613 sabbatum
1727 1585 1857 1613 observa-

1066 1642 1136 1668 mus,
1151 1625 1382 1662 circ'um'cisionem
1398 1640 1451 1661 non
1466 1633 1633 1665 admisimus,
1648 1640 1702 1660 non
1717 1632 1785 1659 festa
1800 1631 1859 1658 illo-

1065 1688 1136 1714 rum,
1152 1688 1205 1708 non
1220 1679 1292 1707 aliud
1314 1679 1450 1714 quidpiam
1473 1686 1507 1707 ex
1530 1678 1675 1706 veteribus.
1701 1677 1858 1705 Audivimos

1065 1728 1136 1755 enim
1150 1727 1262 1756 Paulum
1276 1727 1408 1754 dicentem
1426 1734 1433 1753 :
1456 1725 1486 1753 Si
1499 1722 1727 1758 circumcidamini,
1743 1724 1858 1752 Christus

1064 1774 1133 1801 vobis
1147 1773 1212 1800 nihil
1228 1773 1338 1808 proderit
1355 1772 1424 1809 (Gal.
1439 1773 1465 1800 5.
1478 1772 1526 1807 ‘2):
1542 1777 1579 1804 et,
1602 1771 1662 1798 Dies
1676 1771 1820 1803 observatis,
1834 1776 1858 1798 et

1065 1828 1172 1852 menses,
1186 1824 1210 1848 et
1223 1825 1346 1856 tempora,
1360 1824 1383 1847 et
1398 1819 1497 1846 annos?
1521 1818 1607 1846 Timeo
1626 1827 1658 1845 ne
1676 1820 1742 1854 forte
1761 1819 1857 1853 frustra

1064 1866 1231 1893 laboraverim
1254 1866 1282 1892 in
1301 1866 1370 1893 vobis
1383 1865 1455 1901 (Gal.
1468 1865 1566 1899 4.10).
1591 1864 1665 1892 Unde
1691 1864 1773 1899 liquet
1788 1865 1858 1891 hunc

1064 1918 1216 1939 sermonem
1237 1911 1270 1938 de
1284 1910 1358 1938 Novo
1381 1918 1452 1943 esse,
1473 1911 1534 1945 quia
1555 1912 1623 1938 inter
1643 1915 1736 1945 gentes
1755 1909 1859 1945 judica-

1064 1957 1102 1984 vit
1112 1956 1160 1992 (a),
1176 1956 1401 1991 quemadmodum
1417 1961 1444 1984 et
1458 1956 1556 1983 Paulus
1567 1956 1603 1983 ait
1617 1965 1624 1982 :
1639 1956 1674 1982 In
1693 1956 1733 1982 die
1754 1954 1856 1992 quando

1059 2001 1184 2037 judicabit
1193 2001 1260 2029 Deus
1270 2001 1367 2028 occulta
1378 2001 1507 2028 hominum
1518 2001 1605 2035 (Rom.
1614 2001 1642 2027 2.
1654 2000 1707 2036 16).
1717 2000 1857 2034 Quomodo

1062 2048 1210 2083 judicabit?
1225 2048 1269 2075 dic
1290 2047 1367 2081 mihi,
1379 2054 1413 2074 an
1435 2047 1580 2075 secundum
1592 2047 1675 2075 Vetus
1698 2047 1856 2074 Testamen-

1064 2095 1139 2122 tum?
1161 2094 1240 2122 Nullo
1254 2095 1344 2128 modo,
1360 2094 1407 2122 sed
1420 2094 1566 2122 Secundum
1583 2093 1751 2129 Evangelium
1763 2102 1855 2120 meum.

1063 2140 1161 2168 Viden‘
1176 2141 1256 2168 verba
1273 2140 1388 2173 diversa,
1404 2140 1549 2167 sententias
1563 2144 1651 2167 autem
1667 2140 1736 2167 inter
1748 2147 1778 2167 se
1789 2147 1856 2167 con-

1064 2186 1228 2215 sentientes?
1245 2186 1326 2214 lsaias
1340 2186 1405 2213 dicit
1418 2194 1425 2212 :
1439 2185 1569 2212 Judicabit
1585 2186 1650 2212 inter
1661 2191 1765 2221 gentes;
1787 2185 1856 2213 Pau-

1065 2233 1107 2259 lus
1131 2232 1180 2265 ait,
1203 2231 1335 2259 Judicabil
1358 2231 1496 2258 secundum
1522 2230 1687 2266 Evangelium
1710 2239 1803 2258 meum.
1822 2230 1856 2258 Et

1064 2283 1152 2313 arguet
1167 2278 1289 2313 populum
1304 2277 1429 2310 multant;
1442 2277 1511 2305 bella
1524 2274 1646 2313 gerentes
1658 2281 1686 2304 et
1704 2281 1856 2312 transgres-

1063 2331 1149 2351 sores.
1173 2323 1207 2351 Et
1225 2322 1278 2350 hoc
1290 2322 1428 2350 declarans
1441 2323 1563 2350 Christus
1587 2322 1692 2350 dicebat
1707 2331 1714 2350 :
1730 2321 1791 2349 Non
1810 2331 1857 2358 ego

1061 2370 1181 2405 iudicabo
1194 2378 1247 2401 vos,
1261 2369 1305 2397 sed
1318 2378 1410 2403 sermo,
1430 2378 1503 2406 quem
1525 2370 1641 2405 loquutus
1660 2378 1726 2402 sum,
1745 2369 1799 2404 ipse
1813 2377 1856 2396 vos

1059 2415 1196 2450 judicabil.
1210 2415 1242 2442 Et
1252 2416 1383 2442 concident
1397 2416 1497 2451 gladios
1506 2423 1564 2442 suos
1575 2416 1601 2442 in
1611 2421 1708 2448 aratra,
1719 2419 1742 2442 et
1755 2415 1856 2442 lanceas

1063 2470 1122 2489 suae
1143 2462 1170 2489 in
1192 2454 1280 2497 falces.
1307 2461 1341 2488 Et
1364 2454 1414 2489 non
1437 2456 1542 2496 accipiet
1564 2455 1626 2497 gens
1646 2466 1735 2488 contra
1758 2465 1856 2497 gentem

1063 2508 1187 2543 gladium.
1204 2513 1227 2535 et
1240 2517 1292 2536 non
1306 2509 1374 2536 ultra
1395 2509 1490 2536 discent
1503 2503 1616 2544 prwliari
1631 2508 1720 2544 (Joan.
1735 2508 1779 2536 12.
1797 2508 1854 2542 48).

1063 2553 1122 2581 Non
1135 2555 1201 2582 satis
1212 2553 1286 2582 fuere
1300 2555 1437 2590 propheta:
1452 2554 1539 2589 priora
1562 2554 1648 2589 signa.
1662 2554 1743 2581 Multa
1758 2554 1857 2589 quippe

1063 2604 1106 2627 est
1118 2600 1237 2628 veritatis
1260 2600 1382 2628 facultas.
1395 2600 1457 2627 Ideo
1471 2600 1542 2627 aliud
1564 2600 1652 2634 posuit
1673 2599 1739 2627 Novi
1761 2599 1856 2627 Testa-

1062 2647 1145 2674 menti
1160 2646 1287 2674 indicium
1300 2654 1348 2682 per
1361 2639 1445 2674 totum
1458 2640 1550 2674 orbem
1564 2645 1706 2681 refulgens.
1717 2645 1857 2680 Quodnam

1095 2736 1104 2750 ³
1121 2737 1193 2758 Juxta
1202 2733 1322 2763 Savilium,
1335 2733 1422 2759 melius
1441 2732 1548 2789 legetur,
1571 2732 1731 2769 adrjudicem
1745 2730 1857 2769 pertinet,

1098 2771 1145 2789 am.
1158 2765 1191 2789 ad
1203 2765 1279 2789 leuem
1290 2764 1400 2789 pertinet.
1412 2765 1457 2789 sed
1507 2764 1579 2789 nullis
1589 2770 1643 2789 Slve
1658 2767 1712 2788 Mss.
1731 2770 1784 2788 stre
1796 2763 1857 2788 ﬁdit.

1062 2770 1145 2796 quam,
1158 2765 1191 2789 ad
1203 2765 1279 2797 legem
1290 2764 1400 2796 pertinet,
1412 2765 1457 2789 sed
1468 2763 1494 2789 in
1507 2764 1579 2789 nullis
1589 2764 1643 2789 sive
1658 2767 1712 2788 Mss.
1731 2763 1784 2788 sive
1796 2763 1857 2788 ﬁdit.

1062 2796 1128 2820 orior
1139 2795 1240 2820 all‘ertur
1252 2795 1333 2820 lectio.

1062 2802 1128 2827 prior
1139 2802 1240 2820 auertur
1252 2802 1333 2820 tecuo.

1093 2826 1130 2882 (:1)
1148 2827 1190 2850 Hic
1201 2826 1264 2851 forte
1277 2827 1388 2852 videatur
1399 2825 1542 2858 legendum,
1554 2825 1611 2858 quin
1622 2824 1775 2861 intergontcs
1789 2823 1857 2880 {udi-

1062 2863 1092 2882 ca
1135 2863 1144 2882 :
1155 2864 1209 2882 nam
1221 2863 1276 2882 uuae
1287 2861 1423 2882 sequuntur
1434 2857 1464 2881 ad
1476 2857 1561 2881 horum
1575 2856 1763 2882 exnhcattonem
1775 2862 1789 2880 a
1801 2856 1857 2882 lata.

1062 2856 1564 2899 ﬁ‘l‘li‘iEaﬂﬂ‘laff‘iﬂi'ﬂ’iﬁ‘lfi‘ii‘ﬂ'lj
1574 2856 1858 2899 f3!1'ifii‘f?l'°.'l‘.‘.‘.'f.‘?'

1063 2888 1170 2912 futurum
1191 2887 1294 2919 teuipus‘
1305 2887 1426 2918 iudicant;
1438 2887 1482 2913 sed
1503 2889 1557 2913 sine
1573 2887 1716 2913 auctoritate
1727 2889 1857 2919 exempla-

1065 2918 1129 2943 rium
1138 2918 1199 2943 nihil
1207 2922 1300 2945 mutare
1311 2918 1437 2944 audemus.
