2068 3130
165 215 198 243 53
809 211 841 239 IN
855 209 978 242 lSAlAM,
999 209 1075 240 CAP.
1095 210 1127 240 ll.
1761 212 1795 241 54

162 274 226 304 illud
239 276 301 304 est?
328 275 385 303 Pax
409 280 436 303 et
457 274 587 303 bellorum
601 272 748 308 abrogatio.
763 270 875 306 Quando
898 269 955 297 haec

162 322 334 357 contingent,
351 321 456 357 inquit,
477 325 549 348 tanta
572 319 665 347 orbem
690 319 804 353 excipiet
826 316 955 351 tranquil-

163 369 232 400 litas.
257 373 286 396 ut
308 369 391 395 etiam
411 367 504 395 bellica
525 374 598 394 arma
621 366 648 392 in
669 364 836 400 agriculturaa
858 363 957 390 instru-

163 418 252 442 menta
265 414 416 442 cudantur:
431 413 500 448 quod
516 413 541 439 in
561 411 714 440 Judaeorum
736 408 899 444 temporibus
910 415 956 434 ac-

162 461 259 488 cidisse
272 467 328 487 non
342 459 492 494 comperies
507 468 513 486 :
530 457 584 484 imo
596 465 639 484 res
653 457 678 483 in
699 455 861 483 contrarium
881 453 955 481 abiit.

163 505 221 533 Non
234 509 374 533 cessarunt
383 504 454 532 enim
470 511 515 538 per
526 507 610 530 totum
621 501 772 536 reipublicae
783 507 837 527 sua:
853 504 957 533 tempus

165 552 232 580 bella
257 552 355 579 inferre
381 556 409 579 et
431 546 508 578 b'ellis
534 549 636 584 impeti,
652 547 774 575 hostibus
798 547 857 574 illos
876 545 957 572 modo

163 598 274 630 diutius,
286 597 367 625 modo
386 597 525 624 remissius
547 594 742 622 invadentibus.
764 593 870 620 Etenim
884 591 929 627 qui
942 598 957 619 θ

165 645 253 672 vicino
268 644 433 676 habitabant,
444 643 496 670 imo
510 643 589 669 etiam
602 641 646 676 qui
660 640 687 668 in
702 640 854 672 Palazstina,
867 638 957 674 gravia

164 691 230 725 ipsis
255 697 325 725 saepe
347 689 453 725 negotia
476 687 654 721 facessebant,
673 687 709 715 ita
733 691 763 714 ut
784 685 817 714 de
831 684 957 713 extremis

165 737 388 772 periclitarentur.

133 816 136 819 _
200 783 227 810 5.
248 782 282 809 Et
296 782 353 809 ham
367 780 506 816 perspicue
520 778 638 806 declarat
655 777 807 813 Regnorum
821 776 930 803 historia
945 795 955 810 ,

165 833 220 855 tuta
234 827 312 855 bellis
325 830 468 854 contexta:
480 824 624 853 ostendunt
633 824 695 851 item
707 822 842 858 prophetat
852 829 955 855 omnes,

164 875 212 909 qui
226 874 282 900 hate
292 878 364 908 gesta
383 872 541 904 narrabant,
565 875 593 898 et
615 873 756 905 antequam
779 868 873 896 ﬁerent
887 875 957 903 pra:-

166 920 324 948 nuntiabant
338 927 345 946 :
361 924 389 946 et
401 927 436 946 ex
450 918 508 950 illa,
535 923 562 945 ut
579 918 614 945 ita
627 916 712 944 dicam
724 938 733 949 ,
754 916 797 944 die
809 924 859 951 qua
873 915 957 950 erepti

165 971 272 994 suntex
285 965 393 1002 λεπριὶ
408 963 557 1001 tyrannide,
566 968 648 992 totam
657 964 739 990 vitam
748 962 774 990 in
785 962 862 990 bellis
872 965 958 989 trans-

165 1016 288 1048 egerunt.
539 1013 541 1015 '

204 1059 310 1094 Imperii
317 1063 397 1086 status
407 1066 464 1085 cum
478 1057 668 1093 Chrysostomns
679 1057 829 1090 loqueretur.
843 1055 882 1082 De
894 1055 958 1082 bello

166 1107 238 1142 apud
257 1105 364 1140 populos
386 1105 552 1139 antiquiores.
566 1119 602 1124 —-
613 1103 709 1131 Verum
729 1110 798 1130 nunc
813 1110 864 1129 non
880 1102 915 1128 ita
929 1109 958 1129 se

167 1160 212 1179 res
236 1152 337 1179 habet:
354 1151 401 1178 sed
423 1157 518 1185 magna
538 1157 589 1185 pax
609 1157 656 1184 per
677 1150 779 1177 orbem.
794 1149 828 1176 Et
849 1148 870 1175 si
890 1148 958 1175 bella

152 1214 154 1216 -
167 1198 290 1233 quaedam
305 1198 427 1225 oriuntur
438 1217 446 1230 ,
461 1203 514 1224 non
527 1196 638 1231 perinde
653 1199 680 1222 ut
698 1196 780 1230 prius.
801 1195 875 1221 Tunc
887 1195 958 1221 enim

168 1246 290 1273 civitates
306 1248 397 1271 contra
411 1243 531 1270 civitates
543 1263 552 1276 ,
573 1241 695 1276 regiones
708 1246 799 1268 contra
818 1241 956 1276 regiones,

167 1291 258 1326 populi
271 1295 364 1318 contra
375 1289 488 1324 populos
498 1288 675 1323 conﬂigebant
689 1296 696 1314 :
711 1295 775 1323 gens
789 1295 841 1314 una
851 1287 877 1314 in
890 1286 959 1314 mul-

168 1343 209 1365 tas
222 1341 313 1372 partes
325 1335 505 1363 scindebatur.
517 1335 556 1361 Ac
566 1335 588 1362 si
599 1334 660 1370 quis
674 1334 770 1361 librum
781 1334 861 1361 Josue
874 1338 900 1362 et
911 1334 959 1361 Ju-

167 1384 257 1410 dicnm
270 1382 372 1417 legerit,
389 1381 456 1408 sciet
468 1384 532 1415 quot
547 1381 614 1407 bella
633 1379 774 1407 Palaestina
796 1379 868 1407 brevi
892 1384 960 1406 tem-

169 1436 234 1463 pore
247 1427 405 1462 susceperit.
419 1426 510 1461 Neque
522 1426 546 1452 id
560 1426 645 1452 solum
659 1425 819 1453 incommodi
831 1430 898 1458 erat,
914 1426 960 1453 sed

168 1473 239 1509 quod
252 1473 293 1500 lex
309 1480 401 1500 omnes
415 1479 488 1498 arma
501 1478 606 1498 sumere
618 1470 724 1505 juberet
735 1491 743 1503 ,
763 1478 895 1505 nemoque
910 1471 961 1498 im~

169 1519 259 1547 munis
272 1523 342 1547 esset
357 1525 371 1544 a
386 1517 430 1544 tali
442 1516 539 1544 oflicio.
553 1515 644 1552 Neque
658 1520 758 1543 tantum
772 1516 842 1550 apud
855 1516 962 1544 Judrcos

170 1566 228 1593 hate
242 1565 284 1592 lex
298 1564 456 1595 invaluerat,
472 1563 517 1590 sed
531 1569 558 1590 et
569 1563 666 1598 ubique
682 1567 829 1590 terrarum:
843 1563 962 1598 quando-

169 1611 278 1645 quidem
296 1615 323 1638 et
344 1610 466 1637 rhetores
487 1613 514 1636 et
533 1608 701 1644 philosophi,
723 1609 768 1644 qui
787 1609 852 1636 nihil
866 1613 962 1643 praeter

170 1657 285 1684 abollam
300 1656 447 1689 habebant,
467 1655 499 1682 ad
513 1655 609 1683 bellum
625 1655 758 1688 accersiti,
771 1656 892 1690 elvpeum
907 1660 962 1682 tra-

170 1703 294 1735 ctabant,
309 1708 336 1730 et
348 1703 374 1729 in
390 1703 446 1729 acie
460 1702 573 1729 stabant.
589 1701 655 1728 Nam
676 1701 803 1729 Socrates
816 1701 963 1736 Sophroni-
976 1696 979 1698 ’

171 1750 210 1776 sci
225 1749 305 1781 filius,
321 1748 365 1783 qui
379 1747 414 1775 ob
422 1747 483 1774 vita:
497 1747 714 1782 tranquillitatem
727 1751 754 1774 et
769 1747 962 1782 philosophiam

171 1796 243 1831 apud
265 1795 443 1822 Athenienses
462 1794 576 1821 maxime
598 1793 728 1825 florebat,
743 1793 826 1820 semel
841 1800 867 1821 et
883 1794 923 1821 bis
936 1794 963 1821 in

172 1843 230 1869 acie
248 1842 320 1869 stetit
333 1840 395 1876 (o).
420 1840 454 1867 Et
469 1840 604 1867 rhetorum
619 1839 688 1874 apud
702 1839 761 1866 illos
775 1839 897 1874 princeps
913 1841 964 1867 De-

173 1888 328 1916 mosthenes
339 1895 372 1914 ex
385 1892 510 1922 suggestu
525 1886 558 1913 ad
573 1886 672 1913 bellum
684 1893 755 1920 saepe
767 1886 873 1920 prodiit.
888 1886 964 1921 Quod

173 1933 196 1961 si
212 1933 335 1960 rhetores
345 1937 370 1959 et
384 1932 557 1967 philosophos
571 1931 642 1959 nulla
654 1932 696 1959 lex
710 1932 842 1959 eximebat
855 1940 869 1959 a
883 1933 964 1967 bello,

172 1979 216 2007 vix
231 1979 290 2015 quis
305 1980 372 2006 alius
386 1986 402 2006 e
417 1978 513 2013 populo
526 1978 570 2005 tali
585 1977 748 2005 immunitate
769 1978 910 2013 gaudebat.
931 1979 966 2005 At

174 2026 242 2054 nihil
266 2025 361 2052 horum
373 2025 428 2059 jam
443 2024 598 2058 conspicere
617 2027 667 2051 est.
688 2023 819 2057 Quoniam
839 2024 909 2051 enim
924 2024 965 2051 sol

172 2072 281 2107 justitia)
295 2071 407 2103 refulsit,
423 2078 454 2098 ac
468 2071 597 2103 civitates,
616 2070 703 2104 populi
718 2075 744 2097 et
755 2075 849 2105 gentes
861 2077 964 2103 omnes,

176 2123 278 2146 tantum
299 2118 374 2145 abest
395 2121 423 2143 ut
437 2117 462 2143 in
478 2115 573 2143 talibus
586 2115 709 2150 periculis
723 2115 822 2148 vivant,
838 2120 866 2143 ut
880 2124 967 2151 neque

176 2165 271 2192 bellica
281 2171 355 2191 arma
371 2167 485 2190 tractare
496 2162 590 2194 sciant,
602 2161 649 2188 sed
658 2161 725 2188 intra
741 2161 821 2189 urbes
834 2165 861 2189 et
876 2169 966 2188 muros

133 2224 136 2226 ·
177 2211 313 2243 sedentes,
329 2210 396 2237 bella
407 2208 501 2244 procul
514 2213 588 2243 gesta
602 2207 709 2234 audiant
723 2209 824 2235 narrari
840 2207 966 2242 (Malaclt.

178 2259 204 2284 4.
218 2257 248 2291 2)
261 2265 268 2288 ;
283 2260 404 2290 totusque
415 2255 529 2289 populus
542 2254 569 2281 in
585 2254 706 2281 libertate
720 2253 798 2287 vivat,
815 2259 841 2282 et
854 2254 880 2281 in
894 2262 969 2282 acer-

178 2304 204 2331 bi
221 2303 300 2338 hujus
314 2301 452 2329 ministerii
469 2299 643 2327 immmlitate.
660 2299 737 2334 Quod
749 2300 772 2327 si
786 2299 883 2327 alicubi
899 2308 968 2328 nunc

179 2349 248 2376 bella
261 2352 401 2383 gerantur,
417 2354 448 2374 ea
462 2345 554 2381 procul
566 2349 627 2372 sunt
640 2349 669 2372 et
682 2345 707 2371 in
719 2345 847 2372 extremis
864 2346 968 2380 imperii

179 2394 292 2422 Romani
305 2393 443 2425 limitibus,
455 2400 508 2419 non
520 2399 566 2426 per
578 2391 695 2427 singulas
706 2392 785 2419 urbes
795 2397 822 2419 et
835 2393 967 2427 regiones,

180 2447 208 2469 ut
220 2441 295 2468 olim.
320 2440 396 2467 Tunc
409 2439 478 2467 enim
491 2459 499 2472 ,
524 2443 554 2466 ut
565 2438 620 2473 jam
642 2438 718 2470 dixi,
734 2438 775 2465 vel
789 2440 814 2466 in
829 2446 880 2465 una
890 2444 970 2474 gente

181 2489 326 2515 innumera:
338 2493 409 2520 saepe
424 2484 568 2512 seditiones
580 2484 744 2516 oriebantur,
755 2488 782 2511 et
796 2484 900 2512 diversa
914 2485 970 2512 bel-

181 2535 204 2561 la
218 2543 225 2560 :
240 2541 310 2560 nunc
321 2537 410 2559 autem
423 2535 548 2565 quantum
565 2535 642 2557 terra:
655 2531 768 2564 spatium
781 2530 821 2557 sol
835 2531 943 2565 respicit
954 2538 971 2558 a

181 2580 287 2615 Tigride
302 2586 385 2613 usque
397 2577 432 2604 ad
447 2576 612 2604 Britannicas
629 2576 729 2604 insulas
739 2598 746 2610 ,
769 2577 825 2612 ipsa
850 2581 904 2605 tota
915 2597 923 2610 ,
944 2582 972 2605 et

182 2635 242 2655 cum
258 2627 302 2653 illa
316 2625 415 2656 Africa,
430 2623 561 2659 Egyptus
575 2628 602 2650 et
615 2630 681 2658 gens
691 2623 902 2655 Palaestinorum,
918 2623 971 2650 imo

182 2672 367 2708 quodcumque
379 2671 499 2698 Romano
512 2670 625 2705 imperio
635 2669 765 2704 subjacet,
778 2670 804 2697 in
814 2678 877 2705 pace
888 2670 970 2706 degit.

214 2760 249 2789 (ιι)
259 2758 324 2788 Quod
337 2757 378 2781 hic
388 2755 475 2789 dicitur
484 2755 516 2789 de
527 2759 623 2789 secrete
631 2756 665 2789 ad,
672 2755 765 2789 bellum
776 2755 974 2789 exeuntehabes

183 2785 247 2821 apud
262 2785 416 2813 rlutarchum
438 2788 463 2811 in
482 2785 623 2817 Alcibiade;
644 2787 763 2821 ubi__‘il_le_
777 2786 973 2821 philosophorum

184 2818 410 2852 princepsstronue
419 2823 542 2852 pugnasse
554 2822 672 2852 narratur.
684 2818 746 2852 Vide
759 2818 817 2842 item
831 2818 854 2842 in
867 2818 974 2852 Diogene

184 2847 281 2881 inertio,
293 2850 337 2874 lib.
347 2850 371 2875 2.
384 2847 429 2883 ubi
438 2847 464 2873 et
474 2847 610 2883 Amphipoli
621 2853 647 2873 et
658 2849 768 2883 Potidaea;
779 2855 899 2883 pugnasse
913 2848 974 2883 dici-

184 2887 230 2907 tur.
243 2879 280 2906 De
288 2880 456 2905 Demosthene
475 2879 555 2911 etiam,
573 2883 600 2911 ut
615 2886 662 2904 non
677 2881 828 2911 adﬂpugnatn
846 2879 975 2904 admodum

185 2917 293 2939 strenuo.
303 2911 471 2936 testimonium
482 2909 598 2934 Plutarchi
611 2911 635 2934 in
645 2911 697 2942 ejus
704 2909 853 2942 Vita‘habes,
861 2911 886 2935 in
896 2916 975 2942 pugna

185 2945 280 2970 scilicet
289 2943 320 2967 ad
327 2942 494 2968 Chaeroneam.

1008 267 1088 296 Scitis
1106 273 1194 297 autem
1212 277 1305 298 omnes
1325 270 1405 299 urbes
1427 271 1504 306 plena
1523 271 1573 301 frui
1590 272 1797 308 tranquillitate,

1008 315 1066 342 solo
1078 315 1169 343 auditu
1182 316 1251 344 bella
1264 316 1388 344 scientes.
1401 317 1509 345 Poterat
1521 322 1594 345 certe
1607 317 1726 346 Christus
1740 318 1797 346 bel-

1010 361 1094 388 lorum
1107 361 1231 397 reliquias
1248 363 1350 395 tollere.
1362 363 1408 390 sed
1423 363 1543 397 permisit
1554 364 1587 391 ad
1599 364 1798 399 castigationem

1010 407 1166 442 ignavorum
1178 428 1186 441 ,
1203 408 1247 443 qui
1263 409 1334 442 pacis
1347 409 1486 436 occasione
1500 409 1636 444 segniores
1651 410 1794 443 evaserint,

1009 458 1038 480 ut
1046 452 1217 480 barbarorum
1227 454 1312 481 adhuc
1322 455 1485 482 incursiones
1495 458 1594 482 essent.
1605 455 1736 490 Propheta
1746 463 1804 482 cer-

1009 503 1036 526 te
1049 499 1080 526 iis
1095 500 1139 534 qui
1151 500 1232 536 probe
1246 500 1394 535 intelligere
1409 504 1519 535 possent
1531 500 1556 527 id
1569 500 1756 533 subindicavit,
1772 505 1798 528 ut

1010 545 1073 578 dixi,
1091 553 1143 572 non
1160 546 1228 573 ultra
1244 546 1300 573 fore
1314 545 1371 573 illas
1391 546 1542 582 frequentes
1555 545 1606 581 (a)
1627 546 1798 581 irruptiones.

1009 591 1066 618 Non
1079 591 1150 619 enim
1164 592 1249 624 dixit,
1266 591 1325 619 Non
1339 593 1390 620 erit
1403 592 1511 624 omnino
1524 593 1639 625 bellum;
1657 592 1705 620 sed
1717 592 1801 628 quid?

1010 636 1071 663 Non
1085 637 1189 672 accipiet
1201 646 1261 672 gens
1275 642 1363 664 contra
1374 642 1472 673 gentem
1485 638 1599 674 gladium
1607 647 1617 672 ;
1639 642 1665 665 et
1687 638 1800 674 populo-

1009 690 1066 710 rum
1079 683 1229 710 libertatem
1242 683 1339 717 adjecit
1359 684 1466 717 dicens,
1490 683 1551 711 Non
1572 684 1667 711 discent
1691 684 1801 718 amplius

1009 729 1120 765 prwliari
1133 750 1140 761 ,
1160 729 1317 764 quibusdam
1332 730 1450 765 exceptis
1463 730 1591 757 militibus
1604 730 1638 757 ad
1651 730 1701 758 hoc
1715 729 1800 757 desti-

1009 775 1088 802 natis.
1104 775 1131 803 5.
1145 775 1178 801 Et
1189 782 1257 802 nunc
1267 780 1304 807 tu,
1325 775 1414 802 domus
1425 775 1504 802 Jacob
1514 796 1521 808 ,
1538 776 1632 808 venite,
1649 781 1673 803 et
1687 775 1801 803 ambule-

1008 828 1064 846 mus
1074 820 1100 846 in
1114 820 1209 847 lumine
1217 819 1330 847 Domini.
1344 820 1371 847 6.
1384 820 1486 848 Dimisit
1495 821 1561 848 enim
1575 822 1699 857 populum
1712 829 1797 854 suum,

1009 866 1111 892 domum
1130 865 1221 892 Iacob.
1247 867 1389 902 Prophetia
1407 866 1442 895 de
1457 867 1576 895 Ecclesia
1588 868 1644 902 jam
1658 867 1778 895 absoluta
1791 888 1800 901 ,

1009 919 1100 939 rursus
1112 911 1146 939 ad
1160 911 1298 939 historiam
1311 913 1424 946 transit,
1451 913 1526 948 quasi
1544 913 1686 941 verborum
1705 913 1802 940 seriem

1009 965 1158 985 resumens.
1183 957 1257 985 Talis
1267 958 1338 986 enim
1353 958 1404 986 illis
1418 965 1477 985 mos
1495 962 1572 992 erat,
1596 966 1649 985 non
1669 958 1802 986 dictorum

1010 1005 1134 1033 firmitate
1148 1005 1187 1041 (b)
1202 1010 1312 1039 tantum,
1327 1005 1374 1033 sed
1385 1006 1465 1033 etiam
1481 1005 1559 1033 seriei
1570 1005 1674 1033 ratione
1687 1005 1803 1040 prophe-

1009 1052 1072 1079 tiam
1092 1051 1262 1079 adumbrare.
1282 1052 1450 1087 Quapropter
1469 1059 1521 1079 non
1542 1051 1693 1078 asbolutum
1709 1052 1800 1085 explet

1009 1104 1170 1130 sermonem,
1185 1097 1232 1124 sed
1247 1097 1321 1131 quasi
1331 1097 1446 1131 aliquam
1461 1097 1547 1124 trahat
1562 1101 1700 1130 catenam,
1716 1097 1754 1123 sic
1767 1096 1801 1124 ad

1010 1143 1162 1171 Judteorum
1178 1143 1385 1170 admonitionem
1405 1151 1509 1170 rursum
1530 1144 1641 1176 transit,
1657 1148 1683 1170 et
1697 1144 1735 1170 ait
1748 1153 1755 1171 :
1768 1143 1805 1170 Et

1010 1197 1077 1215 nunc
1089 1193 1126 1221 tu,
1141 1191 1230 1214 domus
1240 1187 1320 1214 Iacob
1330 1210 1337 1220 ,
1352 1188 1447 1222 uenite,
1460 1193 1483 1215 et
1498 1188 1651 1214 ambulemus
1664 1188 1689 1214 in
1710 1188 1804 1215 tantine

1010 1234 1135 1265 Domini;
1150 1233 1175 1260 id
1190 1239 1241 1267 est,
1258 1234 1282 1260 in
1297 1234 1436 1268 prarceptis
1451 1233 1519 1268 ejus,
1534 1234 1561 1260 in
1577 1233 1634 1268 lege
1645 1235 1702 1268 ejus
1718 1243 1725 1261 :
1741 1241 1801 1261 nam

1011 1279 1171 1313 Praeceptum
1186 1278 1247 1314 legis
1261 1285 1298 1306 est
1312 1278 1424 1312 lucerna,
1436 1285 1460 1306 et
1473 1280 1518 1306 lux
1531 1284 1554 1306 et
1568 1280 1629 1313 vita,
1642 1279 1804 1315 reprehensio

1010 1330 1034 1353 et
1047 1325 1182 1361 disciplina
1204 1325 1301 1360 (Prov.
1324 1326 1350 1352 6.
1373 1325 1442 1361 25);
1467 1325 1602 1360 Davidque
1624 1333 1729 1353 rursum
1744 1326 1803 1352 ait:

1013 1371 1171 1406 Prteceptum
1185 1371 1290 1398 Domini
1308 1371 1419 1398 Incidunt
1432 1392 1438 1405 ,
1455 1371 1602 1399 illuminant
1617 1372 1702 1399 oculos
1712 1373 1721 1407 (
1731 1372 1804 1399 Psal.

1012 1418 1056 1445 l8.
1068 1416 1103 1452 9)
1116 1425 1123 1451 ;
1140 1422 1183 1450 et,
1198 1417 1313 1444 Lucerna
1324 1417 1427 1452 pedibus
1441 1419 1500 1444 uicis
1512 1418 1553 1444 lea:
1567 1422 1622 1451 tua,
1635 1422 1657 1444 et
1670 1418 1755 1444 lumen
1764 1426 1804 1443 se—

1012 1464 1078 1491 mitis
1093 1464 1154 1491 meis
1173 1463 1264 1499 (Psal.
1280 1464 1341 1491 “8.
1358 1464 1435 1499 105).
1454 1464 1485 1490 Et
1501 1463 1596 1498 ubique
1610 1463 1694 1498 legem
1709 1464 1744 1490 ita
1755 1471 1804 1490 vo-

1012 1510 1066 1537 cari
1089 1509 1243 1544 perspicias.
1265 1509 1309 1536 Sic
1326 1514 1353 1536 et
1374 1509 1470 1536 Paulus
1489 1509 1527 1535 ait
1544 1518 1552 1535 :
1567 1507 1679 1542 Conﬁdis
1698 1508 1805 1542 (ripa-um

1012 1564 1066 1583 esse
1077 1556 1165 1582 ducent
1178 1563 1312 1588 auorum,
1327 1555 1411 1581 lumen
1423 1562 1509 1581 eorum
1523 1554 1566 1588 qui
1579 1554 1605 1580 in
1619 1552 1724 1580 tenebris
1736 1558 1806 1583 sunt,

1013 1602 1164 1629 eruditorem
1181 1601 1352 1635 insipientium
1366 1601 1374 1635 (
1388 1599 1463 1626 Rom.
1479 1599 1507 1626 2.
1522 1598 1565 1625 l9.
1577 1598 1643 1634 20).
1661 1597 1719 1625 Non
1734 1598 1805 1625 enim

1013 1649 1049 1676 ita
1064 1648 1166 1676 solares
1180 1648 1247 1675 radii
1263 1653 1406 1681 corporeus
1421 1650 1527 1673 nostros
1537 1645 1631 1672 oculos
1643 1649 1737 1680 regunt
1747 1665 1755 1678 ,
1777 1650 1804 1672 ut

1014 1699 1146 1730 praecepta
1161 1694 1226 1729 legis
1238 1693 1333 1720 animat
1346 1691 1437 1722 oculos
1452 1691 1593 1718 illustrant.

1050 1741 1075 1769 6.
1084 1739 1216 1775 Propheta
1230 1739 1308 1773 igitur
1316 1742 1345 1765 ut
1352 1737 1476 1765 ostendat
1484 1737 1563 1764 etiam
1577 1741 1638 1763 ante
1650 1735 1801 1771 praemium,

1015 1791 1042 1816 et
1061 1791 1125 1814 ante
1140 1785 1302 1818 mercedem,
1317 1788 1460 1819 praecepta,
1475 1783 1538 1810 dum
1558 1782 1712 1817 implentur,
1727 1788 1804 1808 suam

1015 1833 1111 1861 afferre
1126 1832 1288 1864 mercedem,
1305 1831 1394 1858 lumen
1411 1830 1467 1864 ipsa
1487 1829 1604 1856 vocavit.
1628 1827 1807 1862 Quemadmo-

1015 1881 1079 1908 dum
1087 1880 1158 1907 euim
1166 1879 1269 1911 oculus,
1281 1878 1343 1905 dum
1356 1877 1531 1909 illuminatur,
1542 1875 1646 1902 lucrum
1660 1874 1742 1901 rel'ert
1752 1882 1757 1899 :
1768 1873 1807 1900 sic

1016 1931 1044 1955 et
1058 1926 1157 1958 anima,
1172 1932 1232 1952 cum
1255 1923 1306 1958 legi
1329 1923 1514 1957 obtemperat,
1528 1921 1673 1948 maximum
1693 1919 1807 1946 fructum

1017 1973 1123 2008 accipit,
1140 1975 1285 2007 expurgata
1297 1974 1324 1997 et
1334 1977 1349 1997 a
1362 1968 1480 2004 nequitia
1491 1967 1614 2000 liberata,
1630 1971 1657 1993 et
1672 1965 1705 1992 ad
1723 1965 1807 1999 ipsam

1017 2019 1166 2048 ascendens
1197 2018 1321 2045 virtutem
1346 2025 1354 2044 :
1381 2013 1605 2050 quemadmodum
1634 2020 1650 2040 ε
1673 2011 1808 2039 contrario

1018 2066 1236 2102 praevaricatores
1246 2068 1308 2090 ante
1317 2061 1474 2096 supplicium
1491 2061 1517 2086 in
1531 2060 1587 2094 ipsa
1597 2056 1809 2093 transgressione

1020 2101 1112 2148 pcenas
1127 2111 1210 2144 dant,
1225 2108 1420 2143 miserioreque
1433 2105 1589 2133 conditione
1603 2109 1681 2136 sunt,
1695 2110 1775 2137 quam
1790 2101 1809 2128 ii

1018 2160 1062 2195 qui
1075 2158 1170 2186 sedent
1181 2158 1206 2184 in
1221 2155 1351 2188 tenebris,
1367 2155 1473 2186 timore,
1486 2157 1603 2188 tremore
1613 2154 1641 2178 et
1654 2149 1722 2176 mala
1744 2155 1810 2175 one-

1019 2205 1069 2233 rati
1084 2204 1263 2235 conscientia,
1280 2202 1306 2230 in
1331 2200 1443 2229 meridie
1456 2199 1537 2227 etiam
1561 2197 1596 2224 ab
1613 2195 1738 2224 omnibus
1752 2202 1810 2221 me-

1020 2257 1125 2280 tuentes
1149 2256 1176 2279 et
1198 2254 1355 2282 trementes,
1376 2248 1433 2275 sive
1453 2245 1570 2274 consciis
1592 2243 1658 2276 sibi,
1677 2242 1734 2270 sive
1755 2249 1810 2268 non

1020 2299 1146 2327 consciis.
1160 2297 1262 2324 Dimisit
1277 2297 1344 2323 enim
1363 2294 1485 2330 populant
1499 2299 1583 2324 suum,
1597 2290 1700 2317 domum
1718 2287 1810 2320 Iacob,

1021 2346 1047 2374 id
1058 2350 1108 2378 est,
1125 2345 1204 2377 sivit,
1220 2343 1331 2375 dimisit,
1346 2340 1516 2375 contempsit,
1531 2344 1631 2373 suaque
1644 2335 1810 2371 providentia

1021 2392 1159 2428 spoliavit.
1172 2390 1273 2418 Deinde
1289 2390 1320 2417 iis
1335 2385 1541 2423 perlerrefactis,
1559 2390 1667 2412 causam
1682 2381 1770 2413 aﬁ'ert,
1783 2385 1812 2407 nt

1022 2439 1060 2466 illi
1074 2443 1149 2473 gesta
1164 2444 1212 2464 sua
1231 2434 1385 2464 emendent.
1402 2433 1466 2467 Quae
1484 2431 1564 2466 igitur
1577 2436 1656 2457 causa
1670 2428 1731 2456 est?
1746 2427 1812 2461 Quia

1021 2486 1125 2521 impleta
1138 2487 1174 2511 est
1194 2487 1258 2509 terra
1273 2488 1358 2508 eorum
1372 2478 1501 2513 auguriis,
1519 2480 1546 2503 ut
1573 2480 1639 2503 terra
1659 2473 1812 2508 alienigena-

1022 2517 1089 2559 ruin.
1107 2530 1183 2558 Prius
1208 2528 1270 2556 illos
1294 2527 1328 2554 de
1349 2523 1523 2559 cauponaria,
1539 2521 1572 2548 de
1595 2519 1707 2547 avaritia
1729 2523 1757 2545 et
1779 2517 1814 2544 de

1023 2578 1161 2605 viduarum
1185 2577 1339 2608 contemptu
1361 2569 1504 2598 accusabat
1519 2578 1525 2596 :
1541 2567 1585 2594 hic
1599 2574 1663 2594 vero
1687 2565 1752 2600 ipsis
1767 2571 1813 2591 ex-

1055 2658 1093 2689 (u)
1100 2656 1128 2681 ln
1137 2658 1226 2689 Graeco,
1234 2655 1259 2677 δι’
1271 2652 1418 2689 nimium
1430 2645 1497 2676 illud,
1504 2649 1529 2671 δι’

1024 2675 1094 2714 πηόὃό
1103 2675 1313 2715 ’ξὶιῐέῇἑςῖἰόὸδεεζ
1334 2684 1438 2715 statim
1453 2685 1523 2712 κράνενι
1532 2675 1670 2715 mffﬁi’i“
1678 2676 1815 2715 li’l‘E‘ZCEfZIE

1024 2706 1323 2749 iiﬁbfé‘éﬁ'ﬁ‘éipienier';
1335 2711 1384 2749 vel,
1393 2706 1417 2735 δὲ
1428 2706 1815 2749 inlisu;:iutelli‘gat'tn‘lnpeﬁﬁqtzqs

1305 2735 1440 2777 urbes,.per
1451 2735 1547 2774 urbiunt
1564 2735 1814 2778 factiones;

1223 2769 1351 2800 illlaluimus
1362 2769 1466 2813 priorem
1475 2770 1546 2801 sequi
1560 2769 1716 2804 sententiam.
1729 2769 1815 2794 Quam-

1124 2811 1130 2813 ”
1200 2808 1210 2813 "
1237 2811 1241 2813 >
1279 2810 1345 2813 μμ·-
1371 2809 1416 2813 --ςη
1428 2802 1518 2813 »ηαξ-η
1532 2799 1647 2813 anno...
1670 2796 1762 2813 νοηπη
1774 2800 1815 2813 ..με

1025 2796 1348 2845 HLZEiﬁtEiB'i'oiigééhsa
1363 2796 1521 2834 haecpossini
1532 2798 1658 2831 explicari.
1670 2796 1764 2822 Verum
1774 2800 1817 2819 res

1134 2842 1142 2865 i
1152 2837 1276 2864 momenti.

1028 2848 1066 2870 est
1071 2849 1142 2898 Fr“
1152 2848 1266 2864 momenti
1271 2854 1276 2860 .

1061 2877 1070 2906 (
1087 2876 1096 2903 >
1112 2872 1215 2906 Menses
1226 2857 1816 2906 tegeaeae.rem}:tifft’l%£€;.t:°z.fif’rt‘ﬂfg

1029 2907 1054 2932 Id
1061 2891 1233 2930 illlam—1.5
1241 2891 1298 2924 esse
1309 2891 1415 2923 videtur.
1427 2891 1473 2920 sed
1480 2895 1534 2919 sine
1546 2891 1658 2917 Codicum
1672 2891 1818 2916 auctoritate

1029 2937 1087 2963 nihil
1099 2938 1226 2960 mutamus.
