2068 3130
232 214 267 244 5'5
615 209 643 236 S.
660 206 797 236 JOANNIS
815 203 1054 234 CHRYSOSTOMI
1073 203 1231 232 ARCHIEP.
1252 201 1518 230 CONSTANTINOP.
1833 202 1867 230 36

232 269 340 308 proin-at
352 275 433 305 prava
448 267 584 303 dogmata,
598 270 626 293 et
638 265 783 300 impietatis
802 264 945 298 reliquias,
962 269 1021 297 qua:

231 315 358 351 paulatim
374 315 448 350 ipsos
461 313 494 342 ad
508 313 662 341 daemonum
675 318 820 338 erroneum
841 309 942 337 cultum
962 316 1023 344 per-

231 361 383 389 trahebant.
399 359 459 388 Mox
482 359 544 386 illos
558 359 706 390 incessens,
723 363 776 383 non
795 355 875 382 modo
890 354 956 381 dicit
976 361 1023 380 eos

231 408 349 443 auguriis
361 414 470 442 operam
486 405 568 439 dare,
584 404 632 432 sed
646 403 776 438 repletam
789 401 823 429 iis
843 408 903 429 esse
924 404 1022 427 terram

230 461 324 482 eorum
338 452 415 489 (hui.
433 452 457 479 i.
471 452 510 487 4).
527 450 614 485 Supra
642 449 750 476 modum
762 469 770 482 ,
791 447 893 483 inquit,
908 445 1025 474 accrevit

232 499 349 534 nequitia
368 506 472 526 eorum.
489 495 719 530 Quemadmodum
733 501 815 529 supra
838 492 944 520 diccbat
955 513 963 526 ,
977 499 1026 526 po—

232 545 344 581 pulum,
371 552 424 572 non
451 548 597 578 ulcumqtte
622 545 809 577 peccatorem,
833 538 879 566 sed
917 538 1024 573 plenum

233 591 366 627 peccatis;
377 591 416 619 sic
431 594 458 618 et
471 589 523 616 boe
536 589 598 618 loco
610 608 618 622 ,
635 586 743 622 Repteta
757 590 802 614 est.
816 584 920 625 Exinde
932 590 1026 614 rursus

233 637 360 673 probrum
387 635 553 670 amplificans
580 632 701 667 addidit,
718 632 791 660 Sicut
814 639 830 658 a
852 630 987 666 principio.
1004 629 1026 656 Α

234 685 359 720 principio
369 703 377 716 ,
392 681 581 718 quandonam‘t
594 679 705 714 Quando
716 679 800 706 Deum
814 677 932 706 nondum
946 684 1028 705 nove-

236 735 312 763 rant,
328 730 434 765 quando
456 729 543 764 legem
568 727 688 755 nondum
714 729 897 760 acceperant,
920 722 1028 758 quando

236 777 427 805 beneﬁciorum
440 775 498 811 ejus
513 773 706 810 experientiam
731 771 848 799 nondum
872 769 1027 803 habebant,

236 824 341 859 quando
348 831 409 852 cum
422 823 546 858 gentibus
555 821 688 854 vivebant,
698 819 770 855 quod
780 823 908 848 extremae
918 817 1029 845 damna-

237 871 318 900 tionis
334 874 404 902 erat,
417 868 490 904 quod
504 876 557 896 non
572 867 667 895 melius
681 870 745 893 tunc
758 872 789 892 se
805 864 952 896 haberent,
969 865 1030 898 post

237 922 336 944 tantam
346 916 540 951 providentiam
556 919 582 942 et
597 918 696 945 tantam
710 911 932 943 sollicitudinem,
949 917 1029 945 quam

237 964 254 991 ii
272 963 323 998 ,qui
344 963 411 990 nihil
424 969 518 989 eorum
537 961 695 996 consequuti
718 963 805 986 erant.
832 957 886 989 Sed
907 965 960 985 non
988 957 1031 984 hic

238 1010 417 1042 stetigverum
430 1008 518 1037 denuo
529 1006 751 1042 perterrefaciens
763 1012 811 1033 eos
823 1004 922 1040 adjecit
933 1013 940 1031 :
952 1003 1031 1036 Quasi

239 1061 306 1082 terra
327 1054 548 1089 alienigenarum:
572 1052 623 1083 hac
643 1051 846 1087 comparatione
881 1050 1047 1085 graviorem

239 1100 436 1129 accusationem
463 1106 572 1134 parans.
597 1097 673 1132 Quod
699 1102 727 1125 et
755 1096 852 1125 Paulus
879 1096 1033 1131 frequenter

240 1147 328 1175 facere
352 1146 438 1179 solet;
454 1150 483 1173 ut
505 1150 533 1173 et
556 1144 664 1180 quando
689 1144 771 1171 dicit:
790 1143 829 1170 De
854 1141 1033 1169 dormientibus

238 1200 322 1222 autem
333 1194 393 1221 nolo
407 1201 449 1220 vos
461 1194 578 1228 ignorare
589 1212 596 1225 ,
611 1191 715 1226 fratres,
730 1195 758 1217 ut
773 1198 823 1217 non
840 1188 1032 1221 contrislemini,

240 1242 303 1268 sicut
315 1245 339 1268 et
351 1240 435 1267 ueteri
447 1239 491 1274 qui
510 1245 581 1273 spem
603 1245 654 1264 non
670 1236 762 1264 habent
772 1236 810 1272 (1.
826 1235 914 1263 Thess.
928 1235 955 1262 4.
969 1234 1032 1270 ίΞ);

240 1295 272 1315 ac
286 1294 394 1314 rursum
410 1295 417 1313 :
435 1285 470 1313 Ut
491 1285 555 1312 sciat
578 1283 748 1318 unusquisque
769 1286 878 1310 vestrum
903 1289 947 1308 ua:
961 1288 1035 1307 suum

241 1334 368 1371 possidere
380 1335 406 1360 in
420 1332 619 1367 sanctiﬁcatione
633 1335 656 1358 et
675 1330 786 1362 honore,
800 1337 852 1356 non
871 1329 898 1355 in
918 1327 1035 1362 passione

242 1380 360 1408 desiderii
374 1378 455 1413 (Ibid.
469 1386 494 1405 υ.
505 1378 543 1413 4).
559 1377 651 1412 Neque
672 1376 723 1403 hoc
748 1378 890 1402 contentus
905 1373 969 1406 fuit,
988 1372 1050 1407 sed.

241 1426 356 1461 adjecit:
367 1423 588 1457 Quemadmodum
601 1427 625 1450 et
640 1422 743 1457 reliquae
753 1425 838 1456 gentes
850 1428 906 1454 qut:
917 1420 1036 1455 ignorant

244 1472 326 1499 Deum
337 1470 418 1506 (Ibid.
432 1478 457 1497 υ.
471 1469 511 1506 5).
526 1469 575 1496 liic
589 1467 688 1503 quippe
704 1466 948 1497 modusscrmonis
962 1472 1035 1492 mor-

243 1519 308 1546 dere
321 1517 391 1545 solet
404 1517 488 1544 etiam
503 1523 550 1543 eos
562 1515 608 1550 qui
625 1513 771 1541 admodum
785 1513 854 1548 lapsi
869 1516 942 1540 sunt.
959 1511 1035 1544 Quod

242 1564 265 1593 si
288 1563 373 1592 Judmi
392 1563 426 1590 de
452 1562 549 1590 talibus
569 1564 740 1592 accusantur,
757 1567 836 1594 quam
861 1566 911 1587 nos
928 1557 1037 1585 veniam

243 1617 450 1645 consequemur,
461 1616 541 1643 quam
563 1607 759 1640 defensionem,
776 1605 822 1641 qui
846 1608 907 1640 post
935 1608 1036 1636 tantam

243 1656 356 1692 gratiam
371 1659 399 1683 et
413 1653 576 1682 ineffabilem
592 1653 734 1683 honorem.
749 1658 879 1686 spemque
895 1651 1036 1678 immorta-

245 1704 317 1736 lem,
341 1703 368 1730 in
394 1708 501 1736 parcnt,
529 1707 609 1733 quam
633 1699 683 1731 illi,
702 1697 853 1726 decidimus
874 1696 1037 1731 inopiam'?

245 1749 316 1777 Multi
328 1755 442 1783 namque
453 1747 508 1781 jam
522 1750 601 1778 sunt,
616 1745 660 1780 qui
677 1745 727 1771 li‘oc
740 1743 834 1779 morbo
847 1742 980 1776 laborant,
992 1743 1037 1778 qui

247 1795 329 1823 vitam
354 1801 430 1821 suam
455 1792 632 1823 labefactant,
648 1790 693 1825 qui
717 1797 847 1824 augurum
873 1787 985 1816 insania:
1008 1795 1039 1815 se
1062 1794 1069 1804 ι

246 1841 357 1873 dedunt,
368 1840 506 1873 Deumque
517 1836 664 1869 offendunt,
673 1840 701 1863 et
713 1834 863 1870 superfluos
874 1833 981 1866 dolores
988 1833 1038 1860 sibi

247 1888 394 1918 lucrantur,
403 1889 483 1919 atque
496 1885 523 1910 iu
537 1883 674 1910 laboribus
687 1889 736 1917 pro
749 1883 848 1910 virtute
859 1879 1039 1915 suscipiendis

246 1933 439 1961 dissolvuntur.
454 1929 511 1958 Hoc
531 1929 605 1956 enim
626 1928 736 1962 omnino
756 1932 833 1957 curat
861 1926 994 1961 diabolus,
1009 1929 1040 1952 ut

248 1978 476 2015 insipientiorihus
490 1976 619 2007 suadeat,
634 1983 687 2002 non
704 1982 786 2009 penes
802 1981 832 2001 se
847 1981 908 2006 esse
926 1977 971 2011 aut
987 1972 1039 1998 \‘ir-

248 2031 332 2055 tutem
357 2029 402 2052 aut
425 2022 625 2058 improbitatem
650 2021 744 2053 adire,
758 2027 846 2055 neque
866 2026 895 2046 se
918 2018 1039 2045 libertate

249 2071 364 2107 quadam
378 2069 481 2097 arbitrii
498 2069 645 2096 honoratos
659 2074 730 2099 esse,
744 2065 801 2093 haec
815 2064 868 2092 duo
887 2063 1044 2098 turpissima

249 2118 379 2154 perlicere.
394 2116 502 2148 volens,
514 2119 544 2142 ut
559 2115 666 2142 labores
681 2120 729 2148 pro
744 2112 841 2141 virtute
855 2110 1040 2145 suscipiendos

251 2165 353 2198 solvat,
369 2168 396 2191 et
409 2163 554 2190 maximum
576 2160 640 2188 illud
659 2159 789 2187 libertatis
801 2158 902 2185 donum
924 2157 1038 2184 auferat.

251 2211 306 2239 l-loc
320 2218 368 2246 per
384 2210 506 2245 auguria,
523 2209 573 2235 hoc
587 2215 633 2242 per
643 2206 735 2234 omina
749 2204 787 2241 (a)
798 2224 805 2236 ,
822 2204 872 2232 hoc
885 2212 932 2239 per
946 2203 1040 2231 obsor-

251 2257 385 2284 valionem
398 2256 513 2288 dierum,
530 2254 579 2281 hoc
595 2261 642 2288 per
659 2260 768 2287 pravum
783 2252 828 2278 fati
842 2251 937 2286 dogma
948 2271 956 2284 ,
969 2250 1041 2278 hunc

252 2311 360 2339 gravetur
380 2302 503 2330 morbum
527 2308 576 2336 per
595 2301 647 2327 alia
671 2299 754 2335 multa
769 2299 795 2326 in
818 2299 899 2326 vitam
922 2297 1039 2333 invexit,

284 2396 291 2410 ¹
305 2393 333 2418 Ill
342 2397 432 2421 Graeco,
442 2398 484 2423 πρὸς
495 2398 528 2421 τὴν
539 2397 595 2421 αὐτὴν
611 2396 681 2418 ιιιὶνοις
697 2395 837 2423 aequiust:th
848 2394 915 2412 Irtv'tcv.
928 2389 994 2423 lfuini:
1002 2385 1042 2409 ΛΙ-

251 2426 324 2451 ienus
333 2419 467 2455 legendum
479 2419 538 2455 esse
547 2419 786 2455 :ovqpiav,_if£qiiiiiaff1:
795 2425 842 2455 non
850 2424 917 2455 ustrina,
927 2419 1042 2455 inopiam:

251 2447 460 2485 ia‘i'il'er'é”;..;.-...
476 2454 573 2485 omnino
588 2447 727 2485 desiderari
740 2450 855 2485 videtur.
877 2452 931 2485 Nam
951 2447 993 2485 hic
1009 2448 1043 2472 ait

252 2480 434 2519 Chrysostomus
446 2491 452 2508 ε
470 2484 536 2514 Quod
548 2483 569 2508 si
579 2481 661 2508 Judwi
672 2483 702 2519 de
713 2480 801 2519 tatibus
810 2481 1044 2519 occusoyutzlqunm

251 2509 398 2543 inueniam
410 2509 587 2546 consequemur,
600 2520 672 2546 quam
684 2511 851 2544 defensionem.
864 2509 905 2544 qui
923 2511 973 2546 post
989 2510 1044 2546 Itan-

252 2539 302 2575 135.
308 2539 416 2579 Erotium
427 2550 449 2571 et
461 2539 611 2601 inirifubilem'
618 2539 739 2571 honorem,
751 2547 863 2576 spemque
871 2539 1042 2568 immortalem,

252 2579 278 2601 in
298 2584 383 2601 narem
399 2583 470 2601 unum
492 2576 529 2601 ili
551 2574 685 2601 decidimus
702 2581 763 2599 nva
780 2578 829 2597 sive
844 2570 948 2601 πονηρίανῖ
964 2570 990 2595 Id
1007 2573 1042 2595 est

252 2570 383 2610 iifpizrébt
399 2570 470 2609 qttnm
491 2570 529 2610 illi
551 2574 685 2601 decidimus
702 2570 768 2610 ξινιῳί
780 2570 829 2610 sive
844 2570 948 2610 Faveant)?
964 2570 995 2610 id!
1007 2573 1045 2606 est

253 2601 414 2639 ὗὶοῇὶῖυίιξευί
425 2607 563 2638 nequitiam.
570 2610 624 2630 Utra
636 2612 695 2639 vero
707 2604 779 2639 lectio
789 2601 979 2639 magislquadret
989 2602 1045 2625 hinc

253 2632 424 2674 inﬁtiamur,
436 2632 466 2663 si'
477 2639 642 2674 advertamusA
651 2632 839 2674 hicﬂsilbthA'elle
851 2632 1044 2674 Ebrgspfl-ommn

253 2662 426 2700 hos—iluﬁpzu‘ein
438 2662 512 2700 atque
532 2668 607 2700 Judrri
623 2670 711 2700 statum
721 2662 982 2700 decidereLQu-i'snvero
1001 2662 1045 2687 ille

341 2693 399 2725 ési?’
408 2693 528 2725 Illeiliautl
544 2699 618 2723 dubie
629 2698 653 2721 in
666 2703 738 2728 quem
750 2701 822 2728 supra
832 2694 894 2718 dixit
908 2693 1046 2725 Chrysosto-

255 2725 310 2757 inus
326 2732 439 2764 delapsos
453 2731 548 2755 .ludazos
560 2735 624 2764 esse,
642 2725 849 2764 iit'caution_ariarn
861 2731 957 2764 nempe,
970 2732 1046 2750 avari-

255 2755 472 2794 fﬁrnﬂogiiiatum
492 2755 687 2794 perversitatem,
708 2755 862 2794 praestigias:
881 2755 969 2794 quibus
985 2763 1046 2794 [nar

256 2787 337 2818 missis
347 2787 408 2818 saiie
421 2787 515 2818 videtur
528 2797 602 2822 templa.
613 2790 691 2820 magis
706 2787 833 2822 quadrare,
845 2793 917 2822 quam
928 2795 985 2812 cuiu.
1004 2787 1047 2812 Αι-

256 2828 335 2849 tamen
348 2823 523 2855 exemplarium
535 2818 641 2855 eniiiium
653 2818 795 2844 auctoritate
806 2820 871 2847 moti,
883 2818 945 2842 hanc
955 2821 1048 2849 postre-

255 2862 317 2881 mam
330 2852 459 2879 lectionem
471 2852 567 2883 sequuti
578 2857 668 2883 sumus.

288 2878 400 2917 (aliquid
412 2878 461 2917 sint
481 2878 620 2917 illa‘omi-na,
639 2881 747 2917 pluribus
766 2880 808 2917 ille
822 2878 929 2917 explicat
939 2880 963 2904 in
979 2879 1048 2917 gate-

257 2911 323 2941 rhesi
344 2911 451 2941 secunda
472 2914 501 2938 ad
514 2911 689 2943 illuminandos,
705 2916 770 2937 Tom.
785 2911 815 2935 Il.
838 2911 878 2935 tbi
898 2915 963 2936 totus
983 2911 1048 2936 locus

257 2954 311 2973 nun
321 2947 368 2973 hoc
379 2945 540 2972 conferendas
551 2948 597 2969 est.

1077 260 1178 288 nullam
1194 260 1227 287 ad
1242 259 1293 287 hoc
1306 267 1360 286 non
1382 259 1531 286 machinam
1552 265 1672 286 movens.
1688 258 1867 292 Quamobrem

1076 306 1204 341 propheta
1232 305 1405 333 vehementer
1427 305 1509 332 instat
1533 305 1676 337 incusans,
1691 308 1720 334 ut
1745 306 1868 333 morbum

1075 352 1202 381 radicitus
1213 350 1319 378 evellat.
1334 350 1366 377 Et
1380 350 1428 384 ﬁlii
1441 350 1513 377 multi
1527 350 1675 385 alienigene
1687 351 1739 377 nati
1752 356 1810 377 sunt
1824 347 1868 378 eis.

1111 398 1137 424 7.
1159 397 1228 430 Quid
1246 401 1296 430 est,
1310 395 1373 423 Filii
1386 396 1533 432 alienigena
1545 395 1557 422 9
1571 394 1625 423 Lex
1649 395 1701 423 illis
1724 401 1782 423 erat
1804 397 1869 424 olim

1077 443 1128 470 lata
1155 449 1266 478 propter
1287 442 1370 470 animi
1392 442 1580 478 fragilitatem,
1596 447 1623 470 et
1643 448 1760 471 mentem
1784 442 1870 471 fraudi

1078 494 1272 524 opportunam,
1300 493 1331 515 ut
1353 496 1413 515 cum
1442 489 1516 516 nullo
1541 489 1706 523 reliquorum
1732 488 1870 516 hominum

1078 534 1234 562 afﬁnitatem
1259 533 1468 566 contraherent,
1489 542 1524 562 ne
1552 535 1704 570 huiusmodi
1727 534 1872 562 afﬁnitates

1079 578 1223 616 impietatis
1239 579 1305 614 ipsis
1317 579 1424 606 occasio
1439 584 1539 606 essent.
1554 580 1620 613 Quia
1635 580 1706 607 enim
1722 588 1774 607 non
1790 579 1872 607 modo

1079 625 1146 652 alios
1159 625 1295 660 corrigere
1306 631 1359 652 non
1375 629 1510 660 poterant,
1523 625 1569 652 sed
1581 632 1668 660 neque
1677 625 1870 653 detrimentum

1079 673 1114 700 ab
1133 672 1210 706 aliis,
1225 672 1387 707 quicumque
1409 677 1518 709 essent,
1542 671 1592 698 sibi
1623 671 1796 706 importatum
1825 673 1873 700 de—

1080 717 1197 754 pellere,
1209 718 1267 753 lege
1282 718 1354 753 ipsos
1367 716 1486 750 vallatis,
1501 722 1528 745 et.
1547 717 1580 744 ab
1595 717 1725 744 affinitate
1738 716 1800 745 cum
1813 719 1874 746 aliis

1081 765 1233 798 abducens,
1251 765 1364 792 seorsim
1385 764 1446 791 illos
1470 763 1627 791 eli'ormabat
1643 769 1670 791 et
1694 765 1851 792 instituebat
1866 774 1871 792 :

1082 808 1198 846 optabile
1213 811 1286 838 enim
1299 810 1462 846 difficileque
1478 815 1536 838 erat
1549 815 1580 838 ut
1593 811 1634 838 vel
1648 811 1687 838 sic
1700 811 1771 838 ducti
1784 832 1791 845 ,
1811 819 1871 846 pos-

1083 863 1142 885 sent
1165 865 1274 885 servare
1295 858 1462 893 disciplinam
1479 865 1494 884 a
1510 857 1565 885 Deo
1589 858 1639 885 sibi
1663 858 1799 885 traditam.
1821 858 1875 886 Sed

1082 903 1307 939 quemadmodum
1321 904 1372 931 alia
1388 909 1521 939 praecepta
1535 904 1697 939 transgressi
1710 910 1782 937 sunt,
1796 905 1835 932 sic
1848 910 1877 932 et

1084 949 1135 990 hoc
1147 955 1312 984 contempto,
1325 950 1491 977 transierunt
1506 949 1539 977 ad
1555 949 1714 977 afﬁnitatem
1733 958 1793 977 cum
1808 950 1875 978 vici-

1084 996 1126 1023 nis
1140 995 1350 1024 contrahendam
1362 1017 1370 1029 ,
1385 1000 1412 1023 et
1424 996 1552 1023 uxoribus
1567 995 1630 1023 inde
1644 996 1731 1024 ductis
1743 1017 1750 1029 ,
1768 1004 1782 1023 a
1804 995 1877 1023 Moa-

1085 1041 1148 1070 bitis
1163 1041 1297 1075 videlicet,
1312 1042 1345 1069 ab
1359 1042 1531 1074 Atnmonitis,
1545 1046 1573 1069 et
1586 1041 1622 1078 ab
1636 1041 1695 1069 aliis
1708 1042 1798 1077 impiis
1813 1050 1878 1077 gen-

1085 1089 1170 1122 tibus,
1183 1089 1302 1123 aliasque
1317 1088 1491 1123 cognationes
1501 1087 1633 1122 amplexi,
1645 1087 1770 1115 doctores
1783 1089 1879 1123 nequi~

1086 1136 1129 1163 tiae
1144 1135 1320 1167 admiserunt,
1332 1140 1359 1162 et
1370 1134 1518 1162 nobilitatis
1531 1134 1656 1161 decorem
1671 1133 1876 1161 labefactarunt.

1087 1182 1143 1210 lloc
1157 1182 1246 1218 itaque
1268 1190 1328 1210 cum
1351 1181 1412 1208 aliis
1437 1181 1568 1216 propheta
1588 1181 1690 1209 crimen
1712 1180 1836 1207 intentat.
1851 1180 1876 1206 7.

1086 1227 1197 1263 lmplela
1209 1233 1246 1254 est
1266 1228 1331 1255 enim
1344 1226 1413 1263 regio
1427 1235 1524 1260 eorum,
1538 1221 1639 1261 inquit,
1652 1230 1755 1261 argento
1769 1230 1791 1252 et
1803 1233 1878 1257 auro,

1086 1279 1110 1301 et
1126 1282 1175 1300 non
1190 1278 1242 1300 erat
1255 1281 1373 1300 numerus
1388 1272 1563 1299 thesaurorum
1578 1276 1673 1299 eorum.
1689 1272 1716 1299 8.
1731 1270 1765 1298 Et
1778 1266 1881 1307 impleta

1087 1323 1122 1346 εει
1141 1324 1209 1346 terra
1224 1327 1310 1346 eorum
1325 1319 1410 1353 equis,
1430 1323 1453 1345 et
1474 1326 1524 1345 non
1545 1322 1599 1344 erat
1618 1325 1737 1344 numerus
1761 1325 1881 1344 curruum

1088 1374 1184 1392 eorum.
1200 1365 1308 1400 Ecquod
1328 1364 1431 1392 crimen
1449 1364 1500 1392 hoc
1510 1385 1517 1398 ,
1532 1363 1630 1391 dixerit
1645 1364 1713 1391 forte
1728 1364 1857 1399 quispiam
1871 1383 1879 1396 ,

1088 1412 1194 1439 divitias
1217 1411 1326 1444 habere,
1340 1417 1367 1439 ct
1386 1418 1470 1445 equos
1491 1411 1643 1446 pos~iderc,
1656 1420 1687 1439 ea
1713 1411 1881 1445 potissimum

1089 1462 1178 1491 mtate,
1190 1457 1295 1493 quanth
1307 1465 1360 1484 non
1373 1462 1473 1484 tantum
1486 1461 1543 1484 erat
1558 1456 1734 1492 philosophim
1746 1457 1881 1484 studium?

1088 1504 1156 1538 Quid
1167 1512 1231 1539 ergo
1242 1503 1408 1540 dixerimus?
1422 1504 1530 1531 Scilicet
1543 1511 1596 1531 non
1613 1511 1689 1530 usum
1702 1503 1881 1538 improbabat,

1089 1551 1136 1579 sed
1149 1551 1265 1578 animum
1280 1558 1333 1578 non
1350 1550 1382 1577 iis
1402 1554 1431 1576 ut
1444 1550 1587 1584 oportebat
1604 1554 1734 1577 utentem.
1749 1549 1883 1583 Quemad-

1091 1590 1199 1633 modum
1217 1597 1289 1624 enim
1305 1604 1367 1624 cum
1387 1596 1469 1630 dicit,
1493 1595 1536 1623 Va:
1549 1595 1591 1631 qui
1606 1601 1718 1630 potentes
1731 1596 1789 1622 estis
1803 1594 1881 1631 (lsai.

1090 1644 1117 1671 1.
1131 1643 1187 1678 24),
1202 1651 1255 1670 non
1277 1643 1369 1678 utique
1394 1642 1541 1676 potentiam
1556 1642 1602 1669 dat
1623 1641 1748 1674 crimini,
1765 1641 1813 1669 sed
1836 1649 1884 1669 eos

1089 1689 1134 1724 qui
1164 1688 1283 1724 potentia
1308 1689 1378 1716 male
1394 1693 1507 1715 utuntur
1524 1699 1530 1715 :
1548 1687 1587 1715 sic
1603 1692 1630 1715 ct
1653 1687 1704 1715 hoc
1726 1688 1786 1715 loco
1799 1708 1806 1721 ,
1828 1695 1883 1714 non

1089 1735 1161 1770 quod
1182 1735 1309 1770 pecunias
1335 1735 1522 1769 possiderent,
1537 1734 1584 1761 sed
1604 1733 1675 1768 quod
1699 1741 1760 1760 cum
1784 1733 1884 1768 ingenti

1090 1782 1184 1818 copia,
1200 1786 1227 1809 et
1241 1781 1309 1809 ultra
1332 1781 1519 1808 neccSSitatem
1536 1780 1595 1807 illas
1614 1784 1800 1814 congererent.
1823 1779 1884 1806 Non

1090 1833 1159 1862 erat,
1176 1828 1271 1864 inquit,
1286 1837 1404 1855 numerus
1418 1827 1594 1854 thesaurorum
1608 1835 1703 1854 eorum.
1720 1826 1812 1861 Neque
1834 1825 1884 1853 hoc

1091 1876 1176 1902 solum
1188 1896 1195 1908 ,
1211 1875 1259 1903 sed
1273 1874 1344 1910 quod
1359 1874 1393 1902 de
1407 1873 1505 1901 divitiis
1519 1878 1546 1901 et
1560 1872 1595 1900 de
1607 1880 1737 1908 equorum
1750 1873 1824 1906 copia
1841 1872 1881 1899 itt-

1092 1922 1147 1950 ﬂati
1158 1943 1165 1956 ,
1181 1922 1306 1957 paulatim
1320 1930 1334 1948 a
1349 1929 1396 1956 spe
1419 1921 1445 1948 in
1467 1921 1550 1948 Deum
1570 1919 1798 1951 abstrahcrcntur,
1814 1919 1883 1953 quod

1092 1969 1156 2003 ipsis
1169 1967 1248 1995 etiam
1263 1967 1326 1994 alibi
1341 1967 1467 2002 propheta
1488 1966 1594 1993 dicebat
1608 1974 1614 1992 ε
1634 1965 1678 1992 Vae
1692 1965 1734 1999 qui
1753 1964 1884 1999 conﬁdunt

1091 2014 1117 2041 in
1142 2011 1233 2040 virtute
1250 2022 1296 2040 sua
1310 2034 1316 2045 ,
1339 2019 1362 2040 et
1383 2013 1408 2040 in
1435 2012 1595 2039 multitudine
1620 2011 1773 2038 divitiarum
1783 2019 1885 2038 suarum

1092 2061 1233 2096 gloriantur
1247 2058 1332 2095 (Pani.
1349 2059 1394 2087 48.
1410 2059 1449 2093 7).
1464 2059 1502 2086 Ac
1515 2066 1620 2085 rursum
1636 2057 1697 2085 alibi
1711 2056 1788 2084 :Non
1799 2057 1883 2084 salva—

1094 2112 1135 2132 lttr
1146 2114 1191 2133 rex
1206 2113 1250 2140 per
1265 2105 1368 2131 multam
1381 2105 1507 2137 virtutem,
1520 2109 1543 2131 et
1556 2104 1627 2139 gigas
1644 2111 1694 2130 non
1708 2102 1846 2129 salvabitur
1860 2102 1884 2128 in

1093 2152 1253 2179 multitudine
1274 2151 1372 2178 virtutis
1392 2150 1539 2185 sutz(Psat.
1552 2150 1595 2177 52.
1612 2149 1669 2184 16).
1688 2149 1838 2184 iterumque
1859 2149 1884 2175 in

1093 2199 1145 2226 alio
1159 2199 1264 2226 Psalmo
1279 2206 1287 2225 :
1304 2197 1365 2224 Non
1377 2198 1403 2224 in
1417 2196 1564 2233 fortitudine
1574 2197 1631 2232 equi
1646 2196 1797 2223 rolunlatem
1811 2195 1885 2221 Italic-

1093 2243 1127 2271 bit
1137 2265 1146 2277 ,
1161 2252 1206 2271 nec
1220 2244 1246 2270 in
1259 2243 1324 2270 tibiis
1337 2243 1384 2269 viri
1396 2242 1578 2277 beneptacitum
1591 2241 1636 2268 erit
1650 2241 1681 2268 ei.
1695 2240 1884 2276 Beneplucittnu

1094 2294 1130 2317 est
1149 2289 1258 2316 Domino
1280 2297 1355 2324 super
1372 2288 1484 2315 timentes
1506 2296 1572 2314 eum.
1593 2286 1625 2314 Et
1644 2280 1748 2322 impleta
1764 2291 1800 2313 est
1821 2291 1886 2313 terra

1094 2336 1319 2363 abominationibus
1334 2343 1436 2369 operum
1452 2343 1574 2361 manuum
1586 2342 1690 2360 suarum
1700 2355 1707 2366 ,
1722 2338 1744 2359 et
1761 2333 1886 2359 ndornve-

1095 2388 1152 2408 runt
1165 2390 1220 2418 qua:
1231 2370 1343 2417 feceruni
1356 2381 1429 2416 digiti
1445 2389 1531 2408 eorum
1545 2379 1629 2416 (Psal.
1643 2379 1703 2407 MO.
1718 2378 1772 2413 10).
1787 2379 1821 2406 Ut
1843 2386 1886 2404 sa-

1096 2429 1171 2463 piens
1184 2427 1312 2460 medicus,
1328 2426 1456 2462 propheta
1470 2426 1554 2453 morbi
1568 2433 1675 2453 causam
1690 2425 1762 2456 dicit,
1777 2431 1805 2452 et
1827 2425 1886 2451 fon-

1097 2478 1149 2500 tem
1163 2472 1333 2500 morbi.Cum
1349 2473 1419 2500 enim
1434 2464 1526 2509 eorum
1541 2472 1702 2506 impietatem
1717 2474 1888 2498 accumturus

1097 2524 1178 2553 esset,
1194 2520 1347 2548 occasiones
1360 2518 1443 2546 morbi
1460 2514 1531 2555 prius
1545 2518 1621 2550 dixit,
1638 2517 1774 2543 avaritiam
1787 2538 1793 2549 ,
1810 2523 1887 2542 arro-

1097 2566 1213 2600 gantiam
1225 2586 1232 2599 ,
1246 2565 1438 2593 connubiorum
1453 2558 1596 2591 afﬁnitates
1609 2571 1662 2590 non
1682 2562 1780 2591 licitasr
1796 2561 1887 2588 decla-

1098 2620 1159 2640 rans
1171 2620 1217 2640 eos
1227 2611 1289 2639 hinc
1301 2611 1427 2647 paulatim
1440 2610 1623 2645 supplantatos
1638 2610 1662 2636 in
1672 2607 1803 2642 perniciei
1813 2609 1889 2635 bara-

1099 2657 1187 2685 thrum
1209 2658 1358 2691 corruisse,
1374 2661 1402 2684 et
1422 2656 1492 2684 idola
1511 2655 1646 2683 adorasse.
1665 2654 1763 2681 Deinde
1785 2653 1888 2679 illorum

1099 2705 1197 2732 cultum
1211 2704 1362 2737 traducens,
1372 2702 1508 2738 subiungit
1519 2722 1527 2735 ,
1542 2701 1652 2737 Operam
1663 2707 1781 2726 nutnuum
1792 2707 1887 2725 eorum.

1100 2750 1167 2785 Quid
1181 2751 1251 2777 enim
1274 2750 1328 2777 risu
1347 2749 1453 2784 dignius
1477 2747 1557 2775 fuerit
1578 2753 1656 2780 quam
1676 2752 1735 2771 cum
1749 2744 1829 2770 homo
1844 2743 1886 2770 dei

1099 2801 1205 2824 creator
1217 2796 1351 2824 efﬁcitur?
1366 2794 1594 2822 Abominationem
1607 2798 1670 2816 vero
1684 2789 1818 2822 Scriptura
1839 2796 1887 2813 m-

1101 2850 1162 2870 care
1189 2842 1258 2870 solet
1281 2842 1373 2869 idola:
1396 2841 1508 2874 indeque
1532 2835 1691 2863 ahominatio
1715 2833 1888 2860 desolationis

1103 2894 1211 2916 vocatur
1223 2893 1311 2916 statua
1330 2888 1357 2915 in
1371 2887 1468 2921 templo
1480 2888 1578 2912 erecta.
1594 2880 1657 2908 Cum
1676 2880 1740 2906 enim
1755 2876 1866 2904 videritis
1876 2894 1884 2908 ,

1106 2936 1206 2970 inquit,
1233 2934 1442 2961 abominationem
1465 2927 1623 2958 desolationit
1649 2929 1757 2953 stantem
1777 2923 1804 2950 in
1826 2923 1879 2949 loco
