2068 3130
164 129 198 154 35
851 122 883 149 IN
904 121 1029 155 ISAIAM,

163 185 335 222 ἁμαρτωλὸς,
352 185 431 217 ἀλλὰ,
442 184 551 221 Πλήρῆς
561 182 714 219 ἁμαρτιῶν,
729 182 799 208 οὕτω
812 181 858 208 καὶ
872 179 999 212 ἐνταῦθα,

171 235 372 270 Ἐνεπλήσθη.
388 233 456 261 Εἶτα
468 234 549 262 πάλιν
559 233 700 260 ἐπιτείνων
708 232 737 259 τὺ
751 231 850 263 ὄνειδος
863 230 998 266 προσέθη-

164 295 221 317 κεν,
242 286 289 318 Ὠς
304 285 338 312 τὸ
355 286 407 313 ἀπ’
418 284 525 320 ἀρχῆς.
548 284 605 311 Ἀπ’
615 283 721 318 ἀρχῆς,
742 282 821 314 πότες
845 281 910 307 Ὅτε
930 279 996 306 Θεὸν

162 337 214 363 οὐκ
225 335 404 371 ἐγνώκεισαν,
418 335 463 362 ὅτε
472 335 552 370 νόμον
565 334 615 360 οὐκ
627 334 794 369 εἰλήφεισαν,
806 332 851 358 ὅτε
862 330 910 365 τῆς
924 329 998 365 εὐερ-

162 387 258 420 γεσίας
270 385 352 412 αὐτοῦ
370 387 468 420 πεῖραν
483 385 623 420 εἰληφότες
639 384 689 410 οὒκ
701 381 781 419 ἦσαν,
794 382 839 408 ὅτε
862 379 930 416 μετὰ
943 379 997 406 τῶν

163 436 248 464 ἐθνῶν
271 436 352 468 ἔζων,
378 437 448 470 ὅπερ
475 435 592 470 ἐσχάτης
615 433 812 469 καταγνώσεως
840 430 884 468 ἦν,
915 430 998 466 μηδὲν

164 487 274 522 ἄμεινον
286 487 437 513 διακεῖσθαι
451 486 508 519 νῦν,
527 485 596 520 μετὰ
609 485 658 520 τὴν
669 485 802 520 τοσαύτην
823 485 950 520 πρόνοιάν
967 493 997 511 τε

164 538 212 564 καὶ
231 538 401 572 ἐπιμέλειαν,
422 537 476 564 τῶν
503 537 616 572 μηδενὸς
637 536 739 563 τούτων
762 535 996 563 ἀπολελαυκότων.

166 589 222 615 Καὶ
229 588 290 614 οὐδὲ
305 587 421 615 ἐνταῦθα
435 588 511 621 ἐστη,
533 587 600 614 ἀλλὰ
621 586 818 622 καταπλήττων
835 587 932 618 αὐτοὺς
946 587 998 614 πά-

166 638 209 664 λιν
235 637 448 673 προστέθεικεν·
474 636 532 673 [27]
560 637 609 670 Ὧς
630 637 649 670 ἡ
671 635 732 663 τῶν
749 636 948 670 ἀλλοφύλων
963 638 996 671 τῇ

166 689 309 724 συγκρίσει
322 689 370 716 τοῦ
385 688 531 724 προσώπου
548 687 598 722 τὴν
617 686 784 722 κατηγορίαν
806 686 998 722 χαλεπωτέραν

165 739 261 766 ποιῶν.
278 740 312 765 '0
327 739 374 765 καὶ
387 738 493 770 Παῦλος
509 737 604 764 εἴωθεν
621 736 787 772 ἐργάζεσθαι
808 736 927 771 συνεχῶς
938 743 945 751 ³
960 737 998 768 ὠς

164 790 230 816 ὃταν
247 789 328 825 λέγῃ·
345 788 414 823 Περὶ
431 788 464 815 δὲ
476 787 536 815 τῶν
549 788 772 822 κεκοιμημένων
786 787 822 813 οὐ
834 786 909 813 θέλω
920 786 998 821 ὑμᾶς

164 840 295 876 ἀγνοεῖν,
309 840 444 874 ἀδελφοί,
456 839 556 874 ἵναμὴ
573 838 723 873 λυπῆσθε,
736 838 774 871 ὡς
786 838 834 865 καὶ
856 840 882 865 ol
898 832 1009 865 λοιπολ

163 891 193 918 οἱ
203 889 246 924 μὴ
262 890 384 923 ἔχοντες
397 888 515 915 ἐλπίδα·
529 888 576 915 καὶ
588 887 668 914 πάλιν
678 896 684 902 ·
697 887 814 914 Εὶδέναι
826 886 956 914 ἕκαστον
965 889 997 915 τὸ

165 940 275 968 ἑαυτοῦ
290 939 402 972 σκεῦος
414 937 541 966 κτᾶσθαι
554 938 589 964 ὲν
604 936 738 972 ἁγιασμῷ
750 937 800 964 καὶ
813 938 893 973 τιμῇ,
901 938 944 972 μὴ
961 939 996 965 ἐν

164 991 252 1018 πάθει
259 989 425 1023 ἐπιθυμίας.
442 989 496 1015 Καὶ
507 989 557 1015 οὐκ
566 987 687 1024 ἠρκέσθη
701 988 796 1023 τούτῳ,
805 988 872 1015 ἀλλά
884 989 998 1024 προστέ-

164 1044 240 1070 θεικε
255 1043 352 1077 λέγων,
365 1041 466 1074 Καθὼς
482 1041 532 1068 καὶ
551 1043 587 1068 τὰ
601 1040 692 1068 λοιπὰ
703 1041 775 1075 ἔθνη
795 1041 832 1068 τὰ
841 1041 884 1076 μὴ
899 1042 998 1068 εἰδότα

162 1094 219 1121 τὸν
231 1095 315 1121 Θεόν.
331 1092 456 1120 Μάλιστα
468 1091 522 1126 γὰρ
531 1089 608 1123 οὗτος
622 1092 636 1117 6
646 1091 724 1126 λόγος
737 1091 845 1118 δάκνειν
858 1091 936 1118 είωθε
951 1093 998 1119 καὶ

163 1145 229 1177 τοὺς
246 1144 348 1180 σφόδρα
363 1143 601 1174 ἀναπετι-τωκότας.
622 1143 652 1169 El
666 1143 694 1169 δέ
715 1143 834 1170 Ἰουδαῖοι
854 1142 940 1170 ταῦτα
952 1144 998 1177 ἐγ-

164 1195 320 1228 καλοῦνται,
344 1194 418 1226 τινος
433 1193 466 1221 ἂν
482 1193 611 1228 τύχοιμεν
633 1193 796 1229 συγγνώμης
810 1195 902 1229 ἡμεῖς.
919 1194 998 1225 ποίας

165 1245 324 1279 ἀπολογίας,
341 1245 366 1271 οἱ
379 1243 447 1279 μετά
463 1243 544 1278 χάριν
557 1242 702 1278 τοσαύτην,
724 1244 772 1270 καὶ
783 1243 867 1279 τιμὴν
882 1243 995 1277 ἄφατον,

165 1295 214 1322 καὶ
229 1295 278 1326 τὰς
303 1294 453 1325 ἀθανάτους
469 1293 589 1325 ἐλπίδας,
615 1292 684 1327 πρὸς
705 1292 754 1328 τήν
773 1293 857 1329 αὐτὴν
884 1293 998 1326 ἐκείνοις

164 1345 384 1376 καταπίπτοντες
401 1343 512 1377 πενίαν;
532 1343 587 1371 Καὶ
610 1343 665 1380 γὰρ
690 1343 781 1370 πολλοὶ
796 1344 844 1371 καὶ
867 1344 914 1372 νῦν
944 1345 997 1372 είσι

164 1394 205 1430 τῷ
218 1394 352 1429 νοσήματι
367 1392 530 1428 κεχρημένοι
541 1392 638 1428 τούτῳ,
650 1392 752 1419 καὶτὸν
767 1393 870 1420 ἑαυτῶν
881 1393 1000 1428 διαφθεί-

167 1452 262 1479 ροντες
281 1443 347 1479 βίον,
359 1443 384 1470 οἳ
396 1444 430 1478 τῇ
441 1442 494 1469 τῶν
509 1442 645 1478 κλῃδόνων
660 1442 755 1478 ἀλογίᾳ
771 1443 920 1476 ἐκδιδόντες
935 1445 998 1472 ἐαυ-

164 1495 239 1527 τοὺς,
253 1495 322 1530 μετά
333 1493 381 1520 τοῦ
391 1493 429 1529 τῷ
438 1492 497 1528 Θεῷ
513 1492 703 1528 προσκρούειν,
719 1493 846 1528 περιττὰς
861 1494 998 1530 καρποῦν-

164 1554 212 1572 ¹ται
228 1545 328 1578 λύπας,
350 1544 397 1572 καὶ
414 1543 482 1580 πρὸς
497 1543 560 1575 τοὺς
579 1543 650 1579 ὑπὲρ
666 1543 716 1578 τῆς
735 1544 834 1579 ἀρετῆς
857 1544 998 1572 ἐκλύονται

166 1596 276 1627 πόνους.
300 1595 357 1622 Καὶ
386 1594 440 1630 γὰρ
459 1594 624 1621 ἐσπούδακεν
645 1594 660 1620 ὁ
681 1594 804 1625 διάϐολος
823 1594 869 1621 διὰ
890 1595 999 1622 πάντων

166 1648 249 1675 τοῦτο
264 1648 380 1673 πεῖσαι·
394 1645 458 1677 τοὺς
473 1645 675 1680 ἀνοητοτέρους,
689 1645 729 1671 ὅτι
742 1645 791 1671 οὐκ
804 1645 847 1678 ἐπ’
862 1645 952 1678 αὐτοῖς
965 1646 1000 1673 τὰ

166 1700 217 1735 τῆς
234 1698 334 1734 ἀρετῆς
361 1695 462 1723 καὶτὰ
482 1696 532 1731 τῆς
557 1695 665 1728 κακίας,
691 1695 750 1722 οὐδὲ
776 1695 917 1731 ἐλευθερίᾳ
946 1697 1000 1724 τινὶ

166 1747 356 1785 προαιρέσεώς
366 1748 419 1773 είσι
433 1746 618 1781 τετιμημένοι,
634 1745 715 1772 δύοδέ
728 1744 815 1772 ταῦτα
826 1745 860 1772 τὰ
874 1745 1000 1780 αἴσχιστα

168 1797 342 1833 κατορθῶσαι
371 1796 542 1832 βουλόμενος,
563 1795 610 1822 καὶ
638 1796 701 1827 τοὺς
731 1795 800 1830 ὑπὲρ
824 1795 874 1831 τῆς
899 1795 999 1832 ἀρετῆς

168 1849 282 1876 ἐκλῦσαι
302 1847 409 1879 πόνους,
435 1847 482 1873 καὶ
502 1846 532 1872 τὸ
555 1846 682 1881 μέγιστον
700 1847 749 1881 τῆς
771 1845 927 1881 ἐλευθερίας
949 1847 1000 1881 ἀφ-

168 1898 278 1925 ελέσθαι
288 1897 384 1933 δῶρον.
396 1896 481 1923 Τοῦτο
492 1895 537 1922 διὰ
550 1895 694 1930 κλῃδόνων,
706 1894 784 1922 τοῦτο
791 1895 834 1922 διὰ
847 1895 999 1931 συμϐόλων,

167 1949 248 1976 τοῦτο
270 1947 316 1974 διὰ
332 1946 547 1982 παρατηρήσεως
564 1944 685 1980 ἡμερῶν,
699 1944 778 1971 τοῦτο
795 1944 839 1971 διὰ
855 1944 902 1971 τοῦ
915 1939 999 1980 ’πονη-

169 1999 217 2037 ροῦ
232 1999 280 2034 τῆς
295 1997 465 2033 εἱμαρμένης
479 1996 623 2032 δόγματος,
637 1995 715 2022 τοῦτο
729 1995 764 2022 δι’
777 1995 877 2030 ἐτέρων
895 1996 1000 2022 πολλῶν

169 2052 210 2083 είς
229 2050 276 2077 τὸν
291 2048 347 2084 βίον
362 2047 494 2083 εἰσήγαγε
512 2046 543 2073 τὺ
563 2046 680 2082 χαλεπὸν
704 2046 820 2082 νόσημα,
843 2046 932 2073 πάντα
945 2047 1000 2074 ἄνω

169 2101 218 2127 καὶ
231 2100 307 2127 κάτω
319 2098 413 2125 ποιῶν.
429 2097 468 2124 Δι’
483 2097 497 2123 ὃ
510 2096 541 2132 δὴ
558 2096 604 2123 καὶ
620 2097 635 2123 6
652 2097 794 2132 προφήτης
806 2096 928 2132 σφοδρῶς
936 2096 1001 2133 ἐστη

170 2149 344 2185 κατηγορῶν,
367 2147 438 2174 ὥστε
454 2147 601 2182 πρόρριζον
614 2145 770 2173 ἀνασπάσαι
784 2146 813 2173 τὸ
829 2145 923 2178 πάθος.
946 2147 1001 2174 Καὶ

169 2198 263 2224 τέκνα
276 2196 376 2224 πολλὰ
385 2195 546 2229 ἀλλόφυλα
559 2187 703 2230 ἐγεννήθη
715 2193 825 2227 αὐτοῖς.

206 2246 240 2279 ζ’.
251 2247 285 2273 Τί
300 2247 369 2278 ἐστι,
384 2245 476 2272 Τέκνα
489 2244 650 2279 ἀλλόφυλα
661 2252 672 2276 ;
687 2245 778 2280 Νόμος
790 2242 824 2280 ἦν
835 2244 924 2276 αὐτοῖς
935 2244 1004 2272 ἄνω-

170 2299 217 2325 θεν
231 2297 356 2332 κείμενος
367 2296 411 2323 διὰ
425 2295 455 2323 τὸ
469 2295 519 2330 τῆς
531 2295 644 2330 γνώμης
658 2294 672 2315 ιι
688 2294 835 2327 εὐόλισθον,
847 2295 894 2321 καὶ
908 2295 939 2322 τὺ
953 2295 1003 2330 τῆς

170 2347 291 2379 διανοίας
308 2346 519 2381 εὐεξαπάτητον,
543 2345 637 2381 μηδενὶ
656 2345 712 2372 τῶν
730 2344 831 2372 λοιπῶν
853 2344 1003 2381 ἀνθρώπων

171 2395 377 2432 ἐπιμίγνυσθαι,
395 2395 466 2422 ὥστε
490 2394 527 2430 μὴ
547 2394 676 2426 τοιαύτας
697 2393 857 2429 συγγενείας
875 2393 1004 2426 ἀσεϐείας

172 2446 301 2472 ὑπόθεσιν
313 2445 449 2480 γενέσθαι.
469 2444 578 2480 Ἐπειδὴ
589 2444 643 2480 γὰρ
658 2445 688 2471 οὐ
704 2445 783 2480 μόνον
801 2444 911 2480 ἐτέρους
933 2444 1003 2480 διορ-

173 2497 259 2524 θῶσαι
274 2497 325 2523 οὺκ
350 2496 452 2531 ῐσχυον,
475 2495 531 2523 ἀλλ’
548 2495 608 2522 ούδέ
629 2494 678 2530 τὴν
698 2495 762 2530 παρ’
783 2494 883 2530 ἐτέρων
903 2492 953 2521 οἷοί
974 2502 1004 2520 τε

173 2545 244 2582 ἦταν
270 2545 462 2581 διακρούεσθαι
477 2545 588 2580 βλάϐην,
604 2544 642 2580 τῷ
664 2544 739 2579 νόμῳ
752 2544 874 2579 τειχίσας
894 2543 1002 2575 αὐτοὺς,

176 2597 281 2632 καὶτῆς
294 2595 362 2632 πρὸς
378 2595 442 2628 τοὺς
455 2595 563 2627 λοιποὺς
577 2594 717 2630 ἐπιμιξίας
731 2594 828 2626 αὐτοὺς
836 2594 1003 2629 ἀποστήσας,

175 2647 236 2675 κατ’
257 2647 325 2674 ιδίαν
348 2645 446 2677 αὐτοὺς
463 2645 576 2672 ἐπλαττε
594 2644 642 2672 καὶ
667 2644 829 2680 ἐῤῥύθμιζεν
840 2654 846 2660 ·
864 2644 1004 2680 ἀγαπητὸν

175 2691 230 2726 γὰρ
246 2689 280 2726 ἦν
297 2691 344 2717 καὶ
355 2689 442 2721 οὕτως
455 2689 605 2724 ἀγομένους
618 2688 762 2724 δυνηθῆναι
775 2688 936 2724 διατηρῆσαι
957 2687 1005 2724 τὴν

176 2741 250 2776 παρὰ
266 2739 314 2767 τοῦ
330 2739 397 2767 Θεοῦ
405 2739 548 2775 δεδομένην
563 2738 700 2766 πολιτείαν
708 2739 809 2770 αὐτοῖς,
828 2738 896 2765 Ἀλλ’
911 2737 1005 2774 ὥσπερ

206 2827 218 2842 ³
231 2827 307 2852 Savil.
324 2829 352 2852 et
365 2827 427 2858 Reg.
447 2826 486 2850 διὰ
494 2826 594 2858 πάντων
617 2824 688 2858 τοῦτο
707 2824 800 2858 πεῖσαι,
824 2825 913 2858 τρειίιιξ

176 2858 261 2882 ﬂore].
274 2862 301 2882 el.
312 2855 453 2888 Bavarfqui
464 2856 534 2882 habet
545 2855 742 2888 Toﬁ‘rmvdﬁﬁaimz
762 2855 821 2888 Ιιιίιῄε
836 2855 877 2879 δύο
884 2855 913 2888 7δέ
923 2855 1004 2888 mira:

175 2890 278 2914 Alienus
288 2886 426 2923 leggndum
435 2891 502 2919 pum.
514 2888 555 2912 δύο
567 2888 595 2916 δὴ
606 2886 688 2912 ταῦτα.
703 2886 766 2912 Infra
781 2887 819 2910 διὰ
828 2886 961 2918 συμϐόλων,
976 2886 1006 2912 Μ

177 2924 214 2943 ρει
218 2939 223 2948 ,
235 2927 278 2948 per
290 2926 380 2944 omnm.

206 2952 220 2970 δ
234 2949 293 2979 "ex.
309 2955 335 2975 ει
356 2949 431 2975 Savil.
447 2949 610 2980 τῆςγνώσεως.

934 2830 1006 2854 quam

1048 121 1124 150 CAP.
1146 122 1177 150 ll.
1847 129 1882 157 36

1054 179 1104 212 τὰς
1131 179 1214 212 ἄλλας
1238 181 1402 216 παρέϐαινον
1425 183 1544 217 ἐντολὰς,
1561 184 1632 210 οὕτω
1652 185 1684 220 δὴ
1710 185 1756 212 καὶ
1780 185 1882 222 ταύτης

1055 223 1238 259 ὑπεριδόντες,
1267 226 1419 261 μετέϐησαν
1431 227 1498 262 πρὸς
1520 228 1572 260 τὰς
1593 229 1647 255 τῶν
1672 229 1785 264 πλησίον
1807 230 1884 266 ἀγχι-

1053 274 1154 307 στείας,
1173 274 1220 301 καὶ⁷
1230 275 1337 311 νύμφας
1348 277 1451 304 ἐκεῖθεν
1463 277 1590 313 ἀγόμενοι
1604 283 1615 298 ε
1632 278 1708 315 παρὰ
1719 279 1882 314 Μωαϐιτῶν,

1053 328 1110 366 [28]
1127 331 1202 367 παρὰ
1223 332 1415 368 Ἀμμανητῶν,
1440 334 1505 370 παρ’
1534 334 1634 371 ἐτέρων
1655 335 1760 363 ἀσεϐῶν
1785 335 1882 369 ἐθνῶν,

1053 380 1098 406 καὶ
1117 382 1166 413 τὰς
1191 382 1273 415 ἄλλας
1300 384 1483 420 ἀσπαζόμενοι
1510 385 1678 420 συγγενείας,
1707 376 1887 418 διδασκάλους

1051 432 1184 467 πονηρίας
1194 433 1324 468 ἐδέχοντο,
1333 434 1418 461 καὶτὸ
1428 435 1477 471 τῆς
1487 436 1624 470 εὐγενείας
1633 436 1761 472 ἀκέραιον
1769 436 1884 471 διέφθει-

1054 490 1108 517 ρον.
1125 482 1210 509 Τοῡτο
1227 483 1316 510 τοίνυν
1331 485 1399 520 μετὰ
1410 485 1464 512 τῶν
1477 485 1564 512 ἄλλων
1579 486 1593 512 6
1608 487 1750 522 προφήτης
1761 486 1881 520 ἐγκαλεῖ.

1057 533 1246 569 Ἕνεπλήσθη
1255 536 1310 570 γὰρ
1326 536 1345 570 ἠ
1357 536 1436 571 χώρα
1446 536 1554 569 αὐτῶν,
1575 539 1666 574 φησὶν,
1684 538 1824 573 ἀργυρίου
1832 538 1883 566 καὶ

1051 584 1190 617 χρυσίου,
1205 584 1254 611 καὶ
1268 587 1323 612 οὐκ
1338 586 1378 620 ἦν
1392 587 1514 621 ἀριθμὸς
1528 587 1587 615 τῶν
1597 588 1756 622 θησαυρῶν
1772 588 1880 616 αὐτῶν.

1052 632 1104 659 Καὶ
1111 633 1284 669 ἐνεπλήσθη
1293 635 1312 669 ἡ
1321 635 1358 670 γῆ
1366 636 1464 664 αὐτῶν
1475 637 1583 669 ἵππων,
1590 637 1638 664 καὶ
1647 639 1702 665 οὐκ
1712 635 1751 673 ἦν
1761 637 1883 672 ἀριθμὸς

1052 681 1112 709 τῶν
1128 683 1265 718 ἁρμάτων
1286 685 1393 713 αὐτῶν.
1410 687 1466 714 Καὶ
1479 688 1553 714 ποῖον
1572 687 1698 724 ἔγκλημα
1710 687 1798 719 τοῦτο,
1818 687 1883 718 ἴσως

1051 730 1123 758 εἴποι
1133 741 1175 764 τις
1186 733 1229 766 ἂν,
1241 734 1272 769 τρ
1284 735 1413 770 χρήματα
1431 735 1514 771 ἔχειν,
1533 737 1580 763 καὶ
1600 737 1698 768 ἵππους
1720 735 1881 770 κεκτῆσθαι,

1051 784 1099 810 καὶ
1115 784 1232 819 μάλιστα
1247 786 1293 813 ἐπὶ
1305 788 1355 822 τῆς
1371 789 1468 822 γενεᾶς
1478 789 1595 824 ἐκείνης,
1619 789 1663 816 ὅτε
1679 789 1709 816 οὐ
1732 789 1817 824 πολλὴ
1836 797 1883 824 φι-

1046 833 1178 871 λοσοφίας
1197 835 1230 872 ἦν
1249 838 1393 874 ἀκρίϐεια;
1409 839 1441 865 Τί
1455 838 1500 867 οὖν
1515 840 1546 867 ἂν
1560 841 1682 876 εἴποιμεν
1693 849 1701 874 ;
1712 840 1773 867 ’Ότι
1789 840 1820 866 ού
1833 839 1883 876 τὴν

1051 887 1148 922 χρῆσιν
1175 887 1323 921 διέϐαλλεν,
1348 890 1414 917 ἀλλὰ
1435 890 1483 926 τὴν
1505 889 1616 926 γνώμην
1635 891 1684 926 τὴν
1701 891 1750 917 οὒκ
1770 891 1809 922 είς
1825 889 1883 917 δέον

1052 939 1142 972 αὐτοῖς
1158 941 1338 977 κεχρημένην.
1359 943 1464 978 Ὥσπερ
1489 943 1544 978 γὰρ
1572 943 1635 970 ὅταν
1659 942 1735 978 λέγῃ,
1759 941 1830 969 Οὐαὶ
1856 944 1883 969 οι

1052 990 1219 1024 ἰσχύοντες,
1236 992 1265 1017 ού
1282 992 1331 1027 τὴν
1351 992 1509 1020 δυναστείαν
1527 993 1656 1024 αἰτιᾶται,
1671 992 1738 1019 ἀλλὰ
1754 993 1818 1024 τοὺς
1833 1000 1883 1019 κα-

1051 1039 1107 1071 κῶς
1122 1042 1155 1076 τῇ
1170 1041 1312 1076 δυναστείᾳ
1327 1042 1511 1078 κεχρημένους
1521 1050 1528 1058 ·
1552 1042 1623 1069 οὕτω
1642 1042 1673 1078 δὴ
1692 1043 1738 1069 καὶ
1755 1042 1882 1074 ἐνταῦθα,

1051 1089 1099 1124 οὐχ
1117 1090 1158 1116 ὅτι
1174 1092 1303 1126 χρήματα
1319 1092 1474 1127 ἐκέκτηντο,
1497 1092 1555 1119 ἀλλ’
1574 1093 1614 1119 ὅτι
1637 1092 1706 1128 μετὰ
1722 1092 1821 1128 πολλῆς
1836 1093 1883 1128 τῆς

1051 1140 1219 1175 περιουσίας,
1245 1141 1292 1170 καὶ
1317 1141 1387 1175 ὑπὲρ
1409 1141 1461 1176 τὴν
1489 1142 1582 1177 χρείαν
1609 1142 1733 1177 συνῆγον.
1754 1143 1814 1169 οὐκ
1833 1140 1882 1177 ἦν,

1051 1189 1143 1225 φησὶν,
1160 1191 1284 1225 ἀριθμὸς
1297 1190 1357 1218 τῶν
1380 1191 1540 1226 θησαυρῶν
1555 1192 1664 1219 αὐτῶν.
1687 1193 1742 1220 Καὶ
1756 1193 1785 1219 οὺ
1804 1192 1884 1219 τοῦτο

1053 1241 1142 1276 μόνον,
1165 1241 1223 1268 ἀλλ’
1249 1242 1289 1268 ὅτι
1309 1242 1495 1277 πεφυσημένοι
1519 1242 1557 1278 τῷ
1581 1242 1687 1278 πλούτῳ
1705 1243 1751 1270 καὶ
1769 1244 1802 1279 τῇ
1828 1243 1883 1270 τῶν

1051 1291 1143 1317 ἵππων
1165 1291 1309 1327 δυναστείᾳ
1331 1292 1402 1319 κατὰ
1427 1292 1523 1328 μικρὸν
1554 1293 1608 1320 ἀπὸ
1628 1293 1677 1329 τῆς
1699 1294 1738 1326 είς
1758 1294 1803 1321 τὺν
1817 1293 1884 1321 Θεδν

1052 1341 1158 1374 ἐλπίδος
1179 1343 1374 1379 παρεσύροντο,
1387 1343 1401 1370 ὃ
1416 1344 1462 1370 καὶ
1480 1343 1596 1379 ἀλλαχοῦ
1611 1344 1701 1376 αὐτοῖς
1715 1345 1729 1371 6
1742 1345 1884 1380 προφήτης

1051 1393 1157 1428 ἔλεγεν·
1178 1394 1249 1421 οὐαὶ
1266 1396 1292 1422 οἱ
1306 1395 1480 1428 πεποιθότες
1497 1395 1546 1422 ἐπὶ
1568 1395 1606 1430 τῇ
1625 1395 1748 1430 δυνάμει
1773 1396 1883 1430 αὐτῶν,

1052 1444 1101 1470 καί
1117 1444 1166 1471 ἐπὶ
1183 1443 1222 1477 τῷ
1239 1444 1347 1478 πλήθει
1363 1446 1416 1473 τοῦ
1429 1446 1562 1473 πλούτου
1577 1446 1678 1473 αὐτῶν
1695 1446 1883 1482 ἐγκαυχιὶψε-

1051 1500 1108 1519 νοι.
1125 1492 1180 1518 Καὶ
1196 1492 1275 1519 πάλιν
1296 1493 1424 1530 ἑτέρωθι·
1455 1495 1496 1522 οὐ
1522 1493 1643 1525 σώζεται
1661 1495 1811 1528 βασιλεὺς
1835 1495 1884 1523 διὰ

1051 1543 1171 1579 πολλὴν
1186 1545 1323 1580 δύναμιν,
1336 1545 1385 1572 καὶ
1399 1544 1484 1580 γίγας
1497 1545 1533 1572 οὐ
1547 1545 1714 1579 σωθήσεται
1728 1546 1763 1572 ἐν
1776 1546 1884 1579 πλήθει

1053 1596 1159 1630 ἰσχύος
1177 1595 1280 1623 αὐτοῦ.
1301 1596 1357 1623 Καὶ
1366 1597 1394 1622 ἐν
1410 1595 1494 1631 ἑτέρῳ
1517 1595 1545 1622 δὲ
1563 1595 1643 1623 πάλιν
1665 1596 1764 1632 ψαλμῷ
1786 1605 1882 1632 φησιν·

1050 1647 1110 1674 Οὐκ
1128 1646 1162 1673 έν
1180 1645 1217 1680 τῇ
1231 1646 1391 1679 δυναστείᾳ
1412 1646 1465 1673 τοῦ
1488 1646 1582 1673 ἵππου
1608 1645 1740 1679 θελήσει,
1764 1646 1833 1674 οὐτε
1850 1647 1885 1675 ὲν

1053 1698 1117 1730 ταῖς
1136 1697 1262 1732 κνήμαις
1280 1697 1333 1725 τοῦ
1347 1697 1455 1732 ἀνδρὸς
1470 1697 1597 1726 εὐδοκεῖ.
1619 1697 1763 1724 Εὺδοιιεῖε1
1778 1699 1885 1732 ΚίῬιος

1053 1747 1102 1774 ἐπὶ
1117 1747 1189 1780 τοὺς
1210 1747 1413 1782 φοϐουμένους
1434 1747 1536 1774 αὐτόν.
1556 1747 1610 1773 Καὶ
1623 1747 1796 1782 ἐνεπλήσθη
1812 1749 1832 1782 ἠ
1845 1749 1884 1784 γῆ

1051 1796 1269 1832 βδελυγμάτων
1293 1795 1353 1823 τῶν
1377 1797 1471 1831 ἔργων
1494 1796 1553 1823 τῶν
1575 1796 1682 1831 χειρῶν
1707 1796 1816 1830 αὐτῶν,
1834 1798 1884 1824 καί

1054 1848 1289 1882 προσεκύνησαν
1314 1844 1359 1879 οἷς
1382 1846 1530 1881 ἐποίησαν
1552 1848 1579 1873 οι
1602 1846 1744 1874 δάκτυλοι
1776 1847 1884 1875 αὐτῶν.

1055 1898 1160 1934 ’Ὠσπερ
1180 1897 1260 1932 σοφὸς
1276 1897 1376 1933 ἰατρὸς,
1397 1898 1411 1923 ὁ
1435 1897 1576 1932 προφήτης
1597 1897 1642 1923 τοῦ
1661 1898 1815 1933 νοσήματος
1836 1898 1885 1934 τὴν

1055 1948 1143 1974 αἰτίαν
1159 1947 1242 1982 λέγει,
1256 1936 1302 1974 καὶ
1315 1947 1365 1983 τὴν
1377 1946 1467 1982 πηγὴν
1480 1947 1527 1973 τοῦ
1534 1947 1696 1982 νοσήματος.
1710 1947 1821 1974 Μέλλων
1831 1947 1886 1983 γὰρ

1055 1998 1215 2033 κατηγορεῖν
1237 1996 1326 2023 αὐτῶν
1349 1996 1398 2031 τὴν
1420 1995 1557 2028 ἀσέϐειαν,
1586 1995 1730 2032 προλαϐὼν
1753 1993 1813 2023 εἵπε
1836 1998 1885 2029 τὰς

1055 2047 1182 2083 ἀφορμὰς
1200 2047 1251 2082 τῆς
1276 2046 1440 2082 ἀρρωστίας,
1466 2045 1657 2082 φιλαργυρίαν,
1677 2046 1816 2079 ἀπόνοιαν,
1836 2047 1886 2079 τὰς

1055 2097 1085 2123 οὺ
1106 2096 1295 2132 προσηκούσας
1319 2095 1469 2132 ἐπιμιξίας,
1496 2095 1583 2131 δηλῶν
1610 2096 1650 2122 ὅτι
1673 2096 1797 2123 ἐντεῦθεν
1814 2097 1886 2124 κατά

1058 2146 1153 2182 μικρὸν
1167 2146 1399 2182 ύπεσκελίσθησαν
1415 2146 1455 2177 είς
1474 2145 1504 2173 τὸ
1520 2146 1570 2179 τῆς
1587 2145 1723 2177 ἀπωλείας
1738 2145 1884 2181 βάραθρον.

1056 2197 1104 2223 καὶ
1126 2196 1222 2223 εῐδωλα
1247 2196 1462 2233 προσεκύνησαν.
1480 2193 1545 2223 Εἶτα
1568 2195 1706 2231 κωμῳδῶν
1727 2195 1816 2222 αὐτῶν
1836 2195 1886 2234 τὴν

1056 2246 1212 2283 θρησκείαν,
1227 2247 1361 2282 ἐπήγαγε,
1382 2246 1442 2273 Τῶν
1461 2246 1555 2281 ἔργων
1572 2245 1630 2272 τῶν
1645 2245 1752 2280 χειρῶν
1774 2244 1884 2274 αὐτῶν.

1056 2298 1089 2324 Τί
1110 2298 1164 2333 γὰρ
1180 2298 1214 2324 ἃν
1232 2297 1336 2332 γένοιτο
1355 2295 1620 2331 καταγελαστότερον
1642 2294 1715 2327 ἀλλο,
1733 2294 1751 2330 ἢ
1762 2294 1826 2322 ὅταν
1840 2295 1887 2323 ἀν-

1057 2349 1165 2386 θρωπος
1173 2348 1338 2384 δημιουργὸς
1378 2348 1438 2374 θεοῦ
1448 2356 1455 2381 ;
1466 2347 1606 2381 Βδέλυγμα
1620 2345 1648 2372 δέ
1658 2344 1752 2373 εἴωθεν
1765 2345 1886 2384 ήΓραφὴ

1057 2401 1149 2427 καλεῖν
1170 2399 1204 2426 τὰ
1218 2400 1331 2426 είδωλα·
1348 2398 1471 2425 ἐντεῦθεν
1493 2398 1539 2424 καὶ
1560 2396 1696 2432 βδέλυγμα
1721 2395 1887 2432 ἐρημώσεως

1057 2451 1164 2485 λέγεται
1176 2452 1189 2477 6
1199 2450 1307 2486 ἀνδριὰς
1317 2451 1330 2476 6
1341 2449 1387 2476 ἐπὶ
1395 2448 1441 2475 τοῦ
1449 2448 1512 2475 ναοῠ
1523 2447 1618 2480 ἑστώς.
1631 2447 1783 2482 ὀτανγὰρ
1794 2446 1886 2480 ιδητε,

1058 2501 1133 2536 φησὶ,
1147 2500 1180 2527 τὸ
1192 2500 1347 2534 ,βδέλυγμα
1366 2498 1421 2532 τῆς
1437 2497 1611 2532 ἐρημώσεως
1637 2496 1732 2529 ἑστὼς
1752 2496 1786 2522 ὲν
1807 2496 1888 2529 τόπῳ

1057 2551 1129 2586 ἁγίῳ
1144 2559 1151 2566 ·
1170 2552 1186 2577 d
1203 2549 1416 2585 ἀναγινώσκων
1438 2549 1552 2575 νοείτω.
1586 2547 1692 2582 Ἐπειδὴ
1714 2546 1768 2581 γὰρ
1790 2545 1888 2578 αὐτοὺς

1058 2601 1184 2636 ἀπήγαγε
1199 2599 1246 2626 τοῦ
1260 2599 1326 2634 πρὸς
1341 2598 1376 2626 τὰ
1388 2598 1504 2634 αἰσθητὰ
1519 2598 1678 2632 ἐπτοῆσθαι,
1701 2596 1887 2632 ἀπηγόρευσεν

1058 2652 1148 2682 αὐτοῖς
1171 2651 1224 2677 πᾶν
1241 2649 1413 2684 ἐξεικόνισμα
1429 2649 1557 2684 ποιῆσαι·
1586 2649 1633 2676 καὶ
1657 2647 1794 2683 βδέλυγμα
1809 2645 1888 2673 τοῦτο

1058 2700 1180 2733 ἐκάλεσε,
1196 2699 1336 2736 πόρρωθεν
1346 2699 1444 2731 αὐτοὺς
1457 2698 1625 2726 ἀναστέλλων
1639 2697 1690 2733 τῆς
1701 2696 1825 2728 ἀσεϐείας
1836 2703 1843 2712 ο
1857 2695 1888 2722 τὸ

1058 2751 1112 2786 γὰρ
1132 2750 1318 2786 βδελύττεσθαι
1342 2750 1372 2777 τὺ
1394 2750 1453 2785 μεθ’
1466 2749 1618 2785 ὑπερϐολῆς
1634 2749 1692 2775 ἐστι
1724 2748 1823 2783 μισεῖν,
1847 2746 1885 2778 ὡς

1058 2801 1223 2837 ἀκάθαρτον,
1234 2800 1271 2832 ὡς
1287 2801 1390 2834 ἐναγές.
1415 2801 1452 2827 Τὸ
1468 2800 1556 2827 τοίνυν
1577 2798 1713 2834 βδέλυγμα
1729 2796 1760 2824 τὸ
1776 2794 1888 2832 μισητὸν

1091 2919 1102 2932 ε
1117 2917 1177 2947 Reg.
1191 2918 1214 2940 ei
1225 2913 1461 2947 εει-ᾕμᾶναγόμενοι.

1091 2947 1105 2967 τι
1116 2939 1177 2979 Reg;
1189 2945 1287 2971 εὐδοκιεῖ
1304 2945 1328 2968 iu
1341 2939 1429 2974 fu'lu'ro,
1441 2942 1508 2974 quasi
1519 2940 1549 2966 ab
1563 2939 1684 2968 ιύδοκίζω.
