2068 3130
195 116 230 142 5'1
857 115 890 143 IN
920 114 1044 149 ISAIAM,
1058 114 1134 144 CAP.
1156 115 1188 144 ll.
1808 121 1843 148 38

195 178 282 199 sancto
293 181 302 205 ;
315 173 361 208 qui
375 173 453 212 legit,
466 172 591 209 intelligat
606 171 713 209 (Matth.
729 172 773 199 ει.
789 172 844 207 15).
858 172 991 208 Quoniam

196 219 266 246 enim
276 219 349 253 ipsos
359 219 508 246 abduxerat
516 226 550 246 ne
559 218 665 245 sensilia
680 217 887 251 admirarentur,
901 217 991 253 prohi-

195 265 252 292 ltuit
259 265 324 300 ipsis
332 273 367 292 ne
376 266 500 301 quamvis
508 265 651 300 imaginem
663 265 795 297 facerent;
804 264 920 300 illudque
931 264 993 292 abo-

197 311 370 338 minationem
384 311 500 343 vocavit,
514 311 606 346 procul
622 311 681 338 illos
693 318 807 339 avocans
821 311 854 338 ab
869 312 992 346 impieta-

194 356 350 392 te.(Dan.9.
361 357 420 393 27).
436 357 502 384 Nam
518 357 666 384 abominari
681 364 762 391 supra
779 357 887 384 modum
901 356 991 383 odisse

193 409 250 436 est,
276 403 353 438 quasi
376 404 528 440 impurum,
550 403 626 438 quasi
652 403 855 431 exsecrandum.
878 402 990 429 Abomi-

192 449 282 476 nabile
297 450 386 484 igitur,
410 457 533 484 perosum
546 454 574 476 et.
588 450 727 477 aversione
745 449 853 483 dignum
871 448 898 475 in
920 448 990 476 Scri-

196 500 270 528 ptura
286 494 393 522 dicitur.
411 495 513 523 ldolum
528 500 617 523 autem
632 495 743 530 quodvis
764 495 916 530 hujusmodi
937 499 987 522 est.

193 539 227 566 Et
241 540 410 568 adorarmnt
422 549 479 576 qua
491 543 603 576 fecerunt
615 541 688 577 digiti
698 549 795 568 eorum.
810 541 837 568 9.
849 541 883 568 Et
902 541 990 568 incur-

192 587 258 613 vam't
281 595 308 614 se
328 587 420 620 homo,
435 593 458 614 et
478 588 625 615 humiliatus
640 592 676 615 est
696 589 744 616 vir.
759 587 988 622 Quemadmodum

192 633 263 660 enim
279 634 400 660 adoratio
415 634 460 661 Dei
473 634 608 662 hominem
622 634 648 660 in
662 634 744 661 altum
758 634 858 667 evehit,
880 635 918 661 sic
940 633 988 660 ad-

191 679 278 705 oratio
293 687 386 707 eorum
399 679 526 715 deprimit
539 680 691 715 dejieitque.
701 679 769 714 Quid
779 680 850 707 enim
860 679 988 714 abjectius

192 722 302 752 homine
312 745 319 756 .
335 724 379 760 qui
401 733 416 752 a
428 726 513 753 salute
526 725 635 758 decidit,
652 725 890 760 universorumque
906 726 987 753 Deum

191 769 330 797 inimicum
343 770 394 798 sibi
411 771 546 804 reddidit,
562 771 608 806 qui
623 771 776 798 inanimatis
793 778 822 798 se
835 771 983 803 submittit,

191 820 218 842 et
233 815 335 850 lapides
347 816 429 844 colit?
441 817 512 844 Deus
519 817 618 852 quippe
633 819 660 844 in
675 821 776 844 tantum
792 825 841 844 nos
857 817 986 844 honorem

190 860 280 888 evexit
292 881 299 894 ,
312 866 340 888 ut
352 862 426 890 ctelis
439 862 518 890 etiam
532 870 582 890 nos
595 863 764 890 sublimiores
776 862 917 896 redderet;
928 863 981 890 dia.

190 906 271 934 holus
281 915 327 934 eos
342 909 386 942 qui
402 908 453 936 sibi
468 908 683 944 obsequebantur
698 909 724 936 in
741 913 841 936 tantam
857 909 985 936 vilitatem

190 953 311 987 deduxit,
326 959 355 982 ut
369 955 540 983 insensilibus
552 955 735 983 insensiliores
749 955 861 982 faceret.
875 955 937 983 Ideo
949 956 986 982 ait

190 999 319 1034 propheta
335 1008 342 1026 :
359 1000 514 1028 Humiliatus
533 1005 569 1028 est
588 1001 636 1027 vir.
658 999 816 1028 Sufliciebat
834 1005 906 1028 certe
928 1000 985 1028 lucc

189 1047 324 1074 accusatio
339 1051 368 1074 ut
387 1052 476 1075 mente
492 1047 630 1082 praeditum
646 1047 679 1074 ab
694 1047 745 1074 hoc
759 1047 854 1074 morbo
867 1047 983 1075 abduce.-

156 1124 159 1125 ν
189 1097 241 1119 ret.
258 1093 356 1120 Verum
378 1093 440 1128 quia
459 1093 580 1129 plerique
594 1093 716 1121 homines
729 1100 783 1120 non
798 1097 851 1120 tam
875 1099 984 1128 peccata

187 1146 269 1172 quam
285 1139 414 1173 supplicia
439 1138 593 1172 formidant,
608 1139 652 1166 ille
669 1139 828 1173 supplicium
851 1138 982 1173 adjunxit,

186 1183 283 1211 dicens
299 1193 306 1209 :
332 1183 392 1211 Non
414 1185 539 1211 dimittam
553 1193 605 1212 eos.
621 1184 678 1212 Non
699 1184 868 1218 condonabo,
885 1184 981 1220 inquit,

189 1236 244 1256 non
258 1229 401 1263 dimittam,
414 1237 466 1258 non
486 1230 628 1265 negligam,
641 1229 689 1258 sed
702 1229 820 1258 rationes
837 1237 983 1266 pmnaSque

187 1281 308 1311 repetam
332 1277 476 1304 scelerum.
492 1277 535 1304 10.
552 1276 586 1304 Et
599 1285 666 1303 nunc
679 1276 781 1305 introitu
803 1277 830 1304 in
846 1281 943 1312 petras,
959 1281 983 1304 et

186 1323 372 1350 abscondimini
383 1324 409 1350 in
422 1328 488 1350 terra
500 1332 515 1350 α
529 1324 594 1359 facie
603 1323 699 1350 timoris
708 1323 823 1351 Domini.
838 1324 982 1359 Postquam

186 1369 295 1396 illorum
305 1369 547 1405 insipientiam,qni
561 1369 630 1398 idola
643 1370 766 1403 adorant,
779 1370 845 1398 satis
854 1370 980 1405 traduxit,

184 1418 212 1440 et
226 1421 242 1441 a
257 1414 336 1442 modo
349 1414 497 1443 fabricandi
509 1423 602 1444 eorum
619 1417 761 1443 amentiam
777 1416 905 1453 ostendit,
917 1424 980 1444 nec-

186 1467 241 1486 non
255 1460 384 1488 idolorum
396 1461 622 1495 imbecillitatem;
633 1469 725 1489 rursus
736 1462 824 1490 verbis
832 1467 980 1498 eoncertat,

182 1511 213 1534 ct
224 1507 355 1535 dictorum
373 1508 572 1542 inquisitionem
582 1515 672 1536 rerum
686 1509 857 1546 experientiae
869 1509 981 1544 permit-

186 1555 228 1587 tit,
244 1554 332 1590 aitque
348 1562 355 1581 :
369 1554 525 1582 Sufficiebat
536 1554 600 1582 mihi
615 1562 662 1590 per
672 1554 723 1582 hoc
736 1554 823 1589 ipsum
837 1555 907 1590 quod
923 1554 981 1583 hzec

182 1599 255 1626 facta
271 1603 333 1627 sunt
347 1600 380 1628 ab
393 1600 555 1634 hominibus,
571 1608 666 1628 eorum
679 1600 725 1636 qui
740 1599 845 1636 decepti
860 1605 922 1628 sunt
938 1601 980 1628 in-

183 1645 336 1679 sipientiam
349 1646 517 1674 ostendisse:
530 1646 591 1682 quia
604 1653 668 1674 vero
678 1646 814 1682 impietate
827 1655 876 1675 ceu
892 1647 981 1676 ebrie-

183 1695 241 1719 tate
255 1691 369 1727 quadam
381 1693 527 1728 aggravati,
543 1693 614 1720 circa
629 1700 672 1720 res
685 1693 771 1721 claras
783 1696 811 1721 et
824 1693 981 1721 manifestas

182 1738 346 1770 ctecutiunt,
363 1738 429 1766 tales
444 1739 536 1766 urbem
552 1738 685 1774 excipient
697 1739 873 1772 calamitates,
890 1744 919 1767 ut
938 1740 980 1767 vel

184 1791 233 1810 eos
254 1784 299 1818 qui
321 1783 465 1812 admodum
489 1785 587 1820 stupidi
609 1790 671 1812 sunt
695 1785 818 1818 doceant,
833 1791 930 1821 quanta
947 1787 982 1814 sit

184 1829 293 1856 illorum
304 1829 486 1862 imbecillitas,
499 1834 527 1857 et
544 1834 642 1864 quanta
657 1830 703 1857 Dei
717 1831 846 1865 potentia.

220 1875 248 1902 8.
271 1875 372 1902 Idcirco
385 1881 525 1911 antequam
539 1875 572 1903 dc
585 1876 654 1903 bello
668 1876 801 1911 loquatur,
816 1884 876 1912 quae
888 1885 921 1904 ex
935 1877 980 1905 illo

183 1926 382 1956 consequutura
396 1921 449 1949 sint
461 1922 557 1956 aperit,
573 1922 730 1958 prmcipiens
742 1927 770 1949 ut
784 1923 809 1949 in
831 1929 920 1958 petras
938 1923 963 1950 in
973 1937 980 1944 -

182 1966 350 2002 grediantur,
374 1971 402 1994 et
418 1967 468 1994 sub
486 1967 543 2002 ipsa
564 1972 634 1994 terra
655 1967 823 2001 delitescant,
843 1976 895 1995 non
912 1972 940 1995 ut
954 1968 979 1995 id

184 2017 275 2048 agant,
288 2013 336 2041 sed
349 2017 377 2040 ut
391 2013 451 2040 hinc
461 2014 590 2046 ediscant,
609 2022 688 2049 quam
703 2014 865 2042 intoleranda
887 2015 923 2042 sit
942 2015 980 2042 ira

186 2059 234 2086 ltei
250 2064 312 2086 tunc
327 2059 388 2086 illos
410 2060 544 2088 invasura.
587 2059 652 2087 Nam
667 2060 704 2087 ait
719 2069 727 2087 :
747 2059 936 2087 Abscondimini
955 2069 981 2087 ιη

184 2110 254 2131 terra
271 2113 288 2131 α
305 2105 370 2140 facie
389 2105 485 2132 timoris
508 2104 620 2138 Domini,
637 2110 660 2132 et
682 2114 697 2132 a
720 2104 802 2141 gloria
824 2106 981 2141 fortitudinis

184 2152 253 2187 ejus,
269 2160 327 2178 cum
340 2152 476 2179 surrexerit
486 2157 614 2187 percutere
629 2156 730 2178 teri-ant.
746 2151 804 2179 Non
817 2153 852 2179 ait
865 2157 980 2184 tantum,

185 2199 206 2224 A
223 2197 380 2225 fortitudine
398 2198 471 2232 ejus,
490 2198 549 2230 sed,
570 2198 593 2224 Α
614 2198 696 2233 gloria
718 2199 883 2234 fortitudinis.
907 2198 982 2226 Talia

186 2251 304 2279 namque
318 2248 381 2271 sunt
393 2245 450 2278 ejus
465 2244 592 2279 praeclara
607 2249 691 2279 gesta,
707 2245 768 2272 talia
783 2250 893 2280 tropum,
913 2245 980 2272 mul-

186 2294 243 2316 tum
260 2289 442 2324 splendorem,
454 2290 565 2317 multam
579 2289 734 2324 dignitatem
749 2298 803 2325 prae
818 2298 847 2318 sc
860 2291 980 2319 ferentia.

186 2337 236 2364 llic
252 2337 317 2364 mihi
331 2337 434 2365 videtur
449 2338 584 2365 victoriam
599 2337 670 2365 illam
691 2338 840 2373 significare
860 2346 920 2373 qua:
933 2339 982 2366 sub

186 2383 302 2410 Ezechia
317 2383 437 2418 Contigit.
450 2388 547 2411 terram
563 2391 663 2410 vocans
683 2384 877 2411 multitudinem
894 2384 981 2412 homi-

187 2439 263 2463 num,
277 2435 306 2457 et
325 2431 524 2465 percussionem
539 2430 646 2458 illorum
666 2430 781 2464 ruinam,
803 2431 980 2458 resurrectio-

187 2484 250 2504 nem
264 2484 328 2504 vcro
341 2476 399 2511 ejus
412 2484 548 2512 egressum
561 2476 594 2503 ad
606 2476 796 2509 auxiliandum.
811 2477 983 2511 Quandoqui-

186 2523 249 2550 dem
262 2527 290 2550 et
306 2522 387 2549 David
399 2522 464 2550 dicit
477 2531 483 2548 :
501 2522 629 2557 Exsurgat
641 2521 720 2554 Deus,
732 2527 755 2549 ει
769 2523 922 2558 dissipentur
934 2523 984 2550 ini-

189 2569 248 2594 mici
262 2569 318 2603 ejus
331 2567 417 2604 (Psal.
434 2567 478 2595 67.
492 2567 540 2602 2;;
555 2575 586 2595 ac
601 2575 693 2594 rursus
709 2577 715 2595 :
733 2567 824 2604 Surge,
846 2568 923 2599 Deus.
938 2569 984 2602 ju-

188 2614 246 2639 dica
260 2618 353 2640 terram
367 2612 454 2648 (Psal.
475 2613 518 2640 8i.
535 2612 579 2647 8);
596 2613 630 2640 ab
645 2613 768 2640 humanis
781 2614 864 2649 gestis
883 2619 910 2641 et
925 2623 982 2640 IIII)-

187 2659 228 2684 ilis
242 2659 286 2685 Dei
301 2659 471 2693 operationes
481 2659 645 2693 exprimens.
660 2658 703 2686 ll.
718 2659 794 2686 Oculi
804 2660 868 2686 enim
882 2660 984 2687 Damiui

188 2705 318 2737 sublimes,
336 2706 412 2732 homo
433 2709 517 2731 autent
538 2705 651 2732 humilis.
676 2705 777 2733 Deinde
798 2714 831 2734 ne
852 2707 982 2741 quispiam

187 2751 354 2778 audientium
365 2751 444 2779 dictis
458 2756 567 2787 negaret
578 2752 655 2779 tidem
678 2751 779 2788 (multis
799 2753 869 2780 enim
890 2758 984 2781 contra

187 2805 262 2833 spem
277 2804 304 2826 et
318 2799 547 2833 exspectationem
561 2805 618 2826 erat
633 2799 659 2826 id
679 2799 749 2834 quod
764 2806 920 2828 eventurum
941 2800 983 2827 die

188 2845 287 2880 eehat),
296 2843 467 2881 confugiebat
475 2844 509 2872 ad
523 2845 667 2880 potentiam
675 2844 793 2879 Opilicis,
807 2851 833 2874 et
846 2847 878 2874 ad
890 2855 980 2875 eorum

1047 174 1091 208 qui
1103 173 1271 209 patiebantur
1285 173 1503 203 imbecillitatem.
1519 175 1610 212 Neque
1622 177 1704 210 etiim,
1718 178 1765 210 ait,
1782 178 1838 207 Deo

1045 225 1086 247 est
1095 219 1231 254 quidpiam
1244 219 1394 253 sublimius,
1411 229 1496 256 neque
1519 222 1670 251 hominibus
1690 224 1777 252 vilius.
1796 224 1836 252 Ne

1048 272 1109 299 ergo
1122 264 1316 298 dubitesxnunt
1331 266 1413 300 possit
1427 266 1472 294 ille
1485 275 1596 302 magnus
1609 272 1636 295 et
1649 267 1725 296 fortis
1751 270 1837 297 imbe~

1044 312 1120 339 cilios
1128 312 1166 339 sic
1176 313 1315 340 confestim
1325 313 1483 349 deprimere.
1497 315 1530 342 Et
1542 317 1662 351 apposite
1671 317 1746 350 dixit,
1761 318 1840 345 Oculi

1044 355 1147 384 Domini
1160 358 1287 386 sublimes.
1302 359 1358 386 Non
1373 359 1448 394 dixit,
1463 360 1595 395 Potentia,
1608 362 1667 395 sed,
1690 362 1765 390 Oculi
1778 362 1836 390 Do-

1043 402 1115 435 mini,
1129 404 1204 438 quasi
1218 404 1290 431 solus
1303 411 1426 440 aspectus
1437 407 1520 440 possit
1532 407 1621 434 omnia
1636 407 1687 435 sibi
1701 409 1836 437 reluctan-

1044 449 1078 475 tia
1094 453 1264 484 prosternere
1277 459 1284 477 :
1299 450 1325 478 id
1337 451 1406 486 quod
1421 452 1501 479 etiam
1521 452 1603 480 David
1623 453 1685 481 alibi
1705 455 1809 482 dicebat
1827 465 1834 482 :

1044 494 1094 527 Qui
1106 496 1207 530 respicit
1222 502 1324 530 terram,
1345 502 1368 524 et
1390 499 1451 533 facit
1470 506 1526 525 eam
1544 503 1648 527 tremere
1668 499 1753 538 (Psal.
1773 502 1834 530 105.

1041 539 1104 575 52);
1120 545 1145 568 ct
1159 541 1227 568 alius
1241 541 1338 569 iterum
1350 543 1478 578 propheta
1495 552 1503 571 :
1518 543 1662 580 Despiciam
1683 545 1716 572 ad
1730 555 1797 580 eum,
1811 552 1836 574 et

1042 585 1181 621 praivalcbo
1207 588 1239 614 ei.
1265 588 1299 614 Et
1322 589 1497 616 humiliabitur
1521 590 1629 618 altitudo
1650 591 1789 626 hominum,
1812 599 1835 620 et

1041 633 1192 660 exaltabitur
1213 633 1338 662 Dominus
1359 635 1428 663 solus
1446 637 1473 663 in
1499 637 1540 664 die
1560 638 1606 664 illa
1631 638 1707 674 (Osee
1728 640 1771 667 il.
1793 641 1832 675 4).

1039 678 1187 713 Conspecta
1202 681 1274 707 enim
1294 681 1337 708 illa
1352 682 1487 717 inopinata
1503 683 1625 718 victoria,
1648 685 1752 721 illisque
1769 695 1833 715 cott-

1040 724 1138 758 spicuis
1149 725 1366 761 admirandisque
1378 729 1494 763 tropaeis.
1506 729 1642 758 daemones
1653 731 1748 759 devicti
1759 738 1831 767 sunt,

1040 769 1109 796 idola
1122 769 1256 798 dedecore
1268 772 1373 806 affecta,
1390 774 1681 810 pseudoprophetarum
1692 785 1738 805 ora
1752 779 1832 806 obtu-

1039 821 1107 848 rata,
1124 815 1296 844 barbarorum
1311 819 1430 853 tyrannis
1444 820 1539 853 soluta,
1566 826 1593 848 et
1610 828 1640 849 os
1655 829 1745 856 omne,
1760 825 1830 859 quod

1039 862 1094 888 Deo
1107 863 1290 896 aversabatur,
1307 865 1474 893 obstructum
1488 871 1539 894 est.
1560 867 1622 895 ldeo
1635 870 1681 903 ait,
1698 869 1832 898 Exultabi-
1859 894 1869 900 ,

1039 911 1079 933 tur
1092 907 1216 936 Dominus
1229 910 1308 937 solus.
1324 910 1418 938 Nullus
1431 912 1483 938 erit
1495 912 1621 948 deinceps
1639 915 1683 950 qui
1696 917 1829 944 contradi‘

1038 957 1090 984 cat.
1102 961 1151 982 nec
1162 956 1206 990 qui
1218 955 1252 983 de
1263 956 1309 983 Dei
1325 958 1441 991 potentia
1450 957 1563 991 dubitet,
1574 967 1634 987 cum
1646 969 1735 989 rerum
1743 967 1832 997 gesta-
1878 976 1887 988 κ

1038 1007 1096 1027 rum
1103 1000 1296 1030 demonstratio
1306 1003 1504 1031 evidentissima
1516 1004 1604 1033 fuerit.
1613 1005 1719 1034 Natura:
1732 1008 1830 1043 quippe

1036 1045 1133 1074 divina:
1145 1047 1274 1075 celsitudo
1289 1053 1415 1084 perpetua
1429 1054 1479 1081 est,
1503 1058 1535 1078 ac
1550 1059 1693 1086 numquam
1709 1053 1828 1088 incmpit,

1036 1091 1084 1119 sed
1096 1099 1202 1127 semper
1214 1099 1269 1127 est;
1285 1095 1398 1122 exaltari
1411 1101 1501 1123 autem
1519 1096 1616 1124 dicitur
1630 1098 1655 1124 in
1679 1104 1766 1126 mente
1781 1094 1830 1126 ho-

1035 1140 1147 1173 minum,
1163 1141 1269 1176 quando
1283 1142 1301 1168 ii
1316 1142 1361 1177 qui
1374 1142 1592 1170 contradicebant
1614 1148 1641 1170 et
1662 1145 1829 1172 reluctaban-

1037 1190 1090 1218 lur,
1104 1185 1160 1220 ipsa
1176 1194 1267 1214 rerum
1278 1187 1506 1215 demonstratione
1518 1188 1657 1222 suadente,
1674 1190 1782 1225 cedunt,
1797 1199 1828 1219 ac

1034 1235 1227 1265 competentem
1247 1232 1458 1260 benedictionem
1473 1232 1602 1261 referunt.
1619 1234 1660 1261 l2.
1682 1235 1742 1262 Dies
1762 1237 1827 1263 enini

1034 1275 1137 1303 Domini
1152 1276 1266 1320 Sabaoth
1279 1278 1377 1306 aduenit
1388 1287 1465 1314 super
1474 1287 1572 1306 omnem
1585 1280 1791 1308 contumeliosum
1802 1287 1826 1308 et

1033 1323 1179 1357 superbum,
1190 1328 1213 1350 et
1226 1332 1301 1360 super
1313 1333 1410 1352 omnem
1419 1325 1545 1352 excelsum
1557 1330 1580 1352 et
1592 1325 1732 1361 sublimem,
1744 1332 1766 1354 et
1780 1327 1829 1354 hu-

1033 1368 1207 1396 miliabuntur.
1221 1370 1264 1397 l5.
1280 1369 1314 1397 Et
1329 1379 1406 1405 super
1415 1378 1514 1398 omnem
1526 1371 1630 1398 cedrum
1644 1371 1735 1400 Libani
1749 1374 1828 1401 excel-

1033 1421 1088 1440 sam
1102 1419 1125 1441 et
1138 1415 1280 1448 sublimem,
1296 1421 1318 1442 et
1330 1424 1406 1451 super
1416 1425 1514 1444 onmem
1530 1417 1644 1444 arborem
1658 1418 1760 1453 glandis
1770 1417 1826 1446 Ba-

1032 1468 1078 1488 cau
1093 1460 1142 1496 (α).
1156 1461 1200 1488 14.
1214 1461 1247 1488 Ει
1260 1470 1336 1498 super
1348 1470 1448 1490 onmem
1461 1467 1571 1490 montem
1592 1464 1728 1498 excelsum,
1743 1469 1767 1491 et
1784 1473 1826 1492 su-

1032 1515 1078 1540 per
1088 1515 1186 1534 omnem
1200 1516 1300 1535 murum
1313 1509 1454 1544 sublimem.
1470 1509 1516 1537 15.
1527 1509 1561 1536 Ει
1575 1517 1652 1545 super
1663 1518 1762 1537 omnem
1772 1515 1827 1537 tur-

1032 1553 1081 1580 rim
1095 1554 1234 1581 sublimem.
1252 1555 1295 1582 16.
1317 1554 1351 1581 Ει
1364 1563 1439 1589 super
1452 1563 1525 1582 omne
1543 1555 1670 1591 navigium
1693 1556 1780 1590 maris,
1801 1561 1827 1584 et

1031 1607 1108 1634 super
1119 1608 1218 1627 omnem
1231 1606 1359 1635 aspectum
1381 1601 1576 1636 pulchritudinis
1593 1602 1704 1629 navium.
1725 1602 1769 1629 l7.
1792 1602 1826 1630 Et

1033 1645 1209 1673 humiliubitur
1228 1646 1336 1673 altitudo
1358 1647 1500 1679 hominum,
1522 1651 1544 1674 et
1566 1647 1719 1674 excitabitur
1737 1647 1826 1674 Domi-

1032 1698 1079 1717 nus
1098 1691 1168 1718 solus
1188 1692 1215 1717 in
1235 1692 1275 1718 die
1294 1692 1350 1718 illa.
1374 1691 1477 1719 Murum
1499 1691 1552 1724 hic,
1575 1692 1695 1726 cedrum,
1718 1693 1824 1727 collem,

1031 1744 1160 1772 quercum
1183 1742 1303 1772 potentes
1324 1738 1447 1765 homines
1469 1742 1557 1771 vocat,
1584 1737 1721 1766 altitudine
1736 1738 1827 1774 hujus-

1031 1782 1104 1810 modi
1117 1782 1243 1810 arborum
1257 1790 1350 1810 eorum
1364 1783 1512 1818 potentiam
1526 1783 1707 1818 metaphorice
1725 1784 1826 1819 signiﬁ-

1032 1835 1116 1855 cans:
1131 1835 1163 1855 ac
1177 1835 1237 1855 cum
1254 1828 1386 1863 navigium
1401 1833 1428 1855 et
1445 1833 1582 1863 aspectum
1603 1829 1824 1864 pulchritudinis|

1032 1873 1138 1901 navium
1152 1873 1225 1907 dicit,
1239 1881 1286 1901 eos
1301 1873 1461 1907 subindieat,
1475 1874 1519 1909 qui
1530 1879 1592 1901 sunt
1606 1874 1796 1910 opulentiores.

1068 1920 1095 1948 9.
1116 1920 1171 1947 lloc
1182 1926 1271 1948 autem
1283 1920 1338 1947 vult
1348 1920 1508 1955 significare.
1521 1928 1618 1955 nempe
1628 1920 1724 1948 fortem
1732 1929 1826 1956 quem-

1032 1966 1107 2000 libet,
1128 1971 1275 2002 potentem,
1296 1966 1391 1994 ducem
1410 1967 1554 2000 exercitus,
1574 1974 1707 2002 quemque
1728 1967 1827 1994 divitiis

1033 2013 1272 2047 circumﬂuentem,
1296 2017 1444 2048 totumque,
1467 2018 1496 2040 ut
1517 2015 1552 2040 ita
1572 2013 1670 2047 dicam,
1688 2013 1825 2041 hominum

1033 2059 1157 2087 decorem
1177 2067 1208 2086 ac
1234 2064 1317 2087 totam
1339 2059 1542 2092 fortitudinem,
1565 2064 1627 2086 tunc
1647 2059 1777 2086 abituram
1800 2064 1826 2087 et

1033 2105 1187 2132 solvendam
1201 2112 1279 2138 esse;
1295 2105 1415 2140 nihilque
1430 2104 1572 2140 patrocinii
1586 2104 1750 2139 profuturum
1766 2112 1826 2133 esse

1033 2151 1066 2179 ad
1082 2151 1258 2186 elfugiendam
1271 2151 1337 2178 iratn
1351 2151 1409 2184 Dei,
1424 2158 1477 2178 non
1491 2151 1615 2177 virtutem
1630 2151 1760 2186 corporis,
1772 2158 1826 2178 non

1034 2198 1225 2233 experientiam
1241 2198 1314 2229 belli,
1331 2205 1383 2225 non
1399 2197 1570 2232 pecuniarum
1582 2197 1697 2232 copiam,
1712 2205 1764 2224 non
1780 2205 1827 2232 po-

1035 2244 1124 2272 tentia:
1136 2245 1296 2277 clientelam,
1311 2252 1364 2272 non
1384 2244 1518 2272 exercitus
1538 2243 1757 2278 magnitudinem,
1772 2251 1824 2271 non

1035 2291 1106 2326 aliud
1117 2291 1251 2326 quidpiam
1272 2291 1367 2318 simile.
1386 2290 1488 2318 Cedros
1505 2296 1596 2317 autem
1616 2289 1710 2317 Libani
1726 2297 1827 2317 memo-

1035 2343 1086 2372 rat,
1102 2339 1163 2373 quia
1181 2339 1215 2365 ibi
1238 2339 1353 2365 maxime
1376 2337 1494 2365 nascitur
1518 2339 1575 2364 haec
1595 2337 1685 2369 arbor,
1709 2336 1751 2364 vel
1766 2337 1827 2371 quia

1036 2393 1080 2412 res
1089 2384 1143 2419 jam
1155 2385 1284 2419 proxima:
1299 2388 1360 2411 sunt
1374 2384 1429 2418 (ὸ);
1443 2388 1579 2418 aspectum
1591 2390 1654 2410 vero
1666 2383 1702 2410 ait
1713 2383 1828 2417 pulchri-

1037 2431 1135 2458 tudinis
1154 2431 1270 2463 navium,
1285 2430 1408 2457 decorcm
1424 2430 1520 2456 ducum
1535 2429 1678 2460 exercitus,
1697 2428 1741 2463 qui
1757 2428 1827 2456 divi-

1037 2477 1091 2510 tiis,
1099 2477 1181 2504 armis
1189 2481 1217 2504 et
1225 2476 1383 2503 satellitibus
1391 2475 1505 2510 stipandi
1515 2475 1610 2502 forent.
1622 2474 1731 2502 Videtur
1739 2479 1828 2502 autem

1068 2545 1076 2561 ι
1094 2548 1165 2570 Juxta
1176 2543 1285 2575 savil.,et
1296 2543 1383 2575 Morel.
1400 2543 1533 2575 legendum
1542 2547 1767 2575 _esset:....eorum
1786 2549 1830 2575 po-

1036 2575 1135 2601 tentiam
1146 2578 1168 2600 et
1188 2574 1284 2606 duilius
1295 2573 1455 2606 metapltorice
1470 2573 1628 2606 signiﬁcans;
1649 2577 1672 2599 et
1688 2581 1744 2600 cum
1763 2573 1830 2605 aspe-

1036 2611 1100 2632 ctum
1112 2605 1306 2638 pulchritudinis,
1321 2610 1379 2636 etc.;
1394 2606 1472 2638 minus
1482 2605 1560 2630 recte.

1068 2647 1105 2679 (a)
1112 2635 1243 2672 ilebraicus
1253 2651 1336 2671 textus
1345 2648 1421 2688 ῖωπη
1431 2635 1511 2674 vrba.

1070 2693 1105 2748 (b3
1113 2697 1162 2718 Non
1173 2694 1232 2718 satis
1244 2693 1362 2724 perat-icio
1373 2692 1430 2724 quid
1442 2692 1487 2717 sibi
1500 2691 1560 2728 velit
1571 2691 1763 2724 Chrysostomus,
1776 2698 1831 2717 cum

1082 2725 1088 2748 i
1107 2731 1137 2748 eo
1148 2724 1235 2748 cedros
1246 2724 1326 2748 Linani
1338 2724 1378 2748 hic
1389 2729 1528 2748 memorari.
1540 2725 1596 2748 quia
1608 2730 1658 2748 res.
1675 2730 1766 2748 nempe
1777 2729 1831 2748 alia:

1036 2723 1137 2750 ait'ideo
1148 2724 1235 2748 cedros
1245 2723 1326 2748 Liuani
1338 2723 1528 2753 hiememorari,
1540 2725 1596 2754 quia
1608 2723 1658 2753 res,
1675 2730 1766 2754 nempe
1777 2729 1831 2754 qua:

1037 2755 1240 2787 pradicebantnr,
1251 2755 1299 2785 jam
1311 2755 1427 2787 proxima:
1435 2758 1514 2787 erant.
1527 2754 1564 2787 Ait
1574 2755 1630 2785 quia
1639 2755 1762 2785 proximus
1780 2757 1833 2778 erat

1036 2785 1126 2811 Judaue
1137 2787 1249 2820 Liberius,
1261 2792 1306 2820 per
1316 2786 1404 2820 cedrus
1418 2785 1500 2820 t_.ibani
1510 2786 1605 2820 excisas
1623 2791 1698 2816 prope
1710 2791 1774 2820 esse
1790 2790 1832 2820 res

1037 2819 1210 2850 praenuntiam
1227 2815 1334 2841 dixerit?
1352 2820 1385 2841 Ne
1408 2817 1443 2841 sic
1461 2816 1560 2847 quidem
1579 2815 1633 2842 haec
1653 2815 1775 2848 quadrare
1795 2815 1830 2840 vi-

1041 2852 1138 2874 dentur.
