2068 3130
282 149 316 174 5!)
674 139 702 166 S.
721 135 860 166 JOANNIS
877 131 1114 164 CHRYSOSTOMI
1135 130 1292 158 ARCHIEP.
1313 129 1579 159 CONSTANTINUP.
1872 130 1906 154 40

283 202 348 230 mihi
360 199 529 228 subindicarc
548 195 718 232 longinquam
732 193 908 221 barbarorum
924 189 1072 226 expeditio-

282 255 354 276 nem.
368 246 408 274 18.
424 244 458 272 Ει
468 244 615 278 manufacta
629 240 714 268 omnia
724 239 885 271 abscondent,
899 236 943 265 l9.
958 236 1074 270 Infcrem

282 300 318 322 tes
330 302 359 321 ea
376 293 403 320 in
424 298 544 319 cavernas
565 296 596 316 ac
615 288 739 315 scissuras
754 291 897 322 petrarum,
912 286 936 310 et
949 282 976 309 in
991 283 1075 317 foveas

283 348 366 373 term,
382 348 398 366 a
412 338 477 375 {acie
490 335 586 364 timoris
601 333 714 366 Domini,
737 337 762 360 et
785 339 801 358 a
822 330 904 366 gloria
918 327 1075 364 fortitudinis

281 389 346 423 ejus,
360 374 417 412 cum
437 382 573 411 surrexerit
585 381 619 408 ad
632 378 819 415 percutiendum
831 381 932 403 terram.
949 374 1073 406 Tantum,

283 419 378 468 inquit,
393 429 488 463 aberit,
501 432 532 455 ut
544 434 638 455 eorum
650 425 687 452 dii
701 423 799 457 aliquid
817 421 877 456 opis
895 419 990 447 afferre
1012 426 1074 453 pos-

282 466 345 511 sint,
361 482 389 504 ut
404 476 441 504 illi
457 475 594 503 hominum
606 471 705 500 auxilio
717 476 784 505 opus
796 467 912 495 habituri
931 466 994 497 sint.
1010 472 1074 492 nec-

283 532 337 552 non
350 519 470 551 locorum
480 520 573 553 tutela,
587 523 618 546 ut
632 525 665 544 ne
685 515 831 550 capiantur,
854 512 877 540 A
892 511 956 548 facie
979 510 1076 538 timoris

283 569 397 601 Domini,
413 573 437 595 et
457 575 472 594 a
491 567 575 602 gloria
597 561 752 601 fortitudinis
773 561 838 596 ejus,
862 567 919 585 cum
940 557 1076 585 surrexerit

284 620 415 652 percutere
427 601 528 640 terrain.
542 611 581 639 Ne
595 609 654 645 quis
665 608 737 636 enim
748 605 921 634 barbarorum
934 601 1076 638 irruptioni

284 663 341 690 haec
355 663 476 696 imputet,
492 665 559 685 neve
574 656 708 684 existimet
729 653 853 680 timorem
872 658 906 678 ex
920 656 1013 677 eorum
1026 655 1075 683 po-

285 709 367 737 lentia
382 707 532 743 provenire,
559 709 711 732 sermOuem
735 699 817 727 refert
835 697 868 725 ad
893 697 1077 724 universorum

285 756 380 788 Deum,
395 753 498 785 dicens,
511 758 571 778 eum
587 747 648 776 belli
670 747 781 781 hujusce
795 745 889 772 ducem
906 742 1035 772 futurum,
1050 744 1077 767 et

285 802 319 829 ab
341 808 373 828 eo
393 803 550 835 potestatem
565 803 626 824 esse
647 795 673 822 in
692 797 767 820 tanto
790 791 907 827 periculo
925 786 1077 816 vindicandi

285 848 384 876 scelera
394 833 453 880 ijam
473 843 599 871 admissa.
613 841 659 868 20.
680 839 730 866 Die
746 838 813 866 enim
833 837 879 863 illa
902 835 983 870 ejiciet
1003 833 1077 860 homo

285 891 483 921 abominationes
495 897 553 916 suas
574 891 704 923 argenteas
723 889 748 912 et
766 890 867 914 aureas,
889 889 952 916 quas
967 881 1078 915 fecerunt

284 940 330 967 sibi
343 939 406 974 ipsis
419 942 446 964 ut
459 936 595 963 adorarent
613 932 700 960 inania
716 939 764 957 sua
783 935 806 957 et
820 927 1016 962 uespertiliones,
1030 924 1076 952 21.

285 986 320 1012 ad
331 982 524 1020 ingrediendum
539 981 565 1007 in
579 979 674 1007 solidas
684 982 777 1012 petras,
793 975 852 1003 etin
863 975 985 1001 scissuras
996 975 1079 1006 petra-

284 1039 342 1059 rum
355 1017 370 1057 (1
386 1029 451 1065 facie
461 1027 558 1055 timoris
571 1025 684 1055 Domini.
699 1029 721 1050 et
731 1022 836 1058 agloria
846 1018 1003 1056 fortitudinis
1014 1017 1076 1052 ejus,

284 1085 342 1104 cum
355 1075 519 1103 resurrexerit
541 1072 575 1099 ad
598 1069 785 1107 percutiendum
807 1072 911 1094 terram.
934 1065 1004 1093 Satis
1026 1069 1080 1090 tra-

286 1124 362 1152 duxit
374 1130 432 1156 eos,
447 1120 592 1149 ostendens
603 1119 675 1154 ipsos
689 1123 749 1144 cum
764 1115 814 1143 diis
827 1115 883 1142 suis
894 1112 1041 1144 delituisse,
1053 1115 1080 1138 et

286 1172 313 1199 in
329 1175 428 1198 terram
449 1176 478 1196 se
493 1167 637 1197 abdidisse,
661 1171 748 1199 neque
766 1161 886 1190 materia:
900 1159 1015 1196 pretium
1029 1158 1079 1186 ali-

287 1216 350 1252 quid
373 1215 432 1250 opis
455 1213 577 1240 conferre
599 1210 718 1246 potuisse
741 1207 896 1235 imminente
917 1204 1078 1233 calamitate.

288 1250 359 1291 idola
373 1269 453 1298 porro
465 1258 668 1295 vespertiliones
683 1255 796 1287 vocavit,
810 1253 867 1281 sive
885 1252 920 1279 ob
942 1250 1082 1279 imbecilli-

288 1295 382 1342 tatem,
397 1307 454 1335 sive
468 1306 503 1334 ob
516 1303 617 1333 erroris
630 1302 762 1333 tenebras,
777 1304 804 1327 et
816 1299 877 1335 quia
891 1297 979 1325 omnia
994 1303 1009 1323 a
1024 1295 1080 1323 da:-

287 1355 410 1383 monibus
432 1353 502 1380 clam
525 1354 663 1386 geruntur.
687 1344 916 1382 Quemadmodum
939 1342 1010 1371 enim
1032 1349 1079 1369 ve-

287 1399 486 1436 spertilionibus
498 1397 538 1424 sol
552 1396 673 1424 inimicus
685 1397 726 1421 est
739 1396 767 1420 et
779 1391 824 1419 lux
837 1396 952 1426 quoque,
966 1395 1018 1415 nox
1031 1394 1080 1414 au-

287 1433 341 1475 tem
355 1450 383 1473 et
394 1444 511 1472 tenebrat
521 1442 614 1469 amica:
623 1444 705 1467 sunt:
721 1439 758 1466 sic
776 1441 804 1465 et
819 1435 995 1468 daemonibus,
1010 1438 1036 1461 et
1049 1433 1082 1461 iis

287 1500 355 1529 quos
367 1492 393 1519 in
407 1497 525 1518 errorem
535 1487 712 1517 deduxerunt,
724 1483 841 1519 nequitia
854 1486 881 1510 et
894 1481 981 1516 iniqua
991 1479 1080 1506 omnia

289 1525 427 1568 familiaria
443 1540 504 1564 sunt
516 1540 543 1562 et
555 1534 650 1566 amica,
666 1532 749 1559 virtus
765 1534 853 1557 autem
873 1533 900 1555 et
919 1532 1000 1561 opera
1015 1525 1081 1552 lucis

289 1585 395 1614 inimica
410 1587 482 1617 sunt,
499 1582 583 1617 iisque
594 1577 805 1615 splendentibus,
820 1576 908 1604 statim
923 1575 959 1602 illi
973 1574 1080 1601 obtene-

289 1633 411 1664 brantur.
421 1636 481 1657 cum
493 1626 589 1656 contra
599 1627 621 1654 is
632 1625 677 1661 qni
687 1625 785 1652 virtute
794 1622 922 1659 prmditus
935 1621 999 1648 vivit
1010 1620 1081 1647 nullo

289 1679 380 1706 labore
401 1676 444 1705 vel
464 1675 560 1703 sudore
574 1676 661 1708 egeat.
678 1670 784 1700 Sufﬁcit
801 1669 871 1697 enim
890 1673 920 1696 ut
942 1667 985 1694 ille
999 1673 1082 1701 appa-

289 1729 357 1756 reat,
373 1723 514 1756 omniaque
533 1720 578 1747 illa
597 1717 788 1746 dissolvuntur.
807 1714 852 1742 ΞΩ.
871 1713 996 1747 Quiescite
1014 1713 1082 1740 vobis

289 1771 320 1798 ab
334 1770 444 1800 homine.
458 1769 530 1804 cujus
544 1771 579 1793 est
594 1764 727 1800 respiratio
739 1763 766 1790 iu
778 1762 880 1789 naribus
892 1762 946 1796 eius
962 1769 971 1786 :
985 1760 1044 1793 quia
1056 1759 1083 1786 in

292 1825 340 1853 quo
354 1815 415 1850 ipsis
427 1818 557 1849 reputatus
569 1815 605 1838 est
616 1810 677 1837 hic?
690 1809 738 1836 Hic
749 1808 813 1836 mihi
827 1807 931 1835 videtur
942 1806 1083 1834 Ezechiam

291 1861 468 1890 subindicare,
484 1858 527 1893 qui
544 1856 707 1892 praetimere
722 1859 749 1882 et
768 1861 869 1888 angore
888 1857 1021 1880 extremos
1035 1851 1083 1878 ha-

291 1909 354 1937 litus
368 1905 483 1932 afﬂabat.
503 1902 569 1937 Quia
583 1902 662 1936 igitur
681 1899 786 1927 barbari
804 1907 864 1926 eum
888 1898 962 1933 quasi
984 1897 1084 1925 retibus

292 1954 467 1986 interceptum
491 1949 628 1981 habentes,
654 1950 772 1982 paratam
787 1945 838 1973 sibi
852 1944 969 1980 prmdam
993 1948 1084 1970 tenere

293 1998 429 2034 putabant,
444 2003 529 2031 neque
542 1994 592 2022 sibi
607 1994 698 2021 labore
713 1999 780 2028 opus
795 1999 854 2018 esse
868 1990 902 2018 ad
925 1990 1016 2017 urbem
1037 1996 1084 2016 ca-

293 2044 426 2082 piendam,
447 2047 546 2070 etcum
559 2041 691 2075 captivum
709 2037 904 2071 abducendum,
920 2036 1083 2064 contrarium

292 2090 413 2119 barbaris
425 2088 529 2116 acuidit.
547 2087 608 2114 Iden
623 2086 669 2117 ait,
690 2085 815 2119 Quiescite
833 2084 864 2110 ab
881 2083 991 2115 homine,
1012 2082 1085 2117 cujus

292 2143 328 2165 est
340 2135 473 2171 respiralio
486 2135 510 2161 in
525 2133 628 2160 naribus
643 2132 697 2167 ejus
711 2139 719 2157 :
732 2131 791 2166 quia
804 2131 828 2156 in
841 2137 890 2166 quo
903 2129 965 2165 ipsis
983 2133 1086 2163 reputa-

293 2189 332 2210 tus
357 2187 393 2209 est
414 2181 473 2208 hic?
493 2179 519 2208 ld
536 2184 588 2213 est,
603 2179 629 2205 in
653 2177 729 2205 nullo
752 2180 886 2211 reputatus
910 2179 960 2202 est.
979 2174 1085 2202 Etenim

294 2229 369 2265 quasi
385 2235 432 2263 per
445 2227 631 2255 excursionem
645 2231 674 2252 se
688 2223 776 2251 omnia
789 2222 940 2249 sublaturos
951 2228 1010 2249 esse
1023 2228 1083 2256 spe-

296 2274 408 2307 rabant;
424 2272 471 2300 sed
484 2271 648 2299 contrarium
663 2276 772 2304 prorsus
787 2267 901 2300 accidit;
918 2270 944 2294 et
958 2265 1003 2300 qui
1017 2273 1031 2292 a
1042 2273 1088 2292 vo-

298 2322 338 2349 bis
352 2328 401 2355 pro
421 2319 504 2347 nibilo
519 2317 690 2353 reputabatur
703 2319 910 2350 expugnatuque
925 2313 1020 2345 facilis,
1040 2313 1088 2340 Dei

297 2367 397 2396 auxilio
410 2367 502 2399 fretus,
518 2364 637 2392 omnium
649 2361 881 2397 splendidissimus
894 2360 1040 2396 apparebit.

609 2430 721 2457 CAPUT
741 2430 784 2456 lll.

299 2494 323 2521 Ι.
340 2491 406 2518 Ecce
418 2489 569 2516 Dominator
583 2487 708 2514 Dominus
723 2486 834 2514 Sabaoth
846 2487 942 2521 auferet
957 2485 1090 2512 deludam

440 2541 463 2562 et
476 2535 507 2562 de
519 2533 662 2562 Jerusalth
671 2533 781 2560 validum
795 2537 817 2558 et
827 2531 947 2558 validam.

336 2594 361 2620 ι.
383 2590 611 2626 Quemadmodum
624 2589 740 2624 optimus
763 2586 892 2620 medicus,
907 2586 988 2614 modo
999 2593 1089 2619 urens,

301 2639 382 2667 modo
394 2645 499 2670 secans,
513 2637 592 2664 modo
607 2643 696 2663 amara
718 2633 833 2662 aﬂ‘erens
843 2632 971 2664 remedia,
982 2636 1092 2666 tegroto-

301 2693 359 2714 rum
385 2684 492 2712 sanitati
516 2687 574 2711 arte
588 2681 783 2717 prospicit;sic
804 2685 831 2707 et
856 2679 986 2715 benignus
1009 2678 1091 2711 Deus,

302 2732 383 2760 variis
398 2735 425 2759 et
437 2730 550 2758 diversis
560 2728 706 2764 suppliciis,
721 2727 792 2762 quod
803 2725 942 2754 difﬂuebat
951 2729 978 2753 et
988 2725 1091 2759 lapsum

300 2781 357 2805 erat
368 2776 439 2811 apud
463 2777 570 2805 Judzeos
589 2774 784 2809 constringens,
814 2772 894 2800 modo
918 2771 1093 2800 barbarorum

301 2823 453 2852 incursione
477 2824 596 2858 ingratos
626 2821 770 2853 terrefacit,
794 2819 874 2848 modo
898 2824 961 2847 ante
988 2818 1093 2846 illorum

304 2871 468 2900 invasionem
479 2869 538 2899 aliis
552 2868 612 2898 illos
627 2868 885 2897 interminationibus
898 2866 1030 2902 reprimit,
1041 2865 1094 2893 mi-

1128 195 1223 215 narum
1236 188 1364 216 varietate
1379 188 1527 216 imminenti
1551 187 1694 215 formidine
1706 186 1836 216 continuo
1856 194 1918 222 per-

1127 235 1240 263 cellens.
1254 235 1329 263 Nunc
1343 235 1433 270 itaque
1448 235 1629 263 infirmitatem
1644 235 1708 270 ipsis
1720 235 1920 269 intenninatur,

1127 286 1155 308 et
1167 281 1264 309 famem
1275 281 1470 313 etsiccitatem,
1487 288 1541 309 non
1562 280 1671 316 quidem
1680 288 1770 308 rerum
1793 287 1919 308 necessa-

1127 328 1239 360 riarum,
1255 327 1302 355 sed
1315 335 1407 355 earum
1422 335 1482 363 qua:
1499 334 1553 354 non
1569 326 1656 354 minus
1669 331 1738 361 apta:
1749 331 1812 354 sunt
1828 326 1863 353 ad
1887 326 1920 353 vi—

1129 380 1181 401 tam
1208 373 1430 402 conservandam.
1445 373 1505 401 Non
1521 373 1592 400 enim
1617 372 1700 400 fames
1722 372 1808 400 solum
1836 373 1923 407 gravis

1128 426 1179 454 est,
1191 420 1238 448 sed
1248 428 1328 456 grave
1341 420 1420 447 etiam
1433 424 1475 447 est
1488 426 1549 446 cuin
1558 419 1646 446 nullus
1661 417 1737 445 adest
1746 418 1792 452 qui
1816 425 1923 452 templi-

1128 467 1224 494 blicam
1237 466 1418 498 administret;
1433 465 1459 492 id
1472 464 1542 500 quod
1556 471 1647 492 rerum
1656 463 1760 498 copiam
1775 463 1845 491 fame
1865 470 1924 490 mo-

1128 514 1264 542 lestiorem
1278 513 1391 541 reddere
1402 512 1481 540 solet.
1497 511 1566 545 Quid
1581 511 1652 539 enim
1667 510 1788 538 utilitatis
1798 514 1839 538 est
1863 517 1922 536 cum

1128 570 1177 589 ceu
1188 569 1220 589 ex
1233 561 1349 588 fontibus
1358 560 1448 588 omnia
1460 559 1547 586 ﬂuunt
1557 579 1564 591 ,
1575 558 1599 586 si
1612 558 1699 586 civilia
1711 557 1781 585 bella
1791 557 1924 588 oriantur,

1129 612 1155 636 et
1169 614 1242 634 mare
1255 607 1422 637 intumescat,
1439 604 1686 638 insanientibusque
1699 603 1824 630 ﬂuctibus
1836 609 1924 636 neque

1128 655 1299 689 gubernator,
1315 660 1401 688 neque
1432 652 1464 679 ad
1487 659 1592 686 proram
1612 651 1719 684 sedens,
1747 657 1834 685 neque
1855 649 1924 677 alius

1129 701 1260 736 quispiam
1285 699 1356 726 adsit
1377 699 1421 734 qui
1442 698 1527 733 possit
1548 697 1714 732 negotiorum
1738 700 1927 730 tempestatem

1130 746 1255 782 dirigere,
1265 749 1292 772 et
1319 742 1537 779 tranquillitatem
1551 741 1717 770 conciliare?
1735 741 1847 775 Quando
1873 747 1925 767 an-

1130 798 1183 820 tem
1198 799 1258 819 cum
1275 791 1316 818 liis
1334 791 1418 818 fames
1442 790 1529 817 etiam
1546 789 1641 820 adest,
1664 788 1750 823 cogita
1772 791 1871 822 quanta
1893 786 1928 812 sit

1130 839 1259 866 malorum
1270 836 1365 865 moles.
1385 837 1447 863 Haec
1457 836 1545 870 itaque
1551 836 1640 862 omnia
1651 833 1829 861 comminatur
1837 833 1924 859 Deus:

1131 885 1298 920 primumque
1310 886 1352 910 est
1360 882 1480 909 omnium
1492 881 1692 916 gravissimum.
1705 878 1772 906 Ecce
1786 879 1869 910 enim,
1886 878 1927 905 iu-

1130 931 1197 966 quit,
1224 929 1374 956 Dominator
1386 927 1511 955 Dominus
1533 926 1657 954 Sabaoth.
1674 925 1728 952 Hac
1751 932 1826 958 voce,
1849 923 1926 956 Eure,

1131 984 1202 1011 saepe
1215 975 1350 1010 prophetat
1360 979 1480 1004 utuntur,
1495 972 1603 1008 quando
1617 971 1767 999 auditorem
1782 970 1816 997 de
1841 969 1924 996 rebus

1131 1030 1190 1058 quae
1202 1022 1304 1054 dicunt,
1320 1021 1462 1048 certiorem
1472 1018 1668 1046 facerevolunl.
1684 1016 1741 1044 Non
1755 1016 1799 1043 hic
1810 1019 1925 1045 tantum.

1131 1069 1177 1097 sed
1191 1069 1270 1097 etiam
1291 1067 1413 1103 superius
1426 1071 1453 1093 et
1465 1073 1480 1093 a
1494 1065 1624 1101 principio
1639 1063 1728 1090 videre
1743 1067 1795 1095 est,
1816 1067 1925 1096 peccata

1132 1123 1289 1151 corpoream
1316 1114 1495 1141 infirmitatem
1523 1117 1594 1147 saepe
1627 1109 1806 1146 praecessisse,
1843 1112 1873 1136 ut
1901 1108 1926 1134 in

1133 1162 1197 1190 Cain
1215 1171 1222 1189 :
1237 1161 1298 1196 quia
1311 1160 1381 1187 enim
1393 1159 1490 1187 robore
1502 1157 1622 1192 corporis
1637 1164 1689 1183 non
1703 1159 1777 1183 recte
1791 1162 1855 1182 usus
1876 1158 1927 1184 cst.

1129 1207 1189 1242 jure
1201 1207 1228 1234 in
1243 1206 1386 1241 paralysim
1412 1204 1514 1232 incidit.
1529 1204 1574 1231 Sic
1586 1203 1664 1230 etiam
1677 1202 1701 1229 ei
1719 1201 1765 1236 qui
1788 1200 1822 1227 ad
1848 1200 1927 1235 pisci-

1132 1261 1193 1281 nam
1207 1253 1318 1280 sedebat
1330 1261 1336 1278 :
1349 1252 1409 1286 quia
1430 1250 1559 1286 paralysis
1573 1249 1647 1284 origo
1664 1252 1769 1282 peccata
1785 1250 1872 1278 erant,
1893 1246 1929 1272 ait

1132 1301 1254 1328 Christus
1268 1309 1275 1327 :
1289 1298 1357 1326 Ecce
1367 1306 1444 1325 sanus
1457 1299 1539 1333 factus
1560 1304 1595 1328 es,
1622 1295 1675 1322 noli
1699 1294 1808 1329 amplius
1824 1301 1928 1327 peccare

1133 1347 1230 1382 (Joan.
1243 1347 1269 1374 5.
1283 1346 1316 1373 Η
1361 1344 1458 1372 Paulus
1468 1350 1572 1378 quoque
1585 1342 1639 1369 ait:
1654 1341 1718 1368 Ideo
1726 1339 1795 1375 apud
1805 1347 1847 1366 vos
1859 1339 1928 1365 tnui-

1133 1395 1151 1421 ti
1161 1394 1256 1428 inﬁrmi
1267 1393 1310 1428 (l.
1328 1392 1386 1419 Cor.
1404 1391 1445 1418 fl.
1460 1390 1495 1417 50
1508 1389 1528 1425 );
1539 1390 1599 1424 quia
1614 1387 1770 1423 peccabant.
1782 1386 1852 1421 quod
1872 1393 1924 1411 non

1134 1448 1198 1476 pura
1213 1439 1376 1467 conscientia
1390 1437 1577 1473 mysteriorum
1592 1433 1734 1468 participes
1746 1435 1844 1459 essent.
1861 1430 1928 1457 For-

1133 1486 1263 1514 nicarium
1278 1491 1384 1520 quoque
1406 1482 1551 1510 infirmitati
1578 1480 1698 1515 corporis
1713 1479 1811 1512 tradit,
1826 1478 1874 1504 lias
1896 1477 1930 1504 de

1134 1533 1250 1568 peccatis
1274 1537 1366 1567 poenas
1388 1534 1523 1564 repetens.
1537 1526 1628 1561 Neque
1638 1531 1725 1552 tamen
1738 1531 1843 1559 semper
1854 1522 1930 1550 infir-

1133 1579 1213 1607 mitas
1231 1582 1271 1606 est
1294 1581 1460 1613 peccatorum
1485 1574 1566 1606 ultio,
1589 1573 1637 1600 scd
1662 1570 1804 1607 aliquando
1822 1577 1930 1597 corona:

1134 1625 1245 1653 materia
1255 1629 1305 1655 cst,
1323 1627 1352 1650 ut
1373 1623 1399 1650 in
1416 1622 1516 1649 Lazaro
1541 1624 1568 1647 et
1581 1619 1607 1646 in
1625 1618 1703 1646 Jobo.
1737 1616 1794 1644 Nec
1815 1615 1930 1643 infirmi-

1134 1676 1203 1699 tates
1217 1675 1328 1703 tantum,
1344 1668 1391 1696 sed
1404 1673 1431 1695 et
1445 1667 1497 1694 alia
1511 1665 1632 1700 corporis
1654 1661 1821 1691 incommoda
1835 1669 1850 1688 a
1866 1668 1931 1695 pec-

1134 1719 1201 1745 catis
1226 1721 1284 1744 orta
1309 1721 1381 1747 sunt,
1395 1718 1424 1741 ut
1439 1713 1509 1741 Ozias
1532 1712 1616 1746 lepra,
1642 1710 1676 1738 ob
1695 1709 1775 1736 animi
1790 1706 1931 1742 impuden-

1136 1764 1199 1792 tiam
1211 1784 1218 1796 ,
1235 1767 1264 1790 ut
1278 1760 1429 1789 Jeroboami
1445 1759 1514 1794 regis
1528 1764 1621 1785 manus
1634 1755 1783 1782 sriditatem
1804 1759 1930 1788 perpessa

1136 1816 1196 1844 est,
1223 1810 1258 1837 ob
1292 1808 1469 1843 arrogantiam
1494 1810 1521 1833 et
1551 1802 1704 1838 superbiam
1735 1801 1802 1835 ejus.
1830 1799 1931 1833 Lingua

1137 1865 1242 1894 quoque
1268 1855 1404 1883 Zacharia:
1427 1860 1495 1895 non‘
1506 1849 1612 1878 aliunde
1627 1849 1705 1883 ligata
1718 1847 1788 1879 est‘,
1802 1852 1882 1880 quam
1897 1844 1932 1871 ob

1136 1906 1232 1932 anima:
1256 1907 1403 1939 peccatum.
1425 1891 1555 1933 Quoniam
1571 1896 1649 1931 igitur
1666 1894 1765 1922 iudicis
1779 1893 1846 1920 bona
1859 1891 1931 1918 vale‘

1137 1951 1201 1979 tudo
1227 1954 1254 1977 et
1276 1949 1359 1976 robur
1385 1945 1516 1981 corporis,
1543 1949 1640 1977 resque
1667 1946 1823 1976 prosperat,
1857 1944 1932 1964 arro-

1136 1998 1232 2033 gantia:
1257 1995 1363 2023 occasio
1385 1993 1501 2025 fuerant,
1524 1989 1682 2024 arrogantiae
1694 1987 1811 2014 radicem
1827 1984 1933 2011 subtra-

1137 2046 1176 2072 xit
1202 2044 1289 2075 Deus,
1315 2038 1556 2069 commonefaciens
1587 2036 1646 2063 illos
1673 2039 1700 2061 et
1724 2033 1757 2061 ad
1790 2032 1929 2059 meliorem

1138 2091 1238 2125 frugem
1253 2088 1393 2118 reducens.
1404 2086 1557 2120 maioraque
1571 2082 1647 2114 dans,
1663 2087 1741 2115 quam
1768 2078 1833 2113 ipsis
1855 2075 1930 2103 aufe-

1137 2137 1222 2164 rebat.
1234 2134 1303 2167 Quid
1320 2133 1390 2160 enim
1414 2128 1568 2158 detrimenti
1583 2131 1641 2154 erat
1654 2131 1766 2160 corpore
1788 2128 1928 2158 azgrotare,

1138 2183 1160 2209 si
1175 2181 1237 2208 hinc
1247 2166 1434 2207 institueretur
1460 2173 1570 2202 anima?
1587 2172 1685 2199 Deinde
1699 2177 1733 2197 ne
1755 2172 1879 2204 putarent
1902 2166 1928 2193 id

1138 2236 1170 2256 ex
1183 2231 1285 2254 natura
1299 2223 1453 2252 inﬁrmitate
1469 2220 1625 2256 procedere,
1640 2217 1664 2245 id
1686 2220 1842 2244 eventurum
1868 2220 1931 2248 pro-

1139 2274 1218 2309 pheta
1233 2271 1367 2307 prmdixit,
1389 2275 1476 2303 neque
1500 2266 1572 2294 viros
1591 2270 1693 2292 tantum
1718 2262 1799 2299 minis
1825 2260 1931 2292 terruit,

1140 2319 1186 2347 scil
1200 2325 1305 2353 poenam
1320 2315 1477 2343 mulieribus
1492 2319 1596 2348 quoque
1610 2309 1766 2341 transmisit,
1781 2307 1842 2343 quia
1862 2310 1932 2333 uter-

1139 2372 1192 2400 que
1207 2370 1286 2391 sexus
1300 2360 1439 2396 corruptus
1458 2362 1525 2391 erat,
1540 2357 1608 2385 etin
1635 2361 1777 2390 progressu
1803 2353 1835 2379 ad
1863 2351 1933 2386 ipsas

1141 2411 1266 2438 mulieres
1280 2415 1430 2436 sermonem
1443 2406 1542 2441 dirigit,
1556 2408 1593 2436 et,
1607 2403 1640 2430 ob
1653 2401 1767 2429 absurda
1789 2399 1930 2427 admodum

1141 2462 1223 2493 gesta,
1240 2454 1350 2483 crimina
1364 2453 1429 2489 ipsis
1440 2452 1526 2483 offert,
1540 2458 1599 2486 qua:
1613 2449 1704 2477 urbem
1717 2449 1801 2484 ipsam
1811 2453 1826 2473 ιι
1835 2444 1933 2472 funda-

1142 2503 1239 2531 montis
1263 2501 1411 2528 diruerunt.
1429 2498 1490 2526 Ideo
1505 2497 1563 2524 illas
1585 2495 1732 2530 pestilentia
1751 2492 1864 2527 afﬂigit:
1889 2498 1932 2526 pe-

1143 2549 1287 2576 stilentiam
1300 2546 1372 2574 enim
1392 2544 1458 2572 mihi
1472 2541 1640 2570 subindicare
1654 2540 1758 2567 videtur
1770 2545 1830 2566 cum
1851 2537 1932 2564 dicit:

1144 2595 1264 2628 Auroram
1275 2592 1404 2619 robustum
1416 2594 1438 2617 et
1448 2589 1592 2620 robustam;
1606 2587 1647 2614 vel
1671 2586 1752 2612 alium
1776 2590 1933 2618 corporeum

1145 2639 1267 2667 morbum
1281 2637 1443 2665 medicorum
1456 2635 1505 2662 arti
1527 2641 1579 2660 non
1594 2631 1743 2659 cedentem.
1760 2629 1839 2657 Tales
1863 2628 1935 2656 enim

1145 2690 1207 2714 sunt
1231 2685 1277 2712 Dei
1293 2684 1385 2719 plagae.
1402 2681 1489 2708 Robur
1502 2679 1575 2714 panis
1592 2683 1615 2705 et
1633 2677 1710 2705 robur
1721 2683 1804 2710 aqua.
1827 2673 1935 2701 Gravis-

1146 2732 1212 2759 sima
1234 2718 1300 2758 liaecr
1311 2728 1426 2756 vindicta
1440 2730 1491 2759 est,
1505 2724 1612 2760 quando
1626 2731 1680 2751 non
1696 2723 1779 2757 ipsam
1793 2720 1860 2747 tollit
1873 2718 1935 2746 sub-

1146 2779 1280 2810 stantiam,
1295 2775 1342 2804 sed
1354 2774 1405 2802 vim
1420 2782 1452 2802 ex
1466 2781 1495 2801 ea
1512 2771 1598 2800 aufert
1612 2771 1739 2801 innatam,
1754 2767 1789 2795 ita
1806 2771 1834 2795 ut
1847 2765 1888 2794 vel
1901 2771 1933 2791 ex

1177 2869 1185 2884 ι
1197 2867 1270 2892 Juxta
1284 2866 1346 2896 Reg.
1359 2866 1385 2888 et
1395 2863 1449 2888 Sav.
1464 2860 1564 2894 legitur,
1577 2859 1661 2886 adorta
1678 2859 1722 2887 est,
1737 2861 1789 2887 pro,
1803 2853 1876 2886 (igqu
1886 2855 1929 2877 ω.
