2068 3130
227 130 259 157 ιι
859 121 891 148 1N
910 121 1019 149 ISAIAM

1076 120 1127 149 AP.
1148 121 1192 150 ΙΙΙ.
1822 128 1857 154 42

227 188 284 221 ipso
298 190 406 220 aspectu
418 184 569 212 crucientur
582 188 724 216 numquam
737 180 835 211 satiati,
858 184 885 206 et
896 179 958 206 hinc
970 180 1013 206 in-

228 232 344 266 telligant
354 239 370 258 Δ
386 231 439 257 Deo
455 230 598 257 unmissam
613 228 693 257 fuisse
708 227 783 254 iram.
798 226 825 253 2.
842 226 973 261 Gigantei-ri
992 230 1015 252 et

226 283 360 312 patentem.
379 276 519 312 Gigantum
543 283 648 310 semper
673 274 808 309 Scriptura
836 273 929 300 fortem
948 272 1016 300 solet

227 330 330 353 vocare,
344 322 387 350 vel
402 329 462 349 eum
478 321 521 355 qui
534 320 705 355 proportione
725 319 903 346 membrorum
926 318 1016 345 multis

225 367 376 395 antecellat.
394 365 499 394 Etenim
514 366 541 393 in
561 365 704 397 creatione,
718 372 778 391 cum
792 363 865 396 dicit,
891 363 925 390 lii
945 367 1016 390 erant

226 415 348 450 giganta,
375 413 488 440 homines
520 411 641 439 nominati
660 410 744 447 (Gen.
761 409 844 445 6.4),
872 417 924 436 non
945 408 1015 440 aliud

226 467 310 495 genus
329 459 411 487 fuisse
435 459 508 491 dicit,
524 457 569 485 sed
591 457 683 488 fortes,
700 454 833 487 robustos,
856 459 884 483 et
909 460 1017 486 vegetos

225 505 304 532 nobis
316 504 474 531 subindicat.
490 502 522 530 Et
536 502 659 530 hominem
679 501 826 528 bellatorem
847 505 870 527 et
891 500 1014 536 judicent.

228 550 395 579 Intolerabile
408 548 576 584 supplicium.
592 553 618 575 et
632 547 674 574 illa
689 555 748 582 qua:
761 547 829 574 dicta
848 550 909 573 sunt
930 550 1017 572 extre-

228 605 277 624 mzc
293 596 416 631 perniciei
428 601 488 622 sunt
505 598 706 629 argumentum,
721 600 789 628 qum,
805 592 936 619 stantibus
961 600 1018 618 mu-

228 643 265 669 ris
278 648 306 669 et
319 642 445 673 turribus,
463 641 556 668 urbem
581 640 684 675 possint
697 647 756 666 cum
778 638 878 666 civibus
902 638 1016 665 inimicis

226 687 334 714 dedere.
341 686 471 713 Tutamen
480 685 577 720 quippe
586 685 689 713 urbium
700 693 751 713 non
761 684 785 712 in
794 682 1017 720 lapidibasdignis

229 738 256 759 et
265 732 347 766 septis
364 732 442 758 situm
459 736 511 763 est,
523 730 568 758 sed
584 730 609 757 in
631 722 769 765 prudéntia
782 729 889 760 civium,
901 728 945 763 qui
958 735 1017 755 cum

230 779 296 806 rales
307 778 412 810 adsunt,
428 777 506 804 etiam
519 779 649 811 praesente
663 775 748 809 hoste,
773 775 854 802 tutius
874 782 952 810 quam
966 782 1018 801 cre-

230 829 286 851 tera
312 824 400 850 onmia
428 823 511 857 ipsam
538 822 658 849 muniunt
674 830 680 847 :
695 829 756 849 cum
769 827 857 848 autem
875 821 892 848 ii
911 821 1016 853 absunt,

226 870 308 896 etiam
326 869 431 896 nemine
454 872 575 902 urgente,
596 866 761 894 miseriorem
784 867 856 894 illam
888 867 1016 896 exhibent

228 921 309 948 quam
324 914 345 940 si
360 913 534 940 obsideretur.

265 959 292 985 2.
314 959 404 993 Itaque
422 963 449 986 et
469 958 528 986 illos
552 962 579 985 et
599 958 733 986 auditores
752 965 845 985 omnes
866 965 919 985 non
937 965 1019 992 parvo

230 1006 406 1040 philosophia:
427 1005 585 1033 documento
605 1005 697 1033 imbuit
711 1005 849 1040 propheta,
863 1005 977 1033 suadens
991 1010 1020 1032 ut

230 1059 265 1078 ne
283 1058 407 1085 umquam
431 1051 456 1078 in
482 1050 662 1086 magnitudine
696 1050 772 1079 urbis
807 1058 882 1085 spem
905 1055 1014 1085 ponant,

230 1103 280 1123 nec
301 1096 326 1123 in
351 1095 426 1122 vallis
440 1099 468 1123 et
479 1095 626 1128 machinis,
649 1094 696 1123 sed
709 1095 735 1121 in
749 1095 815 1130 frugi
831 1096 948 1123 virorum
967 1097 1020 1123 vir-

231 1145 297 1167 tute.
311 1140 371 1167 illos
393 1141 470 1176 igitur
487 1140 610 1168 territans
621 1141 666 1172 ait,
684 1140 768 1175 ipsum
782 1148 840 1167 eam
858 1141 937 1168 tutela
947 1141 1019 1168 omni

229 1185 418 1212 destitutarum
440 1191 509 1216 esse,
532 1193 583 1212 non
597 1184 675 1212 modo
691 1185 793 1212 bellica
807 1185 843 1212 rei
859 1186 958 1220 peritos
970 1194 1018 1213 att-

231 1231 351 1264 fcrcndo,
366 1231 412 1258 sed
425 1231 504 1258 etiam
517 1230 635 1266 iudices,
651 1231 694 1266 qui
711 1238 762 1258 non
777 1231 862 1258 minus
873 1231 967 1266 juvant
980 1232 1019 1259 ci-

233 1278 327 1304 ritatcs
348 1284 425 1312 quam
446 1276 605 1309 bellatores,
629 1276 692 1303 dum
715 1284 806 1311 pacem
833 1282 943 1311 curant,
967 1278 1020 1305 imo

230 1330 303 1357 smpe
327 1321 489 1349 imminentia
512 1321 580 1349 bella
597 1323 604 1337 ¹
619 1322 782 1356 propulsant.
809 1322 840 1349 lli
865 1322 935 1349 enim
960 1330 1020 1349 cum

229 1368 383 1402 frequenter
397 1375 412 1394 a
428 1367 517 1395 radice
531 1373 698 1402 peccatorum
713 1368 843 1400 oriantur,
866 1368 920 1395 licri
934 1372 1022 1403 potest

231 1420 263 1443 ut
273 1415 360 1449 legum
367 1414 500 1446 custodes,
513 1421 613 1448 eosque
625 1413 669 1448 qui
678 1414 731 1448 juri
744 1414 858 1441 dicundo
868 1421 929 1441 cum
940 1415 1020 1449 requi-

229 1466 287 1489 tate
310 1460 461 1494 prarsident,
482 1460 593 1495 plurima
614 1465 722 1494 peccata
742 1459 934 1494 reprimentes,
957 1460 1019 1487 belli

231 1513 339 1533 ausam
361 1505 491 1532 auferant.
515 1505 569 1532 Cur
588 1513 651 1540 ergo
672 1505 741 1532 Dens
759 1513 806 1532 eos
821 1507 943 1532 amovet?
955 1506 1021 1538 Quia

231 1551 284 1577 illis
306 1549 479 1585 przrsentibus
501 1557 554 1577 non
578 1554 607 1577 ut
628 1549 765 1584 oportebat
780 1550 819 1577 usi
835 1554 906 1577 sunt.
922 1550 1022 1584 Quem—

231 1596 375 1623 admodum
395 1596 467 1623 enim
488 1595 610 1623 salutaria
625 1595 681 1630 ejus
695 1595 818 1630 dogmata
837 1596 947 1623 multam
959 1595 1023 1624 alle-

231 1642 327 1669 rebrmt
342 1642 505 1669 audientibus
520 1642 673 1674 utilitatem,
697 1641 795 1669 ludatis
809 1646 896 1669 autem
913 1642 1020 1669 concio-

233 1697 311 1719 nans,
327 1689 395 1716 dicta
410 1697 455 1716 sua
468 1688 627 1716 obscuritate
639 1688 719 1715 multa
733 1688 892 1721 involvebat,
909 1688 968 1723 quia
984 1688 1020 1715 illi

230 1735 312 1762 dictis
322 1743 374 1761 non
386 1734 556 1762 attendebant
571 1743 576 1760 :
593 1734 626 1760 ita
640 1734 697 1761 tunc
709 1733 777 1760 dona
789 1742 835 1761 sua
852 1741 1022 1769 magna,qu:e

232 1781 345 1807 multam
359 1780 432 1807 no‘bis
448 1781 558 1807 salutem
571 1779 721 1811 conferunt,
735 1779 768 1806 de
782 1779 870 1807 medio
883 1787 954 1814 s:epe
971 1779 1022 1808 tol-

234 1827 265 1852 lit
275 1847 282 1858 ,
305 1834 365 1853 cum
380 1826 396 1852 ii
411 1826 456 1860 qui
471 1825 602 1860 accipiunt
615 1825 680 1851 nihil
697 1825 758 1852 hinc
772 1824 873 1852 fructus
886 1825 1022 1859 percipere

234 1873 336 1899 volunt.
354 1872 385 1898 Et
400 1871 546 1906 prop/telam
557 1875 580 1897 et
593 1871 766 1906 conjecturam.
783 1870 840 1898 Non
854 1878 961 1904 parvum
976 1878 1023 1897 au-

236 1923 288 1943 tem
306 1918 350 1944 ira:
363 1924 445 1951 genus
458 1921 499 1944 est
513 1924 572 1944 cum
588 1916 732 1951 prophetia:
752 1916 887 1943 deficiunt.
911 1916 1022 1949 Quando

235 1963 315 1997 igitur
337 1962 473 1989 .ludaicum
495 1962 618 1997 populum
644 1963 713 1989 Deus
731 1962 765 1989 ob
787 1966 892 1996 peccata
908 1962 1022 1989 liliorum

236 2008 294 2035 lleli
323 2012 459 2036 archatus
483 2013 533 2040 est,
556 2008 642 2042 obque
669 2007 843 2035 multitudinis
865 2007 1019 2042 nequitiam,

234 2055 332 2082 defecit
355 2054 513 2089 prophetia:
534 2053 641 2081 Verbum
653 2054 724 2081 enim
737 2073 745 2086 ,
766 2053 858 2088 inquit,
888 2054 1022 2088 pretiosum

235 2105 297 2133 crat,
319 2107 341 2128 et
356 2109 405 2128 non
419 2106 470 2128 erat
485 2101 546 2128 visio
558 2100 711 2135 distinguens
730 2100 770 2135 (1.
787 2099 847 2134 Reg.
861 2100 887 2127 5.
901 2099 937 2135 1).
959 2099 1023 2127 Pre-

235 2147 339 2179 liosttm,
363 2147 387 2173 id
411 2151 468 2178 est,
493 2154 580 2173 rarum
602 2149 670 2173 erat.
698 2145 731 2172 Et
753 2145 802 2172 sub
820 2136 882 2171 Oiia
909 2145 1021 2179 idipsum

235 2192 332 2218 accidit
346 2200 353 2218 :
367 2199 452 2225 neque
465 2191 535 2218 enim
550 2191 609 2218 hinc
619 2191 742 2226 exiguum
756 2189 868 2217 fructum
879 2190 1021 2224 cepissent,

235 2237 259 2264 si
274 2237 428 2264 voluissent.
443 2237 508 2264 Nam
524 2237 614 2263 divina
626 2236 754 2269 ediscere,
767 2240 794 2263 et
805 2235 837 2263 ad
853 2235 940 2262 futura
955 2237 1022 2263 mala

236 2283 389 2317 prmparari,
404 2283 437 2310 de
452 2283 557 2310 incertis
570 2283 649 2310 rebus
663 2290 788 2317 responsa
800 2284 929 2317 accipere,
940 2290 1023 2317 quan-

237 2329 334 2355 douam
347 2328 465 2355 inimicos
474 2328 597 2356 invadere
611 2333 741 2362 oporteat,
756 2327 861 2363 quando
875 2328 1021 2362 quiescere,

236 2373 370 2409 quomodo
395 2373 477 2400 tristia
501 2373 589 2400 omnia
614 2373 756 2408 depellere,
777 2373 886 2400 multam
908 2373 972 2409 ipsis
990 2373 1022 2400 ad

236 2419 491 2456 salutem,afl‘erebat
504 2420 671 2448 facilitatem.
695 2419 792 2448 Verum
810 2420 870 2455 quia
885 2428 943 2454 qua:
954 2419 1023 2446 didi-

235 2471 329 2493 cerant
347 2474 400 2493 non
418 2466 576 2500 explebant,
599 2466 659 2493 ideo
679 2465 844 2500 disciplinam
867 2466 935 2493 hanc
960 2466 1023 2500 ipsis

234 2513 335 2539 ademit
350 2521 357 2539 :
373 2512 443 2547 quod
458 2517 514 2539 erat
529 2512 641 2547 ingentis
656 2512 703 2539 Dei
717 2512 863 2539 clementia:
881 2519 1023 2546 argumen-

236 2562 304 2590 tum,
319 2557 389 2592 quod
402 2565 462 2584 cum
478 2556 561 2584 futura
578 2556 744 2591 praevideret,
767 2557 899 2590 sciretque
913 2564 958 2583 eos
971 2564 1022 2583 non

235 2608 308 2629 recte
325 2602 405 2630 donis
418 2610 512 2629 usuros
522 2623 530 2636 ,
556 2607 643 2628 tamen
656 2609 715 2636 quat
728 2609 774 2628 sua
789 2606 864 2628 erant
877 2602 963 2628 omnia
978 2609 1024 2632 cx-

236 2647 350 2674 hiheret.
386 2647 451 2674 Cum
476 2647 602 2682 propheta
624 2654 688 2674 vero
713 2646 888 2681 conjectorem
910 2654 940 2674 se
961 2646 1025 2673 dicit

234 2694 385 2721 ablaturum
409 2701 480 2721 esse.

270 2740 407 2775 Conjector
415 2740 471 2775 quis
485 2739 526 2766 sit.
539 2754 575 2759 ——
588 2739 769 2774 Conjectorem
786 2738 828 2765 hic
840 2738 902 2765 mihi
918 2737 1024 2765 videtur

268 2808 276 2824 ¹
295 2811 356 2838 Reg.
370 2811 398 2833 et
418 2807 487 2832 savii.
501 2807 600 2835 habent,
620 2807 696 2832 hostes
714 2806 870 2836 imminentes,
889 2813 941 2838 pro.
962 2806 1024 2831 bella

236 2839 398 2865 imminentia.
410 2842 466 2868 Qum
478 2843 597 2870 postrema
610 2838 681 2863 lectio
692 2838 779 2863 melius
791 2838 907 2870 quadrare
919 2838 1022 2863 videtur.

1070 178 1158 208 dicere
1170 187 1241 214 eum,
1255 180 1298 216 qui
1312 188 1344 208 ex
1361 180 1442 208 multa
1455 180 1626 216 intelligentia
1636 202 1642 214 ,
1663 186 1689 209 et
1704 190 1735 210 ex
1749 182 1804 217 ipsa
1817 191 1859 211 re-

1068 233 1125 252 rum
1140 225 1303 260 experientia
1319 226 1403 253 futura
1418 227 1550 261 conjicere
1564 227 1762 261 poterat.Aliud
1782 229 1853 255 enim

1068 274 1109 297 est
1126 270 1289 305 eotijectnra,
1305 271 1376 298 aliud
1398 271 1537 306 prophetia
1561 281 1568 298 :
1592 272 1720 306 propheta
1734 273 1804 300 enim
1823 282 1856 301 ex

1068 316 1157 344 divino
1167 316 1263 351 Spiritu
1278 317 1403 352 loquitur,
1420 325 1452 344 et
1464 325 1492 344 se
1506 317 1570 344 nihil
1585 316 1717 351 aﬂ‘erens;
1735 317 1778 345 ille
1793 326 1858 346 vero

1067 363 1206 390 occasione
1220 367 1295 398 capta
1310 370 1341 391 ex
1358 363 1389 390 iis
1400 371 1462 399 quas
1477 364 1532 398 jam
1553 365 1731 399 contigerunt,
1758 365 1856 392 intelli-

1068 408 1183 442 gentiam
1197 416 1325 436 exercens
1339 416 1412 436 suam
1422 429 1430 442 ,
1454 411 1599 436 htturorum
1615 410 1697 437 multa
1712 411 1837 445 prospicit
1847 431 1854 440 .

1069 458 1097 480 ut
1113 461 1159 488 par
1171 458 1211 481 est
1228 454 1312 482 virum
1326 455 1480 490 prudentem
1499 456 1662 491 prospicere.
1692 457 1724 483 At
1746 457 1856 484 multum

1070 499 1139 527 hunc
1151 500 1220 528 inter
1233 506 1260 528 et
1273 501 1345 528 illum
1362 501 1502 529 discrimen
1515 510 1522 534 ;
1550 506 1714 537 tantumque,
1729 508 1855 538 qnantmn

1069 551 1110 574 est
1123 547 1289 575 intervallum
1305 548 1375 574 inter
1389 548 1555 582 prudentiam
1577 549 1718 576 humanam
1741 554 1767 576 et
1790 549 1858 576 divi-

1069 599 1129 618 nam
1143 592 1262 626 gratiam.
1279 593 1314 620 Ut
1323 597 1409 620 autent
1424 593 1545 627 exemplo
1557 601 1706 621 sermonem
1721 593 1859 621 dilucidio-

1069 645 1124 664 rem
1148 637 1266 669 reddam,
1291 639 1436 674 cogitemus
1466 638 1635 666 Salomonem
1657 644 1685 666 et
1707 639 1829 666 Elisasum
1848 648 1855 666 :

1069 684 1148 710 ambo
1166 685 1236 712 enim
1251 692 1293 712 res
1307 686 1425 712 occultas
1447 686 1472 712 in
1493 686 1608 713 medium
1629 685 1803 717 adducebant,
1829 689 1857 713 et

1070 729 1222 756 abscondita
1239 730 1391 757 revelabant
1405 740 1412 758 :
1429 731 1474 758 sed
1488 739 1539 758 non
1550 732 1628 758 ambo
1642 731 1733 759 eadem
1745 733 1857 764 virtute;

1069 774 1116 802 sed
1131 775 1173 801 ille
1188 775 1293 808 quidem
1306 783 1337 803 ex
1353 776 1488 809 prudentia
1502 776 1615 803 lmmana
1626 797 1632 808 ,
1659 784 1673 803 a
1699 782 1790 804 natura
1815 785 1859 804 su-

1071 827 1146 847 mens
1159 820 1326 847 occasionem
1341 821 1410 847 circa
1423 822 1578 849 meretrices
1592 822 1651 849 illas
1662 823 1786 850 mulieres
1801 823 1837 857 (π)
1849 831 1856 854 ;

1071 864 1114 891 hic
1126 872 1188 891 vero
1198 865 1337 892 ratiocinio
1349 865 1422 892 nullo
1430 872 1494 893 usas
1514 867 1594 901 (quod
1608 867 1680 895 enim
1693 868 1857 895 ratiocinium

1071 911 1142 938 Giezi
1158 911 1254 939 furtum
1267 913 1385 940 revelare
1400 914 1577 955 potuisset?)~
1590 915 1636 942 sed
1650 923 1681 942 ex
1697 915 1784 942 divina
1799 924 1858 950 gra-

1071 957 1106 983 tia
1120 965 1150 984 ea
1164 966 1223 993 qua:
1237 959 1327 993 procul
1344 959 1409 986 facta
1423 966 1498 987 erant
1513 961 1640 994 providit.
1663 961 1697 988 Et
1711 969 1807 993 senem,
1830 963 1856 990 5.

1071 1007 1093 1029 et
1106 1003 1243 1038 principem
1255 1012 1329 1039 super
1343 1005 1533 1041 quinquaginta.
1548 1005 1613 1033 Cum
1628 1006 1659 1033 iis
1673 1008 1751 1034 etiam
1767 1015 1857 1035 senem

1071 1052 1098 1075 et
1114 1049 1256 1084 principem
1270 1057 1349 1085 super
1362 1051 1547 1086 quinquaginta
1562 1059 1591 1079 se
1611 1052 1776 1080 sublaturum
1800 1061 1858 1080 esse

1072 1093 1136 1121 dicit
1159 1102 1166 1122 :
1191 1102 1281 1122 Senem
1297 1103 1349 1122 non
1363 1096 1519 1131 simpliciter
1538 1105 1598 1124 eum
1619 1098 1663 1132 qui
1688 1099 1857 1126 consenuerit

1072 1139 1145 1171 dicit,
1162 1140 1208 1167 sed
1227 1148 1288 1167 eum
1308 1142 1352 1175 qui
1372 1150 1430 1169 cum
1454 1142 1552 1170 canitie
1572 1143 1738 1177 prudentiam
1753 1145 1859 1172 canitiei

1071 1188 1276 1213 consentaneum
1288 1191 1385 1214 servat.
1400 1185 1464 1214 Cum
1475 1194 1538 1214 vero
1551 1187 1614 1215 dicit
1625 1188 1768 1223 principem
1781 1197 1861 1223 super

1072 1231 1276 1266 quinquaginta,
1299 1240 1351 1259 non
1375 1234 1522 1268 quempiam
1542 1234 1690 1269 hujusmodi
1715 1236 1859 1270 principem

1073 1281 1213 1308 memorat,
1238 1277 1284 1305 sed
1305 1278 1355 1310 hoc
1370 1279 1476 1306 nomine
1491 1280 1621 1315 principes
1637 1288 1729 1308 omnes
1740 1282 1860 1309 subindi-

1073 1326 1125 1348 cat.
1148 1322 1217 1349 Nihil
1230 1323 1312 1356 enim,
1328 1324 1391 1351 nihil
1404 1329 1478 1352 certe
1494 1325 1680 1359 miserabilius,
1694 1334 1771 1361 quam
1789 1328 1860 1354 nullo

1074 1367 1227 1402 magistratu
1243 1369 1313 1404 regi,
1336 1373 1364 1396 ut
1378 1370 1442 1396 nihil
1455 1370 1630 1403 periculosius
1644 1372 1702 1398 navi
1715 1379 1763 1399 suo
1777 1372 1860 1399 desti-

1075 1417 1128 1439 tuta
1152 1413 1340 1448 gubernatore.
1366 1414 1457 1449 Neque
1481 1415 1523 1442 hic
1542 1416 1651 1450 gradum
1671 1417 1750 1449 sistit,
1766 1418 1812 1445 sed
1833 1423 1861 1444 et

1074 1458 1152 1485 aliam
1168 1466 1288 1493 magnam
1301 1460 1407 1486 tutelam
1418 1468 1448 1488 se
1457 1461 1605 1488 ablaturum
1615 1463 1801 1495 comminatur,
1814 1471 1861 1490 ci-s

1075 1503 1118 1537 qui
1133 1503 1200 1530 bona
1213 1503 1277 1531 dare
1289 1505 1398 1532 consilia
1413 1506 1525 1539 possint,
1546 1506 1591 1541 qui
1611 1515 1663 1534 non
1679 1508 1766 1534 minus
1780 1517 1857 1542 quain

1074 1556 1146 1576 arma
1158 1549 1307 1576 civitatibus
1319 1550 1430 1578 all'erunt
1444 1551 1580 1578 auxilium.
1594 1552 1659 1580 Nam
1674 1554 1728 1580 ait:
1740 1554 1860 1588 Aufcrmu

1074 1595 1247 1623 admirabilem
1263 1596 1453 1629 consiliarium,
1476 1601 1498 1624 et
1519 1599 1657 1630 sapientem
1677 1599 1859 1631 architectum,-

1075 1648 1127 1668 non
1157 1646 1313 1669 struetorem
1341 1641 1445 1675 dicens,
1472 1642 1518 1670 sed
1541 1643 1566 1670 in
1594 1644 1706 1678 negotiis
1727 1645 1858 1679 peritum,

1075 1687 1156 1713 multa
1182 1687 1306 1720 doctum,
1329 1692 1356 1714 et
1377 1696 1436 1715 eum
1460 1688 1598 1723 prudentia
1631 1690 1718 1717 omnia
1745 1691 1859 1718 civitatis

1074 1732 1178 1766 negotia
1197 1732 1382 1760 administrare
1403 1734 1540 1761 scientem.

1109 1778 1136 1805 5.
1155 1778 1220 1805 Cum
1245 1777 1287 1806 Itis
1309 1779 1405 1812 etiam,
1429 1779 1463 1806 Et
1485 1779 1632 1814 prudentem
1657 1782 1804 1809 auditorem.
1832 1783 1859 1810 Si
1889 1789 1896 1792 ‘

1075 1824 1144 1851 enim
1167 1824 1216 1851 hoc
1238 1823 1370 1857 abfuerit,
1388 1825 1438 1852 etsi
1459 1825 1509 1852 alia
1529 1826 1618 1853 omnia
1642 1827 1749 1860 adsint,
1777 1829 1859 1855 nihilo

1076 1870 1135 1904 plus
1156 1870 1257 1898 accedit
1278 1870 1443 1904 civitatibus,
1470 1872 1519 1899 etsi
1545 1872 1691 1906 prophetzr,
1707 1874 1756 1901 etsi
1771 1875 1860 1901 consi-

1075 1914 1153 1947 liarii,
1170 1916 1219 1942 etsi
1233 1916 1402 1950 magistratus
1415 1915 1513 1950 adsint,
1524 1917 1545 1943 si
1559 1918 1646 1944 nullus
1659 1919 1693 1945 sit
1706 1919 1750 1954 qui
1761 1920 1858 1952 audiat,

1074 1960 1163 1988 omnia
1183 1960 1280 1988 frustra
1300 1965 1327 1988 et
1341 1961 1367 1988 in
1382 1961 1492 1989 nihilum
1513 1962 1620 1990 abeunt.
1642 1963 1751 1991 Videtur
1772 1971 1859 1993 autem

1075 2006 1137 2033 mihi
1149 2006 1191 2034 hic
1203 2007 1323 2042 Auferam
1332 2007 1393 2039 dici,
1402 2009 1475 2042 quasi
1485 2008 1584 2042 Sinam,
1597 2009 1760 2043 Permittam,
1770 2020 1864 2045 quem-

1075 2051 1215 2079 admodum
1230 2052 1326 2079 Paulus
1339 2053 1376 2079 ait
1399 2062 1406 2079 :
1429 2052 1543 2080 Tradidit
1558 2062 1600 2080 eos
1615 2054 1640 2080 in
1655 2056 1789 2090 reprobum
1803 2065 1858 2082 son-

1064 2106 1129 2135 ‘sum
1152 2097 1237 2134 (Rom.
1256 2098 1280 2124 1.
1296 2097 1359 2133 28);
1385 2105 1436 2124 non
1460 2098 1511 2125 ltoc
1532 2106 1622 2131 sensu,
1638 2100 1713 2134 quasi
1729 2101 1755 2127 in
1770 2109 1860 2127 amen-

1077 2144 1137 2170 tiam
1152 2144 1223 2179 ipsos
1235 2143 1388 2178 conjecerit,
1400 2143 1446 2171 sed
1456 2144 1516 2179 quia
1526 2144 1680 2179 insipientes
1688 2152 1747 2172 cum
1759 2151 1858 2176 essent.

1079 2198 1148 2225 .psos
1160 2191 1257 2217 dimisit
1272 2195 1299 2217 et
1313 2191 1430 2226 reliquit.

1112 2236 1221 2263 Prwstat
1236 2237 1331 2264 nullum
1347 2245 1421 2272 quant
1435 2237 1528 2263 malum
1541 2237 1628 2264 ducem
1640 2237 1814 2265 [tubera—tt
1832 2238 1866 2266 Et

1075 2282 1204 2309 instituam
1216 2281 1411 2308 adolescentulos
1425 2282 1548 2317 principes
1560 2290 1655 2309 eorum.
1684 2283 1739 2311 Hoc
1757 2283 1860 2311 deiectu

1077 2328 1155 2355 etiam
1169 2327 1367 2364 magistratuum
1382 2327 1457 2362 pejus
1475 2331 1502 2354 et
1517 2327 1599 2354 multo
1611 2328 1716 2362 gravius
1728 2333 1778 2356 est.
1795 2329 1860 2356 Nam

1076 2374 1120 2408 qui
1137 2374 1281 2408 principem
1299 2380 1351 2400 non
1372 2372 1461 2405 habet,
1482 2373 1548 2400 duce
1572 2374 1705 2408 privatur;
1732 2374 1775 2409 qui
1798 2382 1860 2402 vero

1077 2421 1174 2447 malum
1188 2424 1280 2447 nactus
1295 2425 1337 2446 est
1348 2419 1442 2446 ducem
1453 2440 1459 2450 ,
1481 2418 1561 2446 habet
1573 2421 1618 2454 qui
1633 2427 1662 2447 se
1676 2421 1701 2447 in
1717 2421 1860 2456 prrecipitia

1077 2466 1210 2500 conjiciat.
1227 2465 1445 2492 Adolescentulos
1458 2471 1545 2492 autem
1563 2465 1605 2492 hic
1618 2471 1747 2493 memorat
1761 2474 1813 2494 non
1833 2472 1859 2494 ut

1107 2558 1143 2588 (rt)
1160 2561 1215 2581 Haec
1233 2555 1366 2588 respiciunt
1383 2554 1585 2588 caputquintum
1600 2553 1653 2588 libri
1670 2555 1860 2588 Prqurbiorum.

1076 2572 1215 2613 υῠῖᾎοέίῖξ
1530 2572 1687 2617 fallaciasque

1077 2620 1214 2643 communit.
1224 2617 1288 2646 Quod
1300 2621 1381 2641 autem
1392 2617 1431 2641 hic
1441 2617 1474 2640 ait
1485 2616 1641 2646 comparando
1652 2616 1799 2641 Salomonem
1809 2623 1863 2641 eum

1078 2650 1169 2679 Elisaro,
1182 2649 1246 2673 illum
1261 2655 1292 2673 ex
1306 2648 1431 2678 prudentia
1453 2647 1554 2679 humana
1574 2647 1697 2677 loquutum
1717 2653 1780 2679 esse,
1798 2647 1862 2672 hunc

1078 2687 1138 2705 vero
1150 2678 1180 2705 ex
1203 2680 1279 2710 gratia
1296 2679 1384 2710 divina,
1402 2679 1436 2703 sic
1448 2678 1577 2710 intelligas,
1591 2684 1638 2702 non
1657 2678 1725 2710 quasi
1743 2678 1860 2710 Salomon,

1078 2711 1134 2735 dum
1146 2708 1327 2736 Provirbiorum
1340 2709 1425 2734 librum
1441 2708 1568 2737 scriberet,
1581 2709 1656 2739 gratia
1667 2708 1745 2732 divina
1759 2708 1863 2733 destitu-

1079 2747 1117 2768 tus
1129 2745 1210 2771 esset;
1222 2741 1265 2765 sed
1278 2740 1340 2772 quod
1354 2746 1391 2770 ea,
1407 2746 1461 2771 quae
1474 2740 1625 2772 experientia
1643 2742 1668 2763 et
1679 2739 1808 2772 sagacitate
1819 2746 1863 2764 sua

1079 2777 1187 2801 noverat,
1207 2770 1328 2802 dirigente
1345 2770 1430 2801 Spiritu
1450 2774 1540 2798 sancto,
1554 2770 1631 2794 literis
1652 2770 1789 2802 mandaret;
1809 2777 1863 2794 cum

1079 2810 1160 2828 contra
1172 2801 1267 2827 Elisteus
1282 2802 1320 2827 illa
1336 2805 1428 2827 tantmn
1445 2802 1572 2826 scriberet.
1585 2808 1640 2827 aute
1659 2801 1752 2825 amante
1765 2801 1863 2826 Numine

1079 2834 1194 2860 discebat.
