  <div class='ocr_page' id='page_1' title='image "/cluster/home/n/w/nwhite01/storage/ocr_20150623/56/njp.32101077772646/049.png"; bbox 0 0 2068 3130; ppageno 0'>
   <div class='ocr_carea' id='block_1_1' title="bbox 190 127 1828 172">
    <p class='ocr_par' dir='ltr' id='par_1_1' title="bbox 190 127 1828 172">
     <span class='ocr_line' id='line_1_1' title="bbox 190 127 1828 172; baseline -0.002 -12"><span class='ocrx_word' id='word_1_1' title='bbox 190 134 225 160; x_wconf 58' lang='lat' dir='ltr'><strong>b?»</strong></span> <span class='ocrx_word' id='word_1_2' title='bbox 534 132 560 159; x_wconf 89' lang='lat' dir='ltr'><strong>S.</strong></span> <span class='ocrx_word' id='word_1_3' title='bbox 582 130 719 158; x_wconf 72' lang='lat' dir='ltr'><strong>JO.\N.\IS</strong></span> <span class='ocrx_word' id='word_1_4' title='bbox 737 128 968 157; x_wconf 60' lang='lat' dir='ltr'><strong>Clllii&#39;SO-iTOiil</strong></span> <span class='ocrx_word' id='word_1_5' title='bbox 990 127 1144 156; x_wconf 74' lang='lat' dir='ltr'><strong>AliClliEl’.</strong></span> <span class='ocrx_word' id='word_1_6' title='bbox 1165 128 1429 159; x_wconf 71' lang='lat' dir='ltr'><strong>CONSTANTINOP.</strong></span> <span class='ocrx_word' id='word_1_7' title='bbox 1795 144 1828 172; x_wconf 58' lang='grc' dir='ltr'>μ</span> 
     </span>
    </p>
   </div>
   <div class='ocr_carea' id='block_1_2' title="bbox 194 189 984 227">
    <p class='ocr_par' dir='ltr' id='par_1_2' title="bbox 194 189 984 227">
     <span class='ocr_line' id='line_1_2' title="bbox 194 189 984 227; baseline -0.008 -7"><span class='ocrx_word' id='word_1_8' title='bbox 194 199 298 221; x_wconf 45' lang='lat' dir='ltr'><strong>nitatem</strong></span> <span class='ocrx_word' id='word_1_9' title='bbox 320 192 425 227; x_wconf 76' lang='lat' dir='ltr'><strong>culpet,</strong></span> <span class='ocrx_word' id='word_1_10' title='bbox 449 191 496 219; x_wconf 87' lang='lat' dir='ltr'><strong>sed</strong></span> <span class='ocrx_word' id='word_1_11' title='bbox 521 195 546 217; x_wconf 89' lang='lat' dir='ltr'><strong>ut</strong></span> <span class='ocrx_word' id='word_1_12' title='bbox 568 191 672 218; x_wconf 80' lang='lat' dir='ltr'><strong>illorum</strong></span> <span class='ocrx_word' id='word_1_13' title='bbox 695 189 870 224; x_wconf 71' lang='lat' dir='ltr'><strong>insipientiam</strong></span> <span class='ocrx_word' id='word_1_14' title='bbox 899 189 984 223; x_wconf 86' lang='lat' dir='ltr'><strong>aptius</strong></span> 
     </span>
    </p>
   </div>
   <div class='ocr_carea' id='block_1_3' title="bbox 194 234 986 272">
    <p class='ocr_par' dir='ltr' id='par_1_3' title="bbox 194 234 986 272">
     <span class='ocr_line' id='line_1_3' title="bbox 194 234 986 272; baseline -0.006 -7"><span class='ocrx_word' id='word_1_15' title='bbox 194 239 327 266; x_wconf 81' lang='lat' dir='ltr'><strong>ostendat.</strong></span> <span class='ocrx_word' id='word_1_16' title='bbox 343 237 556 272; x_wconf 80' lang='lat' dir='ltr'><strong>Coutingitcniut</strong></span> <span class='ocrx_word' id='word_1_17' title='bbox 575 236 688 271; x_wconf 85' lang='lat' dir='ltr'><strong>juvenes</strong></span> <span class='ocrx_word' id='word_1_18' title='bbox 703 242 762 263; x_wconf 87' lang='lat' dir='ltr'><strong>esse</strong></span> <span class='ocrx_word' id='word_1_19' title='bbox 777 234 935 270; x_wconf 71' lang='lat' dir='ltr'><strong>prudentes,</strong></span> <span class='ocrx_word' id='word_1_20' title='bbox 960 238 986 260; x_wconf 91' lang='lat' dir='ltr'><strong>et</strong></span> 
     </span>
    </p>
   </div>
   <div class='ocr_carea' id='block_1_4' title="bbox 193 280 985 318">
    <p class='ocr_par' dir='ltr' id='par_1_4' title="bbox 193 280 985 318">
     <span class='ocr_line' id='line_1_4' title="bbox 193 280 985 318; baseline -0.006 -7"><span class='ocrx_word' id='word_1_21' title='bbox 193 285 273 313; x_wconf 68' lang='lat' dir='ltr'><strong>senes</strong></span> <span class='ocrx_word' id='word_1_22' title='bbox 294 285 320 311; x_wconf 89' lang='lat' dir='ltr'><strong>in</strong></span> <span class='ocrx_word' id='word_1_23' title='bbox 344 283 494 318; x_wconf 81' lang='lat' dir='ltr'><strong>insipientia</strong></span> <span class='ocrx_word' id='word_1_24' title='bbox 520 282 617 310; x_wconf 76' lang='lat' dir='ltr'><strong>vixisse</strong></span> <span class='ocrx_word' id='word_1_25' title='bbox 643 291 649 309; x_wconf 71' lang='grc' dir='ltr'><em>τ</em></span> <span class='ocrx_word' id='word_1_26' title='bbox 673 288 764 309; x_wconf 87' lang='lat' dir='ltr'><strong>verum</strong></span> <span class='ocrx_word' id='word_1_27' title='bbox 779 281 839 316; x_wconf 87' lang='lat' dir='ltr'><strong>quia</strong></span> <span class='ocrx_word' id='word_1_28' title='bbox 861 280 885 307; x_wconf 89' lang='lat' dir='ltr'><strong>id</strong></span> <span class='ocrx_word' id='word_1_29' title='bbox 901 280 985 307; x_wconf 83' lang='lat' dir='ltr'><strong>rarius</strong></span> 
     </span>
    </p>
   </div>
   <div class='ocr_carea' id='block_1_5' title="bbox 193 325 983 362">
    <p class='ocr_par' dir='ltr' id='par_1_5' title="bbox 193 325 983 362">
     <span class='ocr_line' id='line_1_5' title="bbox 193 325 983 362; baseline -0.005 -6"><span class='ocrx_word' id='word_1_30' title='bbox 193 330 315 358; x_wconf 83' lang='lat' dir='ltr'><strong>accidere</strong></span> <span class='ocrx_word' id='word_1_31' title='bbox 330 329 408 361; x_wconf 80' lang='lat' dir='ltr'><strong>solet,</strong></span> <span class='ocrx_word' id='word_1_32' title='bbox 432 329 478 356; x_wconf 87' lang='lat' dir='ltr'><strong>sed</strong></span> <span class='ocrx_word' id='word_1_33' title='bbox 491 328 653 355; x_wconf 86' lang='lat' dir='ltr'><strong>contrarium</strong></span> <span class='ocrx_word' id='word_1_34' title='bbox 668 327 825 362; x_wconf 89' lang='lat' dir='ltr'><strong>plerumque</strong></span> <span class='ocrx_word' id='word_1_35' title='bbox 838 325 983 360; x_wconf 83' lang='lat' dir='ltr'><strong>contingit;</strong></span> 
     </span>
    </p>
   </div>
   <div class='ocr_carea' id='block_1_6' title="bbox 194 371 984 410">
    <p class='ocr_par' dir='ltr' id='par_1_6' title="bbox 194 371 984 410">
     <span class='ocr_line' id='line_1_6' title="bbox 194 371 984 410; baseline -0.005 -8"><span class='ocrx_word' id='word_1_36' title='bbox 194 376 253 402; x_wconf 85' lang='lat' dir='ltr'><strong>ideo</strong></span> <span class='ocrx_word' id='word_1_37' title='bbox 276 375 334 402; x_wconf 88' lang='lat' dir='ltr'><strong>illos</strong></span> <span class='ocrx_word' id='word_1_38' title='bbox 349 375 505 410; x_wconf 83' lang='lat' dir='ltr'><strong>insipientes</strong></span> <span class='ocrx_word' id='word_1_39' title='bbox 519 373 673 400; x_wconf 92' lang='lat' dir='ltr'><strong>nominavit.</strong></span> <span class='ocrx_word' id='word_1_40' title='bbox 690 373 755 400; x_wconf 85' lang='lat' dir='ltr'><strong>Nam</strong></span> <span class='ocrx_word' id='word_1_41' title='bbox 780 376 807 399; x_wconf 88' lang='lat' dir='ltr'><strong>et</strong></span> <span class='ocrx_word' id='word_1_42' title='bbox 829 371 984 398; x_wconf 86' lang='lat' dir='ltr'><strong>Timotheus</strong></span> 
     </span>
    </p>
   </div>
   <div class='ocr_carea' id='block_1_7' title="bbox 190 416 984 455">
    <p class='ocr_par' dir='ltr' id='par_1_7' title="bbox 190 416 984 455">
     <span class='ocr_line' id='line_1_7' title="bbox 190 416 984 455; baseline -0.008 -6"><span class='ocrx_word' id='word_1_43' title='bbox 190 422 296 455; x_wconf 80' lang='lat' dir='ltr'><strong>juvenis</strong></span> <span class='ocrx_word' id='word_1_44' title='bbox 309 426 367 449; x_wconf 85' lang='lat' dir='ltr'><strong>erat</strong></span> <span class='ocrx_word' id='word_1_45' title='bbox 382 430 388 448; x_wconf 91' lang='lat'>:</span> <span class='ocrx_word' id='word_1_46' title='bbox 405 421 427 448; x_wconf 94' lang='lat' dir='ltr'><strong>is</strong></span> <span class='ocrx_word' id='word_1_47' title='bbox 450 425 536 448; x_wconf 87' lang='lat' dir='ltr'><strong>tamen</strong></span> <span class='ocrx_word' id='word_1_48' title='bbox 561 419 705 454; x_wconf 72' lang='lat' dir='ltr'><strong>sapientius</strong></span> <span class='ocrx_word' id='word_1_49' title='bbox 718 439 725 450; x_wconf 94' lang='lat'><strong>,</strong></span> <span class='ocrx_word' id='word_1_50' title='bbox 752 425 829 453; x_wconf 58' lang='lat' dir='ltr'><strong>quam</strong></span> <span class='ocrx_word' id='word_1_51' title='bbox 855 416 984 444; x_wconf 90' lang='lat' dir='ltr'><strong>innumeri</strong></span> 
     </span>
    </p>
   </div>
   <div class='ocr_carea' id='block_1_8' title="bbox 191 463 985 500">
    <p class='ocr_par' dir='ltr' id='par_1_8' title="bbox 191 463 985 500">
     <span class='ocr_line' id='line_1_8' title="bbox 191 463 985 500; baseline -0.008 -5"><span class='ocrx_word' id='word_1_52' title='bbox 191 475 286 500; x_wconf 82' lang='lat' dir='ltr'><strong>senes,</strong></span> <span class='ocrx_word' id='word_1_53' title='bbox 307 467 441 495; x_wconf 66' lang='lat' dir='ltr'><strong>Ecclesias</strong></span> <span class='ocrx_word' id='word_1_54' title='bbox 466 465 675 498; x_wconf 87' lang='lat' dir='ltr'><strong>administravit;</strong></span> <span class='ocrx_word' id='word_1_55' title='bbox 701 468 728 491; x_wconf 91' lang='lat' dir='ltr'><strong>et</strong></span> <span class='ocrx_word' id='word_1_56' title='bbox 746 463 874 491; x_wconf 87' lang='lat' dir='ltr'><strong>Salomon</strong></span> <span class='ocrx_word' id='word_1_57' title='bbox 900 470 985 489; x_wconf 87' lang='lat' dir='ltr'><strong>annos</strong></span> 
     </span>
    </p>
   </div>
   <div class='ocr_carea' id='block_1_9' title="bbox 193 509 985 547">
    <p class='ocr_par' dir='ltr' id='par_1_9' title="bbox 193 509 985 547">
     <span class='ocr_line' id='line_1_9' title="bbox 193 509 985 547; baseline -0.006 -7"><span class='ocrx_word' id='word_1_58' title='bbox 193 519 269 541; x_wconf 88' lang='lat' dir='ltr'><strong>natus</strong></span> <span class='ocrx_word' id='word_1_59' title='bbox 282 513 420 541; x_wconf 81' lang='lat' dir='ltr'><strong>duodecim</strong></span> <span class='ocrx_word' id='word_1_60' title='bbox 437 511 491 547; x_wconf 83' lang='lat' dir='ltr'><strong>(tt),</strong></span> <span class='ocrx_word' id='word_1_61' title='bbox 516 519 576 539; x_wconf 89' lang='lat' dir='ltr'><strong>cttm</strong></span> <span class='ocrx_word' id='word_1_62' title='bbox 596 511 649 538; x_wconf 86' lang='lat' dir='ltr'><strong>Deo</strong></span> <span class='ocrx_word' id='word_1_63' title='bbox 664 510 830 545; x_wconf 81' lang='lat' dir='ltr'><strong>loquebatur,</strong></span> <span class='ocrx_word' id='word_1_64' title='bbox 850 509 985 543; x_wconf 79' lang='lat' dir='ltr'><strong>multaque</strong></span> 
     </span>
    </p>
   </div>
   <div class='ocr_carea' id='block_1_10' title="bbox 192 554 982 589">
    <p class='ocr_par' dir='ltr' id='par_1_10' title="bbox 192 554 982 589">
     <span class='ocr_line' id='line_1_10' title="bbox 192 554 982 589; baseline -0.006 -2"><span class='ocrx_word' id='word_1_65' title='bbox 192 564 249 587; x_wconf 74' lang='lat' dir='ltr'><strong>erat</strong></span> <span class='ocrx_word' id='word_1_66' title='bbox 261 558 365 586; x_wconf 86' lang='lat' dir='ltr'><strong>dicendi</strong></span> <span class='ocrx_word' id='word_1_67' title='bbox 380 558 471 584; x_wconf 77' lang='lat' dir='ltr'><strong>fiducia</strong></span> <span class='ocrx_word' id='word_1_68' title='bbox 490 557 645 589; x_wconf 75' lang='lat' dir='ltr'><strong>instructus,</strong></span> <span class='ocrx_word' id='word_1_69' title='bbox 669 563 700 582; x_wconf 92' lang='lat' dir='ltr'><strong>ac</strong></span> <span class='ocrx_word' id='word_1_70' title='bbox 716 563 760 582; x_wconf 83' lang='lat' dir='ltr'><strong>rex</strong></span> <span class='ocrx_word' id='word_1_71' title='bbox 775 554 924 582; x_wconf 73' lang='lat' dir='ltr'><strong>declaratus</strong></span> <span class='ocrx_word' id='word_1_72' title='bbox 937 561 982 582; x_wconf 77' lang='lat' dir='ltr'><strong>cn—</strong></span> 
     </span>
    </p>
   </div>
   <div class='ocr_carea' id='block_1_11' title="bbox 191 600 984 639">
    <p class='ocr_par' dir='ltr' id='par_1_11' title="bbox 191 600 984 639">
     <span class='ocr_line' id='line_1_11' title="bbox 191 600 984 639; baseline -0.008 -7"><span class='ocrx_word' id='word_1_73' title='bbox 191 611 352 639; x_wconf 88' lang='lat' dir='ltr'><strong>ronatusque</strong></span> <span class='ocrx_word' id='word_1_74' title='bbox 375 609 434 636; x_wconf 87' lang='lat' dir='ltr'><strong>est,</strong></span> <span class='ocrx_word' id='word_1_75' title='bbox 459 603 640 637; x_wconf 83' lang='lat' dir='ltr'><strong>barbarosque</strong></span> <span class='ocrx_word' id='word_1_76' title='bbox 663 600 754 628; x_wconf 90' lang='lat' dir='ltr'><strong>habuit</strong></span> <span class='ocrx_word' id='word_1_77' title='bbox 773 600 909 634; x_wconf 76' lang='lat' dir='ltr'><strong>sapientia:</strong></span> <span class='ocrx_word' id='word_1_78' title='bbox 930 606 984 626; x_wconf 74' lang='lat' dir='ltr'><strong>sua:</strong></span> 
     </span>
    </p>
   </div>
   <div class='ocr_carea' id='block_1_12' title="bbox 190 645 982 685">
    <p class='ocr_par' dir='ltr' id='par_1_12' title="bbox 190 645 982 685">
     <span class='ocr_line' id='line_1_12' title="bbox 190 645 982 685; baseline -0.009 -7"><span class='ocrx_word' id='word_1_79' title='bbox 190 656 374 685; x_wconf 53' lang='lat' dir='ltr'><strong>spxtatores;</strong></span> <span class='ocrx_word' id='word_1_80' title='bbox 400 656 486 684; x_wconf 89' lang='lat' dir='ltr'><strong>neque</strong></span> <span class='ocrx_word' id='word_1_81' title='bbox 507 648 556 675; x_wconf 90' lang='lat' dir='ltr'><strong>viri</strong></span> <span class='ocrx_word' id='word_1_82' title='bbox 581 647 685 678; x_wconf 88' lang='lat' dir='ltr'><strong>solum,</strong></span> <span class='ocrx_word' id='word_1_83' title='bbox 713 645 759 673; x_wconf 87' lang='lat' dir='ltr'><strong>sed</strong></span> <span class='ocrx_word' id='word_1_84' title='bbox 774 650 800 672; x_wconf 90' lang='lat' dir='ltr'><strong>ct</strong></span> <span class='ocrx_word' id='word_1_85' title='bbox 813 645 937 672; x_wconf 76' lang='lat' dir='ltr'><strong>mulieres</strong></span> <span class='ocrx_word' id='word_1_86' title='bbox 951 652 982 672; x_wconf 79' lang='lat' dir='ltr'><strong>ex</strong></span> 
     </span>
    </p>
   </div>
   <div class='ocr_carea' id='block_1_13' title="bbox 193 690 983 732">
    <p class='ocr_par' dir='ltr' id='par_1_13' title="bbox 193 690 983 732">
     <span class='ocr_line' id='line_1_13' title="bbox 193 690 983 732; baseline -0.01 -8"><span class='ocrx_word' id='word_1_87' title='bbox 193 696 341 732; x_wconf 85' lang='lat' dir='ltr'><strong>longinquis</strong></span> <span class='ocrx_word' id='word_1_88' title='bbox 356 694 508 730; x_wconf 77' lang='lat' dir='ltr'><strong>regionibus</strong></span> <span class='ocrx_word' id='word_1_89' title='bbox 522 694 667 724; x_wconf 83' lang='lat' dir='ltr'><strong>venientes,</strong></span> <span class='ocrx_word' id='word_1_90' title='bbox 686 691 754 718; x_wconf 90' lang='lat' dir='ltr'><strong>hanc</strong></span> <span class='ocrx_word' id='word_1_91' title='bbox 769 691 851 718; x_wconf 89' lang='lat' dir='ltr'><strong>solam</strong></span> <span class='ocrx_word' id='word_1_92' title='bbox 866 690 983 725; x_wconf 78' lang='lat' dir='ltr'><strong>peregri-</strong></span> 
     </span>
    </p>
   </div>
   <div class='ocr_carea' id='block_1_14' title="bbox 191 735 984 772">
    <p class='ocr_par' dir='ltr' id='par_1_14' title="bbox 191 735 984 772">
     <span class='ocr_line' id='line_1_14' title="bbox 191 735 984 772; baseline -0.01 -3"><span class='ocrx_word' id='word_1_93' title='bbox 191 743 305 769; x_wconf 83' lang='lat' dir='ltr'><strong>nationis</strong></span> <span class='ocrx_word' id='word_1_94' title='bbox 324 748 431 769; x_wconf 80' lang='lat' dir='ltr'><strong>causam</strong></span> <span class='ocrx_word' id='word_1_95' title='bbox 459 738 602 768; x_wconf 77' lang='lat' dir='ltr'><strong>habebant,</strong></span> <span class='ocrx_word' id='word_1_96' title='bbox 628 744 725 772; x_wconf 87' lang='lat' dir='ltr'><strong>nempe</strong></span> <span class='ocrx_word' id='word_1_97' title='bbox 746 740 775 764; x_wconf 89' lang='lat' dir='ltr'><strong>ut</strong></span> <span class='ocrx_word' id='word_1_98' title='bbox 795 743 826 763; x_wconf 87' lang='lat' dir='ltr'><strong>ex</strong></span> <span class='ocrx_word' id='word_1_99' title='bbox 842 735 900 769; x_wconf 86' lang='lat' dir='ltr'><strong>ejus</strong></span> <span class='ocrx_word' id='word_1_100' title='bbox 919 742 984 762; x_wconf 82' lang='lat' dir='ltr'><strong>voce</strong></span> 
     </span>
    </p>
   </div>
   <div class='ocr_carea' id='block_1_15' title="bbox 190 780 982 824">
    <p class='ocr_par' dir='ltr' id='par_1_15' title="bbox 190 780 982 824">
     <span class='ocr_line' id='line_1_15' title="bbox 190 780 982 824; baseline -0.011 -9"><span class='ocrx_word' id='word_1_101' title='bbox 190 788 325 824; x_wconf 89' lang='lat' dir='ltr'><strong>quidpiam</strong></span> <span class='ocrx_word' id='word_1_102' title='bbox 340 787 490 814; x_wconf 89' lang='lat' dir='ltr'><strong>etliscercut</strong></span> <span class='ocrx_word' id='word_1_103' title='bbox 503 788 529 812; x_wconf 94' lang='lat' dir='ltr'><strong>ct</strong></span> <span class='ocrx_word' id='word_1_104' title='bbox 542 783 662 815; x_wconf 76' lang='lat' dir='ltr'><strong>audirent</strong></span> <span class='ocrx_word' id='word_1_105' title='bbox 676 791 684 810; x_wconf 87' lang='lat'><strong>:</strong></span> <span class='ocrx_word' id='word_1_106' title='bbox 699 782 746 810; x_wconf 89' lang='lat' dir='ltr'><strong>sed</strong></span> <span class='ocrx_word' id='word_1_107' title='bbox 770 785 799 808; x_wconf 94' lang='lat' dir='ltr'><strong>ut</strong></span> <span class='ocrx_word' id='word_1_108' title='bbox 822 780 854 808; x_wconf 86' lang='lat' dir='ltr'><strong>ad</strong></span> <span class='ocrx_word' id='word_1_109' title='bbox 878 780 982 807; x_wconf 91' lang='lat' dir='ltr'><strong>senium</strong></span> 
     </span>
    </p>
   </div>
   <div class='ocr_carea' id='block_1_16' title="bbox 192 825 984 868">
    <p class='ocr_par' dir='ltr' id='par_1_16' title="bbox 192 825 984 868">
     <span class='ocr_line' id='line_1_16' title="bbox 192 825 984 868; baseline -0.01 -9"><span class='ocrx_word' id='word_1_110' title='bbox 192 833 329 868; x_wconf 84' lang='lat' dir='ltr'><strong>pervenit,</strong></span> <span class='ocrx_word' id='word_1_111' title='bbox 352 831 464 860; x_wconf 86' lang='lat' dir='ltr'><strong>multum</strong></span> <span class='ocrx_word' id='word_1_112' title='bbox 489 829 522 857; x_wconf 91' lang='lat' dir='ltr'><strong>de</strong></span> <span class='ocrx_word' id='word_1_113' title='bbox 545 829 643 856; x_wconf 88' lang='lat' dir='ltr'><strong>virtute</strong></span> <span class='ocrx_word' id='word_1_114' title='bbox 660 827 787 855; x_wconf 79' lang='lat' dir='ltr'><strong>detraxit.</strong></span> <span class='ocrx_word' id='word_1_115' title='bbox 813 825 898 860; x_wconf 82' lang='lat' dir='ltr'><strong>Hujus</strong></span> <span class='ocrx_word' id='word_1_116' title='bbox 920 833 984 852; x_wconf 87' lang='lat' dir='ltr'><strong>vero</strong></span> 
     </span>
    </p>
   </div>
   <div class='ocr_carea' id='block_1_17' title="bbox 191 873 982 914">
    <p class='ocr_par' dir='ltr' id='par_1_17' title="bbox 191 873 982 914">
     <span class='ocr_line' id='line_1_17' title="bbox 191 873 982 914; baseline -0.013 -8"><span class='ocrx_word' id='word_1_117' title='bbox 191 885 266 914; x_wconf 88' lang='lat' dir='ltr'><strong>pater</strong></span> <span class='ocrx_word' id='word_1_118' title='bbox 287 878 379 905; x_wconf 89' lang='lat' dir='ltr'><strong>beatus</strong></span> <span class='ocrx_word' id='word_1_119' title='bbox 398 875 481 903; x_wconf 85' lang='lat' dir='ltr'><strong>David</strong></span> <span class='ocrx_word' id='word_1_120' title='bbox 506 882 587 910; x_wconf 82' lang='lat' dir='ltr'><strong>grave</strong></span> <span class='ocrx_word' id='word_1_121' title='bbox 607 873 670 901; x_wconf 90' lang='lat' dir='ltr'><strong>illud</strong></span> <span class='ocrx_word' id='word_1_122' title='bbox 694 877 830 907; x_wconf 87' lang='lat' dir='ltr'><strong>peccatqu</strong></span> <span class='ocrx_word' id='word_1_123' title='bbox 850 878 902 898; x_wconf 91' lang='lat' dir='ltr'><strong>non</strong></span> <span class='ocrx_word' id='word_1_124' title='bbox 922 877 982 898; x_wconf 91' lang='lat' dir='ltr'><strong>cum</strong></span> 
     </span>
    </p>
   </div>
   <div class='ocr_carea' id='block_1_18' title="bbox 189 919 983 959">
    <p class='ocr_par' dir='ltr' id='par_1_18' title="bbox 189 919 983 959">
     <span class='ocr_line' id='line_1_18' title="bbox 189 919 983 959; baseline -0.01 -8"><span class='ocrx_word' id='word_1_125' title='bbox 189 925 294 959; x_wconf 80' lang='lat' dir='ltr'><strong>juvenis</strong></span> <span class='ocrx_word' id='word_1_126' title='bbox 307 928 333 952; x_wconf 89' lang='lat' dir='ltr'><strong>et</strong></span> <span class='ocrx_word' id='word_1_127' title='bbox 347 930 412 958; x_wconf 88' lang='lat' dir='ltr'><strong>puer</strong></span> <span class='ocrx_word' id='word_1_128' title='bbox 426 927 515 955; x_wconf 84' lang='lat' dir='ltr'><strong>esset,</strong></span> <span class='ocrx_word' id='word_1_129' title='bbox 526 920 573 948; x_wconf 92' lang='lat' dir='ltr'><strong>sed</strong></span> <span class='ocrx_word' id='word_1_130' title='bbox 593 928 654 947; x_wconf 90' lang='lat' dir='ltr'><strong>eum</strong></span> <span class='ocrx_word' id='word_1_131' title='bbox 670 919 742 946; x_wconf 86' lang='lat' dir='ltr'><strong>illam</strong></span> <span class='ocrx_word' id='word_1_132' title='bbox 754 923 860 946; x_wconf 78' lang='lat' dir='ltr'><strong>:ntatem</strong></span> <span class='ocrx_word' id='word_1_133' title='bbox 873 921 983 952; x_wconf 81' lang='lat' dir='ltr'><strong>practer-</strong></span> 
     </span>
    </p>
   </div>
   <div class='ocr_carea' id='block_1_19' title="bbox 190 962 983 1006">
    <p class='ocr_par' dir='ltr' id='par_1_19' title="bbox 190 962 983 1006">
     <span class='ocr_line' id='line_1_19' title="bbox 190 962 983 1006; baseline -0.011 -8"><span class='ocrx_word' id='word_1_134' title='bbox 190 979 297 1006; x_wconf 76' lang='lat' dir='ltr'><strong>grcssus</strong></span> <span class='ocrx_word' id='word_1_135' title='bbox 322 973 405 998; x_wconf 57' lang='lat' dir='ltr'><strong>esset,</strong></span> <span class='ocrx_word' id='word_1_136' title='bbox 421 972 481 995; x_wconf 88' lang='lat' dir='ltr'><strong>tunc</strong></span> <span class='ocrx_word' id='word_1_137' title='bbox 503 966 630 1002; x_wconf 87' lang='lat' dir='ltr'><strong>peccavit.</strong></span> <span class='ocrx_word' id='word_1_138' title='bbox 660 965 726 993; x_wconf 90' lang='lat' dir='ltr'><strong>Cum</strong></span> <span class='ocrx_word' id='word_1_139' title='bbox 749 969 838 991; x_wconf 83' lang='lat' dir='ltr'><strong>autem</strong></span> <span class='ocrx_word' id='word_1_140' title='bbox 858 962 983 997; x_wconf 87' lang='lat' dir='ltr'><strong>puerulus</strong></span> 
     </span>
    </p>
   </div>
   <div class='ocr_carea' id='block_1_20' title="bbox 191 1008 981 1049">
    <p class='ocr_par' dir='ltr' id='par_1_20' title="bbox 191 1008 981 1049">
     <span class='ocr_line' id='line_1_20' title="bbox 191 1008 981 1049; baseline -0.01 -6"><span class='ocrx_word' id='word_1_141' title='bbox 191 1022 277 1049; x_wconf 90' lang='lat' dir='ltr'><strong>esset,</strong></span> <span class='ocrx_word' id='word_1_142' title='bbox 292 1014 412 1042; x_wconf 89' lang='lat' dir='ltr'><strong>mirabile</strong></span> <span class='ocrx_word' id='word_1_143' title='bbox 426 1018 554 1048; x_wconf 71' lang='lat' dir='ltr'><strong>troptcum</strong></span> <span class='ocrx_word' id='word_1_144' title='bbox 566 1012 662 1043; x_wconf 80' lang='lat' dir='ltr'><strong>erexit,</strong></span> <span class='ocrx_word' id='word_1_145' title='bbox 677 1011 817 1039; x_wconf 79' lang='lat' dir='ltr'><strong>barbarum</strong></span> <span class='ocrx_word' id='word_1_146' title='bbox 830 1008 981 1044; x_wconf 89' lang='lat' dir='ltr'><strong>prostravit,</strong></span> 
     </span>
    </p>
   </div>
   <div class='ocr_carea' id='block_1_21' title="bbox 190 1055 982 1096">
    <p class='ocr_par' dir='ltr' id='par_1_21' title="bbox 190 1055 982 1096">
     <span class='ocr_line' id='line_1_21' title="bbox 190 1055 982 1096; baseline -0.01 -7"><span class='ocrx_word' id='word_1_147' title='bbox 190 1069 349 1096; x_wconf 87' lang='lat' dir='ltr'><strong>otnuemque</strong></span> <span class='ocrx_word' id='word_1_148' title='bbox 371 1060 492 1088; x_wconf 72' lang='lat' dir='ltr'><strong>exhibuit</strong></span> <span class='ocrx_word' id='word_1_149' title='bbox 509 1057 704 1094; x_wconf 82' lang='lat' dir='ltr'><strong>philosophiam</strong></span> <span class='ocrx_word' id='word_1_150' title='bbox 718 1078 726 1089; x_wconf 91' lang='lat'><strong>,</strong></span> <span class='ocrx_word' id='word_1_151' title='bbox 755 1063 841 1091; x_wconf 87' lang='lat' dir='ltr'><strong>neqtte</strong></span> <span class='ocrx_word' id='word_1_152' title='bbox 868 1055 982 1090; x_wconf 90' lang='lat' dir='ltr'><strong>impedi-</strong></span> 
     </span>
    </p>
   </div>
   <div class='ocr_carea' id='block_1_22' title="bbox 191 1102 982 1142">
    <p class='ocr_par' dir='ltr' id='par_1_22' title="bbox 191 1102 982 1142">
     <span class='ocr_line' id='line_1_22' title="bbox 191 1102 982 1142; baseline -0.009 -8"><span class='ocrx_word' id='word_1_153' title='bbox 191 1114 280 1136; x_wconf 86' lang='lat' dir='ltr'><strong>mento</strong></span> <span class='ocrx_word' id='word_1_154' title='bbox 303 1107 429 1142; x_wconf 84' lang='lat' dir='ltr'><strong>juventus</strong></span> <span class='ocrx_word' id='word_1_155' title='bbox 454 1105 512 1138; x_wconf 85' lang='lat' dir='ltr'><strong>fuit,</strong></span> <span class='ocrx_word' id='word_1_156' title='bbox 541 1105 681 1139; x_wconf 90' lang='lat' dir='ltr'><strong>quominus</strong></span> <span class='ocrx_word' id='word_1_157' title='bbox 695 1103 751 1130; x_wconf 78' lang='lat' dir='ltr'><strong>haec</strong></span> <span class='ocrx_word' id='word_1_158' title='bbox 764 1102 891 1137; x_wconf 65' lang='lat' dir='ltr'><strong>praeclara</strong></span> <span class='ocrx_word' id='word_1_159' title='bbox 907 1105 982 1140; x_wconf 72' lang='lat' dir='ltr'><strong>gesta</strong></span> 
     </span>
    </p>
   </div>
   <div class='ocr_carea' id='block_1_23' title="bbox 189 1146 981 1186">
    <p class='ocr_par' dir='ltr' id='par_1_23' title="bbox 189 1146 981 1186">
     <span class='ocr_line' id='line_1_23' title="bbox 189 1146 981 1186; baseline -0.009 -7"><span class='ocrx_word' id='word_1_160' title='bbox 189 1154 290 1181; x_wconf 65' lang='lat' dir='ltr'><strong>ederet.</strong></span> <span class='ocrx_word' id='word_1_161' title='bbox 312 1152 455 1180; x_wconf 81' lang='lat' dir='ltr'><strong>.Icremiam</strong></span> <span class='ocrx_word' id='word_1_162' title='bbox 470 1157 576 1186; x_wconf 90' lang='lat' dir='ltr'><strong>quoque</strong></span> <span class='ocrx_word' id='word_1_163' title='bbox 588 1150 631 1184; x_wconf 89' lang='lat' dir='ltr'><strong>qui</strong></span> <span class='ocrx_word' id='word_1_164' title='bbox 652 1148 736 1175; x_wconf 77' lang='lat' dir='ltr'><strong>relatis</strong></span> <span class='ocrx_word' id='word_1_165' title='bbox 749 1148 851 1175; x_wconf 88' lang='lat' dir='ltr'><strong>obicem</strong></span> <span class='ocrx_word' id='word_1_166' title='bbox 871 1146 981 1181; x_wconf 91' lang='lat' dir='ltr'><strong>objicie-</strong></span> 
     </span>
    </p>
   </div>
   <div class='ocr_carea' id='block_1_24' title="bbox 192 1193 980 1230">
    <p class='ocr_par' dir='ltr' id='par_1_24' title="bbox 192 1193 980 1230">
     <span class='ocr_line' id='line_1_24' title="bbox 192 1193 980 1230; baseline -0.009 -3"><span class='ocrx_word' id='word_1_167' title='bbox 192 1202 236 1227; x_wconf 86' lang='lat' dir='ltr'><strong>bat</strong></span> <span class='ocrx_word' id='word_1_168' title='bbox 260 1205 289 1227; x_wconf 91' lang='lat' dir='ltr'><strong>ut</strong></span> <span class='ocrx_word' id='word_1_169' title='bbox 312 1203 459 1230; x_wconf 90' lang='lat' dir='ltr'><strong>recusaret,</strong></span> <span class='ocrx_word' id='word_1_170' title='bbox 485 1205 536 1224; x_wconf 88' lang='lat' dir='ltr'><strong>nou</strong></span> <span class='ocrx_word' id='word_1_171' title='bbox 554 1196 662 1223; x_wconf 82' lang='lat' dir='ltr'><strong>admisit</strong></span> <span class='ocrx_word' id='word_1_172' title='bbox 682 1195 762 1227; x_wconf 85' lang='lat' dir='ltr'><strong>Deus,</strong></span> <span class='ocrx_word' id='word_1_173' title='bbox 786 1194 833 1222; x_wconf 90' lang='lat' dir='ltr'><strong>sed</strong></span> <span class='ocrx_word' id='word_1_174' title='bbox 846 1194 937 1221; x_wconf 74' lang='lat' dir='ltr'><strong>eduxit</strong></span> <span class='ocrx_word' id='word_1_175' title='bbox 949 1193 980 1220; x_wconf 94' lang='lat' dir='ltr'><strong>ad</strong></span> 
     </span>
    </p>
   </div>
   <div class='ocr_carea' id='block_1_25' title="bbox 191 1239 980 1281">
    <p class='ocr_par' dir='ltr' id='par_1_25' title="bbox 191 1239 980 1281">
     <span class='ocr_line' id='line_1_25' title="bbox 191 1239 980 1281; baseline -0.008 -10"><span class='ocrx_word' id='word_1_176' title='bbox 191 1246 316 1281; x_wconf 81' lang='lat' dir='ltr'><strong>populum</strong></span> <span class='ocrx_word' id='word_1_177' title='bbox 330 1245 482 1275; x_wconf 87' lang='lat' dir='ltr'><strong>Judaicum,</strong></span> <span class='ocrx_word' id='word_1_178' title='bbox 493 1244 578 1277; x_wconf 89' lang='lat' dir='ltr'><strong>ipsum</strong></span> <span class='ocrx_word' id='word_1_179' title='bbox 591 1242 656 1269; x_wconf 90' lang='lat' dir='ltr'><strong>nihil</strong></span> <span class='ocrx_word' id='word_1_180' title='bbox 666 1241 729 1268; x_wconf 87' lang='lat' dir='ltr'><strong>inde</strong></span> <span class='ocrx_word' id='word_1_181' title='bbox 744 1240 863 1275; x_wconf 88' lang='lat' dir='ltr'><strong>impediri</strong></span> <span class='ocrx_word' id='word_1_182' title='bbox 878 1239 980 1272; x_wconf 89' lang='lat' dir='ltr'><strong>dicens,</strong></span> 
     </span>
    </p>
   </div>
   <div class='ocr_carea' id='block_1_26' title="bbox 189 1285 982 1324">
    <p class='ocr_par' dir='ltr' id='par_1_26' title="bbox 189 1285 982 1324">
     <span class='ocr_line' id='line_1_26' title="bbox 189 1285 982 1324; baseline -0.011 -5"><span class='ocrx_word' id='word_1_183' title='bbox 189 1294 210 1319; x_wconf 85' lang='lat' dir='ltr'><strong>si</strong></span> <span class='ocrx_word' id='word_1_184' title='bbox 226 1297 315 1319; x_wconf 83' lang='lat' dir='ltr'><strong>tuente</strong></span> <span class='ocrx_word' id='word_1_185' title='bbox 330 1290 404 1317; x_wconf 88' lang='lat' dir='ltr'><strong>ﬂrma</strong></span> <span class='ocrx_word' id='word_1_186' title='bbox 420 1289 545 1324; x_wconf 83' lang='lat' dir='ltr'><strong>praeditus</strong></span> <span class='ocrx_word' id='word_1_187' title='bbox 557 1292 638 1315; x_wconf 88' lang='lat' dir='ltr'><strong>esset.</strong></span> <span class='ocrx_word' id='word_1_188' title='bbox 666 1287 730 1319; x_wconf 87' lang='lat' dir='ltr'><strong>flae,</strong></span> <span class='ocrx_word' id='word_1_189' title='bbox 755 1287 808 1313; x_wconf 86' lang='lat' dir='ltr'><strong>imo</strong></span> <span class='ocrx_word' id='word_1_190' title='bbox 831 1285 915 1312; x_wconf 82' lang='lat' dir='ltr'><strong>multo</strong></span> <span class='ocrx_word' id='word_1_191' title='bbox 931 1285 982 1311; x_wconf 88' lang='lat' dir='ltr'><strong>mi-</strong></span> 
     </span>
    </p>
   </div>
   <div class='ocr_carea' id='block_1_27' title="bbox 191 1330 980 1368">
    <p class='ocr_par' dir='ltr' id='par_1_27' title="bbox 191 1330 980 1368">
     <span class='ocr_line' id='line_1_27' title="bbox 191 1330 980 1368; baseline -0.01 -4"><span class='ocrx_word' id='word_1_192' title='bbox 191 1345 255 1364; x_wconf 91' lang='lat' dir='ltr'><strong>nore</strong></span> <span class='ocrx_word' id='word_1_193' title='bbox 269 1341 357 1366; x_wconf 82' lang='lat' dir='ltr'><strong>:ctate,</strong></span> <span class='ocrx_word' id='word_1_194' title='bbox 371 1342 449 1362; x_wconf 88' lang='lat' dir='ltr'><strong>senes</strong></span> <span class='ocrx_word' id='word_1_195' title='bbox 463 1333 554 1361; x_wconf 89' lang='lat' dir='ltr'><strong>Daniel</strong></span> <span class='ocrx_word' id='word_1_196' title='bbox 568 1333 706 1368; x_wconf 75' lang='lat' dir='ltr'><strong>judicavit.</strong></span> <span class='ocrx_word' id='word_1_197' title='bbox 732 1332 764 1359; x_wconf 78' lang='lat' dir='ltr'><strong>Et</strong></span> <span class='ocrx_word' id='word_1_198' title='bbox 778 1331 864 1358; x_wconf 84' lang='lat' dir='ltr'><strong>.losias</strong></span> <span class='ocrx_word' id='word_1_199' title='bbox 884 1338 917 1358; x_wconf 88' lang='lat' dir='ltr'><strong>ne</strong></span> <span class='ocrx_word' id='word_1_200' title='bbox 932 1330 980 1357; x_wconf 80' lang='lat' dir='ltr'><strong>de-</strong></span> 
     </span>
    </p>
   </div>
   <div class='ocr_carea' id='block_1_28' title="bbox 190 1375 981 1417">
    <p class='ocr_par' dir='ltr' id='par_1_28' title="bbox 190 1375 981 1417">
     <span class='ocr_line' id='line_1_28' title="bbox 190 1375 981 1417; baseline -0.009 -8"><span class='ocrx_word' id='word_1_201' title='bbox 190 1391 247 1409; x_wconf 81' lang='lat' dir='ltr'><strong>cetu</strong></span> <span class='ocrx_word' id='word_1_202' title='bbox 263 1381 369 1417; x_wconf 88' lang='lat' dir='ltr'><strong>quidem</strong></span> <span class='ocrx_word' id='word_1_203' title='bbox 391 1387 476 1407; x_wconf 91' lang='lat' dir='ltr'><strong>annos</strong></span> <span class='ocrx_word' id='word_1_204' title='bbox 501 1384 590 1410; x_wconf 90' lang='lat' dir='ltr'><strong>natus,</strong></span> <span class='ocrx_word' id='word_1_205' title='bbox 608 1378 633 1405; x_wconf 92' lang='lat' dir='ltr'><strong>iu</strong></span> <span class='ocrx_word' id='word_1_206' title='bbox 647 1378 742 1405; x_wconf 82' lang='lat' dir='ltr'><strong>solium</strong></span> <span class='ocrx_word' id='word_1_207' title='bbox 759 1377 831 1411; x_wconf 82' lang='lat' dir='ltr'><strong>regni</strong></span> <span class='ocrx_word' id='word_1_208' title='bbox 845 1375 981 1407; x_wconf 85' lang='lat' dir='ltr'><strong>ascendit,</strong></span> 
     </span>
    </p>
   </div>
   <div class='ocr_carea' id='block_1_29' title="bbox 191 1421 983 1462">
    <p class='ocr_par' dir='ltr' id='par_1_29' title="bbox 191 1421 983 1462">
     <span class='ocr_line' id='line_1_29' title="bbox 191 1421 983 1462; baseline -0.006 -10"><span class='ocrx_word' id='word_1_209' title='bbox 191 1434 304 1462; x_wconf 82' lang='lat' dir='ltr'><strong>tuncque</strong></span> <span class='ocrx_word' id='word_1_210' title='bbox 318 1426 446 1457; x_wconf 85' lang='lat' dir='ltr'><strong>ﬂorebat;</strong></span> <span class='ocrx_word' id='word_1_211' title='bbox 474 1423 521 1451; x_wconf 89' lang='lat' dir='ltr'><strong>sed</strong></span> <span class='ocrx_word' id='word_1_212' title='bbox 544 1428 635 1458; x_wconf 87' lang='lat' dir='ltr'><strong>postea</strong></span> <span class='ocrx_word' id='word_1_213' title='bbox 652 1422 782 1449; x_wconf 92' lang='lat' dir='ltr'><strong>tantillutn</strong></span> <span class='ocrx_word' id='word_1_214' title='bbox 807 1421 931 1456; x_wconf 88' lang='lat' dir='ltr'><strong>delapsus</strong></span> <span class='ocrx_word' id='word_1_215' title='bbox 957 1421 983 1448; x_wconf 92' lang='lat' dir='ltr'><strong>in</strong></span> 
     </span>
    </p>
   </div>
   <div class='ocr_carea' id='block_1_30' title="bbox 190 1465 981 1509">
    <p class='ocr_par' dir='ltr' id='par_1_30' title="bbox 190 1465 981 1509">
     <span class='ocr_line' id='line_1_30' title="bbox 190 1465 981 1509; baseline -0.01 -8"><span class='ocrx_word' id='word_1_216' title='bbox 190 1473 334 1509; x_wconf 78' lang='lat' dir='ltr'><strong>ignaviam,</strong></span> <span class='ocrx_word' id='word_1_217' title='bbox 352 1471 476 1498; x_wconf 80' lang='lat' dir='ltr'><strong>virtutem</strong></span> <span class='ocrx_word' id='word_1_218' title='bbox 491 1470 571 1497; x_wconf 88' lang='lat' dir='ltr'><strong>animi</strong></span> <span class='ocrx_word' id='word_1_219' title='bbox 588 1468 766 1496; x_wconf 80' lang='lat' dir='ltr'><strong>labefactavit.</strong></span> <span class='ocrx_word' id='word_1_220' title='bbox 781 1467 848 1501; x_wconf 87' lang='lat' dir='ltr'><strong>Quid</strong></span> <span class='ocrx_word' id='word_1_221' title='bbox 861 1474 924 1494; x_wconf 84' lang='lat' dir='ltr'><strong>vero</strong></span> <span class='ocrx_word' id='word_1_222' title='bbox 935 1465 981 1494; x_wconf 84' lang='lat' dir='ltr'><strong>Jo-</strong></span> 
     </span>
    </p>
   </div>
   <div class='ocr_carea' id='block_1_31' title="bbox 191 1513 982 1554">
    <p class='ocr_par' dir='ltr' id='par_1_31' title="bbox 191 1513 982 1554">
     <span class='ocr_line' id='line_1_31' title="bbox 191 1513 982 1554; baseline -0.01 -8"><span class='ocrx_word' id='word_1_223' title='bbox 191 1519 275 1554; x_wconf 81' lang='lat' dir='ltr'><strong>seph&#39;!</strong></span> <span class='ocrx_word' id='word_1_224' title='bbox 299 1519 396 1546; x_wconf 83' lang='lat' dir='ltr'><strong>Annon</strong></span> <span class='ocrx_word' id='word_1_225' title='bbox 416 1517 532 1552; x_wconf 85' lang='lat' dir='ltr'><strong>juvenis,</strong></span> <span class='ocrx_word' id='word_1_226' title='bbox 558 1520 585 1543; x_wconf 91' lang='lat' dir='ltr'><strong>et</strong></span> <span class='ocrx_word' id='word_1_227' title='bbox 597 1513 877 1548; x_wconf 83' lang='lat' dir='ltr'><strong>admodumjnvcuis,</strong></span> <span class='ocrx_word' id='word_1_228' title='bbox 901 1519 982 1548; x_wconf 70' lang='lat' dir='ltr'><strong>grave</strong></span> 
     </span>
    </p>
   </div>
   <div class='ocr_carea' id='block_1_32' title="bbox 190 1557 982 1598">
    <p class='ocr_par' dir='ltr' id='par_1_32' title="bbox 190 1557 982 1598">
     <span class='ocr_line' id='line_1_32' title="bbox 190 1557 982 1598; baseline -0.01 -6"><span class='ocrx_word' id='word_1_229' title='bbox 190 1566 252 1593; x_wconf 87' lang='lat' dir='ltr'><strong>illud</strong></span> <span class='ocrx_word' id='word_1_230' title='bbox 267 1565 365 1592; x_wconf 89' lang='lat' dir='ltr'><strong>bellqu</strong></span> <span class='ocrx_word' id='word_1_231' title='bbox 379 1564 505 1598; x_wconf 81' lang='lat' dir='ltr'><strong>suscepit,</strong></span> <span class='ocrx_word' id='word_1_232' title='bbox 517 1569 568 1590; x_wconf 80' lang='lat' dir='ltr'><strong>nou</strong></span> <span class='ocrx_word' id='word_1_233' title='bbox 581 1561 656 1589; x_wconf 90' lang='lat' dir='ltr'><strong>adch</strong></span> <span class='ocrx_word' id='word_1_234' title='bbox 665 1568 710 1588; x_wconf 91' lang='lat' dir='ltr'><strong>sus</strong></span> <span class='ocrx_word' id='word_1_235' title='bbox 725 1559 856 1592; x_wconf 87' lang='lat' dir='ltr'><strong>homines,</strong></span> <span class='ocrx_word' id='word_1_236' title='bbox 873 1558 919 1586; x_wconf 90' lang='lat' dir='ltr'><strong>sed</strong></span> <span class='ocrx_word' id='word_1_237' title='bbox 932 1557 982 1584; x_wconf 88' lang='lat' dir='ltr'><strong>ad-</strong></span> 
     </span>
    </p>
   </div>
   <div class='ocr_carea' id='block_1_33' title="bbox 189 1607 981 1647">
    <p class='ocr_par' dir='ltr' id='par_1_33' title="bbox 189 1607 981 1647">
     <span class='ocr_line' id='line_1_33' title="bbox 189 1607 981 1647; baseline -0.009 -9"><span class='ocrx_word' id='word_1_238' title='bbox 189 1621 282 1640; x_wconf 83' lang='lat' dir='ltr'><strong>versus</strong></span> <span class='ocrx_word' id='word_1_239' title='bbox 303 1612 386 1647; x_wconf 83' lang='lat' dir='ltr'><strong>ipsam</strong></span> <span class='ocrx_word' id='word_1_240' title='bbox 409 1615 510 1638; x_wconf 68' lang='lat' dir='ltr'><strong>natura:</strong></span> <span class='ocrx_word' id='word_1_241' title='bbox 532 1608 698 1644; x_wconf 75' lang='lat' dir='ltr'><strong>tyrannidem</strong></span> <span class='ocrx_word' id='word_1_242' title='bbox 718 1607 877 1638; x_wconf 88' lang='lat' dir='ltr'><strong>decertans,</strong></span> <span class='ocrx_word' id='word_1_243' title='bbox 901 1609 929 1632; x_wconf 90' lang='lat' dir='ltr'><strong>et</strong></span> <span class='ocrx_word' id='word_1_244' title='bbox 949 1612 981 1632; x_wconf 79' lang='lat' dir='ltr'><strong>ex</strong></span> 
     </span>
    </p>
   </div>
   <div class='ocr_carea' id='block_1_34' title="bbox 190 1650 983 1690">
    <p class='ocr_par' dir='ltr' id='par_1_34' title="bbox 190 1650 983 1690">
     <span class='ocr_line' id='line_1_34' title="bbox 190 1650 983 1690; baseline -0.01 -5"><span class='ocrx_word' id='word_1_245' title='bbox 190 1659 275 1686; x_wconf 88' lang='lat' dir='ltr'><strong>media</strong></span> <span class='ocrx_word' id='word_1_246' title='bbox 298 1658 405 1685; x_wconf 85' lang='lat' dir='ltr'><strong>fornace</strong></span> <span class='ocrx_word' id='word_1_247' title='bbox 429 1656 588 1690; x_wconf 82' lang='lat' dir='ltr'><strong>ﬂammaque</strong></span> <span class='ocrx_word' id='word_1_248' title='bbox 612 1654 715 1686; x_wconf 88' lang='lat' dir='ltr'><strong>tnulto,</strong></span> <span class='ocrx_word' id='word_1_249' title='bbox 743 1660 822 1688; x_wconf 82' lang='lat' dir='ltr'><strong>quam</strong></span> <span class='ocrx_word' id='word_1_250' title='bbox 848 1651 892 1678; x_wconf 91' lang='lat' dir='ltr'><strong>illa</strong></span> <span class='ocrx_word' id='word_1_251' title='bbox 918 1650 983 1679; x_wconf 79' lang='lat' dir='ltr'><strong>Pcr-</strong></span> 
     </span>
    </p>
   </div>
   <div class='ocr_carea' id='block_1_35' title="bbox 189 1698 982 1740">
    <p class='ocr_par' dir='ltr' id='par_1_35' title="bbox 189 1698 982 1740">
     <span class='ocr_line' id='line_1_35' title="bbox 189 1698 982 1740; baseline -0.013 -8"><span class='ocrx_word' id='word_1_252' title='bbox 189 1706 241 1732; x_wconf 82' lang='lat' dir='ltr'><strong>sica</strong></span> <span class='ocrx_word' id='word_1_253' title='bbox 259 1704 307 1740; x_wconf 87' lang='lat' dir='ltr'><strong>(b),</strong></span> <span class='ocrx_word' id='word_1_254' title='bbox 321 1703 455 1738; x_wconf 80' lang='lat' dir='ltr'><strong>graviore,</strong></span> <span class='ocrx_word' id='word_1_255' title='bbox 477 1702 575 1728; x_wconf 69' lang='lat' dir='ltr'><strong>illmsus</strong></span> <span class='ocrx_word' id='word_1_256' title='bbox 589 1699 697 1732; x_wconf 80' lang='lat' dir='ltr'><strong>exsiliit,</strong></span> <span class='ocrx_word' id='word_1_257' title='bbox 720 1706 772 1726; x_wconf 83' lang='lat' dir='ltr'><strong>non</strong></span> <span class='ocrx_word' id='word_1_258' title='bbox 785 1698 887 1729; x_wconf 84' lang='lat' dir='ltr'><strong>minus,</strong></span> <span class='ocrx_word' id='word_1_259' title='bbox 903 1703 982 1732; x_wconf 88' lang='lat' dir='ltr'><strong>quam</strong></span> 
     </span>
    </p>
   </div>
   <div class='ocr_carea' id='block_1_36' title="bbox 190 1743 982 1784">
    <p class='ocr_par' dir='ltr' id='par_1_36' title="bbox 190 1743 982 1784">
     <span class='ocr_line' id='line_1_36' title="bbox 190 1743 982 1784; baseline -0.01 -7"><span class='ocrx_word' id='word_1_260' title='bbox 190 1756 243 1778; x_wconf 88' lang='lat' dir='ltr'><strong>tres</strong></span> <span class='ocrx_word' id='word_1_261' title='bbox 258 1750 293 1778; x_wconf 93' lang='lat' dir='ltr'><strong>illi</strong></span> <span class='ocrx_word' id='word_1_262' title='bbox 310 1749 394 1784; x_wconf 85' lang='lat' dir='ltr'><strong>pueri,</strong></span> <span class='ocrx_word' id='word_1_263' title='bbox 413 1749 471 1775; x_wconf 88' lang='lat' dir='ltr'><strong>sine</strong></span> <span class='ocrx_word' id='word_1_264' title='bbox 492 1746 590 1774; x_wconf 88' lang='lat' dir='ltr'><strong>damno</strong></span> <span class='ocrx_word' id='word_1_265' title='bbox 608 1743 982 1778; x_wconf 76' lang='lat' dir='ltr'><strong>manens‘lQuemadmodum</strong></span> 
     </span>
    </p>
   </div>
   <div class='ocr_carea' id='block_1_37' title="bbox 189 1788 982 1828">
    <p class='ocr_par' dir='ltr' id='par_1_37' title="bbox 189 1788 982 1828">
     <span class='ocr_line' id='line_1_37' title="bbox 189 1788 982 1828; baseline -0.011 -5"><span class='ocrx_word' id='word_1_266' title='bbox 189 1797 258 1823; x_wconf 85' lang='lat' dir='ltr'><strong>enim</strong></span> <span class='ocrx_word' id='word_1_267' title='bbox 274 1795 312 1822; x_wconf 91' lang='lat' dir='ltr'><strong>illi</strong></span> <span class='ocrx_word' id='word_1_268' title='bbox 324 1801 437 1828; x_wconf 88' lang='lat' dir='ltr'><strong>corpora</strong></span> <span class='ocrx_word' id='word_1_269' title='bbox 449 1800 512 1820; x_wconf 86' lang='lat' dir='ltr'><strong>cum</strong></span> <span class='ocrx_word' id='word_1_270' title='bbox 522 1792 586 1827; x_wconf 88' lang='lat' dir='ltr'><strong>ipsis</strong></span> <span class='ocrx_word' id='word_1_271' title='bbox 596 1791 700 1826; x_wconf 89' lang='lat' dir='ltr'><strong>capillis</strong></span> <span class='ocrx_word' id='word_1_272' title='bbox 715 1790 796 1817; x_wconf 66' lang='lat' dir='ltr'><strong>illaesa</strong></span> <span class='ocrx_word' id='word_1_273' title='bbox 810 1793 874 1816; x_wconf 89' lang='lat' dir='ltr'><strong>tttne</strong></span> <span class='ocrx_word' id='word_1_274' title='bbox 881 1788 982 1824; x_wconf 74' lang='lat' dir='ltr'><strong>egressi</strong></span> 
     </span>
    </p>
   </div>
   <div class='ocr_carea' id='block_1_38' title="bbox 189 1834 982 1872">
    <p class='ocr_par' dir='ltr' id='par_1_38' title="bbox 189 1834 982 1872">
     <span class='ocr_line' id='line_1_38' title="bbox 189 1834 982 1872; baseline -0.01 -3"><span class='ocrx_word' id='word_1_275' title='bbox 189 1841 373 1872; x_wconf 85' lang='lat' dir='ltr'><strong>ostenderunt,</strong></span> <span class='ocrx_word' id='word_1_276' title='bbox 396 1847 429 1866; x_wconf 71' lang='lat' dir='ltr'><strong>ett</strong></span> <span class='ocrx_word' id='word_1_277' title='bbox 455 1838 526 1865; x_wconf 84' lang='lat' dir='ltr'><strong>fonte</strong></span> <span class='ocrx_word' id='word_1_278' title='bbox 542 1838 630 1872; x_wconf 90' lang='lat' dir='ltr'><strong>potius</strong></span> <span class='ocrx_word' id='word_1_279' title='bbox 648 1843 727 1871; x_wconf 85' lang='lat' dir='ltr'><strong>quam</strong></span> <span class='ocrx_word' id='word_1_280' title='bbox 746 1843 779 1862; x_wconf 81' lang='lat' dir='ltr'><strong>ex</strong></span> <span class='ocrx_word' id='word_1_281' title='bbox 803 1834 912 1862; x_wconf 79' lang='lat' dir='ltr'><strong>fornace</strong></span> <span class='ocrx_word' id='word_1_282' title='bbox 934 1842 982 1861; x_wconf 86' lang='lat' dir='ltr'><strong>cx-</strong></span> 
     </span>
    </p>
   </div>
   <div class='ocr_carea' id='block_1_39' title="bbox 190 1879 984 1916">
    <p class='ocr_par' dir='ltr' id='par_1_39' title="bbox 190 1879 984 1916">
     <span class='ocr_line' id='line_1_39' title="bbox 190 1879 984 1916; baseline -0.013 -1"><span class='ocrx_word' id='word_1_283' title='bbox 190 1894 284 1915; x_wconf 83' lang='lat' dir='ltr'><strong>euntes</strong></span> <span class='ocrx_word' id='word_1_284' title='bbox 300 1896 307 1913; x_wconf 88' lang='lat'><strong>:</strong></span> <span class='ocrx_word' id='word_1_285' title='bbox 323 1886 362 1913; x_wconf 91' lang='lat' dir='ltr'><strong>sic</strong></span> <span class='ocrx_word' id='word_1_286' title='bbox 376 1890 402 1913; x_wconf 91' lang='lat' dir='ltr'><strong>et</strong></span> <span class='ocrx_word' id='word_1_287' title='bbox 417 1885 467 1912; x_wconf 86' lang='lat' dir='ltr'><strong>iste</strong></span> <span class='ocrx_word' id='word_1_288' title='bbox 482 1884 508 1910; x_wconf 90' lang='lat' dir='ltr'><strong>in</strong></span> <span class='ocrx_word' id='word_1_289' title='bbox 521 1882 679 1913; x_wconf 82' lang='lat' dir='ltr'><strong>certamine,</strong></span> <span class='ocrx_word' id='word_1_290' title='bbox 697 1888 730 1908; x_wconf 81' lang='lat' dir='ltr'><strong>ex</strong></span> <span class='ocrx_word' id='word_1_291' title='bbox 744 1880 876 1916; x_wconf 67' lang='lat' dir='ltr'><strong>Egyptian</strong></span> <span class='ocrx_word' id='word_1_292' title='bbox 896 1879 984 1906; x_wconf 80' lang='lat' dir='ltr'><strong>mani-</strong></span> 
     </span>
    </p>
   </div>
   <div class='ocr_carea' id='block_1_40' title="bbox 191 1925 982 1966">
    <p class='ocr_par' dir='ltr' id='par_1_40' title="bbox 191 1925 982 1966">
     <span class='ocr_line' id='line_1_40' title="bbox 191 1925 982 1966; baseline -0.011 -6"><span class='ocrx_word' id='word_1_293' title='bbox 191 1936 240 1961; x_wconf 84' lang='lat' dir='ltr'><strong>bus</strong></span> <span class='ocrx_word' id='word_1_294' title='bbox 261 1933 368 1966; x_wconf 90' lang='lat' dir='ltr'><strong>elapsus</strong></span> <span class='ocrx_word' id='word_1_295' title='bbox 384 1931 391 1946; x_wconf 89' lang='grc'>¹</span> <span class='ocrx_word' id='word_1_296' title='bbox 405 1951 413 1963; x_wconf 90' lang='grc'><em>,</em></span> <span class='ocrx_word' id='word_1_297' title='bbox 433 1929 507 1961; x_wconf 76' lang='lat' dir='ltr'><strong>exiit,</strong></span> <span class='ocrx_word' id='word_1_298' title='bbox 522 1935 609 1963; x_wconf 85' lang='lat' dir='ltr'><strong>neque</strong></span> <span class='ocrx_word' id='word_1_299' title='bbox 622 1935 636 1954; x_wconf 82' lang='grc' dir='ltr'><strong>ιι</strong></span> <span class='ocrx_word' id='word_1_300' title='bbox 650 1932 732 1960; x_wconf 87' lang='lat' dir='ltr'><strong>tactu,</strong></span> <span class='ocrx_word' id='word_1_301' title='bbox 750 1934 836 1960; x_wconf 88' lang='lat' dir='ltr'><strong>neque</strong></span> <span class='ocrx_word' id='word_1_302' title='bbox 850 1933 865 1952; x_wconf 89' lang='lat' dir='ltr'><strong>a</strong></span> <span class='ocrx_word' id='word_1_303' title='bbox 883 1925 982 1957; x_wconf 87' lang='lat' dir='ltr'><strong>verbis,</strong></span> 
     </span>
    </p>
   </div>
   <div class='ocr_carea' id='block_1_41' title="bbox 191 1971 982 2013">
    <p class='ocr_par' dir='ltr' id='par_1_41' title="bbox 191 1971 982 2013">
     <span class='ocr_line' id='line_1_41' title="bbox 191 1971 982 2013; baseline -0.011 -8"><span class='ocrx_word' id='word_1_304' title='bbox 191 1986 277 2013; x_wconf 88' lang='lat' dir='ltr'><strong>neque</strong></span> <span class='ocrx_word' id='word_1_305' title='bbox 289 1978 323 2005; x_wconf 88' lang='lat' dir='ltr'><strong>ab</strong></span> <span class='ocrx_word' id='word_1_306' title='bbox 337 1980 456 2011; x_wconf 85' lang='lat' dir='ltr'><strong>aspectu,</strong></span> <span class='ocrx_word' id='word_1_307' title='bbox 472 1982 558 2009; x_wconf 83' lang='lat' dir='ltr'><strong>neque</strong></span> <span class='ocrx_word' id='word_1_308' title='bbox 573 1981 587 2000; x_wconf 87' lang='lat' dir='ltr'><strong>a</strong></span> <span class='ocrx_word' id='word_1_309' title='bbox 601 1973 774 2002; x_wconf 83' lang='lat' dir='ltr'><strong>vestimentis,</strong></span> <span class='ocrx_word' id='word_1_310' title='bbox 787 1979 872 2006; x_wconf 88' lang='lat' dir='ltr'><strong>neque</strong></span> <span class='ocrx_word' id='word_1_311' title='bbox 885 1971 918 1998; x_wconf 89' lang='lat' dir='ltr'><strong>ab</strong></span> <span class='ocrx_word' id='word_1_312' title='bbox 933 1979 982 1998; x_wconf 94' lang='lat' dir='ltr'><strong>un-</strong></span> 
     </span>
    </p>
   </div>
   <div class='ocr_carea' id='block_1_42' title="bbox 190 2017 984 2059">
    <p class='ocr_par' dir='ltr' id='par_1_42' title="bbox 190 2017 984 2059">
     <span class='ocr_line' id='line_1_42' title="bbox 190 2017 984 2059; baseline -0.011 -8"><span class='ocrx_word' id='word_1_313' title='bbox 190 2024 305 2059; x_wconf 79' lang='lat' dir='ltr'><strong>guentis,</strong></span> <span class='ocrx_word' id='word_1_314' title='bbox 321 2029 380 2057; x_wconf 75' lang='lat' dir='ltr'><strong>qute</strong></span> <span class='ocrx_word' id='word_1_315' title='bbox 402 2020 545 2048; x_wconf 86' lang='lat' dir='ltr'><strong>sarmentis</strong></span> <span class='ocrx_word' id='word_1_316' title='bbox 557 2024 581 2047; x_wconf 88' lang='lat' dir='ltr'><strong>et</strong></span> <span class='ocrx_word' id='word_1_317' title='bbox 596 2019 653 2054; x_wconf 87' lang='lat' dir='ltr'><strong>pice</strong></span> <span class='ocrx_word' id='word_1_318' title='bbox 667 2018 845 2045; x_wconf 89' lang='lat' dir='ltr'><strong>ardentiorctn</strong></span> <span class='ocrx_word' id='word_1_319' title='bbox 860 2017 984 2051; x_wconf 87' lang='lat' dir='ltr'><strong>concupi-</strong></span> 
     </span>
    </p>
   </div>
   <div class='ocr_carea' id='block_1_43' title="bbox 190 2063 984 2100">
    <p class='ocr_par' dir='ltr' id='par_1_43' title="bbox 190 2063 984 2100">
     <span class='ocr_line' id='line_1_43' title="bbox 190 2063 984 2100; baseline -0.009 -3"><span class='ocrx_word' id='word_1_320' title='bbox 190 2071 297 2098; x_wconf 71' lang='lat' dir='ltr'><strong>scentiae</strong></span> <span class='ocrx_word' id='word_1_321' title='bbox 308 2069 441 2096; x_wconf 73' lang='lat' dir='ltr'><strong>ﬂammam</strong></span> <span class='ocrx_word' id='word_1_322' title='bbox 456 2065 654 2098; x_wconf 79' lang='lat' dir='ltr'><strong>accendebant;</strong></span> <span class='ocrx_word' id='word_1_323' title='bbox 677 2071 762 2100; x_wconf 86' lang='lat' dir='ltr'><strong>neque</strong></span> <span class='ocrx_word' id='word_1_324' title='bbox 775 2064 808 2091; x_wconf 87' lang='lat' dir='ltr'><strong>ab</strong></span> <span class='ocrx_word' id='word_1_325' title='bbox 819 2067 896 2090; x_wconf 66' lang='lat' dir='ltr'><strong>astate</strong></span> <span class='ocrx_word' id='word_1_326' title='bbox 910 2063 984 2097; x_wconf 89' lang='lat' dir='ltr'><strong>ejus-</strong></span> 
     </span>
    </p>
   </div>
   <div class='ocr_carea' id='block_1_44' title="bbox 192 2110 983 2151">
    <p class='ocr_par' dir='ltr' id='par_1_44' title="bbox 192 2110 983 2151">
     <span class='ocr_line' id='line_1_44' title="bbox 192 2110 983 2151; baseline -0.01 -7"><span class='ocrx_word' id='word_1_327' title='bbox 192 2116 262 2144; x_wconf 84' lang='lat' dir='ltr'><strong>modi</strong></span> <span class='ocrx_word' id='word_1_328' title='bbox 274 2115 411 2151; x_wconf 84' lang='lat' dir='ltr'><strong>quidpiam</strong></span> <span class='ocrx_word' id='word_1_329' title='bbox 428 2120 521 2148; x_wconf 90' lang='lat' dir='ltr'><strong>passus</strong></span> <span class='ocrx_word' id='word_1_330' title='bbox 537 2117 587 2145; x_wconf 87' lang='lat' dir='ltr'><strong>est,</strong></span> <span class='ocrx_word' id='word_1_331' title='bbox 610 2112 689 2147; x_wconf 89' lang='lat' dir='ltr'><strong>quale</strong></span> <span class='ocrx_word' id='word_1_332' title='bbox 705 2116 733 2138; x_wconf 91' lang='lat' dir='ltr'><strong>ut</strong></span> <span class='ocrx_word' id='word_1_333' title='bbox 747 2111 827 2137; x_wconf 87' lang='lat' dir='ltr'><strong>homo</strong></span> <span class='ocrx_word' id='word_1_334' title='bbox 842 2110 892 2145; x_wconf 86' lang='lat' dir='ltr'><strong>pati</strong></span> <span class='ocrx_word' id='word_1_335' title='bbox 905 2117 983 2144; x_wconf 90' lang='lat' dir='ltr'><strong>posse</strong></span> 
     </span>
    </p>
   </div>
   <div class='ocr_carea' id='block_1_45' title="bbox 192 2157 984 2193">
    <p class='ocr_par' dir='ltr' id='par_1_45' title="bbox 192 2157 984 2193">
     <span class='ocr_line' id='line_1_45' title="bbox 192 2157 984 2193; baseline -0.008 -4"><span class='ocrx_word' id='word_1_336' title='bbox 192 2162 340 2189; x_wconf 81' lang='lat' dir='ltr'><strong>videbatur.</strong></span> <span class='ocrx_word' id='word_1_337' title='bbox 364 2161 402 2188; x_wconf 78' lang='lat' dir='ltr'><strong>Ac</strong></span> <span class='ocrx_word' id='word_1_338' title='bbox 417 2164 471 2187; x_wconf 87' lang='lat' dir='ltr'><strong>tres</strong></span> <span class='ocrx_word' id='word_1_339' title='bbox 490 2159 526 2186; x_wconf 91' lang='lat' dir='ltr'><strong>illi</strong></span> <span class='ocrx_word' id='word_1_340' title='bbox 542 2158 628 2193; x_wconf 73' lang='lat' dir='ltr'><strong>put-ri,</strong></span> <span class='ocrx_word' id='word_1_341' title='bbox 649 2158 674 2185; x_wconf 93' lang='lat' dir='ltr'><strong>in</strong></span> <span class='ocrx_word' id='word_1_342' title='bbox 688 2159 746 2192; x_wconf 92' lang='lat' dir='ltr'><strong>ipso</strong></span> <span class='ocrx_word' id='word_1_343' title='bbox 757 2157 903 2192; x_wconf 86' lang='lat' dir='ltr'><strong>juventutis</strong></span> <span class='ocrx_word' id='word_1_344' title='bbox 918 2157 984 2184; x_wconf 89' lang='lat' dir='ltr'><strong>ﬂore</strong></span> 
     </span>
    </p>
   </div>
   <div class='ocr_carea' id='block_1_46' title="bbox 193 2202 985 2240">
    <p class='ocr_par' dir='ltr' id='par_1_46' title="bbox 193 2202 985 2240">
     <span class='ocr_line' id='line_1_46' title="bbox 193 2202 985 2240; baseline -0.009 -5"><span class='ocrx_word' id='word_1_345' title='bbox 193 2213 220 2235; x_wconf 81' lang='lat' dir='ltr'><strong>et</strong></span> <span class='ocrx_word' id='word_1_346' title='bbox 233 2211 351 2234; x_wconf 86' lang='lat' dir='ltr'><strong>ventrem</strong></span> <span class='ocrx_word' id='word_1_347' title='bbox 366 2209 544 2240; x_wconf 79' lang='lat' dir='ltr'><strong>superarunt,</strong></span> <span class='ocrx_word' id='word_1_348' title='bbox 567 2209 594 2231; x_wconf 83' lang='lat' dir='ltr'><strong>ct</strong></span> <span class='ocrx_word' id='word_1_349' title='bbox 608 2203 703 2230; x_wconf 90' lang='lat' dir='ltr'><strong>mortis</strong></span> <span class='ocrx_word' id='word_1_350' title='bbox 718 2202 886 2230; x_wconf 79' lang='lat' dir='ltr'><strong>formidinem</strong></span> <span class='ocrx_word' id='word_1_351' title='bbox 899 2202 985 2229; x_wconf 86' lang='lat' dir='ltr'><strong>calca-</strong></span> 
     </span>
    </p>
   </div>
   <div class='ocr_carea' id='block_1_47' title="bbox 193 2249 984 2287">
    <p class='ocr_par' dir='ltr' id='par_1_47' title="bbox 193 2249 984 2287">
     <span class='ocr_line' id='line_1_47' title="bbox 193 2249 984 2287; baseline -0.008 -7"><span class='ocrx_word' id='word_1_352' title='bbox 193 2258 268 2286; x_wconf 87' lang='lat' dir='ltr'><strong>ruut,</strong></span> <span class='ocrx_word' id='word_1_353' title='bbox 295 2256 449 2287; x_wconf 88' lang='lat' dir='ltr'><strong>tantumque</strong></span> <span class='ocrx_word' id='word_1_354' title='bbox 474 2250 620 2278; x_wconf 78' lang='lat' dir='ltr'><strong>exercitum</strong></span> <span class='ocrx_word' id='word_1_355' title='bbox 642 2250 812 2284; x_wconf 85' lang='lat' dir='ltr'><strong>furoremque</strong></span> <span class='ocrx_word' id='word_1_356' title='bbox 835 2249 907 2283; x_wconf 82' lang='lat' dir='ltr'><strong>regis</strong></span> <span class='ocrx_word' id='word_1_357' title='bbox 929 2249 984 2283; x_wconf 90' lang='lat' dir='ltr'><strong>ipsa</strong></span> 
     </span>
    </p>
   </div>
   <div class='ocr_carea' id='block_1_48' title="bbox 194 2294 988 2329">
    <p class='ocr_par' dir='ltr' id='par_1_48' title="bbox 194 2294 988 2329">
     <span class='ocr_line' id='line_1_48' title="bbox 194 2294 988 2329; baseline -0.008 -3"><span class='ocrx_word' id='word_1_358' title='bbox 194 2299 300 2326; x_wconf 76' lang='lat' dir='ltr'><strong>fornace</strong></span> <span class='ocrx_word' id='word_1_359' title='bbox 322 2297 501 2325; x_wconf 82' lang='lat' dir='ltr'><strong>ardentiorem</strong></span> <span class='ocrx_word' id='word_1_360' title='bbox 527 2296 658 2326; x_wconf 86' lang='lat' dir='ltr'><strong>vicerunt,</strong></span> <span class='ocrx_word' id='word_1_361' title='bbox 685 2294 803 2329; x_wconf 88' lang='lat' dir='ltr'><strong>nihilque</strong></span> <span class='ocrx_word' id='word_1_362' title='bbox 819 2295 878 2322; x_wconf 90' lang='lat' dir='ltr'><strong>illos</strong></span> <span class='ocrx_word' id='word_1_363' title='bbox 897 2298 988 2321; x_wconf 83' lang='lat' dir='ltr'><strong>exter-‘</strong></span> 
     </span>
    </p>
   </div>
   <div class='ocr_carea' id='block_1_49' title="bbox 194 2340 983 2377">
    <p class='ocr_par' dir='ltr' id='par_1_49' title="bbox 194 2340 983 2377">
     <span class='ocr_line' id='line_1_49' title="bbox 194 2340 983 2377; baseline -0.006 -6"><span class='ocrx_word' id='word_1_364' title='bbox 194 2349 257 2377; x_wconf 81' lang='lat' dir='ltr'><strong>ruit,</strong></span> <span class='ocrx_word' id='word_1_365' title='bbox 279 2343 326 2371; x_wconf 83' lang='lat' dir='ltr'><strong>sed</strong></span> <span class='ocrx_word' id='word_1_366' title='bbox 349 2347 505 2370; x_wconf 91' lang='lat' dir='ltr'><strong>constanter</strong></span> <span class='ocrx_word' id='word_1_367' title='bbox 519 2345 677 2368; x_wconf 89' lang='lat' dir='ltr'><strong>manserunt</strong></span> <span class='ocrx_word' id='word_1_368' title='bbox 690 2340 780 2367; x_wconf 91' lang='lat' dir='ltr'><strong>animo</strong></span> <span class='ocrx_word' id='word_1_369' title='bbox 800 2340 909 2367; x_wconf 89' lang='lat' dir='ltr'><strong>minimc</strong></span> <span class='ocrx_word' id='word_1_370' title='bbox 926 2346 983 2366; x_wconf 90' lang='lat' dir='ltr'><strong>ser-</strong></span> 
     </span>
    </p>
   </div>
   <div class='ocr_carea' id='block_1_50' title="bbox 194 2385 983 2423">
    <p class='ocr_par' dir='ltr' id='par_1_50' title="bbox 194 2385 983 2423">
     <span class='ocr_line' id='line_1_50' title="bbox 194 2385 983 2423; baseline -0.005 -6"><span class='ocrx_word' id='word_1_371' title='bbox 194 2390 238 2417; x_wconf 89' lang='lat' dir='ltr'><strong>vili</strong></span> <span class='ocrx_word' id='word_1_372' title='bbox 255 2388 453 2416; x_wconf 77' lang='lat' dir='ltr'><strong>instructi.Non</strong></span> <span class='ocrx_word' id='word_1_373' title='bbox 469 2388 549 2423; x_wconf 83' lang='lat' dir='ltr'><strong>igitur</strong></span> <span class='ocrx_word' id='word_1_374' title='bbox 562 2391 667 2414; x_wconf 72' lang='lat' dir='ltr'><strong>mtatem</strong></span> <span class='ocrx_word' id='word_1_375' title='bbox 682 2386 823 2414; x_wconf 90' lang='lat' dir='ltr'><strong>traducens</strong></span> <span class='ocrx_word' id='word_1_376' title='bbox 837 2386 893 2413; x_wconf 80' lang='lat' dir='ltr'><strong>lucc</strong></span> <span class='ocrx_word' id='word_1_377' title='bbox 906 2385 983 2413; x_wconf 87' lang='lat' dir='ltr'><strong>dicit:</strong></span> 
     </span>
    </p>
   </div>
   <div class='ocr_carea' id='block_1_51' title="bbox 227 2484 899 2518">
    <p class='ocr_par' dir='ltr' id='par_1_51' title="bbox 227 2484 899 2518">
     <span class='ocr_line' id='line_1_51' title="bbox 227 2484 899 2518; baseline -0.007 -4"><span class='ocrx_word' id='word_1_378' title='bbox 227 2492 236 2505; x_wconf 86' lang='grc'>⁶</span> <span class='ocrx_word' id='word_1_379' title='bbox 256 2488 345 2513; x_wconf 83' lang='lat' dir='ltr'><strong>Boisius</strong></span> <span class='ocrx_word' id='word_1_380' title='bbox 356 2487 427 2518; x_wconf 78' lang='lat' dir='ltr'><strong>legit,</strong></span> <span class='ocrx_word' id='word_1_381' title='bbox 438 2485 540 2518; x_wconf 79' lang='lat' dir='ltr'><strong>impuris</strong></span> <span class='ocrx_word' id='word_1_382' title='bbox 550 2485 665 2518; x_wconf 54' lang='lat' dir='ltr'><strong>Egi/ptio:</strong></span> <span class='ocrx_word' id='word_1_383' title='bbox 677 2484 785 2510; x_wconf 79' lang='lat' dir='ltr'><strong>manibus</strong></span> <span class='ocrx_word' id='word_1_384' title='bbox 796 2485 899 2518; x_wconf 72' lang='lat' dir='ltr'><strong>elapsus.</strong></span> 
     </span>
    </p>
   </div>
   <div class='ocr_carea' id='block_1_52' title="bbox 225 2515 987 2551">
    <p class='ocr_par' dir='ltr' id='par_1_52' title="bbox 225 2515 987 2551">
     <span class='ocr_line' id='line_1_52' title="bbox 225 2515 987 2551; baseline -0.007 -7"><span class='ocrx_word' id='word_1_385' title='bbox 225 2521 261 2551; x_wconf 83' lang='lat' dir='ltr'><strong>(ﬂ)</strong></span> <span class='ocrx_word' id='word_1_386' title='bbox 279 2523 318 2551; x_wconf 15' lang='lat' dir='ltr'><strong>Ea?</strong></span> <span class='ocrx_word' id='word_1_387' title='bbox 329 2522 367 2551; x_wconf 78' lang='lat' dir='ltr'><strong>est</strong></span> <span class='ocrx_word' id='word_1_388' title='bbox 383 2515 546 2549; x_wconf 45' lang='lat' dir='ltr'><strong>&#39;quorut&#39;udam</strong></span> <span class='ocrx_word' id='word_1_389' title='bbox 561 2515 761 2551; x_wconf 67' lang='lat' dir='ltr'><strong>chronologorum</strong></span> <span class='ocrx_word' id='word_1_390' title='bbox 777 2515 911 2551; x_wconf 53' lang='lat' dir='ltr'><strong>sententia,</strong></span> <span class='ocrx_word' id='word_1_391' title='bbox 923 2515 987 2540; x_wconf 74' lang='lat' dir='ltr'><strong>Salo-</strong></span> 
     </span>
    </p>
   </div>
   <div class='ocr_carea' id='block_1_53' title="bbox 197 2547 985 2579">
    <p class='ocr_par' dir='ltr' id='par_1_53' title="bbox 197 2547 985 2579">
     <span class='ocr_line' id='line_1_53' title="bbox 197 2547 985 2579; baseline -0.006 -4"><span class='ocrx_word' id='word_1_392' title='bbox 197 2547 293 2576; x_wconf 75' lang='lat' dir='ltr'><strong>monem</strong></span> <span class='ocrx_word' id='word_1_393' title='bbox 304 2547 459 2574; x_wconf 79' lang='lat' dir='ltr'><strong>duodenuem</strong></span> <span class='ocrx_word' id='word_1_394' title='bbox 470 2554 576 2579; x_wconf 83' lang='lat' dir='ltr'><strong>regnare</strong></span> <span class='ocrx_word' id='word_1_395' title='bbox 591 2548 705 2578; x_wconf 72' lang='lat' dir='ltr'><strong>ecepisse,</strong></span> <span class='ocrx_word' id='word_1_396' title='bbox 718 2554 798 2578; x_wconf 86' lang='lat' dir='ltr'><strong>eaque</strong></span> <span class='ocrx_word' id='word_1_397' title='bbox 810 2547 935 2578; x_wconf 75' lang='lat' dir='ltr'><strong>sapientia:</strong></span> <span class='ocrx_word' id='word_1_398' title='bbox 947 2553 985 2570; x_wconf 92' lang='lat' dir='ltr'><strong>ar-</strong></span> 
     </span>
    </p>
   </div>
   <div class='ocr_carea' id='block_1_54' title="bbox 197 2579 986 2613">
    <p class='ocr_par' dir='ltr' id='par_1_54' title="bbox 197 2579 986 2613">
     <span class='ocr_line' id='line_1_54' title="bbox 197 2579 986 2613; baseline -0.008 -7"><span class='ocrx_word' id='word_1_399' title='bbox 197 2585 311 2613; x_wconf 67' lang='lat' dir='ltr'><strong>gumenta</strong></span> <span class='ocrx_word' id='word_1_400' title='bbox 324 2580 475 2613; x_wconf 70' lang='lat' dir='ltr'><strong>exhibuisse,</strong></span> <span class='ocrx_word' id='word_1_401' title='bbox 488 2585 549 2613; x_wconf 67' lang='lat' dir='ltr'><strong>quae</strong></span> <span class='ocrx_word' id='word_1_402' title='bbox 566 2579 591 2603; x_wconf 91' lang='lat' dir='ltr'><strong>iu</strong></span> <span class='ocrx_word' id='word_1_403' title='bbox 606 2580 730 2613; x_wconf 70' lang='lat' dir='ltr'><strong>Scriptura</strong></span> <span class='ocrx_word' id='word_1_404' title='bbox 739 2581 864 2601; x_wconf 88' lang='lat' dir='ltr'><strong>narrantur</strong></span> <span class='ocrx_word' id='word_1_405' title='bbox 877 2584 888 2613; x_wconf 86' lang='lat'><strong>:_</strong></span> <span class='ocrx_word' id='word_1_406' title='bbox 902 2584 986 2613; x_wconf 64' lang='lat' dir='ltr'><strong>verum</strong></span> 
     </span>
    </p>
   </div>
   <div class='ocr_carea' id='block_1_55' title="bbox 196 2607 987 2644">
    <p class='ocr_par' dir='ltr' id='par_1_55' title="bbox 196 2607 987 2644">
     <span class='ocr_line' id='line_1_55' title="bbox 196 2607 987 2644; baseline -0.005 -8"><span class='ocrx_word' id='word_1_407' title='bbox 196 2607 326 2644; x_wconf 52' lang='lat' dir='ltr'><strong>[lentiores</strong></span> <span class='ocrx_word' id='word_1_408' title='bbox 337 2607 476 2644; x_wconf 75' lang='lat' dir='ltr'><strong>t.‘.ronologi</strong></span> <span class='ocrx_word' id='word_1_409' title='bbox 485 2607 533 2641; x_wconf 61' lang='lat' dir='ltr'><strong>ja&#39;tu</strong></span> <span class='ocrx_word' id='word_1_410' title='bbox 546 2614 596 2634; x_wconf 91' lang='lat' dir='ltr'><strong>tum</strong></span> <span class='ocrx_word' id='word_1_411' title='bbox 605 2607 685 2635; x_wconf 82' lang='lat' dir='ltr'><strong>virum</strong></span> <span class='ocrx_word' id='word_1_412' title='bbox 699 2609 773 2644; x_wconf 78' lang='lat' dir='ltr'><strong>fuisse</strong></span> <span class='ocrx_word' id='word_1_413' title='bbox 788 2610 900 2644; x_wconf 71' lang='lat' dir='ltr'><strong>censent.</strong></span> <span class='ocrx_word' id='word_1_414' title='bbox 913 2607 987 2642; x_wconf 69' lang='lat' dir='ltr'><strong>certe</strong></span> 
     </span>
    </p>
   </div>
   <div class='ocr_carea' id='block_1_56' title="bbox 194 2638 987 2676">
    <p class='ocr_par' dir='ltr' id='par_1_56' title="bbox 194 2638 987 2676">
     <span class='ocr_line' id='line_1_56' title="bbox 194 2638 987 2676; baseline -0.009 -8"><span class='ocrx_word' id='word_1_415' title='bbox 194 2638 214 2668; x_wconf 73' lang='lat' dir='ltr'><strong>si</strong></span> <span class='ocrx_word' id='word_1_416' title='bbox 224 2642 358 2676; x_wconf 83' lang='lat' dir='ltr'><strong>tluodeunis</strong></span> <span class='ocrx_word' id='word_1_417' title='bbox 368 2641 446 2676; x_wconf 79' lang='lat' dir='ltr'><strong>solum</strong></span> <span class='ocrx_word' id='word_1_418' title='bbox 453 2638 510 2676; x_wconf 64' lang='lat' dir='ltr'><strong>Erat</strong></span> <span class='ocrx_word' id='word_1_419' title='bbox 519 2647 574 2676; x_wconf 74' lang='lat' dir='ltr'><strong>cum</strong></span> <span class='ocrx_word' id='word_1_420' title='bbox 587 2647 690 2672; x_wconf 82' lang='lat' dir='ltr'><strong>regnare</strong></span> <span class='ocrx_word' id='word_1_421' title='bbox 701 2640 782 2670; x_wconf 66' lang='lat' dir='ltr'><strong>ett-pit,</strong></span> <span class='ocrx_word' id='word_1_422' title='bbox 795 2638 987 2676; x_wconf 21' lang='lat' dir='ltr'><strong>et‘quadt‘aginta</strong></span> 
     </span>
    </p>
   </div>
   <div class='ocr_carea' id='block_1_57' title="bbox 195 2670 986 2704">
    <p class='ocr_par' dir='ltr' id='par_1_57' title="bbox 195 2670 986 2704">
     <span class='ocr_line' id='line_1_57' title="bbox 195 2670 986 2704; baseline -0.008 -6"><span class='ocrx_word' id='word_1_423' title='bbox 195 2675 265 2699; x_wconf 87' lang='lat' dir='ltr'><strong>anuis</strong></span> <span class='ocrx_word' id='word_1_424' title='bbox 276 2672 426 2704; x_wconf 64' lang='lat' dir='ltr'><strong>regnaverit,</strong></span> <span class='ocrx_word' id='word_1_425' title='bbox 435 2676 462 2696; x_wconf 90' lang='lat' dir='ltr'><strong>ut</strong></span> <span class='ocrx_word' id='word_1_426' title='bbox 472 2673 505 2696; x_wconf 86' lang='lat' dir='ltr'><strong>ait</strong></span> <span class='ocrx_word' id='word_1_427' title='bbox 513 2670 647 2704; x_wconf 61' lang='lat' dir='ltr'><strong>Scriptura,</strong></span> <span class='ocrx_word' id='word_1_428' title='bbox 654 2677 779 2704; x_wconf 70' lang='lat' dir='ltr'><strong>annosque</strong></span> <span class='ocrx_word' id='word_1_429' title='bbox 790 2673 860 2704; x_wconf 78' lang='lat' dir='ltr'><strong>palus</strong></span> <span class='ocrx_word' id='word_1_430' title='bbox 869 2670 986 2704; x_wconf 82' lang='lat' dir='ltr'><strong>quinqua-</strong></span> 
     </span>
    </p>
   </div>
   <div class='ocr_carea' id='block_1_58' title="bbox 195 2700 987 2734">
    <p class='ocr_par' dir='ltr' id='par_1_58' title="bbox 195 2700 987 2734">
     <span class='ocr_line' id='line_1_58' title="bbox 195 2700 987 2734; baseline -0.006 -6"><span class='ocrx_word' id='word_1_431' title='bbox 195 2704 262 2734; x_wconf 72' lang='lat' dir='ltr'><strong>ginta</strong></span> <span class='ocrx_word' id='word_1_432' title='bbox 273 2700 334 2728; x_wconf 63' lang='lat' dir='ltr'><strong>duos</strong></span> <span class='ocrx_word' id='word_1_433' title='bbox 351 2703 447 2734; x_wconf 79' lang='lat' dir='ltr'><strong>obierit,</strong></span> <span class='ocrx_word' id='word_1_434' title='bbox 458 2700 577 2734; x_wconf 82' lang='lat' dir='ltr'><strong>quomodo</strong></span> <span class='ocrx_word' id='word_1_435' title='bbox 589 2702 661 2725; x_wconf 84' lang='lat' dir='ltr'><strong>stabit</strong></span> <span class='ocrx_word' id='word_1_436' title='bbox 672 2700 883 2734; x_wconf 45' lang='lat' dir='ltr'><strong>illud‘s‘criptnrte,</strong></span> <span class='ocrx_word' id='word_1_437' title='bbox 897 2703 987 2734; x_wconf 75' lang='lat' dir='ltr'><strong>ttegnrn</strong></span> 
     </span>
    </p>
   </div>
   <div class='ocr_carea' id='block_1_59' title="bbox 197 2728 987 2764">
    <p class='ocr_par' dir='ltr' id='par_1_59' title="bbox 197 2728 987 2764">
     <span class='ocr_line' id='line_1_59' title="bbox 197 2728 987 2764; baseline -0.005 -5"><span class='ocrx_word' id='word_1_438' title='bbox 197 2728 237 2759; x_wconf 56' lang='lat' dir='ltr'><strong>fit).</strong></span> <span class='ocrx_word' id='word_1_439' title='bbox 250 2735 274 2763; x_wconf 80' lang='lat'><strong>5,</strong></span> <span class='ocrx_word' id='word_1_440' title='bbox 284 2741 306 2759; x_wconf 92' lang='lat' dir='ltr'><strong>c.</strong></span> <span class='ocrx_word' id='word_1_441' title='bbox 320 2734 358 2764; x_wconf 80' lang='lat' dir='ltr'><strong>tl,</strong></span> <span class='ocrx_word' id='word_1_442' title='bbox 367 2741 390 2759; x_wconf 82' lang='grc' dir='ltr'><strong>ν.</strong></span> <span class='ocrx_word' id='word_1_443' title='bbox 399 2733 415 2757; x_wconf 79' lang='grc'><strong>4</strong></span> <span class='ocrx_word' id='word_1_444' title='bbox 425 2740 430 2758; x_wconf 91' lang='lat'>:</span> <span class='ocrx_word' id='word_1_445' title='bbox 441 2728 547 2764; x_wconf 61' lang='lat' dir='ltr'><strong>cumque</strong></span> <span class='ocrx_word' id='word_1_446' title='bbox 554 2733 609 2763; x_wconf 84' lang='lat' dir='ltr'><strong>jam</strong></span> <span class='ocrx_word' id='word_1_447' title='bbox 619 2738 693 2757; x_wconf 74' lang='lat' dir='ltr'><strong>aenea:</strong></span> <span class='ocrx_word' id='word_1_448' title='bbox 704 2728 773 2761; x_wconf 57' lang='grc' dir='ltr'><strong>εῶρι,</strong></span> <span class='ocrx_word' id='word_1_449' title='bbox 786 2728 942 2762; x_wconf 73' lang='lat' dir='ltr'><strong>depravatum</strong></span> <span class='ocrx_word' id='word_1_450' title='bbox 954 2733 987 2755; x_wconf 78' lang='lat' dir='ltr'><strong>est</strong></span> 
     </span>
    </p>
   </div>
   <div class='ocr_carea' id='block_1_60' title="bbox 199 2764 500 2796">
    <p class='ocr_par' dir='ltr' id='par_1_60' title="bbox 199 2764 500 2796">
     <span class='ocr_line' id='line_1_60' title="bbox 199 2764 500 2796; baseline -0.007 -5"><span class='ocrx_word' id='word_1_451' title='bbox 199 2773 240 2792; x_wconf 75' lang='lat' dir='ltr'><strong>cur</strong></span> <span class='ocrx_word' id='word_1_452' title='bbox 251 2767 303 2795; x_wconf 79' lang='lat' dir='ltr'><strong>ejus</strong></span> <span class='ocrx_word' id='word_1_453' title='bbox 315 2771 358 2796; x_wconf 77' lang='lat' dir='ltr'><strong>per</strong></span> <span class='ocrx_word' id='word_1_454' title='bbox 369 2764 480 2789; x_wconf 80' lang='lat' dir='ltr'><strong>mulieres</strong></span> <span class='ocrx_word' id='word_1_455' title='bbox 488 2765 500 2789; x_wconf 75' lang='lat'><strong><em>?</em></strong></span> 
     </span>
    </p>
   </div>
   <div class='ocr_carea' id='block_1_61' title="bbox 229 2792 987 2828">
    <p class='ocr_par' dir='ltr' id='par_1_61' title="bbox 229 2792 987 2828">
     <span class='ocr_line' id='line_1_61' title="bbox 229 2792 987 2828; baseline -0.007 -7"><span class='ocrx_word' id='word_1_456' title='bbox 229 2792 269 2828; x_wconf 62' lang='grc' dir='ltr'><strong>(ιη’</strong></span> <span class='ocrx_word' id='word_1_457' title='bbox 281 2792 409 2820; x_wconf 77' lang='lat' dir='ltr'><strong>Fornaeem</strong></span> <span class='ocrx_word' id='word_1_458' title='bbox 420 2799 490 2828; x_wconf 81' lang='lat' dir='ltr'><strong>vocat</strong></span> <span class='ocrx_word' id='word_1_459' title='bbox 501 2794 618 2819; x_wconf 78' lang='lat' dir='ltr'><strong>Persicam</strong></span> <span class='ocrx_word' id='word_1_460' title='bbox 629 2793 694 2818; x_wconf 88' lang='lat' dir='ltr'><strong>illam</strong></span> <span class='ocrx_word' id='word_1_461' title='bbox 706 2792 869 2828; x_wconf 65' lang='lat' dir='ltr'><strong>uabylonicam</strong></span> <span class='ocrx_word' id='word_1_462' title='bbox 879 2793 902 2828; x_wconf 84' lang='lat' dir='ltr'><strong>in</strong></span> <span class='ocrx_word' id='word_1_463' title='bbox 914 2799 987 2825; x_wconf 88' lang='lat' dir='ltr'><strong>quam</strong></span> 
     </span>
    </p>
   </div>
   <div class='ocr_carea' id='block_1_62' title="bbox 196 2825 988 2858">
    <p class='ocr_par' dir='ltr' id='par_1_62' title="bbox 196 2825 988 2858">
     <span class='ocr_line' id='line_1_62' title="bbox 196 2825 988 2858; baseline -0.006 -6"><span class='ocrx_word' id='word_1_464' title='bbox 196 2825 521 2858; x_wconf 40' lang='lat' dir='ltr'><strong>trrs‘puericoujectisuut.</strong></span> <span class='ocrx_word' id='word_1_465' title='bbox 543 2830 592 2849; x_wconf 78' lang='lat' dir='ltr'><strong>tam</strong></span> <span class='ocrx_word' id='word_1_466' title='bbox 616 2831 682 2855; x_wconf 61' lang='lat' dir='ltr'><strong>saepe</strong></span> <span class='ocrx_word' id='word_1_467' title='bbox 703 2825 812 2858; x_wconf 79' lang='lat' dir='ltr'><strong>vidimus,</strong></span> <span class='ocrx_word' id='word_1_468' title='bbox 827 2825 943 2855; x_wconf 60' lang='lat' dir='ltr'><strong>Assyriam</strong></span> <span class='ocrx_word' id='word_1_469' title='bbox 963 2827 988 2849; x_wconf 89' lang='lat' dir='ltr'><strong>et</strong></span> 
     </span>
    </p>
   </div>
   <div class='ocr_carea' id='block_1_63' title="bbox 194 2856 781 2890">
    <p class='ocr_par' dir='ltr' id='par_1_63' title="bbox 194 2856 781 2890">
     <span class='ocr_line' id='line_1_63' title="bbox 194 2856 781 2890; baseline -0.009 -7"><span class='ocrx_word' id='word_1_470' title='bbox 194 2856 347 2890; x_wconf 71' lang='lat' dir='ltr'><strong>tlabj‘loniatu</strong></span> <span class='ocrx_word' id='word_1_471' title='bbox 359 2856 480 2883; x_wconf 70' lang='lat' dir='ltr'><strong>Persidem</strong></span> <span class='ocrx_word' id='word_1_472' title='bbox 491 2865 505 2882; x_wconf 87' lang='lat' dir='ltr'><strong>a</strong></span> <span class='ocrx_word' id='word_1_473' title='bbox 516 2857 632 2888; x_wconf 44' lang='lat' dir='ltr'><strong>t‘lu‘ys‘tstv</strong></span> <span class='ocrx_word' id='word_1_474' title='bbox 644 2862 681 2880; x_wconf 84' lang='lat' dir='ltr'><strong>tuo</strong></span> <span class='ocrx_word' id='word_1_475' title='bbox 695 2856 781 2879; x_wconf 73' lang='lat' dir='ltr'><strong>vet-ari.</strong></span> 
     </span>
    </p>
   </div>
   <div class='ocr_carea' id='block_1_64' title="bbox 1041 188 1829 230">
    <p class='ocr_par' dir='ltr' id='par_1_64' title="bbox 1041 188 1829 230">
     <span class='ocr_line' id='line_1_64' title="bbox 1041 188 1829 230; baseline 0.011 -17"><span class='ocrx_word' id='word_1_476' title='bbox 1041 188 1253 224; x_wconf 86' lang='lat' dir='ltr'><strong>quandoquidem</strong></span> <span class='ocrx_word' id='word_1_477' title='bbox 1267 195 1291 218; x_wconf 86' lang='lat' dir='ltr'><strong>et</strong></span> <span class='ocrx_word' id='word_1_478' title='bbox 1306 191 1402 219; x_wconf 84' lang='lat' dir='ltr'><strong>Paulus</strong></span> <span class='ocrx_word' id='word_1_479' title='bbox 1416 199 1477 220; x_wconf 91' lang='lat' dir='ltr'><strong>cum</strong></span> <span class='ocrx_word' id='word_1_480' title='bbox 1493 193 1530 220; x_wconf 88' lang='lat' dir='ltr'><strong>nit</strong></span> <span class='ocrx_word' id='word_1_481' title='bbox 1555 203 1561 220; x_wconf 79' lang='grc' dir='ltr'><strong>ε</strong></span> <span class='ocrx_word' id='word_1_482' title='bbox 1585 193 1645 221; x_wconf 83' lang='grc' dir='ltr'><strong>Νοη</strong></span> <span class='ocrx_word' id='word_1_483' title='bbox 1668 194 1829 230; x_wconf 77' lang='lat' dir='ltr'><strong>neophytum,</strong></span> 
     </span>
    </p>
   </div>
   <div class='ocr_carea' id='block_1_65' title="bbox 1039 235 1830 274">
    <p class='ocr_par' dir='ltr' id='par_1_65' title="bbox 1039 235 1830 274">
     <span class='ocr_line' id='line_1_65' title="bbox 1039 235 1830 274; baseline 0.01 -14"><span class='ocrx_word' id='word_1_484' title='bbox 1039 242 1070 261; x_wconf 79' lang='lat' dir='ltr'><strong>ne</strong></span> <span class='ocrx_word' id='word_1_485' title='bbox 1094 235 1120 261; x_wconf 86' lang='lat' dir='ltr'><strong>in</strong></span> <span class='ocrx_word' id='word_1_486' title='bbox 1146 236 1287 270; x_wconf 74' lang='lat' dir='ltr'><strong>superbiam</strong></span> <span class='ocrx_word' id='word_1_487' title='bbox 1306 237 1396 270; x_wconf 78' lang='lat' dir='ltr'><strong>elatus,</strong></span> <span class='ocrx_word' id='word_1_488' title='bbox 1424 239 1450 265; x_wconf 90' lang='lat' dir='ltr'><strong>in</strong></span> <span class='ocrx_word' id='word_1_489' title='bbox 1467 239 1595 274; x_wconf 77' lang='lat' dir='ltr'><strong>judicium</strong></span> <span class='ocrx_word' id='word_1_490' title='bbox 1619 239 1714 267; x_wconf 84' lang='lat' dir='ltr'><strong>incidat</strong></span> <span class='ocrx_word' id='word_1_491' title='bbox 1736 240 1830 268; x_wconf 81' lang='lat' dir='ltr'><strong>diaboli</strong></span> 
     </span>
    </p>
   </div>
   <div class='ocr_carea' id='block_1_66' title="bbox 1039 280 1830 319">
    <p class='ocr_par' dir='ltr' id='par_1_66' title="bbox 1039 280 1830 319">
     <span class='ocr_line' id='line_1_66' title="bbox 1039 280 1830 319; baseline 0.008 -12"><span class='ocrx_word' id='word_1_492' title='bbox 1039 281 1077 314; x_wconf 89' lang='lat' dir='ltr'><strong>(f.</strong></span> <span class='ocrx_word' id='word_1_493' title='bbox 1092 280 1159 308; x_wconf 80' lang='lat' dir='ltr'><strong>Tim.</strong></span> <span class='ocrx_word' id='word_1_494' title='bbox 1176 282 1203 309; x_wconf 84' lang='grc'><strong>5.</strong></span> <span class='ocrx_word' id='word_1_495' title='bbox 1218 281 1257 317; x_wconf 84' lang='grc'><strong>6),</strong></span> <span class='ocrx_word' id='word_1_496' title='bbox 1279 291 1332 310; x_wconf 91' lang='lat' dir='ltr'><strong>non</strong></span> <span class='ocrx_word' id='word_1_497' title='bbox 1348 288 1426 312; x_wconf 64' lang='lat' dir='ltr'><strong>natale</strong></span> <span class='ocrx_word' id='word_1_498' title='bbox 1436 284 1562 319; x_wconf 88' lang='lat' dir='ltr'><strong>juvenem</strong></span> <span class='ocrx_word' id='word_1_499' title='bbox 1577 285 1652 319; x_wconf 82' lang='lat' dir='ltr'><strong>dicit,</strong></span> <span class='ocrx_word' id='word_1_500' title='bbox 1678 286 1724 313; x_wconf 91' lang='lat' dir='ltr'><strong>sed</strong></span> <span class='ocrx_word' id='word_1_501' title='bbox 1736 293 1830 313; x_wconf 81' lang='lat' dir='ltr'><strong>recens</strong></span> 
     </span>
    </p>
   </div>
   <div class='ocr_carea' id='block_1_67' title="bbox 1039 327 1831 368">
    <p class='ocr_par' dir='ltr' id='par_1_67' title="bbox 1039 327 1831 368">
     <span class='ocr_line' id='line_1_67' title="bbox 1039 327 1831 368; baseline 0.008 -15"><span class='ocrx_word' id='word_1_502' title='bbox 1039 327 1195 362; x_wconf 86' lang='lat' dir='ltr'><strong>plantatum,</strong></span> <span class='ocrx_word' id='word_1_503' title='bbox 1210 328 1236 356; x_wconf 89' lang='lat' dir='ltr'><strong>id</strong></span> <span class='ocrx_word' id='word_1_504' title='bbox 1252 334 1302 362; x_wconf 89' lang='lat' dir='ltr'><strong>est,</strong></span> <span class='ocrx_word' id='word_1_505' title='bbox 1323 330 1473 358; x_wconf 91' lang='lat' dir='ltr'><strong>institutum</strong></span> <span class='ocrx_word' id='word_1_506' title='bbox 1490 339 1498 363; x_wconf 79' lang='lat'><strong>&#39;,</strong></span> <span class='ocrx_word' id='word_1_507' title='bbox 1513 331 1634 364; x_wconf 83' lang='lat' dir='ltr'><strong>plantare</strong></span> <span class='ocrx_word' id='word_1_508' title='bbox 1646 332 1746 368; x_wconf 82' lang='lat' dir='ltr'><strong>quippe</strong></span> <span class='ocrx_word' id='word_1_509' title='bbox 1767 332 1831 359; x_wconf 90' lang='lat' dir='ltr'><strong>dicit</strong></span> 
     </span>
    </p>
   </div>
   <div class='ocr_carea' id='block_1_68' title="bbox 1038 375 1831 414">
    <p class='ocr_par' dir='ltr' id='par_1_68' title="bbox 1038 375 1831 414">
     <span class='ocr_line' id='line_1_68' title="bbox 1038 375 1831 414; baseline 0.004 -13"><span class='ocrx_word' id='word_1_510' title='bbox 1038 375 1170 403; x_wconf 87' lang='lat' dir='ltr'><strong>cateehesi</strong></span> <span class='ocrx_word' id='word_1_511' title='bbox 1196 376 1344 409; x_wconf 89' lang='lat' dir='ltr'><strong>instituere,</strong></span> <span class='ocrx_word' id='word_1_512' title='bbox 1374 382 1402 405; x_wconf 88' lang='lat' dir='ltr'><strong>et</strong></span> <span class='ocrx_word' id='word_1_513' title='bbox 1425 377 1539 411; x_wconf 82' lang='lat' dir='ltr'><strong>docere;</strong></span> <span class='ocrx_word' id='word_1_514' title='bbox 1565 382 1593 405; x_wconf 92' lang='lat' dir='ltr'><strong>ut</strong></span> <span class='ocrx_word' id='word_1_515' title='bbox 1613 386 1673 406; x_wconf 92' lang='lat' dir='ltr'><strong>eum</strong></span> <span class='ocrx_word' id='word_1_516' title='bbox 1689 379 1726 406; x_wconf 88' lang='lat' dir='ltr'><strong>ait</strong></span> <span class='ocrx_word' id='word_1_517' title='bbox 1746 388 1752 405; x_wconf 74' lang='grc' dir='ltr'><em>τ</em></span> <span class='ocrx_word' id='word_1_518' title='bbox 1774 378 1831 414; x_wconf 82' lang='lat' dir='ltr'><strong>Ego</strong></span> 
     </span>
    </p>
   </div>
   <div class='ocr_carea' id='block_1_69' title="bbox 1040 421 1830 459">
    <p class='ocr_par' dir='ltr' id='par_1_69' title="bbox 1040 421 1830 459">
     <span class='ocr_line' id='line_1_69' title="bbox 1040 421 1830 459; baseline 0.004 -12"><span class='ocrx_word' id='word_1_519' title='bbox 1040 421 1162 455; x_wconf 79' lang='lat' dir='ltr'><strong>plantavi,</strong></span> <span class='ocrx_word' id='word_1_520' title='bbox 1182 421 1273 457; x_wconf 78' lang='lat' dir='ltr'><strong>Apollo</strong></span> <span class='ocrx_word' id='word_1_521' title='bbox 1286 423 1375 458; x_wconf 80' lang='lat' dir='ltr'><strong>rigavit</strong></span> <span class='ocrx_word' id='word_1_522' title='bbox 1395 423 1432 458; x_wconf 79' lang='grc' dir='ltr'><strong>(ί.</strong></span> <span class='ocrx_word' id='word_1_523' title='bbox 1448 422 1507 450; x_wconf 86' lang='lat' dir='ltr'><strong>Cor.</strong></span> <span class='ocrx_word' id='word_1_524' title='bbox 1522 423 1549 451; x_wconf 76' lang='lat'><strong>5.</strong></span> <span class='ocrx_word' id='word_1_525' title='bbox 1564 423 1604 458; x_wconf 87' lang='lat'><strong>6).</strong></span> <span class='ocrx_word' id='word_1_526' title='bbox 1624 422 1745 452; x_wconf 88' lang='lat' dir='ltr'><strong>Christus</strong></span> <span class='ocrx_word' id='word_1_527' title='bbox 1763 431 1830 459; x_wconf 87' lang='lat' dir='ltr'><strong>quo-</strong></span> 
     </span>
    </p>
   </div>
   <div class='ocr_carea' id='block_1_70' title="bbox 1037 466 1828 504">
    <p class='ocr_par' dir='ltr' id='par_1_70' title="bbox 1037 466 1828 504">
     <span class='ocr_line' id='line_1_70' title="bbox 1037 466 1828 504; baseline 0.005 -12"><span class='ocrx_word' id='word_1_528' title='bbox 1037 473 1089 501; x_wconf 90' lang='lat' dir='ltr'><strong>que</strong></span> <span class='ocrx_word' id='word_1_529' title='bbox 1105 466 1130 493; x_wconf 94' lang='lat' dir='ltr'><strong>id</strong></span> <span class='ocrx_word' id='word_1_530' title='bbox 1146 467 1335 501; x_wconf 88' lang='lat' dir='ltr'><strong>plautationem</strong></span> <span class='ocrx_word' id='word_1_531' title='bbox 1348 472 1425 495; x_wconf 83' lang='lat' dir='ltr'><strong>vocat</strong></span> <span class='ocrx_word' id='word_1_532' title='bbox 1440 467 1530 496; x_wconf 86' lang='lat' dir='ltr'><strong>dicens</strong></span> <span class='ocrx_word' id='word_1_533' title='bbox 1557 477 1563 496; x_wconf 94' lang='lat'><strong>:</strong></span> <span class='ocrx_word' id='word_1_534' title='bbox 1586 468 1675 496; x_wconf 69' lang='lat' dir='ltr'><strong>Omnis</strong></span> <span class='ocrx_word' id='word_1_535' title='bbox 1694 469 1828 504; x_wconf 81' lang='lat' dir='ltr'><strong>plantutt’o,</strong></span> 
     </span>
    </p>
   </div>
   <div class='ocr_carea' id='block_1_71' title="bbox 1037 512 1830 547">
    <p class='ocr_par' dir='ltr' id='par_1_71' title="bbox 1037 512 1830 547">
     <span class='ocr_line' id='line_1_71' title="bbox 1037 512 1830 547; baseline 0.005 -10"><span class='ocrx_word' id='word_1_536' title='bbox 1037 519 1111 545; x_wconf 84' lang='lat' dir='ltr'><strong>quam</strong></span> <span class='ocrx_word' id='word_1_537' title='bbox 1131 519 1180 538; x_wconf 87' lang='lat' dir='ltr'><strong>non</strong></span> <span class='ocrx_word' id='word_1_538' title='bbox 1198 512 1321 546; x_wconf 78' lang='lat' dir='ltr'><strong>plantavit</strong></span> <span class='ocrx_word' id='word_1_539' title='bbox 1341 512 1421 540; x_wconf 81' lang='lat' dir='ltr'><strong>Pater</strong></span> <span class='ocrx_word' id='word_1_540' title='bbox 1433 521 1502 540; x_wconf 77' lang='lat' dir='ltr'><strong>metu</strong></span> <span class='ocrx_word' id='word_1_541' title='bbox 1515 513 1638 547; x_wconf 64' lang='lat' dir='ltr'><strong>celestis,</strong></span> <span class='ocrx_word' id='word_1_542' title='bbox 1659 514 1830 541; x_wconf 80' lang='lat' dir='ltr'><strong>eradicabitttr</strong></span> 
     </span>
    </p>
   </div>
   <div class='ocr_carea' id='block_1_72' title="bbox 1038 556 1827 595">
    <p class='ocr_par' dir='ltr' id='par_1_72' title="bbox 1038 556 1827 595">
     <span class='ocr_line' id='line_1_72' title="bbox 1038 556 1827 595; baseline 0.005 -13"><span class='ocrx_word' id='word_1_543' title='bbox 1038 556 1144 591; x_wconf 79' lang='lat' dir='ltr'><strong>(ltuttlt.</strong></span> <span class='ocrx_word' id='word_1_544' title='bbox 1162 557 1203 585; x_wconf 77' lang='lat'><strong>15.</strong></span> <span class='ocrx_word' id='word_1_545' title='bbox 1216 557 1271 593; x_wconf 71' lang='lat'><strong>13).</strong></span> <span class='ocrx_word' id='word_1_546' title='bbox 1282 557 1348 585; x_wconf 80' lang='lat' dir='ltr'><strong>Nam</strong></span> <span class='ocrx_word' id='word_1_547' title='bbox 1362 559 1383 585; x_wconf 88' lang='lat' dir='ltr'><strong>si</strong></span> <span class='ocrx_word' id='word_1_548' title='bbox 1399 559 1562 595; x_wconf 82' lang='lat' dir='ltr'><strong>necphytum</strong></span> <span class='ocrx_word' id='word_1_549' title='bbox 1570 559 1686 587; x_wconf 82' lang='lat' dir='ltr'><strong>dixisset</strong></span> <span class='ocrx_word' id='word_1_550' title='bbox 1693 559 1827 594; x_wconf 78' lang='lat' dir='ltr'><strong>juvenem.</strong></span> 
     </span>
    </p>
   </div>
   <div class='ocr_carea' id='block_1_73' title="bbox 1038 601 1826 639">
    <p class='ocr_par' dir='ltr' id='par_1_73' title="bbox 1038 601 1826 639">
     <span class='ocr_line' id='line_1_73' title="bbox 1038 601 1826 639; baseline 0.005 -11"><span class='ocrx_word' id='word_1_551' title='bbox 1038 601 1205 630; x_wconf 87' lang='lat' dir='ltr'><strong>Tunothcum</strong></span> <span class='ocrx_word' id='word_1_552' title='bbox 1224 607 1307 636; x_wconf 82' lang='lat' dir='ltr'><strong>certe,</strong></span> <span class='ocrx_word' id='word_1_553' title='bbox 1335 604 1380 639; x_wconf 87' lang='lat' dir='ltr'><strong>qui</strong></span> <span class='ocrx_word' id='word_1_554' title='bbox 1392 604 1498 639; x_wconf 83' lang='lat' dir='ltr'><strong>juvenis</strong></span> <span class='ocrx_word' id='word_1_555' title='bbox 1514 609 1582 637; x_wconf 91' lang='lat' dir='ltr'><strong>erat,</strong></span> <span class='ocrx_word' id='word_1_556' title='bbox 1606 608 1633 632; x_wconf 90' lang='lat' dir='ltr'><strong>et</strong></span> <span class='ocrx_word' id='word_1_557' title='bbox 1655 605 1689 631; x_wconf 84' lang='lat' dir='ltr'><strong>ita</strong></span> <span class='ocrx_word' id='word_1_558' title='bbox 1709 604 1826 639; x_wconf 87' lang='lat' dir='ltr'><strong>juvenis,</strong></span> 
     </span>
    </p>
   </div>
   <div class='ocr_carea' id='block_1_74' title="bbox 1038 648 1829 685">
    <p class='ocr_par' dir='ltr' id='par_1_74' title="bbox 1038 648 1829 685">
     <span class='ocr_line' id='line_1_74' title="bbox 1038 648 1829 685; baseline 0.003 -10"><span class='ocrx_word' id='word_1_559' title='bbox 1038 653 1064 675; x_wconf 94' lang='lat' dir='ltr'><strong>ut</strong></span> <span class='ocrx_word' id='word_1_560' title='bbox 1093 648 1137 676; x_wconf 84' lang='lat' dir='ltr'><strong>ille</strong></span> <span class='ocrx_word' id='word_1_561' title='bbox 1159 649 1279 683; x_wconf 89' lang='lat' dir='ltr'><strong>diceret,</strong></span> <span class='ocrx_word' id='word_1_562' title='bbox 1305 648 1388 677; x_wconf 81' lang='lat' dir='ltr'><strong>Nemo</strong></span> <span class='ocrx_word' id='word_1_563' title='bbox 1407 651 1563 685; x_wconf 78' lang='lat' dir='ltr'><strong>juventutem</strong></span> <span class='ocrx_word' id='word_1_564' title='bbox 1591 655 1660 678; x_wconf 84' lang='lat' dir='ltr'><strong>tuam</strong></span> <span class='ocrx_word' id='word_1_565' title='bbox 1688 655 1829 678; x_wconf 78' lang='lat' dir='ltr'><strong>contemnat</strong></span> 
     </span>
    </p>
   </div>
   <div class='ocr_carea' id='block_1_75' title="bbox 1038 694 1827 732">
    <p class='ocr_par' dir='ltr' id='par_1_75' title="bbox 1038 694 1827 732">
     <span class='ocr_line' id='line_1_75' title="bbox 1038 694 1827 732; baseline 0.004 -11"><span class='ocrx_word' id='word_1_566' title='bbox 1038 695 1076 728; x_wconf 89' lang='lat' dir='ltr'><strong>(l.</strong></span> <span class='ocrx_word' id='word_1_567' title='bbox 1100 694 1166 721; x_wconf 89' lang='lat' dir='ltr'><strong>Tim.</strong></span> <span class='ocrx_word' id='word_1_568' title='bbox 1183 695 1208 722; x_wconf 69' lang='lat' dir='ltr'><strong>i.</strong></span> <span class='ocrx_word' id='word_1_569' title='bbox 1226 695 1289 727; x_wconf 71' lang='grc'><strong>12),</strong></span> <span class='ocrx_word' id='word_1_570' title='bbox 1314 695 1348 723; x_wconf 91' lang='lat' dir='ltr'><strong>ad</strong></span> <span class='ocrx_word' id='word_1_571' title='bbox 1368 701 1469 724; x_wconf 91' lang='lat' dir='ltr'><strong>tantum</strong></span> <span class='ocrx_word' id='word_1_572' title='bbox 1491 697 1599 724; x_wconf 86' lang='lat' dir='ltr'><strong>culmen</strong></span> <span class='ocrx_word' id='word_1_573' title='bbox 1620 696 1756 732; x_wconf 71' lang='lat' dir='ltr'><strong>dignitatis</strong></span> <span class='ocrx_word' id='word_1_574' title='bbox 1774 705 1827 724; x_wconf 85' lang='lat' dir='ltr'><strong>non</strong></span> 
     </span>
    </p>
   </div>
   <div class='ocr_carea' id='block_1_76' title="bbox 1036 741 1829 778">
    <p class='ocr_par' dir='ltr' id='par_1_76' title="bbox 1036 741 1829 778">
     <span class='ocr_line' id='line_1_76' title="bbox 1036 741 1829 778; baseline 0.004 -11"><span class='ocrx_word' id='word_1_575' title='bbox 1036 741 1178 772; x_wconf 64' lang='lat' dir='ltr'><strong>erexisset,</strong></span> <span class='ocrx_word' id='word_1_576' title='bbox 1195 748 1244 768; x_wconf 93' lang='lat' dir='ltr'><strong>nec</strong></span> <span class='ocrx_word' id='word_1_577' title='bbox 1260 746 1297 769; x_wconf 90' lang='lat' dir='ltr'><strong>tot</strong></span> <span class='ocrx_word' id='word_1_578' title='bbox 1310 741 1488 769; x_wconf 86' lang='lat' dir='ltr'><strong>Ecclesiarum</strong></span> <span class='ocrx_word' id='word_1_579' title='bbox 1504 741 1574 770; x_wconf 80' lang='lat' dir='ltr'><strong>ferre</strong></span> <span class='ocrx_word' id='word_1_580' title='bbox 1589 749 1679 770; x_wconf 84' lang='lat' dir='ltr'><strong>curam</strong></span> <span class='ocrx_word' id='word_1_581' title='bbox 1693 742 1829 778; x_wconf 82' lang='lat' dir='ltr'><strong>permisis-</strong></span> 
     </span>
    </p>
   </div>
   <div class='ocr_carea' id='block_1_77' title="bbox 1036 787 1826 823">
    <p class='ocr_par' dir='ltr' id='par_1_77' title="bbox 1036 787 1826 823">
     <span class='ocr_line' id='line_1_77' title="bbox 1036 787 1826 823; baseline 0.001 -10"><span class='ocrx_word' id='word_1_582' title='bbox 1036 791 1086 814; x_wconf 85' lang='lat' dir='ltr'><strong>set.</strong></span> <span class='ocrx_word' id='word_1_583' title='bbox 1110 787 1142 814; x_wconf 85' lang='lat' dir='ltr'><strong>Et</strong></span> <span class='ocrx_word' id='word_1_584' title='bbox 1155 787 1272 815; x_wconf 71' lang='lat' dir='ltr'><strong>illusares</strong></span> <span class='ocrx_word' id='word_1_585' title='bbox 1285 788 1480 815; x_wconf 85' lang='lat' dir='ltr'><strong>dominabuntur</strong></span> <span class='ocrx_word' id='word_1_586' title='bbox 1493 788 1538 815; x_wconf 71' lang='lat' dir='ltr'><strong>eis.</strong></span> <span class='ocrx_word' id='word_1_587' title='bbox 1564 788 1644 815; x_wconf 75' lang='lat' dir='ltr'><strong>Vides</strong></span> <span class='ocrx_word' id='word_1_588' title='bbox 1665 788 1750 823; x_wconf 90' lang='lat' dir='ltr'><strong>ipsum</strong></span> <span class='ocrx_word' id='word_1_589' title='bbox 1775 795 1826 815; x_wconf 92' lang='lat' dir='ltr'><strong>non</strong></span> 
     </span>
    </p>
   </div>
   <div class='ocr_carea' id='block_1_78' title="bbox 1036 833 1827 869">
    <p class='ocr_par' dir='ltr' id='par_1_78' title="bbox 1036 833 1827 869">
     <span class='ocr_line' id='line_1_78' title="bbox 1036 833 1827 869; baseline 0.004 -11"><span class='ocrx_word' id='word_1_590' title='bbox 1036 833 1192 867; x_wconf 85' lang='lat' dir='ltr'><strong>simpliciter</strong></span> <span class='ocrx_word' id='word_1_591' title='bbox 1215 839 1321 862; x_wconf 81' lang='lat' dir='ltr'><strong>aetatem</strong></span> <span class='ocrx_word' id='word_1_592' title='bbox 1346 834 1503 867; x_wconf 85' lang='lat' dir='ltr'><strong>traducere,</strong></span> <span class='ocrx_word' id='word_1_593' title='bbox 1525 833 1571 862; x_wconf 90' lang='lat' dir='ltr'><strong>sed</strong></span> <span class='ocrx_word' id='word_1_594' title='bbox 1593 839 1746 869; x_wconf 89' lang='lat' dir='ltr'><strong>corruptum</strong></span> <span class='ocrx_word' id='word_1_595' title='bbox 1769 834 1827 861; x_wconf 91' lang='lat' dir='ltr'><strong>ani-</strong></span> 
     </span>
    </p>
   </div>
   <div class='ocr_carea' id='block_1_79' title="bbox 1036 879 1828 908">
    <p class='ocr_par' dir='ltr' id='par_1_79' title="bbox 1036 879 1828 908">
     <span class='ocr_line' id='line_1_79' title="bbox 1036 879 1828 908; baseline 0.004 -3"><span class='ocrx_word' id='word_1_596' title='bbox 1036 879 1129 907; x_wconf 83' lang='lat' dir='ltr'><strong>mum?</strong></span> <span class='ocrx_word' id='word_1_597' title='bbox 1151 880 1204 907; x_wconf 90' lang='lat' dir='ltr'><strong>llac</strong></span> <span class='ocrx_word' id='word_1_598' title='bbox 1217 881 1286 908; x_wconf 89' lang='lat' dir='ltr'><strong>enim</strong></span> <span class='ocrx_word' id='word_1_599' title='bbox 1301 880 1434 908; x_wconf 87' lang='lat' dir='ltr'><strong>additioue</strong></span> <span class='ocrx_word' id='word_1_600' title='bbox 1448 880 1473 907; x_wconf 89' lang='lat' dir='ltr'><strong>id</strong></span> <span class='ocrx_word' id='word_1_601' title='bbox 1486 880 1583 907; x_wconf 89' lang='lat' dir='ltr'><strong>clarius</strong></span> <span class='ocrx_word' id='word_1_602' title='bbox 1595 880 1686 908; x_wconf 80' lang='lat' dir='ltr'><strong>efﬁcit.</strong></span> <span class='ocrx_word' id='word_1_603' title='bbox 1705 880 1828 908; x_wconf 86' lang='lat' dir='ltr'><strong>lllusores</strong></span> 
     </span>
    </p>
   </div>
   <div class='ocr_carea' id='block_1_80' title="bbox 1036 925 1826 960">
    <p class='ocr_par' dir='ltr' id='par_1_80' title="bbox 1036 925 1826 960">
     <span class='ocr_line' id='line_1_80' title="bbox 1036 925 1826 960; baseline 0.001 -9"><span class='ocrx_word' id='word_1_604' title='bbox 1036 925 1106 952; x_wconf 90' lang='lat' dir='ltr'><strong>enim</strong></span> <span class='ocrx_word' id='word_1_605' title='bbox 1120 925 1162 952; x_wconf 89' lang='lat' dir='ltr'><strong>hic</strong></span> <span class='ocrx_word' id='word_1_606' title='bbox 1175 931 1251 953; x_wconf 87' lang='lat' dir='ltr'><strong>vocat</strong></span> <span class='ocrx_word' id='word_1_607' title='bbox 1264 926 1431 960; x_wconf 87' lang='lat' dir='ltr'><strong>deceptorcs,</strong></span> <span class='ocrx_word' id='word_1_608' title='bbox 1453 925 1631 959; x_wconf 83' lang='lat' dir='ltr'><strong>cavillatores,</strong></span> <span class='ocrx_word' id='word_1_609' title='bbox 1656 925 1806 956; x_wconf 69' lang='lat' dir='ltr'><strong>adulatores</strong></span> <span class='ocrx_word' id='word_1_610' title='bbox 1819 948 1826 958; x_wconf 83' lang='lat'><strong>,</strong></span> 
     </span>
    </p>
   </div>
   <div class='ocr_carea' id='block_1_81' title="bbox 1035 971 1827 1006">
    <p class='ocr_par' dir='ltr' id='par_1_81' title="bbox 1035 971 1827 1006">
     <span class='ocr_line' id='line_1_81' title="bbox 1035 971 1827 1006; baseline 0.004 -10"><span class='ocrx_word' id='word_1_611' title='bbox 1035 977 1082 996; x_wconf 87' lang='lat' dir='ltr'><strong>eos</strong></span> <span class='ocrx_word' id='word_1_612' title='bbox 1102 971 1145 1005; x_wconf 89' lang='lat' dir='ltr'><strong>qui</strong></span> <span class='ocrx_word' id='word_1_613' title='bbox 1161 971 1249 998; x_wconf 89' lang='lat' dir='ltr'><strong>verbis</strong></span> <span class='ocrx_word' id='word_1_614' title='bbox 1274 972 1386 1006; x_wconf 78' lang='lat' dir='ltr'><strong>gratiam</strong></span> <span class='ocrx_word' id='word_1_615' title='bbox 1401 976 1537 1006; x_wconf 71' lang='lat' dir='ltr'><strong>captantes</strong></span> <span class='ocrx_word' id='word_1_616' title='bbox 1552 972 1625 1006; x_wconf 92' lang='lat' dir='ltr'><strong>ipsos</strong></span> <span class='ocrx_word' id='word_1_617' title='bbox 1639 971 1744 999; x_wconf 90' lang='lat' dir='ltr'><strong>diabolo</strong></span> <span class='ocrx_word' id='word_1_618' title='bbox 1766 980 1827 1006; x_wconf 84' lang='lat' dir='ltr'><strong>pro—</strong></span> 
     </span>
    </p>
   </div>
   <div class='ocr_carea' id='block_1_82' title="bbox 1036 1017 1826 1053">
    <p class='ocr_par' dir='ltr' id='par_1_82' title="bbox 1036 1017 1826 1053">
     <span class='ocr_line' id='line_1_82' title="bbox 1036 1017 1826 1053; baseline 0.003 -11"><span class='ocrx_word' id='word_1_619' title='bbox 1036 1017 1168 1051; x_wconf 85' lang='lat' dir='ltr'><strong>pinarent.</strong></span> <span class='ocrx_word' id='word_1_620' title='bbox 1194 1017 1220 1045; x_wconf 78' lang='lat'><strong>5.</strong></span> <span class='ocrx_word' id='word_1_621' title='bbox 1247 1017 1279 1044; x_wconf 84' lang='lat' dir='ltr'><strong>Et</strong></span> <span class='ocrx_word' id='word_1_622' title='bbox 1297 1022 1397 1044; x_wconf 76' lang='lat' dir='ltr'><strong>corruet</strong></span> <span class='ocrx_word' id='word_1_623' title='bbox 1412 1018 1529 1053; x_wconf 76' lang='lat' dir='ltr'><strong>populus,</strong></span> <span class='ocrx_word' id='word_1_624' title='bbox 1547 1019 1621 1044; x_wconf 77' lang='lat' dir='ltr'><strong>homo</strong></span> <span class='ocrx_word' id='word_1_625' title='bbox 1635 1017 1669 1044; x_wconf 86' lang='lat' dir='ltr'><strong>ad</strong></span> <span class='ocrx_word' id='word_1_626' title='bbox 1683 1017 1807 1045; x_wconf 74' lang='lat' dir='ltr'><strong>hominem</strong></span> <span class='ocrx_word' id='word_1_627' title='bbox 1818 1038 1826 1050; x_wconf 87' lang='lat'><strong>,</strong></span> 
     </span>
    </p>
   </div>
   <div class='ocr_carea' id='block_1_83' title="bbox 1035 1062 1826 1097">
    <p class='ocr_par' dir='ltr' id='par_1_83' title="bbox 1035 1062 1826 1097">
     <span class='ocr_line' id='line_1_83' title="bbox 1035 1062 1826 1097; baseline 0.003 -9"><span class='ocrx_word' id='word_1_628' title='bbox 1035 1066 1058 1088; x_wconf 81' lang='lat' dir='ltr'><strong>et</strong></span> <span class='ocrx_word' id='word_1_629' title='bbox 1081 1062 1155 1089; x_wconf 83' lang='lat' dir='ltr'><strong>homo</strong></span> <span class='ocrx_word' id='word_1_630' title='bbox 1183 1063 1217 1088; x_wconf 84' lang='lat' dir='ltr'><strong>ad</strong></span> <span class='ocrx_word' id='word_1_631' title='bbox 1243 1063 1384 1097; x_wconf 72' lang='lat' dir='ltr'><strong>proximum</strong></span> <span class='ocrx_word' id='word_1_632' title='bbox 1407 1071 1491 1090; x_wconf 79' lang='lat' dir='ltr'><strong>ruunt.</strong></span> <span class='ocrx_word' id='word_1_633' title='bbox 1517 1062 1742 1097; x_wconf 87' lang='lat' dir='ltr'><strong>Quemadmodum</strong></span> <span class='ocrx_word' id='word_1_634' title='bbox 1756 1063 1826 1091; x_wconf 90' lang='lat' dir='ltr'><strong>enim</strong></span> 
     </span>
    </p>
   </div>
   <div class='ocr_carea' id='block_1_84' title="bbox 1035 1108 1828 1144">
    <p class='ocr_par' dir='ltr' id='par_1_84' title="bbox 1035 1108 1828 1144">
     <span class='ocr_line' id='line_1_84' title="bbox 1035 1108 1828 1144; baseline 0.001 -9"><span class='ocrx_word' id='word_1_635' title='bbox 1035 1108 1111 1142; x_wconf 78' lang='lat' dir='ltr'><strong>lignis</strong></span> <span class='ocrx_word' id='word_1_636' title='bbox 1128 1116 1187 1142; x_wconf 72' lang='lat' dir='ltr'><strong>qua:</strong></span> <span class='ocrx_word' id='word_1_637' title='bbox 1207 1108 1318 1136; x_wconf 69' lang='lat' dir='ltr'><strong>wdiﬁcia</strong></span> <span class='ocrx_word' id='word_1_638' title='bbox 1337 1109 1508 1136; x_wconf 83' lang='lat' dir='ltr'><strong>continebant</strong></span> <span class='ocrx_word' id='word_1_639' title='bbox 1522 1109 1664 1144; x_wconf 83' lang='lat' dir='ltr'><strong>corruptis,</strong></span> <span class='ocrx_word' id='word_1_640' title='bbox 1680 1113 1726 1136; x_wconf 89' lang='lat' dir='ltr'><strong>aut</strong></span> <span class='ocrx_word' id='word_1_641' title='bbox 1740 1109 1828 1136; x_wconf 83' lang='lat' dir='ltr'><strong>subla-</strong></span> 
     </span>
    </p>
   </div>
   <div class='ocr_carea' id='block_1_85' title="bbox 1035 1155 1826 1190">
    <p class='ocr_par' dir='ltr' id='par_1_85' title="bbox 1035 1155 1826 1190">
     <span class='ocr_line' id='line_1_85' title="bbox 1035 1155 1826 1190; baseline 0 -8"><span class='ocrx_word' id='word_1_642' title='bbox 1035 1155 1077 1186; x_wconf 86' lang='lat' dir='ltr'><strong>tis,</strong></span> <span class='ocrx_word' id='word_1_643' title='bbox 1104 1163 1214 1182; x_wconf 88' lang='lat' dir='ltr'><strong>uecesse</strong></span> <span class='ocrx_word' id='word_1_644' title='bbox 1228 1159 1269 1182; x_wconf 90' lang='lat' dir='ltr'><strong>est</strong></span> <span class='ocrx_word' id='word_1_645' title='bbox 1283 1155 1361 1182; x_wconf 88' lang='lat' dir='ltr'><strong>etiam</strong></span> <span class='ocrx_word' id='word_1_646' title='bbox 1377 1162 1467 1182; x_wconf 91' lang='lat' dir='ltr'><strong>muros</strong></span> <span class='ocrx_word' id='word_1_647' title='bbox 1490 1156 1635 1190; x_wconf 90' lang='lat' dir='ltr'><strong>perrumpi,</strong></span> <span class='ocrx_word' id='word_1_648' title='bbox 1661 1155 1733 1182; x_wconf 92' lang='lat' dir='ltr'><strong>nullo</strong></span> <span class='ocrx_word' id='word_1_649' title='bbox 1758 1155 1826 1182; x_wconf 85' lang='lat' dir='ltr'><strong>ultra</strong></span> 
     </span>
    </p>
   </div>
   <div class='ocr_carea' id='block_1_86' title="bbox 1034 1200 1825 1236">
    <p class='ocr_par' dir='ltr' id='par_1_86' title="bbox 1034 1200 1825 1236">
     <span class='ocr_line' id='line_1_86' title="bbox 1034 1200 1825 1236; baseline -0.001 -9"><span class='ocrx_word' id='word_1_650' title='bbox 1034 1201 1165 1228; x_wconf 89' lang='lat' dir='ltr'><strong>retinente</strong></span> <span class='ocrx_word' id='word_1_651' title='bbox 1191 1209 1199 1228; x_wconf 85' lang='lat'><strong>:</strong></span> <span class='ocrx_word' id='word_1_652' title='bbox 1225 1201 1263 1228; x_wconf 91' lang='lat' dir='ltr'><strong>sic</strong></span> <span class='ocrx_word' id='word_1_653' title='bbox 1287 1201 1339 1227; x_wconf 89' lang='lat' dir='ltr'><strong>illis</strong></span> <span class='ocrx_word' id='word_1_654' title='bbox 1365 1200 1485 1233; x_wconf 92' lang='lat' dir='ltr'><strong>sublatis,</strong></span> <span class='ocrx_word' id='word_1_655' title='bbox 1499 1201 1543 1235; x_wconf 94' lang='lat' dir='ltr'><strong>qui</strong></span> <span class='ocrx_word' id='word_1_656' title='bbox 1565 1207 1644 1236; x_wconf 90' lang='lat' dir='ltr'><strong>supra</strong></span> <span class='ocrx_word' id='word_1_657' title='bbox 1668 1200 1731 1228; x_wconf 89' lang='lat' dir='ltr'><strong>dicti</strong></span> <span class='ocrx_word' id='word_1_658' title='bbox 1754 1206 1825 1232; x_wconf 84' lang='lat' dir='ltr'><strong>sunt,</strong></span> 
     </span>
    </p>
   </div>
   <div class='ocr_carea' id='block_1_87' title="bbox 1035 1246 1825 1282">
    <p class='ocr_par' dir='ltr' id='par_1_87' title="bbox 1035 1246 1825 1282">
     <span class='ocr_line' id='line_1_87' title="bbox 1035 1246 1825 1282; baseline 0 -9"><span class='ocrx_word' id='word_1_659' title='bbox 1035 1247 1207 1282; x_wconf 82' lang='lat' dir='ltr'><strong>principibus,</strong></span> <span class='ocrx_word' id='word_1_660' title='bbox 1234 1246 1402 1278; x_wconf 86' lang='lat' dir='ltr'><strong>consiliariis,</strong></span> <span class='ocrx_word' id='word_1_661' title='bbox 1424 1246 1566 1281; x_wconf 85' lang='lat' dir='ltr'><strong>jutlicibus,</strong></span> <span class='ocrx_word' id='word_1_662' title='bbox 1591 1246 1737 1281; x_wconf 84' lang='lat' dir='ltr'><strong>prophetis,</strong></span> <span class='ocrx_word' id='word_1_663' title='bbox 1761 1246 1825 1273; x_wconf 91' lang='lat' dir='ltr'><strong>nihil</strong></span> 
     </span>
    </p>
   </div>
   <div class='ocr_carea' id='block_1_88' title="bbox 1034 1293 1825 1329">
    <p class='ocr_par' dir='ltr' id='par_1_88' title="bbox 1034 1293 1825 1329">
     <span class='ocr_line' id='line_1_88' title="bbox 1034 1293 1825 1329; baseline -0.003 -8"><span class='ocrx_word' id='word_1_664' title='bbox 1034 1295 1201 1329; x_wconf 85' lang='lat' dir='ltr'><strong>prohibebat,</strong></span> <span class='ocrx_word' id='word_1_665' title='bbox 1225 1294 1287 1328; x_wconf 90' lang='lat' dir='ltr'><strong>quin</strong></span> <span class='ocrx_word' id='word_1_666' title='bbox 1312 1294 1425 1328; x_wconf 88' lang='lat' dir='ltr'><strong>popttlns</strong></span> <span class='ocrx_word' id='word_1_667' title='bbox 1440 1294 1465 1319; x_wconf 92' lang='lat' dir='ltr'><strong>in</strong></span> <span class='ocrx_word' id='word_1_668' title='bbox 1482 1293 1610 1320; x_wconf 88' lang='lat' dir='ltr'><strong>factiones</strong></span> <span class='ocrx_word' id='word_1_669' title='bbox 1625 1301 1653 1320; x_wconf 86' lang='lat' dir='ltr'><strong>se</strong></span> <span class='ocrx_word' id='word_1_670' title='bbox 1672 1293 1805 1320; x_wconf 87' lang='lat' dir='ltr'><strong>scinderet</strong></span> <span class='ocrx_word' id='word_1_671' title='bbox 1817 1313 1825 1325; x_wconf 89' lang='lat'><strong>,</strong></span> 
     </span>
    </p>
   </div>
   <div class='ocr_carea' id='block_1_89' title="bbox 1034 1339 1492 1375">
    <p class='ocr_par' dir='ltr' id='par_1_89' title="bbox 1034 1339 1492 1375">
     <span class='ocr_line' id='line_1_89' title="bbox 1034 1339 1492 1375; baseline -0.004 -7"><span class='ocrx_word' id='word_1_672' title='bbox 1034 1346 1061 1369; x_wconf 91' lang='lat' dir='ltr'><strong>ct</strong></span> <span class='ocrx_word' id='word_1_673' title='bbox 1075 1348 1168 1375; x_wconf 76' lang='lat' dir='ltr'><strong>magna</strong></span> <span class='ocrx_word' id='word_1_674' title='bbox 1187 1339 1351 1374; x_wconf 86' lang='lat' dir='ltr'><strong>perturbatio</strong></span> <span class='ocrx_word' id='word_1_675' title='bbox 1367 1339 1492 1366; x_wconf 87' lang='lat' dir='ltr'><strong>oriretur.</strong></span> 
     </span>
    </p>
   </div>
   <div class='ocr_carea' id='block_1_90' title="bbox 1068 1385 1827 1422">
    <p class='ocr_par' dir='ltr' id='par_1_90' title="bbox 1068 1385 1827 1422">
     <span class='ocr_line' id='line_1_90' title="bbox 1068 1385 1827 1422; baseline -0.003 -8"><span class='ocrx_word' id='word_1_676' title='bbox 1068 1387 1097 1415; x_wconf 64' lang='grc'><strong>4.</strong></span> <span class='ocrx_word' id='word_1_677' title='bbox 1113 1386 1196 1413; x_wconf 83' lang='lat' dir='ltr'><strong>Irrue!</strong></span> <span class='ocrx_word' id='word_1_678' title='bbox 1217 1386 1336 1422; x_wconf 72' lang='lat' dir='ltr'><strong>puerulus</strong></span> <span class='ocrx_word' id='word_1_679' title='bbox 1359 1385 1477 1412; x_wconf 70' lang='lat' dir='ltr'><strong>adversus</strong></span> <span class='ocrx_word' id='word_1_680' title='bbox 1496 1393 1593 1415; x_wconf 70' lang='lat' dir='ltr'><strong>senem,</strong></span> <span class='ocrx_word' id='word_1_681' title='bbox 1605 1390 1628 1412; x_wconf 79' lang='lat' dir='ltr'><strong>et</strong></span> <span class='ocrx_word' id='word_1_682' title='bbox 1645 1385 1761 1420; x_wconf 72' lang='lat' dir='ltr'><strong>ignobilis</strong></span> <span class='ocrx_word' id='word_1_683' title='bbox 1780 1387 1827 1412; x_wconf 54' lang='lat' dir='ltr'><strong>ad-</strong></span> 
     </span>
    </p>
   </div>
   <div class='ocr_carea' id='block_1_91' title="bbox 1032 1430 1825 1466">
    <p class='ocr_par' dir='ltr' id='par_1_91' title="bbox 1032 1430 1825 1466">
     <span class='ocr_line' id='line_1_91' title="bbox 1032 1430 1825 1466; baseline -0.004 -7"><span class='ocrx_word' id='word_1_684' title='bbox 1032 1440 1118 1460; x_wconf 73' lang='lat' dir='ltr'><strong>versus</strong></span> <span class='ocrx_word' id='word_1_685' title='bbox 1138 1431 1255 1458; x_wconf 75' lang='lat' dir='ltr'><strong>nobilem.</strong></span> <span class='ocrx_word' id='word_1_686' title='bbox 1281 1430 1487 1463; x_wconf 81' lang='lat' dir='ltr'><strong>Adversabitur,</strong></span> <span class='ocrx_word' id='word_1_687' title='bbox 1507 1430 1589 1465; x_wconf 90' lang='lat' dir='ltr'><strong>inquit</strong></span> <span class='ocrx_word' id='word_1_688' title='bbox 1604 1451 1611 1462; x_wconf 90' lang='lat'><strong>,</strong></span> <span class='ocrx_word' id='word_1_689' title='bbox 1624 1430 1727 1466; x_wconf 87' lang='lat' dir='ltr'><strong>juvenis</strong></span> <span class='ocrx_word' id='word_1_690' title='bbox 1750 1430 1825 1463; x_wconf 81' lang='lat' dir='ltr'><strong>seni,</strong></span> 
     </span>
    </p>
   </div>
   <div class='ocr_carea' id='block_1_92' title="bbox 1032 1475 1825 1512">
    <p class='ocr_par' dir='ltr' id='par_1_92' title="bbox 1032 1475 1825 1512">
     <span class='ocr_line' id='line_1_92' title="bbox 1032 1475 1825 1512; baseline -0.004 -7"><span class='ocrx_word' id='word_1_691' title='bbox 1032 1477 1182 1512; x_wconf 82' lang='lat' dir='ltr'><strong>despiciet,</strong></span> <span class='ocrx_word' id='word_1_692' title='bbox 1206 1479 1357 1503; x_wconf 90' lang='lat' dir='ltr'><strong>contemnet</strong></span> <span class='ocrx_word' id='word_1_693' title='bbox 1383 1475 1466 1502; x_wconf 89' lang='lat' dir='ltr'><strong>illum.</strong></span> <span class='ocrx_word' id='word_1_694' title='bbox 1493 1475 1556 1502; x_wconf 78' lang='lat' dir='ltr'><strong>ll:rc</strong></span> <span class='ocrx_word' id='word_1_695' title='bbox 1582 1475 1659 1502; x_wconf 86' lang='lat' dir='ltr'><strong>ctiam</strong></span> <span class='ocrx_word' id='word_1_696' title='bbox 1685 1481 1825 1510; x_wconf 87' lang='lat' dir='ltr'><strong>antequam</strong></span> 
     </span>
    </p>
   </div>
   <div class='ocr_carea' id='block_1_93' title="bbox 1034 1519 1826 1556">
    <p class='ocr_par' dir='ltr' id='par_1_93' title="bbox 1034 1519 1826 1556">
     <span class='ocr_line' id='line_1_93' title="bbox 1034 1519 1826 1556; baseline -0.003 -7"><span class='ocrx_word' id='word_1_697' title='bbox 1034 1521 1131 1550; x_wconf 88' lang='lat' dir='ltr'><strong>bellum</strong></span> <span class='ocrx_word' id='word_1_698' title='bbox 1155 1522 1264 1548; x_wconf 66' lang='lat' dir='ltr'><strong>itutaret</strong></span> <span class='ocrx_word' id='word_1_699' title='bbox 1283 1519 1377 1556; x_wconf 88' lang='lat' dir='ltr'><strong>quovis</strong></span> <span class='ocrx_word' id='word_1_700' title='bbox 1392 1520 1463 1547; x_wconf 88' lang='lat' dir='ltr'><strong>bello</strong></span> <span class='ocrx_word' id='word_1_701' title='bbox 1482 1520 1601 1554; x_wconf 81' lang='lat' dir='ltr'><strong>graviora</strong></span> <span class='ocrx_word' id='word_1_702' title='bbox 1616 1524 1701 1547; x_wconf 88' lang='lat' dir='ltr'><strong>erant.</strong></span> <span class='ocrx_word' id='word_1_703' title='bbox 1716 1521 1826 1554; x_wconf 84' lang='lat' dir='ltr'><strong>Quando</strong></span> 
     </span>
    </p>
   </div>
   <div class='ocr_carea' id='block_1_94' title="bbox 1033 1566 1826 1601">
    <p class='ocr_par' dir='ltr' id='par_1_94' title="bbox 1033 1566 1826 1601">
     <span class='ocr_line' id='line_1_94' title="bbox 1033 1566 1826 1601; baseline -0.004 -5"><span class='ocrx_word' id='word_1_704' title='bbox 1033 1569 1103 1596; x_wconf 83' lang='lat' dir='ltr'><strong>enirn</strong></span> <span class='ocrx_word' id='word_1_705' title='bbox 1123 1572 1245 1595; x_wconf 86' lang='lat' dir='ltr'><strong>senectus</strong></span> <span class='ocrx_word' id='word_1_706' title='bbox 1267 1575 1281 1593; x_wconf 91' lang='lat' dir='ltr'><strong>a</strong></span> <span class='ocrx_word' id='word_1_707' title='bbox 1302 1566 1440 1601; x_wconf 88' lang='lat' dir='ltr'><strong>juventute</strong></span> <span class='ocrx_word' id='word_1_708' title='bbox 1462 1566 1634 1593; x_wconf 84' lang='lat' dir='ltr'><strong>iuhonnratur</strong></span> <span class='ocrx_word' id='word_1_709' title='bbox 1646 1587 1654 1599; x_wconf 92' lang='lat'><strong>,</strong></span> <span class='ocrx_word' id='word_1_710' title='bbox 1668 1567 1786 1600; x_wconf 85' lang='lat' dir='ltr'><strong>vilesque</strong></span> <span class='ocrx_word' id='word_1_711' title='bbox 1800 1572 1826 1593; x_wconf 80' lang='lat' dir='ltr'><strong>el</strong></span> 
     </span>
    </p>
   </div>
   <div class='ocr_carea' id='block_1_95' title="bbox 1033 1611 1825 1647">
    <p class='ocr_par' dir='ltr' id='par_1_95' title="bbox 1033 1611 1825 1647">
     <span class='ocr_line' id='line_1_95' title="bbox 1033 1611 1825 1647; baseline -0.004 -7"><span class='ocrx_word' id='word_1_712' title='bbox 1033 1613 1129 1647; x_wconf 88' lang='lat' dir='ltr'><strong>abjecti</strong></span> <span class='ocrx_word' id='word_1_713' title='bbox 1143 1613 1264 1639; x_wconf 86' lang='lat' dir='ltr'><strong>homines</strong></span> <span class='ocrx_word' id='word_1_714' title='bbox 1277 1611 1447 1638; x_wconf 86' lang='lat' dir='ltr'><strong>honorabiles</strong></span> <span class='ocrx_word' id='word_1_715' title='bbox 1461 1611 1533 1646; x_wconf 90' lang='lat' dir='ltr'><strong>prius</strong></span> <span class='ocrx_word' id='word_1_716' title='bbox 1550 1611 1621 1638; x_wconf 90' lang='lat' dir='ltr'><strong>viros</strong></span> <span class='ocrx_word' id='word_1_717' title='bbox 1635 1611 1738 1638; x_wconf 83' lang='lat' dir='ltr'><strong>calcant</strong></span> <span class='ocrx_word' id='word_1_718' title='bbox 1750 1632 1756 1643; x_wconf 93' lang='lat'><strong>,</strong></span> <span class='ocrx_word' id='word_1_719' title='bbox 1772 1619 1825 1638; x_wconf 91' lang='lat' dir='ltr'><strong>non</strong></span> 
     </span>
    </p>
   </div>
   <div class='ocr_carea' id='block_1_96' title="bbox 1034 1655 1825 1691">
    <p class='ocr_par' dir='ltr' id='par_1_96' title="bbox 1034 1655 1825 1691">
     <span class='ocr_line' id='line_1_96' title="bbox 1034 1655 1825 1691; baseline -0.004 -5"><span class='ocrx_word' id='word_1_720' title='bbox 1034 1659 1135 1686; x_wconf 92' lang='lat' dir='ltr'><strong>meliori</strong></span> <span class='ocrx_word' id='word_1_721' title='bbox 1153 1659 1177 1686; x_wconf 88' lang='lat' dir='ltr'><strong>in</strong></span> <span class='ocrx_word' id='word_1_722' title='bbox 1192 1662 1262 1685; x_wconf 85' lang='lat' dir='ltr'><strong>statu</strong></span> <span class='ocrx_word' id='word_1_723' title='bbox 1278 1661 1399 1684; x_wconf 83' lang='lat' dir='ltr'><strong>versatur</strong></span> <span class='ocrx_word' id='word_1_724' title='bbox 1413 1655 1564 1691; x_wconf 87' lang='lat' dir='ltr'><strong>lmjusmodi</strong></span> <span class='ocrx_word' id='word_1_725' title='bbox 1585 1656 1678 1683; x_wconf 87' lang='lat' dir='ltr'><strong>civitas</strong></span> <span class='ocrx_word' id='word_1_726' title='bbox 1690 1676 1697 1689; x_wconf 90' lang='lat'><strong>,</strong></span> <span class='ocrx_word' id='word_1_727' title='bbox 1711 1664 1790 1691; x_wconf 87' lang='lat' dir='ltr'><strong>quam</strong></span> <span class='ocrx_word' id='word_1_728' title='bbox 1804 1657 1825 1683; x_wconf 89' lang='lat' dir='ltr'><strong>si</strong></span> 
     </span>
    </p>
   </div>
   <div class='ocr_carea' id='block_1_97' title="bbox 1035 1702 1826 1738">
    <p class='ocr_par' dir='ltr' id='par_1_97' title="bbox 1035 1702 1826 1738">
     <span class='ocr_line' id='line_1_97' title="bbox 1035 1702 1826 1738; baseline -0.005 -6"><span class='ocrx_word' id='word_1_729' title='bbox 1035 1705 1152 1732; x_wconf 84' lang='lat' dir='ltr'><strong>hariolos</strong></span> <span class='ocrx_word' id='word_1_730' title='bbox 1175 1704 1295 1731; x_wconf 84' lang='lat' dir='ltr'><strong>haberet.</strong></span> <span class='ocrx_word' id='word_1_731' title='bbox 1314 1703 1342 1731; x_wconf 82' lang='lat'><strong>6.</strong></span> <span class='ocrx_word' id='word_1_732' title='bbox 1358 1703 1424 1737; x_wconf 83' lang='lat' dir='ltr'><strong>Quia</strong></span> <span class='ocrx_word' id='word_1_733' title='bbox 1438 1702 1606 1738; x_wconf 75' lang='lat' dir='ltr'><strong>apprehendat</strong></span> <span class='ocrx_word' id='word_1_734' title='bbox 1627 1703 1701 1729; x_wconf 85' lang='lat' dir='ltr'><strong>homo</strong></span> <span class='ocrx_word' id='word_1_735' title='bbox 1722 1704 1826 1738; x_wconf 74' lang='lat' dir='ltr'><strong>fratrem</strong></span> 
     </span>
    </p>
   </div>
   <div class='ocr_carea' id='block_1_98' title="bbox 1034 1747 1826 1784">
    <p class='ocr_par' dir='ltr' id='par_1_98' title="bbox 1034 1747 1826 1784">
     <span class='ocr_line' id='line_1_98' title="bbox 1034 1747 1826 1784; baseline -0.005 -7"><span class='ocrx_word' id='word_1_736' title='bbox 1034 1759 1107 1778; x_wconf 73' lang='lat' dir='ltr'><strong>sinon</strong></span> <span class='ocrx_word' id='word_1_737' title='bbox 1126 1756 1171 1777; x_wconf 83' lang='lat' dir='ltr'><strong>aut</strong></span> <span class='ocrx_word' id='word_1_738' title='bbox 1187 1749 1348 1776; x_wconf 80' lang='lat' dir='ltr'><strong>domesticum</strong></span> <span class='ocrx_word' id='word_1_739' title='bbox 1363 1748 1442 1784; x_wconf 73' lang='lat' dir='ltr'><strong>patris</strong></span> <span class='ocrx_word' id='word_1_740' title='bbox 1464 1749 1504 1774; x_wconf 72' lang='lat' dir='ltr'><strong>sui</strong></span> <span class='ocrx_word' id='word_1_741' title='bbox 1524 1748 1608 1774; x_wconf 75' lang='lat' dir='ltr'><strong>dicens</strong></span> <span class='ocrx_word' id='word_1_742' title='bbox 1621 1755 1631 1774; x_wconf 86' lang='lat'><strong><em>:</em></strong></span> <span class='ocrx_word' id='word_1_743' title='bbox 1650 1747 1826 1774; x_wconf 68' lang='lat' dir='ltr'><strong>Vestimenta»:</strong></span> 
     </span>
    </p>
   </div>
   <div class='ocr_carea' id='block_1_99' title="bbox 1035 1792 1823 1830">
    <p class='ocr_par' dir='ltr' id='par_1_99' title="bbox 1035 1792 1823 1830">
     <span class='ocr_line' id='line_1_99' title="bbox 1035 1792 1823 1830; baseline -0.005 -8"><span class='ocrx_word' id='word_1_744' title='bbox 1035 1796 1121 1829; x_wconf 75' lang='lat' dir='ltr'><strong>habes,</strong></span> <span class='ocrx_word' id='word_1_745' title='bbox 1138 1795 1254 1830; x_wconf 78' lang='lat' dir='ltr'><strong>princeps</strong></span> <span class='ocrx_word' id='word_1_746' title='bbox 1267 1799 1349 1821; x_wconf 82' lang='lat' dir='ltr'><strong>noster</strong></span> <span class='ocrx_word' id='word_1_747' title='bbox 1363 1798 1424 1825; x_wconf 75' lang='lat' dir='ltr'><strong>crto,</strong></span> <span class='ocrx_word' id='word_1_748' title='bbox 1439 1798 1463 1820; x_wconf 82' lang='lat' dir='ltr'><strong>et</strong></span> <span class='ocrx_word' id='word_1_749' title='bbox 1477 1792 1546 1819; x_wconf 78' lang='lat' dir='ltr'><strong>cibus</strong></span> <span class='ocrx_word' id='word_1_750' title='bbox 1560 1800 1628 1819; x_wconf 76' lang='lat' dir='ltr'><strong>metu</strong></span> <span class='ocrx_word' id='word_1_751' title='bbox 1642 1793 1688 1819; x_wconf 76' lang='lat' dir='ltr'><strong>sub</strong></span> <span class='ocrx_word' id='word_1_752' title='bbox 1703 1797 1726 1819; x_wconf 86' lang='lat' dir='ltr'><strong>te</strong></span> <span class='ocrx_word' id='word_1_753' title='bbox 1738 1793 1780 1819; x_wconf 71' lang='lat' dir='ltr'><strong>sit.</strong></span> <span class='ocrx_word' id='word_1_754' title='bbox 1797 1792 1823 1818; x_wconf 83' lang='lat'><strong>7.</strong></span> 
     </span>
    </p>
   </div>
   <div class='ocr_carea' id='block_1_100' title="bbox 1036 1838 1826 1876">
    <p class='ocr_par' dir='ltr' id='par_1_100' title="bbox 1036 1838 1826 1876">
     <span class='ocr_line' id='line_1_100' title="bbox 1036 1838 1826 1876; baseline -0.006 -7"><span class='ocrx_word' id='word_1_755' title='bbox 1036 1841 1069 1869; x_wconf 84' lang='lat' dir='ltr'><strong>Et</strong></span> <span class='ocrx_word' id='word_1_756' title='bbox 1084 1841 1236 1876; x_wconf 68' lang='lat' dir='ltr'><strong>respondens</strong></span> <span class='ocrx_word' id='word_1_757' title='bbox 1246 1841 1273 1867; x_wconf 87' lang='lat' dir='ltr'><strong>in</strong></span> <span class='ocrx_word' id='word_1_758' title='bbox 1286 1841 1326 1866; x_wconf 85' lang='lat' dir='ltr'><strong>die</strong></span> <span class='ocrx_word' id='word_1_759' title='bbox 1338 1840 1383 1866; x_wconf 83' lang='lat' dir='ltr'><strong>illa</strong></span> <span class='ocrx_word' id='word_1_760' title='bbox 1400 1839 1464 1866; x_wconf 82' lang='lat' dir='ltr'><strong>dicet</strong></span> <span class='ocrx_word' id='word_1_761' title='bbox 1476 1847 1485 1866; x_wconf 94' lang='lat'><em>:</em></span> <span class='ocrx_word' id='word_1_762' title='bbox 1497 1838 1556 1866; x_wconf 87' lang='lat' dir='ltr'><strong>Non</strong></span> <span class='ocrx_word' id='word_1_763' title='bbox 1569 1847 1612 1866; x_wconf 86' lang='lat' dir='ltr'><strong>cro</strong></span> <span class='ocrx_word' id='word_1_764' title='bbox 1627 1839 1742 1873; x_wconf 78' lang='lat' dir='ltr'><strong>princeps</strong></span> <span class='ocrx_word' id='word_1_765' title='bbox 1754 1846 1764 1864; x_wconf 64' lang='grc' dir='ltr'><em>ε</em></span> <span class='ocrx_word' id='word_1_766' title='bbox 1776 1846 1826 1864; x_wconf 79' lang='lat' dir='ltr'><strong>non</strong></span> 
     </span>
    </p>
   </div>
   <div class='ocr_carea' id='block_1_101' title="bbox 1035 1883 1826 1920">
    <p class='ocr_par' dir='ltr' id='par_1_101' title="bbox 1035 1883 1826 1920">
     <span class='ocr_line' id='line_1_101' title="bbox 1035 1883 1826 1920; baseline -0.006 -5"><span class='ocrx_word' id='word_1_767' title='bbox 1035 1888 1100 1915; x_wconf 79' lang='lat' dir='ltr'><strong>cnim</strong></span> <span class='ocrx_word' id='word_1_768' title='bbox 1114 1892 1150 1914; x_wconf 85' lang='lat' dir='ltr'><strong>est</strong></span> <span class='ocrx_word' id='word_1_769' title='bbox 1170 1888 1196 1914; x_wconf 85' lang='lat' dir='ltr'><strong>in</strong></span> <span class='ocrx_word' id='word_1_770' title='bbox 1216 1888 1290 1913; x_wconf 90' lang='lat' dir='ltr'><strong>domo</strong></span> <span class='ocrx_word' id='word_1_771' title='bbox 1305 1891 1360 1912; x_wconf 74' lang='lat' dir='ltr'><strong>mea</strong></span> <span class='ocrx_word' id='word_1_772' title='bbox 1379 1885 1452 1920; x_wconf 74' lang='lat' dir='ltr'><strong>panis</strong></span> <span class='ocrx_word' id='word_1_773' title='bbox 1467 1893 1545 1920; x_wconf 76' lang='lat' dir='ltr'><strong>neque</strong></span> <span class='ocrx_word' id='word_1_774' title='bbox 1563 1884 1746 1912; x_wconf 76' lang='lat' dir='ltr'><strong>vestimentum.</strong></span> <span class='ocrx_word' id='word_1_775' title='bbox 1767 1883 1826 1910; x_wconf 69' lang='lat' dir='ltr'><strong>Non</strong></span> 
     </span>
    </p>
   </div>
   <div class='ocr_carea' id='block_1_102' title="bbox 1036 1929 1827 1968">
    <p class='ocr_par' dir='ltr' id='par_1_102' title="bbox 1036 1929 1827 1968">
     <span class='ocr_line' id='line_1_102' title="bbox 1036 1929 1827 1968; baseline -0.006 -8"><span class='ocrx_word' id='word_1_776' title='bbox 1036 1941 1078 1960; x_wconf 84' lang='lat' dir='ltr'><strong>ero</strong></span> <span class='ocrx_word' id='word_1_777' title='bbox 1101 1933 1215 1968; x_wconf 78' lang='lat' dir='ltr'><strong>princeps</strong></span> <span class='ocrx_word' id='word_1_778' title='bbox 1228 1932 1315 1967; x_wconf 84' lang='lat' dir='ltr'><strong>populi</strong></span> <span class='ocrx_word' id='word_1_779' title='bbox 1330 1931 1415 1966; x_wconf 71' lang='lat' dir='ltr'><strong>hujus.</strong></span> <span class='ocrx_word' id='word_1_780' title='bbox 1429 1930 1476 1957; x_wconf 81' lang='lat' dir='ltr'><strong>Hic</strong></span> <span class='ocrx_word' id='word_1_781' title='bbox 1496 1930 1560 1957; x_wconf 92' lang='lat' dir='ltr'><strong>mihi</strong></span> <span class='ocrx_word' id='word_1_782' title='bbox 1575 1929 1679 1957; x_wconf 87' lang='lat' dir='ltr'><strong>videtur</strong></span> <span class='ocrx_word' id='word_1_783' title='bbox 1696 1934 1742 1956; x_wconf 88' lang='lat' dir='ltr'><strong>aut</strong></span> <span class='ocrx_word' id='word_1_784' title='bbox 1756 1929 1827 1956; x_wconf 84' lang='lat' dir='ltr'><strong>obsi-</strong></span> 
     </span>
    </p>
   </div>
   <div class='ocr_carea' id='block_1_103' title="bbox 1036 1975 1826 2013">
    <p class='ocr_par' dir='ltr' id='par_1_103' title="bbox 1036 1975 1826 2013">
     <span class='ocr_line' id='line_1_103' title="bbox 1036 1975 1826 2013; baseline -0.005 -7"><span class='ocrx_word' id='word_1_785' title='bbox 1036 1979 1141 2006; x_wconf 86' lang='lat' dir='ltr'><strong>dionem</strong></span> <span class='ocrx_word' id='word_1_786' title='bbox 1157 1979 1271 2013; x_wconf 88' lang='lat' dir='ltr'><strong>aliquam</strong></span> <span class='ocrx_word' id='word_1_787' title='bbox 1291 1977 1473 2012; x_wconf 76' lang='lat' dir='ltr'><strong>gravissimam</strong></span> <span class='ocrx_word' id='word_1_788' title='bbox 1488 1976 1666 2008; x_wconf 84' lang='lat' dir='ltr'><strong>subindicare,</strong></span> <span class='ocrx_word' id='word_1_789' title='bbox 1680 1983 1740 2011; x_wconf 67' lang='lat' dir='ltr'><strong>qua:</strong></span> <span class='ocrx_word' id='word_1_790' title='bbox 1755 1975 1826 2010; x_wconf 83' lang='lat' dir='ltr'><strong>ipsos</strong></span> 
     </span>
    </p>
   </div>
   <div class='ocr_carea' id='block_1_104' title="bbox 1036 2021 1825 2056">
    <p class='ocr_par' dir='ltr' id='par_1_104' title="bbox 1036 2021 1825 2056">
     <span class='ocr_line' id='line_1_104' title="bbox 1036 2021 1825 2056; baseline -0.008 -3"><span class='ocrx_word' id='word_1_791' title='bbox 1036 2025 1062 2053; x_wconf 92' lang='lat' dir='ltr'><strong>in</strong></span> <span class='ocrx_word' id='word_1_792' title='bbox 1078 2030 1223 2052; x_wconf 82' lang='lat' dir='ltr'><strong>extremam</strong></span> <span class='ocrx_word' id='word_1_793' title='bbox 1247 2023 1431 2050; x_wconf 87' lang='lat' dir='ltr'><strong>necessitatem</strong></span> <span class='ocrx_word' id='word_1_794' title='bbox 1456 2021 1661 2056; x_wconf 76' lang='lat' dir='ltr'><strong>redegerit;aut</strong></span> <span class='ocrx_word' id='word_1_795' title='bbox 1675 2021 1734 2048; x_wconf 91' lang='lat' dir='ltr'><strong>sine</strong></span> <span class='ocrx_word' id='word_1_796' title='bbox 1754 2021 1825 2048; x_wconf 86' lang='lat' dir='ltr'><strong>obsi-</strong></span> 
     </span>
    </p>
   </div>
   <div class='ocr_carea' id='block_1_105' title="bbox 1036 2067 1825 2104">
    <p class='ocr_par' dir='ltr' id='par_1_105' title="bbox 1036 2067 1825 2104">
     <span class='ocr_line' id='line_1_105' title="bbox 1036 2067 1825 2104; baseline -0.006 -6"><span class='ocrx_word' id='word_1_797' title='bbox 1036 2071 1115 2098; x_wconf 90' lang='lat' dir='ltr'><strong>dione</strong></span> <span class='ocrx_word' id='word_1_798' title='bbox 1126 2070 1225 2097; x_wconf 85' lang='lat' dir='ltr'><strong>famem</strong></span> <span class='ocrx_word' id='word_1_799' title='bbox 1240 2068 1380 2104; x_wconf 84' lang='lat' dir='ltr'><strong>quamdam</strong></span> <span class='ocrx_word' id='word_1_800' title='bbox 1393 2067 1596 2100; x_wconf 85' lang='lat' dir='ltr'><strong>intolerabilem,</strong></span> <span class='ocrx_word' id='word_1_801' title='bbox 1607 2067 1769 2102; x_wconf 86' lang='lat' dir='ltr'><strong>multamque</strong></span> <span class='ocrx_word' id='word_1_802' title='bbox 1783 2074 1825 2093; x_wconf 88' lang='lat' dir='ltr'><strong>re-</strong></span> 
     </span>
    </p>
   </div>
   <div class='ocr_carea' id='block_1_106' title="bbox 1037 2111 1828 2149">
    <p class='ocr_par' dir='ltr' id='par_1_106' title="bbox 1037 2111 1828 2149">
     <span class='ocr_line' id='line_1_106' title="bbox 1037 2111 1828 2149; baseline -0.008 -5"><span class='ocrx_word' id='word_1_803' title='bbox 1037 2124 1094 2144; x_wconf 91' lang='lat' dir='ltr'><strong>rum</strong></span> <span class='ocrx_word' id='word_1_804' title='bbox 1102 2116 1311 2143; x_wconf 83' lang='lat' dir='ltr'><strong>necessariarum</strong></span> <span class='ocrx_word' id='word_1_805' title='bbox 1321 2113 1468 2149; x_wconf 88' lang='lat' dir='ltr'><strong>penuriam.</strong></span> <span class='ocrx_word' id='word_1_806' title='bbox 1479 2112 1546 2140; x_wconf 88' lang='lat' dir='ltr'><strong>Usus</strong></span> <span class='ocrx_word' id='word_1_807' title='bbox 1553 2117 1594 2140; x_wconf 90' lang='lat' dir='ltr'><strong>est</strong></span> <span class='ocrx_word' id='word_1_808' title='bbox 1603 2111 1828 2139; x_wconf 82' lang='lat' dir='ltr'><strong>autemcommuni</strong></span> 
     </span>
    </p>
   </div>
   <div class='ocr_carea' id='block_1_107' title="bbox 1037 2157 1828 2197">
    <p class='ocr_par' dir='ltr' id='par_1_107' title="bbox 1037 2157 1828 2197">
     <span class='ocr_line' id='line_1_107' title="bbox 1037 2157 1828 2197; baseline -0.008 -8"><span class='ocrx_word' id='word_1_809' title='bbox 1037 2161 1162 2197; x_wconf 91' lang='lat' dir='ltr'><strong>loquendi</strong></span> <span class='ocrx_word' id='word_1_810' title='bbox 1186 2159 1376 2187; x_wconf 89' lang='lat' dir='ltr'><strong>consuetutlinc</strong></span> <span class='ocrx_word' id='word_1_811' title='bbox 1397 2167 1404 2185; x_wconf 94' lang='lat'>:</span> <span class='ocrx_word' id='word_1_812' title='bbox 1425 2163 1451 2185; x_wconf 89' lang='lat' dir='ltr'><strong>et</strong></span> <span class='ocrx_word' id='word_1_813' title='bbox 1474 2158 1542 2185; x_wconf 90' lang='lat' dir='ltr'><strong>sicut</strong></span> <span class='ocrx_word' id='word_1_814' title='bbox 1565 2157 1639 2184; x_wconf 88' lang='lat' dir='ltr'><strong>multi</strong></span> <span class='ocrx_word' id='word_1_815' title='bbox 1664 2157 1777 2184; x_wconf 79' lang='lat' dir='ltr'><strong>dicunt:</strong></span> <span class='ocrx_word' id='word_1_816' title='bbox 1799 2157 1828 2183; x_wconf 87' lang='lat' dir='ltr'><strong>Si</strong></span> 
     </span>
    </p>
   </div>
   <div class='ocr_carea' id='block_1_108' title="bbox 1036 2202 1830 2242">
    <p class='ocr_par' dir='ltr' id='par_1_108' title="bbox 1036 2202 1830 2242">
     <span class='ocr_line' id='line_1_108' title="bbox 1036 2202 1830 2242; baseline -0.009 -7"><span class='ocrx_word' id='word_1_817' title='bbox 1036 2208 1202 2242; x_wconf 76' lang='lat' dir='ltr'><strong>contingeret</strong></span> <span class='ocrx_word' id='word_1_818' title='bbox 1215 2206 1307 2233; x_wconf 89' lang='lat' dir='ltr'><strong>urbem</strong></span> <span class='ocrx_word' id='word_1_819' title='bbox 1324 2209 1404 2231; x_wconf 73' lang='lat' dir='ltr'><strong>totam</strong></span> <span class='ocrx_word' id='word_1_820' title='bbox 1418 2203 1498 2231; x_wconf 91' lang='lat' dir='ltr'><strong>obolo</strong></span> <span class='ocrx_word' id='word_1_821' title='bbox 1516 2202 1688 2235; x_wconf 87' lang='lat' dir='ltr'><strong>venumdari,</strong></span> <span class='ocrx_word' id='word_1_822' title='bbox 1703 2209 1755 2230; x_wconf 89' lang='lat' dir='ltr'><strong>non</strong></span> <span class='ocrx_word' id='word_1_823' title='bbox 1770 2209 1830 2237; x_wconf 86' lang='lat' dir='ltr'><strong>pes-</strong></span> 
     </span>
    </p>
   </div>
   <div class='ocr_carea' id='block_1_109' title="bbox 1037 2250 1828 2284">
    <p class='ocr_par' dir='ltr' id='par_1_109' title="bbox 1037 2250 1828 2284">
     <span class='ocr_line' id='line_1_109' title="bbox 1037 2250 1828 2284; baseline -0.008 -3"><span class='ocrx_word' id='word_1_824' title='bbox 1037 2262 1093 2282; x_wconf 86' lang='lat' dir='ltr'><strong>scm</strong></span> <span class='ocrx_word' id='word_1_825' title='bbox 1108 2254 1178 2281; x_wconf 88' lang='lat' dir='ltr'><strong>illam</strong></span> <span class='ocrx_word' id='word_1_826' title='bbox 1197 2259 1286 2280; x_wconf 89' lang='lat' dir='ltr'><strong>emere</strong></span> <span class='ocrx_word' id='word_1_827' title='bbox 1297 2272 1303 2284; x_wconf 87' lang='lat'><strong>,</strong></span> <span class='ocrx_word' id='word_1_828' title='bbox 1318 2255 1465 2278; x_wconf 82' lang='lat' dir='ltr'><strong>extremam</strong></span> <span class='ocrx_word' id='word_1_829' title='bbox 1480 2250 1519 2277; x_wconf 87' lang='lat' dir='ltr'><strong>sic</strong></span> <span class='ocrx_word' id='word_1_830' title='bbox 1534 2253 1715 2284; x_wconf 87' lang='lat' dir='ltr'><strong>paupertatem</strong></span> <span class='ocrx_word' id='word_1_831' title='bbox 1736 2253 1828 2276; x_wconf 83' lang='lat' dir='ltr'><strong>osten-</strong></span> 
     </span>
    </p>
   </div>
   <div class='ocr_carea' id='block_1_110' title="bbox 1037 2294 1827 2332">
    <p class='ocr_par' dir='ltr' id='par_1_110' title="bbox 1037 2294 1827 2332">
     <span class='ocr_line' id='line_1_110' title="bbox 1037 2294 1827 2332; baseline -0.009 -5"><span class='ocrx_word' id='word_1_832' title='bbox 1037 2299 1104 2327; x_wconf 89' lang='lat' dir='ltr'><strong>dens</strong></span> <span class='ocrx_word' id='word_1_833' title='bbox 1120 2307 1126 2325; x_wconf 94' lang='lat'>:</span> <span class='ocrx_word' id='word_1_834' title='bbox 1140 2299 1178 2326; x_wconf 87' lang='lat' dir='ltr'><strong>sic</strong></span> <span class='ocrx_word' id='word_1_835' title='bbox 1199 2302 1225 2325; x_wconf 93' lang='lat' dir='ltr'><strong>et</strong></span> <span class='ocrx_word' id='word_1_836' title='bbox 1249 2296 1377 2332; x_wconf 87' lang='lat' dir='ltr'><strong>propheta</strong></span> <span class='ocrx_word' id='word_1_837' title='bbox 1394 2295 1461 2322; x_wconf 86' lang='lat' dir='ltr'><strong>dicit</strong></span> <span class='ocrx_word' id='word_1_838' title='bbox 1476 2304 1483 2322; x_wconf 89' lang='lat'>:</span> <span class='ocrx_word' id='word_1_839' title='bbox 1496 2295 1525 2322; x_wconf 90' lang='lat' dir='ltr'><strong>Si</strong></span> <span class='ocrx_word' id='word_1_840' title='bbox 1548 2294 1710 2329; x_wconf 87' lang='lat' dir='ltr'><strong>principatus</strong></span> <span class='ocrx_word' id='word_1_841' title='bbox 1733 2297 1827 2321; x_wconf 80' lang='lat' dir='ltr'><strong>veneat</strong></span> 
     </span>
    </p>
   </div>
   <div class='ocr_carea' id='block_1_111' title="bbox 1037 2339 1828 2377">
    <p class='ocr_par' dir='ltr' id='par_1_111' title="bbox 1037 2339 1828 2377">
     <span class='ocr_line' id='line_1_111' title="bbox 1037 2339 1828 2377; baseline -0.008 -5"><span class='ocrx_word' id='word_1_842' title='bbox 1037 2345 1196 2372; x_wconf 82' lang='lat' dir='ltr'><strong>vestimento</strong></span> <span class='ocrx_word' id='word_1_843' title='bbox 1210 2351 1262 2370; x_wconf 91' lang='lat' dir='ltr'><strong>uno</strong></span> <span class='ocrx_word' id='word_1_844' title='bbox 1273 2362 1281 2376; x_wconf 89' lang='lat'><strong>,</strong></span> <span class='ocrx_word' id='word_1_845' title='bbox 1294 2347 1338 2369; x_wconf 86' lang='lat' dir='ltr'><strong>aut</strong></span> <span class='ocrx_word' id='word_1_846' title='bbox 1352 2349 1419 2377; x_wconf 86' lang='lat' dir='ltr'><strong>pane</strong></span> <span class='ocrx_word' id='word_1_847' title='bbox 1430 2341 1487 2368; x_wconf 88' lang='lat' dir='ltr'><strong>solo</strong></span> <span class='ocrx_word' id='word_1_848' title='bbox 1497 2361 1504 2373; x_wconf 92' lang='lat'><strong>,</strong></span> <span class='ocrx_word' id='word_1_849' title='bbox 1518 2347 1597 2368; x_wconf 87' lang='lat' dir='ltr'><strong>nemo</strong></span> <span class='ocrx_word' id='word_1_850' title='bbox 1616 2340 1666 2367; x_wconf 88' lang='lat' dir='ltr'><strong>erit</strong></span> <span class='ocrx_word' id='word_1_851' title='bbox 1680 2339 1724 2374; x_wconf 89' lang='lat' dir='ltr'><strong>qui</strong></span> <span class='ocrx_word' id='word_1_852' title='bbox 1738 2343 1809 2366; x_wconf 88' lang='lat' dir='ltr'><strong>emat</strong></span> <span class='ocrx_word' id='word_1_853' title='bbox 1821 2347 1828 2366; x_wconf 72' lang='grc' dir='ltr'>ε</span> 
     </span>
    </p>
   </div>
   <div class='ocr_carea' id='block_1_112' title="bbox 1039 2385 1830 2422">
    <p class='ocr_par' dir='ltr' id='par_1_112' title="bbox 1039 2385 1830 2422">
     <span class='ocr_line' id='line_1_112' title="bbox 1039 2385 1830 2422; baseline -0.009 -4"><span class='ocrx_word' id='word_1_854' title='bbox 1039 2396 1108 2418; x_wconf 84' lang='lat' dir='ltr'><strong>tanta</strong></span> <span class='ocrx_word' id='word_1_855' title='bbox 1120 2397 1208 2418; x_wconf 91' lang='lat' dir='ltr'><strong>rerum</strong></span> <span class='ocrx_word' id='word_1_856' title='bbox 1219 2387 1426 2416; x_wconf 86' lang='lat' dir='ltr'><strong>necessariarum</strong></span> <span class='ocrx_word' id='word_1_857' title='bbox 1442 2386 1549 2422; x_wconf 83' lang='lat' dir='ltr'><strong>penuria</strong></span> <span class='ocrx_word' id='word_1_858' title='bbox 1562 2385 1622 2413; x_wconf 88' lang='lat' dir='ltr'><strong>erit.</strong></span> <span class='ocrx_word' id='word_1_859' title='bbox 1630 2385 1658 2413; x_wconf 85' lang='lat'><strong>8.</strong></span> <span class='ocrx_word' id='word_1_860' title='bbox 1671 2385 1738 2419; x_wconf 80' lang='lat' dir='ltr'><strong>Quia</strong></span> <span class='ocrx_word' id='word_1_861' title='bbox 1748 2385 1830 2412; x_wconf 73' lang='lat' dir='ltr'><strong>diuo-</strong></span> 
     </span>
    </p>
   </div>
   <div class='ocr_carea' id='block_1_113' title="bbox 1039 2432 1829 2466">
    <p class='ocr_par' dir='ltr' id='par_1_113' title="bbox 1039 2432 1829 2466">
     <span class='ocr_line' id='line_1_113' title="bbox 1039 2432 1829 2466; baseline -0.01 -1"><span class='ocrx_word' id='word_1_862' title='bbox 1039 2439 1092 2466; x_wconf 85' lang='lat' dir='ltr'><strong>luta</strong></span> <span class='ocrx_word' id='word_1_863' title='bbox 1111 2442 1147 2465; x_wconf 79' lang='lat' dir='ltr'><strong>est</strong></span> <span class='ocrx_word' id='word_1_864' title='bbox 1161 2436 1302 2463; x_wconf 80' lang='lat' dir='ltr'><strong>Jerusalem</strong></span> <span class='ocrx_word' id='word_1_865' title='bbox 1316 2443 1324 2462; x_wconf 92' lang='lat'><strong><em>:</em></strong></span> <span class='ocrx_word' id='word_1_866' title='bbox 1336 2435 1386 2462; x_wconf 89' lang='lat' dir='ltr'><strong>hoc</strong></span> <span class='ocrx_word' id='word_1_867' title='bbox 1400 2438 1451 2466; x_wconf 91' lang='lat' dir='ltr'><strong>est,</strong></span> <span class='ocrx_word' id='word_1_868' title='bbox 1468 2433 1592 2460; x_wconf 89' lang='lat' dir='ltr'><strong>derelicta</strong></span> <span class='ocrx_word' id='word_1_869' title='bbox 1607 2436 1634 2459; x_wconf 88' lang='lat' dir='ltr'><strong>et</strong></span> <span class='ocrx_word' id='word_1_870' title='bbox 1648 2432 1752 2459; x_wconf 87' lang='lat' dir='ltr'><strong>deserta</strong></span> <span class='ocrx_word' id='word_1_871' title='bbox 1768 2435 1809 2458; x_wconf 82' lang='lat' dir='ltr'><strong>est</strong></span> <span class='ocrx_word' id='word_1_872' title='bbox 1820 2452 1829 2463; x_wconf 87' lang='lat'><strong>,</strong></span> 
     </span>
    </p>
   </div>
   <div class='ocr_carea' id='block_1_114' title="bbox 1040 2478 1830 2519">
    <p class='ocr_par' dir='ltr' id='par_1_114' title="bbox 1040 2478 1830 2519">
     <span class='ocr_line' id='line_1_114' title="bbox 1040 2478 1830 2519; baseline -0.011 -7"><span class='ocrx_word' id='word_1_873' title='bbox 1040 2485 1086 2512; x_wconf 88' lang='lat' dir='ltr'><strong>Dei</strong></span> <span class='ocrx_word' id='word_1_874' title='bbox 1099 2482 1263 2519; x_wconf 84' lang='lat' dir='ltr'><strong>providentia</strong></span> <span class='ocrx_word' id='word_1_875' title='bbox 1281 2480 1423 2508; x_wconf 88' lang='lat' dir='ltr'><strong>denudata.</strong></span> <span class='ocrx_word' id='word_1_876' title='bbox 1440 2479 1474 2505; x_wconf 82' lang='lat' dir='ltr'><strong>Et</strong></span> <span class='ocrx_word' id='word_1_877' title='bbox 1486 2479 1579 2505; x_wconf 66' lang='lat' dir='ltr'><strong>Judwa</strong></span> <span class='ocrx_word' id='word_1_878' title='bbox 1591 2478 1699 2505; x_wconf 84' lang='lat' dir='ltr'><strong>concidit</strong></span> <span class='ocrx_word' id='word_1_879' title='bbox 1711 2485 1720 2504; x_wconf 89' lang='lat'><strong><em>:</em></strong></span> <span class='ocrx_word' id='word_1_880' title='bbox 1730 2481 1830 2512; x_wconf 88' lang='lat' dir='ltr'><strong>pertur-</strong></span> 
     </span>
    </p>
   </div>
   <div class='ocr_carea' id='block_1_115' title="bbox 1039 2523 1831 2563">
    <p class='ocr_par' dir='ltr' id='par_1_115' title="bbox 1039 2523 1831 2563">
     <span class='ocr_line' id='line_1_115' title="bbox 1039 2523 1831 2563; baseline -0.011 -6"><span class='ocrx_word' id='word_1_881' title='bbox 1039 2530 1156 2561; x_wconf 83' lang='lat' dir='ltr'><strong>batione,</strong></span> <span class='ocrx_word' id='word_1_882' title='bbox 1170 2528 1254 2563; x_wconf 93' lang='lat' dir='ltr'><strong>inquit</strong></span> <span class='ocrx_word' id='word_1_883' title='bbox 1266 2548 1273 2560; x_wconf 90' lang='lat'><strong>,</strong></span> <span class='ocrx_word' id='word_1_884' title='bbox 1285 2531 1312 2554; x_wconf 90' lang='lat' dir='ltr'><strong>et</strong></span> <span class='ocrx_word' id='word_1_885' title='bbox 1325 2525 1436 2553; x_wconf 91' lang='lat' dir='ltr'><strong>tumultu</strong></span> <span class='ocrx_word' id='word_1_886' title='bbox 1451 2524 1550 2559; x_wconf 90' lang='lat' dir='ltr'><strong>repleta</strong></span> <span class='ocrx_word' id='word_1_887' title='bbox 1563 2529 1604 2551; x_wconf 88' lang='lat' dir='ltr'><strong>est</strong></span> <span class='ocrx_word' id='word_1_888' title='bbox 1615 2544 1621 2555; x_wconf 92' lang='lat'><strong>,</strong></span> <span class='ocrx_word' id='word_1_889' title='bbox 1638 2523 1793 2550; x_wconf 84' lang='lat' dir='ltr'><strong>confusione</strong></span> <span class='ocrx_word' id='word_1_890' title='bbox 1805 2527 1831 2548; x_wconf 92' lang='lat' dir='ltr'><strong>ct</strong></span> 
     </span>
    </p>
   </div>
   <div class='ocr_carea' id='block_1_116' title="bbox 1039 2567 1830 2607">
    <p class='ocr_par' dir='ltr' id='par_1_116' title="bbox 1039 2567 1830 2607">
     <span class='ocr_line' id='line_1_116' title="bbox 1039 2567 1830 2607; baseline -0.011 -5"><span class='ocrx_word' id='word_1_891' title='bbox 1039 2575 1179 2603; x_wconf 87' lang='lat' dir='ltr'><strong>seditione.</strong></span> <span class='ocrx_word' id='word_1_892' title='bbox 1195 2573 1228 2600; x_wconf 86' lang='lat' dir='ltr'><strong>Et</strong></span> <span class='ocrx_word' id='word_1_893' title='bbox 1243 2573 1336 2607; x_wconf 72' lang='lat' dir='ltr'><strong>lingua:</strong></span> <span class='ocrx_word' id='word_1_894' title='bbox 1348 2579 1433 2598; x_wconf 85' lang='lat' dir='ltr'><strong>eorum</strong></span> <span class='ocrx_word' id='word_1_895' title='bbox 1449 2578 1505 2596; x_wconf 90' lang='lat' dir='ltr'><strong>cum</strong></span> <span class='ocrx_word' id='word_1_896' title='bbox 1519 2569 1651 2604; x_wconf 83' lang='lat' dir='ltr'><strong>iniquitate</strong></span> <span class='ocrx_word' id='word_1_897' title='bbox 1663 2568 1702 2595; x_wconf 72' lang='lat' dir='ltr'><strong>Itis</strong></span> <span class='ocrx_word' id='word_1_898' title='bbox 1714 2575 1771 2602; x_wconf 72' lang='lat' dir='ltr'><strong>qua:</strong></span> <span class='ocrx_word' id='word_1_899' title='bbox 1781 2567 1830 2593; x_wconf 89' lang='lat' dir='ltr'><strong>Do-</strong></span> 
     </span>
    </p>
   </div>
   <div class='ocr_carea' id='block_1_117' title="bbox 1040 2613 1831 2650">
    <p class='ocr_par' dir='ltr' id='par_1_117' title="bbox 1040 2613 1831 2650">
     <span class='ocr_line' id='line_1_117' title="bbox 1040 2613 1831 2650; baseline -0.011 -3"><span class='ocrx_word' id='word_1_900' title='bbox 1040 2620 1101 2647; x_wconf 88' lang='lat' dir='ltr'><strong>mini</strong></span> <span class='ocrx_word' id='word_1_901' title='bbox 1123 2623 1179 2646; x_wconf 77' lang='lat' dir='ltr'><strong>sunt</strong></span> <span class='ocrx_word' id='word_1_902' title='bbox 1204 2626 1254 2645; x_wconf 88' lang='lat' dir='ltr'><strong>non</strong></span> <span class='ocrx_word' id='word_1_903' title='bbox 1275 2617 1454 2650; x_wconf 81' lang='lat' dir='ltr'><strong>obtemperant.</strong></span> <span class='ocrx_word' id='word_1_904' title='bbox 1478 2615 1576 2641; x_wconf 73' lang='lat' dir='ltr'><strong>Deinde</strong></span> <span class='ocrx_word' id='word_1_905' title='bbox 1599 2621 1679 2641; x_wconf 87' lang='lat' dir='ltr'><strong>causa</strong></span> <span class='ocrx_word' id='word_1_906' title='bbox 1701 2613 1831 2640; x_wconf 90' lang='lat' dir='ltr'><strong>malorum</strong></span> 
     </span>
    </p>
   </div>
   <div class='ocr_carea' id='block_1_118' title="bbox 1041 2659 1834 2698">
    <p class='ocr_par' dir='ltr' id='par_1_118' title="bbox 1041 2659 1834 2698">
     <span class='ocr_line' id='line_1_118' title="bbox 1041 2659 1834 2698; baseline -0.011 -5"><span class='ocrx_word' id='word_1_907' title='bbox 1041 2665 1215 2698; x_wconf 86' lang='lat' dir='ltr'><strong>subnectitur,</strong></span> <span class='ocrx_word' id='word_1_908' title='bbox 1226 2664 1321 2698; x_wconf 76' lang='lat' dir='ltr'><strong>lingua:</strong></span> <span class='ocrx_word' id='word_1_909' title='bbox 1333 2661 1543 2696; x_wconf 85' lang='lat' dir='ltr'><strong>intemperantia.</strong></span> <span class='ocrx_word' id='word_1_910' title='bbox 1558 2660 1584 2687; x_wconf 91' lang='lat' dir='ltr'><strong>ld</strong></span> <span class='ocrx_word' id='word_1_911' title='bbox 1599 2659 1670 2694; x_wconf 89' lang='lat' dir='ltr'><strong>quod</strong></span> <span class='ocrx_word' id='word_1_912' title='bbox 1681 2659 1748 2686; x_wconf 85' lang='lat' dir='ltr'><strong>Osee</strong></span> <span class='ocrx_word' id='word_1_913' title='bbox 1758 2666 1834 2685; x_wconf 84' lang='lat' dir='ltr'><strong>coar-</strong></span> 
     </span>
    </p>
   </div>
   <div class='ocr_carea' id='block_1_119' title="bbox 1040 2705 1834 2748">
    <p class='ocr_par' dir='ltr' id='par_1_119' title="bbox 1040 2705 1834 2748">
     <span class='ocr_line' id='line_1_119' title="bbox 1040 2705 1834 2748; baseline -0.011 -8"><span class='ocrx_word' id='word_1_914' title='bbox 1040 2712 1096 2748; x_wconf 80' lang='lat' dir='ltr'><strong>guit</strong></span> <span class='ocrx_word' id='word_1_915' title='bbox 1116 2711 1207 2739; x_wconf 89' lang='lat' dir='ltr'><strong>dicens</strong></span> <span class='ocrx_word' id='word_1_916' title='bbox 1220 2719 1225 2736; x_wconf 87' lang='lat'>:</span> <span class='ocrx_word' id='word_1_917' title='bbox 1238 2707 1363 2745; x_wconf 80' lang='lat' dir='ltr'><strong>Ephrm&#39;m</strong></span> <span class='ocrx_word' id='word_1_918' title='bbox 1379 2708 1405 2735; x_wconf 90' lang='lat' dir='ltr'><strong>in</strong></span> <span class='ocrx_word' id='word_1_919' title='bbox 1423 2707 1551 2734; x_wconf 82' lang='lat' dir='ltr'><strong>interitum</strong></span> <span class='ocrx_word' id='word_1_920' title='bbox 1569 2706 1683 2732; x_wconf 82' lang='lat' dir='ltr'><strong>abierunt</strong></span> <span class='ocrx_word' id='word_1_921' title='bbox 1701 2705 1729 2732; x_wconf 79' lang='lat' dir='ltr'><strong>in</strong></span> <span class='ocrx_word' id='word_1_922' title='bbox 1748 2705 1834 2732; x_wconf 71' lang='lat' dir='ltr'><strong>diebus</strong></span> 
     </span>
    </p>
   </div>
   <div class='ocr_carea' id='block_1_120' title="bbox 1040 2751 1835 2793">
    <p class='ocr_par' dir='ltr' id='par_1_120' title="bbox 1040 2751 1835 2793">
     <span class='ocr_line' id='line_1_120' title="bbox 1040 2751 1835 2793; baseline -0.01 -8"><span class='ocrx_word' id='word_1_923' title='bbox 1040 2757 1245 2793; x_wconf 74' lang='lat' dir='ltr'><strong>redargutionis,‘</strong></span> <span class='ocrx_word' id='word_1_924' title='bbox 1263 2756 1289 2782; x_wconf 85' lang='lat' dir='ltr'><strong>in</strong></span> <span class='ocrx_word' id='word_1_925' title='bbox 1321 2755 1433 2781; x_wconf 70' lang='lat' dir='ltr'><strong>tribubus</strong></span> <span class='ocrx_word' id='word_1_926' title='bbox 1457 2752 1540 2780; x_wconf 80' lang='lat' dir='ltr'><strong>ltracl</strong></span> <span class='ocrx_word' id='word_1_927' title='bbox 1564 2751 1662 2779; x_wconf 72' lang='lat' dir='ltr'><strong>ostendi</strong></span> <span class='ocrx_word' id='word_1_928' title='bbox 1685 2751 1736 2786; x_wconf 80' lang='lat' dir='ltr'><strong>ﬁde</strong></span> <span class='ocrx_word' id='word_1_929' title='bbox 1758 2752 1835 2786; x_wconf 79' lang='lat' dir='ltr'><strong>digna</strong></span> 
     </span>
    </p>
   </div>
   <div class='ocr_carea' id='block_1_121' title="bbox 1042 2795 1832 2840">
    <p class='ocr_par' dir='ltr' id='par_1_121' title="bbox 1042 2795 1832 2840">
     <span class='ocr_line' id='line_1_121' title="bbox 1042 2795 1832 2840; baseline -0.014 -9"><span class='ocrx_word' id='word_1_930' title='bbox 1042 2803 1118 2840; x_wconf 76' lang='lat' dir='ltr'><strong>(Osee</strong></span> <span class='ocrx_word' id='word_1_931' title='bbox 1131 2803 1157 2831; x_wconf 84' lang='lat'><strong>5.</strong></span> <span class='ocrx_word' id='word_1_932' title='bbox 1173 2801 1200 2838; x_wconf 90' lang='grc'>9)</span> <span class='ocrx_word' id='word_1_933' title='bbox 1215 2810 1222 2834; x_wconf 84' lang='grc'>;</span> <span class='ocrx_word' id='word_1_934' title='bbox 1238 2805 1266 2829; x_wconf 90' lang='lat' dir='ltr'><strong>et</strong></span> <span class='ocrx_word' id='word_1_935' title='bbox 1279 2799 1421 2827; x_wconf 87' lang='lat' dir='ltr'><strong>Malachias</strong></span> <span class='ocrx_word' id='word_1_936' title='bbox 1441 2798 1533 2826; x_wconf 87' lang='lat' dir='ltr'><strong>eadem</strong></span> <span class='ocrx_word' id='word_1_937' title='bbox 1554 2797 1650 2824; x_wconf 88' lang='lat' dir='ltr'><strong>iterum</strong></span> <span class='ocrx_word' id='word_1_938' title='bbox 1669 2798 1734 2826; x_wconf 85' lang='lat' dir='ltr'><strong>dicit.</strong></span> <span class='ocrx_word' id='word_1_939' title='bbox 1748 2805 1754 2823; x_wconf 90' lang='lat'><strong>:</strong></span> <span class='ocrx_word' id='word_1_940' title='bbox 1769 2795 1832 2822; x_wconf 82' lang='lat' dir='ltr'><strong>Pro-</strong></span> 
     </span>
    </p>
   </div>
   <div class='ocr_carea' id='block_1_122' title="bbox 1044 2842 1837 2887">
    <p class='ocr_par' dir='ltr' id='par_1_122' title="bbox 1044 2842 1837 2887">
     <span class='ocr_line' id='line_1_122' title="bbox 1044 2842 1837 2887; baseline -0.01 -11"><span class='ocrx_word' id='word_1_941' title='bbox 1044 2853 1124 2887; x_wconf 73' lang='lat' dir='ltr'><strong>pheta‘</strong></span> <span class='ocrx_word' id='word_1_942' title='bbox 1132 2849 1309 2886; x_wconf 76' lang='lat' dir='ltr'><strong>(&#39;.&#39;t‘pt‘0bt&#39;ttnle5</strong></span> <span class='ocrx_word' id='word_1_943' title='bbox 1322 2845 1352 2873; x_wconf 83' lang='lat' dir='ltr'><strong>iis</strong></span> <span class='ocrx_word' id='word_1_944' title='bbox 1360 2845 1402 2881; x_wconf 85' lang='lat' dir='ltr'><strong>qui</strong></span> <span class='ocrx_word' id='word_1_945' title='bbox 1411 2848 1604 2880; x_wconf 61' lang='lat' dir='ltr'><strong>prouocauerunt</strong></span> <span class='ocrx_word' id='word_1_946' title='bbox 1614 2842 1694 2870; x_wconf 75' lang='lat' dir='ltr'><strong>Deum</strong></span> <span class='ocrx_word' id='word_1_947' title='bbox 1706 2842 1730 2868; x_wconf 90' lang='lat' dir='ltr'><strong>in</strong></span> <span class='ocrx_word' id='word_1_948' title='bbox 1743 2853 1748 2869; x_wconf 83' lang='lat'><em>:</em></span> <span class='ocrx_word' id='word_1_949' title='bbox 1755 2850 1807 2869; x_wconf 81' lang='lat' dir='ltr'><strong>erm</strong></span> <span class='ocrx_word' id='word_1_950' title='bbox 1813 2850 1837 2869; x_wconf 72' lang='grc' dir='ltr'><strong>τ)-</strong></span> 
     </span>
    </p>
   </div>
  </div>
