2068 3130
234 163 269 190 43
870 163 900 192 IN
921 163 1015 192 IS.\IAI

1068 164 1139 191 CM‘.
1163 164 1206 192 Ill.
1843 166 1875 190 ιίιὶ

230 223 303 249 nibus
319 221 366 258 (a).
383 221 417 248 Et
438 221 538 248 dixistis
551 229 559 248 :
571 221 601 248 In
617 229 666 256 quo
686 221 874 255 prorocut'itnus
897 221 975 248 cum?
989 221 1023 248 In

228 275 258 293 co
278 267 345 302 quod
367 267 468 294 dicitis:
481 267 570 294 Omnis
589 268 631 302 qui
645 267 705 303 facit
720 267 831 300 malum,
846 267 924 294 bonus
942 272 978 294 est
997 267 1024 294 in

227 318 363 348 conspectu
376 313 490 346 Domini,
505 318 529 340 ct
548 313 573 340 in
586 313 622 340 eis
642 314 699 347 ipse
714 313 760 339 sibi
777 313 837 340 bene
860 313 1021 347 complacuit.

229 359 262 385 Et
282 359 325 385 ubi
339 363 374 386 est
388 358 457 386 Deus
469 359 578 394 justitiw
590 359 599 394 (
612 358 676 386 Mat.
692 359 718 385 2.
735 359 809 393 t7)?
823 359 860 386 De
878 359 929 386 hoc
951 364 1023 386 certe

228 411 256 433 et
288 406 346 441 ipse
369 411 478 441 accusat
492 427 500 439 ,
526 405 622 440 duplex
647 405 784 440 proferens
806 406 930 439 crimen,
952 405 1022 441 quod

229 462 282 480 non
306 453 393 480 solum
415 460 468 480 non
491 453 698 487 obtemperent,
713 446 762 480 nec
783 453 869 480 solum
892 458 1024 488 transgre-

230 499 336 526 diuulut'
349 499 433 534 legem
447 507 453 531 ;
468 507 527 526 cum
542 498 656 526 debeant
675 499 724 526 hac
747 498 780 526 de
802 507 831 526 re
853 499 951 533 pudore
966 499 1022 526 sul-

230 546 303 574 fundi
327 551 404 581 atque
427 545 603 579 erubescere,
619 553 678 573 sese
700 545 798 573 abdere
813 549 839 573 et
857 550 934 580 caput
949 545 1024 572 incli-

231 599 312 622 nare;
332 591 367 618 illi
389 591 476 626 priora
500 591 668 619 accumulare
691 591 873 622 contemlunt,
891 598 940 617 ncc
958 591 1023 618 satis

229 637 358 671 habentes
371 642 502 672 praecepta
518 637 686 672 transgredi,
703 644 816 666 onerosa
837 645 941 673 quoque
961 645 1022 672 pro-

229 683 317 711 ferunt
329 682 409 710 verba
422 692 429 710 :
441 683 513 711 velut
530 683 644 711 famulus
662 684 792 719 quispiam
813 684 965 719 improbus,
977 685 1021 720 qui

228 727 286 755 heri
305 728 427 755 mandata
443 729 648 763 prastermittens
659 749 666 762 ,
683 729 717 756 ad
735 729 792 756 ha:c
806 730 885 757 etiam
903 729 1021 757 insolen-

229 780 269 802 ter
290 775 354 810 agit.
368 773 395 802 9.
412 774 514 802 Idcirco
535 783 601 802 nunc
616 775 749 803 humilium
761 781 796 803 est
815 776 897 811 gloria
908 777 963 812 ejus
975 797 982 810 ,
998 781 1021 804 et

227 822 344 857 cenfusio
362 822 437 858 [aciei
457 822 512 857 ejus
534 822 626 849 resistit
649 822 695 850 eis.
711 822 811 850 Rursus
836 822 923 850 futura
946 823 1020 858 quasi

228 870 362 905 pranerita
374 869 450 903 dixit,
465 874 590 897 consueta
605 877 667 897 usus
682 870 828 905 prophetia:
843 870 913 905 lege.
928 870 986 898 llun
998 870 1016 898 i-

227 915 362 942 liationem
377 918 465 942 autem
478 914 570 949 gloria:
583 915 760 950 captivitatem
775 920 861 944 vocat.
877 915 934 943 Non
950 916 1019 943 en‘m

228 961 342 996 vulgaris
360 960 474 988 infamim
489 966 546 988 erat
557 982 566 994 ,
580 968 627 988 eos
640 962 684 996 qui
705 969 796 997 regum
811 962 884 989 orbis
898 962 1019 990 ordinem

178 1013 182 1017 '
229 1011 358 1038 tenerent.
372 1006 523 1034 hominibus
536 1007 654 1042 profanis
666 1012 693 1035 et
705 1007 824 1036 barbaris
838 1008 943 1043 subjici.
955 1008 1020 1036 (Ion-

228 1052 359 1080 l'usionem
372 1059 436 1080 vero
453 1052 542 1080 vultus
555 1053 598 1080 hic
616 1057 693 1080 vocat
708 1061 766 1080 eam
780 1074 787 1087 ,
801 1062 861 1088 qua:
875 1062 890 1081 a
905 1055 1020 1089 peccatis

228 1098 321 1125 oritur.
336 1097 409 1126 Talis
428 1098 526 1134 quippe
544 1102 603 1126 erat
621 1105 712 1126 eorum
731 1099 796 1127 vita.
808 1099 875 1126 Cum
897 1100 968 1127 enim
990 1107 1020 1127 se

228 1145 301 1179 prius
312 1144 519 1172 dedecorassent
532 1152 579 1179 per
592 1149 664 1180 gesta
677 1153 735 1179 sua,
752 1145 812 1173 ideo
825 1146 894 1174 Deus
909 1154 922 1172 a
935 1146 1018 1181 gloria

228 1197 274 1216 sua
294 1189 354 1216 illos
368 1189 464 1224 du-jecit
476 1210 483 1221 .
497 1189 592 1218 leviori
607 1190 714 1218 tradens
727 1192 855 1226 supplicio
867 1212 874 1224 ,
891 1199 969 1227 quam
993 1192 1018 1220 id

227 1235 299 1270 quod
315 1236 365 1270 ipsi
379 1236 429 1263 sibi
447 1235 607 1264 indixerant.
621 1236 678 1264 Non
692 1237 762 1264 enim
778 1237 814 1264 ita
830 1237 1019 1272 vituperabiles

228 1286 304 1309 erant
316 1289 376 1310 cum
391 1282 502 1310 alienant
518 1287 616 1310 terram
627 1283 782 1317 incolerent,
796 1291 875 1319 quam
888 1292 948 1311 cum
963 1292 1020 1312 me-

229 1327 351 1362 Iropolim
364 1335 440 1355 suam
455 1328 583 1356 habentes
597 1329 844 1363 pracvaricarentur.
858 1330 932 1357 Tunc
945 1330 1017 1358 enim

227 1382 320 1401 eorum
334 1374 449 1409 nequitia
463 1374 687 1409 comprimebatur
698 1383 706 1402 :
717 1375 744 1403 in
758 1376 842 1412 patria
856 1384 919 1404 vero
934 1377 1018 1412 magis

226 1429 259 1448 ac
271 1421 355 1456 magis
368 1421 522 1456 augebatur.
536 1421 657 1457 Magnum
668 1422 748 1457 igitur
762 1423 812 1450 illis
825 1423 954 1458 propheta
966 1423 1014 1451 do-

227 1472 379 1495 cumentum
396 1467 486 1499 tradit.
503 1468 599 1504 ubique
611 1469 726 1496 suadens
738 1473 767 1497 ut
779 1473 841 1500 ante
860 1470 1017 1505 supplicium

227 1513 371 1548 nequitiam
391 1513 508 1548 fugiant,
523 1522 555 1541 ac
567 1514 668 1549 pudore
681 1514 831 1551 ruboreque
852 1520 995 1544 coerceant
1008 1526 1016 1544 ;

226 1567 280 1588 non
295 1565 432 1595 postquam
444 1561 547 1589 barbari
563 1561 622 1590 illos
636 1566 728 1597 captos
739 1562 879 1596 abducent,
895 1563 940 1591 sed
955 1571 1016 1592 cum

226 1605 326 1639 peccati
338 1606 456 1640 tyrannis
467 1606 527 1633 illos
534 1606 653 1641 captivos
666 1607 773 1640 tenebit.
786 1607 922 1636 Peccatum
933 1615 1017 1637 mrtem

224 1659 307 1683 suum,
319 1655 346 1678 ut
358 1651 385 1678 in
395 1651 524 1685 Sodomis,
535 1653 716 1680 annuntiarunt
725 1658 748 1681 et
758 1653 928 1681 ostenderunt.
941 1655 1016 1690 Quod

224 1704 296 1732 sa'pe
315 1697 390 1731 dixi,
405 1705 476 1726 nunc
497 1699 576 1726 etiam
591 1699 651 1727 dico
665 1708 672 1727 :
685 1700 755 1735 quod
778 1700 907 1736 propheta
921 1710 1016 1737 nempe

225 1742 271 1770 Dei
290 1743 458 1771 clementiam
473 1745 632 1778 ostendens,
647 1753 700 1773 non
715 1753 746 1774 ea
760 1754 818 1781 qua:
834 1748 936 1782 passuri
955 1753 1016 1776 sunt

224 1788 360 1823 przedicat,
382 1790 429 1817 sed
452 1797 483 1818 ea
508 1798 567 1825 quae
581 1791 652 1826 digni
672 1792 776 1820 fuerant
798 1797 826 1820 ut
849 1797 1013 1828 paterentur.

222 1834 334 1862 Peccata
356 1835 454 1870 quippe
474 1836 592 1871 ipsorum
610 1836 806 1866 Sodomitarum
822 1839 927 1874 ﬂagitiis
941 1840 1015 1874 paria

222 1885 308 1914 erant,
324 1881 481 1916 supplicium
492 1887 580 1910 autem
593 1883 686 1911 levius.
697 1884 755 1912 Non
769 1885 840 1915 enim
856 1886 928 1921 ipsos
944 1887 1015 1914 radi-

221 1927 290 1954 citus
311 1928 426 1961 evulsit,
441 1936 527 1964 ueque
547 1936 563 1956 a
584 1929 764 1958 fundamentis
786 1932 878 1960 urbem
891 1933 1010 1967 diruit‘,

222 1980 308 2006 neque
320 1973 446 2008 reliquias
457 1974 563 2008 generis
574 1975 682 2002 delevit.
700 1976 766 2004 lllud
783 1983 870 2006 autem
882 1999 890 2012 ,
905 1979 1013 2007 Annuu-

220 2017 316 2044 tiarunt
329 2023 352 2044 et
373 2019 552 2054 ostenderunt,
566 2020 716 2049 humaniori
736 2031 811 2051 more
832 2024 932 2052 dictum
952 2026 1011 2054 fuit.

220 2061 311 2097 Neque
325 2063 395 2090 enim
411 2064 480 2091 Deus
492 2072 552 2100 qua:
565 2065 634 2093 facta
647 2070 711 2094 sunt
723 2071 784 2096 tunc
793 2068 882 2102 discit,
892 2077 953 2098 cum
968 2071 1011 2099 illa

221 2107 296 2140 ﬁunt,
319 2108 472 2143 (quomodo
492 2111 574 2145 enim,
592 2119 653 2140 eum
676 2111 765 2141 omnia
786 2114 852 2142 sciat
870 2121 1011 2151 antequam

221 2156 327 2191 liam?)
349 2157 396 2185 sed
418 2162 448 2185 ut
465 2159 624 2199 calamitatis
637 2162 847 2198 magnitudinem
869 2165 1010 2200 ostendat,

219 2201 253 2227 ita
269 2201 392 2236 loquutus
403 2208 454 2231 est.
682 2238 684 2240 ,

254 2247 280 2274 5.
296 2247 523 2280 Quemadmodum
533 2251 604 2279 enim
616 2252 680 2280 alibi
693 2252 771 2282 dicit:
786 2255 904 2284 Ascendit
917 2256 1011 2284 clamor

219 2294 323 2322 malitiw
333 2303 420 2323 eorum
433 2297 467 2324 ad
479 2305 519 2325 me
529 2297 604 2333 (Gen.
617 2299 662 2327 18.
676 2300 737 2336 20),
750 2309 803 2329 non
819 2302 901 2330 Deum
916 2304 1010 2338 procul

219 2339 380 2368 habitantem
395 2343 576 2377 constituens,
590 2349 617 2373 et
638 2346 664 2373 in
686 2346 752 2375 caelo
767 2348 988 2378 circumscribens
1001 2371 1008 2385 ,

216 2387 274 2413 lucc
289 2386 373 2420 dicit,
390 2388 437 2416 sed
454 2390 554 2424 peccati
570 2392 778 2427 magnitudinem
797 2394 937 2423 declarans
950 2405 957 2423 :
971 2397 1010 2424 sic

211 2437 239 2459 et
255 2431 307 2460 hoc
321 2433 380 2460 loco
392 2455 400 2466 ,
417 2435 604 2464 Annuntiurunt
615 2457 623 2469 ,
640 2439 764 2474 nequitiac
785 2441 942 2476 gravitatem
963 2450 1009 2470 os-

213 2478 328 2508 tendens
342 2479 416 2508 dicit.
433 2481 546 2510 Leviora
561 2483 633 2511 enim
655 2490 760 2519 peccata
777 2486 859 2514 latere
877 2493 1007 2522 possunt;

210 2525 370 2559 suavissima
390 2531 481 2555 autem
503 2533 530 2556 et
551 2530 666 2557 maxima
680 2532 804 2559 omnibus
821 2538 883 2560 sunt
897 2539 959 2562 nota
981 2540 1009 2563 et

210 2572 357 2606 «auspicua
371 2593 379 2606 ,
395 2574 445 2600 etsi
467 2581 546 2602 nemo
567 2581 673 2604 accuset
686 2577 725 2604 vel
745 2584 844 2614 arguat.
858 2579 916 2614 ipsa
937 2581 1007 2609 enim

215 2624 274 2644 sese
289 2618 448 2646 aunuutiant
469 2624 496 2646 et
516 2620 664 2649 declarant.
679 2622 780 2651 Volens
795 2631 858 2660 ergo
879 2626 1007 2661 propheta

216 2663 425 2697 imgnitudinem
448 2665 578 2694 malorum
593 2668 752 2701 ostendere,
765 2669 830 2698 dixit
843 2691 850 2703 ,
866 2671 1009 2700 Annuntia-

215 2714 272 2735 runt
283 2714 308 2736 ιι
319 2710 493 2746 declararunt,
509 2713 534 2740 id
546 2717 603 2748 est,
618 2714 683 2742 Cum
699 2715 807 2744 audacia
817 2737 824 2751 ,
840 2725 900 2746 cum
915 2726 1009 2754 super-

249 2787 313 2823 '_lla
326 2789 698 2823 vocga,_neque_a_fundamcntis
709 2791 794 2817 urbem
809 2791 903 2823 diruit,
916 2796 1005 2820 desunt

218 2817 241 2841 in
255 2817 314 2848 Reg.
329 2822 356 2850 et
369 2817 513 2846 Savil..'sed
528 2817 650 2845 habentur
662 2822 685 2846 in
701 2823 786 2847 Mere].
800 2827 826 2848 et
842 2817 925 2850 Bavzir:

237 2850 284 2882 '(It)
299 2850 324 2885 l_n
338 2849 455 2885 palacliia
467 2851 557 2881 legitur
567 2859 574 2885 _:
586 2854 608 2885 o_t
621 2854 787 2885 napoE-Jvavrc;
798 2856 838 2879 τὸν
851 2857 909 2879 Θεὸν
921 2849 945 2880 ἐν
955 2857 1003 2885 τοῖς

217 2879 291 2910 λάγοις
300 2881 378 2910 ὑμῶν,
390 2880 433 2911 qui
443 2879 614 2911 proﬁcwvistis
627 2879 701 2909 Deum
714 2884 737 2910 in
749 2879 894 2911 sermonibus
907 2879 999 2912 vestris:

445 2929 456 2938 ς

1078 221 1120 248 hia
1143 229 1236 257 magna
1249 243 1256 256 ,
1272 223 1340 250 mala
1357 225 1544 260 perpetrabant
1567 226 1624 254 sine
1638 226 1692 253 ullo
1709 226 1808 261 pudore
1831 226 1871 254 vel

1077 267 1183 300 rubore;
1199 269 1246 296 sed
1262 269 1295 297 de
1310 269 1438 297 industria
1454 271 1598 306 nequitiam
1614 272 1802 306 operabantur.

1110 313 1225 350 [mprobi
1239 316 1324 342 virtuti
1333 321 1391 343 sunt
1403 317 1505 351 infensi,
1520 318 1646 353 ipsiusque
1659 319 1697 346 uel
1711 319 1871 354 prmetttium

1075 367 1142 395 wgre
1156 363 1257 397 ferunt;
1268 363 1377 396 nequitia
1391 363 1416 389 in
1425 363 1507 398 seipsa
1523 364 1677 399 supplicium
1688 364 1771 391 habet.
1781 379 1811 384 ——
1828 364 1870 391 Vua

1075 407 1168 435 aniqu
1180 416 1277 441 eorum,
1288 409 1346 443 quin
1361 409 1470 436 inierunt
1486 410 1619 438 consilium
1632 411 1770 446 malignum
1784 415 1871 437 contra

1075 453 1230 488 semetipsos,
1246 454 1354 481 dicentes
1369 462 1378 481 :
1393 455 1434 482 10.
1449 455 1588 491 Alligemus
1596 456 1696 491 justum
1709 456 1769 491 quia
1778 456 1869 482 noxius

1075 504 1112 526 ut
1127 499 1205 527 nobis.
1216 500 1407 535 Exsuperautia
1417 501 1552 536 nequitiae,
1563 509 1623 530 cum
1638 510 1690 529 non
1705 501 1793 530 solum
1805 509 1869 536 pec-

1076 550 1136 573 cant
1147 566 1155 578 ,
1173 554 1258 581 neque
1271 547 1357 574 solum
1377 555 1436 575 cum
1457 547 1566 576 audacia
1581 554 1691 584 peccant
1704 569 1711 580 ,
1726 549 1773 577 scd
1788 549 1867 576 etiam

1063 594 1064 597 ‘
1075 597 1122 618 eos
1134 591 1178 625 qui
1190 592 1250 619 talia
1262 593 1404 621 emendare
1419 598 1538 628 possunt,
1547 594 1682 629 rejiciunt.
1695 594 1869 628 Quemadmo-

1074 636 1137 664 dum
1151 637 1222 664 enim
1237 637 1386 672 phrenitide
1400 639 1514 674 correpti
1527 647 1599 674 smpe
1619 640 1751 668 medicum
1771 640 1865 668 verbe-

1075 687 1177 716 rarunt,
1192 683 1231 711 sic
1245 689 1271 711 et
1288 684 1313 711 hi
1329 685 1481 713 iucurabllis
1494 685 1580 713 morbi
1596 686 1741 714 maximum
1757 686 1810 714 hoc
1822 693 1866 713 ar-

1073 734 1228 765 gumentum
1249 731 1408 758 exhibebant
1421 752 1428 764 ,
1444 731 1513 767 quod
1534 732 1620 767 justus
1641 733 1778 767 ejicerent.
1795 733 1866 760 Talis

1074 775 1171 809 quippe
1182 776 1265 802 virtus
1278 781 1319 803 est
1331 785 1337 804 :
1349 776 1389 803 vel
1403 777 1488 804 solum
1498 784 1528 804 se
1538 782 1701 810 monstrans,
1714 778 1739 805 in
1751 777 1866 812 nequitia

1074 820 1206 847 viventem
1221 820 1313 848 dolore
1327 821 1421 849 afﬁcit.
1435 821 1506 849 Talis
1521 818 1562 849 est
1577 823 1694 858 nequitia
1706 831 1713 849 :
1726 830 1759 850 ne
1773 830 1865 857 repre-

1074 865 1155 893 hensa
1179 866 1285 901 quidem
1309 875 1398 902 smpe,
1412 867 1454 895 vel
1475 869 1644 903 prmsentiam
1656 876 1748 896 eormn
1770 869 1815 904 qui
1840 869 1865 895 in

1073 912 1198 947 aequitate
1219 912 1310 939 vivunt
1331 913 1442 940 moleste
1461 912 1523 940 fert.
1538 914 1638 949 Duplex
1652 918 1741 941 autem
1761 914 1806 941 hic
1825 921 1864 942 est

1072 961 1216 992 accusatio,
1227 964 1254 987 et
1266 959 1337 995 quod
1349 959 1450 995 justum
1463 960 1581 996 alligent,
1596 965 1624 988 et
1633 961 1704 996 quod
1718 968 1778 988 eum
1791 960 1864 996 quasi

1073 1006 1180 1033 noxium
1194 1005 1313 1040 alligent.
1328 1005 1440 1039 Quando
1460 1005 1540 1040 igitur
1553 1006 1613 1041 quis
1632 1006 1704 1033 utilia
1717 1014 1770 1033 non
1787 1006 1865 1033 modo

1073 1059 1126 1079 non
1145 1051 1260 1080 admittit
1271 1071 1280 1085 ,
1294 1052 1340 1079 sed
1357 1052 1434 1079 noxia
1447 1052 1496 1080 sibi
1515 1057 1605 1087 putat,
1621 1060 1742 1088 quamam
1757 1053 1864 1080 demum

1072 1099 1229 1134 relinquitur
1251 1099 1444 1126 emendationis
1460 1099 1588 1127 occasio?
1603 1099 1782 1132 Quamobrem
1805 1106 1866 1134 pro—

1073 1145 1152 1179 pheta
1166 1144 1259 1172 videns
1271 1152 1318 1171 eos
1333 1144 1366 1171 ad
1381 1149 1500 1177 extrema
1513 1145 1669 1179 prorupisse
1681 1165 1689 1178 ,
1705 1152 1719 1171 a
1735 1144 1864 1172 lamenta-

1072 1189 1144 1217 tione
1161 1189 1256 1216 iterum
1271 1188 1379 1224 incipit,
1394 1196 1446 1217 non
1461 1189 1495 1217 ab
1509 1190 1679 1217 accusatione
1697 1194 1726 1217 et
1745 1190 1865 1225 increpa-

1072 1235 1144 1262 tione
1155 1256 1162 1268 ,
1177 1235 1269 1262 dicens
1282 1244 1289 1262 :
1307 1235 1349 1263 γω
1361 1236 1453 1263 animat
1465 1244 1552 1263 eorum
1563 1243 1572 1267 ,'
1586 1235 1657 1271 quod
1670 1237 1790 1270 sequitur
1803 1244 1863 1263 cun.

1072 1281 1153 1309 multa
1169 1281 1307 1316 prudentia
1321 1281 1443 1314 additur,
1461 1282 1527 1316 Quia
1537 1282 1647 1309 inierunt
1660 1283 1793 1309 consilium
1809 1291 1864 1309 ma-

1072 1328 1167 1364 lignum
1188 1333 1277 1355 contra
1299 1329 1456 1363 setnetipsos.
1471 1328 1552 1363 Atqui
1571 1336 1603 1356 ea
1617 1336 1678 1364 qua:
1699 1328 1766 1355 facta
1781 1332 1863 1361 sunt,

1071 1373 1194 1401 videntur
1206 1378 1298 1401 contra
1311 1373 1411 1408 justum
1424 1378 1546 1409 suscepta
1560 1381 1620 1401 esse
1632 1382 1638 1400 :
1650 1374 1697 1401 sed
1713 1374 1735 1401 si
1750 1374 1809 1408 quis
1819 1381 1864 1402 ac-

1071 1424 1162 1448 curate
1175 1420 1361 1455 exploraverit,
1371 1428 1425 1447 non
1436 1424 1528 1448 contra
1542 1420 1696 1454 patientem,
1709 1419 1755 1447 sed
1770 1424 1862 1447 contra

1070 1473 1117 1493 eos
1142 1465 1187 1501 qui
1211 1465 1237 1493 id
1257 1466 1478 1501 aggrediebantur
1500 1466 1639 1493 consilium
1664 1466 1786 1505 vertitur.
1815 1465 1863 1492 llic

1069 1511 1196 1539 discimus
1208 1511 1292 1538 virum
1308 1511 1429 1546 prolnnn,
1443 1512 1494 1539 etsi
1507 1516 1632 1543 sexcenta
1645 1512 1713 1539 mala
1729 1511 1842 1546 patiatur
1853 1532 1861 1544 ,

1071 1557 1096 1584 in
1110 1558 1182 1586 nullo
1195 1558 1229 1585 ab
1242 1558 1272 1585 iis
1285 1558 1329 1592 qui
1342 1566 1372 1586 se
1386 1558 1542 1586 adoriuntur
1554 1557 1703 1586 laedendum
1719 1565 1797 1590 esse;
1813 1557 1861 1585 sed

1069 1610 1116 1630 eos
1131 1603 1174 1637 qui
1189 1603 1238 1638 ipsi
1253 1603 1410 1631 insidiantur
1424 1604 1512 1638 potius
1527 1604 1551 1631 in
1565 1604 1668 1637 scipsos
1682 1604 1797 1639 gladium
1812 1604 1861 1630 im-

1069 1650 1193 1684 pulsuros
1205 1656 1281 1680 sese;
1295 1653 1324 1676 ut
1342 1654 1370 1677 ct
1389 1648 1415 1676 Ιιί
1436 1649 1577 1677 faciebant.
1591 1649 1695 1676 Juslum
1710 1649 1780 1676 enim
1795 1649 1861 1676 nihil

1069 1695 1209 1728 Ludebanl,
1219 1703 1278 1723 cum
1287 1696 1433 1731 alligarent,
1440 1695 1487 1724 sed
1495 1696 1598 1731 seipsos
1608 1695 1633 1722 in
1646 1696 1739 1730 majori
1749 1695 1862 1731 caligine

1068 1746 1096 1769 et
1107 1741 1250 1770 solitudine
1262 1742 1465 1773 consumebant.
1473 1742 1536 1769 dum
1550 1742 1684 1769 lucernam
1694 1742 1726 1769 ab
1735 1749 1764 1769 se
1775 1750 1862 1768 remo-

1068 1792 1171 1815 verent.
1194 1787 1277 1823 Igitur
1291 1789 1388 1823 fructus
1401 1796 1506 1823 operum
1518 1796 1621 1815 suorum
1634 1788 1773 1814 comedent.
1789 1787 1861 1815 Talis

1067 1833 1164 1868 quippe
1174 1837 1214 1860 est
1225 1833 1339 1868 nequitia
1352 1842 1359 1860 :
1372 1834 1398 1860 in
1410 1832 1497 1867 seipsa
1510 1833 1667 1868 supplicium
1681 1832 1770 1860 habet.
1785 1832 1860 1866 Quod

1067 1883 1156 1906 autem
1170 1878 1213 1906 hic
1221 1879 1295 1912 dicit,
1306 1878 1357 1906 hoc
1367 1878 1416 1906 sibi
1428 1879 1497 1906 vult:
1508 1878 1646 1905 Fructibus
1656 1878 1710 1906 suis
1722 1878 1859 1905 donahuu-

1067 1928 1121 1956 tur,
1131 1923 1259 1962 ἰιψιικίωῆ
1270 1931 1298 1952 se
1304 1923 1447 1955 solitudine
1453 1923 1658 1957 constituentes,
1667 1923 1801 1958 multaque
1809 1923 1859 1950 sibi

1068 1970 1212 2005 praecipitia
1226 1970 1395 1998 adornantes.
1411 1971 1454 1998 ll.
1473 1970 1514 1998 Vw
1528 1971 1614 2005 iniquo
1626 1979 1635 1998 :
1646 1970 1714 1998 mala
1724 1971 1790 1998 enim
1800 1978 1860 1998 con-

1067 2016 1161 2052 tingent
1170 2017 1193 2043 ei
1205 2017 1344 2047 secundum
1356 2024 1433 2050 opera
1446 2025 1566 2044 manuum
1580 2017 1644 2052 ejus.
1658 2017 1749 2044 Viden‘
1758 2024 1773 2044 a
1783 2017 1860 2044 nobis

1066 2069 1173 2097 semper
1187 2070 1338 2090 mensuram
1357 2067 1382 2090 ct
1396 2063 1471 2090 initia
1484 2063 1606 2098 supplicii
1621 2063 1684 2090 oriri
1696 2063 1707 2089 i
1720 2063 1785 2092 ldeo~
1797 2072 1860 2099 pro—

1066 2107 1144 2142 pheta
1158 2116 1262 2136 rursum
1275 2109 1354 2143 luget.
1365 2109 1524 2137 lamentatur
1532 2117 1645 2144 seseque
1658 2115 1784 2144 macerat,
1797 2111 1858 2146 quia

1065 2153 1148 2181 .Iudzci
1171 2154 1343 2190 sibimetipsis
1363 2155 1554 2183 insidiabantur
1566 2175 1574 2190 ,
1588 2160 1614 2183 ct
1633 2157 1750 2184 atrocius
1776 2148 1856 2192 quam

1064 2200 1175 2235 quilibet
1189 2199 1273 2227 hostis
1285 2201 1396 2228 salutem
1410 2209 1484 2229 suam
1500 2201 1715 2236 pessumdabant,
1727 2210 1780 2237 quo
1794 2203 1858 2238 quid

1065 2245 1242 2272 miserabilius
1265 2245 1361 2272 fuerit?
1377 2245 1421 2273 12.
1436 2246 1535 2281 Popule
1559 2247 1593 2273 mi
1607 2267 1614 2280 ,
1630 2252 1759 2276 exactores
1782 2249 1857 2276 vestri

1064 2291 1190 2318 demetunt
1205 2299 1257 2319 vos.
1273 2291 1370 2326 Optimi
1389 2292 1507 2320 doctoris
1525 2297 1565 2320 est
1575 2314 1582 2326 ,
1597 2294 1729 2321 sermonis
1745 2296 1858 2323 varieta-

1065 2342 1117 2366 tem
1137 2338 1232 2366 allcrre
1243 2359 1250 2371 ,
1267 2346 1353 2374 neque
1373 2346 1532 2375 exasperare
1546 2344 1646 2368 tantum
1658 2361 1664 2373 ,
1679 2349 1765 2375 neque
1775 2342 1858 2369 etiam

1064 2392 1170 2420 semper
1190 2391 1357 2413 mansuetum
1380 2386 1509 2420 reddere;
1522 2386 1569 2414 sed
1594 2395 1664 2414 nunc
1686 2387 1749 2415 illud
1763 2408 1770 2418 .
1787 2396 1856 2415 nunc

1062 2429 1134 2457 aliud
1158 2435 1273 2458 tractare
1291 2430 1414 2465 loquendi
1435 2438 1536 2466 genus,
1554 2436 1582 2459 ut
1599 2439 1632 2459 ex
1656 2432 1706 2460 hac
1727 2433 1854 2462 mixtione

1063 2476 1144 2503 multa
1159 2481 1283 2511 exsurgat
1302 2477 1412 2504 utilitas.
1428 2477 1529 2505 Idcirco
1550 2478 1680 2514 pr0pheta
1703 2487 1756 2508 non
1775 2480 1854 2508 modo

1062 2521 1174 2554 incusat,
1189 2521 1236 2549 sed
1249 2522 1327 2549 etiam
1342 2522 1424 2557 luget,
1435 2523 1504 2558 quod
1515 2525 1622 2559 gravius
1635 2529 1675 2553 est
1690 2525 1747 2559 ipsa
1761 2526 1852 2553 crimi-

1062 2567 1178 2598 natione,
1192 2566 1238 2593 sed
1247 2567 1383 2601 [minorem
1398 2568 1467 2603 parit
1481 2568 1600 2596 dolorem
1613 2578 1620 2596 :
1633 2570 1757 2605 quodque
1771 2571 1854 2599 mira-

1061 2612 1114 2640 bile
1127 2617 1187 2645 est,
1200 2613 1228 2640 in
1245 2613 1367 2648 graviore
1388 2615 1517 2644 incisione
1534 2616 1697 2645 moderatior
1710 2623 1753 2645 est
1765 2617 1850 2645 dolor.

1060 2658 1152 2694 Neque
1165 2659 1251 2687 solum
1267 2660 1346 2695 luget,
1356 2661 1403 2688 sed
1414 2662 1493 2689 etiam
1505 2667 1590 2694 sanat,
1602 2664 1737 2699 aliumque
1747 2672 1850 2692 rursum

1061 2705 1209 2733 mirabilem
1233 2705 1360 2733 doctrina:
1383 2706 1480 2742 ingerit
1500 2708 1619 2736 modum.
1639 2709 1703 2744 Quis
1724 2710 1769 2737 ille
1790 2711 1853 2738 est?

1061 2750 1135 2784 Quod
1151 2759 1202 2778 non
1217 2751 1295 2779 simul
1309 2760 1402 2780 omnes
1416 2754 1542 2788 increpet,
1556 2755 1603 2782 sed
1617 2756 1742 2790 populum
1752 2763 1767 2783 a
1780 2756 1853 2792 prin-

1060 2796 1164 2830 cipibus
1175 2796 1289 2831 dividat,
1305 2803 1332 2825 et
1347 2798 1372 2825 in
1395 2800 1500 2827 illorum
1516 2805 1595 2836 caput
1609 2802 1720 2829 crimina
1737 2810 1852 2830 conver-

1061 2846 1107 2869 tat.
1123 2842 1235 2870 Tantum
1249 2843 1320 2871 enint
1332 2850 1371 2872 est
1388 2846 1412 2872 in
1428 2846 1477 2873 hac
1491 2847 1617 2881 arguendi
1632 2848 1722 2882 specie
1737 2849 1849 2880 lucrum,

1065 2893 1092 2915 ut
1107 2888 1131 2915 id
1147 2887 1251 2924 Moyses
1270 2892 1384 2920 maxime
1397 2894 1578 2929 frcqnentarit.
1592 2895 1616 2923 ls
1629 2894 1699 2923 enim
1711 2904 1772 2923 cum
1786 2903 1845 2923 om—
