2068 3130
204 141 236 168 Π
553 178 562 183 ί
577 144 604 172 S.
625 143 763 171 JOANNlS
776 143 1011 173 CllHYSUSTUMl
1025 144 1183 175 AHCHIEP.
1208 147 1471 179 CONSTANTINOP.

203 211 250 231 nes
262 201 517 231 essentcriminibus
531 200 646 233 obnoxii,
659 201 690 229 ad
704 201 835 237 principes
847 208 997 228 sermonem

201 249 281 276 νι-ι-ιὶι
293 258 300 276 :
314 249 370 283 ipse
385 255 449 275 vero
464 247 568 282 Moyses
583 254 643 274 cum
657 246 722 274 vidit
737 247 862 282 populum
880 247 998 273 maxime

203 293 430 330 prmvaricationis
451 293 532 320 fuisse
545 297 680 319 auctorem
694 313 701 325 ,
717 293 848 318 Aaroncm
864 299 927 319 vero
946 299 997 318 non

200 347 275 369 tanta
298 340 479 375 increpatione
493 340 601 375 dignum
616 347 674 366 esse
687 360 694 372 ,
709 338 825 365 dimissis
848 338 879 365 iis
893 339 937 373 qui
952 338 998 365 ad-

201 387 310 414 modum
331 385 370 413 rei
384 389 470 419 erant,
486 384 519 412 ad
535 385 623 412 minus
638 392 712 411 reutn
729 383 924 410 accusationem
939 391 998 410 ver—

202 434 250 467 tit,
264 440 311 468 per
322 432 435 460 crimina
449 431 498 466 ipsi
513 430 616 466 objecta
631 430 800 458 conscientia:
819 430 937 464 ipsorum
953 437 997 458 rc-

183 485 186 487 '
201 481 325 515 linquens
337 498 344 511 .
360 482 387 505 ut
406 485 435 505 se
450 477 550 512 majore
565 476 695 511 supplicio
715 475 810 510 dignos
827 475 994 510 judicarent:

200 526 272 561 quod
285 526 363 553 etiam
376 524 473 552 evenit.
489 523 578 558 Neque
593 523 663 550 enitn
674 529 740 557 opus
752 521 909 549 ltabttitaliis
921 521 998 549 dein—

200 579 264 606 crps
282 571 450 599 sermonibus
470 569 597 604 populum
613 568 727 603 alloqui;
742 567 788 594 sed
804 567 868 594 satis
889 566 997 594 fuerunt

201 625 285 653 pauca
310 617 354 644 illa
376 616 456 643 verba
480 615 578 642 Aaroni
599 614 668 641 dicta
681 635 687 646 ,
702 617 731 640 ut
755 618 794 641 tot
807 613 904 646 millia,
920 613 997 648 quasi

200 672 282 692 unum
304 663 437 690 hominem
461 661 688 696 comprimerent;
705 664 732 687 et
750 667 765 686 a
789 659 833 686 tali
858 657 997 686 ferocitate

200 712 364 746 audaciaque
379 711 404 738 in
417 717 564 738 extremum
580 709 703 736 timorem
719 715 898 744 angoremque
913 707 996 735 dedu-

164 789 170 795 ,
201 763 303 786 cerent.
316 758 393 792 Quod
404 765 463 785 cum
479 755 637 792 prmviderct
648 755 761 791 Moyses,
778 755 868 782 statim
883 754 996 781 descen-

202 807 266 834 dens
279 805 381 832 tabulas
394 803 519 839 projccit,
532 807 559 829 et
577 802 676 829 Aaroni
689 801 772 829 dixit:
788 800 855 833 Quid
871 800 928 834 fecit
952 798 997 826 tibi

202 851 310 884 dopulus
324 850 364 877 hic
378 871 385 883 ,
401 850 460 885 quia
475 848 556 885 fecisti
570 856 625 875 eum
639 847 761 883 gaudium
774 846 882 873 inimicis
898 845 995 881 (Exod.

202 897 246 924 5-2.
261 896 326 932 ειη

237 942 264 969 6.
280 942 334 969 Iloe
347 946 374 969 et
387 942 429 969 hic
440 941 568 976 propheta
584 940 655 972 facit,
671 943 845 974 sanctumque
860 937 934 966 illum
948 936 998 965 du-

203 987 263 1022 plici
277 987 357 1015 modo
369 988 495 1014 itnitatur.
512 986 570 1013 Non
585 986 656 1013 enim
677 985 763 1011 solum
785 988 850 1011 tunc
862 983 998 1011 accusavit

203 1034 316 1070 Moyses,
331 1033 383 1060 itnn
394 1033 474 1061 etiam
486 1032 600 1060 dolentis
614 1038 755 1066 personam
768 1030 929 1065 assumpsit,
944 1029 997 1056 sic-

202 1088 254 1116 que
266 1079 460 1107 accusationem
476 1078 598 1106 instituit.
613 1077 650 1104 Ita
665 1081 692 1104 ct
703 1076 744 1103 hic
755 1081 897 1110 utrutnque
911 1075 997 1102 imita-

201 1131 244 1153 tus
259 1129 301 1152 est
313 1125 347 1152 diu
357 1132 405 1152 etts
420 1132 427 1150 :
446 1123 545 1157 I‘opule
560 1122 594 1149 mi
606 1143 614 1155 ,
636 1126 763 1148 exactores
777 1121 852 1147 ventri
872 1121 998 1147 demetunt

200 1179 253 1198 vos.
273 1170 339 1197 Nam
354 1175 380 1196 et
397 1169 455 1196 illos
471 1168 602 1195 incusavit
614 1188 621 1201 ,
636 1171 663 1194 et
674 1167 749 1202 quasi
762 1174 823 1194 cunt
838 1166 936 1201 populo
947 1166 997 1193 do-

201 1217 258 1243 lens
275 1215 333 1243 hmc
350 1215 427 1242 dixit.
451 1214 594 1242 Exactores
607 1218 696 1240 autem
717 1212 759 1239 hic
773 1219 869 1239 vocare
884 1211 997 1244 videtur,

201 1269 248 1289 cos
273 1261 317 1297 qui
339 1265 486 1296 repetunt:
502 1267 552 1296 ego
571 1267 633 1287 vero
654 1264 718 1294 puto
738 1258 824 1293 ipsum
839 1263 958 1292 raptores
973 1262 1000 1285 ct

184 1343 192 1349 1
202 1317 299 1337 avaros
312 1316 404 1337 eorum
417 1306 603 1339 Subindicare;
628 1306 669 1333 sin
683 1305 771 1332 minus
787 1304 848 1338 hoc,
863 1309 936 1332 certe
950 1303 999 1331 tri-

171 1347 329 1384 rtbutorum
344 1356 512 1384 collectorcs.
532 1354 580 1381 Hic
599 1353 657 1388 ejus
671 1352 732 1379 vide
747 1351 924 1387 prudentiam.
940 1349 998 1378 Non

204 1404 276 1431 cuitu
290 1411 347 1431 rem
359 1402 501 1437 improbat,
512 1401 559 1429 sed
572 1399 772 1428 immoderatam
786 1399 928 1426 rationem.
941 1397 999 1424 Non

205 1449 303 1485 quippe
316 1448 399 1482 dixit,
412 1447 542 1482 Exigunt,
557 1445 603 1473 sed
614 1466 621 1479 ,
639 1444 770 1472 Demetuut
783 1453 790 1477 ;
814 1443 840 1470 id
855 1447 906 1476 est,
921 1442 973 1470 Vos
985 1450 1000 1470 a

206 1495 373 1523 facultatibus
390 1493 537 1525 denudant,
557 1489 702 1520 exactionis
720 1490 831 1517 obtentu
852 1496 902 1517 vos
914 1487 1002 1515 omni-

207 1542 257 1568 bus
278 1540 403 1576 spoliant.
429 1539 485 1566 Hoc
500 1541 588 1565 autem
608 1536 717 1571 protulit
734 1535 843 1563 verbum
859 1542 892 1562 ex
913 1538 1000 1561 meta-

207 1589 290 1623 phora
301 1585 500 1614 demetenliuln.
516 1584 654 1611 Demetere
665 1582 736 1609 enim
749 1581 846 1608 dicitur
859 1585 918 1615 post
931 1586 1002 1607 mes-

207 1642 265 1662 sem
280 1634 366 1669 lapsas
379 1640 394 1660 ρ
408 1632 529 1659 manibus
543 1629 700 1657 metentittm
714 1628 801 1663 spicas
812 1626 950 1662 colligere,
974 1630 1002 1653 ct

208 1680 273 1708 nihil
288 1679 397 1707 omnino
413 1679 438 1705 in
454 1685 518 1704 arvo
533 1676 682 1711 relinquere
696 1682 704 1702 :
718 1673 789 1709 quod
801 1673 828 1700 hi
844 1679 906 1700 tunc
916 1672 999 1700 facie-

208 1727 282 1759 bant,
296 1726 434 1754 universas
447 1723 583 1751 facultates
595 1721 767 1756 abripientes,
786 1727 818 1746 ac
831 1719 916 1746 nudos
929 1718 1001 1752 ipsos

209 1773 398 1807 relinquentes.
415 1770 449 1797 Et
461 1774 588 1797 exactores
602 1767 765 1794 dominantur
775 1765 859 1793 vestri.
873 1764 1003 1799 Quodque

209 1818 315 1854 gravius
330 1821 395 1849 erat,
420 1822 506 1851 neque
520 1814 563 1841 hic
581 1813 699 1840 avaritia:
719 1811 824 1839 termini
843 1814 929 1842 erant,
955 1808 1003 1836 sed

210 1863 378 1900 tyrannidem
389 1863 456 1890 ultra
469 1860 662 1897 promovebant
672 1880 679 1893 ,
693 1858 812 1886 servituti
832 1856 1003 1892 subjicienlcs

211 1918 257 1939 eos
267 1909 311 1945 qui
327 1909 402 1936 liberi
417 1912 502 1935 erattt.
520 1906 618 1942 Popule
631 1905 666 1932 mi
676 1926 682 1936 ,
696 1905 738 1940 qui
754 1912 797 1930 cos
809 1903 896 1930 dicunt
908 1902 1002 1933 beatos,

211 1955 338 1990 decipiunt
355 1962 418 1980 νος..
429 1953 476 1980 llic
491 1952 556 1979 ntihi
569 1951 671 1978 videtur
686 1947 930 1985 pseudoprophetas
943 1947 1004 1974 sub-

212 2000 344 2032 indicarc,
368 1999 410 2026 Vel
423 2005 470 2026 eos
489 1997 533 2032 qui
554 1996 586 2024 ad
608 1995 719 2031 gratiam
735 1994 800 2029 ipsis
817 1993 1004 2028 loquebantur,

212 2045 282 2081 quod
289 2049 415 2073 extrema:
425 2042 584 2077 corruptelas
597 2041 693 2076 ubique
702 2047 780 2068 causa
795 2043 846 2067 est.
857 2038 1006 2065 Nocumen—

213 2099 269 2122 tum
282 2092 363 2128 igitur
381 2091 443 2119 inde
462 2090 621 2125 proveniens
640 2093 669 2115 ut
682 2087 831 2115 declararet
846 2084 983 2120 subjunxit
998 2093 1004 2110 :

215 2138 248 2166 Et
259 2138 376 2166 semitam
397 2136 489 2172 pedum
511 2140 647 2162 vestrarum
668 2132 769 2159 turbant
785 2140 794 2158 :
810 2132 860 2158 ltoc
874 2134 932 2164 est,
947 2129 1005 2156 Non

213 2185 304 2212 sinunt
314 2187 388 2211 recte
401 2181 534 2218 progredi,
548 2180 732 2207 sttbvcrtcntes
742 2199 750 2211 ,
765 2177 949 2208 dissolvenlcs,
965 2182 1007 2202 se-

213 2230 319 2266 gniores
332 2236 379 2256 vos
394 2227 545 2255 reddentes.

249 2264 368 2310 Deus‘jut
382 2274 468 2301 dicetis
479 2272 510 2299 ab
524 2271 594 2298 Isaia
607 2270 744 2297 inducitur.
761 2268 876 2303 Stupidis
892 2266 1008 2298 accusari

214 2330 265 2349 non
276 2329 366 2357 grave,
383 2319 457 2353 plecti
472 2317 589 2346 terribile.
611 2315 720 2343 Peccata
736 2314 876 2350 pt'inctpum
890 2317 912 2339 et
927 2312 1009 2338 senio-

215 2376 271 2394 rum
292 2367 392 2402 majora
411 2365 567 2401 prioatorum
583 2363 737 2398 peccatis.——
752 2361 794 2388 15.
808 2359 860 2386 Sed
873 2367 938 2386 nunc
949 2366 1009 2385 cou-

215 2414 333 2441 stituctur
346 2411 372 2439 in
381 2411 508 2447 judicium
520 2409 643 2436 Dominus
653 2428 661 2439 ,
675 2412 698 2434 et
709 2412 796 2434 statuet
808 2405 927 2440 populum
935 2412 1009 2431 suum

216 2459 249 2486 ad
260 2457 387 2495 judicium
403 2465 412 2484 :
426 2457 468 2484 u.
482 2457 535 2491 ipse
549 2455 671 2482 Dominus
681 2453 713 2480 ad
727 2453 850 2487 iudicium
863 2451 940 2478 ueniet
954 2458 1010 2477 cum

216 2504 356 2533 senioribus
377 2502 480 2538 populi,
502 2506 525 2529 et
538 2509 594 2527 cum
606 2499 760 2535 principibus
776 2499 899 2533 ipsorum.
917 2495 1011 2524 Adhuc

217 2553 244 2579 in
267 2550 361 2579 eadem
386 2553 487 2585 perstat
510 2546 682 2575 correctionis
703 2553 807 2580 specie,
831 2553 845 2571 a
859 2544 957 2580 populo
977 2543 1010 2570 ad

217 2597 339 2624 seniores
351 2600 379 2624 et
399 2594 433 2622 ad
455 2593 587 2629 principes
612 2591 820 2626 increpationcm
843 2593 960 2620 vertens,
980 2594 1011 2615 ac

220 2649 371 2671 sermOnem
387 2640 502 2668 reddens
516 2639 720 2670 terribiliorem;
745 2637 833 2672 ipsum
850 2642 913 2663 vero
927 2635 1011 2662 Deum

221 2689 321 2718 inducit
329 2688 374 2724 jus
382 2689 514 2717 dicentem
525 2692 552 2715 et
561 2676 784 2714 condeninantem
799 2690 846 2711 :ac
854 2681 887 2709 de
895 2681 1012 2717 peccatis

219 2741 312 2764 contra
325 2735 451 2771 populum
462 2731 622 2770 perpetratis
634 2734 802 2758 accusantem
814 2735 860 2756 eos
870 2728 915 2763 qui
931 2734 1014 2762 popu-

221 2784 275 2811 lum
293 2781 457 2810 lindebant’.
483 2779 660 2814 Quamobrem
682 2777 786 2804 dicebat
801 2785 807 2803 ι
824 2775 857 2803 Et
871 2783 937 2803 nunc
951 2783 1012 2802 con-

255 2864 263 2879 ¹
282 2866 325 2887 Pro
337 2861 422 2890 verbo,
433 2858 563 2888 :mdebunt,
576 2856 644 2882 savii.
653 2856 683 2890 _i_u
696 2858 766 2890 textu
778 2853 1013 2890 elfert.raﬂligcbaut,

223 2903 246 2921 in
260 2885 322 2920 uota
336 2885 421 2917 autem
436 2885 561 2923 proﬁtetur
572 2895 600 2914 se
612 2885 694 2917 malle,
706 2886 878 2918 gubernabunt.

1815 159 1848 185 68

1054 203 1170 231 stituetur
1182 204 1216 236 ad
1226 205 1352 240 judicium
1371 206 1506 235 Dominus.
1532 208 1597 243 Quia
1611 211 1681 238 cnim
1696 215 1847 242 accusando

1053 256 1203 277 sermonem
1216 253 1399 287 consumpsit,
1421 254 1452 281 iis
1468 262 1530 282 vero
1547 256 1592 290 qui
1609 257 1698 285 animo
1711 264 1774 286 sunt
1787 265 1846 287 stu-

1052 295 1113 330 pido
1127 298 1243 325 accusari
1264 306 1316 326 non
1337 299 1479 327 adtnodum
1500 308 1580 336 grave
1600 308 1658 335 est.
1681 305 1766 338 puniri
1782 313 1844 334 vero

1052 343 1168 370 terribile
1181 365 1187 376 ,
1201 344 1254 376 ait,
1273 345 1324 372 lies
1338 353 1391 372 non
1406 346 1432 372 iit
1451 348 1622 375 accusatione
1637 352 1740 376 tantum
1754 351 1840 378 consi-

1051 393 1119 422 stet,
1135 390 1182 417 sed
1203 391 1268 417 ultio
1282 396 1387 426 peccata
1403 398 1540 427 sequetur,
1556 393 1600 420 illo
1615 394 1658 430 qui
1671 395 1845 424 damnaturus

1051 439 1091 462 cst
1105 443 1197 470 poenas
1211 436 1318 464 demum
1331 438 1470 472 exigente,
1486 444 1513 466 et
1533 440 1660 467 adversus
1683 443 1845 475 pracvarica-

1051 486 1122 509 torcs
1141 482 1184 517 jus
1205 483 1319 511 dicente.
1343 484 1418 518 Quod
1437 491 1510 513 certe
1531 488 1778 521 attcmperationem
1799 489 1846 516 Dei

1050 528 1160 555 multam
1171 529 1303 563 ostendit,
1318 530 1363 565 qui
1378 530 1441 558 velit
1455 531 1535 558 etiam
1550 539 1610 560 cum
1627 533 1658 560 iis
1672 533 1762 562 subire
1774 534 1845 569 judi-

1049 574 1138 606 cium,
1155 581 1186 602 ac
1201 582 1352 602 sermonem
1371 576 1451 604 vertit
1464 577 1496 604 ad
1510 578 1680 606 excitandum
1704 579 1844 614 pudorem,

1050 618 1075 646 id
1095 619 1165 654 quod
1186 625 1259 647 certe
1283 620 1456 657 intelligentia
1471 623 1598 658 prtcditos
1612 624 1637 650 in
1651 631 1784 652 summum
1795 633 1842 652 an-

1049 671 1139 699 gorem
1155 665 1289 700 conjicere
1304 666 1381 694 solet.
1410 667 1501 702 Neque
1515 668 1602 696 solum
1622 669 1656 696 ob
1672 677 1730 697 eam
1742 690 1751 703 ,
1765 678 1845 705 quam

1049 717 1129 745 supra
1141 710 1205 743 dixi,
1217 718 1323 739 causam
1333 711 1366 739 ad
1376 712 1511 748 principes
1524 718 1550 741 et
1562 714 1681 742 seniores
1691 723 1843 743 sermonem

1049 758 1201 786 convertit:
1217 758 1264 786 sed
1289 763 1318 786 ut
1331 766 1425 786 omttes
1442 759 1552 793 doceat,
1577 761 1713 795 graviores
1734 761 1845 788 daturos

1049 810 1109 830 esse
1122 811 1214 838 poenas
1228 804 1377 839 principes,
1392 812 1471 840 qttam
1488 805 1617 833 subditos.
1633 805 1759 834 Sttbdi'tus
1772 807 1843 834 cnim

1049 855 1098 883 pro
1112 855 1143 876 se
1160 854 1260 877 tantum
1272 870 1280 883 ,
1302 850 1424 886 princeps
1444 858 1506 878 vero
1527 858 1574 885 pro
1589 851 1677 886 seipso
1692 857 1718 879 ct
1733 860 1779 887 pro
1795 860 1845 887 pe-

1049 895 1122 930 pulo,
1138 895 1164 923 in
1177 903 1256 932 quem
1272 896 1320 932 ipsi
1333 897 1473 932 imperium
1488 897 1612 925 traditum
1628 903 1669 925 est
1679 919 1686 931 ,
1701 898 1745 925 dat
1760 899 1845 926 ratio-

1049 948 1111 969 nem
1130 951 1138 969 :
1156 946 1183 969 et
1204 949 1218 968 a
1241 942 1391 970 senioribus
1413 951 1518 978 quoque
1540 951 1592 970 non
1617 943 1749 971 immerito
1773 948 1845 970 tanta

1051 987 1195 1023 requiritur
1208 987 1353 1023 diligentia.
1380 988 1457 1021 Quod
1479 989 1549 1016 enim
1566 989 1618 1016 illis
1632 993 1672 1016 est
1692 989 1843 1024 imperium,

1050 1033 1163 1067 idipsum
1178 1033 1235 1060 istis
1248 1038 1321 1061 telas.
1341 1034 1439 1069 Dignus
1451 1034 1521 1061 enim
1537 1038 1579 1062 est
1593 1034 1671 1062 etiam
1680 1034 1771 1070 juttior
1783 1042 1844 1062 cor-

1050 1079 1170 1114 reptione
1185 1079 1206 1106 si
1219 1079 1335 1114 graviter
1353 1084 1460 1114 peccet;
1486 1080 1533 1107 sed
1557 1079 1602 1108 ille
1619 1080 1664 1115 qui
1680 1073 1729 1115 per
1739 1085 1845 1107 aetatem

1050 1125 1246 1152 immunitatem
1256 1129 1297 1152 est
1309 1124 1436 1160 adeptus,
1451 1133 1537 1160 neque
1553 1129 1590 1152 tot
1604 1125 1745 1152 affectuum
1757 1125 1846 1152 ﬂucti-

1051 1171 1100 1198 bus
1113 1170 1259 1202 obsidetur,
1273 1170 1316 1197 cui
1331 1174 1476 1205 temperate
1487 1170 1578 1198 vivere
1590 1170 1692 1197 facilius
1706 1175 1757 1201 est,
1774 1170 1847 1198 etab

1051 1216 1109 1244 aliis
1129 1216 1301 1244 saecularibus
1325 1215 1405 1243 rebus
1427 1216 1498 1242 nullo
1518 1215 1628 1250 negotio
1650 1215 1784 1242 abstinere
1799 1223 1847 1250 po-

1053 1267 1114 1296 test,
1128 1266 1155 1290 et
1176 1270 1266 1290 rerum
1285 1262 1446 1297 experientia
1461 1261 1590 1296 majorem
1606 1261 1719 1295 adeptus
1730 1261 1847 1295 pruden.

1053 1311 1132 1343 tiam;
1144 1310 1204 1345 jure
1216 1311 1317 1344 majore
1328 1317 1406 1345 quam
1416 1308 1458 1335 alii
1470 1315 1563 1336 omnes
1571 1307 1743 1335 damnatione
1751 1307 1846 1342 dignus

1043 1361 1102 1389 est,
1117 1360 1209 1391 utpote
1223 1355 1267 1391 qui
1286 1355 1418 1390 juvenum
1434 1354 1567 1381 lasciviam
1582 1354 1608 1380 in
1622 1357 1747 1387 provecta
1767 1357 1846 1379 relate

1052 1402 1211 1430 exhibuerit.
1230 1401 1280 1428 Vos
1294 1406 1378 1428 autent
1390 1408 1436 1427 cur
1454 1400 1600 1426 intendislis
1610 1399 1708 1426 vineam
1718 1406 1807 1430 meam,
1823 1403 1847 1424 et

1051 1449 1144 1483 rapina
1162 1447 1281 1483 pauperis
1301 1451 1337 1474 est
1358 1446 1385 1472 in
1405 1446 1520 1472 dantibus
1542 1444 1651 1472 vestris?
1675 1444 1778 1479 Ubique
1792 1444 1847 1470 Deo

1053 1502 1147 1529 magna
1160 1493 1323 1528 providentia
1334 1497 1374 1520 est
1386 1499 1448 1527 erga
1459 1499 1506 1519 eos
1517 1492 1561 1526 qui
1574 1491 1668 1525 injuria
1679 1490 1844 1517 afficiuntur:

1053 1547 1085 1568 ac
1097 1547 1149 1568 nou
1163 1539 1250 1566 minus
1260 1559 1267 1571 ,
1281 1539 1336 1566 imo
1348 1537 1491 1573 aliquando
1511 1537 1571 1572 plus
1583 1535 1733 1571 indignatur
1743 1535 1778 1563 de
1786 1542 1849 1571 pec-

1053 1587 1120 1616 catis
1139 1594 1201 1622 erga
1224 1591 1387 1617 conservos,
1410 1591 1491 1619 quam
1511 1583 1545 1610 de
1566 1583 1682 1618 peccatis
1697 1582 1724 1609 in
1748 1582 1845 1615 ipsum.

1055 1633 1159 1660 Etenim
1173 1631 1292 1667 permisit
1302 1635 1330 1657 ut
1343 1630 1365 1657 is
1375 1629 1420 1664 qui
1429 1628 1598 1656 fornicariam
1608 1628 1717 1654 haberet
1725 1634 1846 1655 uxorem.

1054 1678 1126 1705 illam
1141 1677 1287 1711 expelleret
1297 1675 1404 1711 (Matth.
1414 1675 1441 1702 5.
1454 1674 1509 1709 52),
1525 1673 1649 1708 gentilem
1658 1680 1721 1700 vero
1734 1679 1848 1699 uxorem

1054 1731 1149 1756 secus;
1169 1723 1230 1750 licet
1246 1723 1297 1750 hoc
1310 1724 1448 1757 peccatum
1464 1725 1556 1747 contra
1571 1719 1656 1754 ipsum
1672 1722 1762 1751 esset,
1776 1718 1847 1744 aliud

1055 1772 1092 1807 (Ι.
1108 1771 1166 1798 Cor.
1181 1770 1207 1797 7.
1223 1769 1268 1804 i2)
1282 1776 1346 1796 vero
1357 1772 1448 1795 contra
1466 1766 1610 1794 hominem.
1633 1765 1667 1792 Et
1680 1764 1764 1791 hostia
1779 1772 1849 1798 pra:-

1055 1821 1141 1850 seute,
1155 1815 1233 1851 jussit
1244 1814 1393 1849 relinquere
1408 1819 1515 1845 munus,
1531 1819 1579 1839 nee
1592 1816 1653 1838 ante
1666 1810 1729 1837 illud
1740 1809 1847 1840 oh‘errc,

1055 1870 1134 1899 quam
1149 1869 1210 1889 eum
1232 1860 1313 1888 fratre
1338 1859 1554 1887 reconciliaretur
1575 1858 1614 1889 is,
1639 1857 1684 1892 qui
1699 1856 1849 1891 proximum

1056 1910 1202 1938 oll'enderat
1218 1908 1321 1943 (Matth.
1338 1907 1364 1935 5.
1378 1906 1423 1934 23.
1437 1906 1495 1941 24).
1522 1905 1624 1932 Etcum
1637 1903 1672 1930 de
1692 1901 1850 1937 illojudica-

1056 1957 1094 1984 vit
1106 1956 1152 1992 qui
1165 1955 1254 1983 decies
1268 1954 1340 1981 inille
1354 1953 1450 1980 talenta
1465 1951 1637 1978 devoraverat
1648 1956 1725 1982 ,cum
1739 1948 1772 1975 de
1787 1954 1849 1981 pec-

1057 2003 1123 2030 catis
1135 2006 1227 2028 contra
1241 2007 1270 2027 se
1284 1998 1433 2026 commissis
1450 1996 1524 2024 illum
1539 1998 1686 2027 accusaret,
1702 1994 1848 2027 nonipsutn

1057 2055 1172 2083 nequam
1189 2045 1346 2081 appellavit,
1370 2042 1417 2070 sed
1438 2043 1490 2069 cito
1511 2049 1570 2068 ctttu
1594 2040 1639 2067 illo
1665 2039 1849 2067 reconciliatus

1058 2101 1109 2129 est,
1125 2100 1262 2128 totutnque
1274 2091 1393 2119 debitum
1411 2089 1512 2117 dimisit
1526 2088 1565 2121 ei;
1583 2092 1611 2113 at
1624 2094 1683 2114 cum
1699 2085 1732 2113 dc
1742 2090 1849 2113 centum

1058 2141 1175 2171 denariis
1188 2143 1322 2174 ageretur,
1336 2141 1363 2164 ct
1373 2143 1478 2164 servum
1494 2142 1605 2169 nequam
1620 2137 1705 2164 vocat,
1724 2135 1750 2158 et
1765 2136 1847 2158 torto«

1059 2188 1133 2216 ribus
1144 2185 1236 2214 tradit:
1246 2192 1294 2211 ttec
1308 2183 1380 2218 prius
1389 2189 1449 2209 eum
1461 2188 1490 2208 se
1501 2180 1671 2207 ditnissurutn
1684 2177 1760 2210 dixit,
1773 2183 1849 2211 quam

1061 2239 1143 2262 totum
1155 2231 1279 2260 redderet
1291 2229 1412 2257 debitum
1426 2225 1528 2262 (Matth.
1546 2225 1605 2259 25).

1096 2279 1122 2306 'l.
1140 2277 1199 2312 Ipse
1212 2281 1318 2311 quoque
1331 2273 1454 2300 Christus
1474 2279 1534 2298 cum
1554 2269 1673 2304 colaphis
1694 2267 1851 2299 caaderetur,

1062 2325 1126 2353 nihil
1140 2330 1218 2351 servo
1231 2319 1388 2357 percutienti
1400 2319 1498 2345 malum
1512 2316 1611 2348 retulit,
1627 2315 1674 2343 sed
1687 2314 1768 2341 etiam
1783 2320 1855 2340 mau-

1062 2378 1136 2399 sucte
1154 2370 1290 2405 respondit
1306 2378 1312 2396 :
1327 2367 1356 2396 Si
1370 2367 1436 2394 male
1456 2366 1574 2400 loquutus
1593 2371 1663 2395 sunt,
1686 2361 1854 2389 testimonium

1062 2417 1163 2453 per/tibe
1175 2417 1206 2443 de
1221 2416 1287 2442 malo
1299 2422 1308 2446 ;
1329 2415 1350 2441 si
1363 2418 1447 2440 autem
1459 2412 1534 2443 bene,
1547 2410 1608 2444 quid
1622 2417 1661 2435 me
1674 2408 1749 2435 cwdis
1765 2406 1853 2440 (Joau.

1064 2451 1107 2491 i8.
1127 2462 1194 2498 23)?
1220 2462 1286 2488 Cum
1305 2464 1394 2487 autem
1416 2457 1556 2485 Jeroboam
1578 2462 1686 2482 manum
1708 2451 1856 2480 extendens

1062 2510 1219 2546 prophetam
1235 2508 1278 2543 qui
1296 2514 1325 2534 se
1345 2511 1407 2533 tunc
1420 2503 1547 2539 arguebat
1561 2499 1764 2536 apprehendere
1777 2505 1856 2526 cona-

1065 2544 1158 2587 batur,
1180 2561 1288 2581 manum
1302 2552 1359 2587 ejus
1373 2550 1474 2578 aridam
1494 2547 1611 2576 reddidit
1625 2547 1661 2582 (5.
1676 2545 1741 2580 Reg.
1758 2544 1801 2572 i5.
1815 2544 1856 2578 4),

1065 2607 1091 2629 te
1106 2600 1230 2629 erudiens
1242 2619 1250 2631 ,
1276 2603 1304 2626 ut
1326 2597 1436 2632 injurias
1451 2595 1497 2622 tibi
1512 2594 1600 2621 illatas
1622 2595 1760 2619 mansuete
1775 2589 1855 2620 feras.

1065 2654 1111 2675 eas
1135 2654 1199 2674 vero
1225 2652 1284 2680 quae
1310 2643 1423 2671 Domino
1448 2640 1599 2668 inferuntur
1622 2635 1858 2664 vehementissime

1066 2692 1212 2722 ulciscaris.
1235 2690 1299 2718 Ideo
1311 2690 1361 2717 etsi
1373 2695 1434 2716 cum
1447 2687 1531 2722 legem
1548 2684 1647 2717 ferret,
1663 2681 1782 2710 secundo
1801 2680 1859 2707 loco

1067 2739 1185 2775 posuerit
1209 2743 1328 2764 amorem
1351 2742 1413 2769 erga
1435 2732 1606 2767 proximum,
1632 2733 1720 2755 tamen
1745 2725 1859 2754 similent

1067 2770 1133 2813 dixit
1147 2783 1228 2819 priori
1242 2791 1248 2809 :
1264 2789 1294 2808 ac
1314 2780 1382 2808 sicut
1397 2778 1470 2806 illum
1486 2774 1685 2804 accuratissime
1707 2771 1807 2806 exigit,
1822 2770 1859 2797 sic

1067 2837 1093 2860 el
1111 2817 1179 2858 hunc
1192 2835 1307 2864 quoque.
1333 2826 1369 2853 De
1383 2825 1428 2852 illo
1443 2823 1514 2850 enim
1527 2822 1576 2853 ait,
1602 2819 1643 2846 Ea:
1654 2824 1704 2846 toto
1717 2817 1792 2844 corde
1807 2821 1859 2845 tuo.

1067 2882 1089 2904 et
1106 2885 1130 2903 ea
1150 2863 1208 2902 tota?
1221 2874 1306 2901 anima
1326 2877 1387 2904 tua;
1410 2869 1445 2897 de
1465 2869 1515 2896 hoc
1535 2871 1639 2907 autem,
1668 2864 1740 2892 Sicut
1755 2863 1861 2896 tcipsunt
