2068 3130
177 153 210 180 49
790 152 822 180 ΙΝ
841 152 961 181 ΙΞΑΙΔΜ.

1014 154 1062 183 AP.
1082 155 1127 183 Ill.

177 209 282 243 (Matth.
293 209 339 236 2'2.
357 210 402 238 57.
418 211 475 246 59).
493 211 524 238 Et
534 210 706 246 alibiquoque
718 217 788 244 smpe
803 210 891 237 videre
903 209 972 245 quis-

176 264 228 290 que
249 256 332 290 possit
352 261 480 290 quantam
505 257 574 284 Deus
587 264 601 283 a
617 256 693 283 nobis
708 256 795 290 exigat
808 255 970 290 diligentiam

175 302 246 328 circa
259 309 290 328 ea
305 309 365 336 qua:
386 295 463 329 nobis
479 307 569 329 mutuo
585 302 714 329 debemus
734 301 830 330 oflicia.
853 302 970 329 Observa

175 348 255 382 igitur
267 347 309 374 hic
318 348 418 375 acriter
428 349 580 380 instantem,
593 353 620 376 et
629 348 824 376 accusationem
834 348 970 375 acerrimis

174 394 266 420 verbis
283 397 439 429 augentem,
447 401 506 421 cum
516 393 596 421 dicit:
611 394 655 421 Vos
664 398 750 420 autem
760 401 805 420 cur
825 393 970 421 incendisti:

172 439 273 465 vineam
287 439 391 465 meum?
414 439 488 472 Quod
503 439 633 466 immanes
647 438 753 474 quidam
768 438 858 467 hostes
872 444 898 466 et
909 439 967 467 bar-

173 484 233 511 bari
247 484 372 518 fecerint,
394 484 445 512 hoc
465 492 513 512 vos
526 492 587 520 erga
601 485 746 515 familiares
758 489 861 512 vestros
873 485 969 513 admit-

173 530 239 558 titis.
258 529 367 558 Vineam
383 538 466 566 porro
478 535 556 558 vocat
566 526 694 566 populum
707 551 714 565 ,
730 531 801 567 quod
814 538 874 558 eum
886 531 969 559 multo

173 575 262 603 studio
281 579 308 603 et
326 583 442 610 superna
457 576 623 610 providentia
645 580 796 604 conservet.
822 576 855 603 Et
868 576 982 611 augens‘

172 622 389 654 accusationem,
406 629 458 649 non
472 622 555 656 dixit,
576 622 630 650 Cur
642 629 785 650 conservos
795 642 802 655 ,
819 621 966 657 proximos,

172 667 271 696 fratres
284 677 291 701 ;
306 669 364 701 sed,
377 668 444 702 Quid
458 676 527 702 mea,
541 669 635 704 inquit,
648 668 810 703 perdidistis,
825 675 882 695 mea
894 667 968 695 labe-

172 713 311 741 factastis?
338 714 439 741 Deinde
462 714 577 742 incendii
602 713 719 748 speciem
738 713 891 746 ostendens,
905 713 964 740 ait:

170 761 276 795 Rapina
291 761 409 796 pauperis
420 765 455 788 est
469 761 494 788 in
513 760 627 787 domibus
641 760 737 787 vestris.
762 759 820 787 Non
840 759 910 787 enim
930 759 966 786 ita

169 807 240 834 solet
253 806 355 842 grando
369 807 460 834 vineas
473 810 592 839 vastare,
614 811 643 834 ut
661 805 784 841 iniquitas
798 805 922 842 pauperis
939 810 966 833 et

170 851 260 886 inopis
285 851 402 878 animum
427 851 608 886 succendere,
629 855 715 878 morte
741 851 889 886 graviorem
915 851 965 885 ipsi

171 905 316 925 mterorem
330 897 455 925 inferens.
473 897 574 933 Ubique
589 897 667 933 igitur
685 897 777 932 rapina
793 897 890 924 malum
906 901 962 927 est:

169 943 288 970 maxime
302 950 367 970 vero
381 951 441 970 cum
455 943 478 970 is
495 943 537 970 cui
557 942 683 970 damnum
704 942 815 970 infertur
830 942 856 969 in
876 946 965 970 extre-

171 998 243 1017 mam
257 990 380 1017 redactus
395 995 436 1017 est
449 994 640 1025 paupertatem.
654 989 746 1024 Neque
759 993 861 1016 tantum
876 989 963 1016 incre-

171 1041 217 1071 pat
232 1036 290 1063 lucc
303 1035 416 1063 dicendo
427 1056 434 1068 ,
458 1035 505 1063 sed
519 1035 599 1062 etiam
614 1035 733 1070 corrigit,
748 1034 857 1061 mittens
871 1041 917 1061 eos
930 1033 963 1061 ad

170 1082 272 1116 rapina:
293 1081 484 1116 spectaculum.
507 1081 568 1110 Post
591 1080 740 1116 hujusmodi
760 1080 859 1108 dictum
879 1080 961 1114 enim,

169 1133 293 1163 aspectus
313 1128 352 1155 rei
374 1127 424 1155 sub
449 1127 533 1155 oculis
555 1127 648 1162 posita:
671 1134 851 1162 compungere
876 1130 963 1161 potest

169 1182 242 1208 eum,
262 1174 307 1209 qui
323 1181 375 1201 non
391 1173 623 1208 impudentissimo
639 1172 716 1200 fuerit
736 1173 835 1200 animo.
852 1172 895 1199 15.
911 1172 963 1199 Cur

168 1229 212 1248 vos
226 1221 320 1256 injuria
337 1220 435 1255 agit-itis
454 1219 576 1255 populum
589 1219 694 1246 meum?
719 1218 745 1246 In
760 1218 855 1246 eadem
869 1226 962 1246 rursus

169 1271 322 1302 perseverat
335 1265 441 1293 dicendi
454 1272 553 1300 genere
568 1273 575 1290 ς
591 1265 660 1292 sicut
671 1265 739 1298 illic,
757 1263 859 1291 Vineam
870 1271 960 1297 meam,

166 1314 203 1340 ita
217 1313 271 1344 hic,
288 1311 417 1347 Populum
427 1319 518 1344 meum,
533 1311 606 1338 dicit.
622 1310 655 1337 Et
666 1311 744 1346 [acies
754 1310 888 1336 humilium
901 1318 962 1337 cono

166 1358 295 1395 funditis?
315 1358 385 1392 Quos
397 1357 531 1393 corrigere
544 1356 701 1392 oportebat,
727 1355 776 1383 hos
803 1355 959 1390 impellitis;

166 1412 235 1439 quos
254 1404 357 1439 erigere
369 1424 376 1437 ,
400 1403 451 1431 hos
468 1402 645 1437 conlringitis.
669 1401 735 1429 Nam
752 1406 811 1437 post
829 1401 959 1436 rapinam,

167 1451 276 1477 viliores
291 1449 461 1484 respuebant,
477 1452 503 1476 et
517 1447 649 1483 indignius
663 1454 743 1482 quam
758 1446 897 1481 mancipiis
908 1440 960 1473 illis

166 1496 324 1527 utebantur,
339 1499 436 1530 pratter
450 1494 587 1522 avaritiam
601 1494 778 1528 arrogantiam
791 1500 896 1528 quoque
910 1499 960 1519 au-

165 1547 277 1577 gentes,
299 1546 326 1569 et
349 1549 396 1576 per
415 1540 519 1568 divitias
541 1539 630 1575 inique
650 1544 739 1574 partas
752 1539 834 1566 multa
853 1538 960 1573 insuper

166 1595 228 1615 sese
249 1587 390 1614 ellerentes
405 1585 566 1621 arrogantia.
588 1585 713 1613 Avaritia:
734 1585 806 1612 enim
828 1585 959 1620 superbiae

165 1633 278 1660 morbus
296 1632 447 1668 adiungitur
462 1641 467 1659 :
484 1636 511 1659 et
525 1637 625 1666 quanto
645 1630 704 1665 plus
724 1630 828 1658 divitias
841 1630 900 1664 quis
912 1636 959 1657 cu-

165 1679 283 1711 mularit,
305 1683 377 1705 tanto
392 1678 476 1712 magis
489 1676 599 1704 morbus
614 1675 658 1703 hic
671 1675 823 1720 increveriq.
846 1674 903 1702 Hoc
916 1674 959 1701 di-

166 1725 198 1750 cit
213 1724 347 1756 Dominus,
363 1722 494 1756 Dominus,
509 1722 633 1749 Dominus
647 1722 810 1749 exercituum.
824 1720 891 1754 Quid
906 1723 957 1752 est,

165 1769 350 1796 Erercltttum?
362 1769 523 1804 Angelorum
536 1767 610 1801 dicit,
624 1767 852 1803 archangelorum,
863 1773 958 1801 super-

166 1823 260 1842 narum
274 1815 399 1841 virtutum
411 1835 418 1847 ,
433 1822 449 1841 a
464 1818 534 1841 terra
549 1813 583 1840 ad
603 1813 697 1840 exulum
714 1812 862 1839 auditorem
876 1811 959 1839 addu-

166 1869 228 1888 cens
238 1881 246 1893 ,
260 1866 289 1887 ut
304 1860 353 1895 ipsi
370 1860 557 1895 cogitationem
570 1859 659 1894 magni
674 1859 744 1886 illius
758 1858 832 1894 regni
847 1857 957 1892 iujiciat,

166 1914 195 1934 ut
218 1907 294 1933 illum
318 1906 357 1933 sic
384 1906 561 1940 stupefactum
580 1904 797 1939 temperatiorem
823 1903 956 1936 redderet,

165 1952 370 1986 ostenderetque
384 1955 483 1978 tantam
494 1951 647 1986 patientiam
661 1958 714 1983 non
725 1949 895 1982 infirmitatis,
910 1949 958 1976 sed

166 1998 272 2024 maximi
293 1997 375 2024 animi
394 2003 464 2024 esse.
490 1996 534 2023 16.
550 1989 613 2023 Ηωε
631 1996 691 2022 dicit
707 1995 838 2022 Dominus.
862 1994 915 2021 Pro
929 2002 958 2021 eo

165 2043 232 2077 quod
248 2043 366 2070 exultataa
384 2047 442 2069 sunt
463 2042 525 2076 ﬁlia:
544 2041 626 2075 Sion,
648 2045 671 2068 et
690 2048 795 2076 egressae
812 2044 871 2067 sunt
892 2041 958 2067 elato

165 2090 242 2121 collo,
257 2094 281 2117 et
295 2089 394 2116 nutibus
411 2089 541 2116 oculorum
552 2109 559 2121 ,
580 2093 603 2115 et
620 2088 717 2115 incessu
730 2087 820 2122 pedum
833 2086 958 2113 trahentes

165 2136 241 2163 simul
254 2136 351 2162 tunicas
361 2155 368 2167 ,
382 2134 503 2170 simulque
515 2133 618 2169 pedibus
629 2134 751 2161 ludentes.
767 2134 811 2161 Π.
825 2133 858 2160 Et
871 2133 957 2160 humi-

165 2181 237 2208 liubit
249 2181 319 2208 Deus
330 2180 507 2208 dontinatrices
521 2180 587 2214 ﬁlias
598 2179 673 2212 Sion,
690 2184 713 2206 et
725 2179 848 2206 Dominus
861 2179 957 2206 revela-

165 2228 198 2255 bit
212 2228 325 2254 habitum
342 2235 430 2254 eorum
443 2227 469 2253 in
483 2227 523 2254 die
534 2226 590 2254 illa.
613 2226 656 2254 18.
673 2225 706 2254 Et
723 2227 820 2261 auferet
832 2224 958 2252 Dominus

165 2275 272 2310 gloriam
285 2273 423 2302 vestimenti
435 2281 534 2306 earum,
552 2278 575 2299 et
586 2277 701 2299 ornatunt
711 2280 798 2299 earum
811 2272 892 2307 (a),et
902 2272 957 2298 cin-

165 2322 252 2349 cinnos
271 2329 373 2354 earum,
395 2324 418 2347 et
434 2319 562 2355 corymbos
573 2339 581 2352 ,
597 2323 619 2346 et
635 2318 736 2346 lunulas
747 2338 754 2351 ,
771 2318 814 2346 19.
831 2322 853 2344 et
866 2317 958 2344 monile

165 2375 251 2394 earum
261 2386 270 2400 ,
286 2370 309 2392 et
324 2371 441 2393 ornatum
453 2365 527 2401 [aciei
542 2373 628 2392 carum
639 2385 647 2398 ,
664 2369 687 2391 et
700 2363 903 2398 compositionem
916 2371 958 2390 or-

164 2413 278 2440 namenti
290 2412 388 2447 glorite,
399 2417 422 2438 et
434 2411 559 2444 armillas,
571 2416 594 2438 et
608 2415 717 2446 torques,
729 2410 775 2437 ΞΟ.
785 2414 807 2437 et
816 2409 955 2441 reticulum,

166 2466 187 2486 et
198 2459 318 2492 annulus,
340 2463 363 2486 et
375 2458 492 2491 collaria,
506 2463 530 2484 et
541 2458 652 2489 inaures,
670 2457 714 2484 21.
729 2461 751 2483 et
766 2464 879 2491 purpura
890 2462 957 2490 prte-

166 2510 246 2532 textas
257 2525 264 2536 ,
288 2509 310 2531 et
325 2512 423 2539 pannos
438 2511 482 2538 per
496 2502 597 2529 dantuiri
607 2523 614 2535 ,
637 2507 661 2528 et
675 2502 806 2537 perspicua
821 2499 956 2533 Laconica,

165 2550 208 2577 2‘3.
231 2555 254 2577 et
268 2549 379 2585 byssina,
395 2553 419 2576 et
432 2549 593 2583 hyacinthina
604 2555 614 2580 ;
630 2547 674 2575 25.
685 2548 809 2580 coccinea,
823 2551 846 2573 et
859 2547 959 2581 byssum

166 2605 222 2623 cum
236 2605 298 2623 auro
312 2601 334 2623 et
345 2595 483 2631 hyacintho
501 2599 652 2627 contextam,
668 2599 691 2621 et
706 2594 821 2620 theristra
834 2601 897 2620 auro
910 2593 959 2619 ad-

165 2645 258 2671 stricta.
280 2642 324 2670 24.
338 2641 374 2669 Et
385 2642 433 2669 erit
446 2649 492 2677 pro
504 2641 575 2668 suavi
588 2641 664 2668 odore
683 2641 780 2676 pulvis,
793 2645 818 2667 et
836 2647 881 2674 pro
895 2647 960 2666 zona

167 2690 279 2725 {utriculo
291 2689 401 2725 cingeris
413 2709 420 2720 ,
435 2693 458 2715 et
471 2696 517 2723 pro
532 2692 678 2715 ornamenta
688 2687 777 2722 capitis
789 2687 824 2713 tui
837 2686 960 2713 calvitiem

167 2736 267 2763 habebis
279 2740 383 2770 propter
397 2742 475 2769 opera
489 2739 532 2760 tua
544 2754 551 2766 ,
573 2737 598 2761 et
609 2741 655 2769 pro
670 2733 754 2760 tunica
774 2740 889 2768 purpura
906 2731 961 2759 cla-

167 2787 221 2810 ratu
241 2781 276 2817 (b)
302 2780 511 2815 circumcingen's
532 2787 616 2808 sacco.
640 2779 704 2806 Hart:
725 2778 768 2806 tibi
791 2787 837 2814 pro
858 2782 958 2806 cntutu.

195 2851 232 2880 (η)
249 2854 286 2874 tua
299 2856 385 2877 voces.
399 2852 422 2873 et
432 2852 542 2873 ornatum
553 2855 644 2876 eorum,
657 2848 746 2880 desunt
757 2849 780 2872 in
794 2847 882 2872 nihliis-

196 2879 229 2909 (ω
248 2882 306 2907 Vide
318 2881 482 2911 Antiquitatis
493 2884 579 2905 nostra:
600 2884 664 2905 't'om.
678 2881 702 2910 3,
715 2879 757 2904 lib.
773 2880 791 2908 l,
802 2886 824 2904 c.
837 2880 852 2902 ὅ

1784 161 1822 190 50

1026 210 1072 237 25’.
1089 210 1122 237 Et
1144 211 1211 245 ﬁlius
1229 216 1286 240 tuus
1304 213 1503 247 pulcherrimus,
1525 222 1598 249 quem
1611 216 1714 251 diligis,
1729 218 1816 253 gladio

1024 256 1094 283 cadet
1106 264 1116 288 ;
1138 261 1161 283 et
1174 259 1249 292 fortes
1263 259 1338 285 vestri
1356 259 1442 294 gladio
1453 260 1551 294 cadent,
1567 266 1590 288 et
1603 262 1813 293 humiliabuntur.

1023 300 1067 328 26.
1081 301 1114 328 Et
1127 302 1243 337 lugebant
1256 304 1332 330 thecae
1342 309 1444 332 ornatus
1454 306 1538 339 vestri,
1553 311 1575 333 et
1588 307 1736 341 relinqueris
1748 309 1813 342 sola,

1023 351 1045 373 et
1060 347 1085 374 in
1106 352 1197 375 terram
1220 350 1381 383 prosterneris
1399 351 1447 388 (a).
1466 351 1599 381 lnsolitam
1614 361 1671 382 rem
1684 355 1813 390 propheta

1022 392 1099 427 fecit,
1121 394 1227 429 longum
1240 396 1273 422 ad
1291 397 1414 424 mulieres
1428 397 1544 433 dirigens
1560 406 1726 435 sermonem,
1742 402 1811 437 quod

1022 446 1152 475 nusquam
1172 441 1197 468 in
1216 442 1358 477 Scripturis
1380 443 1477 471 factum
1499 445 1628 473 videmus.
1654 447 1718 481 Qua:
1734 448 1812 483 igitur

1023 493 1100 514 causa
1113 491 1154 514 est
1169 487 1282 515 insolitae
1296 489 1354 516 rei?

1056 531 1083 558 8.
1097 531 1207 559 Videtur
1219 534 1283 561 mihi
1297 538 1360 561 tunc
1373 536 1498 571 temporis
1515 544 1637 572 magnam
1655 538 1737 566 fuisse
1751 547 1811 566 mu-

1000 576 1005 582 '
1020 575 1114 604 lierum
1129 578 1276 612 mollitiem,
1291 581 1455 616 multumque
1468 583 1611 610 contulisse
1622 583 1681 611 illas
1695 584 1728 611 ad
1742 585 1810 612 viro-

1019 628 1079 649 rum
1099 623 1252 658 nequitiam.
1274 624 1336 653 Ideo
1351 626 1410 654 illas
1431 628 1569 662 speciatim
1586 628 1730 664 redarguit,
1751 638 1812 665 gra-

1019 668 1127 696 vissima
1143 670 1195 698 illis
1209 671 1323 700 oﬂ'erens
1336 672 1458 707 crimina,
1474 680 1678 710 sermonemque
1693 676 1725 702 ad
1738 676 1810 710 prin-

1019 714 1116 748 cipium
1130 720 1247 749 revocat,
1264 725 1296 744 ex
1310 725 1424 751 persona
1439 719 1485 746 Dei
1501 719 1595 747 iterum
1610 720 1731 755 loquens.
1745 721 1812 748 [ια-ε

1019 761 1078 788 dicit
1094 761 1218 789 Dominus
1231 772 1240 790 :
1254 763 1306 790 Pro
1321 772 1349 791 eo
1370 765 1438 799 quod
1456 766 1573 793 exaltant:
1589 772 1647 793 sunt
1661 767 1720 802 ﬁlim
1734 767 1810 799 Sion,

1019 811 1042 833 et
1061 807 1247 834 ambulaverunt
1262 809 1327 836 elato
1340 809 1415 836 collo.
1437 809 1521 844 Caput
1534 811 1664 838 malorum
1681 813 1744 846 ipsis
1756 812 1810 839 eri-

1018 852 1082 879 mini
1101 852 1163 886 dat,
1180 854 1329 889 superbiam
1345 859 1371 882 et
1385 856 1573 890 arrogantiam.
1598 857 1653 884 lloc
1666 857 1736 884 enim
1749 857 1808 884 ubi-

1018 904 1068 932 que
1089 905 1170 932 grave
1190 903 1244 932 est,
1270 900 1385 927 maxime
1398 908 1461 928 vero
1474 909 1533 929 cum
1551 902 1577 929 in
1599 903 1719 931 muliebri
1743 911 1810 930 sexu

1018 943 1145 970 exoritur.
1172 944 1234 972 Alto
1253 945 1323 972 cnim
1338 946 1432 980 spiritu
1448 946 1526 981 plena
1540 947 1649 980 mulier,
1664 953 1757 982 utpote
1771 949 1809 976 le-

1016 988 1075 1015 vior
1087 992 1114 1016 et
1129 989 1350 1023 irrationabilior,
1366 991 1442 1018 facile
1458 993 1620 1026 pervertitur
1631 1013 1638 1025 ,
1658 993 1807 1028 submergi—

1018 1036 1076 1065 tur,
1100 1033 1265 1070 naufragium
1289 1037 1404 1070 patitur,
1430 1037 1464 1064 ab
1487 1038 1558 1064 omni
1577 1038 1690 1072 maligno
1714 1039 1806 1073 spiritu

1017 1079 1140 1114 impulsa,
1157 1080 1223 1107 l‘astn
1240 1085 1266 1108 et
1281 1082 1430 1116 arrogantia
1446 1082 1528 1117 ipsam
1545 1083 1742 1118 subu'iergente.
1761 1083 1806 1110 Vi-

1015 1125 1093 1153 detur
1114 1134 1194 1161 porro
1214 1127 1449 1162 Jerosolymitanas
1473 1129 1599 1156 mulieres
1621 1126 1743 1164 alloqui:
1763 1130 1805 1156 id-

1015 1180 1100 1208 eoque
1115 1172 1181 1200 ﬁlias
1196 1173 1259 1201 Sion
1274 1176 1387 1201 vocavit.
1402 1173 1434 1200 Et
1447 1175 1636 1202 ambulaverunt
1650 1176 1715 1202 elato
1728 1175 1805 1202 collo.

1016 1218 1062 1245 Hic
1077 1218 1136 1245 illas
1148 1218 1270 1252 traducit,
1291 1227 1322 1246 ac
1336 1219 1490 1246 muliebrem
1505 1219 1622 1247 ostendit
1638 1220 1743 1251 fastum,
1760 1221 1805 1254 qui

1015 1272 1067 1293 non
1084 1268 1171 1299 potest
1193 1265 1218 1292 in
1242 1265 1331 1292 animo
1344 1272 1373 1292 se
1391 1266 1528 1292 continere
1539 1287 1547 1298 ,
1564 1265 1610 1293 sed
1626 1266 1757 1301 erumpit,
1774 1274 1805 1293 ac

1014 1317 1062 1346 per
1075 1317 1218 1345 corporeos
1237 1316 1324 1338 motus
1335 1318 1394 1338 sese
1407 1310 1506 1346 prodit.
1520 1310 1573 1338 Nec
1591 1311 1616 1338 in
1627 1312 1803 1346 arrogantiam

1013 1356 1111 1389 modo,
1136 1356 1183 1384 sed
1206 1357 1285 1384 etiam
1309 1358 1335 1384 in
1357 1357 1493 1385 lasciviam
1509 1358 1567 1385 illas
1581 1358 1690 1393 dejicit;
1714 1358 1802 1386 hocin

1013 1402 1185 1438 sequentibus
1198 1402 1261 1430 dicit
1275 1408 1302 1431 et
1315 1404 1440 1431 declarat.
1465 1404 1554 1439 Pergit
1570 1405 1650 1439 igitur
1665 1413 1671 1431 :
1686 1404 1720 1431 Et
1733 1405 1802 1431 nuti-

1013 1448 1059 1476 bus
1069 1448 1198 1476 oculorum
1207 1469 1215 1482 ,
1231 1449 1256 1477 id
1275 1450 1344 1485 quod
1357 1450 1517 1477 amasiarum
1531 1451 1667 1485 proprium
1678 1455 1734 1483 est,
1754 1458 1802 1485 pu-

1013 1494 1090 1530 pillas
1103 1498 1217 1527 vertere,
1231 1495 1420 1531 molliticmque
1435 1496 1543 1523 multam
1554 1501 1580 1523 et
1595 1496 1729 1523 lasciviam
1740 1495 1802 1523 hinc

1012 1540 1179 1576 exprimere;
1205 1541 1325 1568 mollitiei
1339 1546 1426 1569 autem
1446 1550 1478 1569 ac
1499 1541 1614 1569 lascivia:
1634 1542 1735 1569 nullum
1751 1541 1802 1569 hoc

1012 1586 1098 1620 majus
1117 1585 1242 1613 indicium
1266 1585 1385 1613 habetur.
1410 1586 1444 1612 Et
1459 1586 1558 1613 incessu
1572 1587 1662 1621 pedum
1677 1587 1803 1614 trahentes

1011 1631 1087 1658 simul
1101 1631 1207 1658 tunicas.
1223 1630 1280 1658 Non
1292 1631 1384 1665 exigua
1396 1631 1453 1658 haec
1463 1635 1505 1658 est
1514 1631 1665 1658 criminatio
1676 1652 1682 1663 ,
1697 1631 1800 1659 etiamsi

1012 1684 1093 1712 parva
1107 1676 1228 1704 videatur
1243 1683 1301 1704 esse
1313 1697 1321 1709 ,
1343 1676 1391 1703 sed
1411 1681 1538 1704 extremae
1557 1682 1598 1704 est
1622 1677 1800 1710 corruptionis

1012 1727 1210 1758 argumentum,
1224 1722 1341 1750 mollitiei
1353 1730 1458 1758 nempe,
1472 1723 1594 1755 lasciviat,
1606 1721 1799 1752 dissolutionis,

1013 1769 1247 1798 tunica.diflluens.
1274 1769 1329 1797 Hoc
1347 1774 1503 1796 cxterorum
1525 1770 1654 1804 quispiam
1677 1769 1801 1796 adversa-

1010 1815 1080 1843 rium
1091 1823 1167 1842 suum
1180 1815 1319 1842 traducens
1333 1815 1372 1842 sic
1385 1815 1514 1850 expressit
1528 1823 1534 1841 :
1549 1815 1660 1842 Pallium
1671 1815 1800 1842 dcntittcns

1011 1869 1089 1897 usque
1103 1861 1136 1887 ad
1149 1860 1212 1887 talos
1228 1860 1276 1896 (ὁ).
1299 1860 1431 1895 Simulque
1447 1861 1550 1896 pedibus
1568 1861 1689 1887 ludentes.
1704 1860 1736 1887 Et
1750 1860 1800 1887 hoc

1011 1913 1116 1933 rursum
1131 1905 1249 1940 ejusdem
1270 1906 1441 1940 turpitudinis
1461 1905 1651 1933 demonstratio
1671 1910 1721 1933 est.
1749 1906 1801 1932 Per

1011 1950 1069 1978 haec
1082 1951 1152 1978 enim
1175 1951 1262 1978 omnia
1272 1971 1279 1984 ,
1307 1958 1355 1985 per
1368 1951 1459 1978 oculos
1469 1971 1476 1982 ,
1497 1958 1545 1985 per
1560 1951 1730 1984 vestimenta,
1753 1958 1801 1985 per

1011 1998 1092 2034 pedes
1104 2019 1111 2031 ,
1128 2005 1176 2033 per
1190 1997 1322 2025 incessum
1335 2018 1342 2029 ,
1365 2004 1411 2023 seu
1427 1997 1534 2024 castitas
1550 2004 1598 2024 seu
1619 1996 1724 2023 lascivia
1739 2003 1800 2023 sese

1011 2043 1110 2079 prodit.
1132 2043 1198 2070 Nam
1220 2043 1290 2070 intus
1312 2042 1430 2070 sedentis
1450 2042 1545 2069 anima:
1567 2049 1692 2069 sensuum
1713 2047 1801 2069 motus

1011 2089 1085 2125 quasi
1107 2097 1242 2125 prmcones
1257 2089 1364 2124 quidam
1379 2093 1450 2116 sunt.
1468 2089 1506 2115 Ac
1518 2087 1740 2123 quemadmodum
1757 2088 1799 2122 pi-

1011 2141 1099 2164 ctores
1109 2136 1212 2163 colores
1224 2135 1352 2170 quosdam
1366 2135 1516 2166 miscentes,
1533 2134 1661 2169 imagines
1675 2141 1741 2168 quas
1754 2141 1799 2160 vo-

1010 2182 1068 2211 lunt
1082 2182 1233 2217 exprimunt
1251 2190 1258 2208 :
1277 2181 1314 2208 sic
1327 2185 1354 2208 et
1367 2185 1454 2207 motus
1470 2179 1651 2208 membrorum
1667 2179 1798 2213 corporis,

1010 2228 1091 2255 animi
1107 2228 1274 2255 characteres
1288 2227 1360 2254 foras
1379 2230 1539 2261 expromunt
1550 2247 1558 2259 ,
1583 2230 1609 2252 et
1630 2229 1691 2252 ante
1705 2224 1799 2251 oculos

1011 2280 1116 2302 nostros
1137 2279 1248 2309 ponunt.
1274 2273 1452 2307 Quamobrem
1468 2273 1534 2299 alius
1548 2271 1679 2307 quispiam
1692 2271 1800 2306 sapiens

1011 2319 1115 2348 dicebat
1129 2327 1135 2346 τ
1147 2319 1259 2346 Antictus
1273 2319 1329 2351 viri,
1344 2323 1367 2346 et
1380 2319 1444 2345 risus
1458 2318 1580 2351 dentiant,
1596 2322 1618 2344 et
1631 2317 1741 2344 incessus
1756 2324 1800 2351 pe-

1011 2365 1052 2393 dis
1063 2368 1286 2400 annunttantquw
1299 2364 1333 2390 ad
1344 2364 1429 2398 ipsum
1439 2367 1565 2397 spectant.
1578 2363 1669 2398 (Eccli.
1683 2363 1725 2390 l9.
1739 2363 1798 2398 27.)

1054 2438 1079 2470 a)
1090 2439 1137 2464 Hic
1147 2439 1210 2470 Reg.
1222 2437 1350 2469 subiungit
1360 2439 1523 2470 totumcaput
1532 2441 1646 2470 quartum
1658 2437 1734 2462 fsaiaa.

1056 2467 1080 2499 b)
1093 2470 1120 2494 ln
1131 2467 1285 2495 hqulocum
1296 2467 1365 2493 notat
1378 2467 1551 2499 Boisius'apud
1561 2468 1678 2492 SaVilium
1695 2475 1701 2492 :
1719 2475 1727 2492 ι
1743 2468 1798 2499 Ipse

1011 2497 1081 2526 locus
1092 2501 1198 2525 nondum
1208 2501 1323 2527 occurrit,
1337 2506 1383 2523 nec
1398 2501 1467 2523 vacat
1478 2497 1542 2523 nunc
1554 2505 1667 2529 quaerere
1682 2506 1687 2522 :
1701 2497 1799 2523 similli-

1011 2538 1050 2556 ma
1063 2535 1144 2556 tamen
1156 2534 1214 2556 sunt
1224 2534 1250 2555 et
1266 2530 1376 2561 ejusdem
1398 2531 1471 2560 plane
1490 2533 1605 2561 monetae,
1616 2536 1673 2560 quae
1684 2531 1709 2554 in
1721 2536 1800 2554 unum

1012 2563 1114 2593 collegit
1126 2560 1448 2593 ductissimus't‘asaubonus
1464 2563 1556 2593 noster
1560 2560 1741 2593 Commentario
1754 2567 1799 2584 suo

1012 2593 1042 2618 ad
1052 2591 1214 2623 Theophrasti
1226 2592 1386 2623 (Ibam-teres
1396 2592 1476 2623 capite
1489 2591 1528 2623 cui
1540 2591 1639 2623 Griecus
1650 2591 1737 2623 titulus
1750 2593 1799 2623 est,

1012 2630 1056 2654 ιιιιι
1066 2620 1237 2654 μιιροίογὶιςΛΙῘῆ
1249 2622 1285 2648 sic
1294 2622 1379 2646 scribit
1392 2629 1397 2646 :
1410 2620 1617 2654 Quemadmodum
1630 2621 1705 2654 vestis
1715 2620 1800 2654 brevi-

1013 2651 1050 2689 tas
1064 2651 1410 2689 est-sordiumrargumentum,
1430 2653 1466 2677 sic
1477 2653 1553 2689 vestis
1566 2653 1595 2676 ad
1607 2651 1800 2689 tal_os‘demiss;a,

1013 2684 1070 2709 vitae
1081 2684 1193 2716 delicatae
1204 2688 1230 2708 et
1239 2681 1374 2716 dissolutae,
1384 2686 1412 2716 ut.
1423 2683 1487 2716 apud
1498 2683 1626 2716 Plat-onem
1636 2682 1660 2716 i_n
1672 2681 1801 2716 Alcibiade

1031 2716 1097 2740 riore
1115 2712 1350 2747 tztuica:_protractio
1367 2712 1485 2747 indicium
1506 2713 1624 2747 mollitiei.
1641 2713 1700 2747 Inde
1715 2713 1799 2747 Horat.

1025 2747 1116 2777 ipodnn
1140 2745 1186 2771 Od.
1198 2742 1232 2777 [ξ
1251 2746 1354 2770 Sacram
1365 2744 1474 2777 metiente
1494 2747 1516 2769 te
1525 2743 1590 2777 piam
1603 2750 1657 2777 cum
1669 2742 1753 2777 hister
1763 2742 1802 2777 ul—_

1014 2772 1102 2802 narunt
1114 2781 1176 2807 toga.
1190 2776 1261 2808 Apud
1274 2777 1376 2808 Dionem
1392 2773 1593 2808 Calennspbjieit
1602 2773 1718 2808 picefoni
1735 2772 1803 2803 quod

1014 2814 1089 2840 usque
1100 2808 1131 2840 (ul
1138 2804 1203 2831 ~talos
1213 2804 1304 2840 restent
1310 2805 1450 2840 demitteret.
1460 2813 1469 2829 ο
1483 2804 1527 2830 His
1537 2805 1651 2840 adjiciam
1657 2805 1802 2840 Ciceronem

1015 2835 1094 2869 ipsum
1106 2839 1217 2869 Catilinae
1228 2837 1329 2869 asseciis
1340 2837 1490 2869 exprobrare
1503 2836 1568 2867 quod
1581 2835 1802 2869 iIICQdechl,_1_llq“

1015 2864 1031 2895 ti
1033 2868 1099 2895 iratis
1108 2872 1130 2895 et
1135 2868 1250 2895 talaribus
1256 2867 1350 2900 tunicis,
1356 2864 1415 2894 velis
1420 2864 1528 2899 amictus,
1534 2873 1581 2893 non
1589 2864 1659 2898 togis.
1666 2866 1693 2891 in
1699 2864 1770 2891 Catil.
1777 2864 1800 2888 λ
