  <div class='ocr_page' id='page_1' title='image "/cluster/home/n/w/nwhite01/storage/ocr_20150623/56/njp.32101077772646/057.png"; bbox 0 0 2058 3122; ppageno 0'>
   <div class='ocr_carea' id='block_1_1' title="bbox 272 166 1913 207">
    <p class='ocr_par' dir='ltr' id='par_1_1' title="bbox 272 166 1913 207">
     <span class='ocr_line' id='line_1_1' title="bbox 272 166 1913 207; baseline -0.004 0"><span class='ocrx_word' id='word_1_1' title='bbox 272 179 302 207; x_wconf 73' lang='grc'><strong>51</strong></span> <span class='ocrx_word' id='word_1_2' title='bbox 642 179 669 205; x_wconf 87' lang='lat' dir='ltr'><strong>S.</strong></span> <span class='ocrx_word' id='word_1_3' title='bbox 691 179 829 205; x_wconf 67' lang='lat' dir='ltr'><strong>JO.\NNIS</strong></span> <span class='ocrx_word' id='word_1_4' title='bbox 848 175 1086 206; x_wconf 69' lang='lat' dir='ltr'><strong>Clll‘tYSOSTOMl</strong></span> <span class='ocrx_word' id='word_1_5' title='bbox 1107 166 1263 202; x_wconf 55' lang='lat' dir='ltr'><strong>ARCIIIEP.</strong></span> <span class='ocrx_word' id='word_1_6' title='bbox 1284 175 1551 203; x_wconf 65' lang='lat' dir='ltr'><strong>CONSTANTINUI’.</strong></span> <span class='ocrx_word' id='word_1_7' title='bbox 1879 171 1913 197; x_wconf 71' lang='lat'><strong>53</strong></span> 
     </span>
    </p>
   </div>
   <div class='ocr_carea' id='block_1_2' title="bbox 274 234 1059 269">
    <p class='ocr_par' dir='ltr' id='par_1_2' title="bbox 274 234 1059 269">
     <span class='ocr_line' id='line_1_2' title="bbox 274 234 1059 269; baseline -0.004 -6"><span class='ocrx_word' id='word_1_8' title='bbox 274 238 304 264; x_wconf 79' lang='lat' dir='ltr'><strong>Et</strong></span> <span class='ocrx_word' id='word_1_9' title='bbox 320 236 467 263; x_wconf 78' lang='lat' dir='ltr'><strong>ltumilinbit</strong></span> <span class='ocrx_word' id='word_1_10' title='bbox 480 235 547 262; x_wconf 83' lang='lat' dir='ltr'><strong>Deus</strong></span> <span class='ocrx_word' id='word_1_11' title='bbox 560 235 745 261; x_wconf 74' lang='lat' dir='ltr'><strong>dominatrices</strong></span> <span class='ocrx_word' id='word_1_12' title='bbox 766 234 836 269; x_wconf 79' lang='lat' dir='ltr'><strong>ﬁlias</strong></span> <span class='ocrx_word' id='word_1_13' title='bbox 854 234 918 261; x_wconf 88' lang='lat' dir='ltr'><strong>Sion</strong></span> <span class='ocrx_word' id='word_1_14' title='bbox 932 243 940 261; x_wconf 95' lang='lat'><em>:</em></span> <span class='ocrx_word' id='word_1_15' title='bbox 955 239 978 261; x_wconf 86' lang='lat' dir='ltr'><strong>et</strong></span> <span class='ocrx_word' id='word_1_16' title='bbox 1003 234 1059 261; x_wconf 82' lang='lat' dir='ltr'><strong>Do-</strong></span> 
     </span>
    </p>
   </div>
   <div class='ocr_carea' id='block_1_3' title="bbox 274 281 1059 318">
    <p class='ocr_par' dir='ltr' id='par_1_3' title="bbox 274 281 1059 318">
     <span class='ocr_line' id='line_1_3' title="bbox 274 281 1059 318; baseline -0.001 -8"><span class='ocrx_word' id='word_1_17' title='bbox 274 284 358 310; x_wconf 82' lang='lat' dir='ltr'><strong>minus</strong></span> <span class='ocrx_word' id='word_1_18' title='bbox 373 282 494 310; x_wconf 76' lang='lat' dir='ltr'><strong>reuelabit</strong></span> <span class='ocrx_word' id='word_1_19' title='bbox 510 281 626 308; x_wconf 83' lang='lat' dir='ltr'><strong>habi:um</strong></span> <span class='ocrx_word' id='word_1_20' title='bbox 642 290 733 308; x_wconf 85' lang='lat' dir='ltr'><strong>earum</strong></span> <span class='ocrx_word' id='word_1_21' title='bbox 743 282 772 308; x_wconf 84' lang='lat' dir='ltr'><strong>in</strong></span> <span class='ocrx_word' id='word_1_22' title='bbox 789 281 831 308; x_wconf 83' lang='lat' dir='ltr'><strong>die</strong></span> <span class='ocrx_word' id='word_1_23' title='bbox 841 281 898 308; x_wconf 86' lang='lat' dir='ltr'><strong>illa.</strong></span> <span class='ocrx_word' id='word_1_24' title='bbox 911 281 944 308; x_wconf 89' lang='lat' dir='ltr'><strong>Et</strong></span> <span class='ocrx_word' id='word_1_25' title='bbox 958 283 1059 318; x_wconf 77' lang='lat' dir='ltr'><strong>auferet</strong></span> 
     </span>
    </p>
   </div>
   <div class='ocr_carea' id='block_1_4' title="bbox 273 327 1061 364">
    <p class='ocr_par' dir='ltr' id='par_1_4' title="bbox 273 327 1061 364">
     <span class='ocr_line' id='line_1_4' title="bbox 273 327 1061 364; baseline -0.001 -8"><span class='ocrx_word' id='word_1_26' title='bbox 273 330 400 356; x_wconf 77' lang='lat' dir='ltr'><strong>Domitius</strong></span> <span class='ocrx_word' id='word_1_27' title='bbox 408 328 519 364; x_wconf 81' lang='lat' dir='ltr'><strong>gloriam</strong></span> <span class='ocrx_word' id='word_1_28' title='bbox 526 327 672 355; x_wconf 82' lang='lat' dir='ltr'><strong>uestimenti</strong></span> <span class='ocrx_word' id='word_1_29' title='bbox 681 335 783 354; x_wconf 86' lang='lat' dir='ltr'><strong>earum.</strong></span> <span class='ocrx_word' id='word_1_30' title='bbox 790 327 900 355; x_wconf 86' lang='lat' dir='ltr'><strong>Duobus</strong></span> <span class='ocrx_word' id='word_1_31' title='bbox 907 327 1003 363; x_wconf 77' lang='lat' dir='ltr'><strong>positis</strong></span> <span class='ocrx_word' id='word_1_32' title='bbox 1010 327 1061 355; x_wconf 83' lang='lat' dir='ltr'><strong>cri-</strong></span> 
     </span>
    </p>
   </div>
   <div class='ocr_carea' id='block_1_5' title="bbox 273 374 1063 410">
    <p class='ocr_par' dir='ltr' id='par_1_5' title="bbox 273 374 1063 410">
     <span class='ocr_line' id='line_1_5' title="bbox 273 374 1063 410; baseline -0.005 -8"><span class='ocrx_word' id='word_1_33' title='bbox 273 376 399 408; x_wconf 88' lang='lat' dir='ltr'><strong>minibus,</strong></span> <span class='ocrx_word' id='word_1_34' title='bbox 418 375 569 410; x_wconf 74' lang='lat' dir='ltr'><strong>arrogantia</strong></span> <span class='ocrx_word' id='word_1_35' title='bbox 579 379 606 402; x_wconf 94' lang='lat' dir='ltr'><strong>et</strong></span> <span class='ocrx_word' id='word_1_36' title='bbox 620 375 737 406; x_wconf 82' lang='lat' dir='ltr'><strong>lascivia,</strong></span> <span class='ocrx_word' id='word_1_37' title='bbox 753 374 864 408; x_wconf 78' lang='lat' dir='ltr'><strong>singulis</strong></span> <span class='ocrx_word' id='word_1_38' title='bbox 874 375 1063 407; x_wconf 68' lang='lat' dir='ltr'><strong>congruentem</strong></span> 
     </span>
    </p>
   </div>
   <div class='ocr_carea' id='block_1_6' title="bbox 273 417 1064 455">
    <p class='ocr_par' dir='ltr' id='par_1_6' title="bbox 273 417 1064 455">
     <span class='ocr_line' id='line_1_6' title="bbox 273 417 1064 455; baseline -0.006 -7"><span class='ocrx_word' id='word_1_39' title='bbox 273 421 382 449; x_wconf 88' lang='lat' dir='ltr'><strong>adhibet</strong></span> <span class='ocrx_word' id='word_1_40' title='bbox 393 420 565 453; x_wconf 80' lang='lat' dir='ltr'><strong>medicinam,</strong></span> <span class='ocrx_word' id='word_1_41' title='bbox 582 420 667 455; x_wconf 87' lang='lat' dir='ltr'><strong>primo</strong></span> <span class='ocrx_word' id='word_1_42' title='bbox 680 419 804 454; x_wconf 83' lang='lat' dir='ltr'><strong>primam,</strong></span> <span class='ocrx_word' id='word_1_43' title='bbox 819 417 938 446; x_wconf 91' lang='lat' dir='ltr'><strong>secundo</strong></span> <span class='ocrx_word' id='word_1_44' title='bbox 948 423 1064 451; x_wconf 91' lang='lat' dir='ltr'><strong>sequen-</strong></span> 
     </span>
    </p>
   </div>
   <div class='ocr_carea' id='block_1_7' title="bbox 275 463 1064 501">
    <p class='ocr_par' dir='ltr' id='par_1_7' title="bbox 275 463 1064 501">
     <span class='ocr_line' id='line_1_7' title="bbox 275 463 1064 501; baseline -0.006 -7"><span class='ocrx_word' id='word_1_45' title='bbox 275 471 327 494; x_wconf 86' lang='lat' dir='ltr'><strong>tem</strong></span> <span class='ocrx_word' id='word_1_46' title='bbox 343 475 350 494; x_wconf 85' lang='lat'><strong>:</strong></span> <span class='ocrx_word' id='word_1_47' title='bbox 368 466 543 501; x_wconf 72' lang='lat' dir='ltr'><strong>arrogantiae,</strong></span> <span class='ocrx_word' id='word_1_48' title='bbox 564 465 793 497; x_wconf 86' lang='lat' dir='ltr'><strong>humiliationem;</strong></span> <span class='ocrx_word' id='word_1_49' title='bbox 818 463 926 491; x_wconf 90' lang='lat' dir='ltr'><strong>ornatui</strong></span> <span class='ocrx_word' id='word_1_50' title='bbox 947 463 1064 494; x_wconf 88' lang='lat' dir='ltr'><strong>ltabitus,</strong></span> 
     </span>
    </p>
   </div>
   <div class='ocr_carea' id='block_1_8' title="bbox 275 508 1066 548">
    <p class='ocr_par' dir='ltr' id='par_1_8' title="bbox 275 508 1066 548">
     <span class='ocr_line' id='line_1_8' title="bbox 275 508 1066 548; baseline -0.006 -9"><span class='ocrx_word' id='word_1_51' title='bbox 275 513 356 548; x_wconf 86' lang='lat' dir='ltr'><strong>ipsius</strong></span> <span class='ocrx_word' id='word_1_52' title='bbox 365 512 559 547; x_wconf 84' lang='lat' dir='ltr'><strong>abreptionem.</strong></span> <span class='ocrx_word' id='word_1_53' title='bbox 571 511 656 543; x_wconf 82' lang='lat' dir='ltr'><strong>Bello,</strong></span> <span class='ocrx_word' id='word_1_54' title='bbox 668 511 762 546; x_wconf 89' lang='lat' dir='ltr'><strong>inquit,</strong></span> <span class='ocrx_word' id='word_1_55' title='bbox 775 515 837 537; x_wconf 89' lang='lat' dir='ltr'><strong>tunc</strong></span> <span class='ocrx_word' id='word_1_56' title='bbox 845 514 966 544; x_wconf 84' lang='lat' dir='ltr'><strong>urgente,</strong></span> <span class='ocrx_word' id='word_1_57' title='bbox 978 508 1066 536; x_wconf 83' lang='lat' dir='ltr'><strong>omnia</strong></span> 
     </span>
    </p>
   </div>
   <div class='ocr_carea' id='block_1_9' title="bbox 274 555 1064 591">
    <p class='ocr_par' dir='ltr' id='par_1_9' title="bbox 274 555 1064 591">
     <span class='ocr_line' id='line_1_9' title="bbox 274 555 1064 591; baseline -0.005 -6"><span class='ocrx_word' id='word_1_58' title='bbox 274 558 437 585; x_wconf 78' lang='lat' dir='ltr'><strong>auferantur.</strong></span> <span class='ocrx_word' id='word_1_59' title='bbox 467 558 532 591; x_wconf 78' lang='lat' dir='ltr'><strong>Qua:</strong></span> <span class='ocrx_word' id='word_1_60' title='bbox 558 558 629 585; x_wconf 91' lang='lat' dir='ltr'><strong>enim</strong></span> <span class='ocrx_word' id='word_1_61' title='bbox 654 556 791 584; x_wconf 88' lang='lat' dir='ltr'><strong>tumebant</strong></span> <span class='ocrx_word' id='word_1_62' title='bbox 814 561 842 584; x_wconf 89' lang='lat' dir='ltr'><strong>et</strong></span> <span class='ocrx_word' id='word_1_63' title='bbox 864 555 1064 590; x_wconf 84' lang='lat' dir='ltr'><strong>superbiebant,</strong></span> 
     </span>
    </p>
   </div>
   <div class='ocr_carea' id='block_1_10' title="bbox 275 601 1067 639">
    <p class='ocr_par' dir='ltr' id='par_1_10' title="bbox 275 601 1067 639">
     <span class='ocr_line' id='line_1_10' title="bbox 275 601 1067 639; baseline -0.004 -9"><span class='ocrx_word' id='word_1_64' title='bbox 275 610 347 631; x_wconf 90' lang='lat' dir='ltr'><strong>metu</strong></span> <span class='ocrx_word' id='word_1_65' title='bbox 366 611 544 639; x_wconf 73' lang='lat' dir='ltr'><strong>compressae,</strong></span> <span class='ocrx_word' id='word_1_66' title='bbox 564 603 597 631; x_wconf 89' lang='lat' dir='ltr'><strong>ab</strong></span> <span class='ocrx_word' id='word_1_67' title='bbox 617 603 666 630; x_wconf 91' lang='lat' dir='ltr'><strong>hoc</strong></span> <span class='ocrx_word' id='word_1_68' title='bbox 679 603 773 630; x_wconf 88' lang='lat' dir='ltr'><strong>morbo</strong></span> <span class='ocrx_word' id='word_1_69' title='bbox 787 601 968 629; x_wconf 87' lang='lat' dir='ltr'><strong>liberabuntur</strong></span> <span class='ocrx_word' id='word_1_70' title='bbox 985 610 991 628; x_wconf 76' lang='grc' dir='ltr'>ε</span> <span class='ocrx_word' id='word_1_71' title='bbox 1008 608 1067 636; x_wconf 78' lang='lat' dir='ltr'><strong>quae</strong></span> 
     </span>
    </p>
   </div>
   <div class='ocr_carea' id='block_1_11' title="bbox 275 648 1066 683">
    <p class='ocr_par' dir='ltr' id='par_1_11' title="bbox 275 648 1066 683">
     <span class='ocr_line' id='line_1_11' title="bbox 275 648 1066 683; baseline -0.001 -7"><span class='ocrx_word' id='word_1_72' title='bbox 275 650 385 677; x_wconf 72' lang='lat' dir='ltr'><strong>mollitie</strong></span> <span class='ocrx_word' id='word_1_73' title='bbox 400 655 426 677; x_wconf 90' lang='lat' dir='ltr'><strong>et</strong></span> <span class='ocrx_word' id='word_1_74' title='bbox 440 650 501 677; x_wconf 74' lang='lat' dir='ltr'><strong>luxu</strong></span> <span class='ocrx_word' id='word_1_75' title='bbox 516 650 623 677; x_wconf 86' lang='lat' dir='ltr'><strong>omnino</strong></span> <span class='ocrx_word' id='word_1_76' title='bbox 634 649 798 682; x_wconf 83' lang='lat' dir='ltr'><strong>diffluebant,</strong></span> <span class='ocrx_word' id='word_1_77' title='bbox 813 649 838 676; x_wconf 94' lang='lat' dir='ltr'><strong>in</strong></span> <span class='ocrx_word' id='word_1_78' title='bbox 852 648 1011 683; x_wconf 82' lang='lat' dir='ltr'><strong>captivitatis</strong></span> <span class='ocrx_word' id='word_1_79' title='bbox 1022 648 1066 683; x_wconf 88' lang='lat' dir='ltr'><strong>ju-</strong></span> 
     </span>
    </p>
   </div>
   <div class='ocr_carea' id='block_1_12' title="bbox 274 695 966 730">
    <p class='ocr_par' dir='ltr' id='par_1_12' title="bbox 274 695 966 730">
     <span class='ocr_line' id='line_1_12' title="bbox 274 695 966 730; baseline -0.003 -8"><span class='ocrx_word' id='word_1_80' title='bbox 274 703 335 730; x_wconf 83' lang='lat' dir='ltr'><strong>gum</strong></span> <span class='ocrx_word' id='word_1_81' title='bbox 353 695 510 728; x_wconf 83' lang='lat' dir='ltr'><strong>incidentes,</strong></span> <span class='ocrx_word' id='word_1_82' title='bbox 522 696 556 723; x_wconf 90' lang='lat' dir='ltr'><strong>ab</strong></span> <span class='ocrx_word' id='word_1_83' title='bbox 566 695 638 723; x_wconf 90' lang='lat' dir='ltr'><strong>omni</strong></span> <span class='ocrx_word' id='word_1_84' title='bbox 649 695 693 722; x_wconf 90' lang='lat' dir='ltr'><strong>illa</strong></span> <span class='ocrx_word' id='word_1_85' title='bbox 708 695 818 722; x_wconf 77' lang='lat' dir='ltr'><strong>mollitie</strong></span> <span class='ocrx_word' id='word_1_86' title='bbox 829 698 966 722; x_wconf 90' lang='lat' dir='ltr'><strong>eruentur.</strong></span> 
     </span>
    </p>
   </div>
   <div class='ocr_carea' id='block_1_13' title="bbox 290 737 1068 777">
    <p class='ocr_par' dir='ltr' id='par_1_13' title="bbox 290 737 1068 777">
     <span class='ocr_line' id='line_1_13' title="bbox 290 737 1068 777; baseline -0.001 -11"><span class='ocrx_word' id='word_1_87' title='bbox 290 775 293 777; x_wconf 15' lang='lat'><strong><em>&gt;</em></strong></span> <span class='ocrx_word' id='word_1_88' title='bbox 312 740 449 768; x_wconf 79' lang='lat' dir='ltr'><strong>Mulierum</strong></span> <span class='ocrx_word' id='word_1_89' title='bbox 476 740 607 768; x_wconf 71' lang='lat' dir='ltr'><strong>luxus.-—</strong></span> <span class='ocrx_word' id='word_1_90' title='bbox 625 740 660 768; x_wconf 89' lang='lat' dir='ltr'><strong>Ut</strong></span> <span class='ocrx_word' id='word_1_91' title='bbox 683 745 771 767; x_wconf 90' lang='lat' dir='ltr'><strong>autem</strong></span> <span class='ocrx_word' id='word_1_92' title='bbox 797 739 979 767; x_wconf 90' lang='lat' dir='ltr'><strong>onerosiorem</strong></span> <span class='ocrx_word' id='word_1_93' title='bbox 1003 737 1068 773; x_wconf 82' lang='lat' dir='ltr'><strong>ipsis</strong></span> 
     </span>
    </p>
   </div>
   <div class='ocr_carea' id='block_1_14' title="bbox 277 783 1070 819">
    <p class='ocr_par' dir='ltr' id='par_1_14' title="bbox 277 783 1070 819">
     <span class='ocr_line' id='line_1_14' title="bbox 277 783 1070 819; baseline -0.004 -6"><span class='ocrx_word' id='word_1_94' title='bbox 277 790 379 813; x_wconf 80' lang='lat' dir='ltr'><strong>texeret</strong></span> <span class='ocrx_word' id='word_1_95' title='bbox 394 793 555 818; x_wconf 87' lang='lat' dir='ltr'><strong>sermonem,</strong></span> <span class='ocrx_word' id='word_1_96' title='bbox 572 790 598 813; x_wconf 88' lang='lat' dir='ltr'><strong>et</strong></span> <span class='ocrx_word' id='word_1_97' title='bbox 613 785 763 812; x_wconf 83' lang='lat' dir='ltr'><strong>auditorum</strong></span> <span class='ocrx_word' id='word_1_98' title='bbox 779 790 893 812; x_wconf 82' lang='lat' dir='ltr'><strong>mentem</strong></span> <span class='ocrx_word' id='word_1_99' title='bbox 910 783 1070 819; x_wconf 81' lang='lat' dir='ltr'><strong>perstringe-</strong></span> 
     </span>
    </p>
   </div>
   <div class='ocr_carea' id='block_1_15' title="bbox 277 829 1068 863">
    <p class='ocr_par' dir='ltr' id='par_1_15' title="bbox 277 829 1068 863">
     <span class='ocr_line' id='line_1_15' title="bbox 277 829 1068 863; baseline -0.004 -5"><span class='ocrx_word' id='word_1_100' title='bbox 277 835 517 863; x_wconf 86' lang='lat' dir='ltr'><strong>ret,ornamentum</strong></span> <span class='ocrx_word' id='word_1_101' title='bbox 529 831 640 858; x_wconf 86' lang='lat' dir='ltr'><strong>vestium</strong></span> <span class='ocrx_word' id='word_1_102' title='bbox 652 830 789 857; x_wconf 91' lang='lat' dir='ltr'><strong>mulierum</strong></span> <span class='ocrx_word' id='word_1_103' title='bbox 802 829 906 856; x_wconf 89' lang='lat' dir='ltr'><strong>illarum</strong></span> <span class='ocrx_word' id='word_1_104' title='bbox 920 829 1068 856; x_wconf 85' lang='lat' dir='ltr'><strong>minutatim</strong></span> 
     </span>
    </p>
   </div>
   <div class='ocr_carea' id='block_1_16' title="bbox 277 874 1069 910">
    <p class='ocr_par' dir='ltr' id='par_1_16' title="bbox 277 874 1069 910">
     <span class='ocr_line' id='line_1_16' title="bbox 277 874 1069 910; baseline 0 -8"><span class='ocrx_word' id='word_1_105' title='bbox 277 880 397 903; x_wconf 81' lang='lat' dir='ltr'><strong>recenset</strong></span> <span class='ocrx_word' id='word_1_106' title='bbox 407 896 414 908; x_wconf 93' lang='lat'><strong>,</strong></span> <span class='ocrx_word' id='word_1_107' title='bbox 429 879 491 910; x_wconf 89' lang='lat' dir='ltr'><strong>puta</strong></span> <span class='ocrx_word' id='word_1_108' title='bbox 504 883 663 908; x_wconf 81' lang='lat' dir='ltr'><strong>aureorum;</strong></span> <span class='ocrx_word' id='word_1_109' title='bbox 676 875 737 910; x_wconf 88' lang='lat' dir='ltr'><strong>quid</strong></span> <span class='ocrx_word' id='word_1_110' title='bbox 753 876 777 902; x_wconf 93' lang='lat' dir='ltr'><strong>in</strong></span> <span class='ocrx_word' id='word_1_111' title='bbox 792 874 885 907; x_wconf 90' lang='lat' dir='ltr'><strong>oculis,</strong></span> <span class='ocrx_word' id='word_1_112' title='bbox 901 874 962 909; x_wconf 87' lang='lat' dir='ltr'><strong>quid</strong></span> <span class='ocrx_word' id='word_1_113' title='bbox 984 874 1009 901; x_wconf 92' lang='lat' dir='ltr'><strong>in</strong></span> <span class='ocrx_word' id='word_1_114' title='bbox 1024 882 1069 902; x_wconf 87' lang='lat' dir='ltr'><strong>re-</strong></span> 
     </span>
    </p>
   </div>
   <div class='ocr_carea' id='block_1_17' title="bbox 278 920 1068 956">
    <p class='ocr_par' dir='ltr' id='par_1_17' title="bbox 278 920 1068 956">
     <span class='ocr_line' id='line_1_17' title="bbox 278 920 1068 956; baseline -0.001 -8"><span class='ocrx_word' id='word_1_115' title='bbox 278 921 351 956; x_wconf 91' lang='lat' dir='ltr'><strong>liquo</strong></span> <span class='ocrx_word' id='word_1_116' title='bbox 361 929 473 956; x_wconf 86' lang='lat' dir='ltr'><strong>corpore</strong></span> <span class='ocrx_word' id='word_1_117' title='bbox 487 929 494 948; x_wconf 92' lang='lat'><strong>:</strong></span> <span class='ocrx_word' id='word_1_118' title='bbox 509 921 571 948; x_wconf 88' lang='lat' dir='ltr'><strong>hinc</strong></span> <span class='ocrx_word' id='word_1_119' title='bbox 583 921 702 956; x_wconf 82' lang='lat' dir='ltr'><strong>procedit</strong></span> <span class='ocrx_word' id='word_1_120' title='bbox 713 921 745 948; x_wconf 87' lang='lat' dir='ltr'><strong>ad</strong></span> <span class='ocrx_word' id='word_1_121' title='bbox 758 921 852 948; x_wconf 85' lang='lat' dir='ltr'><strong>domus</strong></span> <span class='ocrx_word' id='word_1_122' title='bbox 864 926 997 948; x_wconf 88' lang='lat' dir='ltr'><strong>ornatum.</strong></span> <span class='ocrx_word' id='word_1_123' title='bbox 1011 920 1068 948; x_wconf 90' lang='lat' dir='ltr'><strong>Non</strong></span> 
     </span>
    </p>
   </div>
   <div class='ocr_carea' id='block_1_18' title="bbox 276 966 1070 1002">
    <p class='ocr_par' dir='ltr' id='par_1_18' title="bbox 276 966 1070 1002">
     <span class='ocr_line' id='line_1_18' title="bbox 276 966 1070 1002; baseline -0.003 -7"><span class='ocrx_word' id='word_1_124' title='bbox 276 968 362 995; x_wconf 88' lang='lat' dir='ltr'><strong>solum</strong></span> <span class='ocrx_word' id='word_1_125' title='bbox 374 967 444 994; x_wconf 87' lang='lat' dir='ltr'><strong>enim</strong></span> <span class='ocrx_word' id='word_1_126' title='bbox 460 975 571 1002; x_wconf 88' lang='lat' dir='ltr'><strong>corpora</strong></span> <span class='ocrx_word' id='word_1_127' title='bbox 584 969 748 995; x_wconf 82' lang='lat' dir='ltr'><strong>ornamentis</strong></span> <span class='ocrx_word' id='word_1_128' title='bbox 761 967 931 1000; x_wconf 77' lang='lat' dir='ltr'><strong>decorabant,</strong></span> <span class='ocrx_word' id='word_1_129' title='bbox 943 966 990 994; x_wconf 88' lang='lat' dir='ltr'><strong>sed</strong></span> <span class='ocrx_word' id='word_1_130' title='bbox 1001 968 1070 994; x_wconf 91' lang='lat' dir='ltr'><strong>hanc</strong></span> 
     </span>
    </p>
   </div>
   <div class='ocr_carea' id='block_1_19' title="bbox 277 1013 1069 1048">
    <p class='ocr_par' dir='ltr' id='par_1_19' title="bbox 277 1013 1069 1048">
     <span class='ocr_line' id='line_1_19' title="bbox 277 1013 1069 1048; baseline -0.001 -7"><span class='ocrx_word' id='word_1_131' title='bbox 277 1014 464 1041; x_wconf 90' lang='lat' dir='ltr'><strong>contumeliam</strong></span> <span class='ocrx_word' id='word_1_132' title='bbox 480 1022 563 1048; x_wconf 87' lang='lat' dir='ltr'><strong>usque</strong></span> <span class='ocrx_word' id='word_1_133' title='bbox 577 1014 610 1041; x_wconf 88' lang='lat' dir='ltr'><strong>ad</strong></span> <span class='ocrx_word' id='word_1_134' title='bbox 630 1014 744 1048; x_wconf 78' lang='lat' dir='ltr'><strong>parietes</strong></span> <span class='ocrx_word' id='word_1_135' title='bbox 757 1013 954 1046; x_wconf 78' lang='lat' dir='ltr'><strong>extendebant,</strong></span> <span class='ocrx_word' id='word_1_136' title='bbox 974 1021 1069 1048; x_wconf 90' lang='lat' dir='ltr'><strong>super-</strong></span> 
     </span>
    </p>
   </div>
   <div class='ocr_carea' id='block_1_20' title="bbox 278 1060 1068 1095">
    <p class='ocr_par' dir='ltr' id='par_1_20' title="bbox 278 1060 1068 1095">
     <span class='ocr_line' id='line_1_20' title="bbox 278 1060 1068 1095; baseline -0.001 -7"><span class='ocrx_word' id='word_1_137' title='bbox 278 1060 337 1088; x_wconf 89' lang='lat' dir='ltr'><strong>fluis</strong></span> <span class='ocrx_word' id='word_1_138' title='bbox 354 1061 521 1095; x_wconf 87' lang='lat' dir='ltr'><strong>sumptibus;</strong></span> <span class='ocrx_word' id='word_1_139' title='bbox 541 1065 568 1088; x_wconf 91' lang='lat' dir='ltr'><strong>et</strong></span> <span class='ocrx_word' id='word_1_140' title='bbox 588 1061 740 1088; x_wconf 74' lang='lat' dir='ltr'><strong>calanustro</strong></span> <span class='ocrx_word' id='word_1_141' title='bbox 763 1060 874 1094; x_wconf 86' lang='lat' dir='ltr'><strong>capillos</strong></span> <span class='ocrx_word' id='word_1_142' title='bbox 897 1065 1048 1094; x_wconf 84' lang='lat' dir='ltr'><strong>torquentes</strong></span> <span class='ocrx_word' id='word_1_143' title='bbox 1061 1080 1068 1092; x_wconf 87' lang='lat'><strong>,</strong></span> 
     </span>
    </p>
   </div>
   <div class='ocr_carea' id='block_1_21' title="bbox 278 1105 1071 1140">
    <p class='ocr_par' dir='ltr' id='par_1_21' title="bbox 278 1105 1071 1140">
     <span class='ocr_line' id='line_1_21' title="bbox 278 1105 1071 1140; baseline 0.001 -9"><span class='ocrx_word' id='word_1_144' title='bbox 278 1105 334 1132; x_wconf 85' lang='lat' dir='ltr'><strong>alas</strong></span> <span class='ocrx_word' id='word_1_145' title='bbox 348 1106 356 1121; x_wconf 84' lang='grc'>¹</span> <span class='ocrx_word' id='word_1_146' title='bbox 378 1105 529 1140; x_wconf 88' lang='lat' dir='ltr'><strong>hujusmodi</strong></span> <span class='ocrx_word' id='word_1_147' title='bbox 553 1105 662 1132; x_wconf 81' lang='lat' dir='ltr'><strong>fallaciae</strong></span> <span class='ocrx_word' id='word_1_148' title='bbox 678 1105 775 1139; x_wconf 89' lang='lat' dir='ltr'><strong>ubique</strong></span> <span class='ocrx_word' id='word_1_149' title='bbox 785 1105 974 1132; x_wconf 81' lang='lat' dir='ltr'><strong>extendebant.</strong></span> <span class='ocrx_word' id='word_1_150' title='bbox 997 1105 1071 1133; x_wconf 88' lang='lat' dir='ltr'><strong>llanc</strong></span> 
     </span>
    </p>
   </div>
   <div class='ocr_carea' id='block_1_22' title="bbox 279 1149 1070 1185">
    <p class='ocr_par' dir='ltr' id='par_1_22' title="bbox 279 1149 1070 1185">
     <span class='ocr_line' id='line_1_22' title="bbox 279 1149 1070 1185; baseline 0 -9"><span class='ocrx_word' id='word_1_151' title='bbox 279 1150 367 1184; x_wconf 86' lang='lat' dir='ltr'><strong>itaque</strong></span> <span class='ocrx_word' id='word_1_152' title='bbox 381 1150 494 1177; x_wconf 88' lang='lat' dir='ltr'><strong>intentat</strong></span> <span class='ocrx_word' id='word_1_153' title='bbox 510 1150 705 1177; x_wconf 76' lang='lat' dir='ltr'><strong>accusationem</strong></span> <span class='ocrx_word' id='word_1_154' title='bbox 720 1157 780 1177; x_wconf 92' lang='lat' dir='ltr'><strong>cum</strong></span> <span class='ocrx_word' id='word_1_155' title='bbox 795 1150 860 1179; x_wconf 86' lang='lat' dir='ltr'><strong>dicit</strong></span> <span class='ocrx_word' id='word_1_156' title='bbox 874 1158 881 1176; x_wconf 89' lang='lat'><strong>:</strong></span> <span class='ocrx_word' id='word_1_157' title='bbox 896 1149 998 1184; x_wconf 75' lang='lat' dir='ltr'><strong>Auferet</strong></span> <span class='ocrx_word' id='word_1_158' title='bbox 1012 1150 1070 1185; x_wconf 87' lang='lat' dir='ltr'><strong>glo-</strong></span> 
     </span>
    </p>
   </div>
   <div class='ocr_carea' id='block_1_23' title="bbox 277 1195 1071 1229">
    <p class='ocr_par' dir='ltr' id='par_1_23' title="bbox 277 1195 1071 1229">
     <span class='ocr_line' id='line_1_23' title="bbox 277 1195 1071 1229; baseline 0.001 -8"><span class='ocrx_word' id='word_1_159' title='bbox 277 1196 342 1222; x_wconf 84' lang='lat' dir='ltr'><strong>riam</strong></span> <span class='ocrx_word' id='word_1_160' title='bbox 353 1195 491 1222; x_wconf 78' lang='lat' dir='ltr'><strong>vestimenti</strong></span> <span class='ocrx_word' id='word_1_161' title='bbox 503 1204 589 1222; x_wconf 86' lang='lat' dir='ltr'><strong>earum</strong></span> <span class='ocrx_word' id='word_1_162' title='bbox 599 1216 607 1227; x_wconf 89' lang='lat'><strong>,</strong></span> <span class='ocrx_word' id='word_1_163' title='bbox 620 1200 642 1222; x_wconf 87' lang='lat' dir='ltr'><strong>et</strong></span> <span class='ocrx_word' id='word_1_164' title='bbox 657 1200 774 1222; x_wconf 86' lang='lat' dir='ltr'><strong>ornatum</strong></span> <span class='ocrx_word' id='word_1_165' title='bbox 787 1204 873 1222; x_wconf 85' lang='lat' dir='ltr'><strong>earum</strong></span> <span class='ocrx_word' id='word_1_166' title='bbox 884 1216 892 1229; x_wconf 88' lang='lat'><strong>,</strong></span> <span class='ocrx_word' id='word_1_167' title='bbox 907 1200 929 1222; x_wconf 87' lang='lat' dir='ltr'><strong>et</strong></span> <span class='ocrx_word' id='word_1_168' title='bbox 943 1195 1071 1222; x_wconf 81' lang='lat' dir='ltr'><strong>cincinnos</strong></span> 
     </span>
    </p>
   </div>
   <div class='ocr_carea' id='block_1_24' title="bbox 279 1240 1070 1277">
    <p class='ocr_par' dir='ltr' id='par_1_24' title="bbox 279 1240 1070 1277">
     <span class='ocr_line' id='line_1_24' title="bbox 279 1240 1070 1277; baseline 0.003 -10"><span class='ocrx_word' id='word_1_169' title='bbox 279 1249 375 1274; x_wconf 82' lang='lat' dir='ltr'><strong>earum,</strong></span> <span class='ocrx_word' id='word_1_170' title='bbox 391 1245 415 1268; x_wconf 85' lang='lat' dir='ltr'><strong>et</strong></span> <span class='ocrx_word' id='word_1_171' title='bbox 427 1240 568 1276; x_wconf 79' lang='lat' dir='ltr'><strong>corymbos.</strong></span> <span class='ocrx_word' id='word_1_172' title='bbox 585 1241 732 1277; x_wconf 85' lang='lat' dir='ltr'><strong>Corymbus</strong></span> <span class='ocrx_word' id='word_1_173' title='bbox 744 1246 833 1269; x_wconf 84' lang='lat' dir='ltr'><strong>autem</strong></span> <span class='ocrx_word' id='word_1_174' title='bbox 846 1242 920 1274; x_wconf 88' lang='lat' dir='ltr'><strong>dicit,</strong></span> <span class='ocrx_word' id='word_1_175' title='bbox 935 1242 976 1269; x_wconf 88' lang='lat' dir='ltr'><strong>vel</strong></span> <span class='ocrx_word' id='word_1_176' title='bbox 990 1249 1070 1269; x_wconf 89' lang='lat' dir='ltr'><strong>orna-</strong></span> 
     </span>
    </p>
   </div>
   <div class='ocr_carea' id='block_1_25' title="bbox 279 1287 1071 1323">
    <p class='ocr_par' dir='ltr' id='par_1_25' title="bbox 279 1287 1071 1323">
     <span class='ocr_line' id='line_1_25' title="bbox 279 1287 1071 1323; baseline 0.001 -9"><span class='ocrx_word' id='word_1_177' title='bbox 279 1293 334 1314; x_wconf 89' lang='lat' dir='ltr'><strong>tum</strong></span> <span class='ocrx_word' id='word_1_178' title='bbox 346 1288 497 1323; x_wconf 89' lang='lat' dir='ltr'><strong>quempiam</strong></span> <span class='ocrx_word' id='word_1_179' title='bbox 508 1288 612 1322; x_wconf 81' lang='lat' dir='ltr'><strong>capitis,</strong></span> <span class='ocrx_word' id='word_1_180' title='bbox 627 1288 667 1315; x_wconf 85' lang='lat' dir='ltr'><strong>vel</strong></span> <span class='ocrx_word' id='word_1_181' title='bbox 679 1288 751 1315; x_wconf 66' lang='lat' dir='ltr'><strong>vitta:</strong></span> <span class='ocrx_word' id='word_1_182' title='bbox 761 1293 840 1323; x_wconf 83' lang='lat' dir='ltr'><strong>caput</strong></span> <span class='ocrx_word' id='word_1_183' title='bbox 851 1288 1004 1323; x_wconf 83' lang='lat' dir='ltr'><strong>stringentis</strong></span> <span class='ocrx_word' id='word_1_184' title='bbox 1018 1287 1071 1315; x_wconf 86' lang='lat' dir='ltr'><strong>for-</strong></span> 
     </span>
    </p>
   </div>
   <div class='ocr_carea' id='block_1_26' title="bbox 279 1332 1070 1362">
    <p class='ocr_par' dir='ltr' id='par_1_26' title="bbox 279 1332 1070 1362">
     <span class='ocr_line' id='line_1_26' title="bbox 279 1332 1070 1362; baseline 0.004 -4"><span class='ocrx_word' id='word_1_185' title='bbox 279 1340 360 1359; x_wconf 85' lang='lat' dir='ltr'><strong>mam.</strong></span> <span class='ocrx_word' id='word_1_186' title='bbox 378 1332 410 1359; x_wconf 85' lang='lat' dir='ltr'><strong>Et</strong></span> <span class='ocrx_word' id='word_1_187' title='bbox 430 1333 533 1360; x_wconf 87' lang='lat' dir='ltr'><strong>lunulas</strong></span> <span class='ocrx_word' id='word_1_188' title='bbox 548 1341 558 1359; x_wconf 89' lang='lat'><strong><em>:</em></strong></span> <span class='ocrx_word' id='word_1_189' title='bbox 572 1337 756 1360; x_wconf 84' lang='lat' dir='ltr'><strong>ornamentum</strong></span> <span class='ocrx_word' id='word_1_190' title='bbox 776 1333 877 1361; x_wconf 84' lang='lat' dir='ltr'><strong>scilicet</strong></span> <span class='ocrx_word' id='word_1_191' title='bbox 889 1334 959 1361; x_wconf 87' lang='lat' dir='ltr'><strong>circa</strong></span> <span class='ocrx_word' id='word_1_192' title='bbox 973 1334 1070 1362; x_wconf 91' lang='lat' dir='ltr'><strong>collum</strong></span> 
     </span>
    </p>
   </div>
   <div class='ocr_carea' id='block_1_27' title="bbox 278 1377 1070 1408">
    <p class='ocr_par' dir='ltr' id='par_1_27' title="bbox 278 1377 1070 1408">
     <span class='ocr_line' id='line_1_27' title="bbox 278 1377 1070 1408; baseline 0.004 -3"><span class='ocrx_word' id='word_1_193' title='bbox 278 1377 362 1405; x_wconf 89' lang='lat' dir='ltr'><strong>lunari</strong></span> <span class='ocrx_word' id='word_1_194' title='bbox 384 1378 479 1406; x_wconf 89' lang='lat' dir='ltr'><strong>forma.</strong></span> <span class='ocrx_word' id='word_1_195' title='bbox 507 1378 541 1405; x_wconf 88' lang='lat' dir='ltr'><strong>Et</strong></span> <span class='ocrx_word' id='word_1_196' title='bbox 565 1379 689 1407; x_wconf 74' lang='lat' dir='ltr'><strong>cat/tenta.</strong></span> <span class='ocrx_word' id='word_1_197' title='bbox 714 1380 794 1408; x_wconf 86' lang='lat' dir='ltr'><strong>Forte</strong></span> <span class='ocrx_word' id='word_1_198' title='bbox 817 1381 970 1408; x_wconf 84' lang='lat' dir='ltr'><strong>theristrum</strong></span> <span class='ocrx_word' id='word_1_199' title='bbox 996 1381 1070 1408; x_wconf 89' lang='lat' dir='ltr'><strong>dicit.</strong></span> 
     </span>
    </p>
   </div>
   <div class='ocr_carea' id='block_1_28' title="bbox 279 1424 1070 1460">
    <p class='ocr_par' dir='ltr' id='par_1_28' title="bbox 279 1424 1070 1460">
     <span class='ocr_line' id='line_1_28' title="bbox 279 1424 1070 1460; baseline 0.004 -9"><span class='ocrx_word' id='word_1_200' title='bbox 279 1424 313 1452; x_wconf 85' lang='lat' dir='ltr'><strong>Et</strong></span> <span class='ocrx_word' id='word_1_201' title='bbox 333 1429 450 1452; x_wconf 87' lang='lat' dir='ltr'><strong>ornatum</strong></span> <span class='ocrx_word' id='word_1_202' title='bbox 473 1425 548 1460; x_wconf 79' lang='lat' dir='ltr'><strong>faciei</strong></span> <span class='ocrx_word' id='word_1_203' title='bbox 571 1434 667 1453; x_wconf 84' lang='lat' dir='ltr'><strong>earum.</strong></span> <span class='ocrx_word' id='word_1_204' title='bbox 691 1426 740 1454; x_wconf 82' lang='lat' dir='ltr'><strong>Hic</strong></span> <span class='ocrx_word' id='word_1_205' title='bbox 765 1427 830 1454; x_wconf 90' lang='lat' dir='ltr'><strong>mihi</strong></span> <span class='ocrx_word' id='word_1_206' title='bbox 851 1427 956 1455; x_wconf 88' lang='lat' dir='ltr'><strong>videtur</strong></span> <span class='ocrx_word' id='word_1_207' title='bbox 983 1427 1070 1454; x_wconf 86' lang='lat' dir='ltr'><strong>fucum</strong></span> 
     </span>
    </p>
   </div>
   <div class='ocr_carea' id='block_1_29' title="bbox 278 1471 1070 1508">
    <p class='ocr_par' dir='ltr' id='par_1_29' title="bbox 278 1471 1070 1508">
     <span class='ocr_line' id='line_1_29' title="bbox 278 1471 1070 1508; baseline 0.004 -11"><span class='ocrx_word' id='word_1_208' title='bbox 278 1474 305 1497; x_wconf 85' lang='lat' dir='ltr'><strong>ct</strong></span> <span class='ocrx_word' id='word_1_209' title='bbox 320 1471 452 1505; x_wconf 81' lang='lat' dir='ltr'><strong>pigmenta</strong></span> <span class='ocrx_word' id='word_1_210' title='bbox 465 1471 643 1499; x_wconf 85' lang='lat' dir='ltr'><strong>subindicare.</strong></span> <span class='ocrx_word' id='word_1_211' title='bbox 658 1471 691 1498; x_wconf 84' lang='lat' dir='ltr'><strong>Et</strong></span> <span class='ocrx_word' id='word_1_212' title='bbox 706 1472 916 1508; x_wconf 75' lang='lat' dir='ltr'><strong>compositionem</strong></span> <span class='ocrx_word' id='word_1_213' title='bbox 931 1473 1070 1500; x_wconf 80' lang='lat' dir='ltr'><strong>ornamenti</strong></span> 
     </span>
    </p>
   </div>
   <div class='ocr_carea' id='block_1_30' title="bbox 279 1515 1071 1550">
    <p class='ocr_par' dir='ltr' id='par_1_30' title="bbox 279 1515 1071 1550">
     <span class='ocr_line' id='line_1_30' title="bbox 279 1515 1071 1550; baseline 0.005 -8"><span class='ocrx_word' id='word_1_214' title='bbox 279 1516 377 1550; x_wconf 58' lang='lat' dir='ltr'><strong>gloriae.</strong></span> <span class='ocrx_word' id='word_1_215' title='bbox 401 1515 457 1543; x_wconf 89' lang='lat' dir='ltr'><strong>lloe</strong></span> <span class='ocrx_word' id='word_1_216' title='bbox 476 1524 541 1544; x_wconf 91' lang='lat' dir='ltr'><strong>auro</strong></span> <span class='ocrx_word' id='word_1_217' title='bbox 564 1517 759 1545; x_wconf 90' lang='lat' dir='ltr'><strong>circumdatum</strong></span> <span class='ocrx_word' id='word_1_218' title='bbox 785 1518 859 1546; x_wconf 88' lang='lat' dir='ltr'><strong>dicit.</strong></span> <span class='ocrx_word' id='word_1_219' title='bbox 883 1518 916 1545; x_wconf 86' lang='lat' dir='ltr'><strong>Et</strong></span> <span class='ocrx_word' id='word_1_220' title='bbox 938 1518 1071 1546; x_wconf 73' lang='lat' dir='ltr'><strong>armillas:</strong></span> 
     </span>
    </p>
   </div>
   <div class='ocr_carea' id='block_1_31' title="bbox 279 1562 1072 1597">
    <p class='ocr_par' dir='ltr' id='par_1_31' title="bbox 279 1562 1072 1597">
     <span class='ocr_line' id='line_1_31' title="bbox 279 1562 1072 1597; baseline 0.006 -9"><span class='ocrx_word' id='word_1_221' title='bbox 279 1562 355 1589; x_wconf 86' lang='lat' dir='ltr'><strong>aurei</strong></span> <span class='ocrx_word' id='word_1_222' title='bbox 367 1569 462 1597; x_wconf 83' lang='lat' dir='ltr'><strong>nempe</strong></span> <span class='ocrx_word' id='word_1_223' title='bbox 481 1567 590 1591; x_wconf 85' lang='lat' dir='ltr'><strong>ornatus</strong></span> <span class='ocrx_word' id='word_1_224' title='bbox 607 1564 676 1590; x_wconf 79' lang='lat' dir='ltr'><strong>circa</strong></span> <span class='ocrx_word' id='word_1_225' title='bbox 690 1563 808 1592; x_wconf 88' lang='lat' dir='ltr'><strong>brachia.</strong></span> <span class='ocrx_word' id='word_1_226' title='bbox 825 1563 858 1591; x_wconf 84' lang='lat' dir='ltr'><strong>Et</strong></span> <span class='ocrx_word' id='word_1_227' title='bbox 878 1564 1050 1592; x_wconf 69' lang='lat' dir='ltr'><strong>dextrae/aeria</strong></span> <span class='ocrx_word' id='word_1_228' title='bbox 1062 1573 1072 1593; x_wconf 91' lang='lat'><strong><em>:</em></strong></span> 
     </span>
    </p>
   </div>
   <div class='ocr_carea' id='block_1_32' title="bbox 279 1609 1071 1644">
    <p class='ocr_par' dir='ltr' id='par_1_32' title="bbox 279 1609 1071 1644">
     <span class='ocr_line' id='line_1_32' title="bbox 279 1609 1071 1644; baseline 0.004 -9"><span class='ocrx_word' id='word_1_229' title='bbox 279 1609 349 1636; x_wconf 86' lang='lat' dir='ltr'><strong>circa</strong></span> <span class='ocrx_word' id='word_1_230' title='bbox 368 1616 492 1636; x_wconf 87' lang='lat' dir='ltr'><strong>manuum</strong></span> <span class='ocrx_word' id='word_1_231' title='bbox 503 1609 650 1644; x_wconf 90' lang='lat' dir='ltr'><strong>juncturas.</strong></span> <span class='ocrx_word' id='word_1_232' title='bbox 672 1609 705 1637; x_wconf 89' lang='lat' dir='ltr'><strong>Et</strong></span> <span class='ocrx_word' id='word_1_233' title='bbox 719 1610 851 1637; x_wconf 79' lang='lat' dir='ltr'><strong>reticulum</strong></span> <span class='ocrx_word' id='word_1_234' title='bbox 863 1617 872 1636; x_wconf 89' lang='lat'><strong><em>:</em></strong></span> <span class='ocrx_word' id='word_1_235' title='bbox 886 1615 1071 1638; x_wconf 89' lang='lat' dir='ltr'><strong>ornamentum</strong></span> 
     </span>
    </p>
   </div>
   <div class='ocr_carea' id='block_1_33' title="bbox 279 1655 1072 1692">
    <p class='ocr_par' dir='ltr' id='par_1_33' title="bbox 279 1655 1072 1692">
     <span class='ocr_line' id='line_1_33' title="bbox 279 1655 1072 1692; baseline 0.004 -11"><span class='ocrx_word' id='word_1_236' title='bbox 279 1662 388 1682; x_wconf 89' lang='lat' dir='ltr'><strong>aureum</strong></span> <span class='ocrx_word' id='word_1_237' title='bbox 402 1655 472 1682; x_wconf 87' lang='lat' dir='ltr'><strong>circa</strong></span> <span class='ocrx_word' id='word_1_238' title='bbox 486 1659 575 1690; x_wconf 88' lang='lat' dir='ltr'><strong>caput.</strong></span> <span class='ocrx_word' id='word_1_239' title='bbox 591 1655 625 1682; x_wconf 89' lang='lat' dir='ltr'><strong>Et</strong></span> <span class='ocrx_word' id='word_1_240' title='bbox 637 1656 755 1688; x_wconf 80' lang='lat' dir='ltr'><strong>annales,</strong></span> <span class='ocrx_word' id='word_1_241' title='bbox 771 1656 955 1690; x_wconf 69' lang='lat' dir='ltr'><strong>dextrae/toria,</strong></span> <span class='ocrx_word' id='word_1_242' title='bbox 971 1662 993 1684; x_wconf 90' lang='lat' dir='ltr'><strong>et</strong></span> <span class='ocrx_word' id='word_1_243' title='bbox 1007 1665 1072 1692; x_wconf 78' lang='lat' dir='ltr'><strong>prte-</strong></span> 
     </span>
    </p>
   </div>
   <div class='ocr_carea' id='block_1_34' title="bbox 279 1702 1070 1739">
    <p class='ocr_par' dir='ltr' id='par_1_34' title="bbox 279 1702 1070 1739">
     <span class='ocr_line' id='line_1_34' title="bbox 279 1702 1070 1739; baseline 0.004 -13"><span class='ocrx_word' id='word_1_244' title='bbox 279 1705 346 1727; x_wconf 67' lang='lat' dir='ltr'><strong>texta</strong></span> <span class='ocrx_word' id='word_1_245' title='bbox 357 1709 480 1735; x_wconf 83' lang='lat' dir='ltr'><strong>purpura,</strong></span> <span class='ocrx_word' id='word_1_246' title='bbox 490 1706 512 1728; x_wconf 87' lang='lat' dir='ltr'><strong>et</strong></span> <span class='ocrx_word' id='word_1_247' title='bbox 521 1702 618 1728; x_wconf 84' lang='lat' dir='ltr'><strong>clavata</strong></span> <span class='ocrx_word' id='word_1_248' title='bbox 629 1711 752 1737; x_wconf 82' lang='lat' dir='ltr'><strong>purpura,</strong></span> <span class='ocrx_word' id='word_1_249' title='bbox 764 1707 785 1729; x_wconf 81' lang='lat' dir='ltr'><strong>et</strong></span> <span class='ocrx_word' id='word_1_250' title='bbox 799 1711 895 1738; x_wconf 80' lang='lat' dir='ltr'><strong>pannos</strong></span> <span class='ocrx_word' id='word_1_251' title='bbox 906 1712 950 1739; x_wconf 87' lang='lat' dir='ltr'><strong>per</strong></span> <span class='ocrx_word' id='word_1_252' title='bbox 957 1704 1070 1736; x_wconf 88' lang='lat' dir='ltr'><strong>domum,</strong></span> 
     </span>
    </p>
   </div>
   <div class='ocr_carea' id='block_1_35' title="bbox 279 1744 1071 1783">
    <p class='ocr_par' dir='ltr' id='par_1_35' title="bbox 279 1744 1071 1783">
     <span class='ocr_line' id='line_1_35' title="bbox 279 1744 1071 1783; baseline 0.006 -12"><span class='ocrx_word' id='word_1_253' title='bbox 279 1750 302 1771; x_wconf 70' lang='lat' dir='ltr'><strong>et</strong></span> <span class='ocrx_word' id='word_1_254' title='bbox 323 1744 448 1779; x_wconf 73' lang='lat' dir='ltr'><strong>pellucida</strong></span> <span class='ocrx_word' id='word_1_255' title='bbox 468 1745 604 1772; x_wconf 86' lang='lat' dir='ltr'><strong>Laconica.</strong></span> <span class='ocrx_word' id='word_1_256' title='bbox 621 1746 733 1774; x_wconf 88' lang='lat' dir='ltr'><strong>Tantutn</strong></span> <span class='ocrx_word' id='word_1_257' title='bbox 756 1747 827 1774; x_wconf 89' lang='lat' dir='ltr'><strong>enim</strong></span> <span class='ocrx_word' id='word_1_258' title='bbox 843 1748 908 1783; x_wconf 85' lang='lat' dir='ltr'><strong>ipsis</strong></span> <span class='ocrx_word' id='word_1_259' title='bbox 928 1748 1013 1776; x_wconf 87' lang='lat' dir='ltr'><strong>inerat</strong></span> <span class='ocrx_word' id='word_1_260' title='bbox 1032 1749 1071 1776; x_wconf 85' lang='lat' dir='ltr'><strong>la-</strong></span> 
     </span>
    </p>
   </div>
   <div class='ocr_carea' id='block_1_36' title="bbox 278 1791 1072 1830">
    <p class='ocr_par' dir='ltr' id='par_1_36' title="bbox 278 1791 1072 1830">
     <span class='ocr_line' id='line_1_36' title="bbox 278 1791 1072 1830; baseline 0.005 -13"><span class='ocrx_word' id='word_1_261' title='bbox 278 1791 367 1818; x_wconf 63' lang='lat' dir='ltr'><strong>scivia:</strong></span> <span class='ocrx_word' id='word_1_262' title='bbox 382 1791 498 1817; x_wconf 89' lang='lat' dir='ltr'><strong>studium</strong></span> <span class='ocrx_word' id='word_1_263' title='bbox 510 1811 518 1824; x_wconf 93' lang='lat'><strong>,</strong></span> <span class='ocrx_word' id='word_1_264' title='bbox 545 1796 573 1818; x_wconf 93' lang='lat' dir='ltr'><strong>ut</strong></span> <span class='ocrx_word' id='word_1_265' title='bbox 588 1799 640 1818; x_wconf 91' lang='lat' dir='ltr'><strong>non</strong></span> <span class='ocrx_word' id='word_1_266' title='bbox 661 1792 739 1819; x_wconf 89' lang='lat' dir='ltr'><strong>modo</strong></span> <span class='ocrx_word' id='word_1_267' title='bbox 753 1792 785 1819; x_wconf 89' lang='lat' dir='ltr'><strong>iis</strong></span> <span class='ocrx_word' id='word_1_268' title='bbox 805 1797 941 1821; x_wconf 84' lang='lat' dir='ltr'><strong>uterentur</strong></span> <span class='ocrx_word' id='word_1_269' title='bbox 952 1814 959 1826; x_wconf 93' lang='lat'><strong>,</strong></span> <span class='ocrx_word' id='word_1_270' title='bbox 973 1802 1031 1830; x_wconf 72' lang='lat' dir='ltr'><strong>quae</strong></span> <span class='ocrx_word' id='word_1_271' title='bbox 1047 1794 1072 1821; x_wconf 91' lang='lat' dir='ltr'><strong>in</strong></span> 
     </span>
    </p>
   </div>
   <div class='ocr_carea' id='block_1_37' title="bbox 278 1835 1069 1874">
    <p class='ocr_par' dir='ltr' id='par_1_37' title="bbox 278 1835 1069 1874">
     <span class='ocr_line' id='line_1_37' title="bbox 278 1835 1069 1874; baseline 0.006 -12"><span class='ocrx_word' id='word_1_272' title='bbox 278 1842 325 1862; x_wconf 86' lang='lat' dir='ltr'><strong>sua</strong></span> <span class='ocrx_word' id='word_1_273' title='bbox 340 1835 448 1869; x_wconf 82' lang='lat' dir='ltr'><strong>regione</strong></span> <span class='ocrx_word' id='word_1_274' title='bbox 467 1839 560 1868; x_wconf 86' lang='lat' dir='ltr'><strong>erant,</strong></span> <span class='ocrx_word' id='word_1_275' title='bbox 577 1836 624 1863; x_wconf 89' lang='lat' dir='ltr'><strong>sed</strong></span> <span class='ocrx_word' id='word_1_276' title='bbox 640 1837 720 1864; x_wconf 88' lang='lat' dir='ltr'><strong>etiam</strong></span> <span class='ocrx_word' id='word_1_277' title='bbox 736 1845 770 1865; x_wconf 79' lang='lat' dir='ltr'><strong>ex</strong></span> <span class='ocrx_word' id='word_1_278' title='bbox 784 1838 871 1866; x_wconf 86' lang='lat' dir='ltr'><strong>aliena</strong></span> <span class='ocrx_word' id='word_1_279' title='bbox 887 1843 956 1866; x_wconf 92' lang='lat' dir='ltr'><strong>terra</strong></span> <span class='ocrx_word' id='word_1_280' title='bbox 980 1839 1069 1874; x_wconf 89' lang='lat' dir='ltr'><strong>procul</strong></span> 
     </span>
    </p>
   </div>
   <div class='ocr_carea' id='block_1_38' title="bbox 279 1880 1070 1916">
    <p class='ocr_par' dir='ltr' id='par_1_38' title="bbox 279 1880 1070 1916">
     <span class='ocr_line' id='line_1_38' title="bbox 279 1880 1070 1916; baseline 0.009 -10"><span class='ocrx_word' id='word_1_281' title='bbox 279 1880 337 1906; x_wconf 87' lang='lat' dir='ltr'><strong>illas</strong></span> <span class='ocrx_word' id='word_1_282' title='bbox 358 1880 453 1907; x_wconf 84' lang='lat' dir='ltr'><strong>advehi</strong></span> <span class='ocrx_word' id='word_1_283' title='bbox 481 1888 604 1908; x_wconf 88' lang='lat' dir='ltr'><strong>curarent</strong></span> <span class='ocrx_word' id='word_1_284' title='bbox 627 1890 673 1916; x_wconf 89' lang='lat' dir='ltr'><strong>per</strong></span> <span class='ocrx_word' id='word_1_285' title='bbox 689 1884 881 1911; x_wconf 88' lang='lat' dir='ltr'><strong>transmarinos</strong></span> <span class='ocrx_word' id='word_1_286' title='bbox 896 1891 1070 1914; x_wconf 77' lang='lat' dir='ltr'><strong>commeatus.</strong></span> 
     </span>
    </p>
   </div>
   <div class='ocr_carea' id='block_1_39' title="bbox 279 1926 1072 1964">
    <p class='ocr_par' dir='ltr' id='par_1_39' title="bbox 279 1926 1072 1964">
     <span class='ocr_line' id='line_1_39' title="bbox 279 1926 1072 1964; baseline 0.011 -13"><span class='ocrx_word' id='word_1_287' title='bbox 279 1926 389 1952; x_wconf 86' lang='lat' dir='ltr'><strong>Multum</strong></span> <span class='ocrx_word' id='word_1_288' title='bbox 404 1927 475 1953; x_wconf 89' lang='lat' dir='ltr'><strong>enim</strong></span> <span class='ocrx_word' id='word_1_289' title='bbox 490 1927 604 1962; x_wconf 89' lang='lat' dir='ltr'><strong>spatium</strong></span> <span class='ocrx_word' id='word_1_290' title='bbox 625 1933 652 1955; x_wconf 92' lang='lat' dir='ltr'><strong>ct</strong></span> <span class='ocrx_word' id='word_1_291' title='bbox 667 1930 774 1964; x_wconf 79' lang='lat' dir='ltr'><strong>pelagus</strong></span> <span class='ocrx_word' id='word_1_292' title='bbox 789 1930 947 1959; x_wconf 85' lang='lat' dir='ltr'><strong>immensum</strong></span> <span class='ocrx_word' id='word_1_293' title='bbox 968 1936 1010 1960; x_wconf 87' lang='lat' dir='ltr'><strong>est</strong></span> <span class='ocrx_word' id='word_1_294' title='bbox 1023 1933 1072 1959; x_wconf 88' lang='lat' dir='ltr'><strong>Pa-</strong></span> 
     </span>
    </p>
   </div>
   <div class='ocr_carea' id='block_1_40' title="bbox 277 1971 771 2001">
    <p class='ocr_par' dir='ltr' id='par_1_40' title="bbox 277 1971 771 2001">
     <span class='ocr_line' id='line_1_40' title="bbox 277 1971 771 2001; baseline 0.008 -4"><span class='ocrx_word' id='word_1_295' title='bbox 277 1971 407 1998; x_wconf 66' lang='lat' dir='ltr'><strong>laestinam</strong></span> <span class='ocrx_word' id='word_1_296' title='bbox 421 1971 490 1999; x_wconf 88' lang='lat' dir='ltr'><strong>inter</strong></span> <span class='ocrx_word' id='word_1_297' title='bbox 502 1977 529 1999; x_wconf 87' lang='lat' dir='ltr'><strong>et</strong></span> <span class='ocrx_word' id='word_1_298' title='bbox 545 1972 771 2001; x_wconf 72' lang='lat' dir='ltr'><strong>Lacedaemonem.</strong></span> 
     </span>
    </p>
   </div>
   <div class='ocr_carea' id='block_1_41' title="bbox 315 2017 1070 2056">
    <p class='ocr_par' dir='ltr' id='par_1_41' title="bbox 315 2017 1070 2056">
     <span class='ocr_line' id='line_1_41' title="bbox 315 2017 1070 2056; baseline 0.007 -11"><span class='ocrx_word' id='word_1_299' title='bbox 315 2017 342 2045; x_wconf 86' lang='lat'><strong>9.</strong></span> <span class='ocrx_word' id='word_1_300' title='bbox 362 2017 420 2045; x_wconf 86' lang='lat' dir='ltr'><strong>Non</strong></span> <span class='ocrx_word' id='word_1_301' title='bbox 439 2019 498 2046; x_wconf 85' lang='lat' dir='ltr'><strong>sine</strong></span> <span class='ocrx_word' id='word_1_302' title='bbox 519 2026 598 2046; x_wconf 86' lang='lat' dir='ltr'><strong>causa</strong></span> <span class='ocrx_word' id='word_1_303' title='bbox 614 2019 691 2055; x_wconf 80' lang='lat' dir='ltr'><strong>igitur</strong></span> <span class='ocrx_word' id='word_1_304' title='bbox 708 2021 842 2055; x_wconf 88' lang='lat' dir='ltr'><strong>regionem</strong></span> <span class='ocrx_word' id='word_1_305' title='bbox 861 2022 965 2056; x_wconf 89' lang='lat' dir='ltr'><strong>posuit,</strong></span> <span class='ocrx_word' id='word_1_306' title='bbox 989 2024 1070 2051; x_wconf 86' lang='lat' dir='ltr'><strong>misso</strong></span> 
     </span>
    </p>
   </div>
   <div class='ocr_carea' id='block_1_42' title="bbox 277 2063 1069 2101">
    <p class='ocr_par' dir='ltr' id='par_1_42' title="bbox 277 2063 1069 2101">
     <span class='ocr_line' id='line_1_42' title="bbox 277 2063 1069 2101; baseline 0.008 -12"><span class='ocrx_word' id='word_1_307' title='bbox 277 2063 495 2090; x_wconf 85' lang='lat' dir='ltr'><strong>vestimentorum</strong></span> <span class='ocrx_word' id='word_1_308' title='bbox 515 2064 638 2096; x_wconf 85' lang='lat' dir='ltr'><strong>nomine,</strong></span> <span class='ocrx_word' id='word_1_309' title='bbox 657 2065 704 2092; x_wconf 87' lang='lat' dir='ltr'><strong>sed</strong></span> <span class='ocrx_word' id='word_1_310' title='bbox 721 2069 749 2092; x_wconf 92' lang='lat' dir='ltr'><strong>nt</strong></span> <span class='ocrx_word' id='word_1_311' title='bbox 769 2066 901 2101; x_wconf 75' lang='lat' dir='ltr'><strong>ingentem</strong></span> <span class='ocrx_word' id='word_1_312' title='bbox 921 2075 1012 2095; x_wconf 88' lang='lat' dir='ltr'><strong>eartnn</strong></span> <span class='ocrx_word' id='word_1_313' title='bbox 1029 2069 1069 2095; x_wconf 90' lang='lat' dir='ltr'><strong>lu-</strong></span> 
     </span>
    </p>
   </div>
   <div class='ocr_carea' id='block_1_43' title="bbox 276 2108 1070 2147">
    <p class='ocr_par' dir='ltr' id='par_1_43' title="bbox 276 2108 1070 2147">
     <span class='ocr_line' id='line_1_43' title="bbox 276 2108 1070 2147; baseline 0.008 -12"><span class='ocrx_word' id='word_1_314' title='bbox 276 2116 339 2135; x_wconf 79' lang='lat' dir='ltr'><strong>xum</strong></span> <span class='ocrx_word' id='word_1_315' title='bbox 352 2108 558 2137; x_wconf 87' lang='lat' dir='ltr'><strong>demonstraret.</strong></span> <span class='ocrx_word' id='word_1_316' title='bbox 574 2109 607 2137; x_wconf 81' lang='lat' dir='ltr'><strong>Et</strong></span> <span class='ocrx_word' id='word_1_317' title='bbox 620 2111 720 2146; x_wconf 82' lang='lat' dir='ltr'><strong>byssina</strong></span> <span class='ocrx_word' id='word_1_318' title='bbox 732 2117 755 2138; x_wconf 88' lang='lat' dir='ltr'><strong>et</strong></span> <span class='ocrx_word' id='word_1_319' title='bbox 769 2112 941 2147; x_wconf 76' lang='lat' dir='ltr'><strong>hyacinthina,</strong></span> <span class='ocrx_word' id='word_1_320' title='bbox 955 2120 978 2140; x_wconf 88' lang='lat' dir='ltr'><strong>et</strong></span> <span class='ocrx_word' id='word_1_321' title='bbox 990 2115 1070 2141; x_wconf 83' lang='lat' dir='ltr'><strong>cocci-</strong></span> 
     </span>
    </p>
   </div>
   <div class='ocr_carea' id='block_1_44' title="bbox 276 2154 1070 2192">
    <p class='ocr_par' dir='ltr' id='par_1_44' title="bbox 276 2154 1070 2192">
     <span class='ocr_line' id='line_1_44' title="bbox 276 2154 1070 2192; baseline 0.009 -12"><span class='ocrx_word' id='word_1_322' title='bbox 276 2162 340 2186; x_wconf 85' lang='lat' dir='ltr'><strong>nea,</strong></span> <span class='ocrx_word' id='word_1_323' title='bbox 357 2159 380 2180; x_wconf 80' lang='lat' dir='ltr'><strong>et</strong></span> <span class='ocrx_word' id='word_1_324' title='bbox 392 2154 494 2190; x_wconf 85' lang='lat' dir='ltr'><strong>byssuut</strong></span> <span class='ocrx_word' id='word_1_325' title='bbox 514 2163 570 2182; x_wconf 87' lang='lat' dir='ltr'><strong>cum</strong></span> <span class='ocrx_word' id='word_1_326' title='bbox 588 2164 651 2182; x_wconf 90' lang='lat' dir='ltr'><strong>auro</strong></span> <span class='ocrx_word' id='word_1_327' title='bbox 669 2161 691 2182; x_wconf 83' lang='lat' dir='ltr'><strong>et</strong></span> <span class='ocrx_word' id='word_1_328' title='bbox 708 2157 843 2192; x_wconf 83' lang='lat' dir='ltr'><strong>hyacintho</strong></span> <span class='ocrx_word' id='word_1_329' title='bbox 863 2165 1005 2186; x_wconf 76' lang='lat' dir='ltr'><strong>contextam</strong></span> <span class='ocrx_word' id='word_1_330' title='bbox 1018 2181 1024 2192; x_wconf 85' lang='lat'><strong>,</strong></span> <span class='ocrx_word' id='word_1_331' title='bbox 1045 2165 1070 2188; x_wconf 84' lang='lat' dir='ltr'><strong>et</strong></span> 
     </span>
    </p>
   </div>
   <div class='ocr_carea' id='block_1_45' title="bbox 277 2199 1069 2238">
    <p class='ocr_par' dir='ltr' id='par_1_45' title="bbox 277 2199 1069 2238">
     <span class='ocr_line' id='line_1_45' title="bbox 277 2199 1069 2238; baseline 0.011 -14"><span class='ocrx_word' id='word_1_332' title='bbox 277 2199 393 2225; x_wconf 82' lang='lat' dir='ltr'><strong>theristra</strong></span> <span class='ocrx_word' id='word_1_333' title='bbox 411 2207 474 2226; x_wconf 87' lang='lat' dir='ltr'><strong>auro</strong></span> <span class='ocrx_word' id='word_1_334' title='bbox 497 2201 627 2226; x_wconf 84' lang='lat' dir='ltr'><strong>adstricta.</strong></span> <span class='ocrx_word' id='word_1_335' title='bbox 648 2200 753 2228; x_wconf 85' lang='lat' dir='ltr'><strong>Nullam</strong></span> <span class='ocrx_word' id='word_1_336' title='bbox 767 2203 837 2230; x_wconf 88' lang='lat' dir='ltr'><strong>enim</strong></span> <span class='ocrx_word' id='word_1_337' title='bbox 850 2205 965 2238; x_wconf 78' lang='lat' dir='ltr'><strong>sprciem</strong></span> <span class='ocrx_word' id='word_1_338' title='bbox 987 2206 1027 2232; x_wconf 86' lang='lat' dir='ltr'><strong>vel</strong></span> <span class='ocrx_word' id='word_1_339' title='bbox 1042 2205 1069 2233; x_wconf 93' lang='lat' dir='ltr'><strong>in</strong></span> 
     </span>
    </p>
   </div>
   <div class='ocr_carea' id='block_1_46' title="bbox 278 2243 1069 2282">
    <p class='ocr_par' dir='ltr' id='par_1_46' title="bbox 278 2243 1069 2282">
     <span class='ocr_line' id='line_1_46' title="bbox 278 2243 1069 2282; baseline 0.011 -13"><span class='ocrx_word' id='word_1_340' title='bbox 278 2243 443 2271; x_wconf 72' lang='lat' dir='ltr'><strong>vestimentis</strong></span> <span class='ocrx_word' id='word_1_341' title='bbox 453 2244 493 2271; x_wconf 93' lang='lat' dir='ltr'><strong>vel</strong></span> <span class='ocrx_word' id='word_1_342' title='bbox 505 2244 531 2271; x_wconf 92' lang='lat' dir='ltr'><strong>in</strong></span> <span class='ocrx_word' id='word_1_343' title='bbox 540 2245 594 2272; x_wconf 88' lang='lat' dir='ltr'><strong>alio</strong></span> <span class='ocrx_word' id='word_1_344' title='bbox 605 2251 699 2273; x_wconf 87' lang='lat' dir='ltr'><strong>ornatu</strong></span> <span class='ocrx_word' id='word_1_345' title='bbox 711 2247 890 2282; x_wconf 87' lang='lat' dir='ltr'><strong>reliquerunt;</strong></span> <span class='ocrx_word' id='word_1_346' title='bbox 905 2250 950 2276; x_wconf 86' lang='lat' dir='ltr'><strong>sed</strong></span> <span class='ocrx_word' id='word_1_347' title='bbox 962 2258 1069 2278; x_wconf 89' lang='lat' dir='ltr'><strong>onmem</strong></span> 
     </span>
    </p>
   </div>
   <div class='ocr_carea' id='block_1_47' title="bbox 276 2289 1069 2332">
    <p class='ocr_par' dir='ltr' id='par_1_47' title="bbox 276 2289 1069 2332">
     <span class='ocr_line' id='line_1_47' title="bbox 276 2289 1069 2332; baseline 0.011 -17"><span class='ocrx_word' id='word_1_348' title='bbox 276 2289 354 2316; x_wconf 82' lang='lat' dir='ltr'><strong>luxus</strong></span> <span class='ocrx_word' id='word_1_349' title='bbox 364 2290 434 2317; x_wconf 88' lang='lat' dir='ltr'><strong>viam</strong></span> <span class='ocrx_word' id='word_1_350' title='bbox 447 2294 592 2324; x_wconf 84' lang='lat' dir='ltr'><strong>tentarunt,</strong></span> <span class='ocrx_word' id='word_1_351' title='bbox 606 2299 638 2319; x_wconf 85' lang='lat' dir='ltr'><strong>ex</strong></span> <span class='ocrx_word' id='word_1_352' title='bbox 652 2292 766 2320; x_wconf 68' lang='lat' dir='ltr'><strong>lascivia:</strong></span> <span class='ocrx_word' id='word_1_353' title='bbox 779 2295 916 2329; x_wconf 80' lang='lat' dir='ltr'><strong>tyrannide</strong></span> <span class='ocrx_word' id='word_1_354' title='bbox 927 2296 1069 2332; x_wconf 85' lang='lat' dir='ltr'><strong>lymphatis</strong></span> 
     </span>
    </p>
   </div>
   <div class='ocr_carea' id='block_1_48' title="bbox 275 2334 385 2362">
    <p class='ocr_par' dir='ltr' id='par_1_48' title="bbox 275 2334 385 2362">
     <span class='ocr_line' id='line_1_48' title="bbox 275 2334 385 2362; baseline 0 -1"><span class='ocrx_word' id='word_1_355' title='bbox 275 2334 385 2362; x_wconf 86' lang='lat' dir='ltr'><strong>similes.</strong></span> 
     </span>
    </p>
   </div>
   <div class='ocr_carea' id='block_1_49' title="bbox 314 2379 1067 2419">
    <p class='ocr_par' dir='ltr' id='par_1_49' title="bbox 314 2379 1067 2419">
     <span class='ocr_line' id='line_1_49' title="bbox 314 2379 1067 2419; baseline 0.011 -13"><span class='ocrx_word' id='word_1_356' title='bbox 314 2379 453 2407; x_wconf 75' lang='lat' dir='ltr'><strong>Mulierum</strong></span> <span class='ocrx_word' id='word_1_357' title='bbox 465 2381 567 2408; x_wconf 75' lang='lat' dir='ltr'><strong>lascivia</strong></span> <span class='ocrx_word' id='word_1_358' title='bbox 584 2387 694 2418; x_wconf 82' lang='lat' dir='ltr'><strong>tempore</strong></span> <span class='ocrx_word' id='word_1_359' title='bbox 709 2383 889 2419; x_wconf 80' lang='lat' dir='ltr'><strong>Chrysostami.</strong></span> <span class='ocrx_word' id='word_1_360' title='bbox 907 2401 939 2405; x_wconf 98' lang='lat'><strong>—</strong></span> <span class='ocrx_word' id='word_1_361' title='bbox 949 2385 1031 2414; x_wconf 85' lang='lat' dir='ltr'><strong>Porro</strong></span> <span class='ocrx_word' id='word_1_362' title='bbox 1045 2387 1067 2414; x_wconf 89' lang='lat' dir='ltr'><strong>si</strong></span> 
     </span>
    </p>
   </div>
   <div class='ocr_carea' id='block_1_50' title="bbox 277 2426 1068 2466">
    <p class='ocr_par' dir='ltr' id='par_1_50' title="bbox 277 2426 1068 2466">
     <span class='ocr_line' id='line_1_50' title="bbox 277 2426 1068 2466; baseline 0.01 -14"><span class='ocrx_word' id='word_1_363' title='bbox 277 2426 319 2453; x_wconf 76' lang='lat' dir='ltr'><strong>hae</strong></span> <span class='ocrx_word' id='word_1_364' title='bbox 339 2430 401 2454; x_wconf 89' lang='lat' dir='ltr'><strong>tunc</strong></span> <span class='ocrx_word' id='word_1_365' title='bbox 412 2427 611 2456; x_wconf 87' lang='lat' dir='ltr'><strong>criminationes</strong></span> <span class='ocrx_word' id='word_1_366' title='bbox 624 2429 804 2457; x_wconf 78' lang='lat' dir='ltr'><strong>offerebantur</strong></span> <span class='ocrx_word' id='word_1_367' title='bbox 818 2436 880 2458; x_wconf 89' lang='lat' dir='ltr'><strong>ante</strong></span> <span class='ocrx_word' id='word_1_368' title='bbox 896 2433 1007 2466; x_wconf 79' lang='lat' dir='ltr'><strong>gratiam</strong></span> <span class='ocrx_word' id='word_1_369' title='bbox 1017 2453 1024 2464; x_wconf 88' lang='lat'><strong>,</strong></span> <span class='ocrx_word' id='word_1_370' title='bbox 1041 2437 1068 2460; x_wconf 89' lang='lat' dir='ltr'><strong>et</strong></span> 
     </span>
    </p>
   </div>
   <div class='ocr_carea' id='block_1_51' title="bbox 275 2472 1066 2512">
    <p class='ocr_par' dir='ltr' id='par_1_51' title="bbox 275 2472 1066 2512">
     <span class='ocr_line' id='line_1_51' title="bbox 275 2472 1066 2512; baseline 0.006 -13"><span class='ocrx_word' id='word_1_371' title='bbox 275 2474 338 2499; x_wconf 82' lang='lat' dir='ltr'><strong>ante</strong></span> <span class='ocrx_word' id='word_1_372' title='bbox 352 2476 451 2499; x_wconf 87' lang='lat' dir='ltr'><strong>tantam</strong></span> <span class='ocrx_word' id='word_1_373' title='bbox 463 2472 656 2509; x_wconf 85' lang='lat' dir='ltr'><strong>philosophiam</strong></span> <span class='ocrx_word' id='word_1_374' title='bbox 667 2496 674 2508; x_wconf 92' lang='lat'><strong>,</strong></span> <span class='ocrx_word' id='word_1_375' title='bbox 687 2484 764 2510; x_wconf 91' lang='lat' dir='ltr'><strong>quam</strong></span> <span class='ocrx_word' id='word_1_376' title='bbox 780 2477 882 2503; x_wconf 84' lang='lat' dir='ltr'><strong>veniam</strong></span> <span class='ocrx_word' id='word_1_377' title='bbox 899 2485 1066 2512; x_wconf 82' lang='lat' dir='ltr'><strong>consequan-</strong></span> 
     </span>
    </p>
   </div>
   <div class='ocr_carea' id='block_1_52' title="bbox 275 2516 1066 2557">
    <p class='ocr_par' dir='ltr' id='par_1_52' title="bbox 275 2516 1066 2557">
     <span class='ocr_line' id='line_1_52' title="bbox 275 2516 1066 2557; baseline 0.009 -14"><span class='ocrx_word' id='word_1_378' title='bbox 275 2522 317 2544; x_wconf 91' lang='lat' dir='ltr'><strong>tur</strong></span> <span class='ocrx_word' id='word_1_379' title='bbox 332 2516 393 2549; x_wconf 72' lang='lat' dir='ltr'><strong>illre,</strong></span> <span class='ocrx_word' id='word_1_380' title='bbox 408 2525 468 2552; x_wconf 64' lang='lat' dir='ltr'><strong>qute</strong></span> <span class='ocrx_word' id='word_1_381' title='bbox 481 2526 551 2546; x_wconf 91' lang='lat' dir='ltr'><strong>nunc</strong></span> <span class='ocrx_word' id='word_1_382' title='bbox 566 2520 593 2546; x_wconf 94' lang='lat' dir='ltr'><strong>in</strong></span> <span class='ocrx_word' id='word_1_383' title='bbox 605 2521 698 2548; x_wconf 69' lang='lat' dir='ltr'><strong>emittm</strong></span> <span class='ocrx_word' id='word_1_384' title='bbox 714 2527 850 2554; x_wconf 85' lang='lat' dir='ltr'><strong>vocantur,</strong></span> <span class='ocrx_word' id='word_1_385' title='bbox 860 2527 888 2549; x_wconf 92' lang='lat' dir='ltr'><strong>et</strong></span> <span class='ocrx_word' id='word_1_386' title='bbox 901 2523 933 2549; x_wconf 89' lang='lat' dir='ltr'><strong>ad</strong></span> <span class='ocrx_word' id='word_1_387' title='bbox 949 2523 1066 2557; x_wconf 81' lang='lat' dir='ltr'><strong>longiora</strong></span> 
     </span>
    </p>
   </div>
   <div class='ocr_carea' id='block_1_53' title="bbox 273 2562 1067 2600">
    <p class='ocr_par' dir='ltr' id='par_1_53' title="bbox 273 2562 1067 2600">
     <span class='ocr_line' id='line_1_53' title="bbox 273 2562 1067 2600; baseline 0.011 -14"><span class='ocrx_word' id='word_1_388' title='bbox 273 2562 429 2594; x_wconf 86' lang='lat' dir='ltr'><strong>certamina,</strong></span> <span class='ocrx_word' id='word_1_389' title='bbox 443 2570 554 2598; x_wconf 66' lang='lat' dir='ltr'><strong>qumque</strong></span> <span class='ocrx_word' id='word_1_390' title='bbox 564 2564 596 2591; x_wconf 89' lang='lat' dir='ltr'><strong>ad</strong></span> <span class='ocrx_word' id='word_1_391' title='bbox 606 2566 759 2600; x_wconf 78' lang='lat' dir='ltr'><strong>angelorum</strong></span> <span class='ocrx_word' id='word_1_392' title='bbox 773 2567 945 2594; x_wconf 82' lang='lat' dir='ltr'><strong>imitationem</strong></span> <span class='ocrx_word' id='word_1_393' title='bbox 959 2569 1067 2596; x_wconf 91' lang='lat' dir='ltr'><strong>trahun-</strong></span> 
     </span>
    </p>
   </div>
   <div class='ocr_carea' id='block_1_54' title="bbox 274 2605 1065 2649">
    <p class='ocr_par' dir='ltr' id='par_1_54' title="bbox 274 2605 1065 2649">
     <span class='ocr_line' id='line_1_54' title="bbox 274 2605 1065 2649; baseline 0.013 -17"><span class='ocrx_word' id='word_1_394' title='bbox 274 2610 328 2638; x_wconf 84' lang='lat' dir='ltr'><strong>tur,</strong></span> <span class='ocrx_word' id='word_1_395' title='bbox 342 2611 369 2633; x_wconf 88' lang='lat' dir='ltr'><strong>et</strong></span> <span class='ocrx_word' id='word_1_396' title='bbox 382 2606 460 2642; x_wconf 82' lang='lat' dir='ltr'><strong>longe</strong></span> <span class='ocrx_word' id='word_1_397' title='bbox 475 2609 558 2643; x_wconf 82' lang='lat' dir='ltr'><strong>magis</strong></span> <span class='ocrx_word' id='word_1_398' title='bbox 571 2609 640 2637; x_wconf 88' lang='lat' dir='ltr'><strong>hanc</strong></span> <span class='ocrx_word' id='word_1_399' title='bbox 653 2618 779 2645; x_wconf 88' lang='lat' dir='ltr'><strong>superare</strong></span> <span class='ocrx_word' id='word_1_400' title='bbox 795 2619 905 2647; x_wconf 87' lang='lat' dir='ltr'><strong>possunt</strong></span> <span class='ocrx_word' id='word_1_401' title='bbox 920 2605 1065 2649; x_wconf 86' lang='lat' dir='ltr'><strong>lasciviam,</strong></span> 
     </span>
    </p>
   </div>
   <div class='ocr_carea' id='block_1_55' title="bbox 273 2655 1066 2689">
    <p class='ocr_par' dir='ltr' id='par_1_55' title="bbox 273 2655 1066 2689">
     <span class='ocr_line' id='line_1_55' title="bbox 273 2655 1066 2689; baseline 0.013 -11"><span class='ocrx_word' id='word_1_402' title='bbox 273 2655 301 2679; x_wconf 88' lang='lat' dir='ltr'><strong>et</strong></span> <span class='ocrx_word' id='word_1_403' title='bbox 320 2656 408 2680; x_wconf 84' lang='lat' dir='ltr'><strong>tamen</strong></span> <span class='ocrx_word' id='word_1_404' title='bbox 424 2660 470 2680; x_wconf 85' lang='lat' dir='ltr'><strong>eas</strong></span> <span class='ocrx_word' id='word_1_405' title='bbox 483 2661 543 2689; x_wconf 65' lang='lat' dir='ltr'><strong>qum</strong></span> <span class='ocrx_word' id='word_1_406' title='bbox 555 2655 582 2682; x_wconf 91' lang='lat' dir='ltr'><strong>in</strong></span> <span class='ocrx_word' id='word_1_407' title='bbox 596 2657 682 2684; x_wconf 89' lang='lat' dir='ltr'><strong>scenis</strong></span> <span class='ocrx_word' id='word_1_408' title='bbox 694 2662 721 2684; x_wconf 90' lang='lat' dir='ltr'><strong>et</strong></span> <span class='ocrx_word' id='word_1_409' title='bbox 742 2657 852 2686; x_wconf 87' lang='lat' dir='ltr'><strong>theatris</strong></span> <span class='ocrx_word' id='word_1_410' title='bbox 866 2666 1006 2687; x_wconf 87' lang='lat' dir='ltr'><strong>versantur</strong></span> <span class='ocrx_word' id='word_1_411' title='bbox 1026 2661 1066 2688; x_wconf 91' lang='lat' dir='ltr'><strong>la-</strong></span> 
     </span>
    </p>
   </div>
   <div class='ocr_carea' id='block_1_56' title="bbox 273 2697 1066 2743">
    <p class='ocr_par' dir='ltr' id='par_1_56' title="bbox 273 2697 1066 2743">
     <span class='ocr_line' id='line_1_56' title="bbox 273 2697 1066 2743; baseline 0.015 -19"><span class='ocrx_word' id='word_1_412' title='bbox 273 2697 357 2725; x_wconf 83' lang='lat' dir='ltr'><strong>scivia</strong></span> <span class='ocrx_word' id='word_1_413' title='bbox 371 2699 501 2727; x_wconf 85' lang='lat' dir='ltr'><strong>vincunt?</strong></span> <span class='ocrx_word' id='word_1_414' title='bbox 513 2701 642 2737; x_wconf 85' lang='lat' dir='ltr'><strong>Quodque</strong></span> <span class='ocrx_word' id='word_1_415' title='bbox 652 2705 758 2738; x_wconf 75' lang='lat' dir='ltr'><strong>gravius</strong></span> <span class='ocrx_word' id='word_1_416' title='bbox 772 2710 821 2738; x_wconf 88' lang='lat' dir='ltr'><strong>est,</strong></span> <span class='ocrx_word' id='word_1_417' title='bbox 840 2714 872 2734; x_wconf 90' lang='lat' dir='ltr'><strong>ne</strong></span> <span class='ocrx_word' id='word_1_418' title='bbox 884 2714 995 2741; x_wconf 85' lang='lat' dir='ltr'><strong>peccare</strong></span> <span class='ocrx_word' id='word_1_419' title='bbox 1007 2708 1066 2743; x_wconf 83' lang='lat' dir='ltr'><strong>qui-</strong></span> 
     </span>
    </p>
   </div>
   <div class='ocr_carea' id='block_1_57' title="bbox 303 2761 1052 2794">
    <p class='ocr_par' dir='ltr' id='par_1_57' title="bbox 303 2761 1052 2794">
     <span class='ocr_line' id='line_1_57' title="bbox 303 2761 1052 2794; baseline 0.013 -10"><span class='ocrx_word' id='word_1_420' title='bbox 303 2761 310 2775; x_wconf 88' lang='grc'>¹</span> <span class='ocrx_word' id='word_1_421' title='bbox 319 2761 406 2794; x_wconf 74' lang='lat' dir='ltr'><strong>_Juxta_</strong></span> <span class='ocrx_word' id='word_1_422' title='bbox 417 2763 498 2788; x_wconf 83' lang='lat' dir='ltr'><strong>notam</strong></span> <span class='ocrx_word' id='word_1_423' title='bbox 510 2763 539 2788; x_wconf 88' lang='lat' dir='ltr'><strong>ad</strong></span> <span class='ocrx_word' id='word_1_424' title='bbox 555 2769 621 2788; x_wconf 87' lang='lat' dir='ltr'><strong>oram</strong></span> <span class='ocrx_word' id='word_1_425' title='bbox 633 2764 689 2789; x_wconf 79' lang='lat' dir='ltr'><strong>libri</strong></span> <span class='ocrx_word' id='word_1_426' title='bbox 700 2765 806 2790; x_wconf 69' lang='lat' dir='ltr'><strong>Lutetiae</strong></span> <span class='ocrx_word' id='word_1_427' title='bbox 816 2774 880 2791; x_wconf 83' lang='lat' dir='ltr'><strong>anno</strong></span> <span class='ocrx_word' id='word_1_428' title='bbox 897 2768 954 2792; x_wconf 74' lang='lat' dir='ltr'><strong>l588</strong></span> <span class='ocrx_word' id='word_1_429' title='bbox 968 2769 1052 2794; x_wconf 72' lang='lat' dir='ltr'><strong>excusi</strong></span> 
     </span>
    </p>
   </div>
   <div class='ocr_carea' id='block_1_58' title="bbox 272 2792 1052 2830">
    <p class='ocr_par' dir='ltr' id='par_1_58' title="bbox 272 2792 1052 2830">
     <span class='ocr_line' id='line_1_58' title="bbox 272 2792 1052 2830; baseline 0.013 -16"><span class='ocrx_word' id='word_1_430' title='bbox 272 2792 385 2830; x_wconf 46' lang='lat' dir='ltr'><strong>ppsltam‘,</strong></span> <span class='ocrx_word' id='word_1_431' title='bbox 400 2792 539 2830; x_wconf 53' lang='lat' dir='ltr'><strong>legendum</strong></span> <span class='ocrx_word' id='word_1_432' title='bbox 551 2798 606 2830; x_wconf 71' lang='lat' dir='ltr'><strong>est,_</strong></span> <span class='ocrx_word' id='word_1_433' title='bbox 617 2794 742 2825; x_wconf 79' lang='lat' dir='ltr'><strong>indagines</strong></span> <span class='ocrx_word' id='word_1_434' title='bbox 752 2797 977 2830; x_wconf 56' lang='grc' dir='ltr'><strong>(περιπεπάσματα),</strong></span> <span class='ocrx_word' id='word_1_435' title='bbox 987 2792 1052 2830; x_wconf 57' lang='lat' dir='ltr'><strong>&quot;pia;</strong></span> 
     </span>
    </p>
   </div>
   <div class='ocr_carea' id='block_1_59' title="bbox 270 2822 1053 2859">
    <p class='ocr_par' dir='ltr' id='par_1_59' title="bbox 270 2822 1053 2859">
     <span class='ocr_line' id='line_1_59' title="bbox 270 2822 1053 2859; baseline 0.013 -14"><span class='ocrx_word' id='word_1_436' title='bbox 270 2822 385 2859; x_wconf 56' lang='lat' dir='ltr'><strong>clastra</strong></span> <span class='ocrx_word' id='word_1_437' title='bbox 394 2822 500 2859; x_wconf 44' lang='grc' dir='ltr'><strong>ἢπξερά).</strong></span> <span class='ocrx_word' id='word_1_438' title='bbox 524 2825 573 2849; x_wconf 91' lang='lat' dir='ltr'><strong>Sed</strong></span> <span class='ocrx_word' id='word_1_439' title='bbox 592 2822 651 2850; x_wconf 65' lang='lat' dir='ltr'><strong>haec</strong></span> <span class='ocrx_word' id='word_1_440' title='bbox 670 2822 774 2859; x_wconf 67' lang='lat' dir='ltr'><strong>mutatio</strong></span> <span class='ocrx_word' id='word_1_441' title='bbox 792 2822 900 2853; x_wconf 61' lang='lat' dir='ltr'><strong>r&#39;ninime&#39;</strong></span> <span class='ocrx_word' id='word_1_442' title='bbox 915 2822 1053 2855; x_wconf 43' lang='lat' dir='ltr'><strong>uectigalia</strong></span> 
     </span>
    </p>
   </div>
   <div class='ocr_carea' id='block_1_60' title="bbox 273 2853 1054 2892">
    <p class='ocr_par' dir='ltr' id='par_1_60' title="bbox 273 2853 1054 2892">
     <span class='ocr_line' id='line_1_60' title="bbox 273 2853 1054 2892; baseline 0.012 -16"><span class='ocrx_word' id='word_1_443' title='bbox 273 2853 490 2892; x_wconf 30' lang='lat' dir='ltr'><strong>:ll&#39;del-urllioisius</strong></span> <span class='ocrx_word' id='word_1_444' title='bbox 504 2862 586 2892; x_wconf 69' lang='lat' dir='ltr'><strong>vocem</strong></span> <span class='ocrx_word' id='word_1_445' title='bbox 607 2857 680 2887; x_wconf 78' lang='grc' dir='ltr'><strong>πτερά</strong></span> <span class='ocrx_word' id='word_1_446' title='bbox 697 2860 788 2892; x_wconf 74' lang='lat' dir='ltr'><strong>retinet</strong></span> <span class='ocrx_word' id='word_1_447' title='bbox 800 2865 805 2881; x_wconf 88' lang='lat'><em>:</em></span> <span class='ocrx_word' id='word_1_448' title='bbox 819 2863 858 2883; x_wconf 84' lang='lat' dir='ltr'><strong>est</strong></span> <span class='ocrx_word' id='word_1_449' title='bbox 877 2859 951 2887; x_wconf 84' lang='lat' dir='ltr'><strong>enim.</strong></span> <span class='ocrx_word' id='word_1_450' title='bbox 973 2853 1054 2892; x_wconf 62' lang='lat' dir='ltr'><strong>inquit</strong></span> 
     </span>
    </p>
   </div>
   <div class='ocr_carea' id='block_1_61' title="bbox 271 2883 1051 2922">
    <p class='ocr_par' dir='ltr' id='par_1_61' title="bbox 271 2883 1051 2922">
     <span class='ocr_line' id='line_1_61' title="bbox 271 2883 1051 2922; baseline 0.014 -16"><span class='ocrx_word' id='word_1_451' title='bbox 271 2883 324 2913; x_wconf 85' lang='lat' dir='ltr'><strong>ille,</strong></span> <span class='ocrx_word' id='word_1_452' title='bbox 332 2883 434 2916; x_wconf 75' lang='lat' dir='ltr'><strong>elegans</strong></span> <span class='ocrx_word' id='word_1_453' title='bbox 443 2886 532 2912; x_wconf 84' lang='lat' dir='ltr'><strong>allusio</strong></span> <span class='ocrx_word' id='word_1_454' title='bbox 537 2886 566 2911; x_wconf 82' lang='lat' dir='ltr'><strong>ad</strong></span> <span class='ocrx_word' id='word_1_455' title='bbox 574 2883 666 2918; x_wconf 66' lang='lat' dir='ltr'><strong>pontus</strong></span> <span class='ocrx_word' id='word_1_456' title='bbox 678 2890 779 2918; x_wconf 72' lang='lat' dir='ltr'><strong>pavonis</strong></span> <span class='ocrx_word' id='word_1_457' title='bbox 785 2893 880 2914; x_wconf 76' lang='lat' dir='ltr'><strong>crertas</strong></span> <span class='ocrx_word' id='word_1_458' title='bbox 891 2883 951 2915; x_wconf 60' lang='lat' dir='ltr'><strong>etei</strong></span> <span class='ocrx_word' id='word_1_459' title='bbox 956 2883 1051 2922; x_wconf 54' lang='lat' dir='ltr'><strong>ptuli;</strong></span> 
     </span>
    </p>
   </div>
   <div class='ocr_carea' id='block_1_62' title="bbox 1119 231 1910 266">
    <p class='ocr_par' dir='ltr' id='par_1_62' title="bbox 1119 231 1910 266">
     <span class='ocr_line' id='line_1_62' title="bbox 1119 231 1910 266; baseline -0.003 -7"><span class='ocrx_word' id='word_1_460' title='bbox 1119 231 1179 259; x_wconf 87' lang='lat' dir='ltr'><strong>dem</strong></span> <span class='ocrx_word' id='word_1_461' title='bbox 1193 239 1222 259; x_wconf 86' lang='lat' dir='ltr'><strong>se</strong></span> <span class='ocrx_word' id='word_1_462' title='bbox 1236 236 1339 266; x_wconf 86' lang='lat' dir='ltr'><strong>putant.</strong></span> <span class='ocrx_word' id='word_1_463' title='bbox 1355 231 1417 259; x_wconf 89' lang='lat' dir='ltr'><strong>[deo</strong></span> <span class='ocrx_word' id='word_1_464' title='bbox 1436 231 1563 258; x_wconf 79' lang='lat' dir='ltr'><strong>adversus</strong></span> <span class='ocrx_word' id='word_1_465' title='bbox 1581 231 1638 258; x_wconf 82' lang='lat' dir='ltr'><strong>illas</strong></span> <span class='ocrx_word' id='word_1_466' title='bbox 1652 239 1701 258; x_wconf 78' lang='lat' dir='ltr'><strong>vos</strong></span> <span class='ocrx_word' id='word_1_467' title='bbox 1715 231 1851 266; x_wconf 76' lang='lat' dir='ltr'><strong>propheta:</strong></span> <span class='ocrx_word' id='word_1_468' title='bbox 1866 239 1910 265; x_wconf 81' lang='lat' dir='ltr'><strong>op-</strong></span> 
     </span>
    </p>
   </div>
   <div class='ocr_carea' id='block_1_63' title="bbox 1119 278 1910 314">
    <p class='ocr_par' dir='ltr' id='par_1_63' title="bbox 1119 278 1910 314">
     <span class='ocr_line' id='line_1_63' title="bbox 1119 278 1910 314; baseline 0.001 -9"><span class='ocrx_word' id='word_1_469' title='bbox 1119 278 1240 314; x_wconf 88' lang='lat' dir='ltr'><strong>ponenda</strong></span> <span class='ocrx_word' id='word_1_470' title='bbox 1260 283 1310 306; x_wconf 84' lang='lat' dir='ltr'><strong>est.</strong></span> <span class='ocrx_word' id='word_1_471' title='bbox 1328 278 1386 306; x_wconf 84' lang='lat' dir='ltr'><strong>Non</strong></span> <span class='ocrx_word' id='word_1_472' title='bbox 1408 278 1494 306; x_wconf 89' lang='lat' dir='ltr'><strong>solum</strong></span> <span class='ocrx_word' id='word_1_473' title='bbox 1510 279 1581 305; x_wconf 87' lang='lat' dir='ltr'><strong>enim</strong></span> <span class='ocrx_word' id='word_1_474' title='bbox 1600 278 1728 305; x_wconf 87' lang='lat' dir='ltr'><strong>adversus</strong></span> <span class='ocrx_word' id='word_1_475' title='bbox 1752 278 1811 305; x_wconf 88' lang='lat' dir='ltr'><strong>illas</strong></span> <span class='ocrx_word' id='word_1_476' title='bbox 1825 279 1889 306; x_wconf 86' lang='lat' dir='ltr'><strong>olim</strong></span> <span class='ocrx_word' id='word_1_477' title='bbox 1902 300 1910 311; x_wconf 84' lang='lat'><strong>,</strong></span> 
     </span>
    </p>
   </div>
   <div class='ocr_carea' id='block_1_64' title="bbox 1119 323 1912 359">
    <p class='ocr_par' dir='ltr' id='par_1_64' title="bbox 1119 323 1912 359">
     <span class='ocr_line' id='line_1_64' title="bbox 1119 323 1912 359; baseline -0.001 -8"><span class='ocrx_word' id='word_1_478' title='bbox 1119 324 1166 351; x_wconf 91' lang='lat' dir='ltr'><strong>sed</strong></span> <span class='ocrx_word' id='word_1_479' title='bbox 1186 324 1265 351; x_wconf 86' lang='lat' dir='ltr'><strong>etiam</strong></span> <span class='ocrx_word' id='word_1_480' title='bbox 1285 323 1413 351; x_wconf 87' lang='lat' dir='ltr'><strong>adversus</strong></span> <span class='ocrx_word' id='word_1_481' title='bbox 1432 325 1479 351; x_wconf 88' lang='lat' dir='ltr'><strong>has</strong></span> <span class='ocrx_word' id='word_1_482' title='bbox 1502 323 1714 358; x_wconf 88' lang='lat' dir='ltr'><strong>pronuntiabitur</strong></span> <span class='ocrx_word' id='word_1_483' title='bbox 1730 323 1754 350; x_wconf 91' lang='lat' dir='ltr'><strong>id</strong></span> <span class='ocrx_word' id='word_1_484' title='bbox 1776 325 1846 359; x_wconf 87' lang='lat' dir='ltr'><strong>quod</strong></span> <span class='ocrx_word' id='word_1_485' title='bbox 1867 332 1912 350; x_wconf 79' lang='lat' dir='ltr'><strong>se-</strong></span> 
     </span>
    </p>
   </div>
   <div class='ocr_carea' id='block_1_65' title="bbox 1120 369 1914 405">
    <p class='ocr_par' dir='ltr' id='par_1_65' title="bbox 1120 369 1914 405">
     <span class='ocr_line' id='line_1_65' title="bbox 1120 369 1914 405; baseline 0 -9"><span class='ocrx_word' id='word_1_486' title='bbox 1120 369 1210 405; x_wconf 90' lang='lat' dir='ltr'><strong>quitttr</strong></span> <span class='ocrx_word' id='word_1_487' title='bbox 1225 378 1232 396; x_wconf 90' lang='lat'>:</span> <span class='ocrx_word' id='word_1_488' title='bbox 1249 369 1305 396; x_wconf 84' lang='lat' dir='ltr'><strong>Erit</strong></span> <span class='ocrx_word' id='word_1_489' title='bbox 1327 378 1373 404; x_wconf 89' lang='lat' dir='ltr'><strong>pro</strong></span> <span class='ocrx_word' id='word_1_490' title='bbox 1388 370 1458 397; x_wconf 80' lang='lat' dir='ltr'><strong>suavi</strong></span> <span class='ocrx_word' id='word_1_491' title='bbox 1476 370 1553 397; x_wconf 83' lang='lat' dir='ltr'><strong>odore</strong></span> <span class='ocrx_word' id='word_1_492' title='bbox 1570 369 1661 405; x_wconf 68' lang='lat' dir='ltr'><strong>pultis.</strong></span> <span class='ocrx_word' id='word_1_493' title='bbox 1681 369 1771 397; x_wconf 33' lang='lat' dir='ltr'><strong>\‘iiden&#39;</strong></span> <span class='ocrx_word' id='word_1_494' title='bbox 1781 371 1914 405; x_wconf 75' lang='lat' dir='ltr'><strong>quomodo</strong></span> 
     </span>
    </p>
   </div>
   <div class='ocr_carea' id='block_1_66' title="bbox 1121 415 1913 451">
    <p class='ocr_par' dir='ltr' id='par_1_66' title="bbox 1121 415 1913 451">
     <span class='ocr_line' id='line_1_66' title="bbox 1121 415 1913 451; baseline 0.001 -9"><span class='ocrx_word' id='word_1_495' title='bbox 1121 415 1258 449; x_wconf 79' lang='lat' dir='ltr'><strong>unctiones</strong></span> <span class='ocrx_word' id='word_1_496' title='bbox 1274 416 1353 443; x_wconf 87' lang='lat' dir='ltr'><strong>etiam</strong></span> <span class='ocrx_word' id='word_1_497' title='bbox 1368 420 1560 450; x_wconf 87' lang='lat' dir='ltr'><strong>unguentorum</strong></span> <span class='ocrx_word' id='word_1_498' title='bbox 1577 415 1718 451; x_wconf 74' lang='lat' dir='ltr'><strong>reprobat,</strong></span> <span class='ocrx_word' id='word_1_499' title='bbox 1735 423 1913 450; x_wconf 82' lang='lat' dir='ltr'><strong>magnumque</strong></span> 
     </span>
    </p>
   </div>
   <div class='ocr_carea' id='block_1_67' title="bbox 1121 460 1914 496">
    <p class='ocr_par' dir='ltr' id='par_1_67' title="bbox 1121 460 1914 496">
     <span class='ocr_line' id='line_1_67' title="bbox 1121 460 1914 496; baseline -0.001 -8"><span class='ocrx_word' id='word_1_500' title='bbox 1121 460 1170 495; x_wconf 85' lang='lat' dir='ltr'><strong>ipsi</strong></span> <span class='ocrx_word' id='word_1_501' title='bbox 1185 461 1319 488; x_wconf 89' lang='lat' dir='ltr'><strong>adscribat</strong></span> <span class='ocrx_word' id='word_1_502' title='bbox 1338 461 1517 496; x_wconf 83' lang='lat' dir='ltr'><strong>supplicium?</strong></span> <span class='ocrx_word' id='word_1_503' title='bbox 1535 461 1675 488; x_wconf 86' lang='lat' dir='ltr'><strong>Pulvereln</strong></span> <span class='ocrx_word' id='word_1_504' title='bbox 1695 461 1766 488; x_wconf 90' lang='lat' dir='ltr'><strong>enim</strong></span> <span class='ocrx_word' id='word_1_505' title='bbox 1787 461 1829 488; x_wconf 90' lang='lat' dir='ltr'><strong>hic</strong></span> <span class='ocrx_word' id='word_1_506' title='bbox 1849 460 1914 487; x_wconf 85' lang='lat' dir='ltr'><strong>dicit</strong></span> 
     </span>
    </p>
   </div>
   <div class='ocr_carea' id='block_1_68' title="bbox 1120 507 1914 542">
    <p class='ocr_par' dir='ltr' id='par_1_68' title="bbox 1120 507 1914 542">
     <span class='ocr_line' id='line_1_68' title="bbox 1120 507 1914 542; baseline 0 -9"><span class='ocrx_word' id='word_1_507' title='bbox 1120 514 1179 534; x_wconf 87' lang='lat' dir='ltr'><strong>eum</strong></span> <span class='ocrx_word' id='word_1_508' title='bbox 1193 507 1237 542; x_wconf 91' lang='lat' dir='ltr'><strong>qui</strong></span> <span class='ocrx_word' id='word_1_509' title='bbox 1250 507 1381 534; x_wconf 81' lang='lat' dir='ltr'><strong>excitatur</strong></span> <span class='ocrx_word' id='word_1_510' title='bbox 1393 512 1453 542; x_wconf 90' lang='lat' dir='ltr'><strong>post</strong></span> <span class='ocrx_word' id='word_1_511' title='bbox 1467 507 1559 535; x_wconf 88' lang='lat' dir='ltr'><strong>urbem</strong></span> <span class='ocrx_word' id='word_1_512' title='bbox 1570 514 1692 535; x_wconf 86' lang='lat' dir='ltr'><strong>eversam</strong></span> <span class='ocrx_word' id='word_1_513' title='bbox 1703 512 1729 535; x_wconf 95' lang='lat' dir='ltr'><strong>et</strong></span> <span class='ocrx_word' id='word_1_514' title='bbox 1739 507 1914 535; x_wconf 82' lang='lat' dir='ltr'><strong>barbarorum</strong></span> 
     </span>
    </p>
   </div>
   <div class='ocr_carea' id='block_1_69' title="bbox 1121 553 1913 590">
    <p class='ocr_par' dir='ltr' id='par_1_69' title="bbox 1121 553 1913 590">
     <span class='ocr_line' id='line_1_69' title="bbox 1121 553 1913 590; baseline 0 -10"><span class='ocrx_word' id='word_1_515' title='bbox 1121 553 1310 581; x_wconf 85' lang='lat' dir='ltr'><strong>incursionem.</strong></span> <span class='ocrx_word' id='word_1_516' title='bbox 1327 554 1393 581; x_wconf 88' lang='lat' dir='ltr'><strong>Nam</strong></span> <span class='ocrx_word' id='word_1_517' title='bbox 1407 555 1479 582; x_wconf 88' lang='lat' dir='ltr'><strong>illam</strong></span> <span class='ocrx_word' id='word_1_518' title='bbox 1495 554 1547 590; x_wconf 87' lang='lat' dir='ltr'><strong>igni</strong></span> <span class='ocrx_word' id='word_1_519' title='bbox 1565 559 1592 582; x_wconf 89' lang='lat' dir='ltr'><strong>et</strong></span> <span class='ocrx_word' id='word_1_520' title='bbox 1604 553 1675 581; x_wconf 83' lang='lat' dir='ltr'><strong>ferro</strong></span> <span class='ocrx_word' id='word_1_521' title='bbox 1689 559 1750 581; x_wconf 90' lang='lat' dir='ltr'><strong>tunc</strong></span> <span class='ocrx_word' id='word_1_522' title='bbox 1763 554 1913 585; x_wconf 87' lang='lat' dir='ltr'><strong>diruerunt,</strong></span> 
     </span>
    </p>
   </div>
   <div class='ocr_carea' id='block_1_70' title="bbox 1121 599 1915 636">
    <p class='ocr_par' dir='ltr' id='par_1_70' title="bbox 1121 599 1915 636">
     <span class='ocr_line' id='line_1_70' title="bbox 1121 599 1915 636; baseline 0.001 -10"><span class='ocrx_word' id='word_1_523' title='bbox 1121 599 1194 626; x_wconf 90' lang='lat' dir='ltr'><strong>aliud</strong></span> <span class='ocrx_word' id='word_1_524' title='bbox 1219 599 1375 632; x_wconf 86' lang='lat' dir='ltr'><strong>diruenlcs,</strong></span> <span class='ocrx_word' id='word_1_525' title='bbox 1395 600 1467 627; x_wconf 89' lang='lat' dir='ltr'><strong>aliud</strong></span> <span class='ocrx_word' id='word_1_526' title='bbox 1490 600 1544 636; x_wconf 88' lang='lat' dir='ltr'><strong>igni</strong></span> <span class='ocrx_word' id='word_1_527' title='bbox 1573 600 1718 628; x_wconf 88' lang='lat' dir='ltr'><strong>tradentes.</strong></span> <span class='ocrx_word' id='word_1_528' title='bbox 1740 599 1802 627; x_wconf 66' lang='lat' dir='ltr'><strong>[lare</strong></span> <span class='ocrx_word' id='word_1_529' title='bbox 1826 600 1915 634; x_wconf 85' lang='lat' dir='ltr'><strong>itaque</strong></span> 
     </span>
    </p>
   </div>
   <div class='ocr_carea' id='block_1_71' title="bbox 1122 646 1915 681">
    <p class='ocr_par' dir='ltr' id='par_1_71' title="bbox 1122 646 1915 681">
     <span class='ocr_line' id='line_1_71' title="bbox 1122 646 1915 681; baseline 0 -9"><span class='ocrx_word' id='word_1_530' title='bbox 1122 646 1301 680; x_wconf 61' lang='lat' dir='ltr'><strong>praenuntians</strong></span> <span class='ocrx_word' id='word_1_531' title='bbox 1311 646 1415 674; x_wconf 89' lang='lat' dir='ltr'><strong>dicebat</strong></span> <span class='ocrx_word' id='word_1_532' title='bbox 1427 656 1433 674; x_wconf 86' lang='lat'><strong>:</strong></span> <span class='ocrx_word' id='word_1_533' title='bbox 1445 646 1497 673; x_wconf 86' lang='lat' dir='ltr'><strong>Pro</strong></span> <span class='ocrx_word' id='word_1_534' title='bbox 1510 646 1581 673; x_wconf 82' lang='lat' dir='ltr'><strong>suavi</strong></span> <span class='ocrx_word' id='word_1_535' title='bbox 1591 646 1668 673; x_wconf 85' lang='lat' dir='ltr'><strong>odore</strong></span> <span class='ocrx_word' id='word_1_536' title='bbox 1675 646 1756 681; x_wconf 82' lang='lat' dir='ltr'><strong>pulvis</strong></span> <span class='ocrx_word' id='word_1_537' title='bbox 1768 646 1823 677; x_wconf 87' lang='lat' dir='ltr'><strong>erit,</strong></span> <span class='ocrx_word' id='word_1_538' title='bbox 1836 651 1858 672; x_wconf 86' lang='lat' dir='ltr'><strong>et</strong></span> <span class='ocrx_word' id='word_1_539' title='bbox 1869 654 1915 679; x_wconf 79' lang='lat' dir='ltr'><strong>pro</strong></span> 
     </span>
    </p>
   </div>
   <div class='ocr_carea' id='block_1_72' title="bbox 1121 691 1916 728">
    <p class='ocr_par' dir='ltr' id='par_1_72' title="bbox 1121 691 1916 728">
     <span class='ocr_line' id='line_1_72' title="bbox 1121 691 1916 728; baseline 0 -10"><span class='ocrx_word' id='word_1_540' title='bbox 1121 699 1186 718; x_wconf 78' lang='lat' dir='ltr'><strong>zona</strong></span> <span class='ocrx_word' id='word_1_541' title='bbox 1200 692 1313 727; x_wconf 83' lang='lat' dir='ltr'><strong>funiculo</strong></span> <span class='ocrx_word' id='word_1_542' title='bbox 1328 692 1452 727; x_wconf 78' lang='lat' dir='ltr'><strong>cingeris;</strong></span> <span class='ocrx_word' id='word_1_543' title='bbox 1467 693 1517 720; x_wconf 92' lang='lat' dir='ltr'><strong>sub</strong></span> <span class='ocrx_word' id='word_1_544' title='bbox 1533 693 1624 721; x_wconf 88' lang='lat' dir='ltr'><strong>oculos</strong></span> <span class='ocrx_word' id='word_1_545' title='bbox 1639 699 1740 728; x_wconf 90' lang='lat' dir='ltr'><strong>ponens</strong></span> <span class='ocrx_word' id='word_1_546' title='bbox 1755 691 1916 727; x_wconf 76' lang='lat' dir='ltr'><strong>captivitatis</strong></span> 
     </span>
    </p>
   </div>
   <div class='ocr_carea' id='block_1_73' title="bbox 1123 737 1914 770">
    <p class='ocr_par' dir='ltr' id='par_1_73' title="bbox 1123 737 1914 770">
     <span class='ocr_line' id='line_1_73' title="bbox 1123 737 1914 770; baseline 0.001 -7"><span class='ocrx_word' id='word_1_547' title='bbox 1123 737 1235 764; x_wconf 89' lang='lat' dir='ltr'><strong>formam</strong></span> <span class='ocrx_word' id='word_1_548' title='bbox 1247 759 1254 770; x_wconf 93' lang='lat'><strong>,</strong></span> <span class='ocrx_word' id='word_1_549' title='bbox 1270 742 1298 765; x_wconf 90' lang='lat' dir='ltr'><strong>ct</strong></span> <span class='ocrx_word' id='word_1_550' title='bbox 1316 738 1501 766; x_wconf 86' lang='lat' dir='ltr'><strong>abductionem</strong></span> <span class='ocrx_word' id='word_1_551' title='bbox 1516 738 1542 766; x_wconf 90' lang='lat' dir='ltr'><strong>in</strong></span> <span class='ocrx_word' id='word_1_552' title='bbox 1559 738 1731 766; x_wconf 89' lang='lat' dir='ltr'><strong>barbarorum</strong></span> <span class='ocrx_word' id='word_1_553' title='bbox 1752 742 1859 765; x_wconf 86' lang='lat' dir='ltr'><strong>terram.</strong></span> <span class='ocrx_word' id='word_1_554' title='bbox 1881 737 1914 764; x_wconf 82' lang='lat' dir='ltr'><strong>Et</strong></span> 
     </span>
    </p>
   </div>
   <div class='ocr_carea' id='block_1_74' title="bbox 1122 783 1915 818">
    <p class='ocr_par' dir='ltr' id='par_1_74' title="bbox 1122 783 1915 818">
     <span class='ocr_line' id='line_1_74' title="bbox 1122 783 1915 818; baseline 0 -8"><span class='ocrx_word' id='word_1_555' title='bbox 1122 791 1168 818; x_wconf 85' lang='lat' dir='ltr'><strong>pro</strong></span> <span class='ocrx_word' id='word_1_556' title='bbox 1178 789 1324 810; x_wconf 80' lang='lat' dir='ltr'><strong>ornamento</strong></span> <span class='ocrx_word' id='word_1_557' title='bbox 1334 783 1423 818; x_wconf 79' lang='lat' dir='ltr'><strong>capitis</strong></span> <span class='ocrx_word' id='word_1_558' title='bbox 1435 785 1471 811; x_wconf 87' lang='lat' dir='ltr'><strong>tui</strong></span> <span class='ocrx_word' id='word_1_559' title='bbox 1482 784 1604 812; x_wconf 82' lang='lat' dir='ltr'><strong>caluitiem</strong></span> <span class='ocrx_word' id='word_1_560' title='bbox 1615 783 1715 811; x_wconf 84' lang='lat' dir='ltr'><strong>habebis</strong></span> <span class='ocrx_word' id='word_1_561' title='bbox 1724 792 1733 816; x_wconf 87' lang='lat'><strong><em>;</em></strong></span> <span class='ocrx_word' id='word_1_562' title='bbox 1747 783 1803 810; x_wconf 83' lang='lat' dir='ltr'><strong>sive</strong></span> <span class='ocrx_word' id='word_1_563' title='bbox 1812 783 1915 818; x_wconf 81' lang='lat' dir='ltr'><strong>capillis</strong></span> 
     </span>
    </p>
   </div>
   <div class='ocr_carea' id='block_1_75' title="bbox 1122 829 1913 865">
    <p class='ocr_par' dir='ltr' id='par_1_75' title="bbox 1122 829 1913 865">
     <span class='ocr_line' id='line_1_75' title="bbox 1122 829 1913 865; baseline 0 -8"><span class='ocrx_word' id='word_1_564' title='bbox 1122 830 1156 857; x_wconf 91' lang='lat' dir='ltr'><strong>ob</strong></span> <span class='ocrx_word' id='word_1_565' title='bbox 1170 830 1304 858; x_wconf 89' lang='lat' dir='ltr'><strong>miseriam</strong></span> <span class='ocrx_word' id='word_1_566' title='bbox 1318 830 1507 863; x_wconf 83' lang='lat' dir='ltr'><strong>deﬂuentibus,</strong></span> <span class='ocrx_word' id='word_1_567' title='bbox 1524 830 1580 858; x_wconf 77' lang='lat' dir='ltr'><strong>sive</strong></span> <span class='ocrx_word' id='word_1_568' title='bbox 1593 830 1618 857; x_wconf 91' lang='lat' dir='ltr'><strong>id</strong></span> <span class='ocrx_word' id='word_1_569' title='bbox 1632 830 1771 865; x_wconf 79' lang='lat' dir='ltr'><strong>agentibus</strong></span> <span class='ocrx_word' id='word_1_570' title='bbox 1784 829 1913 861; x_wconf 80' lang='lat' dir='ltr'><strong>hostibus,</strong></span> 
     </span>
    </p>
   </div>
   <div class='ocr_carea' id='block_1_76' title="bbox 1122 875 1916 911">
    <p class='ocr_par' dir='ltr' id='par_1_76' title="bbox 1122 875 1916 911">
     <span class='ocr_line' id='line_1_76' title="bbox 1122 875 1916 911; baseline 0 -9"><span class='ocrx_word' id='word_1_571' title='bbox 1122 875 1179 902; x_wconf 88' lang='lat' dir='ltr'><strong>sive</strong></span> <span class='ocrx_word' id='word_1_572' title='bbox 1194 875 1258 909; x_wconf 83' lang='lat' dir='ltr'><strong>ipsis</strong></span> <span class='ocrx_word' id='word_1_573' title='bbox 1274 875 1374 911; x_wconf 83' lang='lat' dir='ltr'><strong>seipsas</strong></span> <span class='ocrx_word' id='word_1_574' title='bbox 1387 875 1567 903; x_wconf 68' lang='lat' dir='ltr'><strong>tendentibus.</strong></span> <span class='ocrx_word' id='word_1_575' title='bbox 1580 875 1636 904; x_wconf 75' lang='lat' dir='ltr'><strong>Mos</strong></span> <span class='ocrx_word' id='word_1_576' title='bbox 1648 876 1719 903; x_wconf 88' lang='lat' dir='ltr'><strong>enim</strong></span> <span class='ocrx_word' id='word_1_577' title='bbox 1740 880 1796 903; x_wconf 89' lang='lat' dir='ltr'><strong>erat</strong></span> <span class='ocrx_word' id='word_1_578' title='bbox 1811 875 1874 903; x_wconf 93' lang='lat' dir='ltr'><strong>olim</strong></span> <span class='ocrx_word' id='word_1_579' title='bbox 1890 876 1916 902; x_wconf 95' lang='lat' dir='ltr'><strong>in</strong></span> 
     </span>
    </p>
   </div>
   <div class='ocr_carea' id='block_1_77' title="bbox 1124 920 1911 949">
    <p class='ocr_par' dir='ltr' id='par_1_77' title="bbox 1124 920 1911 949">
     <span class='ocr_line' id='line_1_77' title="bbox 1124 920 1911 949; baseline 0.001 -2"><span class='ocrx_word' id='word_1_580' title='bbox 1124 920 1197 947; x_wconf 89' lang='lat' dir='ltr'><strong>luctu</strong></span> <span class='ocrx_word' id='word_1_581' title='bbox 1214 925 1241 948; x_wconf 91' lang='lat' dir='ltr'><strong>et</strong></span> <span class='ocrx_word' id='word_1_582' title='bbox 1259 922 1409 948; x_wconf 87' lang='lat' dir='ltr'><strong>calamitate</strong></span> <span class='ocrx_word' id='word_1_583' title='bbox 1432 929 1491 949; x_wconf 80' lang='lat' dir='ltr'><strong>sese</strong></span> <span class='ocrx_word' id='word_1_584' title='bbox 1511 921 1621 949; x_wconf 88' lang='lat' dir='ltr'><strong>tondere</strong></span> <span class='ocrx_word' id='word_1_585' title='bbox 1634 926 1661 948; x_wconf 89' lang='lat' dir='ltr'><strong>et</strong></span> <span class='ocrx_word' id='word_1_586' title='bbox 1676 921 1781 949; x_wconf 90' lang='lat' dir='ltr'><strong>radere.</strong></span> <span class='ocrx_word' id='word_1_587' title='bbox 1804 921 1911 949; x_wconf 85' lang='lat' dir='ltr'><strong>Etenim</strong></span> 
     </span>
    </p>
   </div>
   <div class='ocr_carea' id='block_1_78' title="bbox 1122 965 1920 1002">
    <p class='ocr_par' dir='ltr' id='par_1_78' title="bbox 1122 965 1920 1002">
     <span class='ocr_line' id='line_1_78' title="bbox 1122 965 1920 1002; baseline -0.001 -9"><span class='ocrx_word' id='word_1_588' title='bbox 1122 965 1188 999; x_wconf 81' lang='lat' dir='ltr'><strong>Job,</strong></span> <span class='ocrx_word' id='word_1_589' title='bbox 1202 967 1290 993; x_wconf 88' lang='lat' dir='ltr'><strong>audita</strong></span> <span class='ocrx_word' id='word_1_590' title='bbox 1307 967 1451 994; x_wconf 86' lang='lat' dir='ltr'><strong>liberorum</strong></span> <span class='ocrx_word' id='word_1_591' title='bbox 1463 967 1621 998; x_wconf 84' lang='lat' dir='ltr'><strong>calamitate,</strong></span> <span class='ocrx_word' id='word_1_592' title='bbox 1634 971 1713 1002; x_wconf 90' lang='lat' dir='ltr'><strong>caput</strong></span> <span class='ocrx_word' id='word_1_593' title='bbox 1725 966 1838 994; x_wconf 89' lang='lat' dir='ltr'><strong>totondit</strong></span> <span class='ocrx_word' id='word_1_594' title='bbox 1851 966 1920 1000; x_wconf 80' lang='lat' dir='ltr'><strong>(Job</strong></span> 
     </span>
    </p>
   </div>
   <div class='ocr_carea' id='block_1_79' title="bbox 1124 1011 1917 1048">
    <p class='ocr_par' dir='ltr' id='par_1_79' title="bbox 1124 1011 1917 1048">
     <span class='ocr_line' id='line_1_79' title="bbox 1124 1011 1917 1048; baseline 0 -9"><span class='ocrx_word' id='word_1_595' title='bbox 1124 1012 1149 1039; x_wconf 77' lang='grc'><strong>1.</strong></span> <span class='ocrx_word' id='word_1_596' title='bbox 1162 1011 1228 1047; x_wconf 68' lang='grc'><strong>20).</strong></span> <span class='ocrx_word' id='word_1_597' title='bbox 1245 1013 1277 1040; x_wconf 85' lang='grc' dir='ltr'>Ει</span> <span class='ocrx_word' id='word_1_598' title='bbox 1293 1013 1319 1039; x_wconf 93' lang='lat' dir='ltr'><strong>in</strong></span> <span class='ocrx_word' id='word_1_599' title='bbox 1335 1013 1506 1048; x_wconf 75' lang='lat' dir='ltr'><strong>sequentibus</strong></span> <span class='ocrx_word' id='word_1_600' title='bbox 1519 1012 1555 1040; x_wconf 90' lang='lat' dir='ltr'><strong>ait</strong></span> <span class='ocrx_word' id='word_1_601' title='bbox 1570 1013 1707 1048; x_wconf 83' lang='lat' dir='ltr'><strong>propheta,</strong></span> <span class='ocrx_word' id='word_1_602' title='bbox 1724 1020 1783 1040; x_wconf 88' lang='lat' dir='ltr'><strong>cum</strong></span> <span class='ocrx_word' id='word_1_603' title='bbox 1798 1020 1875 1040; x_wconf 81' lang='lat' dir='ltr'><strong>sacco</strong></span> <span class='ocrx_word' id='word_1_604' title='bbox 1890 1018 1917 1039; x_wconf 89' lang='lat' dir='ltr'><strong>et</strong></span> 
     </span>
    </p>
   </div>
   <div class='ocr_carea' id='block_1_80' title="bbox 1122 1056 1916 1094">
    <p class='ocr_par' dir='ltr' id='par_1_80' title="bbox 1122 1056 1916 1094">
     <span class='ocr_line' id='line_1_80' title="bbox 1122 1056 1916 1094; baseline 0.001 -10"><span class='ocrx_word' id='word_1_605' title='bbox 1122 1056 1194 1085; x_wconf 90' lang='lat' dir='ltr'><strong>luctu</strong></span> <span class='ocrx_word' id='word_1_606' title='bbox 1204 1058 1284 1085; x_wconf 86' lang='lat' dir='ltr'><strong>etiam</strong></span> <span class='ocrx_word' id='word_1_607' title='bbox 1295 1058 1442 1086; x_wconf 88' lang='lat' dir='ltr'><strong>tonsiouem</strong></span> <span class='ocrx_word' id='word_1_608' title='bbox 1454 1058 1568 1085; x_wconf 89' lang='lat' dir='ltr'><strong>futuram</strong></span> <span class='ocrx_word' id='word_1_609' title='bbox 1578 1058 1654 1094; x_wconf 77' lang='lat' dir='ltr'><strong>(lsai.</strong></span> <span class='ocrx_word' id='word_1_610' title='bbox 1665 1059 1709 1085; x_wconf 74' lang='grc'><strong>22.</strong></span> <span class='ocrx_word' id='word_1_611' title='bbox 1723 1059 1778 1093; x_wconf 73' lang='grc'><strong>12).</strong></span> <span class='ocrx_word' id='word_1_612' title='bbox 1791 1059 1916 1093; x_wconf 81' lang='lat' dir='ltr'><strong>Aliusqne</strong></span> 
     </span>
    </p>
   </div>
   <div class='ocr_carea' id='block_1_81' title="bbox 1123 1103 1916 1139">
    <p class='ocr_par' dir='ltr' id='par_1_81' title="bbox 1123 1103 1916 1139">
     <span class='ocr_line' id='line_1_81' title="bbox 1123 1103 1916 1139; baseline 0.001 -9"><span class='ocrx_word' id='word_1_613' title='bbox 1123 1111 1230 1131; x_wconf 88' lang='lat' dir='ltr'><strong>rursum</strong></span> <span class='ocrx_word' id='word_1_614' title='bbox 1245 1104 1281 1131; x_wconf 87' lang='lat' dir='ltr'><strong>ait</strong></span> <span class='ocrx_word' id='word_1_615' title='bbox 1297 1113 1304 1131; x_wconf 92' lang='lat'><strong>:</strong></span> <span class='ocrx_word' id='word_1_616' title='bbox 1318 1103 1354 1131; x_wconf 86' lang='lat' dir='ltr'><strong>Et</strong></span> <span class='ocrx_word' id='word_1_617' title='bbox 1368 1104 1456 1131; x_wconf 84' lang='lat' dir='ltr'><strong>radere</strong></span> <span class='ocrx_word' id='word_1_618' title='bbox 1468 1110 1491 1132; x_wconf 88' lang='lat' dir='ltr'><strong>et</strong></span> <span class='ocrx_word' id='word_1_619' title='bbox 1503 1105 1606 1132; x_wconf 83' lang='lat' dir='ltr'><strong>tondere</strong></span> <span class='ocrx_word' id='word_1_620' title='bbox 1619 1113 1693 1139; x_wconf 78' lang='lat' dir='ltr'><strong>super</strong></span> <span class='ocrx_word' id='word_1_621' title='bbox 1706 1105 1773 1139; x_wconf 80' lang='lat' dir='ltr'><strong>ﬁlios</strong></span> <span class='ocrx_word' id='word_1_622' title='bbox 1788 1110 1842 1132; x_wconf 76' lang='lat' dir='ltr'><strong>(nos</strong></span> <span class='ocrx_word' id='word_1_623' title='bbox 1857 1106 1916 1132; x_wconf 79' lang='lat' dir='ltr'><strong>deli-</strong></span> 
     </span>
    </p>
   </div>
   <div class='ocr_carea' id='block_1_82' title="bbox 1123 1148 1916 1185">
    <p class='ocr_par' dir='ltr' id='par_1_82' title="bbox 1123 1148 1916 1185">
     <span class='ocr_line' id='line_1_82' title="bbox 1123 1148 1916 1185; baseline 0.003 -10"><span class='ocrx_word' id='word_1_624' title='bbox 1123 1154 1201 1176; x_wconf 77' lang='lat' dir='ltr'><strong>catos.</strong></span> <span class='ocrx_word' id='word_1_625' title='bbox 1213 1148 1248 1175; x_wconf 86' lang='lat' dir='ltr'><strong>Et</strong></span> <span class='ocrx_word' id='word_1_626' title='bbox 1258 1157 1304 1184; x_wconf 86' lang='lat' dir='ltr'><strong>pro</strong></span> <span class='ocrx_word' id='word_1_627' title='bbox 1318 1149 1402 1176; x_wconf 80' lang='lat' dir='ltr'><strong>tunica</strong></span> <span class='ocrx_word' id='word_1_628' title='bbox 1420 1158 1534 1185; x_wconf 81' lang='lat' dir='ltr'><strong>purpura</strong></span> <span class='ocrx_word' id='word_1_629' title='bbox 1555 1151 1654 1177; x_wconf 80' lang='lat' dir='ltr'><strong>clavum</strong></span> <span class='ocrx_word' id='word_1_630' title='bbox 1670 1151 1830 1185; x_wconf 65' lang='lat' dir='ltr'><strong>praecingeris</strong></span> <span class='ocrx_word' id='word_1_631' title='bbox 1843 1159 1916 1178; x_wconf 75' lang='lat' dir='ltr'><strong>sacco</strong></span> 
     </span>
    </p>
   </div>
   <div class='ocr_carea' id='block_1_83' title="bbox 1124 1196 1913 1232">
    <p class='ocr_par' dir='ltr' id='par_1_83' title="bbox 1124 1196 1913 1232">
     <span class='ocr_line' id='line_1_83' title="bbox 1124 1196 1913 1232; baseline 0.003 -9"><span class='ocrx_word' id='word_1_632' title='bbox 1124 1196 1224 1232; x_wconf 83' lang='lat' dir='ltr'><strong>(Mich.</strong></span> <span class='ocrx_word' id='word_1_633' title='bbox 1246 1197 1271 1224; x_wconf 81' lang='lat' dir='ltr'><strong>l.</strong></span> <span class='ocrx_word' id='word_1_634' title='bbox 1289 1196 1351 1232; x_wconf 79' lang='grc'><strong>16).</strong></span> <span class='ocrx_word' id='word_1_635' title='bbox 1367 1197 1462 1224; x_wconf 83' lang='lat' dir='ltr'><strong>Annon</strong></span> <span class='ocrx_word' id='word_1_636' title='bbox 1485 1197 1541 1225; x_wconf 75' lang='lat' dir='ltr'><strong>lucc.</strong></span> <span class='ocrx_word' id='word_1_637' title='bbox 1558 1197 1685 1225; x_wconf 81' lang='lat' dir='ltr'><strong>terribilia</strong></span> <span class='ocrx_word' id='word_1_638' title='bbox 1700 1202 1727 1225; x_wconf 89' lang='lat' dir='ltr'><strong>et</strong></span> <span class='ocrx_word' id='word_1_639' title='bbox 1747 1198 1913 1227; x_wconf 84' lang='lat' dir='ltr'><strong>intoleranda</strong></span> 
     </span>
    </p>
   </div>
   <div class='ocr_carea' id='block_1_84' title="bbox 1122 1242 1916 1279">
    <p class='ocr_par' dir='ltr' id='par_1_84' title="bbox 1122 1242 1916 1279">
     <span class='ocr_line' id='line_1_84' title="bbox 1122 1242 1916 1279; baseline 0.003 -9"><span class='ocrx_word' id='word_1_640' title='bbox 1122 1250 1183 1270; x_wconf 90' lang='lat' dir='ltr'><strong>esse</strong></span> <span class='ocrx_word' id='word_1_641' title='bbox 1195 1242 1335 1270; x_wconf 84' lang='lat' dir='ltr'><strong>videntur?</strong></span> <span class='ocrx_word' id='word_1_642' title='bbox 1346 1243 1442 1270; x_wconf 80' lang='lat' dir='ltr'><strong>Verum</strong></span> <span class='ocrx_word' id='word_1_643' title='bbox 1456 1243 1524 1278; x_wconf 77' lang='lat' dir='ltr'><strong>apud</strong></span> <span class='ocrx_word' id='word_1_644' title='bbox 1535 1250 1585 1271; x_wconf 87' lang='lat' dir='ltr'><strong>nos</strong></span> <span class='ocrx_word' id='word_1_645' title='bbox 1598 1251 1649 1271; x_wconf 87' lang='lat' dir='ltr'><strong>non</strong></span> <span class='ocrx_word' id='word_1_646' title='bbox 1664 1243 1707 1271; x_wconf 92' lang='lat' dir='ltr'><strong>hic</strong></span> <span class='ocrx_word' id='word_1_647' title='bbox 1720 1243 1831 1279; x_wconf 83' lang='lat' dir='ltr'><strong>gradum</strong></span> <span class='ocrx_word' id='word_1_648' title='bbox 1842 1244 1916 1272; x_wconf 80' lang='lat' dir='ltr'><strong>sistet</strong></span> 
     </span>
    </p>
   </div>
   <div class='ocr_carea' id='block_1_85' title="bbox 1125 1289 1917 1323">
    <p class='ocr_par' dir='ltr' id='par_1_85' title="bbox 1125 1289 1917 1323">
     <span class='ocr_line' id='line_1_85' title="bbox 1125 1289 1917 1323; baseline 0.001 -8"><span class='ocrx_word' id='word_1_649' title='bbox 1125 1289 1190 1316; x_wconf 88' lang='lat' dir='ltr'><strong>ultio</strong></span> <span class='ocrx_word' id='word_1_650' title='bbox 1200 1310 1207 1322; x_wconf 93' lang='lat'><strong>,</strong></span> <span class='ocrx_word' id='word_1_651' title='bbox 1224 1289 1271 1317; x_wconf 85' lang='lat' dir='ltr'><strong>sed</strong></span> <span class='ocrx_word' id='word_1_652' title='bbox 1285 1289 1383 1316; x_wconf 92' lang='lat' dir='ltr'><strong>vermis</strong></span> <span class='ocrx_word' id='word_1_653' title='bbox 1396 1295 1552 1323; x_wconf 86' lang='lat' dir='ltr'><strong>venenatus,</strong></span> <span class='ocrx_word' id='word_1_654' title='bbox 1568 1289 1614 1317; x_wconf 89' lang='lat' dir='ltr'><strong>sed</strong></span> <span class='ocrx_word' id='word_1_655' title='bbox 1629 1289 1745 1316; x_wconf 58' lang='lat' dir='ltr'><strong>tenebrat</strong></span> <span class='ocrx_word' id='word_1_656' title='bbox 1763 1289 1917 1316; x_wconf 82' lang='lat' dir='ltr'><strong>intermina-</strong></span> 
     </span>
    </p>
   </div>
   <div class='ocr_carea' id='block_1_86' title="bbox 1123 1334 1916 1371">
    <p class='ocr_par' dir='ltr' id='par_1_86' title="bbox 1123 1334 1916 1371">
     <span class='ocr_line' id='line_1_86' title="bbox 1123 1334 1916 1371; baseline 0 -9"><span class='ocrx_word' id='word_1_657' title='bbox 1123 1334 1190 1362; x_wconf 89' lang='lat' dir='ltr'><strong>biles</strong></span> <span class='ocrx_word' id='word_1_658' title='bbox 1202 1335 1344 1371; x_wconf 79' lang='lat' dir='ltr'><strong>excipient.</strong></span> <span class='ocrx_word' id='word_1_659' title='bbox 1357 1335 1385 1363; x_wconf 91' lang='lat' dir='ltr'><strong>Si</strong></span> <span class='ocrx_word' id='word_1_660' title='bbox 1397 1335 1467 1371; x_wconf 80' lang='lat' dir='ltr'><strong>enim</strong></span> <span class='ocrx_word' id='word_1_661' title='bbox 1490 1335 1549 1363; x_wconf 89' lang='lat' dir='ltr'><strong>illos</strong></span> <span class='ocrx_word' id='word_1_662' title='bbox 1564 1335 1703 1370; x_wconf 84' lang='lat' dir='ltr'><strong>captivitas</strong></span> <span class='ocrx_word' id='word_1_663' title='bbox 1714 1355 1721 1367; x_wconf 94' lang='lat'><strong>,</strong></span> <span class='ocrx_word' id='word_1_664' title='bbox 1743 1335 1858 1363; x_wconf 68' lang='lat' dir='ltr'><strong>servitus</strong></span> <span class='ocrx_word' id='word_1_665' title='bbox 1869 1356 1876 1368; x_wconf 92' lang='lat'><strong>,</strong></span> <span class='ocrx_word' id='word_1_666' title='bbox 1890 1342 1916 1363; x_wconf 86' lang='lat' dir='ltr'><strong>et</strong></span> 
     </span>
    </p>
   </div>
   <div class='ocr_carea' id='block_1_87' title="bbox 1124 1381 1916 1416">
    <p class='ocr_par' dir='ltr' id='par_1_87' title="bbox 1124 1381 1916 1416">
     <span class='ocr_line' id='line_1_87' title="bbox 1124 1381 1916 1416; baseline -0.003 -8"><span class='ocrx_word' id='word_1_667' title='bbox 1124 1385 1244 1409; x_wconf 84' lang='lat' dir='ltr'><strong>extrema</strong></span> <span class='ocrx_word' id='word_1_668' title='bbox 1264 1381 1332 1409; x_wconf 89' lang='lat' dir='ltr'><strong>mala</strong></span> <span class='ocrx_word' id='word_1_669' title='bbox 1347 1386 1529 1416; x_wconf 75' lang='lat' dir='ltr'><strong>exceperunt,</strong></span> <span class='ocrx_word' id='word_1_670' title='bbox 1545 1381 1624 1416; x_wconf 85' lang='lat' dir='ltr'><strong>idque</strong></span> <span class='ocrx_word' id='word_1_671' title='bbox 1645 1388 1693 1415; x_wconf 92' lang='lat' dir='ltr'><strong>pro</strong></span> <span class='ocrx_word' id='word_1_672' title='bbox 1714 1385 1809 1408; x_wconf 89' lang='lat' dir='ltr'><strong>ornatu</strong></span> <span class='ocrx_word' id='word_1_673' title='bbox 1825 1390 1832 1408; x_wconf 89' lang='lat'><strong>:</strong></span> <span class='ocrx_word' id='word_1_674' title='bbox 1846 1381 1916 1416; x_wconf 89' lang='lat' dir='ltr'><strong>quod</strong></span> 
     </span>
    </p>
   </div>
   <div class='ocr_carea' id='block_1_88' title="bbox 1123 1426 1917 1462">
    <p class='ocr_par' dir='ltr' id='par_1_88' title="bbox 1123 1426 1917 1462">
     <span class='ocr_line' id='line_1_88' title="bbox 1123 1426 1917 1462; baseline -0.003 -8"><span class='ocrx_word' id='word_1_675' title='bbox 1123 1427 1195 1454; x_wconf 86' lang='lat' dir='ltr'><strong>enim</strong></span> <span class='ocrx_word' id='word_1_676' title='bbox 1209 1426 1287 1462; x_wconf 80' lang='lat' dir='ltr'><strong>hujus</strong></span> <span class='ocrx_word' id='word_1_677' title='bbox 1302 1434 1395 1462; x_wconf 74' lang='lat' dir='ltr'><strong>ptenas</strong></span> <span class='ocrx_word' id='word_1_678' title='bbox 1407 1426 1537 1462; x_wconf 82' lang='lat' dir='ltr'><strong>exigeret,</strong></span> <span class='ocrx_word' id='word_1_679' title='bbox 1553 1431 1580 1454; x_wconf 89' lang='lat' dir='ltr'><strong>et</strong></span> <span class='ocrx_word' id='word_1_680' title='bbox 1594 1426 1644 1453; x_wconf 91' lang='lat' dir='ltr'><strong>hoc</strong></span> <span class='ocrx_word' id='word_1_681' title='bbox 1659 1426 1767 1462; x_wconf 88' lang='lat' dir='ltr'><strong>proprie</strong></span> <span class='ocrx_word' id='word_1_682' title='bbox 1779 1430 1917 1460; x_wconf 87' lang='lat' dir='ltr'><strong>peccatum</strong></span> 
     </span>
    </p>
   </div>
   <div class='ocr_carea' id='block_1_89' title="bbox 1124 1471 1917 1508">
    <p class='ocr_par' dir='ltr' id='par_1_89' title="bbox 1124 1471 1917 1508">
     <span class='ocr_line' id='line_1_89' title="bbox 1124 1471 1917 1508; baseline -0.001 -9"><span class='ocrx_word' id='word_1_683' title='bbox 1124 1473 1246 1508; x_wconf 90' lang='lat' dir='ltr'><strong>puniret,</strong></span> <span class='ocrx_word' id='word_1_684' title='bbox 1261 1472 1322 1499; x_wconf 91' lang='lat' dir='ltr'><strong>audi</strong></span> <span class='ocrx_word' id='word_1_685' title='bbox 1337 1471 1470 1507; x_wconf 89' lang='lat' dir='ltr'><strong>quomodo</strong></span> <span class='ocrx_word' id='word_1_686' title='bbox 1483 1471 1525 1499; x_wconf 86' lang='lat' dir='ltr'><strong>his</strong></span> <span class='ocrx_word' id='word_1_687' title='bbox 1538 1472 1717 1504; x_wconf 88' lang='lat' dir='ltr'><strong>enumeratis,</strong></span> <span class='ocrx_word' id='word_1_688' title='bbox 1731 1479 1838 1499; x_wconf 91' lang='lat' dir='ltr'><strong>causam</strong></span> <span class='ocrx_word' id='word_1_689' title='bbox 1853 1471 1917 1498; x_wconf 89' lang='lat' dir='ltr'><strong>sub-</strong></span> 
     </span>
    </p>
   </div>
   <div class='ocr_carea' id='block_1_90' title="bbox 1121 1516 1916 1554">
    <p class='ocr_par' dir='ltr' id='par_1_90' title="bbox 1121 1516 1916 1554">
     <span class='ocr_line' id='line_1_90' title="bbox 1121 1516 1916 1554; baseline -0.003 -9"><span class='ocrx_word' id='word_1_690' title='bbox 1121 1518 1228 1554; x_wconf 67' lang='lat' dir='ltr'><strong>iunxit:</strong></span> <span class='ocrx_word' id='word_1_691' title='bbox 1245 1517 1308 1545; x_wconf 68' lang='lat' dir='ltr'><strong>Hice</strong></span> <span class='ocrx_word' id='word_1_692' title='bbox 1326 1518 1371 1544; x_wconf 86' lang='lat' dir='ltr'><strong>tibi</strong></span> <span class='ocrx_word' id='word_1_693' title='bbox 1383 1526 1429 1553; x_wconf 87' lang='lat' dir='ltr'><strong>pro</strong></span> <span class='ocrx_word' id='word_1_694' title='bbox 1442 1521 1533 1544; x_wconf 81' lang='lat' dir='ltr'><strong>ornatu</strong></span> <span class='ocrx_word' id='word_1_695' title='bbox 1546 1517 1583 1552; x_wconf 88' lang='lat' dir='ltr'><strong>(a)</strong></span> <span class='ocrx_word' id='word_1_696' title='bbox 1597 1525 1605 1544; x_wconf 81' lang='grc'>;</span> <span class='ocrx_word' id='word_1_697' title='bbox 1617 1517 1641 1544; x_wconf 90' lang='lat' dir='ltr'><strong>si</strong></span> <span class='ocrx_word' id='word_1_698' title='bbox 1654 1516 1733 1552; x_wconf 83' lang='lat' dir='ltr'><strong>igitur</strong></span> <span class='ocrx_word' id='word_1_699' title='bbox 1742 1516 1842 1544; x_wconf 66' lang='lat' dir='ltr'><strong>Judzere</strong></span> <span class='ocrx_word' id='word_1_700' title='bbox 1856 1524 1916 1544; x_wconf 85' lang='lat' dir='ltr'><strong>niu-</strong></span> 
     </span>
    </p>
   </div>
   <div class='ocr_carea' id='block_1_91' title="bbox 1124 1562 1916 1597">
    <p class='ocr_par' dir='ltr' id='par_1_91' title="bbox 1124 1562 1916 1597">
     <span class='ocr_line' id='line_1_91' title="bbox 1124 1562 1916 1597; baseline -0.003 -6"><span class='ocrx_word' id='word_1_701' title='bbox 1124 1564 1203 1592; x_wconf 89' lang='lat' dir='ltr'><strong>lieres</strong></span> <span class='ocrx_word' id='word_1_702' title='bbox 1215 1563 1250 1591; x_wconf 88' lang='lat' dir='ltr'><strong>ob</strong></span> <span class='ocrx_word' id='word_1_703' title='bbox 1264 1563 1343 1591; x_wconf 85' lang='lat' dir='ltr'><strong>talem</strong></span> <span class='ocrx_word' id='word_1_704' title='bbox 1358 1568 1481 1590; x_wconf 92' lang='lat' dir='ltr'><strong>ornatum</strong></span> <span class='ocrx_word' id='word_1_705' title='bbox 1495 1567 1581 1590; x_wconf 85' lang='lat' dir='ltr'><strong>tantas</strong></span> <span class='ocrx_word' id='word_1_706' title='bbox 1594 1563 1701 1590; x_wconf 87' lang='lat' dir='ltr'><strong>subiere</strong></span> <span class='ocrx_word' id='word_1_707' title='bbox 1714 1570 1817 1597; x_wconf 67' lang='lat' dir='ltr'><strong>pmnas,</strong></span> <span class='ocrx_word' id='word_1_708' title='bbox 1832 1562 1916 1597; x_wconf 78' lang='lat' dir='ltr'><strong>patria</strong></span> 
     </span>
    </p>
   </div>
   <div class='ocr_carea' id='block_1_92' title="bbox 1122 1609 1916 1645">
    <p class='ocr_par' dir='ltr' id='par_1_92' title="bbox 1122 1609 1916 1645">
     <span class='ocr_line' id='line_1_92' title="bbox 1122 1609 1916 1645; baseline -0.004 -7"><span class='ocrx_word' id='word_1_709' title='bbox 1122 1618 1138 1638; x_wconf 69' lang='grc' dir='ltr'><strong>ι</strong></span> <span class='ocrx_word' id='word_1_710' title='bbox 1149 1610 1327 1638; x_wconf 82' lang='lat' dir='ltr'><strong>fundamentis</strong></span> <span class='ocrx_word' id='word_1_711' title='bbox 1335 1610 1432 1642; x_wconf 82' lang='lat' dir='ltr'><strong>excisa,</strong></span> <span class='ocrx_word' id='word_1_712' title='bbox 1443 1615 1468 1638; x_wconf 91' lang='lat' dir='ltr'><strong>et</strong></span> <span class='ocrx_word' id='word_1_713' title='bbox 1476 1614 1537 1645; x_wconf 87' lang='lat' dir='ltr'><strong>post</strong></span> <span class='ocrx_word' id='word_1_714' title='bbox 1545 1614 1644 1637; x_wconf 88' lang='lat' dir='ltr'><strong>tantam</strong></span> <span class='ocrx_word' id='word_1_715' title='bbox 1653 1609 1810 1644; x_wconf 87' lang='lat' dir='ltr'><strong>voluptatem</strong></span> <span class='ocrx_word' id='word_1_716' title='bbox 1820 1617 1916 1642; x_wconf 77' lang='lat' dir='ltr'><strong>servae,</strong></span> 
     </span>
    </p>
   </div>
   <div class='ocr_carea' id='block_1_93' title="bbox 1124 1655 1917 1694">
    <p class='ocr_par' dir='ltr' id='par_1_93' title="bbox 1124 1655 1917 1694">
     <span class='ocr_line' id='line_1_93' title="bbox 1124 1655 1917 1694; baseline -0.004 -9"><span class='ocrx_word' id='word_1_717' title='bbox 1124 1658 1234 1694; x_wconf 72' lang='lat' dir='ltr'><strong>captiva:</strong></span> <span class='ocrx_word' id='word_1_718' title='bbox 1249 1662 1277 1685; x_wconf 88' lang='lat' dir='ltr'><strong>ct</strong></span> <span class='ocrx_word' id='word_1_719' title='bbox 1290 1662 1429 1690; x_wconf 87' lang='lat' dir='ltr'><strong>extorres,</strong></span> <span class='ocrx_word' id='word_1_720' title='bbox 1452 1657 1479 1684; x_wconf 92' lang='lat' dir='ltr'><strong>in</strong></span> <span class='ocrx_word' id='word_1_721' title='bbox 1503 1657 1617 1684; x_wconf 88' lang='lat' dir='ltr'><strong>alienam</strong></span> <span class='ocrx_word' id='word_1_722' title='bbox 1639 1656 1774 1691; x_wconf 85' lang='lat' dir='ltr'><strong>regionem</strong></span> <span class='ocrx_word' id='word_1_723' title='bbox 1795 1655 1917 1683; x_wconf 66' lang='lat' dir='ltr'><strong>abductx</strong></span> 
     </span>
    </p>
   </div>
   <div class='ocr_carea' id='block_1_94' title="bbox 1123 1700 1917 1737">
    <p class='ocr_par' dir='ltr' id='par_1_94' title="bbox 1123 1700 1917 1737">
     <span class='ocr_line' id='line_1_94' title="bbox 1123 1700 1917 1737; baseline -0.004 -7"><span class='ocrx_word' id='word_1_724' title='bbox 1123 1707 1195 1734; x_wconf 81' lang='lat' dir='ltr'><strong>sunt,</strong></span> <span class='ocrx_word' id='word_1_725' title='bbox 1211 1710 1242 1730; x_wconf 91' lang='lat' dir='ltr'><strong>ac</strong></span> <span class='ocrx_word' id='word_1_726' title='bbox 1254 1702 1327 1735; x_wconf 87' lang='lat' dir='ltr'><strong>fami,</strong></span> <span class='ocrx_word' id='word_1_727' title='bbox 1339 1703 1405 1737; x_wconf 87' lang='lat' dir='ltr'><strong>pesti</strong></span> <span class='ocrx_word' id='word_1_728' title='bbox 1415 1701 1539 1737; x_wconf 88' lang='lat' dir='ltr'><strong>milleque</strong></span> <span class='ocrx_word' id='word_1_729' title='bbox 1553 1701 1683 1729; x_wconf 91' lang='lat' dir='ltr'><strong>mortibus</strong></span> <span class='ocrx_word' id='word_1_730' title='bbox 1697 1700 1815 1734; x_wconf 75' lang='lat' dir='ltr'><strong>traditae;</strong></span> <span class='ocrx_word' id='word_1_731' title='bbox 1827 1708 1917 1728; x_wconf 78' lang='lat' dir='ltr'><strong>antron</strong></span> 
     </span>
    </p>
   </div>
   <div class='ocr_carea' id='block_1_95' title="bbox 1124 1746 1917 1784">
    <p class='ocr_par' dir='ltr' id='par_1_95' title="bbox 1124 1746 1917 1784">
     <span class='ocr_line' id='line_1_95' title="bbox 1124 1746 1917 1784; baseline -0.004 -8"><span class='ocrx_word' id='word_1_732' title='bbox 1124 1749 1295 1784; x_wconf 87' lang='lat' dir='ltr'><strong>perspicuum</strong></span> <span class='ocrx_word' id='word_1_733' title='bbox 1316 1753 1376 1781; x_wconf 92' lang='lat' dir='ltr'><strong>est,</strong></span> <span class='ocrx_word' id='word_1_734' title='bbox 1393 1755 1442 1775; x_wconf 89' lang='lat' dir='ltr'><strong>nos</strong></span> <span class='ocrx_word' id='word_1_735' title='bbox 1456 1748 1577 1783; x_wconf 79' lang='lat' dir='ltr'><strong>graviora</strong></span> <span class='ocrx_word' id='word_1_736' title='bbox 1598 1754 1722 1783; x_wconf 89' lang='lat' dir='ltr'><strong>passuros</strong></span> <span class='ocrx_word' id='word_1_737' title='bbox 1742 1754 1802 1774; x_wconf 86' lang='lat' dir='ltr'><strong>esse</strong></span> <span class='ocrx_word' id='word_1_738' title='bbox 1813 1767 1820 1779; x_wconf 96' lang='lat'><strong>,</strong></span> <span class='ocrx_word' id='word_1_739' title='bbox 1833 1747 1878 1781; x_wconf 88' lang='lat' dir='ltr'><strong>qui</strong></span> <span class='ocrx_word' id='word_1_740' title='bbox 1890 1746 1917 1773; x_wconf 89' lang='lat' dir='ltr'><strong>in</strong></span> 
     </span>
    </p>
   </div>
   <div class='ocr_carea' id='block_1_96' title="bbox 1123 1792 1915 1830">
    <p class='ocr_par' dir='ltr' id='par_1_96' title="bbox 1123 1792 1915 1830">
     <span class='ocr_line' id='line_1_96' title="bbox 1123 1792 1915 1830; baseline -0.003 -8"><span class='ocrx_word' id='word_1_741' title='bbox 1123 1795 1217 1823; x_wconf 85' lang='lat' dir='ltr'><strong>eadem</strong></span> <span class='ocrx_word' id='word_1_742' title='bbox 1236 1799 1344 1830; x_wconf 87' lang='lat' dir='ltr'><strong>peccata</strong></span> <span class='ocrx_word' id='word_1_743' title='bbox 1359 1794 1515 1822; x_wconf 88' lang='lat' dir='ltr'><strong>incidimus?</strong></span> <span class='ocrx_word' id='word_1_744' title='bbox 1529 1793 1757 1828; x_wconf 85' lang='lat' dir='ltr'><strong>Quemadmodum</strong></span> <span class='ocrx_word' id='word_1_745' title='bbox 1777 1794 1849 1820; x_wconf 91' lang='lat' dir='ltr'><strong>enim</strong></span> <span class='ocrx_word' id='word_1_746' title='bbox 1865 1792 1915 1820; x_wconf 90' lang='lat' dir='ltr'><strong>ho-</strong></span> 
     </span>
    </p>
   </div>
   <div class='ocr_carea' id='block_1_97' title="bbox 1124 1839 1684 1875">
    <p class='ocr_par' dir='ltr' id='par_1_97' title="bbox 1124 1839 1684 1875">
     <span class='ocr_line' id='line_1_97' title="bbox 1124 1839 1684 1875; baseline -0.002 -8"><span class='ocrx_word' id='word_1_747' title='bbox 1124 1848 1203 1868; x_wconf 88' lang='lat' dir='ltr'><strong>nores</strong></span> <span class='ocrx_word' id='word_1_748' title='bbox 1216 1840 1342 1875; x_wconf 82' lang='lat' dir='ltr'><strong>majores,</strong></span> <span class='ocrx_word' id='word_1_749' title='bbox 1360 1841 1394 1867; x_wconf 92' lang='lat' dir='ltr'><strong>ita</strong></span> <span class='ocrx_word' id='word_1_750' title='bbox 1407 1839 1529 1875; x_wconf 79' lang='lat' dir='ltr'><strong>graviora</strong></span> <span class='ocrx_word' id='word_1_751' title='bbox 1543 1839 1684 1874; x_wconf 85' lang='lat' dir='ltr'><strong>supplicia.</strong></span> 
     </span>
    </p>
   </div>
   <div class='ocr_carea' id='block_1_98' title="bbox 1159 1884 1906 1920">
    <p class='ocr_par' dir='ltr' id='par_1_98' title="bbox 1159 1884 1906 1920">
     <span class='ocr_line' id='line_1_98' title="bbox 1159 1884 1906 1920; baseline -0.004 -8"><span class='ocrx_word' id='word_1_752' title='bbox 1159 1885 1228 1912; x_wconf 81' lang='lat' dir='ltr'><strong>Deus</strong></span> <span class='ocrx_word' id='word_1_753' title='bbox 1243 1894 1293 1912; x_wconf 85' lang='lat' dir='ltr'><strong>non</strong></span> <span class='ocrx_word' id='word_1_754' title='bbox 1306 1894 1403 1920; x_wconf 88' lang='lat' dir='ltr'><strong>semper</strong></span> <span class='ocrx_word' id='word_1_755' title='bbox 1417 1885 1509 1912; x_wconf 83' lang='lat' dir='ltr'><strong>similia</strong></span> <span class='ocrx_word' id='word_1_756' title='bbox 1525 1890 1654 1920; x_wconf 70' lang='lat' dir='ltr'><strong>peccantes</strong></span> <span class='ocrx_word' id='word_1_757' title='bbox 1669 1884 1784 1911; x_wconf 82' lang='lat' dir='ltr'><strong>similiter</strong></span> <span class='ocrx_word' id='word_1_758' title='bbox 1797 1884 1906 1919; x_wconf 76' lang='lat' dir='ltr'><strong>castigat</strong></span> 
     </span>
    </p>
   </div>
   <div class='ocr_carea' id='block_1_99' title="bbox 1122 1930 1917 1966">
    <p class='ocr_par' dir='ltr' id='par_1_99' title="bbox 1122 1930 1917 1966">
     <span class='ocr_line' id='line_1_99' title="bbox 1122 1930 1917 1966; baseline -0.004 -7"><span class='ocrx_word' id='word_1_759' title='bbox 1122 1946 1158 1955; x_wconf 57' lang='grc' dir='ltr'><strong>-ψ</strong></span> <span class='ocrx_word' id='word_1_760' title='bbox 1168 1931 1243 1966; x_wconf 84' lang='lat' dir='ltr'><strong>Quod</strong></span> <span class='ocrx_word' id='word_1_761' title='bbox 1256 1931 1278 1958; x_wconf 91' lang='lat' dir='ltr'><strong>si</strong></span> <span class='ocrx_word' id='word_1_762' title='bbox 1289 1932 1360 1958; x_wconf 87' lang='lat' dir='ltr'><strong>nulla</strong></span> <span class='ocrx_word' id='word_1_763' title='bbox 1373 1932 1470 1958; x_wconf 90' lang='lat' dir='ltr'><strong>mulier</strong></span> <span class='ocrx_word' id='word_1_764' title='bbox 1485 1931 1563 1958; x_wconf 90' lang='lat' dir='ltr'><strong>talem</strong></span> <span class='ocrx_word' id='word_1_765' title='bbox 1575 1935 1697 1957; x_wconf 89' lang='lat' dir='ltr'><strong>ornatum</strong></span> <span class='ocrx_word' id='word_1_766' title='bbox 1708 1930 1836 1957; x_wconf 73' lang='lat' dir='ltr'><strong>affectans</strong></span> <span class='ocrx_word' id='word_1_767' title='bbox 1852 1930 1917 1957; x_wconf 83' lang='lat' dir='ltr'><strong>hac-</strong></span> 
     </span>
    </p>
   </div>
   <div class='ocr_carea' id='block_1_100' title="bbox 1124 1975 1918 2012">
    <p class='ocr_par' dir='ltr' id='par_1_100' title="bbox 1124 1975 1918 2012">
     <span class='ocr_line' id='line_1_100' title="bbox 1124 1975 1918 2012; baseline -0.003 -8"><span class='ocrx_word' id='word_1_768' title='bbox 1124 1981 1201 2004; x_wconf 87' lang='lat' dir='ltr'><strong>tettus</strong></span> <span class='ocrx_word' id='word_1_769' title='bbox 1222 1976 1320 2012; x_wconf 90' lang='lat' dir='ltr'><strong>aliquid</strong></span> <span class='ocrx_word' id='word_1_770' title='bbox 1335 1977 1386 2004; x_wconf 86' lang='lat' dir='ltr'><strong>tale</strong></span> <span class='ocrx_word' id='word_1_771' title='bbox 1409 1984 1484 2012; x_wconf 89' lang='lat' dir='ltr'><strong>passa</strong></span> <span class='ocrx_word' id='word_1_772' title='bbox 1500 1981 1560 2009; x_wconf 88' lang='lat' dir='ltr'><strong>est,</strong></span> <span class='ocrx_word' id='word_1_773' title='bbox 1582 1984 1616 2003; x_wconf 93' lang='lat' dir='ltr'><strong>ne</strong></span> <span class='ocrx_word' id='word_1_774' title='bbox 1637 1975 1696 2003; x_wconf 88' lang='lat' dir='ltr'><strong>ideo</strong></span> <span class='ocrx_word' id='word_1_775' title='bbox 1711 1975 1836 2003; x_wconf 85' lang='lat' dir='ltr'><strong>confidat.</strong></span> <span class='ocrx_word' id='word_1_776' title='bbox 1860 1975 1918 2003; x_wconf 74' lang='lat' dir='ltr'><strong>Mes</strong></span> 
     </span>
    </p>
   </div>
   <div class='ocr_carea' id='block_1_101' title="bbox 1123 2021 1919 2057">
    <p class='ocr_par' dir='ltr' id='par_1_101' title="bbox 1123 2021 1919 2057">
     <span class='ocr_line' id='line_1_101' title="bbox 1123 2021 1919 2057; baseline 0 -7"><span class='ocrx_word' id='word_1_777' title='bbox 1123 2023 1195 2050; x_wconf 88' lang='lat' dir='ltr'><strong>enim</strong></span> <span class='ocrx_word' id='word_1_778' title='bbox 1209 2027 1251 2050; x_wconf 89' lang='lat' dir='ltr'><strong>est</strong></span> <span class='ocrx_word' id='word_1_779' title='bbox 1264 2023 1317 2050; x_wconf 88' lang='lat' dir='ltr'><strong>Deo</strong></span> <span class='ocrx_word' id='word_1_780' title='bbox 1332 2024 1423 2057; x_wconf 77' lang='lat' dir='ltr'><strong>poenas</strong></span> <span class='ocrx_word' id='word_1_781' title='bbox 1437 2022 1550 2050; x_wconf 87' lang='lat' dir='ltr'><strong>delinire</strong></span> <span class='ocrx_word' id='word_1_782' title='bbox 1563 2022 1607 2049; x_wconf 92' lang='lat' dir='ltr'><strong>nni</strong></span> <span class='ocrx_word' id='word_1_783' title='bbox 1620 2021 1744 2054; x_wconf 86' lang='lat' dir='ltr'><strong>etaltcri,</strong></span> <span class='ocrx_word' id='word_1_784' title='bbox 1756 2026 1782 2049; x_wconf 87' lang='lat' dir='ltr'><strong>et</strong></span> <span class='ocrx_word' id='word_1_785' title='bbox 1796 2029 1843 2056; x_wconf 88' lang='lat' dir='ltr'><strong>per</strong></span> <span class='ocrx_word' id='word_1_786' title='bbox 1858 2021 1919 2050; x_wconf 88' lang='lat' dir='ltr'><strong>illos</strong></span> 
     </span>
    </p>
   </div>
   <div class='ocr_carea' id='block_1_102' title="bbox 1122 2067 1920 2102">
    <p class='ocr_par' dir='ltr' id='par_1_102' title="bbox 1122 2067 1920 2102">
     <span class='ocr_line' id='line_1_102' title="bbox 1122 2067 1920 2102; baseline -0.004 -6"><span class='ocrx_word' id='word_1_787' title='bbox 1122 2067 1350 2096; x_wconf 86' lang='lat' dir='ltr'><strong>commonefacere</strong></span> <span class='ocrx_word' id='word_1_788' title='bbox 1363 2073 1475 2095; x_wconf 69' lang='lat' dir='ltr'><strong>cteteros</strong></span> <span class='ocrx_word' id='word_1_789' title='bbox 1495 2075 1589 2095; x_wconf 87' lang='lat' dir='ltr'><strong>omnes</strong></span> <span class='ocrx_word' id='word_1_790' title='bbox 1603 2067 1638 2095; x_wconf 86' lang='lat' dir='ltr'><strong>de</strong></span> <span class='ocrx_word' id='word_1_791' title='bbox 1655 2067 1740 2102; x_wconf 76' lang='lat' dir='ltr'><strong>ptenis</strong></span> <span class='ocrx_word' id='word_1_792' title='bbox 1764 2075 1824 2102; x_wconf 75' lang='lat' dir='ltr'><strong>qua:</strong></span> <span class='ocrx_word' id='word_1_793' title='bbox 1844 2067 1920 2102; x_wconf 83' lang='lat' dir='ltr'><strong>ipsos</strong></span> 
     </span>
    </p>
   </div>
   <div class='ocr_carea' id='block_1_103' title="bbox 1122 2111 1918 2148">
    <p class='ocr_par' dir='ltr' id='par_1_103' title="bbox 1122 2111 1918 2148">
     <span class='ocr_line' id='line_1_103' title="bbox 1122 2111 1918 2148; baseline -0.004 -6"><span class='ocrx_word' id='word_1_794' title='bbox 1122 2118 1272 2148; x_wconf 76' lang='lat' dir='ltr'><strong>exceptura:</strong></span> <span class='ocrx_word' id='word_1_795' title='bbox 1284 2112 1356 2141; x_wconf 63' lang='lat' dir='ltr'><strong>Sunt.</strong></span> <span class='ocrx_word' id='word_1_796' title='bbox 1369 2113 1402 2141; x_wconf 89' lang='lat' dir='ltr'><strong>Ut</strong></span> <span class='ocrx_word' id='word_1_797' title='bbox 1412 2118 1500 2140; x_wconf 79' lang='lat' dir='ltr'><strong>autent</strong></span> <span class='ocrx_word' id='word_1_798' title='bbox 1513 2113 1538 2140; x_wconf 94' lang='lat' dir='ltr'><strong>id</strong></span> <span class='ocrx_word' id='word_1_799' title='bbox 1554 2113 1651 2140; x_wconf 86' lang='lat' dir='ltr'><strong>clarius</strong></span> <span class='ocrx_word' id='word_1_800' title='bbox 1663 2111 1767 2145; x_wconf 88' lang='lat' dir='ltr'><strong>evadat,</strong></span> <span class='ocrx_word' id='word_1_801' title='bbox 1779 2118 1918 2147; x_wconf 86' lang='lat' dir='ltr'><strong>peccatum</strong></span> 
     </span>
    </p>
   </div>
   <div class='ocr_carea' id='block_1_104' title="bbox 1121 2157 1919 2195">
    <p class='ocr_par' dir='ltr' id='par_1_104' title="bbox 1121 2157 1919 2195">
     <span class='ocr_line' id='line_1_104' title="bbox 1121 2157 1919 2195; baseline -0.004 -8"><span class='ocrx_word' id='word_1_802' title='bbox 1121 2168 1202 2195; x_wconf 81' lang='lat' dir='ltr'><strong>grave</strong></span> <span class='ocrx_word' id='word_1_803' title='bbox 1215 2160 1378 2187; x_wconf 64' lang='lat' dir='ltr'><strong>admiserunt</strong></span> <span class='ocrx_word' id='word_1_804' title='bbox 1391 2160 1453 2186; x_wconf 90' lang='lat' dir='ltr'><strong>olim</strong></span> <span class='ocrx_word' id='word_1_805' title='bbox 1469 2159 1484 2186; x_wconf 93' lang='lat' dir='ltr'><strong>ii</strong></span> <span class='ocrx_word' id='word_1_806' title='bbox 1497 2159 1541 2194; x_wconf 88' lang='lat' dir='ltr'><strong>qui</strong></span> <span class='ocrx_word' id='word_1_807' title='bbox 1555 2158 1669 2186; x_wconf 80' lang='lat' dir='ltr'><strong>Sodoma</strong></span> <span class='ocrx_word' id='word_1_808' title='bbox 1685 2157 1851 2189; x_wconf 87' lang='lat' dir='ltr'><strong>incolebant,</strong></span> <span class='ocrx_word' id='word_1_809' title='bbox 1869 2165 1919 2184; x_wconf 81' lang='lat' dir='ltr'><strong>ex-</strong></span> 
     </span>
    </p>
   </div>
   <div class='ocr_carea' id='block_1_105' title="bbox 1123 2204 1920 2241">
    <p class='ocr_par' dir='ltr' id='par_1_105' title="bbox 1123 2204 1920 2241">
     <span class='ocr_line' id='line_1_105' title="bbox 1123 2204 1920 2241; baseline -0.004 -7"><span class='ocrx_word' id='word_1_810' title='bbox 1123 2211 1221 2234; x_wconf 86' lang='lat' dir='ltr'><strong>tremas</strong></span> <span class='ocrx_word' id='word_1_811' title='bbox 1239 2206 1371 2234; x_wconf 89' lang='lat' dir='ltr'><strong>dederunt</strong></span> <span class='ocrx_word' id='word_1_812' title='bbox 1385 2214 1478 2241; x_wconf 69' lang='lat' dir='ltr'><strong>punias</strong></span> <span class='ocrx_word' id='word_1_813' title='bbox 1488 2226 1495 2238; x_wconf 94' lang='lat'><strong>,</strong></span> <span class='ocrx_word' id='word_1_814' title='bbox 1512 2206 1544 2233; x_wconf 90' lang='lat' dir='ltr'><strong>iis</strong></span> <span class='ocrx_word' id='word_1_815' title='bbox 1557 2205 1684 2232; x_wconf 86' lang='lat' dir='ltr'><strong>immissis</strong></span> <span class='ocrx_word' id='word_1_816' title='bbox 1701 2204 1856 2236; x_wconf 71' lang='lat' dir='ltr'><strong>fulminibus</strong></span> <span class='ocrx_word' id='word_1_817' title='bbox 1870 2225 1877 2235; x_wconf 88' lang='lat'><strong>,</strong></span> <span class='ocrx_word' id='word_1_818' title='bbox 1893 2210 1920 2231; x_wconf 73' lang='lat' dir='ltr'><strong>et</strong></span> 
     </span>
    </p>
   </div>
   <div class='ocr_carea' id='block_1_106' title="bbox 1123 2250 1920 2288">
    <p class='ocr_par' dir='ltr' id='par_1_106' title="bbox 1123 2250 1920 2288">
     <span class='ocr_line' id='line_1_106' title="bbox 1123 2250 1920 2288; baseline -0.004 -7"><span class='ocrx_word' id='word_1_819' title='bbox 1123 2252 1233 2281; x_wconf 88' lang='lat' dir='ltr'><strong>urbibus</strong></span> <span class='ocrx_word' id='word_1_820' title='bbox 1243 2273 1251 2286; x_wconf 90' lang='lat'><strong>,</strong></span> <span class='ocrx_word' id='word_1_821' title='bbox 1264 2253 1370 2288; x_wconf 88' lang='lat' dir='ltr'><strong>populis</strong></span> <span class='ocrx_word' id='word_1_822' title='bbox 1384 2257 1508 2287; x_wconf 86' lang='lat' dir='ltr'><strong>terraque</strong></span> <span class='ocrx_word' id='word_1_823' title='bbox 1520 2252 1575 2286; x_wconf 87' lang='lat' dir='ltr'><strong>ipsa</strong></span> <span class='ocrx_word' id='word_1_824' title='bbox 1591 2259 1651 2278; x_wconf 90' lang='lat' dir='ltr'><strong>cum</strong></span> <span class='ocrx_word' id='word_1_825' title='bbox 1666 2250 1823 2286; x_wconf 88' lang='lat' dir='ltr'><strong>corporibus</strong></span> <span class='ocrx_word' id='word_1_826' title='bbox 1837 2251 1920 2278; x_wconf 89' lang='lat' dir='ltr'><strong>simul</strong></span> 
     </span>
    </p>
   </div>
   <div class='ocr_carea' id='block_1_107' title="bbox 1122 2297 1919 2334">
    <p class='ocr_par' dir='ltr' id='par_1_107' title="bbox 1122 2297 1919 2334">
     <span class='ocr_line' id='line_1_107' title="bbox 1122 2297 1919 2334; baseline -0.006 -6"><span class='ocrx_word' id='word_1_827' title='bbox 1122 2299 1276 2328; x_wconf 89' lang='lat' dir='ltr'><strong>combustis.</strong></span> <span class='ocrx_word' id='word_1_828' title='bbox 1300 2300 1366 2333; x_wconf 88' lang='lat' dir='ltr'><strong>Quid</strong></span> <span class='ocrx_word' id='word_1_829' title='bbox 1387 2299 1484 2334; x_wconf 82' lang='lat' dir='ltr'><strong>igitur?</strong></span> <span class='ocrx_word' id='word_1_830' title='bbox 1506 2298 1627 2326; x_wconf 89' lang='lat' dir='ltr'><strong>nullusne</strong></span> <span class='ocrx_word' id='word_1_831' title='bbox 1654 2304 1714 2333; x_wconf 87' lang='lat' dir='ltr'><strong>post</strong></span> <span class='ocrx_word' id='word_1_832' title='bbox 1738 2297 1799 2324; x_wconf 85' lang='lat' dir='ltr'><strong>illos</strong></span> <span class='ocrx_word' id='word_1_833' title='bbox 1819 2297 1919 2324; x_wconf 76' lang='lat' dir='ltr'><strong>similia</strong></span> 
     </span>
    </p>
   </div>
   <div class='ocr_carea' id='block_1_108' title="bbox 1121 2342 1916 2378">
    <p class='ocr_par' dir='ltr' id='par_1_108' title="bbox 1121 2342 1916 2378">
     <span class='ocr_line' id='line_1_108' title="bbox 1121 2342 1916 2378; baseline -0.006 -5"><span class='ocrx_word' id='word_1_834' title='bbox 1121 2353 1202 2373; x_wconf 88' lang='lat' dir='ltr'><strong>ausus</strong></span> <span class='ocrx_word' id='word_1_835' title='bbox 1215 2346 1275 2373; x_wconf 82' lang='lat' dir='ltr'><strong>est?</strong></span> <span class='ocrx_word' id='word_1_836' title='bbox 1289 2345 1363 2372; x_wconf 83' lang='lat' dir='ltr'><strong>Multi</strong></span> <span class='ocrx_word' id='word_1_837' title='bbox 1377 2350 1450 2372; x_wconf 86' lang='lat' dir='ltr'><strong>certe</strong></span> <span class='ocrx_word' id='word_1_838' title='bbox 1461 2365 1468 2377; x_wconf 92' lang='lat'><strong>,</strong></span> <span class='ocrx_word' id='word_1_839' title='bbox 1481 2349 1508 2371; x_wconf 91' lang='lat' dir='ltr'><strong>et</strong></span> <span class='ocrx_word' id='word_1_840' title='bbox 1522 2344 1548 2371; x_wconf 93' lang='lat' dir='ltr'><strong>in</strong></span> <span class='ocrx_word' id='word_1_841' title='bbox 1563 2343 1655 2371; x_wconf 89' lang='lat' dir='ltr'><strong>multis</strong></span> <span class='ocrx_word' id='word_1_842' title='bbox 1670 2351 1717 2378; x_wconf 89' lang='lat' dir='ltr'><strong>per</strong></span> <span class='ocrx_word' id='word_1_843' title='bbox 1729 2343 1821 2370; x_wconf 90' lang='lat' dir='ltr'><strong>orbem</strong></span> <span class='ocrx_word' id='word_1_844' title='bbox 1839 2342 1916 2369; x_wconf 70' lang='lat' dir='ltr'><strong>locis.</strong></span> 
     </span>
    </p>
   </div>
   <div class='ocr_carea' id='block_1_109' title="bbox 1121 2387 1920 2426">
    <p class='ocr_par' dir='ltr' id='par_1_109' title="bbox 1121 2387 1920 2426">
     <span class='ocr_line' id='line_1_109' title="bbox 1121 2387 1920 2426; baseline -0.005 -8"><span class='ocrx_word' id='word_1_845' title='bbox 1121 2391 1174 2419; x_wconf 91' lang='lat' dir='ltr'><strong>Cur</strong></span> <span class='ocrx_word' id='word_1_846' title='bbox 1191 2398 1256 2426; x_wconf 87' lang='lat' dir='ltr'><strong>ergo</strong></span> <span class='ocrx_word' id='word_1_847' title='bbox 1276 2390 1343 2417; x_wconf 89' lang='lat' dir='ltr'><strong>nihil</strong></span> <span class='ocrx_word' id='word_1_848' title='bbox 1358 2389 1540 2425; x_wconf 87' lang='lat' dir='ltr'><strong>hujuscemodi</strong></span> <span class='ocrx_word' id='word_1_849' title='bbox 1561 2388 1632 2424; x_wconf 82' lang='lat' dir='ltr'><strong>passi</strong></span> <span class='ocrx_word' id='word_1_850' title='bbox 1648 2388 1728 2415; x_wconf 85' lang='lat' dir='ltr'><strong>sunt?</strong></span> <span class='ocrx_word' id='word_1_851' title='bbox 1750 2387 1817 2421; x_wconf 88' lang='lat' dir='ltr'><strong>Quia</strong></span> <span class='ocrx_word' id='word_1_852' title='bbox 1837 2388 1920 2422; x_wconf 74' lang='lat' dir='ltr'><strong>longe</strong></span> 
     </span>
    </p>
   </div>
   <div class='ocr_carea' id='block_1_110' title="bbox 1120 2433 1920 2473">
    <p class='ocr_par' dir='ltr' id='par_1_110' title="bbox 1120 2433 1920 2473">
     <span class='ocr_line' id='line_1_110' title="bbox 1120 2433 1920 2473; baseline -0.005 -9"><span class='ocrx_word' id='word_1_853' title='bbox 1120 2437 1235 2473; x_wconf 81' lang='lat' dir='ltr'><strong>graviori</strong></span> <span class='ocrx_word' id='word_1_854' title='bbox 1257 2441 1427 2464; x_wconf 85' lang='lat' dir='ltr'><strong>reservantur</strong></span> <span class='ocrx_word' id='word_1_855' title='bbox 1454 2434 1595 2470; x_wconf 88' lang='lat' dir='ltr'><strong>supplicio.</strong></span> <span class='ocrx_word' id='word_1_856' title='bbox 1623 2434 1685 2462; x_wconf 86' lang='lat' dir='ltr'><strong>Ideo</strong></span> <span class='ocrx_word' id='word_1_857' title='bbox 1707 2441 1822 2468; x_wconf 87' lang='lat' dir='ltr'><strong>namque</strong></span> <span class='ocrx_word' id='word_1_858' title='bbox 1846 2433 1920 2460; x_wconf 87' lang='lat' dir='ltr'><strong>Deus</strong></span> 
     </span>
    </p>
   </div>
   <div class='ocr_carea' id='block_1_111' title="bbox 1120 2479 1917 2519">
    <p class='ocr_par' dir='ltr' id='par_1_111' title="bbox 1120 2479 1917 2519">
     <span class='ocr_line' id='line_1_111' title="bbox 1120 2479 1917 2519; baseline -0.006 -9"><span class='ocrx_word' id='word_1_859' title='bbox 1120 2488 1257 2519; x_wconf 88' lang='lat' dir='ltr'><strong>postquam</strong></span> <span class='ocrx_word' id='word_1_860' title='bbox 1270 2481 1295 2509; x_wconf 91' lang='lat' dir='ltr'><strong>id</strong></span> <span class='ocrx_word' id='word_1_861' title='bbox 1306 2482 1388 2509; x_wconf 84' lang='lat' dir='ltr'><strong>semel</strong></span> <span class='ocrx_word' id='word_1_862' title='bbox 1403 2481 1472 2513; x_wconf 72' lang='lat' dir='ltr'><strong>fecit,</strong></span> <span class='ocrx_word' id='word_1_863' title='bbox 1487 2479 1597 2513; x_wconf 82' lang='lat' dir='ltr'><strong>destitit,</strong></span> <span class='ocrx_word' id='word_1_864' title='bbox 1609 2484 1637 2507; x_wconf 95' lang='lat' dir='ltr'><strong>ut</strong></span> <span class='ocrx_word' id='word_1_865' title='bbox 1647 2480 1690 2515; x_wconf 93' lang='lat' dir='ltr'><strong>qui</strong></span> <span class='ocrx_word' id='word_1_866' title='bbox 1705 2479 1763 2507; x_wconf 80' lang='lat' dir='ltr'><strong>talia</strong></span> <span class='ocrx_word' id='word_1_867' title='bbox 1774 2479 1917 2509; x_wconf 77' lang='lat' dir='ltr'><strong>auderent,</strong></span> 
     </span>
    </p>
   </div>
   <div class='ocr_carea' id='block_1_112' title="bbox 1120 2526 1916 2563">
    <p class='ocr_par' dir='ltr' id='par_1_112' title="bbox 1120 2526 1916 2563">
     <span class='ocr_line' id='line_1_112' title="bbox 1120 2526 1916 2563; baseline -0.001 -8"><span class='ocrx_word' id='word_1_868' title='bbox 1120 2529 1224 2556; x_wconf 74' lang='lat' dir='ltr'><strong>etiamsi</strong></span> <span class='ocrx_word' id='word_1_869' title='bbox 1239 2528 1282 2556; x_wconf 93' lang='lat' dir='ltr'><strong>hic</strong></span> <span class='ocrx_word' id='word_1_870' title='bbox 1295 2535 1387 2563; x_wconf 70' lang='lat' dir='ltr'><strong>pinnas</strong></span> <span class='ocrx_word' id='word_1_871' title='bbox 1400 2535 1452 2554; x_wconf 93' lang='lat' dir='ltr'><strong>non</strong></span> <span class='ocrx_word' id='word_1_872' title='bbox 1467 2527 1578 2559; x_wconf 87' lang='lat' dir='ltr'><strong>darent,</strong></span> <span class='ocrx_word' id='word_1_873' title='bbox 1594 2531 1667 2554; x_wconf 89' lang='lat' dir='ltr'><strong>certo</strong></span> <span class='ocrx_word' id='word_1_874' title='bbox 1681 2526 1780 2553; x_wconf 85' lang='lat' dir='ltr'><strong>scirent</strong></span> <span class='ocrx_word' id='word_1_875' title='bbox 1793 2533 1823 2553; x_wconf 88' lang='lat' dir='ltr'><strong>se</strong></span> <span class='ocrx_word' id='word_1_876' title='bbox 1838 2534 1916 2554; x_wconf 90' lang='lat' dir='ltr'><strong>num-</strong></span> 
     </span>
    </p>
   </div>
   <div class='ocr_carea' id='block_1_113' title="bbox 1119 2571 1915 2609">
    <p class='ocr_par' dir='ltr' id='par_1_113' title="bbox 1119 2571 1915 2609">
     <span class='ocr_line' id='line_1_113' title="bbox 1119 2571 1915 2609; baseline -0.001 -8"><span class='ocrx_word' id='word_1_877' title='bbox 1119 2582 1199 2609; x_wconf 88' lang='lat' dir='ltr'><strong>quam</strong></span> <span class='ocrx_word' id='word_1_878' title='bbox 1213 2574 1367 2609; x_wconf 82' lang='lat' dir='ltr'><strong>ell&#39;ugituros</strong></span> <span class='ocrx_word' id='word_1_879' title='bbox 1377 2581 1446 2600; x_wconf 89' lang='lat' dir='ltr'><strong>esse.</strong></span> <span class='ocrx_word' id='word_1_880' title='bbox 1460 2571 1598 2606; x_wconf 86' lang='lat' dir='ltr'><strong>Quomodo</strong></span> <span class='ocrx_word' id='word_1_881' title='bbox 1617 2571 1689 2599; x_wconf 87' lang='lat' dir='ltr'><strong>enim</strong></span> <span class='ocrx_word' id='word_1_882' title='bbox 1703 2576 1915 2600; x_wconf 87' lang='lat' dir='ltr'><strong>consentaneum</strong></span> 
     </span>
    </p>
   </div>
   <div class='ocr_carea' id='block_1_114' title="bbox 1120 2618 1916 2654">
    <p class='ocr_par' dir='ltr' id='par_1_114' title="bbox 1120 2618 1916 2654">
     <span class='ocr_line' id='line_1_114' title="bbox 1120 2618 1916 2654; baseline -0.001 -6"><span class='ocrx_word' id='word_1_883' title='bbox 1120 2621 1214 2648; x_wconf 89' lang='lat' dir='ltr'><strong>rationi</strong></span> <span class='ocrx_word' id='word_1_884' title='bbox 1223 2620 1312 2653; x_wconf 82' lang='lat' dir='ltr'><strong>fuerit,</strong></span> <span class='ocrx_word' id='word_1_885' title='bbox 1321 2625 1382 2647; x_wconf 92' lang='lat' dir='ltr'><strong>ante</strong></span> <span class='ocrx_word' id='word_1_886' title='bbox 1389 2620 1499 2654; x_wconf 84' lang='lat' dir='ltr'><strong>gratiam</strong></span> <span class='ocrx_word' id='word_1_887' title='bbox 1508 2623 1534 2646; x_wconf 87' lang='lat' dir='ltr'><strong>et</strong></span> <span class='ocrx_word' id='word_1_888' title='bbox 1543 2622 1603 2646; x_wconf 90' lang='lat' dir='ltr'><strong>ante</strong></span> <span class='ocrx_word' id='word_1_889' title='bbox 1613 2618 1709 2653; x_wconf 83' lang='lat' dir='ltr'><strong>legem,</strong></span> <span class='ocrx_word' id='word_1_890' title='bbox 1718 2626 1764 2645; x_wconf 86' lang='lat' dir='ltr'><strong>eos</strong></span> <span class='ocrx_word' id='word_1_891' title='bbox 1774 2618 1818 2653; x_wconf 85' lang='lat' dir='ltr'><strong>qui</strong></span> <span class='ocrx_word' id='word_1_892' title='bbox 1828 2627 1916 2653; x_wconf 78' lang='lat' dir='ltr'><strong>neque</strong></span> 
     </span>
    </p>
   </div>
   <div class='ocr_carea' id='block_1_115' title="bbox 1119 2664 1917 2702">
    <p class='ocr_par' dir='ltr' id='par_1_115' title="bbox 1119 2664 1917 2702">
     <span class='ocr_line' id='line_1_115' title="bbox 1119 2664 1917 2702; baseline -0.003 -8"><span class='ocrx_word' id='word_1_893' title='bbox 1119 2668 1261 2702; x_wconf 88' lang='lat' dir='ltr'><strong>prophetas</strong></span> <span class='ocrx_word' id='word_1_894' title='bbox 1271 2687 1279 2700; x_wconf 89' lang='lat'><strong>,</strong></span> <span class='ocrx_word' id='word_1_895' title='bbox 1294 2674 1380 2701; x_wconf 88' lang='lat' dir='ltr'><strong>neque</strong></span> <span class='ocrx_word' id='word_1_896' title='bbox 1398 2666 1479 2692; x_wconf 90' lang='lat' dir='ltr'><strong>alium</strong></span> <span class='ocrx_word' id='word_1_897' title='bbox 1496 2664 1646 2700; x_wconf 89' lang='lat' dir='ltr'><strong>quempiam</strong></span> <span class='ocrx_word' id='word_1_898' title='bbox 1659 2664 1842 2698; x_wconf 85' lang='lat' dir='ltr'><strong>audivissent,</strong></span> <span class='ocrx_word' id='word_1_899' title='bbox 1868 2673 1917 2699; x_wconf 78' lang='lat' dir='ltr'><strong>pro</strong></span> 
     </span>
    </p>
   </div>
   <div class='ocr_carea' id='block_1_116' title="bbox 1118 2711 1920 2747">
    <p class='ocr_par' dir='ltr' id='par_1_116' title="bbox 1118 2711 1920 2747">
     <span class='ocr_line' id='line_1_116' title="bbox 1118 2711 1920 2747; baseline -0.004 -6"><span class='ocrx_word' id='word_1_900' title='bbox 1118 2713 1242 2741; x_wconf 88' lang='lat' dir='ltr'><strong>admissis</strong></span> <span class='ocrx_word' id='word_1_901' title='bbox 1252 2712 1368 2747; x_wconf 79' lang='lat' dir='ltr'><strong>peccatis</strong></span> <span class='ocrx_word' id='word_1_902' title='bbox 1381 2711 1443 2738; x_wconf 90' lang='lat' dir='ltr'><strong>talia</strong></span> <span class='ocrx_word' id='word_1_903' title='bbox 1455 2718 1546 2746; x_wconf 87' lang='lat' dir='ltr'><strong>passos</strong></span> <span class='ocrx_word' id='word_1_904' title='bbox 1554 2717 1613 2737; x_wconf 90' lang='lat' dir='ltr'><strong>esse</strong></span> <span class='ocrx_word' id='word_1_905' title='bbox 1622 2718 1629 2743; x_wconf 87' lang='lat'><strong>;</strong></span> <span class='ocrx_word' id='word_1_906' title='bbox 1639 2717 1686 2738; x_wconf 85' lang='lat' dir='ltr'><strong>eos</strong></span> <span class='ocrx_word' id='word_1_907' title='bbox 1696 2715 1785 2737; x_wconf 89' lang='lat' dir='ltr'><strong>autem</strong></span> <span class='ocrx_word' id='word_1_908' title='bbox 1796 2711 1841 2745; x_wconf 87' lang='lat' dir='ltr'><strong>qui</strong></span> <span class='ocrx_word' id='word_1_909' title='bbox 1856 2717 1920 2745; x_wconf 82' lang='lat' dir='ltr'><strong>post</strong></span> 
     </span>
    </p>
   </div>
   <div class='ocr_carea' id='block_1_117' title="bbox 1151 2767 1919 2802">
    <p class='ocr_par' dir='ltr' id='par_1_117' title="bbox 1151 2767 1919 2802">
     <span class='ocr_line' id='line_1_117' title="bbox 1151 2767 1919 2802; baseline -0.004 -7"><span class='ocrx_word' id='word_1_910' title='bbox 1151 2771 1187 2802; x_wconf 89' lang='lat' dir='ltr'><strong>(a)</strong></span> <span class='ocrx_word' id='word_1_911' title='bbox 1205 2769 1245 2794; x_wconf 80' lang='lat' dir='ltr'><strong>Ait</strong></span> <span class='ocrx_word' id='word_1_912' title='bbox 1256 2769 1439 2801; x_wconf 80' lang='lat' dir='ltr'><strong>Chrysostomus</strong></span> <span class='ocrx_word' id='word_1_913' title='bbox 1454 2768 1538 2802; x_wconf 80' lang='lat' dir='ltr'><strong>Isaiam</strong></span> <span class='ocrx_word' id='word_1_914' title='bbox 1551 2772 1604 2802; x_wconf 78' lang='lat' dir='ltr'><strong>post</strong></span> <span class='ocrx_word' id='word_1_915' title='bbox 1617 2767 1828 2802; x_wconf 77' lang='lat' dir='ltr'><strong>enumerationem</strong></span> <span class='ocrx_word' id='word_1_916' title='bbox 1849 2768 1919 2792; x_wconf 65' lang='lat' dir='ltr'><strong>illum</strong></span> 
     </span>
    </p>
   </div>
   <div class='ocr_carea' id='block_1_118' title="bbox 1118 2799 1920 2826">
    <p class='ocr_par' dir='ltr' id='par_1_118' title="bbox 1118 2799 1920 2826">
     <span class='ocr_line' id='line_1_118' title="bbox 1118 2799 1920 2826; baseline -0.005 0"><span class='ocrx_word' id='word_1_917' title='bbox 1118 2799 1273 2826; x_wconf 76' lang='lat' dir='ltr'><strong>muliebrium</strong></span> <span class='ocrx_word' id='word_1_918' title='bbox 1292 2799 1488 2824; x_wconf 73' lang='lat' dir='ltr'><strong>ornamentorum</strong></span> <span class='ocrx_word' id='word_1_919' title='bbox 1505 2799 1542 2823; x_wconf 89' lang='lat' dir='ltr'><strong>his</strong></span> <span class='ocrx_word' id='word_1_920' title='bbox 1553 2799 1636 2823; x_wconf 85' lang='lat' dir='ltr'><strong>verbis</strong></span> <span class='ocrx_word' id='word_1_921' title='bbox 1654 2799 1826 2823; x_wconf 83' lang='lat' dir='ltr'><strong>reconsiouem</strong></span> <span class='ocrx_word' id='word_1_922' title='bbox 1845 2806 1920 2823; x_wconf 82' lang='lat' dir='ltr'><strong>suam</strong></span> 
     </span>
    </p>
   </div>
   <div class='ocr_carea' id='block_1_119' title="bbox 1117 2829 1919 2861">
    <p class='ocr_par' dir='ltr' id='par_1_119' title="bbox 1117 2829 1919 2861">
     <span class='ocr_line' id='line_1_119' title="bbox 1117 2829 1919 2861; baseline -0.005 -3"><span class='ocrx_word' id='word_1_923' title='bbox 1117 2833 1240 2858; x_wconf 80' lang='lat' dir='ltr'><strong>claudere.</strong></span> <span class='ocrx_word' id='word_1_924' title='bbox 1248 2831 1339 2856; x_wconf 79' lang='lat' dir='ltr'><strong>Verum</strong></span> <span class='ocrx_word' id='word_1_925' title='bbox 1349 2831 1400 2855; x_wconf 66' lang='lat' dir='ltr'><strong>haec</strong></span> <span class='ocrx_word' id='word_1_926' title='bbox 1409 2837 1455 2855; x_wconf 90' lang='lat' dir='ltr'><strong>non</strong></span> <span class='ocrx_word' id='word_1_927' title='bbox 1465 2830 1562 2861; x_wconf 86' lang='lat' dir='ltr'><strong>reperio</strong></span> <span class='ocrx_word' id='word_1_928' title='bbox 1574 2831 1597 2854; x_wconf 90' lang='lat' dir='ltr'><strong>iu</strong></span> <span class='ocrx_word' id='word_1_929' title='bbox 1610 2829 1689 2854; x_wconf 80' lang='lat' dir='ltr'><strong>Bibliis</strong></span> <span class='ocrx_word' id='word_1_930' title='bbox 1698 2833 1761 2861; x_wconf 35' lang='lat' dir='ltr'><strong>Itxx.</strong></span> <span class='ocrx_word' id='word_1_931' title='bbox 1770 2830 1815 2853; x_wconf 79' lang='lat' dir='ltr'><strong>sed</strong></span> <span class='ocrx_word' id='word_1_932' title='bbox 1827 2837 1919 2860; x_wconf 69' lang='lat' dir='ltr'><strong>inagna</strong></span> 
     </span>
    </p>
   </div>
   <div class='ocr_carea' id='block_1_120' title="bbox 1117 2859 1918 2893">
    <p class='ocr_par' dir='ltr' id='par_1_120' title="bbox 1117 2859 1918 2893">
     <span class='ocr_line' id='line_1_120' title="bbox 1117 2859 1918 2893; baseline -0.005 -5"><span class='ocrx_word' id='word_1_933' title='bbox 1117 2865 1174 2889; x_wconf 87' lang='lat' dir='ltr'><strong>olitn</strong></span> <span class='ocrx_word' id='word_1_934' title='bbox 1186 2867 1239 2887; x_wconf 85' lang='lat' dir='ltr'><strong>erat</strong></span> <span class='ocrx_word' id='word_1_935' title='bbox 1255 2861 1430 2893; x_wconf 79' lang='lat' dir='ltr'><strong>exemplarium</strong></span> <span class='ocrx_word' id='word_1_936' title='bbox 1443 2859 1554 2892; x_wconf 73' lang='lat' dir='ltr'><strong>varietas,</strong></span> <span class='ocrx_word' id='word_1_937' title='bbox 1577 2864 1603 2886; x_wconf 91' lang='lat' dir='ltr'><strong>ut</strong></span> <span class='ocrx_word' id='word_1_938' title='bbox 1623 2862 1645 2886; x_wconf 88' lang='lat' dir='ltr'><strong>in</strong></span> <span class='ocrx_word' id='word_1_939' title='bbox 1659 2859 1861 2886; x_wconf 59' lang='lat' dir='ltr'><strong>Prwliminaribus</strong></span> <span class='ocrx_word' id='word_1_940' title='bbox 1871 2859 1875 2860; x_wconf 59' lang='grc'><strong><em>⁷</em></strong></span> <span class='ocrx_word' id='word_1_941' title='bbox 1885 2863 1918 2885; x_wconf 66' lang='lat' dir='ltr'><strong>ait</strong></span> 
     </span>
    </p>
   </div>
   <div class='ocr_carea' id='block_1_121' title="bbox 1118 2892 1465 2926">
    <p class='ocr_par' dir='ltr' id='par_1_121' title="bbox 1118 2892 1465 2926">
     <span class='ocr_line' id='line_1_121' title="bbox 1118 2892 1465 2926; baseline -0.006 -7"><span class='ocrx_word' id='word_1_942' title='bbox 1118 2894 1224 2926; x_wconf 67' lang='lat' dir='ltr'><strong>tlexapla</strong></span> <span class='ocrx_word' id='word_1_943' title='bbox 1235 2892 1341 2925; x_wconf 83' lang='lat' dir='ltr'><strong>alibique</strong></span> <span class='ocrx_word' id='word_1_944' title='bbox 1353 2893 1465 2917; x_wconf 78' lang='lat' dir='ltr'><strong>diximus.</strong></span> 
     </span>
    </p>
   </div>
  </div>
