2068 3130
154 117 185 144 55
403 133 405 135 .
795 111 826 138 IN
846 109 972 142 ISAIASI,
991 109 1068 137 CAP.
1089 109 1133 138 IY.
1770 113 1803 140 5i

156 174 213 201 illos
227 175 328 199 tantam
341 172 541 209 providentiam
555 170 623 198 nacti
638 173 717 201 sunt,
734 176 819 204 neque
831 167 955 202 exemplo

156 219 378 254 temperantiorcs
399 222 562 250 evaserttnt,
576 217 601 244 id
616 215 685 251 quod
707 219 844 250 peccatum
869 213 955 241 reddit

156 267 230 302 longe
242 266 361 301 gravius,
376 273 484 300 poenam
500 265 565 299 ipsis
579 263 738 291 destinatam
749 260 886 296 eﬁugere?
901 259 955 287 Cur

157 321 217 348 ergo
236 311 368 339 hactenus
382 319 477 347 punias
493 318 546 338 non
561 307 709 337 dederunt?
723 306 757 335 Ut
777 306 880 334 ediscas
893 305 954 332 illos

158 359 233 393 longe
248 358 364 392 graviori
381 357 513 385 reservari
529 354 669 391 supplicio.

193 405 235 431 io.
250 404 326 437 Quod
343 404 417 431 enim
433 403 538 438 possint
550 401 681 429 atrociora
695 399 790 434 inﬁigi,
807 406 886 434 quam
901 398 952 426 So-

155 450 280 482 dotnitis,
304 449 367 476 audi
386 449 521 477 Christum
544 447 698 475 dicentem:
713 444 884 473 Tolerabilius
905 444 953 471 erit

157 501 229 522 terra:
240 495 410 523 Sodomorum
421 500 444 522 et
455 494 602 522 Gomorrltae
615 493 642 520 in
654 493 695 520 die
702 491 806 528 judicii,
823 499 899 526 quam
911 490 950 517 ci-

157 542 228 568 ritati
245 541 303 567 huic
318 541 328 576 (
341 540 437 567 Matth.
455 540 498 568 10.
516 539 580 574 I5).
597 538 634 566 Ita
650 542 679 565 ut
693 539 773 565 etiam
793 537 886 572 siqua:
901 536 953 563 hoc

156 594 254 615 ornatu
265 588 367 623 fulgent
386 587 511 615 mulieres
527 594 579 614 non
592 587 667 622 paria
683 586 816 620 patiantur
830 585 861 612 iis
873 606 880 617 ,
895 591 954 619 qua:

156 640 218 662 tunc
233 634 407 667 ornabantur,
421 642 453 661 ne
467 633 611 661 conﬁdant.
623 632 689 659 Nam
701 631 839 659 tolerantia
851 630 954 665 patien-

156 681 243 714 tiaque
258 680 407 715 graviorem
415 679 564 706 accumulat
575 679 643 713 ignis
656 677 801 710 fornacem,
815 677 953 711 majorem-

155 734 205 759 qne
221 726 353 753 ﬂutnmztm
366 725 455 753 efﬁcit.
468 725 523 752 Hoc
534 723 643 752 Ananiae
656 728 682 750 et
692 722 830 758 Sapphirre
844 721 955 757 contigit

156 771 224 805 (Act.
237 770 275 806 5).
287 771 352 798 Nam
364 771 400 798 illi
411 771 438 798 in
450 771 579 806 principio
589 774 617 797 et
626 769 736 797 exordio
746 767 951 803 prredicationis,

154 824 216 844 cum
232 825 267 844 ex
287 817 405 850 pecuniis
420 817 470 844 illis
483 816 617 852 quidpiam
638 815 758 842 sull‘urati
772 819 873 846 essent,
888 821 954 841 con-

156 863 245 890 festim
262 863 364 898 abrepti
384 867 464 895 sunt;
477 867 537 898 post
549 863 608 890 illos
628 866 716 888 autem
740 861 814 888 multi
828 859 872 895 qui
891 859 952 886 talia

155 908 214 935 ausi
229 908 349 940 fuerant,
372 908 437 935 nihil
457 907 577 943 perpessi
599 911 670 934 sunt.
686 906 736 940 Qui
758 906 836 941 igitur
855 904 951 932 rationi

157 959 365 981 consentaneum
380 961 440 981 esse
453 953 546 988 possit,
560 953 661 988 justum
673 951 791 987 judicem
800 972 807 984 ,
821 950 864 985 qui
878 949 949 985 paria

158 1000 282 1027 omnibus
293 999 442 1033 distribuit,
457 1007 504 1027 eos
514 999 558 1034 qui
570 999 656 1026 minus
667 997 836 1033 peccaverint
847 995 950 1028 ulcisci,

158 1053 205 1072 eos
218 1050 307 1072 autem
326 1046 370 1080 qui
389 1045 510 1080 graviora
532 1044 664 1071 admisere
681 1043 780 1071 scelera
800 1041 952 1070 dimittere?

159 1092 255 1117 Annon
266 1091 353 1125 palam
364 1095 415 1124 est,
424 1090 484 1125 quia
497 1090 565 1117 diem
577 1089 679 1122 statuit,
689 1089 715 1116 in
726 1096 776 1124 qua
785 1088 950 1123 iudicaturus

159 1141 199 1164 est
209 1138 316 1170 orbem,
333 1136 393 1164 ideo
407 1137 563 1171 suppliciutn
574 1136 684 1164 differre
694 1157 701 1168 ,
719 1141 747 1163 ut
764 1140 810 1162 aut
825 1135 951 1170 patientia

159 1181 216 1217 ejus
225 1183 351 1210 meliores
361 1182 523 1216 reddantur,
535 1187 581 1210 aut
604 1183 625 1209 si
639 1183 666 1209 in
685 1182 779 1210 iisdem
797 1182 949 1216 persistent,

159 1229 290 1255 atrociora
304 1228 457 1263 patiantur?
469 1229 533 1256 Cum
546 1228 623 1264 igitur
636 1228 728 1256 eadem
741 1228 842 1256 scelera
854 1227 952 1255 admit-

161 1274 250 1306 timus,
265 1282 324 1309 qua:
339 1274 503 1302 admiserunt
514 1274 551 1301 illi
567 1274 612 1309 qui
625 1274 754 1309 supplicio
774 1273 861 1302 aﬁ'ecti
876 1278 948 1308 sunt,

159 1328 208 1347 nec
222 1320 316 1347 eadem
331 1328 390 1355 qua:
406 1320 442 1348 illi
459 1320 582 1355 patimur,
597 1328 631 1347 ne
641 1320 816 1352 conﬁdamus,
832 1320 878 1348 sed
892 1327 949 1348 ma-

159 1367 199 1401 gis
211 1366 360 1393 timeamus.
377 1366 451 1394 Sicut
466 1366 535 1394 enim
557 1367 642 1402 legem
657 1367 716 1394 tulit
737 1367 805 1394 Deus
826 1374 873 1401 per
891 1367 950 1394 illo-

159 1420 216 1439 rum
231 1412 388 1447 supplicium
399 1433 406 1446 ,
422 1420 515 1440 omnes
527 1412 673 1439 admonens
683 1433 689 1444 ,
705 1411 849 1447 dicensque
866 1421 872 1439 :
887 1412 950 1440 Ideo

158 1466 219 1485 eum
234 1459 278 1492 qui
293 1458 325 1486 ab
341 1458 416 1485 initio
435 1458 552 1492 peccavit
566 1457 695 1492 supplicio
707 1457 782 1485 alfcci
793 1479 800 1491 ,
820 1463 848 1485 ut
864 1463 891 1485 et
906 1463 949 1492 ιιι,

158 1504 203 1539 qui
222 1509 281 1538 post
295 1504 354 1531 illos
365 1504 466 1531 scelera
480 1503 607 1537 admittis,
622 1503 715 1530 eadem
731 1504 788 1538 ipsa
799 1508 948 1538 exspectes,

158 1550 360 1577 etconvertaris
380 1554 408 1577 et
425 1549 521 1577 melior
540 1550 648 1577 evadas.
661 1549 797 1577 Similibus
814 1550 884 1576 enim
898 1549 951 1577 cri-

159 1597 275 1623 minibus
289 1596 391 1624 similes
412 1603 499 1631 puena‘.
518 1596 668 1624 constitutae
687 1601 763 1630 sunt,
780 1596 882 1623 etiamsi
897 1603 949 1623 non

158 1642 247 1669 statim
275 1643 392 1670 veniant.
416 1642 444 1669 In
461 1642 502 1669 his
529 1650 607 1677 porro
634 1649 686 1669 non
710 1642 768 1669 sine
789 1649 868 1670 causa
890 1649 949 1668 sum

159 1688 331 1720 immotatus;
346 1689 392 1716 sed
406 1689 467 1723 quia
479 1689 572 1715 noxius
585 1688 628 1715 ille
642 1688 749 1715 morbus
766 1689 792 1715 in
811 1687 948 1715 hominum

158 1734 229 1760 aedes
243 1734 378 1769 ingressus
391 1738 433 1761 est
451 1734 485 1761 ob
497 1734 637 1761 mulierum
658 1733 806 1767 mollitiem,
821 1741 896 1760 amor
907 1734 948 1760 vi-

157 1779 254 1806 delicet
279 1784 515 1812 ornamentorum,
543 1780 586 1814 qui
613 1780 783 1814 pecuniarum
815 1780 949 1814 impensas

157 1826 241 1858 anxit,
258 1826 284 1852 in
301 1831 424 1861 sumptus
440 1826 641 1861 intempestivos
656 1825 777 1852 homines
792 1825 947 1860 conjiciens,

156 1879 188 1898 ac
206 1872 278 1904 belli,
297 1872 482 1906 dissensionis,
499 1876 526 1900 et
546 1872 706 1907 quotidiana:
728 1871 783 1898 litis
803 1879 882 1898 causa
895 1875 947 1903 est,

158 1924 355 1952 pauperumque
371 1922 479 1944 ventres
491 1917 589 1944 atterit.
610 1916 675 1945 Cum
689 1917 760 1943 enim
775 1921 844 1944 totas
863 1916 947 1944 facul-

158 1967 235 1995 tates,
249 1969 295 1990 aut
313 1955 384 1999 stupe
403 1964 473 1991 ultra
494 1964 643 1996 facultates,
660 1963 756 1990 mulier
771 1963 797 1990 in
810 1967 949 1990 contume-

157 2010 218 2036 liam
240 2010 361 2044 corporis
373 2011 413 2036 sui
428 2010 513 2037 virum
533 2014 609 2044 cogat
624 2009 776 2043 impendere
790 2008 862 2044 (nam
875 2013 948 2036 certe

157 2056 317 2083 contumelia
339 2056 458 2090 corporis
471 2060 511 2083 est
524 2063 617 2082 aurum
639 2052 882 2090 circumpositum),
899 2061 948 2081 ne-

157 2109 232 2128 cesse
248 2109 356 2135 prorsus
377 2106 419 2128 est
442 2109 549 2128 manum
571 2100 707 2128 retrahere
725 2100 759 2128 ab
778 2100 948 2135 eleemosyna

156 2147 300 2182 eroganda.
317 2147 451 2182 Multaque
464 2147 514 2174 alia
530 2146 592 2174 hinc
602 2151 658 2173 orta
673 2150 780 2181 peccata
793 2145 883 2173 videre
895 2150 947 2173 est.

157 2193 255 2221 Verum
272 2193 312 2220 his
325 2193 441 2220 dimissis
452 2213 459 2226 ,
475 2197 503 2220 ut
517 2200 548 2220 ea
559 2192 723 2227 experientia
737 2192 840 2219 discant
854 2191 887 2224 ii,
903 2191 948 2227 qui

158 2239 213 2266 htec
228 2239 376 2273 patientur,
393 2247 423 2266 ea
442 2247 501 2273 qua:
519 2243 665 2273 sequuntur
685 2239 856 2274 attingamus.
871 2238 949 2266 Post-

157 2292 234 2319 quam
259 2284 419 2318 captivitatis
438 2284 550 2311 formam
573 2284 733 2317 declaravit,
749 2289 776 2311 et
790 2283 876 2311 dixit:
897 2284 948 2312 I’ro

157 2336 250 2357 ornatu
266 2330 349 2365 ipsam
372 2330 512 2363 inducant,
527 2334 608 2365 auget
621 2330 799 2358 calamitatem
810 2350 817 2363 ,
833 2330 924 2357 dicens
940 2338 947 2357 :

157 2375 190 2402 Et
203 2377 273 2411 [ilius
286 2381 345 2402 tuus
357 2375 549 2411 pulcherrimus,
565 2383 639 2410 quem
657 2375 751 2410 diligis,
767 2375 853 2410 gladio
864 2375 947 2408 cadet,

156 2430 176 2450 et
192 2424 269 2458 [artes
283 2423 359 2449 vestri
372 2421 458 2457 gladio
475 2421 574 2448 cadent.
590 2420 647 2448 Hoc
667 2421 764 2456 quippe
784 2426 827 2448 est
845 2421 885 2448 vel
901 2428 948 2448 ca-

157 2471 276 2505 ptivitate
291 2470 410 2505 gravius.
427 2469 475 2497 Est
488 2469 559 2496 enim
575 2469 627 2496 vita
642 2469 763 2504 quredam
778 2473 863 2495 morte
872 2475 950 2495 acer~

158 2518 223 2544 bior.
235 2517 303 2544 Nam
317 2515 424 2552 quando
434 2523 494 2543 cum
506 2516 634 2542 servitute
649 2515 849 2549 intempestivos
861 2515 949 2542 luctus

159 2563 281 2598 prosequi
294 2567 437 2597 coguntur,
451 2561 536 2596 cogita
550 2565 649 2596 quanta
664 2561 698 2588 sit
715 2561 872 2588 calamitatis
890 2568 947 2587 Ina-

156 2609 280 2643 gnitudo,
303 2617 365 2635 eum
383 2608 536 2635 continuata
555 2607 624 2635 serie
643 2614 769 2634 aerumna:
787 2606 836 2633 sibi
857 2611 949 2633 nnuuo

156 2654 311 2681 succedunt.
326 2653 393 2680 Nam
407 2653 456 2680 etsi
471 2652 608 2688 captivitas
621 2652 676 2679 sola
688 2652 802 2684 adesset,
816 2659 846 2678 ea
860 2656 948 2678 tantcn

156 2704 224 2726 esset
238 2698 437 2726 intolerandum
451 2698 550 2725 malum
567 2705 573 2724 :
589 2701 616 2725 et
633 2697 655 2724 si
670 2697 696 2724 in
712 2696 834 2723 libertate
855 2696 947 2723 viven-

155 2746 221 2772 tibus
238 2745 305 2773 talos
326 2746 414 2772 luctus
434 2743 636 2778 contingerent,
652 2747 739 2769 morte
757 2741 881 2768 acerbior
893 2741 947 2768 vita

155 2796 231 2818 esset.
249 2791 304 2818 Sed
321 2798 394 2817 ttune
406 2789 462 2816 [nec
472 2789 550 2816 ambo
561 2792 653 2821 erunt,
668 2788 762 2823 inquit,
781 2793 871 2814 mutuo
881 2794 946 2814 con-

151 2837 250 2871 juncta.
268 2837 326 2865 lmo
335 2835 428 2871 potius
438 2835 506 2864 hanc
518 2834 693 2863 calamitatem
708 2833 840 2870 duplicem
856 2832 946 2868 appel-

1010 166 1066 194 lare
1085 174 1133 201 par
1152 170 1202 200 est,
1223 167 1357 203 etiamque
1381 169 1512 204 triplicem
1537 176 1564 199 et
1587 172 1804 209 quadruplicem,

1008 211 1115 246 quando
1139 217 1165 240 et
1185 212 1266 245 ﬁlius,
1289 219 1317 240 et
1337 214 1542 249 pulcherrimus,
1554 221 1581 244 et
1604 217 1728 252 dilectus,
1748 225 1775 248 et
1789 229 1803 247 a

1008 257 1129 285 barbaris
1145 264 1247 291 ctesus,
1264 258 1311 286 sed
1329 267 1415 294 neque
1429 267 1462 287 ex
1475 262 1609 289 communi
1626 269 1728 290 naturae
1745 265 1802 300 lege

1009 303 1089 331 vitam
1109 304 1220 337 clausit;
1240 310 1338 332 etcum
1355 306 1400 333 illo
1417 314 1511 335 omnes
1530 308 1574 343 qui
1590 309 1615 337 in
1631 309 1717 337 a-tatis
1737 309 1802 338 ﬁore

1007 355 1093 381 erant,
1109 350 1144 378 ita
1158 355 1186 378 ut
1199 352 1298 379 nullam
1311 359 1386 387 spem
1400 353 1497 381 bertam
1516 354 1658 388 haberent,
1671 360 1800 390 quantum

1007 396 1135 423 attinebat
1148 397 1181 424 ad
1195 397 1339 425 humanum
1360 399 1487 426 auxilium
1502 403 1529 427 et
1548 400 1742 428 commilitium.
1765 400 1800 428 Et

1008 441 1181 469 Itumiliabitur
1196 451 1206 470 :
1216 447 1238 470 et
1250 444 1369 479 lugebunt
1384 445 1462 472 (Item
1476 451 1581 473 ornatus
1597 447 1681 479 vestri,
1695 451 1719 474 et
1730 447 1798 475 dere<

1007 487 1126 523 Iinqueris
1151 490 1223 523 sola,
1248 495 1270 517 et
1292 491 1326 518 ad
1350 496 1442 518 terram
1466 494 1641 527 prosterneris.
1666 494 1717 521 Per
1742 494 1798 522 haec

1006 535 1095 561 omnia
1119 535 1218 563 luctum
1241 537 1396 572 amplilicat,
1416 543 1494 573 auget
1516 539 1650 572 timorem,
1672 547 1798 576 angorem

1006 580 1094 608 reddit
1112 581 1251 616 majorem.
1266 582 1321 611 Sub
1339 588 1475 619 aspectum
1493 585 1567 614 ducit
1586 593 1734 620 aerumnas,
1750 595 1799 614 ex-

1007 626 1091 654 tendit
1112 627 1271 655 calamitatis
1291 630 1482 664 narrationem,
1502 639 1719 667 quoquoversum
1747 633 1800 660 cir-

1006 678 1194 705 cumcurrens,
1211 673 1327 709 undique
1349 676 1435 703 tristia
1453 676 1581 712 colligens
1594 677 1629 705 ob
1648 678 1798 706 auditorum

1005 718 1188 746 stoliditatem.
1203 719 1268 748 Nam
1284 721 1401 756 optabile
1418 722 1511 750 fuisset
1525 723 1585 751 illas
1605 728 1644 751 tot
1658 725 1738 752 minis
1751 733 1798 752 ex-

1005 764 1117 799 agitatas
1138 773 1198 794 sese
1217 767 1338 803 erigere,
1353 773 1381 796 et
1395 769 1420 796 in
1435 778 1543 798 sensum
1560 770 1709 799 futurarum
1723 773 1797 800 cala-

1005 810 1126 838 mitatum
1141 812 1241 840 venire.
1264 813 1326 840 Ideo
1348 809 1489 849 subiunxit
1512 816 1538 843 id
1551 817 1621 851 quod
1644 817 1796 846 miserabile

1005 863 1115 890 prorsus
1127 865 1188 885 esse
1202 859 1351 894 videbatur,
1367 861 1438 895 quod
1453 862 1511 889 auri
1524 862 1629 890 thecam
1641 868 1795 891 evacuatam

997 903 1100 931 -visuraa
1114 910 1206 932 essent
1216 926 1223 937 ,
1239 906 1266 934 in
1281 913 1482 935 monumentum
1501 909 1621 943 pristinae
1635 910 1797 945 prosperita-

1006 949 1049 982 tis,
1063 954 1092 977 ut
1106 957 1153 984 per
1167 952 1259 979 oculos
1276 960 1419 980 mcerorem
1440 955 1572 988 vigentem
1586 960 1732 983 servarent.
1746 956 1794 983 Et-

1004 995 1075 1023 enim
1090 1000 1153 1024 tunc
1167 1004 1216 1024 nos
1234 998 1317 1033 magis
1330 1006 1429 1033 angere
1443 999 1530 1027 solent
1544 1000 1719 1032 calamitates,
1732 1008 1793 1028 cum

1004 1041 1062 1068 illas
1072 1049 1132 1069 eum
1147 1043 1256 1078 pristina
1269 1043 1397 1072 felicitate
1409 1052 1611 1080 comparamus;
1630 1047 1794 1081 comparatio

1003 1087 1102 1121 quippe
1116 1088 1222 1122 gravius
1245 1089 1320 1116 ulcus
1335 1089 1426 1117 efﬁcit.
1443 1090 1499 1118 Hoc
1519 1091 1599 1126 igitur
1617 1096 1645 1120 et
1666 1092 1717 1120 Job
1730 1093 1793 1119 olint

1003 1132 1108 1161 dicebat
1129 1143 1135 1160 :
1158 1134 1221 1167 Qui:
1241 1143 1281 1162 me
1306 1141 1384 1171 ponat
1405 1137 1544 1164 secundum
1563 1146 1673 1165 mensem
1696 1138 1794 1165 dierum

1004 1179 1169 1214 pristinorum
1186 1179 1246 1215 (Job
1262 1180 1307 1208 29.
1321 1181 1338 1208 ‘2
1352 1181 1382 1217 )?
1402 1186 1546 1217 narratque
1566 1183 1670 1210 divitias
1687 1191 1792 1216 omnes,

1003 1229 1031 1252 et
1048 1225 1117 1253 bona
1138 1225 1191 1253 sibi
1212 1226 1288 1261 quasi
1311 1232 1345 1255 ex
1359 1226 1476 1256 fontibus
1495 1228 1641 1262 alﬁuentia,
1665 1229 1792 1262 honores,

1005 1276 1166 1306 proventus,
1183 1272 1351 1307 splendorem
1371 1281 1493 1308 omnem;
1509 1275 1545 1302 ita
1558 1279 1587 1302 ut
1601 1275 1706 1303 illorum
1719 1283 1793 1303 com-

1005 1317 1142 1352 paratione
1157 1319 1242 1346 multo
1252 1320 1388 1354 graviores
1397 1321 1520 1349 ostendat
1532 1329 1664 1349 aerumnas
1675 1329 1792 1357 prmsen-

1003 1368 1061 1396 tes,
1076 1371 1135 1399 qum
1150 1364 1235 1399 ipsum
1256 1371 1426 1401 exceperant.
1443 1367 1520 1399 Quod
1540 1368 1619 1395 etiam
1640 1376 1711 1395 nunc
1729 1375 1792 1403 pro-

1004 1409 1084 1444 pheta
1099 1409 1171 1443 fecit,
1183 1410 1274 1439 thecas
1287 1419 1510 1447 commemorans,
1523 1422 1610 1450 neque
1628 1414 1668 1442 his
1681 1420 1792 1443 conten-

1004 1460 1055 1489 tus,
1071 1456 1128 1484 illas
1139 1457 1266 1485 inducens
1277 1458 1406 1495 lugentes.
1417 1460 1478 1488 Haec
1486 1462 1557 1488 enim
1565 1461 1667 1489 dicendi
1677 1461 1792 1490 formula

1003 1501 1123 1536 emphasi
1139 1503 1245 1537 plenior
1255 1508 1310 1537 est,
1323 1512 1384 1532 eum
1403 1506 1468 1534 tales
1485 1508 1684 1542 prosopopoeias
1698 1508 1790 1536 efﬁcit.

1002 1546 1061 1574 Jam
1074 1555 1137 1582 ergo
1149 1553 1176 1576 et
1190 1550 1281 1576 vineas
1293 1550 1414 1585 lugentes
1427 1552 1529 1580 inducit
1542 1557 1569 1580 et
1581 1553 1670 1580 vinum
1681 1574 1688 1586 ,
1703 1559 1732 1581 ut
1746 1563 1793 1582 au-

1003 1593 1105 1621 ditores
1115 1595 1200 1630 magis
1214 1601 1328 1631 pungat,
1344 1602 1372 1625 et
1391 1598 1495 1626 illorum
1509 1600 1657 1627 crassitiem
1669 1601 1790 1635 attingat.

1002 1639 1070 1673 Quid
1083 1645 1172 1668 autem
1185 1646 1236 1675 est,
1249 1642 1436 1678 Dereliuqucria
1450 1645 1524 1672 sola?
1549 1645 1580 1671 Et
1590 1645 1790 1676 auxliatoribus,

1002 1685 1102 1720 inquit,
1119 1691 1147 1714 et
1161 1687 1208 1714 Dei
1228 1687 1392 1722 providentia
1407 1690 1461 1718 eris
1483 1697 1576 1722 vacua,
1592 1695 1620 1718 et
1643 1693 1715 1718 omni
1739 1693 1792 1719 alio

1002 1733 1144 1766 splendore
1167 1734 1291 1769 spoliata,
1312 1735 1485 1771 hostibusque
1514 1737 1630 1772 undique
1648 1738 1744 1769 cincta,
1765 1738 1791 1765 in

1002 1778 1150 1814 mediisque
1164 1780 1288 1807 conclusa
1301 1780 1432 1808 barbaris.
1446 1781 1501 1809 Sub
1521 1781 1579 1810 haec
1592 1783 1685 1810 volens
1701 1785 1790 1812 humi-

1002 1824 1117 1853 Iiationis
1131 1827 1338 1861 magnitudinem
1354 1828 1495 1856 ostendere
1507 1850 1514 1863 ,
1529 1830 1567 1856 ait
1584 1838 1591 1856 :
1606 1829 1637 1856 Et
1650 1831 1684 1857 ad
1698 1835 1790 1858 terram

1001 1872 1174 1905 proslerneris.
1190 1871 1248 1899 Non
1263 1873 1315 1905 ait,
1328 1873 1423 1905 Gades,
1440 1875 1496 1908 vel,
1512 1875 1664 1910 Dejicieris;
1681 1877 1727 1905 sed
1740 1877 1790 1904 alia

1002 1924 1065 1944 usus
1079 1921 1121 1944 est
1133 1918 1250 1946 dictione
1260 1939 1267 1952 ,
1287 1927 1346 1954 qua:
1361 1920 1487 1947 vilitatem
1503 1921 1561 1957 ejus
1574 1929 1680 1950 omnem
1694 1923 1792 1950 clarius

1001 1963 1172 1998 exprimeret.

1308 2021 1422 2050 CAPUT
1441 2022 1485 2050 IV.

1002 2075 1028 2103 I.
1049 2073 1083 2102 Et
1095 2076 1284 2112 apprehendat!
1298 2083 1391 2112 septem
1411 2079 1526 2105 mulieres
1542 2078 1569 2106 in
1587 2079 1628 2105 die
1646 2079 1692 2106 illa
1710 2080 1790 2107 virum

1036 2129 1125 2155 unum,
1141 2121 1249 2149 dicentes
1263 2130 1272 2150 :
1289 2122 1384 2150 Panem
1397 2129 1510 2151 nostrum
1522 2125 1696 2158 comedentus,
1709 2130 1732 2152 et
1752 2134 1793 2152 uc-

1036 2168 1159 2195 uimentis
1181 2169 1273 2196 nostris
1296 2170 1456 2205 aperientur:
1469 2175 1585 2197 ueterum
1608 2179 1698 2198 nomen
1721 2176 1792 2199 tuum

1037 2215 1164 2241 invocetur
1174 2223 1250 2249 super
1259 2223 1315 2248 nos,
1327 2216 1400 2251 aufer
1413 2216 1575 2252 opprobrium
1588 2222 1712 2263 nostrum.

1038 2282 1064 2309 I.
1087 2282 1250 2311 Paucitatem
1265 2283 1382 2311 virorum
1402 2291 1435 2311 ex
1458 2284 1528 2311 bello
1549 2284 1717 2312 residuorum
1738 2285 1793 2313 vult

1002 2327 1154 2360 ostendere,
1177 2333 1203 2356 et
1216 2329 1350 2364 quomodo
1364 2329 1397 2356 ad
1413 2330 1551 2357 minimum
1565 2338 1705 2358 nunterum
1726 2333 1794 2358 red-

1001 2378 1076 2402 actus
1090 2375 1124 2402 sit
1135 2375 1247 2410 populus
1257 2375 1419 2402 Judzeorum.
1429 2375 1520 2410 Neque
1527 2376 1598 2403 enim
1612 2377 1661 2403 sibi
1675 2377 1793 2404 subsidio

1002 2427 1068 2454 opus
1080 2427 1141 2447 esse
1154 2420 1296 2453 dixerunt,
1312 2421 1382 2455 quod
1396 2421 1550 2448 mulieribus
1562 2429 1579 2447 τι
1593 2422 1656 2449 viris
1672 2421 1732 2449 ferri
1748 2430 1793 2456 par

1002 2471 1061 2498 est,
1076 2465 1123 2493 sed
1136 2474 1165 2493 se
1177 2466 1250 2493 iIIunt
1262 2473 1277 2492 a
1291 2466 1334 2493 tali
1347 2465 1434 2493 ofﬁcio
1456 2467 1602 2494 immtmem
1616 2467 1756 2502 complecti
1769 2473 1794 2494 et

1002 2519 1108 2544 amare,
1127 2511 1149 2538 si
1169 2516 1312 2546 utcumque
1326 2511 1412 2538 solum
1426 2519 1440 2538 a
1451 2512 1588 2539 «viduitatis
1603 2513 1710 2540 nomine
1726 2513 1793 2540 libe-

1003 2563 1104 2585 rentur.
1121 2557 1148 2585 Id
1161 2558 1231 2585 enitn
1245 2559 1294 2586 sibi
1310 2559 1366 2585 vult
1379 2559 1442 2585 illud
1460 2567 1466 2585 :
1480 2559 1560 2594 Aufer
1572 2560 1734 2594 opprobrium
1750 2567 1792 2586 no-

1001 2608 1082 2630 διι-ιιηι
1104 2611 1114 2630 :
1133 2603 1256 2638 quoniam
1270 2595 1334 2631 olim
1347 2603 1372 2630 id
1387 2603 1517 2639 vituperio
1530 2611 1589 2632 esse
1601 2604 1748 2633 videbatur.
1766 2605 1793 2632 2.

1002 2648 1036 2676 1η
1049 2649 1089 2675 die
1100 2649 1144 2675 illa
1154 2648 1291 2684 splendebit
1306 2649 1375 2676 Deus
1388 2650 1415 2676 in
1429 2650 1534 2677 consilio
1550 2658 1607 2677 cum
1622 2651 1704 2686 gloria
1718 2659 1795 2685 ευμεν

1003 2699 1095 2721 terram
1105 2715 1112 2726 ,
1126 2699 1153 2721 ut
1166 2695 1256 2721 exaltet’
1269 2699 1293 2721 et
1306 2695 1429 2730 glori/ieci
1443 2696 1512 2731 quod
1526 2695 1640 2737 relictum
1652 2701 1687 2723 est
1701 2695 1788 2723 Israe-

1002 2740 1042 2767 lis.
1064 2740 1129 2773 Quia
1147 2748 1179 2767 ex
1203 2740 1317 2767 tristium
1337 2741 1542 2768 cormninatione
1556 2741 1674 2768 animum
1687 2741 1792 2770 illorum

1002 2785 1145 2813 admodum
1167 2787 1318 2820 concussit,
1339 2791 1365 2813 et
1383 2787 1561 2814 calamitatem
1575 2787 1639 2814 satis
1654 2786 1791 2820 traduxit,

1006 2833 1135 2868 longoque
1148 2839 1272 2861 sermone
1287 2831 1414 2861 terribilia
1427 2832 1561 2868 narravit,
1576 2832 1608 2860 ad
1623 2831 1730 2860 meliora
1745 2831 1789 2860 de-
