2068 3130
261 123 296 151 3,5
643 118 671 147 S.
692 118 830 146 JOANNIS
843 116 1079 146 CHRYSOSTUMI
1100 118 1257 146 AltCllllil’.
1278 119 1545 150 (ZONSTAN'I‘INOP.
1870 126 1903 154 56

258 185 330 204 uunn
350 184 380 204 se
398 177 540 204 convertit.
563 177 607 204 llla
630 177 699 206 cuitu
718 177 855 204 mediciam
868 177 967 212 optima
983 176 1051 203 ratio

257 228 308 256 est,
325 230 376 251 non
391 223 477 250 solum
489 231 582 251 secare
596 227 623 250 et
638 231 725 255 urere,
738 223 784 250 sed
799 223 906 250 dolores
920 222 980 250 inde
990 230 1051 257 par-

258 275 300 298 tos
317 269 480 298 dulcioribus
502 269 651 305 pharmacis
664 270 747 297 lenire
761 278 768 296 :
785 269 810 297 id
825 269 882 304 ipse
895 277 965 297 nunc
979 269 1050 297 facit.

257 316 349 351 Neque
371 316 441 343 enim
466 316 493 343 in
507 317 591 344 tristia
606 321 688 344 totum
702 316 848 345 desiturum
862 323 923 344 esse
935 317 989 350 ait,
1003 316 1050 344 sed

256 362 335 390 malis
344 362 378 390 de
390 362 478 390 medio
491 362 603 390 sublatis
613 363 652 399 (α)
662 363 772 391 meliora
785 367 912 391 eventura
920 370 995 391 esse:
1004 371 1051 391 nc-

255 416 308 445 que
331 414 433 437 tantum
456 417 636 437 aerumnarum
660 409 820 437 solutionem
844 410 900 437 fore
925 409 980 442 ait,
1003 409 1049 437 scd

255 456 335 482 etiam
361 455 474 483 multum
495 455 664 490 splendorem
689 463 867 491 magnamque
890 455 1048 484 claritatem.

257 502 313 529 lloc
323 502 393 529 enim
406 501 607 529 illustrationem
622 501 668 529 Dei
683 507 759 528 vocat
772 509 831 536 quas
846 501 962 529 tristitiae
975 506 1048 529 tene-

254 548 316 575 bras
330 548 426 581 solvat,
442 547 583 583 laetamque
593 547 664 575 diem
674 547 770 582 pariat.
785 547 909 582 ipsosque
922 547 1048 575 illustrio-

255 601 300 621 res
323 593 428 621 reddat.
451 593 517 621 Illud
541 598 649 626 autem,
666 592 699 620 lu
710 592 828 624 consilio,
843 593 974 628 signiﬁcat
987 601 1047 621 eum

255 639 399 674 prudenter
410 639 498 666 omnia
513 638 614 670 facere.
629 642 727 666 etcum
742 638 869 673 sapientia
881 638 930 666 sibi
941 645 1048 672 compc-

255 686 330 713 tenti.
346 686 373 713 5.
391 684 423 713 Et
436 685 482 712 erit
495 685 563 721 quod
573 684 701 712 residuum
714 685 789 721 fuerit
804 683 908 712 Isi-aclis
921 684 947 711 in
962 684 1026 711 Sion
1037 705 1044 717 ,

254 737 277 760 et
297 734 364 768 quod
379 733 494 760 relictam
507 733 582 768 fuerit
594 733 620 759 in
632 731 788 764 Jerusalem,
802 731 884 759 sancti
895 730 1047 758 vocabuntur

254 787 340 806 omnes
355 779 398 814 qui
416 779 503 814 scripti
515 783 575 805 sunt
586 778 621 805 ad
634 778 709 805 vitam
723 778 750 805 in
764 777 915 805 Jerusalem.
929 777 964 805 Ut
977 777 1046 805 scias

255 832 306 851 nou
321 824 429 851 fortuito
443 831 505 851 casu
520 823 632 851 salutem
648 829 741 851 nactos
753 831 813 851 esse
824 831 871 851 eos
883 823 927 859 qui
943 824 1046 858 Pericu-

254 870 309 896 lum
321 869 470 904 cﬂ'ngerunt
481 890 489 902 ,
503 870 550 897 sed
560 870 674 897 celestis
687 869 825 897 sententiae
836 869 944 897 decreto
956 869 1045 896 muni-

253 920 311 949 tos,
333 917 411 943 etiam
436 916 462 943 in
485 916 580 944 mediis
601 916 679 944 malis
694 924 747 944 non
766 921 858 951 captos
873 916 970 948 fuisse,
985 916 1044 943 ideo

251 963 289 988 ait
305 971 311 988 :
327 962 417 989 Sancti
436 962 588 989 vocabuntur
599 970 684 989 omnes
695 963 739 997 qui
752 963 838 997 scripti
851 967 907 989 sunt
920 962 954 988 ad
968 962 1044 988 vitam

251 1010 276 1034 iu
289 1008 442 1035 Jerusalem.
458 1008 507 1042 Qui
522 1009 650 1043 segregati
665 1013 742 1041 sunt,
757 1009 839 1043 inquit
850 1029 857 1039 .
871 1009 915 1044 qui
929 1008 1042 1043 probati,

251 1055 295 1089 qui
317 1054 426 1089 signati,
448 1059 475 1081 ut
494 1054 560 1081 nihil
576 1055 636 1081 mali
654 1059 817 1089 paterentur.
832 1054 895 1082 Jure
909 1061 997 1082 autem
1012 1055 1043 1082 il~

251 1101 292 1128 los
313 1106 417 1128 sanctos
435 1105 528 1134 vocat,
550 1101 695 1129 ostendens
707 1102 916 1137 segregationem
933 1110 984 1129 non
1001 1107 1042 1130 te-

251 1154 324 1174 mere
336 1167 343 1178 .
366 1154 415 1174 nec
438 1147 496 1174 sine
515 1154 594 1174 causa
612 1147 659 1174 Dei
672 1147 808 1174 decretum
824 1147 883 1174 illos
898 1154 1018 1174 servasse
1034 1155 1041 1175 :

251 1193 298 1220 sed
317 1192 418 1228 aliquid
437 1193 474 1220 illi
489 1193 527 1220 rei
541 1192 686 1220 contulisse
699 1193 824 1220 virtutem
834 1214 841 1225 .
857 1193 914 1220 sive
927 1200 957 1220 ea
973 1200 1042 1227 prte-

251 1239 378 1269 cesserit.
394 1239 450 1266 sive
463 1243 522 1273 post
534 1238 695 1274 subsequuta
710 1238 754 1266 sit.
770 1238 880 1266 Etiamsi
894 1239 964 1266 enim
979 1238 1041 1266 boui

251 1285 357 1319 quidam
374 1285 471 1312 fuerint
485 1290 512 1312 et
525 1285 592 1319 aequi
602 1304 611 1318 ,
629 1289 745 1312 attamen
758 1292 791 1312 ex
805 1285 837 1312 iis
851 1293 909 1320 qua.-
923 1285 1042 1319 contige-

250 1335 312 1357 runt
322 1330 446 1357 meliores
460 1338 492 1358 ac
505 1330 686 1366 diligentiores
696 1336 846 1358 evaserunt.
859 1330 1040 1364 Quemadmo-

250 1377 313 1403 dum
325 1377 395 1403 enim
409 1384 501 1404 aurum
513 1377 565 1411 igni
578 1377 703 1404 traditum
715 1384 821 1404 omnem
832 1376 946 1404 sem-iam
956 1376 1039 1409 depo-

251 1424 307 1455 nit,
331 1424 370 1450 sic
392 1428 419 1450 et
441 1423 515 1457 probi
539 1423 566 1450 in
589 1423 778 1451 teutationibus
799 1423 936 1458 probiores
955 1423 1039 1455 fiunt,

249 1477 355 1497 omnem
368 1470 506 1497 abluentes
524 1469 683 1497 socordiam.
700 1471 725 1498 ι.
744 1470 809 1504 Quia
822 1469 904 1496 abluet
916 1468 1041 1497 Dominus

248 1516 346 1542 sordem
361 1516 473 1548 ﬁliontm
484 1521 507 1542 et
521 1516 630 1550 ﬁliarum
642 1515 715 1548 Sion,
729 1520 752 1542 et
758 1516 904 1552 sanguinem
913 1523 1040 1550 expurga-

249 1562 283 1588 ln't
305 1562 335 1588 de
359 1562 441 1588 medio
462 1570 546 1589 eorum
564 1561 654 1596 spiritu
664 1562 770 1597 judicii,
787 1566 809 1588 et
823 1561 914 1596 spiritu
928 1561 1039 1588 ardoris.

247 1608 386 1642 Duplicem
402 1607 445 1635 hic
459 1607 523 1635 mihi
540 1608 644 1635 videtur
658 1608 747 1636 dicere
761 1608 978 1642 expurgationem
989 1629 996 1641 ,
1012 1613 1040 1636 et

247 1654 317 1690 quod
334 1653 398 1681 dent
417 1658 584 1688 peccatorum
599 1662 704 1688 pmnas.
718 1659 745 1681 et
758 1655 828 1689 quod
843 1654 940 1682 exhinc
956 1655 981 1682 in
996 1654 1039 1682 [υ-

247 1705 335 1727 turum
347 1699 528 1734 diligentiores
539 1699 662 1727 evadant.
679 1700 839 1735 Sanguinem
853 1708 916 1727 vero
927 1700 1038 1728 Jerusa-

246 1747 300 1774 lem
325 1747 413 1774 czedes
435 1751 510 1774 rocat
530 1746 671 1781 caedesque
691 1747 810 1782 injustas.
827 1747 925 1774 Deinde
937 1755 1038 1782 augens

246 1793 442 1820 accusationem
465 1793 518 1825 ait,
546 1792 584 1819 De
595 1793 677 1820 medio
697 1801 792 1820 eorum.
811 1793 868 1820 Non
882 1794 952 1821 enim
968 1793 1036 1821 clam

248 1838 389 1866 homicidia
404 1839 520 1873 aggressi
532 1843 610 1872 sunt,
625 1839 671 1866 sed
685 1841 760 1873 pejus
773 1847 851 1874 quam
868 1840 996 1873 latrones.
1011 1845 1038 1868 et

247 1884 264 1911 ii
285 1884 328 1919 qui
352 1885 376 1911 in
397 1884 510 1918 publicis
529 1884 578 1911 viis
597 1884 705 1912 insidias
718 1885 816 1912 locant.
831 1885 869 1912 Illi
884 1894 998 1921 namque
1011 1887 1036 1914 in

247 1930 362 1957 tenebris
376 1931 488 1958 latentes
500 1934 527 1958 et
539 1931 565 1958 in
579 1930 776 1965 solitudinibus,
789 1937 913 1960 e0nsueta
922 1931 1035 1960 facinora

246 1976 454 2011 aggrediuntur;
481 1975 506 2003 hi
532 1981 621 2003 autem
645 1977 733 2004 medio
757 1977 783 2004 in
806 1977 879 2010 foro,
904 1978 930 2004 in
949 1977 1036 2004 mcd‘a

248 2021 313 2049 urbe
335 2027 362 2049 et
385 2022 410 2048 in
433 2021 497 2056 ipsis
518 2022 691 2050 tribunalibus
703 2023 795 2050 eadem
810 2031 867 2058 quae
883 2024 918 2050 illi
935 2023 1035 2051 scelera

248 2067 446 2102 perpetrabant.
461 2067 513 2095 Sed
528 2072 554 2095 et
568 2068 698 2095 maculam
711 2067 773 2095 inde
786 2074 870 2095 ortam
885 2068 981 2096 bellum
996 2069 1037 2095 in-

246 2121 344 2149 gruens
366 2119 513 2142 consumet.
539 2114 642 2142 Etenim
664 2114 689 2141 in
712 2120 830 2149 tempore
852 2114 980 2142 bonorum
1004 2120 1036 2143 .1;

247 2161 372 2188 :crumnis
394 2162 466 2195 prius
486 2161 564 2188 illatis
584 2168 613 2187 se
634 2160 768 2194 defendit,
783 2160 853 2196 quod
868 2161 971 2187 scilicet
984 2160 1036 2187 illa:

247 2206 306 2233 ideo
322 2207 472 2234 acciderent
483 2227 490 2238 ,
508 2211 535 2232 ut
545 2207 732 2238 abluerentur,
746 2215 776 2233 ac
789 2207 881 2233 sordes
895 2211 1034 2241 ponerent,

246 2257 273 2278 ut
290 2252 349 2287 igne
364 2257 538 2287 purgareutur
554 2252 576 2284 ',
594 2257 620 2279 ut
634 2260 740 2279 omnem
754 2252 883 2279 maculam
898 2253 1034 2285 absterge-

246 2303 305 2325 rent
316 2319 322 2329 ,
336 2302 362 2324 ιιι
377 2298 500 2332 probrum
512 2306 542 2325 ex
557 2298 671 2332 peccatis
682 2303 707 2325 et
718 2298 834 2325 caulibus
845 2302 948 2332 partum
960 2298 1035 2325 elue-

246 2348 313 2371 rcnt.
340 2344 406 2377 Quid
431 2351 493 2371 vero
514 2349 555 2371 est
577 2344 644 2378 quod
659 2344 713 2376 ait,
729 2344 828 2379 Spiritu
838 2344 930 2379 judicii
943 2349 967 2370 et
981 2344 1034 2378 spi-

244 2389 294 2415 ritu
317 2389 415 2416 ardoris
427 2390 439 2416 7
453 2389 479 2416 lu
496 2388 647 2423 metaphora
662 2388 783 2416 conﬂatm
799 2389 937 2416 metallica:
950 2394 1034 2415 mate-

245 2436 291 2462 rie
314 2435 440 2462 substitit.
461 2435 687 2467 Quemadmodum
710 2435 782 2462 cnim
805 2435 856 2462 illic
876 2435 983 2469 spiritus
1008 2437 1033 2462 in

244 2482 427 2509 (-onllatorfam
443 2481 575 2509 fornacem
592 2482 725 2509 immissus
738 2487 767 2516 et.
777 2481 909 2508 flammam
924 2481 1034 2514 afﬂans,

244 2528 463 2563 ardentioreSque
478 2536 575 2562 prunas
588 2528 717 2560 reddens,
732 2535 840 2555 omnem
853 2528 966 2554 absumit
976 2535 1036 2555 sco-

276 2609 284 2624 ¹
303 2611 366 2638 Haec,
377 2611 402 2632 ut
413 2607 468 2637 igne
479 2610 646 2639 purgamuur,
660 2607 749 2632 desunt
765 2608 790 2632 in
803 2611 859 2638 Reg.
875 2610 900 2631 et
911 2606 980 2632 savil.
990 2607 1036 2632 Sed

244 2640 268 2664 in
283 2642 360 2670 Bavar.
372 2643 398 2663 et
408 2639 489 2663 Morel.
503 2638 630 2668 habentur,
645 2642 670 2663 ct
678 2639 796 2670 quadram
806 2638 835 2662 ad
843 2639 943 2670 seriem.

278 2670 314 2700 (α)
331 2669 454 2703 11ιγίῖτξτὲοο.
467 2678 502 2695 τῶν
513 2679 592 2703 ιυγημιν
609 2677 627 2695 ιι
642 2669 697 2700 μισῴ
711 2675 819 2703 tussim.
831 2670 891 2703 ttmsi
903 2669 1036 2703 aliquantu-

245 2701 294 2726 lum
305 2699 334 2725 an
346 2702 380 2725 sic
390 2701 544 2732 interpretari
556 2699 680 2731 oporteret
691 2708 697 2725 :
709 2699 823 2732 intprobis
831 2699 861 2724 de
869 2699 948 2732 medio
955 2699 1036 2724 subla-

245 2732 282 2762 tis,
290 2739 330 2762 an,
340 2732 409 2757 molis
420 2730 465 2756 seu
477 2730 584 2756 tristibus
597 2732 626 2756 de
640 2732 719 2756 medio
730 2730 837 2756 sublatis.
848 2734 877 2755 Ea
889 2731 978 2761 quippe
988 2737 1034 2762 vox

244 2773 322 2795 «meo.
332 2764 436 2794 priorem
456 2763 536 2794 [mlius
545 2764 672 2794 requirere
689 2763 826 2795 versionem
839 2762 979 2795 videbatur;
991 2761 1034 2785 sed

245 2801 276 2819 ex
289 2792 355 2819 Sex-ie
367 2798 392 2818 et
403 2792 555 2818 contierione
566 2792 720 2824 sequentium
738 2794 895 2824 posteriorem
909 2792 989 2822 tnalui,
1011 2795 1036 2816 et

245 2826 278 2850 sic
292 2826 362 2850 vertit
375 2831 471 2857 quoque
483 2824 625 2849 ’l‘ilmannus

1107 177 1173 204 riam
1196 186 1203 204 :
1227 178 1260 205 ita
1282 184 1308 206 et
1323 179 1366 207 hic
1381 180 1498 209 immissa
1512 189 1527 209 a
1543 182 1596 210 Deo
1610 183 1646 210 ira
1659 204 1665 215 .
1681 189 1704 211 et
1721 185 1839 214 incidens
1853 193 1901 214 no-

1106 222 1184 249 stium
1209 224 1349 259 incursus,
1371 226 1456 253 instar
1476 227 1544 262 ignis
1566 229 1624 256 urbi
1647 229 1731 257 factus
1750 236 1807 266 est,
1832 233 1900 269 ignis

1105 276 1157 295 non
1174 270 1317 310 perniciem
1332 270 1484 305 inferentis,
1501 273 1547 300 sed
1564 275 1674 308 urentis,
1691 279 1836 311 purgantis,
1850 288 1898 313 pu-

1105 314 1202 342 nicutis
1215 321 1240 342 ct
1256 316 1431 344 cmendantis.
1443 318 1518 345 llunc
1529 320 1598 346 enim
1612 327 1719 348 sensum
1732 322 1810 350 habet
1822 323 1898 357 illud.

1105 360 1203 394 Spiritu
1213 361 1326 394 judicii;
1342 361 1393 390 hoc
1406 367 1464 396 est,
1480 364 1624 398 punitionis
1635 387 1642 399 ,
1659 366 1799 402 vindictae,
1816 369 1897 396 ultio—

1104 405 1154 432 nis.
1176 406 1202 432 5.
1220 406 1252 433 Ει
1274 408 1353 434 veniet
1373 407 1507 436 Dominus.
1524 410 1673 438 Adventum
1689 413 1747 447 ejus
1762 415 1896 448 operatio-

1103 458 1164 478 nem
1177 457 1261 479 vocat.
1278 452 1310 479 Et
1323 453 1370 480 erit
1385 456 1466 481 omnis
1481 454 1551 482 locus
1565 457 1656 483 montis
1671 457 1750 491 Sion,
1767 464 1789 485 et
1800 460 1896 492 onmia,

1101 506 1158 533 qua:
1174 498 1200 525 in
1217 499 1322 526 circuitu
1337 501 1391 536 ejus
1406 507 1482 535 sunt,
1499 501 1654 530 obumbrabit
1667 504 1743 532 nubes
1755 514 1799 540 per
1810 506 1874 533 diem
1886 527 1895 540 ,

1101 549 1124 570 et
1139 545 1212 579 quasi
1228 546 1297 571 fumo
1309 566 1316 578 ,
1332 551 1354 572 et
1369 547 1442 582 quasi
1455 548 1511 574 luce
1521 547 1586 583 ignis
1599 549 1711 576 ardentis
1723 559 1767 585 per
1781 558 1875 579 noctem
1885 573 1894 587 ,

1101 591 1169 616 omni
1183 590 1264 625 gloria
1274 597 1424 627 protegetur.
1439 593 1465 620 6.
1481 593 1514 620 Et
1527 596 1573 621 erit
1586 595 1611 622 in
1622 596 1796 624 umbraculum
1807 599 1856 624 diei
1864 599 1894 625 ul;

1100 640 1162 662 testu
1175 656 1182 667 ,
1204 641 1228 662 et
1245 637 1270 663 in
1285 642 1426 672 legumento
1442 644 1465 665 et
1478 639 1504 665 in
1518 639 1666 667 abscondito
1678 641 1709 668 ab
1723 644 1858 677 asperitate
1871 649 1894 671 et

1099 681 1194 715 pluvia.
1216 681 1319 709 Nubem
1343 682 1386 710 hic
1399 688 1475 711 vocat
1489 685 1700 714 consolationem
1715 687 1741 714 in
1755 688 1832 715 malis
1844 688 1894 716 da-

1100 732 1152 755 tam
1165 736 1172 758 ;
1185 735 1277 763 rogum
1291 729 1328 765 (ιι)
1343 737 1407 757 vero
1421 730 1562 759 adventum
1574 733 1632 767 ejus
1640 741 1701 760 cum
1711 735 1893 764 consolatione

1098 774 1260 809 adjunctum.
1281 776 1356 809 Quod
1372 777 1442 804 enim
1457 777 1483 804 iu
1497 783 1562 805 testu
1576 783 1618 806 est
1632 779 1731 813 nubes,
1747 780 1797 808 hoc
1810 782 1836 809 in
1852 787 1892 809 te-

1098 820 1188 847 nebris
1202 825 1229 848 et
1242 822 1372 856 prolunda
1386 828 1463 851 nocte
1477 831 1557 858 rogus
1568 825 1699 859 splendidi
1715 826 1783 861 ignis
1797 834 1892 855 aceen-

1097 873 1153 893 sus.
1166 867 1211 894 llla
1226 867 1296 894 enim
1311 872 1403 895 aestum
1417 868 1536 904 depellit,
1546 869 1590 898 hic
1603 878 1667 898 vero
1679 871 1818 907 caliginem
1832 873 1890 900 dis-

1096 912 1173 940 cutit.
1185 912 1333 940 Adventum
1352 921 1416 948 ergo
1434 914 1491 949 ejus
1505 923 1577 950 pyra:
1588 916 1740 950 splendori,
1755 918 1891 945 remissio-

1097 965 1158 984 nem
1178 965 1241 986 vero
1264 963 1291 986 et
1305 960 1497 987 recrealionem
1511 961 1612 988 umbra:
1626 962 1702 989 nubis
1715 964 1887 997 comparavit.

1097 1003 1198 1031 Deinde
1218 1005 1363 1032 ostendens
1381 1014 1434 1032 non
1455 1007 1579 1041 pautatim
1593 1007 1686 1035 solutis
1700 1008 1819 1036 tristibus
1832 1009 1890 1036 ha-c

1095 1055 1221 1077 eventura
1236 1059 1296 1078 esse
1307 1072 1316 1084 ,
1331 1051 1378 1079 sed
1392 1052 1537 1087 derepente
1549 1053 1574 1080 in
1589 1053 1696 1088 ipsaque
1709 1062 1888 1083 :crumnarum

1095 1096 1120 1123 vi
1134 1096 1190 1124 fore
1203 1098 1375 1125 mutationem
1386 1118 1394 1132 ,
1408 1103 1435 1125 ut
1447 1103 1473 1126 et
1486 1099 1547 1126 inde
1560 1099 1663 1127 discant
1672 1121 1680 1134 ,
1696 1109 1748 1128 non
1763 1109 1795 1128 ex
1808 1109 1886 1129 revo-

1095 1142 1195 1170 lutione
1209 1143 1322 1178 quadam
1335 1150 1362 1172 et
1372 1145 1482 1172 fortuito
1493 1146 1665 1173 mutationem
1682 1147 1708 1173 in
1722 1148 1816 1174 melius
1826 1155 1887 1175 esse

1095 1187 1216 1222 iactant;
1239 1189 1286 1217 sed
1307 1197 1339 1217 ex
1361 1198 1476 1226 superna
1498 1190 1596 1218 virtute
1618 1196 1700 1218 totum
1720 1199 1779 1219 esse
1796 1192 1888 1219 confec

1093 1238 1165 1262 ctum
1175 1256 1183 1269 ,
1199 1235 1273 1263 Sicut
1286 1236 1345 1272 igne
1355 1237 1458 1264 ardente
1470 1237 1495 1264 in
1510 1242 1581 1264 nocte
1590 1259 1597 1269 ,
1613 1237 1712 1273 inquit,
1725 1239 1763 1266 sic
1774 1238 1818 1266 ﬁet
1828 1247 1887 1266 mu-

1094 1283 1175 1314 tatio,
1191 1281 1224 1309 Et
1236 1282 1281 1310 erit
1295 1283 1321 1309 in
1335 1283 1449 1310 umbram
1463 1291 1507 1318 per
1520 1283 1596 1312 dient.
1611 1284 1737 1316 Qumnam
1753 1284 1809 1311 lucc
1824 1293 1885 1312 um-

1093 1328 1163 1356 bra?
1178 1328 1223 1356 Dei
1237 1329 1375 1362 auxilium,
1389 1329 1485 1365 inquit,
1497 1335 1524 1357 et
1536 1329 1694 1361 subsldium,
1707 1330 1780 1364 quasi
1792 1330 1884 1357 umhra

1093 1374 1119 1401 in
1135 1379 1202 1402 mstu
1212 1395 1220 1408 ,
1235 1379 1261 1402 et
1275 1375 1348 1409 quasi
1361 1380 1458 1403 tectum
1473 1375 1513 1403 vel
1527 1383 1650 1404 caverna:
1664 1376 1800 1403 latibulum
1811 1397 1817 1407 ,
1832 1376 1884 1402 im-

1092 1421 1140 1448 bre
1159 1420 1310 1449 vehementi
1332 1422 1444 1450 cadente
1454 1443 1462 1456 ,
1488 1422 1514 1449 in
1537 1428 1594 1450 luto
1607 1427 1695 1451 servat
1706 1431 1766 1450 eum
1780 1423 1823 1458 qui
1838 1423 1885 1450 illo

1092 1466 1210 1501 confugit
1232 1475 1239 1494 :
1260 1467 1299 1494 sic
1311 1472 1338 1495 et
1351 1468 1396 1495 Dei
1412 1469 1596 1496 commilitium
1610 1469 1675 1496 nihil
1689 1469 1757 1497 sinet
1770 1469 1823 1503 pati
1837 1469 1884 1496 de-

1092 1511 1210 1540 trimenti
1222 1533 1230 1545 ,
1247 1517 1321 1540 tanto
1335 1513 1472 1549 ingruente
1486 1513 1555 1542 bello
1566 1535 1574 1548 ,
1589 1522 1636 1542 eos
1648 1522 1715 1550 quos
1725 1522 1740 1542 a
1753 1514 1883 1550 principio

1091 1565 1199 1586 servare
1212 1558 1334 1587 voluerit.

1404 1626 1518 1655 CAPUT
1539 1627 1570 1654 ν.

1092 1683 1118 1710 1.
1140 1682 1253 1710 Cantabo
1272 1682 1363 1710 dilecto
1389 1683 1514 1709 canticum
1533 1683 1617 1710 dilecti
1641 1684 1691 1710 mei
1714 1684 1791 1711 vineae
1809 1692 1881 1711 mete.

1127 1740 1152 1767 1.
1174 1739 1316 1774 Postquam
1337 1739 1450 1767 tristium
1470 1740 1677 1768 comminatione
1696 1742 1834 1773 exterruit,
1855 1747 1882 1769 et

1089 1785 1220 1813 bonorum
1234 1785 1413 1819 promissione
1427 1785 1582 1813 exhilaravit
1592 1806 1600 1818 .
1622 1786 1776 1823 variamque
1790 1787 1881 1814 mede-

1089 1831 1141 1858 lam
1155 1830 1292 1864 adhibuit,
1315 1830 1341 1857 in
1359 1831 1430 1858 aliud
1445 1831 1533 1858 denuo
1547 1832 1705 1868 principium
1727 1839 1880 1860 sermonem

1089 1877 1202 1910 reducit,
1220 1877 1376 1912 principium
1387 1898 1394 1911 ,
1416 1877 1538 1912 inquam,
1556 1877 1626 1912 quod
1642 1879 1785 1914 prophetia:
1800 1887 1880 1907 exor-

1089 1922 1162 1950 dium
1177 1923 1307 1950 videatur.
1326 1923 1554 1956 Quemadmodum
1567 1924 1636 1951 enitn
1652 1933 1666 1950 a
1681 1924 1811 1959 principio
1824 1929 1880 1951 sta-

1090 1967 1136 1994 tim
1153 1967 1280 1995 beuelicia
1304 1968 1367 2002 ipsis
1389 1977 1403 1995 a
1425 1968 1482 1996 Deo
1502 1969 1596 1995 collata
1621 1970 1754 1996 recensuit
1776 1971 1878 2003 (licens,

1089 2013 1171 2040 Filios
1184 2013 1259 2048 genui
1271 2018 1293 2040 et
1305 2014 1412 2040 exaltavi
1428 2013 1512 2048 (lsai.
1526 2015 1551 2041 1.
1565 2015 1611 2048 2),
1624 2014 1744 2042 adductis
1758 2015 1879 2050 proposi-

1089 2059 1174 2094 tisque
1189 2058 1350 2091 sceleribus,
1367 2067 1425 2092 quae
1441 2059 1476 2086 illi
1492 2063 1661 2094 patravcrant
1672 2081 1679 2094 ,
1695 2068 1807 2095 nempe,
1825 2060 1880 2095 Ipsi

1088 2110 1234 2139 sprererunt
1246 2113 1293 2136 me,
1308 2110 1344 2137 et,
1357 2104 1441 2132 Israel
1453 2110 1535 2132 autem
1549 2115 1588 2132 me
1598 2115 1647 2133 non
1660 2107 1784 2142 cognovit,
1797 2113 1819 2134 et
1833 2116 1879 2140 po-

1088 2149 1163 2185 pulus
1178 2158 1246 2176 meus
1267 2158 1306 2176 me
1328 2158 1377 2177 non
1396 2150 1517 2177 intellexit
1531 2150 1610 2185 (lsai.
1628 2151 1652 2177 1.
1666 2151 1700 2187 5)
1714 2161 1720 2178 :
1737 2151 1774 2178 sic
1789 2157 1814 2178 ct
1829 2151 1878 2178 hoc

1087 2195 1146 2223 loco
1160 2196 1218 2223 aliis
1233 2196 1329 2229 dictis,
1351 2196 1396 2222 Sed
1418 2196 1511 2223 eadem
1534 2197 1663 2223 sententia
1689 2205 1718 2224 ea
1743 2197 1878 2235 ipsaque

1088 2243 1160 2278 prius
1174 2242 1290 2269 exhibet.
1310 2242 1405 2269 Verum
1426 2250 1476 2277 qua
1499 2242 1532 2270 de
1555 2250 1634 2270 causa
1656 2243 1876 2277 reprehensurus,

1087 2288 1321 2323 reprehensionem
1333 2287 1464 2314 canticum
1475 2287 1572 2315 vocat?
1587 2288 1687 2324 Moyses
1699 2289 1769 2315 enim
1783 2288 1807 2315 id
1818 2288 1878 2322 jnrc

1088 2335 1148 2362 fecit
1161 2342 1221 2362 cum
1234 2334 1324 2366 Maria,
1338 2338 1428 2368 utpote
1443 2333 1600 2369 triumphale
1614 2334 1744 2361 canticum
1760 2334 1878 2361 modula-

1088 2386 1163 2408 turus
1172 2402 1179 2414 ,
1195 2381 1342 2415 meritoque
1355 2381 1393 2407 sic
1408 2379 1499 2414 incipit
1515 2389 1521 2406 :
1535 2379 1667 2406 Contentus
1679 2379 1787 2406 Domino
1798 2388 1808 2406 :
1820 2380 1876 2414 glo-

1087 2428 1152 2453 riose
1165 2426 1230 2453 enim
1246 2426 1421 2461 magniﬁcatus
1436 2430 1471 2452 est
1481 2446 1489 2457 ,
1509 2433 1599 2459 equum
1614 2430 1636 2451 et
1649 2432 1804 2452 ascensorem
1819 2433 1877 2458 pro-

1082 2473 1143 2507 jecit
1165 2472 1191 2498 in
1213 2480 1281 2498 mare
1303 2471 1408 2507 (Esau.
1425 2471 1466 2499 15.
1484 2471 1529 2506 1).
1552 2471 1585 2498 Et
1600 2471 1707 2501 ,Debora
1732 2477 1790 2505 post
1811 2470 1875 2497 illud

1087 2518 1242 2545 admirabile
1257 2523 1403 2551 tropaeum,
1425 2521 1451 2544 et
1471 2517 1631 2552 insperatam
1651 2517 1803 2547 victoriam.
1816 2517 1876 2551 jure

1087 2564 1218 2591 canticum
1233 2563 1295 2590 illud
1312 2563 1471 2598 triumphale
1482 2563 1631 2597 contexuit,
1640 2562 1744 2590 laudem
1758 2562 1876 2590 rel'rrens

1088 2610 1143 2638 Deo
1157 2609 1261 2645 (Judir.
1276 2609 1318 2645 5).
1341 2609 1388 2637 Hic
1404 2613 1491 2636 autem
1504 2609 1708 2642 criminaturus,
1723 2616 1782 2636 cum
1798 2610 1878 2636 velut.k

1125 2701 1160 2731 (α,
1176 2703 1216 2737 (ιγ.
1229 2702 1419 2738 πυράν.-Ηίοηθι
1437 2703 1498 2738 infra
1517 2705 1592 2736 πυρὰν
1603 2709 1786 2738 commemorat,
1807 2708 1876 2738 quasi

1093 2738 1122 2755 ea
1135 2739 1179 2768 vox
1192 2732 1216 2757 in
1234 2732 1429 2768 prie-cedentibus
1447 2732 1584 2768 Scriptnr:c_
1593 2735 1720 2760 versiontis
1733 2732 1876 2765 haberetur,

1092 2766 1244 2796 quae_ta_men
1262 2765 1296 2788 ibi
1316 2771 1364 2788 non
1385 2769 1516 2796 comparet.
1536 2765 1584 2789 Sed
1607 2770 1665 2795 pulo
1677 2768 1876 2795 (Lhrysoslmnum

1143 2792 1214 2831 lsaiae
1225 2800 1306 2831 voces,
1320 2796 1351 2829 ὡς
1369 2792 1446 2826 φωτὸξ
1457 2797 1529 2828 πυρὸς
1543 2792 1669 2828 καιοιλένιυ
1680 2792 1770 2827 ννκίεός,
1783 2797 1821 2822 hic
1830 2804 1876 2829 per

1092 2829 1178 2848 vocem
1189 2829 1263 2856 πυρᾶν
1276 2831 1305 2849 ex
1309 2832 1424 2857 primore.
