2068 3130
224 143 256 170 51
877 136 908 163 IN
931 135 1017 164 ISAIA

1075 136 1151 166 CAP.
1176 137 1204 165 ν.
1827 150 1860 178 58

224 197 304 228 menti
318 203 444 226 sermone
453 199 539 232 egeat,
554 199 580 223 et
594 194 682 222 animo
694 201 745 222 non
757 193 880 224 remisso.
894 192 940 220 sed
952 200 1015 220 con-

222 247 313 277 citato,
327 252 356 273 se
371 247 536 273 cantaturum
550 241 626 269 nobis
640 240 779 276 promittit,
794 243 821 267 et
832 239 1015 267 accusationes

220 291 352 321 canticum
374 294 463 317 vocat.
486 289 522 316 At
541 296 595 316 non
617 288 675 323 ipse
689 287 762 314 solus
774 307 782 319 ,
797 285 844 313 sed
860 291 883 313 et
906 291 1016 320 magnus

222 337 265 366 ille
276 336 395 372 Moyses,
409 336 454 370 qui
469 339 530 362 tunc
544 333 704 368 triumphale
723 332 787 360 illud
800 331 931 359 canticutn
943 330 1016 358 ccci-

222 387 317 416 nerat;
340 382 403 410 dum
420 381 527 409 Judzcos
545 379 730 416 reprehendit,
748 379 854 414 longum
870 378 934 406 illud
950 385 1016 405 can-

222 430 303 457 ticutn
316 429 380 456 fecit
391 426 642 463 reprehensionibus
650 425 864 460 plenum,dicens
877 434 884 451 :
898 424 1016 452 anine

222 475 330 503 Domino
341 473 464 502 redditis?
478 472 528 500 Hic
541 473 650 508 populus
663 471 755 498 stultus
764 476 788 498 et
799 469 1014 506 insipiens(Deut.

221 523 264 550 59.
281 521 338 558 6);
354 526 381 548 et
395 520 485 548 multis
502 519 622 546 collectis
636 517 857 548 accusationibus.
875 516 932 543 lucc
945 517 1016 550 ipsos

222 575 320 596 canere
334 567 393 602 lege
407 565 551 602 pra-cepit;
567 569 594 592 et
608 572 657 591 nos
669 563 802 598 hodieque
820 567 946 590 canentes
959 563 1016 590 lucc

222 614 344 642 dicimus.

255 661 387 688 Canticum
410 667 456 686 cur
479 658 666 685 criminationes
687 657 822 684 contineat.
836 671 870 676 —
884 655 938 682 Cur
952 663 1016 690 ergo

220 706 421 734 criminationes
432 709 460 732 ut
470 704 602 732 canticum
615 702 796 730 c0ncinnant?
810 702 944 737 Sapientia
958 709 1016 729 cer-

221 758 248 781 te
263 752 305 780 usi
325 751 473 786 spirituali,
495 755 521 777 et
540 749 653 777 multum
672 749 844 776 emolumenti
866 748 1015 775 auditorum

219 798 318 825 animis
332 797 429 825 inferre
442 796 572 823 volentes.
589 795 655 828 Quia
668 795 740 822 enim
754 794 819 821 nihil
833 795 872 822 sic
886 794 951 821 utile
964 797 1015 827 est,

222 849 250 871 ut
270 843 405 872 scelerum
419 841 526 870 assidue
549 841 703 874 recordari,
728 840 846 876 nihilque
860 840 1016 867 memoriam

220 892 254 923 ita
280 891 383 918 firmam
404 890 489 925 parit,
505 893 534 917 ut
548 888 661 916 melodia
674 908 682 921 ,
704 895 737 915 ne
751 887 787 915 ob
800 887 1015 914 criminatiouum

221 936 430 972 magnitudinem
447 935 557 963 taederet
574 942 621 962 eos
631 954 639 967 ,
654 938 682 962 et
696 933 829 961 assiduam
845 937 1015 969 peccatorum

221 983 380 1011 memoriam
394 982 618 1017 subterfugerent,
633 981 729 1009 cantici
741 980 920 1008 modulatione
934 979 1017 1014 pudo-

220 1038 277 1058 rem
291 1029 441 1064 subripiens
455 1035 487 1056 ex
502 1027 631 1055 memoria
646 1031 750 1062 partum
760 1046 768 1058 ,
782 1030 809 1053 et
822 1025 1016 1053 intolerabilem

221 1082 366 1103 mwrorem
390 1074 503 1106 leniens,
531 1073 588 1099 haec
609 1072 712 1101 cantica
738 1071 819 1104 fecit,
842 1075 871 1098 ut
895 1070 1016 1098 melodia:

220 1127 314 1147 amore
335 1119 419 1146 coacti
437 1119 470 1146 ad
496 1125 527 1146 ea
542 1118 695 1151 frequenter
717 1116 911 1152 pronuntianda
923 1136 930 1146 .
946 1124 1017 1151 sa‘pe

221 1167 329 1194 illorum
343 1165 551 1193 recordarentur
561 1186 568 1198 ,
583 1164 742 1199 assidueque
756 1163 903 1191 doctrinam
919 1162 952 1190 dc
971 1169 1018 1190 co-

221 1213 300 1240 lenda
315 1212 412 1239 virtute
426 1211 556 1238 haberent
566 1232 573 1243 ,
589 1218 685 1245 nempe
700 1209 833 1237 assiduam
848 1214 1017 1244 peccatorum

221 1257 449 1286 recordationem.
473 1257 551 1284 Scitis
576 1256 655 1291 igitur
677 1255 746 1282 alios
767 1254 911 1290 Scripturte
934 1254 1018 1282 libros

221 1304 314 1331 multis
333 1303 466 1338 hodieque
487 1309 522 1329 ne
543 1301 576 1329 de
591 1301 698 1328 nomine
719 1300 827 1336 quidem
849 1304 926 1327 notos
941 1307 999 1327 esse
1006 1307 1017 1333 ;

221 1349 389 1379 Psalmorum
405 1354 493 1376 autem
508 1354 575 1382 opus
594 1354 688 1374 omnes
708 1347 734 1373 in
749 1353 796 1373 ore
816 1346 899 1378 ferre,
920 1350 947 1372 et
961 1345 1018 1372 haec

222 1396 305 1422 etiam
318 1395 420 1422 cantica
433 1403 439 1421 :
453 1394 543 1429 sicque
554 1401 585 1420 ex
600 1393 680 1420 rebus
693 1392 757 1427 ipsis
768 1391 925 1426 ostenditur,
940 1399 1019 1426 quan-

222 1447 278 1469 tutn
293 1450 327 1469 ex
342 1446 420 1469 cantu
433 1441 536 1469 lucrum
550 1439 668 1468 aecedat.
690 1439 791 1466 Idcirco
806 1439 862 1472 ipse
877 1438 915 1466 ait
928 1446 934 1464 :
948 1437 1018 1465 Can—

223 1489 282 1515 tabo
295 1487 385 1514 dilecto
401 1495 456 1513 meo
471 1486 596 1513 canticum
611 1485 693 1512 dilecti
709 1484 757 1510 mei
770 1484 848 1511 vinea:
867 1491 937 1511 mete.
953 1482 1019 1511 Can—

222 1534 301 1560 ticum
316 1533 406 1560 dilecta
416 1553 423 1565 ,
438 1532 490 1564 ait,
507 1532 604 1558 vineae:
619 1530 732 1557 cantabo
747 1530 817 1556 circa
840 1529 925 1564 ipsum
948 1528 1018 1556 dile-

223 1586 306 1609 ctum.
329 1580 364 1608 Et
379 1580 428 1616 ipsi
449 1583 537 1613 canto,
560 1579 654 1614 inquit,
674 1582 701 1605 et
714 1581 899 1613 argumentum
924 1576 1020 1604 cantici

222 1628 295 1655 circa
311 1627 385 1654 illum
401 1631 426 1654 et
441 1633 485 1654 res
497 1625 531 1652 ad
551 1632 612 1652 eum
634 1628 785 1660 spectantes
797 1628 927 1651 versatur.
943 1621 1019 1656 Quod

223 1673 247 1700 si
263 1673 451 1708 objurgaturus
462 1675 490 1698 et
507 1671 631 1698 dilectum
644 1674 722 1697 vocat
735 1673 764 1698 et
778 1673 905 1701 amatum,
920 1676 954 1695 ne
968 1669 1018 1695 mi-

223 1719 303 1746 reris.
329 1718 395 1746 Nam
419 1722 445 1745 et
467 1717 519 1744 hoc
542 1723 666 1751 magnum
689 1719 731 1742 est
751 1714 784 1742 ad
806 1713 1018 1742 criminationem

223 1765 367 1797 viaticum,
390 1763 460 1798 quod
483 1762 585 1790 scilicet
607 1769 667 1789 cum
690 1761 874 1796 diligerentur,
897 1765 925 1788 et
946 1763 1019 1787 tanta

224 1811 377 1839 fruerentur
392 1809 439 1836 Dei
454 1808 651 1841 benevolentia,
664 1815 752 1842 neque
765 1807 804 1834 sic
818 1807 943 1834 meliores
957 1805 1020 1833 etl‘e-

224 1856 261 1884 cti
277 1856 340 1883 sint.
365 1855 422 1882 llnc
439 1859 466 1882 et
479 1854 549 1881 alius
568 1853 699 1889 propheta
712 1852 883 1880 subindicans
894 1851 997 1879 dicebat
1011 1860 1017 1877 :

225 1903 306 1935 Quasi
321 1910 394 1929 uvam
414 1902 440 1928 in
461 1901 557 1928 deserto
571 1900 653 1926 inveni
671 1899 756 1926 Israel
767 1918 774 1932 ,
788 1899 861 1934 quasi
874 1906 979 1933 scopum
993 1899 1020 1928 in

225 1949 278 1983 ﬁcu
300 1946 338 1983 (a)
361 1955 496 1981 prutcocem
518 1946 569 1973 vidi
591 1951 674 1982 patres
697 1953 783 1972 eorum
803 1944 886 1979 (Osee
903 1944 929 1972 9.
947 1943 1019 1979 10):

225 1995 358 2030 optabiles
373 1994 434 2022 illos
454 1993 634 2028 amabilesque
656 1999 715 2020 esse
730 1999 778 2026 per
792 1991 843 2018 ltos
864 1990 965 2018 fructus
981 1991 1021 2017 in-

224 2041 320 2068 dicans
334 2050 340 2067 :
355 2040 485 2075 optabiles
495 2060 502 2072 ,
519 2039 626 2074 inquam
636 2059 644 2071 ,
660 2037 842 2073 amabilesque
854 2044 907 2064 non
927 2044 959 2063 ex
973 2044 1019 2063 sua

225 2087 342 2118 virtute,
365 2085 412 2114 sed
433 2093 467 2113 ex
487 2084 534 2112 Dei
557 2084 729 2119 benignitate.
746 2083 820 2117 Quod
836 2087 923 2110 autem
946 2082 1019 2115 dicit,

226 2133 381 2168 hujnsmodi
394 2137 434 2160 est
451 2142 457 2159 :
473 2132 533 2167 Ego
547 2131 583 2159 ita
598 2131 688 2162 dilexi,
703 2130 766 2157 utsi
781 2129 840 2164 quis
855 2137 931 2157 uvam
947 2129 1021 2156 inve-

226 2179 299 2207 nerit
314 2179 339 2206 itt
352 2179 469 2211 deserto,
483 2182 529 2204 aut
543 2178 564 2204 si
580 2177 639 2212 quis
652 2183 761 2211 scopum
775 2175 904 2210 repererit
918 2175 943 2202 in
959 2174 1019 2202 ﬁcu.

225 2226 337 2254 Etiamsi
352 2225 424 2253 enim
438 2224 495 2252 haec
509 2223 631 2258 exempla
649 2222 754 2257 indigna
770 2221 823 2249 sint
838 2221 903 2254 Deo,
917 2226 944 2249 at
960 2220 1020 2248 illo-

226 2280 286 2300 rum
301 2271 424 2307 ingluviei
445 2273 623 2297 consentanea
639 2272 710 2295 sunt.
725 2266 780 2302 Ipsi
795 2275 875 2300 vero,
891 2267 945 2299 ait,
959 2274 1019 2295 cum

227 2321 299 2345 tanta
313 2316 455 2344 dilectione
467 2314 631 2348 fruerentur,
643 2313 780 2340 abalienati
789 2317 856 2345 sunt,
868 2312 1021 2347 ingressique

226 2368 286 2390 sunt
298 2363 332 2389 ad
345 2361 509 2397 Beelphegor.
524 2360 569 2388 Sic
582 2367 647 2387 sane
659 2359 732 2387 illum
748 2359 790 2386 hic
805 2362 883 2386 vocat
893 2358 1020 2392 dilectum

225 2416 254 2437 et
275 2413 393 2436 amatum
407 2428 416 2442 ,
436 2407 581 2435 ostendens
600 2407 682 2434 Deum
705 2405 794 2433 omnia
816 2412 875 2440 qua:
895 2412 909 2431 a
932 2404 1020 2439 seipso

225 2458 302 2482 erant
315 2454 483 2486 exhibuisse,
498 2460 550 2480 non
566 2452 636 2488 quod
657 2452 706 2487 ipsi
729 2451 857 2486 cceperint
868 2470 875 2484 ,
890 2450 936 2477 sed
950 2449 1020 2485 quod

222 2502 299 2529 Deus
314 2501 388 2536 prior
401 2500 506 2529 amarit.
522 2499 561 2527 Illi
574 2506 637 2526 vero
650 2505 735 2533 neque
750 2501 842 2533 postea
855 2497 949 2532 dignos
960 2504 1020 2525 sese

225 2547 359 2577 beneﬂcio
373 2546 569 2579 exhibuerunt;
589 2545 636 2573 sed
650 2551 731 2580 opere
752 2544 809 2579 ipso
830 2543 919 2571 omnia
942 2543 1019 2571 exhi-

226 2594 309 2621 buere
331 2592 475 2620 contraria.
498 2591 577 2618 Vinea
597 2591 665 2625 facta
689 2594 725 2617 est
753 2589 861 2621 dilecto,
877 2589 904 2615 in
923 2596 1018 2620 cornu,

227 2640 252 2666 in
272 2639 332 2668 loco
355 2638 451 2674 pingui.
476 2637 565 2666 Vineae
590 2636 698 2666 nomine
716 2643 823 2663 omnem
845 2634 1021 2671 subindicat'it

257 2707 293 2738 (a)
309 2706 337 2731 lu
348 2709 438 2738 graeco,
451 2712 473 2734 ὸς
485 2711 553 2730 σιπδν
562 2711 579 2729 ιν
590 2712 642 2738 σεηῇ.
662 2707 750 2738 Sensus
772 2705 819 2738 est,
833 2701 903 2738 quasi
913 2701 1021 2738 specula-

225 2734 301 2762 torem
308 2737 333 2762 in
340 2736 397 2769 ﬁcu.
408 2740 462 2769 eam
474 2742 539 2764 σηκός
548 2735 623 2769 paulo
631 2738 688 2760 ante
698 2735 722 2758 in
736 2734 825 2769 eodem
831 2734 933 2769 capite?
943 2738 1019 2769 Qsezc,

228 2775 251 2792 v.
273 2769 296 2797 8,
309 2763 348 2793 esi
358 2766 504 2798 speculator.
517 2763 569 2798 jti'c
581 2770 663 2798 autem
680 2771 753 2798 versu
765 2765 794 2789 10
806 2763 909 2796 Vulgata
921 2765 994 2798 habet
1012 2771 1019 2788 :

227 2795 295 2828 quasi
317 2795 396 2830 prima
419 2804 489 2830 pomo
511 2795 628 2830 ﬁculnew.
653 2796 679 2830 In
700 2797 804 2830 llel'trzco
825 2795 907 2830 autem
931 2795 1020 2829 legitur

228 2825 337 2886 iam:
359 2825 429 2861 στα.ςί
440 2825 532 2861 primus
543 2828 635 2860 fructus
646 2825 766 2859 ﬁculneae,
783 2826 851 2861 guasi
863 2826 1021 2859 prinwgmnta

245 2867 341 2887 cutnca’.

1070 194 1281 231 providentiam,
1299 205 1428 234 suamque
1448 198 1516 227 circa
1536 198 1595 226 illos
1613 199 1828 231 sollicitudinem.

1103 241 1130 269 2.
1151 242 1243 278 Neque
1254 244 1298 272 hic
1310 245 1421 280 gradum
1435 245 1522 280 sistit,
1538 247 1585 275 sed
1598 248 1649 275 alia
1663 249 1742 278 etiam
1758 251 1858 279 bent-ll-

1067 288 1107 315 cia
1121 295 1262 317 enumerat
1276 299 1282 317 :
1297 291 1436 327 primoque
1453 292 1478 320 id
1492 298 1600 328 pra-stat
1615 301 1630 322 a
1644 294 1697 323 situ
1711 296 1781 330 loci;
1797 297 1860 326 illud

1068 334 1138 362 enim
1150 355 1158 370 ,
1172 334 1206 362 In
1220 344 1317 369 cornu,
1337 336 1363 364 in
1377 338 1433 364 loco
1444 338 1548 374 pingui,
1566 344 1620 367 tum
1635 345 1756 369 naturam
1770 345 1859 375 terra.

1070 383 1125 408 tntn
1139 381 1220 408 situm
1234 382 1348 412 laudans
1360 383 1426 411 dicit
1440 393 1447 412 :
1461 384 1487 412 id
1502 385 1572 421 quod
1587 391 1613 414 et
1627 387 1709 415 David
1724 389 1861 423 psallendo

1068 425 1135 453 dixit
1148 426 1182 454 de
1194 426 1342 456 Jerusalem
1356 437 1362 456 :
1379 429 1478 458 Montes
1490 430 1517 458 in
1531 431 1638 459 circuitu
1653 433 1717 468 ejus,
1734 439 1757 461 et
1770 433 1860 464 Domi-

1068 479 1116 498 nus
1129 472 1154 499 in
1169 473 1277 501 circuitu
1291 475 1380 509 populi
1391 475 1431 502 sui
1445 475 1529 511 (Psal.
1543 476 1602 504 124.
1615 478 1656 513 '2).
1671 477 1790 514 Namque
1805 479 1860 507 cin~

1068 518 1106 544 xit
1118 525 1194 552 eam,
1213 519 1313 554 inquit,
1326 521 1367 548 vel
1381 529 1414 548 cx
1435 522 1486 548 situ
1502 522 1552 549 loci
1568 531 1574 550 :
1591 528 1716 551 caeterum
1733 525 1783 552 hoc
1795 532 1861 553 eon-

1069 569 1156 592 tentus
1170 565 1302 600 nonfuit,
1318 567 1365 594 sed
1386 568 1517 596 maximus
1530 569 1586 604 ipse
1604 577 1696 597 tnurus
1717 570 1756 597 illi
1777 571 1861 599 factus

1069 616 1110 639 est
1123 620 1130 638 :
1144 612 1215 647 quod
1231 612 1274 641 hic
1295 613 1444 646 subindicat
1459 614 1550 643 dicens
1562 636 1569 649 ,
1585 615 1619 643 In
1640 624 1718 644 cornu
1729 637 1736 649 ,
1751 617 1862 653 inexpu-

1067 657 1201 692 gnabilcm
1215 666 1312 694 nempe
1324 667 1384 688 esse
1395 660 1482 688 locum
1496 669 1504 694 ς
1518 665 1547 688 at
1558 661 1628 696 quod
1641 662 1727 697 majus
1741 667 1799 696 est,
1813 663 1860 690 Dei

1068 703 1215 731 subsidium
1228 704 1346 732 declarat
1363 713 1397 733 ex
1417 706 1571 742 metaphora
1591 707 1681 735 bovini
1695 715 1788 736 cornu.
1812 708 1861 736 Et-

1068 750 1139 776 enim
1155 750 1206 776 tale
1218 749 1341 787 adagium
1355 751 1381 778 in
1394 751 1488 787 vulgus
1500 752 1564 780 exiit
1582 752 1616 780 de
1630 752 1664 780 iis
1675 753 1719 788 qui
1734 753 1760 780 in
1776 757 1861 782 tutum

1068 794 1183 830 aliquem
1195 795 1283 822 locum
1296 795 1460 832 confugiunt.
1472 797 1539 831 Quia
1552 798 1624 826 enim
1636 799 1753 826 omnium
1773 798 1861 827 fortis-

1069 840 1152 868 simus
1167 845 1208 869 est
1225 845 1332 875 taurus,
1346 842 1417 878 quod
1432 850 1496 870 vero
1508 843 1603 872 fortius
1616 844 1642 872 in
1655 852 1698 879 eo,
1712 849 1752 872 est
1765 853 1859 879 cornu,

1067 893 1121 921 quo
1132 893 1181 914 ceu
1192 887 1274 914 armis
1287 887 1380 922 utitur,
1392 888 1453 923 quia
1464 894 1542 924 captu
1553 889 1662 918 difticile
1673 895 1724 924 est,
1737 891 1761 919 id
1775 891 1862 919 solent

1068 932 1144 959 multi
1159 931 1250 961 dicere
1264 941 1271 960 :
1288 940 1320 960 ac
1333 933 1468 969 Scriptura
1485 942 1556 970 smpe
1570 942 1655 964 cornu
1668 936 1803 964 unicornis
1816 944 1861 964 vo-

1068 981 1112 1004 cat
1125 985 1171 1005 eos
1183 998 1190 1010 .
1210 978 1256 1014 qui
1271 978 1298 1007 in
1319 983 1376 1006 tuto
1391 980 1468 1014 positi
1482 985 1554 1008 sunt.
1579 980 1611 1008 In
1624 989 1702 1009 cornu
1718 982 1804 1018 itaque
1820 982 1862 1010 hic

1069 1023 1143 1054 dicit,
1159 1024 1237 1058 quasi
1251 1024 1278 1051 in
1292 1028 1358 1057 tuto,
1371 1024 1397 1052 in
1413 1025 1467 1053 alto
1482 1026 1540 1053 loco
1556 1036 1563 1054 ε
1577 1026 1602 1053 id
1618 1028 1687 1062 quod
1701 1027 1776 1055 initio
1790 1028 1862 1056 dice-

1068 1067 1114 1095 bat
1125 1077 1132 1094 :
1144 1068 1224 1096 Filios
1236 1070 1312 1104 genui
1323 1071 1464 1098 clamitavi
1474 1071 1547 1105 (Isai.
1560 1072 1585 1099 Ι.
1595 1071 1633 1102 2).
1646 1072 1679 1100 In
1691 1073 1745 1100 loco
1756 1073 1861 1109 pingui:

1068 1114 1139 1148 quod
1162 1113 1267 1150 Moyses
1290 1115 1396 1142 dicebat
1415 1123 1422 1142 :
1443 1116 1546 1144 Terram
1568 1117 1686 1152 ﬂuentem
1708 1119 1748 1145 lac
1767 1124 1792 1145 et
1814 1118 1862 1146 mel

1071 1158 1167 1195 (Exod.
1177 1161 1203 1188 5.
1214 1161 1252 1196 8).
1264 1161 1292 1188 ‘2.
1307 1161 1337 1190 Et
1347 1170 1431 1196 sepem
1441 1163 1621 1198 circumposui,
1631 1169 1654 1190 et
1665 1164 1861 1192 circumvallavi.

1070 1207 1163 1243 Sepcm
1177 1212 1222 1236 aut
1233 1215 1337 1235 murttm
1350 1207 1424 1241 dicit,
1441 1213 1486 1236 aut
1499 1208 1593 1243 legem,
1610 1212 1655 1236 aut
1669 1209 1862 1244 providentiam

1071 1262 1157 1282 suam.
1174 1254 1279 1283 Etenim
1301 1254 1343 1282 lex
1364 1255 1446 1282 tutius
1466 1263 1545 1290 quam
1560 1263 1652 1284 murus
1672 1256 1730 1284 ilios
1747 1257 1862 1284 circum-

1069 1301 1200 1336 cingebat.
1217 1300 1251 1328 Et
1271 1301 1459 1329 circumvallavi
1470 1309 1480 1334 ;
1503 1306 1584 1329 tutam
1605 1301 1682 1339 posui
1704 1303 1862 1331 custodiam.

1070 1347 1136 1381 Quia
1147 1347 1218 1376 enim
1230 1355 1307 1382 sepcs
1317 1348 1386 1380 solet
1398 1355 1458 1376 esse
1469 1353 1594 1384 superatu
1609 1349 1701 1382 facilis,
1715 1349 1785 1377 aliud
1799 1350 1863 1385 ipsis

1070 1393 1223 1428 praesidium
1241 1394 1428 1429 cireumposui.
1445 1393 1478 1421 Et
1491 1394 1603 1429 ριαηιαυὶ
1617 1395 1713 1425 vineam
1730 1395 1817 1423 Sarec.
1834 1395 1863 1422 ln

1070 1439 1227 1475 metaphora
1242 1439 1378 1475 persistit,
1395 1447 1454 1476 qua:
1475 1447 1529 1468 non
1543 1445 1584 1468 est
1605 1440 1638 1468 ad
1659 1440 1763 1468 literam
1777 1441 1862 1477 expli-

1070 1485 1165 1519 canda,
1179 1485 1227 1513 sed
1240 1493 1301 1515 cum
1316 1493 1428 1521 scopum
1442 1486 1586 1521 attigimus,
1602 1485 1653 1514 hoc
1665 1486 1729 1515 satis
1743 1494 1802 1515 esse
1815 1486 1863 1514 de~

1071 1531 1126 1558 bet.
1140 1531 1223 1559 Sorcc
1237 1535 1326 1559 autem
1349 1531 1394 1559 hic
1414 1531 1544 1567 significat
1554 1551 1562 1565 ,
1574 1539 1664 1560 veram
1674 1553 1682 1565 ,
1695 1539 1861 1568 generosam,

1072 1585 1125 1605 non
1137 1577 1213 1604 malis
1221 1585 1270 1605 nec
1280 1577 1412 1605 inferioris
1421 1581 1490 1605 nota:
1500 1577 1688 1613 propaginibus
1697 1577 1862 1612 instructam,

1069 1623 1118 1650 sed
1138 1623 1254 1658 probatis
1272 1627 1299 1650 et
1317 1623 1466 1658 prtecipuis.
1485 1622 1565 1651 Multa
1579 1630 1694 1658 namque
1707 1623 1801 1653 vitium
1815 1631 1864 1659 ge-

1072 1678 1134 1697 ttcra
1149 1674 1221 1697 sunt.
1245 1669 1280 1696 Et
1300 1669 1423 1704 aediﬁcavi
1444 1670 1553 1703 turrim,
1574 1674 1597 1696 et
1618 1670 1727 1697 torcular
1740 1670 1767 1698 in
1781 1670 1864 1698 medio

1071 1718 1134 1752 ejus.
1151 1715 1263 1750 Quidam
1279 1716 1372 1743 turrim
1393 1714 1600 1750 interpretantur
1617 1715 1752 1751 templum,
1769 1720 1796 1743 et
1811 1720 1865 1743 tor-

1071 1764 1146 1791 cular
1158 1764 1242 1791 altare
1255 1771 1261 1790 :
1278 1763 1338 1798 quia
1355 1762 1407 1790 illic
1423 1762 1526 1790 fructus
1541 1761 1646 1790 virtutis
1658 1764 1786 1800 cujusque
1800 1769 1864 1790 con-

1072 1809 1259 1845 grcgahantur,
1273 1816 1375 1837 necnon
1387 1808 1534 1836 oblationes
1545 1813 1572 1836 et
1585 1808 1678 1837 hostia:
1690 1816 1783 1846 omnes
1795 1818 1801 1836 :
1814 1816 1864 1844 ego

1072 1855 1245 1890 utique,quod
1259 1855 1348 1883 dicere
1360 1861 1505 1889 ceperam,
1520 1861 1591 1881 nunc
1605 1853 1684 1881 etiam
1696 1854 1792 1887 dicant,
1805 1855 1864 1881 ani-

1071 1909 1144 1929 mum
1160 1908 1256 1936 nempe
1269 1899 1432 1936 metaphora:
1443 1907 1525 1935 scopo
1538 1899 1717 1928 adhibendum
1731 1907 1800 1927 esse.
1813 1899 1864 1928 Per

1071 1948 1130 1979 inec
1142 1948 1212 1976 enim
1224 1947 1313 1976 omnia
1324 1947 1375 1975 hoc
1387 1947 1537 1982 significare
1549 1946 1606 1974 vult
1620 1955 1627 1973 :
1641 1946 1706 1979 Qute
1718 1953 1777 1974 mea
1789 1950 1864 1974 erant

1072 1995 1180 2030 implevi
1194 1995 1294 2027 omnia,
1311 2001 1417 2021 omnem
1431 1993 1539 2022 exhibui
1553 1992 1726 2028 diligentiam.
1749 1991 1806 2020 Non
1822 1996 1863 2020 at-

1069 2043 1131 2071 trivi
1148 2040 1282 2069 laboribus
1293 2061 1300 2074 ,
1316 2047 1369 2067 non
1385 2039 1451 2076 fregi
1465 2037 1607 2069 sudoribus
1617 2058 1625 2071 ,
1640 2045 1694 2066 non
1712 2038 1784 2073 ipsos
1797 2037 1863 2072 jnssi

1071 2088 1222 2121 aedificare,
1242 2093 1296 2115 non
1311 2084 1418 2118 fodere,
1441 2091 1493 2112 non
1507 2084 1638 2119 plantare,
1653 2082 1700 2110 sed
1715 2082 1862 2112 absolutum

1072 2133 1136 2169 ipsis
1151 2140 1217 2168 Opus
1231 2130 1337 2159 tradidi.
1357 2130 1448 2165 Neque
1461 2129 1512 2157 huc
1524 2128 1590 2157 desii
1605 2128 1794 2163 benignitatem
1815 2135 1864 2154 ex-

1072 2182 1179 2215 hibere,
1194 2179 1242 2208 sed
1253 2178 1404 2214 Exspectavi
1418 2182 1444 2204 ut
1460 2179 1553 2213 faceret
1566 2184 1656 2209 uuam,
1672 2180 1699 2203 ct
1712 2175 1864 2210 exspectavi

1072 2233 1177 2263 tempus
1198 2230 1375 2262 opportunum
1398 2228 1429 2251 ut
1450 2223 1563 2251 fructum
1585 2221 1683 2254 ferret,
1700 2221 1782 2248 multa
1801 2228 1865 2248 usus

1072 2272 1199 2309 patientia
1215 2278 1222 2298 :
1238 2270 1303 2299 illud
1318 2269 1388 2298 enim
1399 2288 1407 2303 ,
1418 2267 1584 2304 Exspectavi,
1600 2267 1625 2295 id
1640 2266 1780 2302 signiﬁcat.
1795 2266 1864 2293 Fecit

1072 2325 1156 2347 autem
1175 2319 1274 2354 spinus.
1295 2316 1490 2345 lniructuosam
1511 2314 1617 2342 illorum
1636 2313 1716 2340 vitam
1737 2312 1863 2346 ostendit,

1072 2373 1207 2402 asperam,
1221 2364 1325 2392 duram.
1339 2362 1395 2396 Qua
1411 2368 1475 2397 ergo
1490 2361 1568 2388 venia
1581 2359 1652 2396 digni
1665 2358 1762 2387 fuerint
1775 2359 1804 2393 ii,
1820 2359 1865 2394 qni

1072 2416 1133 2448 post
1146 2415 1246 2448 tantum
1261 2409 1383 2444 agricola:
1405 2415 1507 2440 curam,
1526 2406 1592 2434 tales
1614 2405 1714 2434 fructus
1731 2405 1780 2440 ipsi
1802 2405 1864 2433 red-

1073 2446 1158 2486 dunt?
1174 2457 1200 2484 ’5.
1212 2446 1246 2483 Et
1262 2463 1338 2488 nunc,
1352 2454 1425 2482 homo
1436 2453 1506 2480 Iuda
1520 2457 1543 2479 ct
1558 2452 1699 2479 habitantes
1711 2451 1863 2485 Jerusalem,

1068 2504 1183 2541 judicate
1196 2502 1262 2529 inter
1275 2509 1314 2527 me
1328 2505 1350 2527 et
1365 2499 1462 2529 vineam
1480 2506 1570 2525 meam.
1586 2498 1679 2533 Magna
1695 2497 1764 2533 juris
1776 2497 1864 2531 copia,

1072 2558 1134 2578 cum
1146 2549 1218 2584 ipsos
1232 2555 1292 2576 reos
1314 2546 1450 2575 constituit
1469 2544 1573 2580 jndices
1591 2544 1659 2572 inter
1677 2551 1709 2571 ea
1724 2551 1783 2578 quae
1796 2544 1863 2578 ipse,

1073 2601 1100 2624 et
1113 2596 1181 2624 inter
1192 2602 1221 2622 ea
1238 2601 1297 2629 qua:
1318 2592 1355 2620 illi
1378 2591 1506 2620 fecerunt.
1527 2589 1562 2617 Et
1582 2598 1657 2617 nunc.
1672 2589 1730 2617 Non
1745 2596 1863 2616 comme-

1073 2651 1149 2672 moro
1164 2647 1264 2675 vetera,
1279 2640 1379 2677 inquit,
1393 2640 1440 2668 sed
1455 2639 1533 2667 hodie
1549 2643 1655 2675 paratus
1668 2645 1725 2666 sum
1736 2636 1863 2672 judicium

1073 2691 1173 2720 subire.
1189 2690 1233 2718 Sic
1252 2695 1394 2723 numquam
1408 2694 1485 2715 cesso
1503 2686 1614 2724 implere
1629 2692 1699 2717 utea,
1718 2691 1765 2711 vos
1777 2686 1864 2709 vestra

1073 2745 1126 2765 non
1147 2735 1272 2770 impletis.
1293 2734 1319 2761 4.
1343 2733 1410 2767 Quid
1425 2733 1519 2768 facium
1539 2731 1649 2766 amplius
1671 2730 1748 2756 vincte
1762 2727 1865 2755 mew'?

1111 2797 1119 2812 ί
1133 2797 1192 2826 Qua1
1203 2798 1343 2826 sequuntur
1355 2798 1410 2826 post
1421 2795 1471 2826 haec
1483 2793 1567 2826 verba,
1581 2792 1643 2826 Ouid
1655 2790 1743 2824 [nciam
1751 2789 1864 2826 _amplius

1080 2823 1155 2861 uincti;
1168 2823 1331 2861 nimiusque
1349 2823 1387 2852 ad.
1403 2825 1617 2861 Quid__t'i(lariant,
1629 2823 1693 2849 bene
1708 2823 1783 2847 multa
1795 2824 1863 2846 certe

1080 2858 1252 2884 desiderantur
1269 2858 1293 2882 in
1309 2858 1367 2888 lleg.
1383 2860 1408 2882 et
1420 2858 1494 2881 Savil.
