2058 3122
201 153 234 181 59
562 152 591 181 S.
611 150 749 181 JOANNIS
767 147 1002 179 CllRYSOSTOMI
1024 145 1181 175 ARCHIEP.
1201 146 1470 176 CONSTANTINOP.
1804 148 1839 177 60

198 213 320 248 quoniam
330 203 468 248 exspectavi
481 217 508 240 ut
520 214 612 248 faceret
624 220 708 245 uvam,
723 211 783 247 fecit
794 215 877 238 autem
890 207 987 244 spinas.

201 258 334 287 Orationis
348 263 481 287 structura
496 258 603 285 videtur
613 264 674 285 esse
691 256 829 284 obscurior
844 265 851 284 :
866 255 991 290 quocirca

200 312 313 333 necesse
325 309 367 332 est
381 304 452 332 illam
465 303 649 331 dilucidiorem
663 302 816 330 reddamus.
829 301 905 335 Quod
916 300 990 335 dicit,

199 350 251 377 hoc
269 350 319 378 sibi
334 349 390 378 vult
405 358 413 377 :
427 348 496 383 Quid
516 348 656 384 oportebat
677 348 773 381 facere,
796 351 825 376 et
843 354 897 374 non
918 345 992 374 feci?

198 395 329 424 Nimirum
340 416 347 428 ,
363 399 392 422 ut
406 395 468 423 talia
489 399 596 430 peccata
611 394 793 422 admitterent.
815 392 884 427 Quid
901 397 991 420 autem

199 441 317 476 obiicere
332 441 464 476 possunt?
478 449 513 469 an
527 441 597 476 quod
613 439 771 476 quibusdam
792 438 990 474 praetermissis,

198 487 248 522 ipsi
262 487 303 515 sic
316 487 498 522 deliquerint?
514 487 582 520 Quid
597 486 689 522 faciam
704 486 772 512 ultra
783 485 863 512 vinea!
876 492 954 527 mete,
968 489 991 511 et

199 542 248 561 non
270 533 318 569 feci
332 532 405 569 ipsi?
427 532 491 566 Quae
510 532 576 566 feci,
597 531 683 567 inquit
694 552 702 564 ,
726 531 784 559 haec
798 535 860 558 sunt
875 540 882 558 :
899 537 990 558 verum

195 579 251 614 jam
267 579 343 607 factis
360 587 412 607 non
426 583 568 607 contentus
584 586 654 612 sum,
675 585 762 614 neque
781 578 842 606 dico
852 585 896 605 me
909 578 991 604 multa

197 625 326 653 beneﬁcia
349 625 496 653 contulisse
517 634 525 653 :
548 624 595 653 sed
614 626 636 653 si
659 632 712 652 non
734 625 822 653 omnia
843 624 910 657 fcci,
931 627 992 659 post

198 679 257 706 qure
278 671 344 698 nihil
363 670 513 699 faciendum
536 671 754 706 relinquebatur,
771 670 798 698 id
817 677 882 705 rogo
897 670 992 698 dicatis

198 717 280 750 mihi,
300 725 349 745 vos
370 718 416 752 qui
435 717 493 745 haec
513 718 689 753 consequuti,
709 722 735 746 et
757 721 892 752 gestorum
908 721 991 744 testes

198 764 273 797 estis,
295 772 328 792 ex
348 764 511 799 experientia
533 765 590 791 haec
608 763 750 798 didicistis,
771 771 824 791 non
844 763 945 792 alienos
965 767 992 790 ct

199 810 354 845 peregrinos
365 810 510 845 interrogo.
525 811 552 838 5.
567 810 641 837 Nunc
653 815 735 837 autem
746 809 900 837 annuntiabo
913 809 990 842 vobis,

198 855 260 890 quid
278 855 371 892 faciam
394 857 471 883 vinea:
491 864 563 883 meaz.
586 855 653 889 Quia
675 855 814 883 victoriam
835 855 990 891 reportavit,

199 901 385 937 ingratumque
397 901 503 929 illorum
517 902 634 929 animum
648 901 849 935 demonstravit,
868 905 931 928 tunc
944 900 991 928 de-

198 954 271 974 mum
284 947 386 982 profert
404 947 575 987 sententiam,
596 951 623 974 et
643 955 702 982 quas
722 947 840 975 facturus
860 947 896 974 sit
915 946 989 980 dicit,

199 1000 254 1020 non
266 998 294 1020 ut
307 993 479 1028 condemnet,
494 993 541 1022 sed
552 998 581 1021 ut
592 1001 625 1021 cx
642 997 715 1022 metu
727 1001 775 1029 per
784 994 871 1022 minas
884 994 993 1022 incusso

199 1037 393 1066 moderatiores
414 1039 518 1066 reddat.
539 1039 661 1074 Auferam
681 1047 766 1075 sepem
781 1040 845 1075 ejus,
866 1044 890 1067 et
907 1040 954 1067 erit
966 1040 993 1067 in

199 1083 364 1118 direptionem
379 1093 389 1112 :
402 1089 426 1111 et
443 1084 570 1112 destruam
584 1093 686 1112 murum
700 1086 769 1120 ejus,
785 1090 810 1113 et
823 1086 871 1113 erit
891 1086 918 1114 in
930 1094 993 1113 con-

198 1130 375 1157 culcationem.

236 1175 263 1202 ὅ.
285 1174 422 1209 Auferam,
440 1175 534 1211 inquit,
551 1177 677 1204 auxilium
688 1184 789 1211 meum,
803 1177 928 1213 praesidio
941 1186 992 1205 nu-

198 1221 279 1255 dabo,
293 1221 336 1249 tali
354 1222 519 1257 providentia
535 1230 630 1250 vacuos
641 1223 762 1257 reddam,
778 1228 805 1251 et
819 1223 993 1252 adversorum

198 1268 364 1304 experientia
376 1268 471 1302 scient,
483 1270 589 1305 quantis
599 1274 661 1298 ante
670 1270 747 1298 bonis
758 1270 919 1303 fruerentur,
932 1278 990 1299 cum

197 1314 298 1342 fuerint
316 1314 440 1342 omnibus
449 1315 482 1342 ad
493 1315 668 1351 direptionem
681 1316 804 1352 expositi.
818 1317 845 1345 6.
858 1317 891 1344 Et
907 1318 994 1345 dimi!-

196 1365 250 1387 'tam
270 1360 368 1387 vineam
387 1369 485 1394 meam,
502 1365 525 1388 et
545 1370 595 1389 non
616 1362 760 1396 putabitur,
779 1371 858 1400 neque
871 1364 991 1397 fodietur.

199 1405 302 1434 Rursus
321 1406 400 1440 dico,
421 1415 482 1434 eum
500 1407 656 1443 metaphora
671 1408 719 1436 uti.
743 1409 770 1437 Si
790 1410 850 1445 quis
863 1415 950 1439 tamen
967 1412 992 1439 id

198 1451 348 1479 accuratius
363 1452 503 1487 explorare
525 1453 656 1488 voluerit,
680 1454 714 1482 de
730 1454 860 1483 doctrina:
874 1461 901 1484 et
916 1465 994 1484 man-

198 1496 321 1525 datorum
336 1498 516 1527 sollicitudine
531 1499 656 1534 loquitur.
672 1500 729 1528 Non
744 1502 814 1529 enim
831 1502 925 1530 iisdem
940 1502 993 1530 fru-

197 1548 277 1570 entur
301 1544 397 1579 quibus
418 1549 509 1578 antea,
535 1553 588 1573 non
611 1546 737 1575 doctores
761 1547 912 1582 habebunt,
938 1557 992 1577 non

198 1589 343 1625 principes,
361 1597 421 1630 non_
430 1590 574 1626 prophetas
587 1592 654 1620 sicut
668 1593 744 1628 olim,
760 1594 806 1629 qui
821 1595 893 1630 ipsos
907 1595 992 1623 corri-

198 1639 279 1670 gant,
305 1636 349 1671 qui
372 1628 491 1672 ipsbrum
512 1645 604 1666 ettram
626 1644 730 1674 gerant.
757 1628 839 1668 Sicut
852 1641 923 1668 enim
947 1642 991 1677 qui

194 1681 289 1709 vineas
304 1682 405 1717 colunt,
423 1683 537 1718 fodiunt,
552 1690 656 1719 putant,
671 1686 709 1714 sic
723 1687 768 1722 qui
781 1687 883 1716 animas
896 1695 990 1716 emen-

198 1726 273 1760 dant,
284 1728 490 1761 comminantur,
502 1735 647 1763 exterrent,
657 1731 764 1765 docent,
776 1733 988 1768 reprehendunt:

197 1780 290 1801 verum
306 1774 338 1801 iis
352 1774 472 1802 destituti
485 1781 581 1810 erunt,
600 1777 702 1812 inquit,
717 1778 743 1805 in
755 1779 869 1807 alienam
884 1780 992 1809 abducti

195 1823 308 1847 terram.
332 1820 364 1847 Et
379 1822 495 1849 ascendet
510 1831 555 1857 per
572 1832 643 1856 eam,
657 1825 730 1859 quasi
745 1833 791 1860 per
809 1827 930 1854 incultam
943 1833 993 1855 ter-

197 1874 269 1900 ram,
285 1866 359 1901 spina
373 1874 383 1894 :
396 1872 421 1895 et
440 1867 546 1895 nubibus
565 1869 707 1904 mandabo,
731 1879 762 1898 ne
779 1872 870 1908 pluant
890 1873 917 1900 in
936 1882 992 1901 eam

198 1911 312 1939 imbrem.
327 1913 380 1940 Aut
394 1913 586 1942 desolationem
601 1915 673 1944 urbis
689 1922 835 1951 memorat,
851 1924 896 1946 aut
911 1919 992 1947 deso-

197 1957 326 1986 lationem
351 1967 442 1987 eorum
467 1965 494 1988 et
516 1962 724 1999 uniuscujusque
754 1964 850 1993 anima:
874 1973 988 2001 eorum;

197 2005 284 2033 nubes
297 2011 385 2034 autem
396 2007 441 2035 hic
453 2008 559 2043 quidam
571 2008 663 2037 dicunt
676 2018 736 2038 esse
749 2012 902 2047 prophetas,
914 2013 992 2049 quip—

196 2058 232 2086 pe
246 2052 290 2086 qui
306 2051 423 2087 pluviam
437 2052 553 2088 desuper
573 2054 741 2090 acciperent,
758 2061 785 2084 et
800 2057 850 2085 sibi
872 2058 940 2086 dicta
956 2059 990 2087 ad

199 2098 328 2132 populum
342 2099 566 2128 transmitterent.
580 2100 680 2129 Verum
702 2110 736 2130 ne
756 2103 782 2130 hi
803 2104 911 2139 quidem
931 2113 990 2141 quae

198 2149 393 2173 consueverant
414 2145 521 2174 facient.
543 2147 655 2176 Etiamsi
677 2150 747 2177 enim
771 2158 839 2178 unus
860 2151 902 2179 vel
924 2152 991 2180 alter

199 2190 329 2225 propheta
342 2199 402 2218 cum
415 2192 479 2227 ipsis
487 2194 685 2229 commigrarat,
697 2195 886 2230 prophetarum
900 2201 989 2226 tamen

200 2237 274 2265 turba
291 2242 353 2265 tunc
367 2238 472 2266 silebat.
487 2239 513 2266 7.
531 2239 609 2266 Vinea
621 2241 688 2268 enim
701 2241 805 2270 Domini
818 2243 930 2271 Sabaoth
944 2245 991 2272 do—

197 2290 253 2309 mus
266 2281 350 2310 Israel
362 2288 408 2316 est,
425 2288 448 2311 et
462 2284 537 2311 homo
551 2285 621 2312 Juda
632 2287 732 2314 novella
744 2287 869 2323 plantalio
884 2290 989 2318 dilecta.

203 2327 348 2363 Exspcctavi
358 2349 366 2361 ,
382 2334 409 2356 ut
422 2330 516 2364 faceret
531 2331 675 2366 judicium,
697 2334 756 2368 fecit
775 2340 859 2362 autem
872 2336 990 2372 iniquita-

197 2378 257 2406 tem,
271 2380 294 2402 et
311 2384 362 2403 non
369 2377 513 2412 justitiam,
534 2379 579 2406 sed
599 2379 744 2408 clamorem.
761 2381 890 2415 Quoniam
906 2385 989 2412 multa

198 2420 335 2449 nominum
349 2423 505 2458 metaphora
520 2432 584 2454 usus
597 2430 648 2460 est,
664 2427 768 2455 vineam
778 2448 786 2461 ,
807 2430 916 2463 turrim,
933 2435 990 2459 tor-

195 2465 282 2499 cular,
303 2474 393 2502 sepem
403 2489 410 2501 ,
426 2468 568 2498 fossionem
579 2491 586 2504 ,
602 2475 629 2498 et
644 2473 806 2506 putationem
820 2475 905 2503 vineae
917 2483 991 2504 com-

196 2519 366 2546 memorans;
382 2521 417 2542 ne
438 2515 496 2550 quis
518 2516 698 2551 insipientium
719 2519 752 2547 de
766 2520 841 2548 vinea
866 2522 924 2550 haec
938 2523 989 2551 dici

196 2562 318 2592 putaret,
334 2559 384 2588 sub
400 2559 478 2588 ﬁnem
494 2567 604 2597 repente
625 2567 707 2592 totum
728 2565 917 2601 interpretatus
937 2573 988 2597 est.

200 2602 280 2631 Vmea
297 2605 364 2632 enim
385 2604 491 2634 Domini
511 2607 624 2636 Sabaoth
646 2611 735 2638 domus
756 2611 841 2640 Israel
861 2619 907 2641 est.
930 2615 988 2643 Non

196 2651 267 2678 enim
280 2651 314 2679 de
328 2652 426 2687 plantis
439 2654 504 2682 mihi
524 2662 614 2683 sermo
626 2662 677 2691 est,
695 2666 780 2693 neque
793 2659 827 2687 de
841 2665 934 2689 natura
949 2662 986 2689 in-

195 2697 312 2726 animata
326 2698 376 2735 (a),
389 2707 476 2736 neque
488 2700 521 2728 de
536 2701 667 2737 lapidibus
679 2708 704 2731 et
719 2705 821 2739 muris;
837 2707 883 2734 sed
896 2706 929 2735 de
941 2715 990 2743 po-

199 2857 221 2868 Β*
226 2827 311 2868 gnua
317 2832 412 2868 graeco.
423 2836 463 2862 1:th
473 2837 625 2868 sapasim;
636 2832 673 2858 Ad
684 2832 779 2858 literam
800 2838 846 2868 est,
868 2835 898 2861 de
909 2836 990 2863 anima

195 2860 336 2895 inanimato,
348 2860 514 2916 qualem
525 2860 588 2888 dicit?
599 2863 782 2898 Chrysostomus
795 2860 898 2893 animam
911 2860 989 2901 iege";

197 2887 287 2914 tantem
301 2896 323 2915 In
336 2897 352 2917 D
362 2895 436 2917 antis.
974 2909 991 2912 λ-

1047 207 1109 242 pulo
1123 211 1225 236 nostro.
1251 207 1312 236 Ideo
1331 208 1486 243 subjunxit,
1506 207 1540 235 Et
1559 208 1634 236 homo
1651 207 1723 236 Iuda
1740 207 1838 235 novella

1046 254 1170 288 plantatio
1191 254 1283 282 dilecta
1297 263 1308 282 :
1328 255 1389 290 quia
1408 255 1510 283 scilicet
1532 255 1599 283 .luda
1623 255 1683 290 plus
1706 253 1842 282 obtineret

1045 308 1123 336 quam
1147 306 1251 329 cmterae
1274 301 1360 329 tribus
1380 311 1387 329 :
1409 306 1521 338 eratque
1543 302 1597 329 illic
1620 309 1636 330 e
1650 302 1738 330 vicino
1757 301 1838 330 situm

1045 346 1173 381 templum
1183 367 1190 380 ,
1205 352 1232 374 et
1246 347 1366 383 reliquus
1383 348 1470 375 cultus
1489 357 1495 375 :
1508 352 1589 383 atque
1603 347 1648 375 illa
1663 347 1746 383 magis
1758 355 1837 383 quam

1044 396 1149 418 caetera:
1159 399 1252 420 omnes
1263 391 1384 426 florebat,
1395 392 1429 420 ad
1440 392 1592 428 regiamque
1602 392 1686 428 magis
1696 393 1837 425 accedens,

1044 437 1180 471 potentior
1192 442 1257 465 erat.
1270 438 1399 466 Dilectum
1411 443 1500 466 autem
1510 439 1586 472 dixit,
1601 446 1692 466 rursus
1707 439 1766 466 illos
1779 446 1838 473 per<

1044 481 1189 518 stringens.
1204 483 1274 518 quod
1291 484 1358 511 tales
1369 491 1432 520 erga
1444 492 1474 512 se
1486 484 1562 512 valde
1576 487 1709 512 amantem
1721 492 1780 512 sese
1792 492 1838 511 ex—

1044 527 1202 556 hibuissent.
1218 529 1255 557 Ea
1270 531 1367 566 quippe
1379 531 1422 558 lex
1435 535 1477 558 est
1490 531 1665 566 diligentium,
1677 538 1711 558 ne
1723 530 1749 558 in
1764 530 1839 559 obla-

1045 575 1080 603 tis
1095 575 1201 610 quidem
1221 577 1452 613 criminptionibus
1474 586 1598 613 magnum
1620 585 1696 605 suum
1719 585 1837 606 amorem

1045 621 1189 649 occultare.
1204 622 1271 650 Hinc
1285 623 1354 651 aliud
1370 624 1505 659 quidpiam
1521 631 1572 651 non
1588 623 1767 659 spernendum
1781 624 1838 652 edi—

1045 667 1155 694 scimus.
1167 667 1251 702 Quale
1264 668 1350 696 illud?
1362 669 1464 704 Nempe
1473 670 1579 705 quando
1589 675 1616 697 et
1626 678 1684 705 quae
1694 670 1838 705 Scriptura:

1045 713 1105 741 loca
1129 714 1273 750 allegorice
1296 715 1466 751 interpretari
1490 721 1631 752 oporteat:
1649 724 1734 752 neque
1756 725 1838 752 penes

1044 764 1163 788 nostram
1178 768 1238 789 esse
1259 758 1412 790 facultatem
1427 762 1474 790 has
1489 762 1561 798 leges
1581 770 1630 797 pro
1651 762 1733 791 lubito
1752 764 1838 798 expli-

1045 813 1125 840 care,
1143 806 1191 834 sed
1206 806 1290 842 ipsam
1310 807 1453 842 Scriptura:
1474 812 1590 835 mentem
1613 808 1686 843 sequi
1702 814 1836 844 oportere,

1046 851 1136 886 sicque
1149 851 1275 888 allegoria
1291 853 1338 880 uti.
1359 853 1437 887 Quod
1450 858 1539 881 autem
1551 853 1622 887 dico,
1637 854 1675 881 sic
1688 853 1837 889 intelligen-

1045 897 1118 925 dum.
1133 898 1269 934 Scriptura
1283 907 1354 927 nunc
1365 900 1469 928 vineam
1485 900 1562 933 dixit,
1584 907 1686 935 sepem,
1703 901 1836 928 torcular:

1046 951 1096 971 nec
1110 952 1191 979 penes
1205 945 1354 973 auditorem
1369 946 1493 981 reliquit.
1508 950 1536 973 nt
1550 953 1598 981 pro
1613 946 1695 973 lubito
1709 946 1765 973 haec
1778 947 1838 981 qui-

1045 988 1158 1017 busdam
1170 989 1251 1018 rebus
1265 994 1311 1018 aut
1325 992 1446 1027 personis
1458 995 1580 1026 aptaret;
1602 991 1648 1019 sed
1663 992 1688 1018 in
1702 992 1838 1027 sequenti-

1045 1034 1096 1062 bus
1109 1043 1169 1063 sese
1183 1036 1356 1072 interpretata
1370 1042 1412 1065 est
1431 1038 1523 1065 dicens
1536 1046 1543 1066 ε
1559 1037 1638 1065 Vinea
1652 1039 1717 1065 enim
1734 1037 1838 1065 Domini

1046 1081 1162 1109 Sabaoth
1183 1082 1274 1110 domus
1295 1082 1380 1112 Israel
1403 1090 1438 1111 est
1461 1084 1572 1120 (Ezech.
1586 1085 1628 1112 l7.
1646 1084 1692 1120 5).
1713 1084 1838 1112 Ezechiel

1045 1135 1111 1155 vero
1133 1135 1259 1163 rursum,
1284 1137 1344 1157 cum
1366 1130 1481 1165 aquilam
1505 1134 1627 1166 magnam
1643 1135 1670 1158 et
1683 1137 1837 1166 magnarum

1047 1173 1149 1202 alarum
1161 1175 1354 1210 ingredientem
1368 1176 1394 1204 in
1408 1176 1549 1211 Libanum,
1561 1182 1588 1204 et
1597 1177 1754 1205 avellentem
1767 1184 1839 1204 sum-

1048 1227 1120 1247 mum
1134 1221 1261 1248 verticem
1274 1221 1347 1249 cedri
1366 1226 1573 1256 commemorat,
1590 1230 1642 1249 non
1656 1222 1780 1258 relinquit
1794 1230 1838 1257 pe-

1047 1271 1094 1291 nes
1107 1265 1249 1293 arbitrium
1268 1266 1419 1294 auditorum
1435 1267 1512 1303 hujus
1531 1267 1664 1303 allegoriae
1678 1268 1838 1303 interpreta-

1047 1310 1147 1338 tionem
1159 1319 1166 1344 ;
1182 1311 1229 1339 sed
1243 1311 1360 1346 explicat
1374 1312 1427 1346 ille,
1443 1320 1521 1348 quam
1535 1313 1650 1348 aquilam
1662 1313 1746 1347 dicat,
1759 1322 1840 1348 quam

1045 1354 1167 1382 cedrum.
1189 1355 1224 1383 Et
1247 1356 1290 1384 hic
1304 1364 1408 1385 rursum
1424 1358 1450 1384 in
1466 1359 1654 1393 sequentibus,
1671 1359 1714 1386 ubi
1730 1359 1839 1386 ﬂuvium

1047 1401 1188 1435 quemdam
1205 1401 1350 1430 violentum
1374 1403 1474 1431 inducit
1496 1404 1522 1431 in
1545 1403 1675 1438 Juda‘am,
1698 1412 1733 1432 ne
1747 1405 1840 1432 liceret

1046 1446 1158 1474 auditori
1171 1447 1255 1474 cuivis
1267 1455 1389 1483 personae
1403 1456 1452 1483 pro
1465 1448 1575 1476 arbitrio
1589 1449 1645 1477 haec
1658 1454 1762 1485 aptare,
1772 1450 1840 1477 dixit

1045 1499 1136 1527 regem
1151 1500 1211 1520 esse
1224 1501 1286 1521 eum
1297 1515 1304 1527 ,
1320 1502 1398 1529 quem
1413 1494 1520 1522 [luvium
1535 1496 1699 1524 nominasset
1713 1495 1794 1533 (Isai.
1809 1497 1838 1525 8.

1046 1538 1062 1565 7
1075 1539 1095 1573 ).
1108 1537 1170 1565 Haec
1183 1546 1248 1566 vero
1260 1539 1302 1567 lex
1316 1540 1415 1574 ubique
1429 1541 1547 1568 locorum
1561 1542 1586 1568 in
1598 1542 1736 1577 Scriptura
1749 1550 1839 1570 serva-

1046 1587 1099 1617 tur,
1116 1589 1146 1611 ut
1158 1591 1219 1611 cum
1232 1585 1374 1620 allegorice
1388 1586 1515 1622 loquitur,
1529 1587 1664 1622 allegoriae
1679 1588 1840 1624 interpreta-

1047 1629 1147 1656 tionem
1167 1629 1280 1663 all'erat,
1300 1635 1330 1658 ut
1351 1639 1385 1659 ne
1408 1639 1500 1660 eorum
1520 1633 1565 1668 qui
1584 1633 1724 1668 allegorias
1750 1639 1840 1662 amant

1045 1675 1158 1709 cupidus
1173 1675 1278 1703 animus
1294 1681 1394 1705 temere
1408 1682 1434 1705 et
1455 1678 1563 1707 fortuito
1583 1683 1655 1707 erret
1669 1684 1697 1707 et
1708 1688 1839 1716 quocum-

1046 1728 1098 1756 que
1110 1721 1221 1749 feratur.
1239 1722 1273 1749 Et
1287 1723 1349 1757 quid
1364 1724 1478 1757 miraris,
1495 1725 1517 1752 si
1534 1725 1558 1752 id
1574 1726 1711 1760 prophetae
1723 1726 1840 1754 faciant?

1046 1766 1253 1795 Proverbiorum
1275 1774 1349 1797 certe
1371 1774 1464 1798 auctor
1487 1771 1512 1798 id
1533 1771 1667 1800 observat.
1683 1773 1748 1800 Cum
1768 1774 1839 1801 enim

1045 1813 1158 1841 dixisset
1173 1823 1179 1841 :
1194 1814 1287 1843 Cervus
1300 1817 1432 1850 amicitia,
1449 1822 1472 1844 et
1487 1817 1572 1853 pullus
1585 1818 1725 1854 gratiarum
1739 1824 1839 1846 tuarum

1045 1865 1203 1888 conversetur
1216 1866 1298 1889 tecum
1312 1868 1356 1890 :et
1379 1864 1436 1899 [ous
1449 1872 1523 1899 aqua
1542 1870 1592 1892 tua:
1611 1865 1656 1892 tibi
1677 1865 1726 1893 soli
1745 1866 1779 1893 sit
1798 1866 1839 1901 (a)

1045 1907 1136 1942 (Prov.
1144 1907 1235 1943 5.19):
1246 1909 1435 1944 interpretatus
1445 1915 1496 1944 est,
1504 1918 1552 1938 cur
1560 1911 1617 1938 haec
1624 1911 1735 1943 diceret.
1743 1919 1840 1946 nempe

1046 1955 1080 1983 de
1095 1963 1178 1983 uxore
1198 1955 1314 1991 legitima
1334 1961 1360 1984 et
1373 1957 1467 1990 libera,
1484 1964 1513 1985 ut
1527 1962 1658 1986 averteret
1673 1965 1687 1985 a
1699 1959 1840 1986 meretrice

1044 2006 1071 2029 et
1084 2002 1180 2030 aliena.
1203 2002 1264 2030 Pari
1278 2003 1358 2030 modo
1377 2002 1420 2030 hic
1439 2003 1582 2038 explicavit
1605 2003 1656 2031 hoc
1676 2004 1746 2037 loco,
1760 2012 1839 2040 quam

1044 2047 1146 2077 diceret
1168 2057 1229 2078 esse
1248 2049 1364 2077 vineam.
1393 2049 1495 2077 Deinde
1516 2057 1576 2077 cum
1605 2058 1699 2078 eorum
1727 2051 1840 2078 crimina

1044 2095 1219 2129 enuntiasset,
1241 2095 1426 2130 suppliciaque
1438 2095 1558 2129 dixisset,
1578 2103 1671 2123 rursus
1683 2096 1709 2124 in
1725 2096 1778 2124 line
1790 2097 1839 2125 de-

1044 2139 1192 2168 fensionem
1209 2145 1286 2176 parat
1305 2140 1397 2169 dicens
1412 2150 1419 2168 :
1434 2141 1584 2178 Exspectaui
1596 2163 1603 2176 ,
1618 2147 1644 2169 ut
1659 2143 1753 2177 faceret
1764 2144 1838 2178 judi-

1044 2185 1112 2212 cium
1124 2207 1131 2219 ,
1155 2186 1213 2221 fecit
1235 2190 1319 2213 autem
1340 2187 1498 2223 iniquitatem
1509 2208 1516 2219 ,
1534 2192 1557 2214 et
1571 2196 1620 2214 non
1630 2188 1758 2223 justitiam
1769 2209 1776 2222 ,
1796 2189 1840 2216 sed

1043 2232 1190 2259 clamorem.
1205 2232 1281 2260 Juste
1295 2253 1303 2266 ,
1319 2231 1424 2267 inquit,
1439 2240 1544 2268 pcenam
1567 2233 1654 2269 exigo.
1679 2233 1839 2270 Exspectavi

1044 2277 1126 2311 enim,
1143 2277 1178 2305 Ut
1189 2278 1281 2313 faceret
1289 2278 1428 2314 judicium,
1445 2278 1470 2306 id
1485 2283 1535 2312 est,
1547 2279 1696 2314 justitiam;
1715 2280 1765 2315 ipsi
1776 2288 1841 2308 vero

1042 2323 1178 2351 contraria
1202 2324 1400 2358 exhibuerunt,
1425 2324 1610 2359 iniquitatem,
1634 2324 1789 2360 injustitiam
1812 2332 1840 2354 et

1043 2369 1199 2397 clamorem.
1222 2369 1373 2398 Clamorem
1395 2370 1439 2398 hic
1458 2375 1535 2399 vocat
1553 2371 1707 2407 acquirendi
1736 2373 1839 2408 cupidi-

1044 2418 1138 2447 talem,
1160 2414 1286 2450 injustum
1308 2415 1436 2449 furorem,
1458 2417 1666 2445 irrationabilem
1689 2418 1766 2452 iram,
1787 2427 1838 2454 pu-

1043 2468 1119 2495 gnas,
1134 2461 1329 2490 contentiones.
1352 2462 1378 2490 8.
1398 2462 1441 2490 Va:
1458 2464 1499 2497 qui
1518 2465 1676 2500 coniungunt
1691 2465 1793 2492 domum
1804 2465 1840 2492 ad

1043 2507 1164 2540 domum,
1177 2517 1267 2544 agrum
1280 2509 1314 2535 ad
1334 2517 1424 2545 agrum
1439 2514 1564 2546 aptantes,
1585 2516 1612 2537 ut
1631 2519 1647 2538 α
1664 2512 1779 2547 proximo
1792 2520 1840 2538 au-

1043 2554 1127 2589 ferant
1142 2554 1248 2589 aliquid.
1265 2554 1331 2582 Cum
1343 2555 1455 2582 dixisset
1469 2555 1555 2590 ipsum
1568 2556 1713 2584 clamorem
1730 2556 1835 2589 fecisse.

1043 2599 1070 2626 id
1088 2603 1129 2626 est
1150 2599 1307 2634 acquirendi
1328 2599 1517 2634 cupiditatem,
1539 2605 1566 2628 et
1586 2601 1711 2636 rapinas,
1732 2601 1839 2636 subiicit

1044 2645 1190 2680 iniquitatis
1203 2645 1321 2680 speciem
1336 2645 1418 2673 multa
1432 2646 1537 2681 plenam
1549 2647 1686 2682 nequitia;
1702 2654 1735 2674 ac
1746 2655 1839 2675 rursus

1042 2698 1057 2718 a
1074 2690 1198 2719 lamentis
1217 2691 1321 2718 initium
1341 2691 1423 2724 ducit,
1441 2691 1649 2727 magnitudinem
1666 2697 1837 2727 peccatorum

1042 2735 1186 2763 ostendens
1201 2753 1210 2769 ,
1230 2743 1329 2772 eosque
1351 2737 1487 2765 insinuans
1507 2737 1552 2772 qui
1574 2737 1714 2765 incurabili
1741 2738 1837 2766 morbo

1043 2781 1210 2810 laborabant.

1075 2838 1112 2869 (a)
1129 2842 1184 2862 Haec
1194 2845 1241 2863 non
1263 2839 1296 2863 ita
1314 2838 1431 2894 leguntur
1452 2840 1477 2864 in
1493 2839 1556 2865 libro
1566 2841 1747 2865 Proverbiorum
1760 2841 1784 2866 5.
1799 2841 1837 2867 l9.

1058 2869 1079 2894 ic
1090 2873 1172 2894 autem
1182 2876 1248 2894 smne
1255 2869 1320 2894 solet
1326 2869 1344 2894 C
1362 2870 1569 2894 rvsostomusloca
1577 2871 1704 2894 Scriptum
1711 2872 1758 2894 alio
1765 2879 1836 2894 (mam

1042 2869 1079 2906 sic
1090 2873 1172 2906 autem
1182 2869 1320 2906 smpesolet
1326 2869 1569 2906 Chrysostomusloca
1577 2871 1704 2906 scriptura:
1711 2872 1758 2906 alio
1765 2879 1836 2903 quam

1041 2900 1138 2931 jaceant
1149 2900 1220 2926 modo
1231 2901 1330 2933 aﬂ'et‘t'e,
1339 2900 1397 2933 quia
1407 2907 1498 2934 nempe
1509 2900 1650 2928 memoriter
1662 2900 1790 2929 atl‘erebai.
