2068 3130
197 129 231 157 59
892 137 926 171 IN
944 143 1069 178 ISAIAM,
1086 146 1163 175 CAP.
1184 148 1217 177 V.

197 189 271 216 δοκεῖ
296 191 473 231 ἀσαφεστέρα
502 194 589 225 εἴναι’
620 199 714 234 διόπερ
748 199 833 235 αὐτὴν
864 201 1033 237 σαφεστέραν

198 237 304 274 ἀνάγκη
317 241 442 276 ποιῆσαι.
461 244 494 270 Ὃ
507 245 560 280 γὰρ
571 245 653 280 λέγει,
669 246 748 274 τοῦτό
763 248 836 274 ἐστι·
845 248 878 275 Τί
892 249 945 275 ἔδει
957 249 1032 285 ποιῆ-

199 293 254 317 σαι,
268 288 314 314 καί
327 289 378 315 οὐκ
389 290 522 328 ἐποίησα;
537 294 631 329 Δῆλον,
640 295 680 322 ὅτι
689 289 941 333 τοιαῦτέήμαρτον.
958 297 990 323 Τί
1003 297 1032 324 δὲ

198 334 305 369 ἔχοντες
318 338 472 373 αἰτιᾶσθαι;
483 341 499 376 ἢ
513 341 551 374 ὥς
560 351 640 370 τινων
651 344 910 380 παραλελειμμένων
919 345 1032 373 τοιαῦτα

197 384 245 411 καὶ
260 385 476 425 ἐπλημμέλησαν
488 399 495 424 ;
515 391 547 417 Τί
557 391 673 426 ποιήσω
685 392 729 419 ἐτι
744 391 784 426 τῷ
798 393 952 428 ἀμπελῶνί
959 401 1031 428 μου,

197 433 246 459 καὶ
258 435 313 462 οὐκ
325 436 456 472 ἐποίησα
468 439 568 473 αὺτῷ;
586 441 621 467 Ἃ
636 441 685 476 μὲν
699 442 830 477 ἐποίησα,
847 441 934 468 ταῦτά
954 442 1030 474 ἐστι,

196 482 264 517 φησί
272 492 279 498 ·
307 483 378 520 πλὴν
406 486 456 513 οὐκ
489 487 628 523 ἀρκοῦμαι
651 488 707 520 τοῖς
731 489 941 524 γεγενημένοις,
970 488 1031 516 οὐδὲ

194 529 275 565 λέγω,
288 532 328 559 ὅτι
338 533 424 561 πολλὰ
438 535 610 571 εὐηργέτησα
619 544 625 551 ·
637 535 695 563 ἀλλ’
709 537 732 563 εί
746 536 783 572 μὴ
800 537 890 564 πάντα
904 536 1029 572 ἐποίησα,

195 579 257 613 μεθ’
267 580 285 608 ἃ
298 582 410 617 ποιῆσαι
422 582 513 611 λοιπὸν
527 584 604 612 οὐδὲν
617 582 662 621 ἦν,
677 585 756 612 τοῦτο
766 586 837 621 ὑμᾶς
853 585 939 613 εἰπεῖν
950 586 1031 612 ἀπαι-

193 628 244 662 τῶ,
260 629 332 664 ὑμᾶς
346 632 409 663 τοὺς
424 632 651 667 ἀπολελαυκότας,
663 634 710 661 καὶ
727 633 868 670 μάρτυρας
882 634 937 661 τῶν
952 643 1031 670 γεγε-

193 681 325 716 νημένων-
334 682 423 716 ὄντας,
438 684 485 710 καὶ
503 685 536 719 τῇ
555 685 637 720 πείρᾳ
653 684 739 712 ταῦτα
758 685 902 720 μαθόντας,
917 685 967 712 οὐκ
981 685 1029 711 άλ-

193 733 314 767 λοτρίους
328 734 403 766 τινὰς
417 734 463 761 καὶ
478 733 579 767 ξένους.
595 733 662 761 Νῦν
670 732 727 761 οὖν
739 733 895 769 ἄναγε-γελῶ
906 733 987 768 ὑμῖν,
1000 734 1030 760 τί

192 782 309 817 ποιήσω
321 781 360 815 τῷ
383 782 536 817 ἀμπελῶνι
545 792 615 818 μου.
636 783 746 818 Ἐπειδὴ
761 782 810 818 τὴν
830 783 908 819 νίκην
924 783 1007 820 ἤρατο
1019 802 1027 815 ,

193 833 240 858 καὶ
251 831 300 868 τὴν
320 832 515 868 ἀγνωμοσύνην
538 832 621 866 ἔδειξε
643 831 692 868 τὴν
707 832 836 865 ἐκείνων,
856 831 917 859 τότε
937 831 1028 858 λοιπὸν

191 881 283 915 ἐνάγει
292 887 304 901 ι
322 881 370 908 καὶ
381 880 428 916 τὴν
442 880 542 917 ψῆφον,
557 881 602 908 καὶ
617 880 691 915 λέγει
703 880 789 908 ταῦτα
801 881 819 908 ἀ
831 880 920 916 μέλλει
931 881 1026 913 ποιεῖν,

191 929 240 963 οὐχ
261 929 304 956 ἵνα
319 929 499 965 καταδικάσῃ,
524 929 581 956 ἀλλ’
609 929 652 956 ῐνα
674 929 713 965 τῷ
741 929 815 964 φόϐῳ
839 929 889 964 τῆς
913 929 1028 965 ἀπειλῆς

191 976 407 1013 ἐπιεικεστέρους
428 979 540 1014 ποιήσῃ.
568 977 681 1012 Ἀφελῶ
698 977 752 1005 τὸν
772 977 908 1013 φραγμὸν
922 976 1026 1009 αὑτοῦ,

191 1027 241 1053 καὶ
262 1027 349 1054 ἔσται
369 1028 412 1061 εἰς
431 1027 598 1063 διαρπαγήν
611 1036 617 1042 ”
633 1027 683 1054 καὶ
705 1027 822 1055 καθελῶ
848 1027 902 1054 τὸν
925 1027 1028 1062 τοῖχον

189 1075 292 1108 αὐτοῦ,
310 1076 359 1103 καὶ
377 1076 464 1103 ἔσται
478 1078 522 1110 εὶς
531 1076 736 1111 καταπάτημα.

225 1127 258 1158 γ’.
267 1123 437 1160 Ἀποστήσω,
445 1133 480 1160 φη
485 1123 521 1157 at,
527 1124 576 1161 τὴν
584 1125 652 1160 ἐμὴν
660 1124 827 1160 συμμαχίαν,
836 1133 870 1159 γυ
873 1124 971 1160 μνώσω
977 1123 1026 1159 τῆς

189 1171 326 1207 βοηθείας,
341 1173 460 1208 ἐρήμους
473 1174 637 1209 καταστήσω
654 1174 703 1209 τῆς
725 1173 859 1208 τοσαύτης
878 1172 1006 1207 προνοίας
1016 1192 1023 1205 ,

190 1221 236 1247 καὶ
250 1220 367 1248 εἴσονται
394 1221 439 1248 διὰ
462 1221 516 1248 τῶν
539 1221 668 1249 ἐναντίων
692 1218 730 1249 ὧν
754 1222 895 1257 ἀπήλαυον
923 1221 1026 1256 ἔμπροτ

190 1269 266 1302 σθεν,
289 1269 353 1296 ὅταν
372 1266 422 1297 ὦσι
446 1271 529 1297 πᾶσιν
547 1271 588 1302 είς
615 1270 742 1306 ἁρπαγὴν
766 1270 950 1306 προκείμενοι.
971 1269 1026 1296 Καὶ

188 1317 292 1352 ἀνήσω
320 1318 373 1345 τὸν
401 1318 563 1353 ἀμπελῶνά
582 1328 660 1353 μου,
692 1319 740 1346 καὶ
774 1319 809 1346 οὐ
836 1318 880 1353 μὴ
907 1317 1023 1352 τμηθῇ,

185 1365 258 1392 οὐδὲ
282 1365 324 1400 μὴ
348 1366 463 1402 σπαρῇ.
500 1367 586 1394 Πάλιν
616 1367 707 1401 λέγω,
744 1367 785 1394 ὅτι
815 1368 849 1402 τῇ
884 1368 1026 1402 μεταφορᾷ

188 1415 330 1450 κέχρηται.
356 1415 430 1452 [54]
452 1416 483 1442 El
509 1416 537 1443 δέ
557 1425 599 1448 τις
623 1416 670 1443 καὶ
694 1416 860 1453 θερμότερον
886 1414 1024 1450 ἐξετάζειν

187 1463 318 1498 βούλοιτο,
332 1464 382 1500 τὴν
400 1464 454 1491 ἀπὸ
471 1465 519 1500 τῆς
533 1464 717 1498 διδασκαλίας,
739 1465 788 1501 τὴν
805 1465 858 1492 ἀπὸ
877 1465 932 1492 τῶν
948 1467 1024 1492 ἐντο-

186 1512 240 1538 λῶν
255 1513 414 1548 ἐπιμέλειάν
427 1522 517 1549 φησιν.
538 1514 575 1540 Ού
600 1513 654 1549 γὰρ
675 1513 873 1540 ἀπολαύσονται
897 1513 950 1540 τῶν
975 1514 1023 1540 αύ-

185 1561 250 1594 τῶν,
270 1560 306 1588 ὧν
321 1563 368 1588 καὶ
389 1562 561 1598 ἔμπροσθεν,
585 1562 615 1589 οὐ
641 1562 817 1594 διδασκάλους
836 1562 953 1596 ἕξουσιν,
974 1562 1024 1589 οὒκ

186 1611 332 1646 ἄρχοντας,
355 1611 386 1637 οὐ
408 1612 550 1647 προφήτας
565 1611 666 1646 ὁμοίως
681 1612 742 1643 τοὺς
756 1611 960 1647 διορθουμένους
973 1612 1023 1638 αύ-

185 1659 258 1690 τοὺς,
275 1660 336 1692 τοὺς
354 1659 581 1696 ἐπιμελουμένους
606 1660 704 1687 αὐτῶν.
722 1660 827 1696 Ὥσπερ
849 1660 902 1697 γὰρ
925 1661 950 1687 οἱ
973 1660 1024 1696 τὴν

186 1707 306 1742 ἄμπελον
326 1707 522 1743 θεραπεύοντες
539 1709 689 1735 σκάπτουσι
698 1729 706 1742 ,
719 1708 862 1743 τέμνουσιν
873 1729 880 1741 ,
901 1709 987 1741 οὓτως
998 1711 1023 1736 οι

186 1755 274 1790 ψυχάς
295 1756 479 1792 διορθούμενοι
502 1757 662 1789 ἀπειλοῦσι,
681 1757 810 1792 φοϐοῦσι,
834 1757 1022 1790 διδάσκουσιν,

186 1805 347 1838 ἐγκαλοῦσιν
361 1805 386 1825 δ’
399 1806 456 1833 ἀλλ’
473 1807 502 1832 ἐν
516 1807 620 1842 ἐρημίᾳ
635 1806 737 1833 τούτων
751 1806 868 1840 ἔσονται,
883 1808 974 1843 φησὶν,
984 1808 1023 1839 είς

185 1853 234 1888 τὴν
250 1852 393 1889 ἀλλοτρίαν
407 1854 612 1889 ἀπενεχθέντες.
634 1855 689 1882 Καὶ
707 1854 890 1889 ἀναϐήσεται
905 1857 949 1888 εἰς
968 1857 1023 1884 αὐ-

186 1901 238 1927 τὸν
250 1902 290 1934 ὡς
304 1903 348 1935 είς
371 1903 484 1936 χέρσον
503 1902 628 1930 ἆκανθα·
643 1902 691 1929 καὶ
708 1902 772 1935 ταῖς
785 1903 928 1937 νεφέλαις
940 1904 1022 1930 ἐντε-

185 1950 301 1984 λοῦμαι,
317 1950 370 1977 τοῦ
384 1950 427 1984 μὴ
441 1950 548 1984 βρέξαι
563 1952 607 1983 είς
625 1951 718 1978 αὑτὸν
730 1952 827 1979 ὑετόν.
850 1953 885 1979 Ἢ
895 1952 944 1988 τὴν
958 1952 1023 1988 ἐρη-

186 1998 250 2033 μίαν
263 1998 314 2033 τῆς
330 1998 432 2030 πόλεώς
444 2007 536 2035 φησιν,
551 1999 568 2035 ἢ
581 1999 630 2035 τὴν
644 2000 761 2036 ἐρημίαν
775 2000 824 2036 τὴν
842 2001 954 2034 ἑαυτῶν,
975 2003 1023 2029 καὶ

184 2046 234 2080 τῆς
247 2046 363 2073 ἑκάστου
380 2047 477 2082 ψυχῆς·
494 2047 605 2081 νεφέλας
624 2048 652 2074 δὲ
673 2048 789 2078 ἐνταῦθα
805 2049 868 2081 τοὺς
880 2050 1022 2085 προφήτας

184 2094 256 2126 τινὲς
270 2094 405 2130 λέγουσιν,
418 2095 465 2122 ἀτε
491 2095 593 2123 ἀνωθεν
619 2096 664 2123 τὸν
690 2097 767 2124 ὑετὸν
792 2097 952 2133 δεχομένους
975 2099 1022 2126 καὶ

186 2143 421 2178 παραπέμποντας
434 2144 472 2179 τῷ
486 2143 564 2179 δήμῳ
578 2144 613 2171 τά
625 2144 769 2180 λεγόμενα.
784 2145 853 2172 Ἀλλ’
863 2146 923 2172 οὐδὲ
937 2142 1020 2180 οὗτοι,

186 2191 261 2225 φησὶ,
278 2191 312 2218 τά
329 2191 430 2227 συνήθη
447 2193 614 2228 ποιήσουσιν.
633 2193 665 2220 El
690 2193 744 2228 γὰρ
768 2193 816 2220 καὶ
833 2191 873 2226 εἷς
900 2203 951 2221 που
974 2195 1021 2222 καὶ

183 2238 308 2275 δεύτερος
320 2240 496 2275 συναπῆλθεν,
514 2240 570 2268 ἀλλ’
591 2241 606 2267 ὁ
626 2241 710 2277 δῆμος
729 2241 783 2269 τῶν
799 2242 945 2278 προφητῶν
961 2244 1020 2270 τότε

184 2287 273 2322 ἐσίγα.
291 2288 318 2314 ὀ
335 2290 391 2323 γὰρ
416 2289 558 2324 ἀμπελὼν
584 2290 695 2324 Κυρίου
715 2291 836 2320 Σαϐαὼθ
860 2290 942 2325 οἶκος
967 2293 1020 2320 τοῦ

189 2336 308 2370 Ἰσραήλ
329 2336 404 2370 ἐστι,
426 2338 477 2364 καὶ
499 2338 654 2372 ἅνθρωπος
678 2339 732 2366 τοῦ
754 2339 852 2367 Ἰούδα
873 2341 1021 2375 νεόφυτον

183 2384 375 2420 ἠγαπημένον
387 2391 410 2414 ε.
426 2387 558 2421 Ἕμεινα,
572 2387 623 2414 ἵνα
635 2387 748 2423 ποιήσῃ
763 2388 875 2422 κρίσιν,
894 2389 1020 2424 ἐποίησε

182 2431 216 2459 δὲ
238 2433 377 2467 ἀνομίαν,
402 2434 452 2461 καὶ
476 2435 512 2462 οὺ
541 2435 748 2470 δικαιοσύνην,
775 2437 855 2464 ἀλλὰ
873 2439 1017 2473 κραυγήν.

175 2476 297 2517 ’Ἐπειδὴ
311 2481 394 2519 πολλῇ
404 2485 437 2518 τῇ
449 2485 590 2520 μεταφορᾷ
603 2484 647 2511 διὰ
659 2484 715 2512 τῶν
729 2485 867 2522 ὀνομάτων
875 2487 1019 2523 ἐχρήσατο,

185 2529 342 2565 ἀμπελῶνα,
359 2531 406 2558 καὶ
422 2531 536 2567 πύργον,
558 2533 605 2559 καὶ
631 2533 791 2569 προλήνιον,
816 2535 863 2562 καὶ
880 2537 1018 2572 φραγμὸν,

184 2578 227 2604 καὶ
246 2579 394 2615 σκαφητὸν,
411 2579 458 2607 καὶ
472 2581 571 2616 τμῆσιν
585 2581 707 2617 ἀμπέλου
726 2582 826 2618 λέγων,
843 2585 886 2612 ἵνα
904 2586 941 2621 μὴ
956 2587 1019 2622 περὶ

183 2627 340 2661 ἀμπελῶνός
352 2637 394 2660 τις
405 2629 459 2656 τῶν
478 2629 538 2656 τότε
553 2631 673 2666 ἀνοήτως
696 2632 794 2669 νομίσῃ
808 2631 877 2660 εἶναι
897 2635 930 2662 τὰ
942 2635 1019 2670 λεγό-

183 2685 261 2711 μενα,
277 2677 383 2713 ταχέως
399 2678 466 2714 πρὸς
478 2679 516 2714 τῷ
528 2679 600 2707 τέλει
612 2680 642 2707 τὸ
657 2681 710 2708 πᾶν
723 2682 902 2718 ἡρμήνευσεν.
922 2685 951 2712 '0
962 2681 1029 2720 γὰρ

197 2737 342 2772 ".Savillus
352 2738 491 2772 συσρὶοριυτ
507 2739 641 2772 legendum
656 2740 746 2772 ἐπάγει.
759 2741 819 2768 Haec
829 2750 875 2768 vox
887 2748 955 2770 certe
966 2752 1017 2771 ma-

178 2769 216 2803 gis}
227 2769 381 2803 ip_usu»e§t;
395 2769 440 2803 σεο
451 2769 595 2803 ἐνάγειᾲΐθπὶ
609 2775 699 2803 ροιεδι.

181 2796 188 2797 ί
208 2796 223 2817 b
240 2796 399 2829 Ἐγκαλοῦσιν
408 2796 514 2824 deesti'u
527 2801 588 2832 Reg.
603 2796 628 2826 ἐι
650 2802 736 2832 Savil.,
757 2810 806 2828 nec
824 2805 916 2830 lectum
929 2809 967 2832 est
987 2807 1017 2832 ab

181 2830 327 2860 interprete.
341 2830 392 2855 Sed
405 2830 512 2855 habetur
525 2831 549 2855 iu
561 2833 678 2858 Bavarico
690 2836 715 2858 et
728 2835 753 2859 in
768 2835 855 2860 Morel.

180 2835 327 2860 Interprele.
341 2835 392 2855 sed
405 2835 512 2855 nabelur
525 2835 549 2855 in
563 2835 678 2858 Bavarico
690 2836 715 2858 et
728 2835 753 2859 in
768 2835 855 2860 Morel.

182 2860 297 2899 ’,ς-ἓως,
310 2865 336 2899 (ξι
355 2861 443 2899 Μοτςι.
458 2863 484 2885 et
504 2863 708 2899 ιετιυδΑΒίῇζὶεηξ
727 2865 837 2899 νεόφυτον
856 2868 1014 2899 ἠγαπημένον.

182 2890 568 2935 ἓξηῖείίςνξόῗυὶοςέήγαπηιιίνος.
587 2894 637 2920 Sed
647 2896 673 2920 in
686 2890 775 2922 Morel:
787 2897 848 2925 infra

182 2929 288 2953 νίοςυτον
299 2929 462 2955 manumve»).

1085 204 1228 255 ἀμπελὼν
1239 207 1351 255 Κυρίου
1364 212 1486 240 Σαϐαὼθ
1506 212 1588 248 οἶκος
1602 212 1656 243 τοῦ
1679 217 1802 252 Ἰσραήλ
1822 219 1916 247 ἐστιν.

1136 254 1190 290 γὰρ
1204 257 1267 293 περὶ
1281 258 1370 292 φυτῶν
1384 260 1398 286 ὁ
1415 260 1492 295 λόγος
1512 271 1567 297 μοι,
1578 263 1671 299 φησὶν,
1686 264 1745 291 οὐδὲ
1759 265 1822 301 περὶ
1829 266 1918 302 ψυχῆς

1085 301 1206 350 ἀφιχου,
1227 304 1286 330 οὐδὲ
1306 306 1369 342 περὶ
1385 307 1466 336 λίθων
1484 310 1530 336 καὶ
1543 311 1652 346 τοίχων,
1672 311 1740 339 ἀλλά
1754 313 1818 348 περὶ
1831 301 1917 350 δῆμόν

1083 348 1130 375 τοῦ
1145 350 1287 388 ἡμετέρου.
1316 355 1361 382 Διὸ
1382 356 1430 383 καὶ
1451 357 1585 393 ἐπήγαγε·
1612 357 1666 386 Καί
1688 359 1843 394 ἅνθρωπος
1857 348 1917 389 τοῦ

1089 397 1187 426 Ἰούδα
1206 401 1353 437 νεόφυτον
1366 404 1572 440 ἠγαπημένον
1589 407 1682 443 ἐπειδὴ
1706 407 1788 435 πλέον
1810 417 1837 436 τι
1859 407 1916 445 εἶχε

1081 445 1136 473 τῶν
1150 447 1215 474 δέκα
1238 449 1339 484 φυλῶν,
1355 452 1402 478 καὶ
1420 454 1435 479 ὁ
1457 453 1520 486 ναὸς
1532 454 1624 481 αὐτόθι
1644 454 1758 491 πλησίον
1772 453 1822 492 ἦν,
1839 456 1886 484 καὶ
1898 458 1916 492 ἡ

1081 493 1162 531 λοιπὴ
1181 496 1323 533 Θεραπεία,
1339 501 1387 528 καὶ
1400 501 1455 528 τῶν
1465 501 1551 529 ἄλλων
1561 503 1662 538 μᾶλλον
1676 504 1761 539 ἤνθει,
1779 504 1826 531 καὶ
1837 504 1915 539 βασι-

1081 542 1216 579 λικωτέρα
1231 543 1265 580 ἧν
1283 547 1300 582 ή
1318 548 1388 584 φυλὴ
1408 549 1454 576 καὶ
1471 549 1653 586 δυνατωτέρα.
1679 551 1870 587 Ἦγατιημένον
1885 552 1915 579 δὲ

1081 587 1151 624 εἷπε,
1169 592 1250 620 πάλιν
1271 595 1361 622 αὐτῶν
1376 597 1590 634 καθαπτόμενος,
1603 600 1644 626 ὅτι
1659 600 1723 635 περὶ
1735 600 1782 628 τὸν
1802 600 1915 635 σφοδρὸν

1081 638 1198 676 ἐραστὴν
1220 643 1335 671 τοιοῦτοι
1351 645 1489 680 γεγόνασι.
1515 647 1639 679 Τοιοῦτος
1661 647 1716 684 γὰρ
1739 647 1793 675 τῶν
1806 647 1915 683 φιλούν-

1080 695 1134 714 των
1149 690 1162 715 ό
1176 689 1267 725 νόμος,
1285 692 1352 727 μηδὲ
1374 694 1403 721 ἐν
1425 695 1515 727 αὐτοῖς
1540 697 1597 728 τοῖς
1610 696 1766 731 ἐγκλήμασι
1783 696 1914 732 κρύπτειν

1079 734 1130 769 τῆς
1146 736 1248 768 οἰκείας
1269 737 1379 774 ἀγάπης
1404 740 1453 773 τὴν
1477 741 1639 777 ὑπερὸολήν.
1668 742 1806 770 Ἐντεῦθεν
1821 743 1852 769 ού
1870 751 1914 778 μι-

1079 783 1145 818 κρὸν
1161 784 1208 811 καὶ
1221 785 1315 822 ἕτερον
1331 787 1511 824 μανθάνομεν.
1536 791 1616 817 Ποῖον
1630 789 1661 826 δὴ
1683 790 1779 824 τοῦτος
1795 790 1833 817 Τδ
1848 790 1913 818 πότε

1079 832 1126 858 καὶ
1141 832 1201 861 τίνα
1211 833 1370 871 ἀλληγορεῖν
1383 837 1436 873 χρὴ
1447 837 1501 864 τῶν
1513 838 1639 874 Γραφῶν·
1654 839 1701 866 καὶ
1712 839 1750 871 ὡς
1763 840 1813 867 οὐκ
1828 839 1912 875 ἐσμὲν

1079 879 1167 917 κύριοι
1179 882 1234 909 τῶν
1254 883 1343 919 νόμων
1363 885 1465 912 τούτων
1481 886 1568 918 αὐτοὶ,
1585 887 1653 914 ἀλλά
1668 887 1708 914 δεῖ
1719 887 1788 923 αὐτῇ
1804 888 1835 923 τῇ
1853 887 1914 914 δια-

1078 930 1137 966 νοίᾳ
1149 931 1199 966 τῆς
1219 931 1330 967 Γραφῆς
1347 933 1513 969 ἑπομένους,
1531 934 1602 962 οὕτω
1622 935 1662 971 τῷ
1681 936 1730 970 τῆς
1749 935 1911 971 ἀλληγορίας

1078 975 1228 1010 κεχρῆσθαι
1244 977 1346 1012 τρόπῳ.
1371 979 1403 1004 Ὃ
1428 977 1456 1005 δὲ
1476 978 1563 1013 λέγω,
1587 979 1705 1006 τοιοῦτόν
1729 980 1812 1006 ἐστιν·
1829 977 1914 1006 Εἶπεν

1077 1018 1225 1053 ἀμπελῶνα
1234 1019 1281 1046 νῦν
1295 1021 1311 1056 ἡ
1323 1021 1428 1057 Γραφὴ,
1442 1022 1580 1057 φραγμὸν,
1593 1022 1748 1058 προλήνιον’
1758 1022 1809 1049 οὐκ
1819 1023 1911 1057 ἀφῆκε

1076 1062 1170 1098 κύριον
1184 1064 1309 1096 γενέσθαι
1324 1065 1369 1092 τὸν
1384 1066 1520 1102 ἀκροατὴν
1533 1066 1651 1102 ἁρμόσαι
1665 1067 1700 1093 τά
1720 1066 1853 1103 εἰρημένα
1870 1065 1912 1098 οἷς

1076 1106 1201 1134 ἐϐούλετο
1217 1108 1386 1144 πράγμασιν,
1407 1110 1423 1145 ἢ
1439 1109 1605 1144 προσώποις,
1620 1109 1689 1137 ἀλλά
1704 1109 1838 1146 προϊοῦσα
1847 1111 1912 1137 ἐαυ-

1075 1150 1124 1185 τὴν
1148 1151 1328 1191 ἡρμήνευσεν,
1347 1153 1471 1180 εἰποῦσα·
1500 1154 1532 1180 '0
1556 1154 1611 1188 γὰρ
1634 1153 1776 1188 ιὶμπελὼν
1799 1154 1910 1189 Κυρίου

1076 1195 1196 1222 Σαϐαὼθ
1211 1195 1294 1229 οἶκος
1311 1196 1365 1223 τοῦ
1387 1195 1505 1231 Ἰσραήλ
1518 1197 1591 1224 ἐστι.
1608 1198 1662 1224 Καὶ
1674 1197 1732 1233 [55]
1748 1199 1763 1224 ὁ
1781 1198 1911 1232 Ὶεζεκιὴλ

1075 1238 1104 1265 δὲ
1112 1238 1191 1266 πάλιν
1202 1240 1280 1267 ἀετὸν
1288 1240 1379 1268 καλῶν
1391 1241 1477 1276 μέγαν
1487 1241 1533 1268 καὶ
1544 1241 1781 1277 μεγαλοπτέρυγον
1792 1242 1910 1268 είσιόντα
1968 1253 1977 1263 \

1076 1282 1116 1313 είς
1134 1282 1179 1310 τὸν
1191 1283 1316 1316 Λίϐανον,
1334 1284 1381 1311 καὶ
1395 1284 1575 1316 ἀποκνίζοντα
1586 1285 1616 1311 τὸ
1633 1285 1715 1320 ἄκρον
1728 1285 1778 1321 τῆς
1792 1285 1890 1320 κέδρου
1901 1305 1909 1316 ,

1075 1326 1134 1353 οὐδὲ
1146 1328 1204 1354 ἐκεῖ
1221 1327 1334 1363 ἀφίησιν
1355 1328 1402 1354 ἐπὶ
1416 1329 1449 1364 τῇ
1463 1328 1559 1364 γνώμῃ
1575 1329 1628 1355 τῶν
1645 1329 1785 1364 ἀκροατῶν
1803 1329 1909 1356 κεῖσθαι

1073 1370 1124 1405 τῆς
1144 1371 1309 1407 ἀλληγορίας
1324 1372 1373 1408 τὴν
1387 1373 1533 1408 ἑρμηνείαν
1543 1395 1549 1405 ,
1567 1373 1634 1400 ἀλλά
1658 1373 1705 1399 καὶ
1728 1373 1809 1405 αὐτὸς
1824 1373 1908 1407 λέγει.

1073 1414 1132 1441 τίνα
1146 1415 1196 1450 μὲν
1205 1415 1250 1442 τὸν
1265 1415 1344 1442 ἀετόν
1359 1424 1436 1450 φησι,
1448 1416 1508 1442 τίνα
1522 1416 1551 1443 δὲ
1564 1416 1613 1451 τὴν
1630 1416 1735 1452 κέδρον.
1758 1417 1813 1443 Καὶ
1832 1413 1910 1449 οὗτος

1073 1457 1102 1484 δὲ
1117 1458 1197 1486 πάλιν
1211 1459 1324 1495 προῖὼν,
1341 1461 1462 1495 ποταμόν
1477 1469 1538 1487 τινα
1556 1460 1670 1496 σφοδρὸν
1686 1460 1793 1494 ἀνάγει,
1806 1460 1908 1495 λέγων,

1073 1503 1119 1529 ἐπὶ
1140 1503 1189 1538 τὴν
1209 1503 1353 1536 Ἰουδαίαν,
1380 1504 1423 1531 ἵνα
1446 1504 1484 1539 μὴ
1506 1504 1553 1540 ἐξῇ
1574 1504 1614 1540 τῷ
1631 1504 1756 1531 ἀκούοντι
1770 1504 1841 1531 κατά
1859 1504 1908 1540 τὴν

1073 1547 1176 1574 οἰκείαν
1188 1547 1300 1582 γνώμην
1318 1548 1448 1583 ἁρμόζειν
1463 1548 1494 1575 τὺ
1504 1548 1648 1584 εἰρημένον
1664 1547 1801 1584 προσώπῳ
1814 1545 1837 1582 ᾦ
1848 1548 1908 1583 βού-

1073 1590 1159 1624 λεται,
1174 1589 1234 1618 εἷπε
1251 1593 1298 1619 καὶ
1313 1592 1358 1619 τὸν
1370 1592 1481 1627 βασιλέα
1491 1592 1595 1625 τοῦτον,
1608 1593 1636 1620 ὃν
1647 1592 1769 1628 ποταμὸν
1783 1593 1906 1620 ἐκάλεσε.

1072 1636 1279 1672 Κατ’πανταχοῦ
1296 1637 1346 1672 τῆς
1361 1636 1471 1672 Γραφῆς
1491 1633 1568 1668 οὗτος
1590 1637 1604 1663 ὁ
1625 1637 1715 1672 νόμος,
1734 1636 1844 1664 ἐπειδὰν
1859 1637 1908 1663 ἀλ-

1072 1679 1186 1715 ληγορῇ,
1201 1679 1291 1714 λέγειν
1307 1681 1354 1707 καὶ
1369 1680 1531 1717 ἀλληγορίας
1542 1680 1592 1715 τὴν
1607 1681 1765 1716 ἑρμηνείαν,
1781 1679 1852 1708 ὥστε
1870 1681 1908 1716 μὴ

1073 1723 1183 1756 ἁπλῶς,
1208 1723 1276 1759 μηδὲ
1300 1724 1338 1756 ὡς
1362 1724 1440 1759 ἔτυχε
1462 1724 1512 1760 τὴν
1530 1724 1677 1751 ἀκόλαστον
1692 1724 1841 1760 ἐπιθυμίαν
1853 1724 1908 1750 τῶν

1072 1767 1231 1803 ἀλληγορεῖν
1248 1768 1416 1804 βουλομένων
1429 1768 1580 1796 πλανᾶσθαι
1604 1769 1651 1795 καὶ
1671 1768 1808 1804 πανταχοῦ
1824 1769 1906 1804 φέρε-

1073 1808 1145 1836 σθαι.
1167 1810 1222 1836 Καὶ
1240 1810 1266 1836 τί
1284 1810 1451 1845 θαυμάζεις,
1472 1811 1496 1837 εί
1520 1811 1544 1836 οἱ
1567 1810 1726 1845 προφῆται;
1743 1809 1800 1836 Καὶ
1818 1811 1833 1836 ὁ
1851 1810 1908 1836 Πα-

1074 1854 1234 1889 ροιμιαστὴς
1247 1854 1274 1880 δὲ
1289 1853 1452 1881 οὕτώποιεῖ.
1464 1853 1555 1881 Εἰπὼν
1569 1853 1633 1890 γὰρ,
1647 1855 1783 1889 Ἔλαφος
1794 1854 1906 1888 φιλίας,

1072 1897 1121 1925 καὶ
1134 1897 1234 1931 πῶλος
1249 1897 1309 1924 τῶν
1328 1899 1457 1932 χαρίτων
1478 1898 1616 1933 ὀμιλείτω
1635 1906 1702 1925 σοι’
1727 1898 1777 1925 καὶ
1792 1898 1811 1932 ἡ
1826 1897 1906 1933 πηγὴ

1071 1935 1126 1968 τοῦ
1138 1942 1247 1975 ὕδατός
1262 1950 1320 1969 σου
1335 1942 1414 1969 ἔστω
1428 1950 1477 1969 σοι
1490 1943 1582 1977 μόνῳ·
1597 1943 1754 1978 ἡρμήνευσε
1769 1942 1839 1974 τίνος
1851 1942 1909 1969 ἓνε-

1073 1994 1121 2013 κεν
1136 1986 1222 2013 ταῦτα
1236 1986 1338 2021 ἔλεγεν,
1356 1987 1397 2013 ὅτι
1409 1987 1474 2023 περὶ
1489 1987 1616 2021 γυναικὸς
1633 1987 1746 2022 ἐννόμου
1767 1987 1815 2013 καὶ
1829 1986 1907 2013 ἐλευ-

1072 2030 1165 2066 θέρας,
1174 2031 1336 2067 ἀποτρέπων
1349 2031 1451 2067 πόρνης
1462 2031 1508 2057 καὶ
1520 2031 1661 2066 ἀλλοτρίας
1672 2031 1815 2058 ἅπτεσθαι.
1830 2030 1908 2059 Οὕτω

1071 2074 1102 2110 δὴ
1117 2075 1163 2101 καὶ
1177 2072 1254 2107 οὗτος
1274 2074 1390 2102 ἐνταῦθα
1412 2073 1472 2102 εἷπε
1484 2096 1492 2107 ,
1509 2076 1569 2102 τίνα
1587 2075 1671 2110 ἔφησε
1691 2075 1737 2102 τὸν
1759 2075 1908 2110 ἀμπελῶνα

1072 2117 1151 2146 εἶναι.
1168 2117 1235 2146 Εἶτα
1251 2119 1344 2155 ἐπειδὴ
1359 2118 1435 2147 εἴπεν
1451 2120 1541 2146 αὐτῶν
1554 2119 1588 2146 τὰ
1598 2119 1770 2155 ἐγκλήματα,
1782 2119 1843 2146 εἷπε
1857 2119 1907 2152 τὰς

1071 2163 1215 2199 τιμωρίας·
1240 2163 1320 2190 πάλιν
1350 2163 1418 2199 πρὸς
1438 2163 1477 2199 τῷ
1504 2164 1575 2190 τέλει
1594 2163 1642 2199 τὴν
1658 2163 1806 2197 ἀπολογίαν
1818 2162 1907 2198 τίθησι

1071 2208 1168 2242 λέγων·
1183 2207 1197 2228 ἀ
1208 2208 1338 2242 Ἔμεινα,
1348 2208 1399 2235 ἵνα
1411 2207 1523 2242 ποιήσῃ
1534 2208 1645 2242 κρίσιν,
1657 2208 1781 2241 ἐποίησε
1795 2207 1829 2234 δὲ
1838 2207 1908 2237 ἀνο-

1069 2252 1154 2286 μίαν,
1173 2251 1223 2278 καὶ
1245 2253 1281 2279 οὺ
1302 2251 1510 2286 δικαιοσύνην,
1532 2251 1612 2279 ἀλλὰ
1633 2251 1777 2287 κραυγήν.
1793 2252 1908 2280 "01981-

1071 2296 1176 2328 καίως,
1203 2296 1300 2331 φησὶν,
1321 2296 1428 2323 ἀπαιτῶ
1453 2296 1540 2331 δίκην.
1569 2295 1710 2331 Ἀνέμεινα
1738 2295 1812 2331 γὰρ,
1840 2296 1908 2324 Ἵνα

1071 2340 1182 2374 ποιήσῃ
1205 2341 1318 2374 κρίσιν,
1340 2340 1478 2372 τουτέστι,
1505 2339 1695 2375 δικαιοσύνην·
1717 2340 1795 2368 αὐτοὶ
1819 2340 1848 2366 δέ
1873 2340 1907 2368 τὰ

1070 2383 1181 2411 ἐναντία
1208 2383 1391 2417 ἐπεδείξαντο,
1416 2383 1548 2418 ἀνομίαν.
1577 2383 1683 2410 ἀδικίαν
1709 2383 1756 2410 καὶ
1772 2383 1907 2418 κραυγήν..

1071 2427 1202 2463 Κραυγὴν
1212 2426 1328 2454 ἐνταῦθα.
1344 2427 1392 2462 τὴν
1413 2426 1570 2460 πλεονεξίαν
1583 2426 1673 2461 λέγει.
1692 2426 1739 2454 τὸν
1755 2425 1846 2456 ἄδικον
1861 2426 1903 2453 θυι

1072 2471 1131 2506 μὸν,
1144 2471 1194 2506 τὴν
1206 2470 1290 2506 ὀργὴν
1302 2471 1351 2507 τὴν
1365 2471 1516 2505 ἀλόγιστον,
1530 2470 1582 2502 τάς
1599 2470 1688 2506 μάχας
1700 2490 1707 2503 ,
1726 2469 1774 2501 τὰς
1792 2469 1908 2504 φιλονει-

1071 2515 1142 2547 κίας.
1154 2515 1226 2541 Οὐαὶ
1247 2515 1275 2541 οι
1295 2514 1503 2547 συνάπτοντες
1517 2515 1615 2541 οὶκίαν
1639 2514 1713 2548 πρὸς
1727 2514 1838 2548 οὶκίαν,
1857 2514 1906 2541 καὶ

1069 2559 1162 2593 ἀκοόν
1173 2559 1246 2593 πρὸς
1259 2559 1352 2594 ἀγρὸν
1365 2557 1542 2594 ἐγγίζοντες,
1555 2559 1606 2585 ἵνα
1623 2558 1677 2585 τοῦ
1698 2558 1832 2592 πλησίου
1849 2557 1905 2592 ἀφ-

1066 2601 1194 2629 έλωνται
1201 2611 1239 2629 τι.
1253 2602 1345 2629 Εἰπὼν
1354 2603 1395 2629 ὃτι
1409 2603 1664 2638 κραυγὴνέποίησε,
1675 2602 1798 2633 τουτέστι
1811 2602 1906 2629 πλεον-

1069 2646 1153 2679 εξίαν,
1171 2646 1307 2682 ἁρπαγὰς,
1322 2646 1395 2681 λέγει
1408 2647 1455 2673 καὶ
1468 2647 1503 2673 τὸν
1518 2644 1587 2677 εἶδος
1601 2646 1649 2681 τῆς
1666 2645 1789 2679 ἀδικίας,
1806 2645 1906 2680 πολλῆς

1069 2690 1298 2725 ἐμπεπλησμένον
1312 2691 1361 2726 τῆς
1372 2690 1549 2728 κακουργίας.
1565 2691 1620 2718 Καὶ
1634 2690 1715 2716 πάλιν
1732 2689 1786 2718 ἀπὸ
1800 2689 1906 2725 θρήνων

1068 2735 1181 2769 ἄρχεται
1196 2740 1219 2766 ο,
1229 2735 1259 2761 τὸ
1276 2735 1390 2769 μέγεθος
1402 2735 1455 2761 τῶν
1469 2735 1675 2770 ἁμαρτημάτων
1689 2733 1903 2770 ἐνδεικνύμενος,

1068 2779 1115 2805 καὶ
1128 2779 1191 2811 τοὺς
1207 2779 1241 2805 τὰ
1256 2779 1354 2806 ἀνίατα
1366 2778 1509 2810 νοσοῦντας
1523 2778 1673 2814 ἐμφαίνων.

1100 2842 1113 2862 α
1123 2843 1254 2867 Bavaricus
1263 2841 1303 2866 hic
1319 2842 1398 2871 adjicit
1413 2843 1493 2870 ἔμεινα.
1502 2842 1540 2866 ἵνα
1557 2841 1646 2872 ποιήσῃ
1668 2841 1767 2872 καρπόν,
1790 2843 1837 2865 etc.
1851 2840 1905 2866 Sed

1068 2881 1117 2898 non
1130 2873 1201 2897 video
1210 2873 1263 2897 hac
1271 2875 1327 2904 apte
1336 2873 1415 2904 repeti
1427 2873 1473 2897 hoc
1484 2874 1546 2897 loco.

1101 2904 1181 2929 o'A-nb
1189 2904 1278 2935 θρήνων
1286 2901 1391 2935 ⁷ἀρχετὶιι
1401 2922 1407 2933 ,
1420 2905 1455 2927 sic
1470 2904 1598 2928 Bavaricus
1614 2905 1683 2927 reclo
1692 2921 1698 2931 ,
1713 2906 1739 2927 ut
1751 2901 1902 2933 respondeat

1067 2937 1120 2962 voci
1130 2935 1183 2960 οὐαί
1193 2941 1273 2968 supra.
1284 2935 1333 2961 Alii
1345 2935 1385 2959 ἀπ’
1401 2935 1584 2962 ἀπανθρωπίνων
1595 2935 1700 2967 ἄρχεται.
