2068 3130
151 143 183 172 61
538 143 566 171 S.
587 142 727 171 JOANNIS
741 143 983 178 CllllYSOSTOMI
997 143 1155 174 ARCHIEP.
1173 145 1446 175 CONSTANTINOP.
1836 141 1870 167 δέ

188 200 220 227 δ’.
232 200 323 228 Ταῦτα
336 201 363 228 δὲ
376 201 423 228 ml
441 201 489 228 νῦν
508 201 669 236 τολμώμενα
682 192 728 228 ἴδοι
741 210 783 233 τις
805 201 838 229 ἂν
847 202 921 238 παρὰ
930 202 984 229 τῶν

151 247 245 280 κακῶς
256 247 294 284 τῷ
313 245 420 282 πλούτῳ
436 247 623 283 κεχρημένων,
641 247 666 274 οἲ
679 247 728 279 τὰς
746 248 908 282 γειτνιάσεις
921 249 983 275 ἐπι*

151 291 272 322 νοοῦσιν,
290 291 340 317 οὐκ
362 291 404 322 είς
431 289 598 325 ἀσφάλειαν,
618 290 675 317 ἀλλ’
693 291 733 322 είς
760 291 906 326 ἐπιϐουλὴν
929 291 983 318 τῶν

152 335 275 370 πλησίον,
292 334 416 370 καθάπερ
432 334 487 370 πῦρ
502 334 554 370 6δῷ
569 334 686 369 βαδίζον,
701 335 772 362 οὕτω
788 335 851 367 τοὺς
871 338 903 363 ἐκ
926 345 984 371 γει-

150 378 236 405 τόνων
253 378 356 409 πάντας
378 377 577 414 ἐπινεμόμενοι.
601 378 649 412 Μὴ
674 377 813 411 οἰκήσετε
832 379 919 414 μόνοι
935 380 985 407 ἐπὶ

151 420 207 455 τῆς
218 420 290 455 γῆς;
304 421 448 455 Ἠκούσθη
466 421 520 456 γὰρ
535 420 594 448 νῦν
609 422 653 454 είς
667 422 704 450 τὰ
722 419 782 449 ὦτα
802 422 914 456 Κυρίου
930 424 986 449 Σα-

152 463 229 491 ϐαὼθ
251 464 352 492 ταῦτα.
379 464 518 492 Δείκνυσιν
531 464 647 501 ἀνόνητα
675 466 829 502 κάμνοντας
850 465 896 493 καὶ
922 467 985 502 εἰκῆ

151 507 199 534 καὶ
220 507 317 543 μάτην.
342 507 450 544 Ἐπειδή
481 508 535 545 γὰρ
559 509 608 544 οὐχ
623 508 711 541 οὕτως
740 509 768 536 αί
792 509 916 541 κολάσεις
939 511 986 536 καὶ

151 552 179 578 αἱ
204 551 334 587 τιμωρίαι
350 552 413 584 τοὺς
432 551 567 584 τοιούτους
586 553 698 586 ἀγαγεῖν
727 551 869 586 εἰώθασιν,
895 553 934 584 ὡς
956 553 987 580 τὸ

153 595 248 629 μαθεῖν
265 595 405 630 ἀκριϐῶς,
429 595 471 622 ὅτι
491 596 542 622 οὑκ
564 595 761 623 ἀπολαύσονται
779 597 827 632 τῆς
847 597 984 632 ἁρπαγῆς,

151 639 252 673 ταύτην
268 639 359 670 αὐτοῖς
378 638 475 673 ἐπάγει
490 639 540 674 τὴν
555 639 678 674 ἀπειλὴν,
695 639 791 673 λέγων,
809 640 849 666 ὅτι
864 640 984 676 καμοῦν-

151 690 196 708 ται
213 682 260 716 μὲν
274 681 321 709 ml
332 681 581 721 ταλαιπωρήσουσι,
595 682 642 709 ml
655 681 705 718 τὴν
720 683 856 718 ἁμαρτίαν
875 682 986 718 καρπώ-

152 733 254 759 σονται,
273 725 324 761 τῆς
344 725 373 752 δέ
387 725 561 758 ἀπολαύσεως
577 725 755 753 ἐκπεσοῦνται
777 726 846 762 [56].
863 727 920 754 υύκ
937 727 986 762 ἐφ-

151 768 282 804 ησυχάξει
297 769 361 804 γὰρ.
376 770 453 804 φησὶ,
465 771 521 801 τοῖς
536 770 689 804 γινομένοις
703 771 716 796 ὁ
727 770 874 805 ἀκοίμητος
886 770 985 805 ὀφθαλ-

153 811 212 847 μός.
229 811 265 838 Τὸ
279 811 319 844 δὲ,
334 811 469 848 Ἠκούσθη
482 811 540 845 νῦν,
553 812 602 848 οὐχ
618 812 656 844 ὡς
674 813 734 839 τότε
744 813 799 839 τῶν
816 814 986 848 πραγμάτων

150 855 296 890 γνωρίμων
317 857 469 891 γενομένων
491 855 565 892 αὐτῷ
589 856 677 883 ταῦτά
697 864 789 892 φησιν,
810 856 867 882 ἀλλ’
885 856 923 888 ὡς
935 856 986 891 τῆς

151 896 228 932 δίκης
244 897 314 925 κατὰ
329 898 412 930 πόδας
428 897 520 934 ἰούσης
537 899 640 930 λοιπὸν,
656 899 702 926 ml
719 901 769 934 τῆς
783 899 986 931 ἀνταποδόσεως

151 940 307 976 γινομένης.
337 941 407 968 Ἐὰν
434 942 489 977 γὰρ
511 942 653 976 γένωνται
674 942 763 969 οἰκίαι
786 942 915 974 πολλαί,
942 943 986 975 εις

151 982 263 1018 ἔρημον
275 983 396 1011 ἔσονται
409 985 537 1019 μεγάλαι
553 984 602 1012 καί
613 985 713 1018 καλαὶ,
729 985 778 1012 καί
792 986 847 1012 οὐκ
863 984 985 1014 ἔσονται

151 1028 179 1054 οι
197 1027 407 1060 κατοικοῦντες
418 1027 452 1054 ἐν
465 1028 579 1061 αὑταῖς.
948 1038 950 1040 ·

186 1070 311 1098 Τοιοῦτον
331 1071 385 1106 γὰρ
405 1072 422 1107 ἡ
441 1071 598 1105 πλεονεξία·
619 1073 683 1099 ὃταν
707 1072 816 1100 πλείονα
836 1072 986 1110 περιϐάλλῃ

150 1115 207 1145 τοῖς
222 1114 325 1149 ἔχουσι,
341 1116 388 1142 καὶ
403 1115 458 1142 τῶν
470 1117 610 1152 προτέρων
629 1117 728 1147 αὐτοὺς
743 1116 884 1152 ἐξήγαγεν.
905 1117 938 1143 '0
954 1117 986 1153 δὴ

151 1157 199 1183 ml
218 1157 334 1184 ἐνταῦθα
348 1159 496 1186 αἰνίττεται
511 1159 598 1193 λέγων
608 1179 616 1191 ,
633 1160 674 1186 ὅτι
688 1160 774 1186 Ὅταν
790 1160 986 1196 οἱκοδομήσητε

150 1201 293 1236 λαμπρῶς,
309 1202 356 1228 καὶ
371 1202 406 1229 τά
423 1203 531 1230 πάντων
546 1203 622 1238 ὑμῶν
637 1203 727 1230 αὐτῶν
747 1204 905 1240 ποιήσησθε,
925 1204 986 1231 τότε

151 1246 199 1271 ml
210 1245 265 1272 τῶν
276 1246 416 1282 προτέρων
429 1247 625 1283 ἀποστήσεσθε.
635 1248 689 1275 Καὶ
701 1249 845 1284 στήσονται
861 1250 888 1276 αῐ
901 1249 986 1276 οίκίαι

151 1290 296 1324 οἰκήτορας
312 1289 362 1325 μὲν
380 1291 430 1317 οὐκ
453 1291 573 1326 ἔχουσαι,
587 1291 735 1327 σάλπιγγος
756 1293 785 1320 δὲ
801 1293 892 1329 πάσης
913 1292 986 1328 λαμ-

151 1333 287 1368 προτέραν
307 1334 429 1368 ἀφιεῖσαι
448 1335 540 1370 φωνὴν
567 1335 637 1362 κατὰ
651 1336 706 1363 τῶν
730 1337 806 1371 παρά
825 1337 874 1372 τὴν
899 1337 986 1372 ἀρχὴν

149 1376 314 1411 ὴρπακότων
338 1377 438 1411 αὐτὰς,
462 1379 511 1413 τῆς
534 1378 699 1414 ἐρημώσεως
715 1379 764 1414 τῆς
789 1380 986 1415 ἐπιτεταμένης

152 1420 213 1446 ἀντὶ
224 1420 353 1456 τροπαίου
369 1421 441 1453 τινος
452 1422 628 1457 φαινομένης.
643 1421 684 1450 Οὔ
697 1423 751 1458 γὰρ
761 1422 903 1458 ἐργῶντιιι
913 1423 987 1451 δέκα

152 1462 238 1497 ζεύγη
258 1463 350 1496 βοῶν,
373 1463 492 1498 ποιήσει
516 1465 657 1500 κεράμιον
675 1466 726 1493 ἓν·
749 1467 798 1493 καὶ
819 1468 835 1493 ὁ
855 1467 987 1501 σπείρων

150 1506 281 1540 ἀρτάϐας
293 1506 338 1539 ἐξ,
351 1508 470 1542 ποιήσει
484 1508 578 1544 μέτρα
590 1511 666 1544 τρία.
683 1510 747 1537 Ἀπὸ
762 1511 810 1546 τῆς
825 1511 928 1542 πόλεως
941 1512 986 1538 ἐπὶ

151 1550 200 1585 τὴν
215 1550 265 1585 τῆς
285 1551 376 1586 χώρας
391 1553 508 1588 ἐρημίαν
527 1553 617 1588 ἐξάγει
633 1554 679 1580 τὸν
696 1553 782 1588 λόγον,
800 1554 871 1581 ὥστε
889 1554 987 1582 πάντο-

152 1594 198 1621 θεν
210 1594 381 1630 καταπλῆξαι
393 1596 439 1623 τὸν
452 1598 597 1634 ἀκροατήν.
616 1598 685 1625 Οὔτε
699 1598 753 1634 γὰρ
764 1599 791 1626 αί
803 1599 896 1631 οἰκίαι,
908 1599 984 1634 φησὶ,

153 1638 295 1672 καθέξουσι
319 1640 382 1671 τοὺς
395 1640 577 1673 ἐνοικοῦντας,
594 1641 656 1668 οὕτε
673 1643 689 1677 ἡ
707 1642 743 1677 γῆ
757 1643 806 1678 τὴν
823 1643 906 1678 αὐτῆς
926 1643 985 1670 ἐπι-

150 1681 265 1714 δείξεται
278 1683 401 1718 δύναμιν.
417 1684 473 1711 Kal
488 1685 541 1720 γὰρ
557 1685 586 1718 ἐξ
603 1685 690 1721 ἀρχῆς
705 1685 748 1712 διὰ
763 1686 814 1721 τὴν
833 1686 881 1712 τοῦ
900 1687 983 1721 Ἀδὰμ

152 1725 290 1761 ἁμαρτίαν
309 1727 430 1760 ἀκάνθας
456 1728 503 1754 καὶ
522 1728 661 1764 τριϐόλους
683 1728 829 1765 ἐξήνεγκε·
848 1730 895 1756 ml
925 1730 983 1765 μετ’

150 1769 266 1803 ἐκεῖνον,
282 1770 327 1797 διὰ
341 1771 389 1806 τὴν
403 1770 450 1797 τοῦ
468 1771 538 1799 Κάῖν
555 1771 738 1808 παρανομίαν,
750 1773 878 1800 ἐλάττονα
895 1773 984 1809 πολλῷ

149 1813 196 1840 τὸν
211 1814 290 1841 πόνον
304 1815 350 1842 τὸν
363 1815 467 1842 ἐκείνου
479 1823 492 1837 α
505 1817 552 1843 ml
562 1817 611 1852 τῆς
625 1817 727 1849 οἰκείας
739 1819 830 1853 ἰσχύος
839 1820 888 1854 τὴν
900 1820 984 1855 φορὰν

149 1857 333 1886 ἐπεδείκνυτο.
357 1860 412 1886 Kal
429 1860 563 1896 πολλαχοῦ
583 1861 611 1888 δέ
631 1862 747 1897 ἀλλαχοῦ
766 1863 814 1889 ίδοι
829 1871 872 1895 τις
891 1863 925 1891 ἂν
941 1864 984 1891 διὰ

147 1901 198 1932 τὶς
220 1902 275 1929 τῶν
291 1902 441 1938 ἀνθρώπων
462 1905 598 1940 ἁμαρτίας
618 1905 703 1940 αὐτὴν
720 1906 912 1942 κολαζομένην.
930 1907 985 1934 Καὶ

147 1945 175 1971 τί
191 1945 350 1982 θαυμάζεις,
367 1949 391 1975 εί
409 1950 492 1984 πηροῖ
502 1950 552 1982 τὰς
565 1951 646 1985 γονὰς
665 1952 748 1988 αὐτῆς
762 1954 808 1980 καὶ
825 1954 875 1985 τὰς
887 1954 983 1987 ὠδῖνας

148 1988 204 2016 τῶν
220 1990 371 2026 ἀνθρώπων
393 1993 410 2028 ἡ
425 1994 590 2029 παρανομία,
607 1995 674 2022 ὅπου
697 2005 729 2031 γε
750 1998 796 2024 ml
820 1998 926 2034 φθαρτὴ
949 1999 983 2026 δι’

149 2034 224 2069 ἡμᾶς
245 2035 366 2068 ἐγένετο,
386 2037 432 2062 καὶ
451 2037 588 2073 ἄφθαρτος
613 2038 694 2066 πάλιν
715 2039 749 2066 δι’
765 2041 837 2076 ἡμᾶς
858 2041 982 2076 γίνεται;

155 2078 264 2114 Ἐπειδὴ
279 2080 334 2115 γὰρ
349 2079 417 2112 ὅλως
431 2080 462 2107 τὸ
477 2078 546 2108 εἷναι
559 2081 592 2108 δι’
606 2083 681 2118 ἡμᾶς
697 2083 776 2110 ἔλαϐε
794 2085 840 2112 ml
853 2086 901 2121 τὴν
913 2087 984 2121 ἡμε-

148 2121 231 2158 τέραν
253 2123 407 2156 διακονίαν,
423 2125 470 2150 καὶ
486 2125 517 2152 τὺ
537 2125 621 2158 οὕτως
641 2127 658 2162 ἢ
681 2128 794 2160 ἐκείνως
817 2127 887 2156 εἶναι
904 2130 984 2158 πάλιν

149 2166 273 2192 ἐντεῦθεν
288 2166 420 2202 λαμϐάνει
438 2168 486 2204 τὴν
501 2166 587 2205 ἀρχὴν
601 2171 646 2196 καὶ
663 2171 712 2207 τὴν
725 2171 812 2207 ῥίζαν.
826 2173 903 2200 Οὕτω
918 2174 984 2208 γοῦν

148 2210 197 2237 καὶ
212 2211 258 2237 ἐπὶ
273 2211 319 2238 τοῦ
332 2211 404 2240 Νῶε.
420 2212 528 2248 Ἐπειδὴ
539 2214 605 2249 πρὸς
617 2215 715 2241 κακίαν
728 2216 843 2252 ἐσχάτην
859 2217 984 2250 ἐξώκειλε

148 2254 203 2280 τῶν
223 2254 374 2290 ἀνθρώπων
390 2256 406 2291 η
421 2255 512 2290 φύσις,
534 2258 623 2285 πάντα
639 2259 754 2295 ἐφύρετο
769 2261 802 2287 τὰ
823 2262 983 2298 πράγματα,

148 2298 196 2325 καὶ
211 2299 366 2334 σπέρματα,
390 2300 436 2326 ml
454 2301 536 2335 φυτὰ,
561 2302 607 2328 ml
622 2302 725 2337 ἀλόγων
745 2304 822 2340 γένη,
837 2305 884 2332 ml
900 2306 917 2341 ή
935 2306 982 2341 γῆ,

148 2341 195 2368 ml
213 2341 341 2376 Θάλαττα,
358 2344 404 2370 ml
419 2343 484 2380 ἀὴρ,
505 2345 551 2371 ml
567 2345 628 2381 ὅρη,
645 2346 692 2374 ml
704 2348 798 2381 νάπαι,
816 2349 863 2376 ml
883 2349 982 2384 βουνοὶ,
997 2352 1008 2359 ’

148 2386 196 2411 ml
212 2386 314 2418 πόλεις,
326 2388 373 2413 καὶ
382 2387 469 2423 τείχη.
481 2389 528 2415 ml
540 2389 633 2421 οίκίαι,
645 2391 692 2417 ml
705 2391 820 2427 πύργοι·
834 2392 881 2419 ml
896 2392 984 2419 πάντα

149 2429 243 2461 ἁπλῶς
258 2430 354 2465 ἐκείνῳ
368 2430 408 2465 τῷ
421 2431 528 2467 φοϐερῷ
544 2431 604 2458 τότε
623 2433 773 2469 ἐκρύπτετο
787 2434 910 2469 πελάγει.
928 2435 984 2462 Καὶ

152 2473 244 2508 ἐπειδὴ
258 2473 340 2500 πάλιν
355 2474 493 2501 ἐπιδοῦναι
508 2475 539 2501 τὸ
555 2475 634 2509 γένος
648 2476 710 2508 ἔδει,
721 2477 770 2514 τὴν
786 2479 889 2505 οἰκείαν
904 2477 985 2505 εὐταέ

150 2516 209 2550 ξίαν
225 2517 419 2552 ἀπελάμϐανεν
432 2518 449 2553 ἡ
460 2518 508 2553 γῆ,
518 2519 565 2545 ml
574 2520 614 2551 εις
623 2519 671 2555 τὴν
684 2521 819 2557 προτέραν
831 2522 983 2557 εὐμορφίαν

149 2561 263 2596 ἐπανῄει
281 2561 371 2588 πάλιν.
382 2561 445 2588 Ἴδοι
456 2562 478 2588 δ’
491 2562 524 2589 ἄν
536 2571 577 2594 τις
586 2563 665 2590 τοῦτο
680 2565 727 2591 ml
741 2565 787 2591 ἐπὶ
798 2565 896 2600 μέρους
911 2567 984 2599 γινό-

150 2612 232 2639 μενον
248 2605 291 2632 διὰ
313 2605 362 2640 τὴν
379 2605 418 2637 εἰς
437 2606 596 2641 ἀνθρώπους
613 2608 706 2643 τιμήν.
725 2609 781 2634 Kal
798 2608 852 2645 γὰρ
866 2609 982 2644 πέλαγος

149 2649 295 2684 ἠφανίσθη,
312 2649 359 2675 ml
378 2649 458 2676 πάλιν
477 2651 574 2686 ἐφάνη,
596 2652 642 2678 καὶ
659 2651 733 2686 ἥλιος
748 2653 896 2688 ἐχαλινώθη
914 2654 983 2689 μετὰ

149 2690 274 2726 σελήνης,
296 2691 342 2717 ml
356 2690 401 2717 τὸν
417 2692 515 2718 οἰκεῖον
539 2692 637 2728 δρόμον
654 2693 764 2720 ἐπέλιπε
776 2715 783 2727 ,
804 2695 852 2721 ml
877 2695 933 2731 πῦρ
948 2696 983 2723 τὰ

149 2734 244 2765 ὕδατος
257 2735 421 2768 ἐπεδείξατο,
439 2737 485 2764 ml
497 2738 532 2772 γῆ
548 2737 582 2764 τὰ
594 2737 738 2772 πελάγους,
750 2740 797 2766 καὶ
813 2740 929 2776 πέλαγος
949 2741 983 2768 τὰ

149 2779 198 2814 τῆς
219 2779 271 2814 γῆς
282 2788 288 2796 ·
305 2781 351 2807 καὶ
374 2781 473 2815 πάντα,
492 2782 530 2814 ὡς
552 2784 638 2809 εἰπεῖν
654 2782 757 2815 ἁπλῶς,
771 2783 839 2819 πρὸς
857 2785 907 2820 τὴν
929 2785 983 2813 τῶν

181 2898 195 2934 ξ
208 2895 252 2921 llic
263 2898 362 2934 qmni‘no
373 2898 505 2934 ιεξεςξιιιίιιιη
525 2899 622 2924 videtur
635 2901 682 2924 τῶν
696 2901 773 2926 πόνων
786 2902 833 2926 τῶν
845 2902 943 2934 ἐκείνου,
957 2906 983 2929 ut

152 2930 223 2950 unum
237 2929 406 2954 animadvertit
417 2930 530 2954 Samius.

1037 204 1189 240 ἀνθρώπων
1213 203 1480 239 μετασχηματίζεται
1503 201 1679 229 λυσιτέλειαν.
1695 201 1750 228 Καὶ
1775 201 1870 237 ἐπειδὴ

1038 249 1147 275 πάντων
1158 248 1318 284 τιμιώτερος
1333 247 1484 283 ἄνθρωπος,
1494 246 1540 273 ml
1551 246 1585 273 δι’
1600 246 1680 273 αὐτὸν
1690 245 1724 272 τὰ
1737 246 1870 280 γενόμενα

1034 292 1150 323 ἅπαντα,
1161 292 1205 318 διά
1212 300 1253 318 τοι
1265 291 1342 318 τοῦτο
1354 291 1400 318 ml
1412 290 1471 323 νῦν,
1481 289 1538 326 [57]
1553 290 1776 325 ἐπειδὴῆμαρτεν
1788 290 1802 316 ὁ
1815 289 1869 316 τῶν

1040 335 1174 362 Ἰουδαίων
1188 336 1282 371 δῆμος,
1299 335 1391 370 ἐπέχει
1406 334 1455 365 τῆς
1468 334 1519 369 γῆς
1534 333 1583 365 τὰς
1599 332 1695 366 ώδῖνας
1711 333 1808 366 ὀΘεδς,
1822 334 1870 360 καὶ

1037 380 1105 416 μετὰ
1118 380 1230 412 πολλοὺς
1241 380 1337 411 πόνους
1348 379 1393 405 καὶ
1406 378 1520 413 ἱδρῶτας
1533 378 1582 405 οὐκ
1594 377 1688 413 ἀφίησι
1698 377 1747 408 τὰς
1762 377 1868 411 ἐκείνης

1035 423 1152 458 λαγόνας
1165 424 1214 459 τὴν
1225 423 1350 450 εἰωθυῖαν
1365 421 1451 458 φοράν
1462 422 1592 456 ἐνεγκεῖν,
1605 421 1646 447 ἵνα
1658 419 1803 447 κάντεῦθεν
1818 420 1868 455 μά-

1037 467 1130 498 θωσιν,
1147 468 1187 494 ὅτι
1209 467 1239 494 οὗ
1254 466 1413 503 γεωργικῶν
1435 465 1532 501 χειρῶν
1549 465 1641 500 τέχνη,
1662 464 1722 491 οὐδὲ
1744 464 1803 499 βόες
1822 465 1868 491 καὶ

1035 511 1163 547 ἄροτρον,
1181 512 1240 538 οὐδέ
1255 512 1306 547 γῆς
1333 510 1423 545 φύσις,
1441 510 1490 536 οὑκ
1513 509 1577 536 ἄλλο
1601 510 1654 536 τῶν
1676 509 1804 536 τοιούτων
1824 510 1868 536 οὑ-

1034 555 1088 586 δέν,
1103 555 1160 582 ἀλλ’
1170 556 1184 582 ὁ
1193 555 1294 582 τούτων
1314 554 1440 581 ἁπάντων
1457 553 1594 588 Δεσπότης
1608 550 1684 585 οὗτός
1696 554 1770 579 ἐστιν
1792 554 1806 579 ό
1821 553 1868 580 καὶ

1034 597 1140 633 δαψιλεῖ
1154 599 1187 634 τῇ
1205 598 1277 633 χειρὶ
1290 597 1377 625 πάντα
1389 597 1502 632 ἐκχέων,
1513 597 1560 624 ml
1575 597 1664 629 πάλιν,
1680 596 1788 623 ἐπειδὰν
1805 595 1866 632 βού-

1034 641 1124 676 ληται,
1135 641 1285 668 συστέλλων
1295 641 1412 668 ἅπαντα.
1424 642 1495 668 οὐαὶ
1510 642 1536 667 οί
1548 640 1725 675 ἐγειρόμενοι
1735 640 1768 667 τὸ
1783 640 1866 674 πρωῒ,

1034 684 1084 711 καὶ
1100 684 1134 711 τὸ
1147 685 1254 718 σίκερα
1266 683 1432 716 διώκοντες,
1441 685 1468 710 οί
1479 683 1623 718 μένοντες
1637 684 1670 710 τὸ
1685 682 1751 717 ὀψέ.
1772 683 1803 709 '0
1814 683 1868 718 γὰρ

1034 726 1116 760 οἶνος
1131 728 1241 760 αὐτοὺς
1251 726 1516 762 συγ-καύσει.Μετὰ
1530 726 1585 761 γὰρ
1600 726 1721 760 κιθάρας
1732 725 1779 753 καί
1790 728 1868 760 ψαλ-

1034 771 1139 805 τηρίου
1152 770 1200 798 καὶ
1216 769 1381 806 τυμπάνων
1389 770 1437 797 καί
1450 769 1551 797 αὐλῶν
1565 770 1617 797 τὸν
1634 767 1717 797 οἶνον
1727 770 1849 796 πίνουσι
1859 778 1865 785 ·

1033 814 1070 841 τὰ
1086 814 1120 841 δὲ
1137 814 1209 849 ἔργα
1224 814 1278 841 τοῦ
1294 813 1368 841 Θεοῦ
1389 815 1444 841 οὐκ
1464 814 1658 849 ἐμϐλέπουσι,
1673 813 1721 840 καὶ
1740 813 1776 840 τὰ
1797 813 1869 848 ἔργα

1034 857 1094 885 τῶν
1103 857 1211 893 χειρῶν
1221 858 1313 886 αὐτοῦ
1324 859 1360 885 οὺ
1374 857 1770 893 κατανοοῦσι.1(ατηγορήσας
1779 857 1868 884 αὐτῶν

1035 901 1190 933 πλεονεξίαν
1215 901 1325 937 πολλὴν,
1340 901 1386 928 καὶ
1413 900 1461 937 τὴν
1479 900 1556 936 ῥίζαν
1577 900 1624 928 τοῦ
1645 901 1731 927 κακοῦ
1749 901 1867 936 τίθησιν.

1034 944 1109 980 Λύτη
1123 945 1152 972 δὲ
1166 942 1200 980 ἦν
1219 946 1235 980 ἡ
1252 945 1331 980 μέθη,
1348 944 1451 980 μυρίων
1466 944 1595 980 γινομένη
1619 945 1711 971 κακῶν
1729 944 1867 977 ὑπόθεσις,

1034 988 1082 1015 ml
1101 988 1217 1024 μάλιστα
1241 989 1305 1016 ὅταν
1321 989 1390 1024 μετὰ
1411 989 1545 1023 τοσαύτης
1559 988 1690 1024 τολμᾶται
1710 988 1759 1023 τῆς
1783 989 1869 1024 ὑπερ-

1034 1032 1128 1068 ϐολῆς.

1071 1075 1104 1103 ε’.
1117 1076 1216 1102 Σκόπει
1230 1076 1296 1111 γοῦν
1311 1075 1369 1107 πῶς
1385 1075 1454 1111 μετὰ
1469 1074 1611 1111 ἀκριϐείας
1620 1075 1718 1107 αὐτοὺς
1732 1075 1868 1111 κωμῳδεῖ.

1035 1119 1128 1146 Πᾶσαν
1142 1119 1197 1155 γὰρ
1211 1119 1262 1155 τὴν
1277 1118 1384 1154 ἡμέραν
1397 1119 1436 1150 εἰς
1448 1118 1528 1145 τοῦτο
1542 1117 1712 1144 δαπανᾶσθαί
1726 1126 1818 1153 φησιν.
1830 1119 1867 1145 Ού

1034 1162 1089 1198 γὰρ
1105 1163 1171 1190 ὅταν
1185 1162 1414 1199 ἀριστοποιεῖσθαι
1430 1162 1488 1197 δέῃ,
1502 1161 1582 1189 τοῦτο
1601 1161 1762 1197 πράττουσι,
1777 1162 1868 1196 φησιν,

1034 1207 1102 1234 ἀλλὰ
1118 1207 1207 1234 πάντα
1224 1206 1269 1234 τὸν
1288 1206 1383 1242 καιρὸν
1401 1205 1486 1242 μέθης
1502 1205 1639 1237 ποιοῦντες
1654 1205 1759 1241 καιρὸν,
1774 1205 1820 1232 ml
1837 1207 1870 1232 ἐκ

1036 1250 1184 1286 προοιμίων
1205 1250 1254 1285 τῆς
1269 1249 1384 1285 ἡμέρας,
1414 1249 1458 1276 ὅτε
1476 1249 1593 1284 μάλιστα
1615 1249 1706 1280 αὐτοῖς
1727 1249 1869 1285 προσέχειν

1035 1295 1129 1329 ἐχρῆν,
1143 1294 1233 1330 πολλῷ
1247 1294 1286 1330 τῷ
1303 1294 1414 1330 ἀκράτῳ
1432 1293 1547 1324 διδόντες
1559 1293 1682 1325 ἑαυτοὺς,
1696 1293 1743 1319 καὶ
1757 1293 1869 1324 ἄκοντες

1034 1337 1126 1364 λοιπὸν
1145 1338 1192 1364 ml
1208 1337 1288 1373 μέχρι
1302 1338 1349 1373 τῆς
1370 1337 1488 1371 ἑσπέρας
1513 1337 1722 1371 ἐναπομένοντες
1739 1335 1776 1370 τῷ
1790 1336 1870 1371 νοσή-

1036 1389 1110 1416 ματι.
1129 1379 1253 1407 Ἐπειδὰν
1268 1380 1322 1415 γὰρ
1338 1379 1552 1415 ἆπαξηφθάσωσι
1570 1379 1814 1414 καταποντισθῆναι
1829 1380 1869 1411 είς

1033 1423 1078 1450 τὸν
1090 1423 1138 1459 τῆς
1156 1423 1289 1458 ἀκρασίας
1304 1422 1392 1458 βυθὸν,
1411 1423 1458 1449 καὶ
1476 1423 1531 1449 τῶν
1546 1422 1618 1449 κατὰ
1636 1422 1716 1456 φύσιν
1730 1422 1868 1448 ἐκπέσωσι

1035 1467 1152 1503 φρενῶν,
1168 1467 1214 1494 ml
1232 1467 1281 1502 τὴν
1294 1466 1382 1502 ψυχὴν
1398 1466 1570 1503 αἰχμάλωτον
1586 1467 1618 1502 τῇ
1634 1467 1739 1502 πονηρᾷ
1758 1466 1807 1501 τῆς
1821 1467 1869 1501 μέ-

1035 1510 1084 1546 θης
1106 1509 1288 1546 παραδώσωσι
1302 1511 1447 1546 τυραννίδι,
1469 1510 1596 1545 καθάπερ
1613 1511 1704 1537 πλοῖον
1721 1511 1868 1545 ἀνερμάτι-

1035 1562 1106 1586 στον,
1119 1555 1165 1580 καὶ
1177 1554 1343 1590 κυϐερνήτου
1356 1554 1403 1580 ml
1419 1553 1524 1581 ναυτῶν
1535 1553 1764 1589 ἀπεστερημένον,
1775 1553 1867 1586 ἁπλῶς

1034 1597 1081 1624 ml
1095 1597 1156 1632 είκῆ
1169 1598 1292 1633 φέρεται,
1308 1598 1340 1632 τῇ
1355 1597 1408 1624 τῶν
1424 1597 1528 1624 ὑδάτων
1547 1598 1656 1632 ἀτάκτῳ
1671 1597 1744 1633 ῥύμῃ
1764 1606 1867 1624 πανταο

1034 1642 1082 1677 χοῦ
1101 1642 1312 1677 περιαγόμενον,
1336 1642 1381 1668 τὸν
1398 1642 1480 1668 αὑτὸν
1494 1642 1526 1678 δὴ
1545 1642 1646 1677 τρόπον
1665 1642 1711 1668 καὶ
1726 1637 1798 1668 οὗτοι
1815 1642 1868 1668 ὑπὸ

1034 1685 1084 1721 τῆς
1099 1686 1184 1721 μέθης
1208 1686 1367 1721 ὑποϐρύχιοι
1393 1686 1543 1721 γενόμενοι.
1565 1685 1610 1712 Διό
1631 1693 1727 1720 φησιν’
1751 1684 1824 1712 οὐαί
1840 1687 1868 1712 οι

1033 1729 1212 1764 ἐγειρόμενοι
1231 1729 1265 1757 τὸ
1282 1730 1372 1764 πρωϊ,
1395 1729 1443 1756 καί
1465 1730 1497 1756 τὸ
1522 1729 1628 1763 σίκερα
1643 1728 1811 1761 διώκοντες.
1828 1729 1866 1755 Οὐ

1033 1773 1087 1809 γὰρ
1102 1774 1150 1808 τὴν
1165 1773 1260 1809 χρείαν
1280 1773 1424 1809 ἐπλήρουν,
1440 1772 1500 1799 οὐδὲ
1517 1773 1646 1807 ἀνέμενον
1662 1772 1807 1808 ἐπιθυμίας
1820 1781 1867 1806 γε-

1033 1818 1149 1852 νομένης
1174 1817 1317 1852 πληρῶσαι
1339 1817 1388 1852 τὴν
1404 1816 1522 1849 ἐνδειαν,
1545 1816 1602 1842 ἀλλ’
1626 1816 1706 1851 ἔργον
1728 1815 1866 1842 ἐποιοῦντο

1032 1861 1112 1888 τοῦτο
1126 1861 1172 1887 ml
1188 1861 1313 1896 μελέτην,
1329 1860 1360 1887 τὸ
1373 1859 1504 1895 διηνεκῶς
1521 1859 1639 1894 μεθύειν.
1661 1859 1706 1886 Διό
1726 1867 1816 1894 φησιν·
1833 1860 1867 1886 οι

1033 1905 1190 1938 διώκοντες
1203 1906 1317 1939 σίκερα.
1337 1905 1438 1940 Σίκερα
1455 1904 1484 1931 δέ
1503 1904 1619 1931 ἐνταῦθά
1634 1913 1700 1939 φησι
1713 1904 1773 1930 τῶν
1782 1903 1866 1939 φοινί-

1033 1957 1089 1976 κων
1102 1950 1148 1976 τὸν
1163 1949 1239 1982 ὀπὸν,
1259 1949 1289 1976 ὃν
1312 1949 1482 1984 ἐπετήδευον,
1500 1948 1684 1984 συντρίϐοντες
1700 1948 1745 1974 τὸν
1761 1948 1867 1984 καρπον

1033 1994 1081 2021 καὶ
1097 1993 1294 2025 καταθλῶντες,
1307 1994 1347 2024 είς
1356 1993 1428 2020 οἴνου
1450 1991 1697 2028 μετασχηματίζειν
1711 1991 1801 2026 φύσιν.
1813 1993 1868 2018 Καα

1035 2037 1149 2073 ρωτικὸν
1172 2036 1201 2064 δέ
1225 2038 1284 2064 ἐστι
1307 2037 1338 2063 τὺ
1361 2036 1491 2069 τοιοῦτον,
1517 2036 1565 2062 ml
1592 2035 1676 2071 μέθης
1692 2035 1864 2070 ὲργαστικόν.

1039 2081 1109 2107 Ἀλλ’
1119 2081 1195 2107 ούδέν
1209 2081 1355 2116 ύφωρῶντο
1366 2080 1467 2107 τούτων
1479 2081 1586 2112 ἐκεῖνοι,
1598 2079 1646 2115 τὴν
1658 2079 1754 2115 ἡδονὴν
1768 2087 1866 2106 παντα-

1033 2125 1080 2159 χοῦ
1096 2124 1252 2156 διώκοντες,
1272 2125 1398 2159 μένοντες
1416 2123 1446 2151 τὸ
1463 2124 1521 2159 ὀψέ.
1542 2124 1568 2150 '0
1584 2124 1639 2159 γὰρ
1656 2121 1736 2157 οἶνος
1755 2122 1866 2156 αὐτοὺς

1032 2169 1210 2203 συγκαύσει.
1226 2168 1342 2203 Τοιαύτη
1359 2167 1414 2203 γὰρ
1427 2168 1475 2202 τῆς
1490 2167 1573 2203 μέθης
1590 2168 1607 2203 ἠ
1628 2166 1718 2201 φύσις·
1734 2166 1865 2202 προϊοῦσα

1032 2213 1153 2246 αῠξεται,
1165 2212 1212 2239 καὶ
1226 2211 1416 2247 χαλεπώτερον
1428 2211 1457 2238 τὸ
1474 2210 1549 2246 δίψος
1565 2211 1645 2237 ποιεῖ.
1666 2208 1732 2237 Εἶτα
1747 2210 1794 2237 ml
1807 2211 1866 2236 ἐτε-

1034 2264 1078 2291 ρον
1092 2255 1142 2282 οὐκ
1159 2254 1268 2282 ἔλαττον
1281 2254 1405 2289 ἔγκλημα
1418 2253 1465 2280 τοῦ
1482 2253 1613 2289 προτέρου
1631 2253 1802 2289 προστίθησι,
1821 2253 1867 2279 λέι

1031 2307 1097 2334 γων·
1109 2299 1190 2325 Μετὰ
1202 2299 1256 2333 γὰρ
1266 2296 1387 2331 κιθάρας
1403 2297 1451 2324 καὶ
1464 2297 1632 2332 ψαλτηρίου
1644 2297 1693 2324 καί
1704 2296 1865 2332 τυμπάνων

1031 2343 1080 2369 καὶ
1098 2341 1201 2369 αὐλῶν
1221 2342 1274 2369 τὸν
1295 2339 1379 2368 οἷν-ον
1393 2341 1526 2368 πίνουσι.
1546 2340 1631 2367 Τοῦτο
1647 2341 1694 2368 καὶ
1712 2341 1805 2376 ἕτερος
1819 2340 1865 2374 ἐγ-

1031 2385 1109 2413 καλεῖ
1123 2385 1265 2420 προφήτης
1284 2385 1380 2419 λέγων·
1392 2386 1425 2412 Ol
1441 2385 1580 2418 πίνοντες
1596 2384 1650 2412 τὸν
1669 2383 1866 2418 διυλισμένον

1031 2427 1125 2462 οἶνον,
1139 2428 1187 2455 καὶ
1212 2428 1248 2455 τὰ
1262 2428 1362 2462 πρῶτα
1379 2429 1459 2463 μύρα
1472 2429 1632 2462 χριόμενοι,
1647 2429 1674 2454 οι
1689 2427 1865 2462 κροτοῦντες

1031 2474 1105 2508 πρὸς
1122 2474 1179 2507 τὴν
1197 2473 1303 2508 φωνὴν
1321 2473 1334 2493 ι)
1346 2472 1405 2500 τῶν
1419 2472 1561 2507 ὀργάνων.
1582 2472 1627 2505 Ὡς
1639 2471 1754 2499 ἑστῶτα
1768 2471 1865 2505 ἐλογί-

1031 2526 1135 2550 σιιντο,
1149 2517 1198 2544 καὶ
1215 2518 1272 2552 οὐκ
1286 2517 1326 2551 ὡς
1339 2518 1497 2552 φεύγοντα.
1514 2517 1569 2544 Kal
1582 2517 1636 2552 γὰρ
1650 2517 1768 2552 ἐσχάτης
1783 2516 1863 2543 ἀναλ-

1031 2562 1129 2597 γησίας
1154 2561 1233 2587 τοῦτο
1256 2561 1286 2588 τὸ
1310 2561 1431 2596 σημεῖον,
1448 2561 1494 2587 ml
1514 2560 1601 2595 ψυχῆς
1626 2560 1815 2595 ἐκλελυμένης,
1832 2559 1864 2586 τδ

1031 2608 1144 2644 θέατρον
1173 2609 1260 2634 ποιεῖν
1285 2608 1334 2644 τὴν
1361 2608 1450 2634 οἰκίαν
1473 2607 1522 2642 τὴν
1544 2607 1651 2639 ἑαυτοῦ,
1669 2607 1715 2634 ml
1732 2607 1864 2638 τοιούτοις

1030 2652 1149 2688 ᾄσμασιν
1180 2652 1293 2684 ἑαυτοὺς
1321 2651 1464 2678 ἐκδιδόναι.
1480 2651 1568 2687 Ὅπερ
1594 2651 1641 2678 καὶ
1665 2652 1681 2686 ὴ
1705 2649 1773 2686 μέθη
1793 2650 1864 2676 ποιεῖ

1032 2696 1176 2729 σκοτοῦσα,
1198 2696 1276 2723 τοῦτο
1290 2696 1306 2731 ή
1328 2695 1443 2731 μουσικὴ
1460 2695 1628 2730 μαλάττουσα
1642 2694 1672 2721 τὸ
1687 2694 1794 2720 εὔτονον
1813 2693 1864 2728 τῆς

1030 2739 1158 2772 διανοίας,
1182 2740 1229 2767 ml
1249 2739 1412 2766 κατακλῶσα
1424 2739 1481 2774 [58]
1497 2739 1546 2773 τῆς
1558 2738 1648 2774 ψυχῆς
1662 2738 1712 2773 τὴν
1726 2737 1861 2773 ἀνδρείαν,

1031 2783 1078 2810 καὶ
1093 2784 1138 2810 ἐπὶ
1151 2783 1275 2818 μείζονας
1294 2782 1427 2816 ἐξάγουσα
1446 2781 1596 2816 ἀσελγείας.
1616 2781 1653 2808 Τὰ
1669 2780 1704 2807 δὲ
1720 2781 1790 2816 ἔργα
1808 2778 1862 2807 τοῦ

1061 2903 1113 2928 bln
1128 2903 1314 2934 Bibliislpgimr
1326 2905 1348 2927 οἱ
1371 2902 1548 2930 ἐπικοατοῦντες
1569 2901 1626 2934 πρὸς
1649 2904 1692 2932 τῆιι
1712 2902 1799 2934 φωνήν·
1823 2901 1862 2926 lo-

1032 2941 1123 2966 cusque
1136 2935 1174 2960 mc
1189 2935 1270 2960 ιλιι]θεί
1290 2935 1402 2960 inversus
1425 2935 1534 2965 all'erlur,
1551 2935 1587 2958 ιιιί
1599 2940 1671 2965 supra
1683 2933 1831 2958 dicebamus.
