2068 3130
184 133 214 162 6t
820 127 852 156 lN
872 128 998 163 lSAlAM,
1017 128 1092 157 car.
1115 130 1146 158 v.
1787 138 1829 166 ω,

219 191 242 217 4.
259 189 320 217 llzce
330 189 411 217 etiam
419 197 489 217 nunc
496 189 590 216 Mutari
600 187 689 216 videre
697 191 738 215 est
747 187 781 214 ab
792 187 835 220 iis,
849 187 894 222 qui
909 187 979 214 male

184 236 281 264 divitiis
300 240 422 269 utuntur,
448 236 493 271 qui
516 235 602 263 vicina
625 234 683 261 loca
710 232 834 261 invadere
848 233 976 268 cogitant,

185 290 235 309 non
247 286 274 309 ut
285 282 458 310 securitatem
473 281 586 317 pariant,
603 282 650 308 sed
671 285 699 307 ut
722 278 832 307 insidias
848 279 978 314 proximis

186 328 340 360 moliantur,
363 328 408 364 qui
423 332 452 356 ut
466 328 533 363 ignis
552 334 695 362 grassans,
709 326 745 352 ita
760 325 862 352 vicinos
884 332 979 352 omnes

181 373 306 409 spoliant.
324 374 457 409 Numquid
473 371 616 400 habitabitis
629 371 912 407 solisttperterram?9.
926 371 979 397 Au-

181 422 236 448 dita
248 427 306 449 sunt
318 423 386 449 enim
409 430 477 450 nunc
503 424 529 449 in
553 421 657 448 auribus
672 420 775 448 Domini
788 420 900 450 Sabaoth
914 420 977 447 hac.

183 467 306 496 Ostendit
320 468 380 496 illos
393 468 490 496 frustra
513 467 636 495 laborare
657 471 684 494 et
697 467 772 494 nullo
791 466 890 494 fructu.
910 465 978 499 Quia

182 513 256 540 enim
268 521 322 540 non
332 513 372 541 ita
381 514 510 548 supplicia
525 517 552 540 et
570 513 705 540 cruciatus
718 512 870 547 hujusmodi
890 511 978 539 hemi-

183 566 232 586 nes
245 557 378 586 abducere
393 559 490 591 solent,
507 563 536 586 ut
549 566 611 585 cum
621 558 706 593 probe
727 558 878 590 didicerint,
893 565 921 584 se
931 565 977 584 ra-

183 604 255 638 pina:
266 604 381 631 fructum
395 611 448 632 non
461 608 645 639 percepturos,
661 603 730 631 hanc
740 603 766 631 in
779 611 826 632 eos
836 604 887 632 fert
900 611 977 630 com-

183 649 356 676 minationem
379 649 490 683 dicens,
511 649 584 684 ipsos
610 649 793 682 laboraturos,
816 652 844 676 et
864 649 978 677 miseriis

181 694 292 722 affectos
304 699 441 730 peccatum
451 695 625 730 admissuros,
639 695 687 723 sed
701 695 735 722 ab
748 695 805 731 ejus
821 703 870 723 usu
885 700 911 723 et
922 695 977 722 fru-

181 745 226 767 ctu
243 741 364 776 lapsuros
379 749 448 769 esse.
457 741 516 769 Non
529 742 600 769 enim
613 741 743 770 insomnis
755 742 800 770 ille
811 743 904 770 oculus
916 742 976 769 tali-

182 786 232 814 bus
247 788 311 815 visis
326 787 486 815 facinoribus
499 788 627 824 quiescet.
645 787 710 815 Illud
725 795 799 821 vero,
815 788 908 814 Audita
920 792 978 815 sunt

182 841 258 867 nunc,
272 841 324 861 non
339 834 403 861 dicit
412 834 488 870 quasi
502 839 564 862 tunc
576 841 619 862 res
634 837 715 869 gesta:
729 838 799 862 notze
813 833 862 861 sibi
875 837 976 866 essent,

182 879 230 907 sed
247 880 323 915 quasi
341 879 405 907 ultio
426 888 442 908 e
462 880 573 916 vestigio
599 884 772 914 sequeretur,
786 879 978 914 retributioque

183 925 304 953 instaret.
318 925 349 953 Si
363 926 430 953 enim
443 926 536 960 fuerint
558 926 647 952 domus
668 925 765 959 multa,
777 925 804 952 in
817 925 977 952 solitudinem

183 976 256 998 erunt
270 979 369 1006 magna
378 976 401 999 et
412 972 535 1007 pulchrte,
549 980 593 999 nec
606 977 677 999 erunt
692 972 736 1007 qui
748 971 857 999 habitent
868 972 894 999 in
908 972 954 999 eis.

219 1017 339 1044 Avaritia
358 1018 470 1045 morbus.
483 1033 520 1039 —
536 1017 692 1054 llujusmodi
714 1021 756 1046 est
770 1018 880 1046 avaritia
895 1027 902 1045 :
915 1025 977 1046 cum

184 1063 258 1098 plura
271 1063 472 1098 possessoribus
491 1063 574 1096 addit,
593 1063 665 1098 ipsos
685 1063 765 1090 etiam
780 1071 811 1091 ex
828 1063 900 1099 prius
913 1071 977 1099 pos—

183 1109 264 1136 sessis
276 1109 375 1144 dejicit.
390 1109 465 1143 Quod
478 1109 560 1137 etiam
571 1109 614 1137 hic
627 1109 894 1138 subindicatdicens:
910 1110 976 1138 Cum

183 1155 322 1190 splendide
343 1155 549 1190 aedificaveritis,
567 1160 595 1184 et
612 1156 729 1183 omnium
743 1156 812 1183 bona
827 1156 902 1183 vobis
915 1163 976 1184 cor-

185 1202 321 1234 raseritis,
343 1206 407 1229 tunc
430 1201 510 1229 etiam
534 1201 630 1233 abiis,
646 1209 706 1236 quae
726 1203 800 1237 prius
819 1201 975 1235 habebatis,

184 1247 322 1275 excidetis.
338 1247 370 1274 Et
380 1247 489 1275 stabunt
508 1246 580 1274 aedes
599 1247 686 1274 nullos
699 1246 862 1275 habitatores
875 1247 975 1275 haben-

185 1297 234 1326 tes,
249 1292 296 1320 sed
313 1293 374 1320 tuba
388 1293 528 1320 clariorem
551 1292 701 1320 eminentes
717 1300 809 1320 vocem
821 1298 914 1320 contra
927 1299 975 1320 eos

184 1338 228 1372 qui
253 1338 313 1366 illas
327 1338 401 1373 prius
416 1342 569 1373 rapuerant,
589 1338 713 1365 vastitate
732 1338 777 1365 illa
792 1342 863 1365 tanta
885 1338 976 1373 tropaei

185 1383 268 1411 iltSlar
290 1384 418 1411 exhibita.
434 1384 477 1411 10.
495 1383 544 1411 Ubi
564 1383 631 1411 enim
653 1388 790 1419 operantur
808 1383 893 1410 decem
911 1384 978 1419 juga

185 1430 269 1462 boum,
286 1430 361 1466 faciet
376 1429 538 1465 lagunculam
551 1438 627 1456 unam
641 1437 651 1456 :
661 1433 683 1456 et
695 1429 738 1464 qui
751 1429 858 1456 seminat
876 1429 977 1456 artabas

184 1484 238 1508 sex,
252 1477 327 1511 faciet
346 1484 476 1503 mensuras
490 1480 549 1504 tres.
565 1475 606 1504 Ab
630 1475 697 1503 urbe
711 1475 737 1503 in
751 1475 806 1510 agri
828 1476 978 1503 vastitatem

145 1532 151 1537 ~
185 1529 336 1550 sermonem
353 1522 452 1555 educit,
468 1522 502 1548 ita
518 1526 546 1549 ut
564 1521 679 1556 undique
702 1520 850 1548 auditorem
874 1521 977 1556 percel-

186 1568 231 1594 lat.
248 1567 339 1603 Neque
360 1568 433 1596 enim
447 1568 552 1600 domus,
574 1567 674 1602 inquit,
690 1566 854 1594 habitatores
873 1567 977 1594 detine-

186 1613 265 1648 hunt,
289 1622 375 1649 neque
397 1620 466 1641 terra
485 1621 560 1641 suam
574 1613 695 1641 ostendet
711 1612 826 1640 nativam
840 1613 975 1642 virtutem.

185 1661 291 1688 Etenim
305 1660 339 1688 ab
349 1660 425 1688 initio
436 1660 470 1688 ob
482 1659 547 1688 Ade:
562 1664 701 1695 peccatum
721 1659 811 1694 spinas
825 1662 852 1686 et
865 1659 977 1686 tribulos

187 1707 309 1741 protulit;
331 1714 362 1734 ac
390 1711 449 1741 post
469 1706 554 1738 illum,
570 1710 679 1740 propter
701 1704 776 1732 Caini
800 1705 974 1740 iniquitatem,

186 1752 269 1779 nmlto
280 1752 411 1779 minorem
424 1759 503 1787 quam
516 1751 620 1779 labores
631 1750 688 1786 ejus
697 1750 847 1785 exigebant,
859 1754 886 1777 et
896 1757 976 1785 quant

186 1798 224 1826 vis
236 1797 323 1825 nativa
340 1801 418 1825 terra:
438 1798 606 1832 postulabat,
622 1801 778 1831 proventum
795 1797 863 1824 tulit.
887 1796 977 1831 Smpe-

185 1852 235 1880 que
247 1844 309 1871 alibi
325 1843 417 1871 videre
427 1847 470 1871 est
482 1848 580 1871 terram
593 1843 626 1870 ob
641 1847 748 1877 peccata
763 1842 899 1869 hominum
915 1843 974 1877 ple-

185 1890 229 1917 cti.
244 1889 278 1917 Et
292 1889 356 1924 quid
377 1889 493 1922 miraris,
512 1888 535 1915 si
557 1888 683 1923 iniquitas
706 1892 784 1915 terra:
812 1888 974 1915 fertilitatem

185 1935 313 1964 obtundat
337 1935 529 1970 hominumque
545 1933 734 1962 fecunditatem
745 1955 753 1968 ,
770 1933 876 1969 quando
894 1934 974 1962 etiam

184 1977 292 2016 propter
313 1988 363 2008 nos
387 1980 567 2015 corruptibilis
586 1979 654 2008 facta
680 1984 731 2013 est,
744 1983 771 2007 et
794 1983 902 2014 propter
925 1987 975 2007 nos

185 2034 290 2054 rursum
327 2026 532 2061 incorruptibilis
566 2025 700 2053 efficitur?
727 2025 794 2059 Quia
817 2025 890 2053 enim
914 2033 976 2060 pro-

184 2077 241 2107 pter
260 2079 310 2099 nos
333 2072 453 2104 omnino,
467 2076 493 2099 et
513 2076 623 2106 propter
638 2071 814 2098 ministerium
841 2075 972 2105 nostrum,

184 2117 364 2144 exsislentiam
383 2116 494 2150 accepit,
519 2115 580 2143 hinc
601 2115 681 2143 etiam
693 2115 788 2150 accipit
810 2119 838 2143 ut
861 2115 911 2143 hac
931 2116 974 2144 vel

184 2163 227 2190 illa
237 2161 391 2189 conditione
402 2161 454 2189 sint
464 2161 520 2196 ejus
533 2161 691 2196 principium
703 2165 730 2189 et
742 2161 828 2188 radix.
842 2161 886 2189 Sic
893 2162 973 2189 etiam

187 2214 307 2243 tempore
331 2207 388 2235 Noe
405 2206 513 2234 factum.
535 2207 601 2241 Quia
616 2207 641 2233 in
655 2211 802 2234 extremam
828 2207 974 2242 nequitiam

185 2258 275 2280 natura
290 2252 427 2280 hominum
444 2251 606 2285 deﬂexerat,
622 2259 665 2279 res
675 2259 769 2279 omnes
781 2251 971 2286 miscebantur,

185 2299 296 2331 semina,
312 2298 419 2333 plantae,
434 2297 572 2325 brutorum
585 2304 693 2332 genera,
713 2301 782 2325 terra
793 2318 802 2332 ,
818 2305 901 2331 mare,
915 2306 972 2331 aer,

184 2348 297 2376 montes,
313 2343 407 2375 saltus,
425 2343 518 2376 colles,
537 2343 628 2376 urbes,
643 2343 723 2376 muri,
739 2342 845 2377 domus,
862 2348 948 2371 turres
964 2352 970 2370 :

182 2389 324 2424 omniaque
346 2396 456 2424 prorsus
470 2389 581 2416 terribili
603 2389 648 2416 illo
668 2390 761 2424 pelago
775 2389 969 2418 obruebantur.

183 2435 247 2468 Quia
269 2443 334 2464 vero
353 2443 459 2464 rursum
478 2443 588 2463 necesse
608 2439 665 2463 erat
679 2439 708 2463 ut
727 2436 870 2463 humanum
889 2444 973 2472 genus

183 2486 358 2515 accresceret,
375 2486 444 2510 terra
458 2482 577 2508 nativum
589 2488 667 2508 suum
683 2481 804 2509 ordinem
818 2482 930 2516 accepit,
946 2486 974 2510 et

182 2531 207 2557 in
225 2529 341 2563 priorem
357 2527 515 2562 elegantiam
535 2526 655 2555 restituta
670 2531 720 2554 est.
736 2526 764 2554 ld
779 2531 867 2554 autem
882 2527 972 2555 videas

183 2580 213 2600 ex
227 2578 302 2608 parte
319 2573 416 2600 factum
429 2572 456 2600 in
469 2571 605 2599 hominum
626 2571 766 2599 honorem.
780 2571 884 2599 Etenim
898 2572 972 2607 pela-

182 2626 229 2653 gus
249 2626 279 2646 se
293 2617 449 2650 summovit,
464 2621 491 2645 et
505 2617 601 2645 iterum
614 2617 745 2652 apparuit,
769 2617 808 2644 sol
825 2617 972 2645 refrenatus

181 2669 221 2691 Est
231 2672 292 2692 cum
306 2664 380 2697 luna,
395 2664 558 2699 solitumque
569 2670 675 2691 cursum
688 2663 819 2696 deseruit,
834 2663 901 2699 ignis
911 2670 972 2698 qua:

180 2710 212 2738 ad
223 2718 318 2746 aquam
326 2709 496 2745 pertinebant
505 2709 636 2744 praestitit,
653 2713 724 2737 terra
736 2716 796 2744 quae
808 2709 840 2736 ad
852 2709 969 2744 pelagus,

181 2756 288 2791 pelagus
302 2764 361 2791 quae
377 2755 411 2782 ad
427 2760 526 2782 terram
541 2763 548 2782 :
565 2755 719 2790 omniaque,
735 2758 764 2782 ut
778 2755 860 2782 semel
873 2755 971 2788 dicam,

182 2803 207 2830 in
223 2801 362 2830 utilitatem
375 2802 516 2829 hominum
530 2809 560 2830 se
574 2802 773 2830 transformant.
792 2802 825 2829 Et
838 2802 899 2838 quia
911 2809 971 2829 om-

179 2849 222 2876 nia
237 2849 339 2878 honore
353 2848 482 2885 pmcedit
495 2847 574 2877 homo
586 2869 593 2882 ,
610 2853 770 2885 propterque
781 2848 866 2883 ipsum
880 2847 971 2876 omnia

1030 187 1099 215 facta
1114 191 1192 219 sunt;
1221 188 1280 216 ideo
1293 192 1320 217 et
1333 196 1415 223 nunc,
1429 189 1622 225 quiaJudaicus
1638 194 1750 228 populus
1763 202 1820 229 pee-

1030 233 1116 268 cavit,
1131 239 1209 262 terrm
1222 239 1312 270 partus
1327 235 1397 263 Deus
1411 236 1526 270 cohibet,
1545 245 1576 265 ac
1589 243 1650 274 post
1663 240 1759 269 multos
1775 242 1814 269 la-

1031 282 1110 310 bores
1124 282 1287 318 sudoresque
1299 290 1352 310 non
1367 283 1431 311 sinit
1444 284 1502 318 ejus
1516 285 1618 313 viscera
1633 286 1740 314 solitum
1755 295 1818 322 pro-

1029 332 1137 354 ventum
1159 327 1280 361 refcrre;
1305 332 1334 356 ut
1356 328 1418 356 inde
1440 329 1554 364 discant,
1575 338 1628 358 non
1651 332 1820 368 agricultura:

1029 377 1124 406 artem,
1138 380 1187 401 nec
1207 373 1289 402 boves
1303 378 1329 402 et
1341 379 1460 403 aratrum
1471 396 1478 408 ,
1494 384 1580 413 neque
1596 381 1673 405 terra:
1685 384 1822 415 naturam,

1030 426 1080 447 nec
1094 420 1165 448 aliud
1180 421 1265 448 simile
1276 422 1421 457 quidpiam,
1433 422 1481 450 sed
1496 423 1590 451 horum
1601 424 1719 452 omnium
1730 425 1820 453 Domi-

1029 474 1093 494 num
1107 474 1178 501 esse,
1201 468 1246 504 qui
1274 468 1377 496 liberali
1391 476 1470 496 manu
1486 469 1573 497 omnia
1596 470 1717 504 effundit,
1731 476 1758 499 et
1771 472 1820 500 ite-

1030 519 1101 545 rum,
1122 520 1182 540 cum
1198 513 1264 547 vult,
1284 513 1372 541 omnia
1394 513 1510 542 cohibet.
1526 515 1568 542 ll.
1589 514 1633 543 Vtz
1651 517 1695 552 qui
1712 522 1820 553 surgunt

1029 565 1112 596 mane,
1122 563 1144 586 ct
1153 559 1259 586 siceram
1272 564 1461 594 persequuntur,
1474 560 1516 594 qui
1526 565 1626 588 manent
1637 563 1671 588 ad
1680 570 1816 598 vesperam.

1035 602 1125 630 Vinum
1145 606 1211 631 enim
1234 606 1370 632 succende!
1389 613 1442 632 eos.
1460 605 1503 632 l2.
1521 605 1590 632 Nam
1613 615 1670 634 cum
1683 608 1782 635 cithara
1795 613 1819 636 et

1030 649 1150 684 psalterio
1162 654 1186 676 et
1205 651 1332 685 tympanis
1344 655 1367 677 et
1387 651 1454 678 tibiis
1469 651 1554 678 vinum
1564 651 1651 680 bibunt
1663 661 1672 680 :
1683 661 1760 688 opera
1773 662 1821 681 au-

1029 700 1077 722 tent
1091 694 1140 722 Dei
1151 703 1201 722 non
1211 696 1358 731 respiciunt,
1375 701 1398 723 et
1407 704 1483 731 opera
1494 705 1614 725 manuum
1628 698 1682 733 ejus
1694 707 1744 726 non
1755 705 1815 726 colt-

1028 741 1149 768 siderant.
1163 741 1304 777 Postquam
1319 743 1454 778 ingentem
1465 744 1571 771 illorum
1581 745 1720 773 avaritiam
1728 746 1820 774 redar—

1028 788 1093 823 guit,
1109 788 1172 815 mali
1192 788 1309 816 radicem
1320 789 1362 816 hic
1375 789 1459 824 ponit.
1474 789 1537 817 llatc
1549 798 1613 818 vero
1623 795 1680 818 erat
1692 792 1817 826 ebrietas,

1029 839 1215 863 sexcentorum
1232 843 1311 863 causa
1330 836 1460 864 malorum
1475 845 1482 862 ε
1496 845 1556 864 cum
1576 838 1690 865 maxime
1705 838 1748 866 illa
1762 846 1820 866 tne-

1028 880 1094 908 dum
1109 888 1216 909 omnem
1230 882 1345 909 excedit.

1064 926 1090 953 5.
1121 926 1215 954 Contra
1239 926 1390 954 ebrietatem.
1416 942 1452 948 —
1475 928 1592 956 Observa
1617 929 1714 964 igitur,
1739 937 1818 964 quam

1028 976 1150 999 accurate
1161 972 1221 999 illos
1245 972 1374 1000 traducat.
1389 973 1484 1000 Totum
1504 974 1575 1000 enim
1587 974 1657 1002 diem
1670 974 1696 1002 in
1708 974 1766 1002 haec
1778 975 1818 1003 in-

1010 1012 1013 1019 ’
1028 1016 1099 1044 sumi
1111 1016 1185 1044 dicit.
1204 1016 1296 1052 Neque
1309 1017 1379 1045 enim
1394 1025 1454 1045 cum
1473 1018 1656 1052 prandendum
1671 1024 1722 1053 est,
1732 1020 1757 1048 id
1780 1020 1818 1047 fa.

1028 1061 1118 1094 ciunt,
1131 1061 1224 1097 inquit,
1238 1062 1285 1090 sed
1298 1070 1377 1090 omne
1390 1067 1494 1098 tempus
1517 1063 1543 1090 in
1557 1063 1692 1092 ebrietatis
1715 1069 1818 1099 tempus

1029 1111 1162 1134 vertentes
1173 1128 1180 1140 ,
1196 1107 1229 1135 ab
1242 1112 1302 1135 ortu
1315 1108 1366 1136 diei
1378 1128 1385 1141 ,
1407 1108 1513 1144 quando
1533 1109 1648 1138 maxime
1666 1110 1716 1137 sibi
1731 1115 1818 1138 atten-

1027 1151 1092 1179 dere
1104 1152 1235 1180 debebant
1247 1173 1254 1186 ,
1270 1153 1353 1180 multo
1365 1161 1440 1181 mero
1453 1161 1482 1181 se
1497 1154 1634 1187 dedentes,
1650 1156 1748 1184 vellent
1760 1157 1818 1184 nol-

1028 1196 1083 1224 lent
1099 1197 1226 1232 deinceps
1246 1206 1329 1233 uSque
1344 1198 1377 1226 ad
1390 1206 1529 1234 vesperam
1544 1200 1569 1227 in
1587 1201 1680 1229 morbo
1695 1209 1818 1236 perseve—

1027 1242 1130 1270 rabant.
1150 1242 1261 1276 Quando
1282 1243 1353 1271 enim
1373 1244 1456 1272 semel
1476 1244 1501 1271 in
1522 1239 1673 1280 voraginem
1688 1246 1818 1283 intempe-

1027 1289 1120 1316 rantize
1134 1296 1193 1317 sese
1205 1289 1388 1318 demerserant
1401 1310 1410 1325 ,
1423 1298 1454 1318 ac
1467 1290 1501 1318 de
1515 1292 1628 1318 naturali
1641 1294 1736 1320 mentis
1746 1299 1817 1321 statu

1028 1333 1196 1368 deciderant,
1220 1335 1389 1371 animamque
1407 1337 1538 1371 captivam
1565 1344 1652 1372 pravae
1679 1339 1816 1368 ebrietatis

1029 1380 1160 1415 tyrannidi
1179 1380 1358 1414 tradiderant;
1373 1381 1595 1416 quemadmodum
1616 1383 1690 1411 navis
1705 1391 1756 1411 nou
1774 1392 1816 1411 sa-

1029 1425 1146 1459 burrata,
1161 1426 1395 1462 gubernatoreque
1409 1430 1436 1454 et
1451 1427 1537 1454 nautis
1552 1427 1688 1462 destituta,
1705 1428 1817 1457 fortuito

1028 1476 1055 1499 et
1071 1480 1275 1508 quoquoversus
1299 1473 1400 1506 fertur,
1417 1474 1558 1501 temerario
1571 1481 1698 1509 aquarum
1718 1476 1818 1510 impetu

1029 1509 1181 1553 exagitata:
1197 1517 1321 1546 eumdem
1338 1518 1364 1545 in
1384 1518 1492 1546 modum
1505 1519 1532 1546 hi
1551 1519 1680 1547 ebrietate
1703 1509 1818 1549 demersi

1022 1563 1159 1602 feruntur.
1175 1563 1237 1591 Ideo
1252 1564 1289 1592 ait
1304 1573 1310 1592 :
1331 1563 1375 1591 Va:
1389 1565 1433 1599 qui
1447 1569 1553 1599 surgunt
1571 1573 1644 1592 mane
1656 1586 1662 1598 ,
1676 1571 1701 1593 et
1713 1567 1818 1594 siceram

1029 1616 1220 1645 persequuntur.
1235 1610 1293 1638 Non
1307 1611 1378 1638 enim
1389 1612 1577 1639 necessitatem
1594 1613 1754 1648 explebant,
1772 1623 1818 1641 nc-

1028 1663 1079 1691 que
1093 1656 1238 1691 appetitum
1261 1655 1460 1691 exspectabant,
1485 1661 1514 1683 ut
1532 1657 1568 1683 illi
1596 1656 1715 1685 facerent
1737 1660 1816 1692 satis;

1027 1701 1074 1729 sed
1088 1701 1114 1728 in
1129 1701 1180 1730 hoc
1194 1701 1240 1728 toti
1254 1700 1452 1734 incumbebant,
1470 1701 1519 1729 hoc
1530 1702 1668 1737 curabant,
1683 1707 1711 1730 ut
1725 1711 1819 1739 perpe-

1029 1751 1074 1774 tuo
1090 1746 1228 1774 temulenti
1242 1751 1341 1773 essent.
1357 1745 1458 1774 idcirco
1470 1747 1506 1774 ait
1524 1756 1530 1774 :
1545 1747 1595 1781 Qui
1609 1748 1715 1775 siceram
1730 1757 1818 1784 perse-

1027 1797 1148 1827 quuntur.
1158 1793 1275 1820 Siceram
1285 1793 1355 1820 enim
1367 1792 1409 1820 hic
1416 1792 1480 1820 dicit
1489 1793 1635 1828 palmarum
1646 1801 1753 1821 succum
1766 1795 1815 1830 (a),

1027 1847 1107 1874 quam
1122 1838 1308 1872 conﬁciebant,
1331 1838 1446 1866 fructum
1471 1843 1641 1867 contercnles
1663 1844 1817 1868 etcontun-

1027 1885 1121 1913 dentes
1133 1905 1141 1918 ,
1155 1889 1185 1912 ut
1199 1885 1226 1912 in
1246 1885 1300 1912 viui
1317 1884 1536 1913 transformarent
1557 1890 1690 1913 naturam.
1707 1887 1816 1922 Sopori-

1028 1931 1107 1959 ﬁcum
1128 1936 1217 1959 autem
1232 1937 1272 1958 est
1292 1931 1368 1963 illud,
1390 1931 1599 1966 ebrietatemque
1622 1931 1700 1966 parit.
1721 1934 1756 1960 At
1780 1933 1817 1961 illi

1027 1977 1093 2005 nihil
1108 1977 1202 2004 horutn
1218 1977 1396 2004 observabant
1407 1997 1414 2009 ,
1432 1977 1593 2011 voluptatem
1609 1977 1704 2013 ubique
1726 1985 1818 2013 perse-

1026 2028 1149 2058 quentes,
1175 2028 1203 2051 et
1218 2030 1301 2058 usque
1323 2023 1357 2050 ad
1383 2031 1523 2058 vesperam
1548 2029 1695 2052 manentes.
1726 2025 1818 2053 Vinum

1026 2071 1093 2098 enim
1102 2070 1234 2098 succendet
1248 2078 1298 2097 eos.
1308 2070 1380 2098 Talis
1394 2070 1491 2105 quippe
1499 2075 1540 2098 est
1552 2071 1690 2099 ebrietatis
1701 2077 1794 2100 natura
1807 2083 1813 2100 τ

1026 2123 1167 2151 progressa
1181 2120 1302 2150 augetur,
1313 2120 1342 2144 et
1355 2117 1504 2150 graviorem
1516 2116 1586 2143 sitim
1595 2117 1702 2145 excitat.
1716 2118 1817 2146 Deinde

1026 2162 1097 2190 aliud
1112 2170 1164 2190 non
1180 2163 1268 2189 minus
1288 2162 1376 2197 priore
1389 2162 1490 2190 crimen
1505 2162 1598 2197 objicit
1615 2163 1706 2190 dicens
1720 2173 1727 2191 :
1744 2164 1814 2192 Nam

1026 2217 1084 2236 cum
1098 2209 1194 2236 cithara
1210 2214 1234 2235 et
1248 2208 1386 2244 psalterio,
1410 2213 1433 2236 et
1450 2209 1576 2244 tympanis
1595 2214 1618 2236 et
1641 2210 1707 2237 tibiis
1729 2211 1816 2238 uinum

1026 2255 1122 2281 bibunt.
1145 2255 1218 2281 Hanc
1241 2254 1454 2281 criminationem
1477 2254 1577 2288 profert
1601 2255 1669 2282 alter
1684 2256 1814 2290 propheta

1025 2299 1116 2328 dicens
1137 2309 1144 2327 :
1165 2299 1214 2332 Qui
1227 2299 1314 2326 bibunt
1333 2299 1483 2335 de’fwcatum
1501 2299 1596 2332 vinum,
1619 2305 1642 2326 et
1660 2301 1749 2335 primis
1761 2309 1811 2328 un-

1025 2346 1124 2382 guentis
1137 2346 1215 2379 uncti,
1229 2345 1271 2380 qui
1282 2345 1408 2380 plaudunt
1415 2345 1449 2371 ad
1459 2353 1542 2372 vocem
1551 2353 1715 2381 organorum.
1734 2347 1813 2379 Quasi

1024 2393 1120 2420 stantia
1133 2395 1321 2427 reputaverunt,
1336 2396 1421 2418 etnon
1441 2391 1513 2425 quasi
1525 2392 1647 2427 fugientia
1671 2392 1681 2427 (
1693 2393 1768 2421 Amos
1786 2393 1812 2421 6.

1026 2438 1053 2466 6.
1068 2437 1112 2474 5).
1128 2437 1233 2465 Etenim
1257 2442 1383 2464 extremm
1399 2436 1552 2464 stoliditatis
1568 2437 1673 2472 signum
1688 2443 1740 2470 est,
1756 2439 1816 2466 ani-

1024 2483 1114 2518 mique
1133 2482 1254 2510 dissoluti
1278 2481 1386 2509 domttm
1404 2489 1478 2509 suam
1495 2482 1520 2509 in
1536 2482 1670 2510 theatrum
1685 2489 1812 2517 vertere,

1024 2535 1051 2558 et
1067 2529 1218 2565 huiusmodi
1238 2529 1348 2557 canticis
1367 2536 1397 2557 se
1418 2528 1526 2556 dedere.
1543 2529 1620 2562 Quod
1644 2533 1672 2558 et
1696 2530 1813 2558 ebrietas

1055 2596 1091 2628 (ιι)
1108 2595 1239 2627 singularis
1252 2599 1329 2628 certe
1351 2595 1424 2627 vocis.
1448 2593 1534 2628 sicne,
1552 2595 1730 2626 interpretatio.
1742 2599 1818 2621 Nemo

1024 2626 1115 2659 quippe
1138 2626 1228 2656 nescit,
1251 2626 1314 2650 hanc
1335 2626 1421 2651 vocem
1441 2626 1583 2650 Hebraicam
1605 2632 1661 2650 esse
1678 2632 1684 2650 :
1708 2632 1739 2650 ex
1759 2629 1817 2655 "aut

1025 2664 1135 2688 nimirum
1148 2669 1292 2693 expressum
1305 2665 1352 2691 est,
1363 2661 1449 2693 sicera.
1470 2660 1588 2693 signiﬁcat
1598 2665 1680 2686 autem
1691 2667 1762 2686 omne
1775 2669 1817 2692 [-0-

1025 2695 1096 2718 tionis
1107 2692 1188 2726 genus
1199 2693 1339 2726 inebriandi
1355 2694 1403 2717 vim
1415 2692 1519 2726 habens;
1531 2692 1597 2726 unde
1607 2699 1621 2717 a
1633 2693 1730 2717 ceteris
1741 2693 1817 2726 inter-

1024 2723 1135 2756 pretibus
1146 2724 1263 2756 redditur,
1275 2723 1385 2749 ebrietas.
1398 2723 1530 2756 Hesychius
1540 2723 1724 2756 interpretatur,
1736 2723 1815 2756 tinum

1024 2753 1179 2780 condimentis
1190 2755 1301 2779 mixtum.
1313 2758 1431 2786 Tempore
1442 2753 1545 2786 fortasse
1557 2753 1725 2786 ChrysostOIui,
1738 2753 1817 2786 liquor

1024 2793 1055 2812 ex
1069 2786 1200 2818 palmarum
1209 2793 1281 2811 sueco
1298 2785 1518 2815 confeetus,sit:cra
1532 2785 1669 2810 vocabatur.
1682 2787 1735 2809 Eam
1747 2785 1819 2815 quip—

1024 2824 1055 2854 pe
1067 2818 1293 2849 interpretationem
1305 2819 1384 2849 ipsum
1404 2824 1461 2843 esse
1477 2821 1639 2843 commentum
1651 2823 1698 2842 non
1712 2819 1813 2848 putave-

1023 2857 1076 2874 ΙἮΙΙ.
