2058 3122
235 122 271 150 63
591 119 620 146 S.
640 118 778 146 JOANNlS
797 117 1031 146 CllRYSOSTOMI
1053 117 1210 147 ARCHIEP.
1230 118 1497 150 CONSTANTINOP.
1835 127 1869 155 61

235 179 298 207 facit
320 177 437 206 tenebris
460 176 612 209 oﬂ‘uudeus,
625 176 675 203 hoc
692 181 719 203 et
733 175 832 202 nmsica
846 179 972 210 operatur
986 173 1027 201 vi-

234 233 325 260 gorem
345 224 443 251 mentis
463 222 618 255 einollieus,
643 222 777 256 roburque
792 220 872 248 animi
889 219 1027 255 frangens.

234 275 261 298 et
281 269 313 297 ad
328 269 457 303 majorem
471 268 591 296 alliciens
603 267 750 295 lasciviam.
770 266 855 301 Opera
876 270 961 292 autem
980 264 1029 291 Dei

235 323 285 343 non
300 315 448 349 respiciunt,
462 319 484 341 et
498 322 575 348 opera
589 321 710 340 manuum
725 312 779 347 ejus
792 320 842 339 non
856 311 1027 338 considerant.

237 361 282 389 Vel
298 360 427 388 miracula
441 359 499 395 ejus
509 359 583 392 dicit,
595 359 635 386 vel
648 363 748 386 natum
763 357 1026 393 contemplationem.

235 406 376 440 Quomodo
386 411 474 433 autem
486 405 588 441 possint
599 405 695 433 horum
709 409 873 440 spectatores
883 410 953 436 esse,
967 411 1028 430 cutn

235 454 306 481 diem
321 453 347 480 in
369 458 474 480 noctem
495 456 616 485 vertant,
644 455 723 479 noctu
747 458 812 478 vero
834 451 919 478 nihilo
934 449 1030 482 melius

235 500 290 527 sint
303 498 391 526 atiecti
403 519 410 531 ,
427 505 508 532 quam
523 497 638 525 mortui?
650 496 787 532 quomodo
803 500 930 531 poterunt
942 495 1027 524 solem

237 545 372 573 orientem
397 544 497 577 viuere,
515 543 573 571 ezeli
587 542 771 578 splendentem
787 542 1009 577 pulcluitudinem
1021 563 1029 575 ,

239 599 400 627 vespereque
414 591 516 618 varium
536 590 608 618 illum
623 589 761 618 stellarum
776 589 899 622 chorum,
915 593 1031 617 caetera—

237 645 352 672 rumque
366 642 549 665 creaturarum
565 636 687 664 ordinem
700 641 726 663 et
740 636 918 663 ministerium
932 657 939 668 ,
953 640 1032 663 exte-

238 683 352 712 rioribus
373 682 596 718 interioribusque
619 682 703 709 oculis
727 681 845 716 privati?
865 681 923 709 Non
938 688 1031 716 parum

238 737 303 765 ergo
325 729 351 757 in
367 729 418 757 boe
442 728 498 756 laesi
511 732 590 762 sunt,
607 727 678 763 quod
699 734 843 762 numquam
858 726 1031 761 contemplati

240 776 286 804 Dei
298 775 427 803 mirabilia
448 783 480 803 ex
498 774 548 802 hac
569 775 621 801 vita
636 774 786 807 discedant,
800 782 861 802 cum
877 774 949 801 omni
965 778 1033 801 tent-

241 829 306 856 pore
319 821 456 849 ebrietatis
475 820 592 848 tenebris
606 819 692 847 obruti
712 820 817 847 fuerint.
833 820 876 847 i5.
889 819 973 854 Igitur
986 827 1032 845 ca-

240 867 323 902 ptivus
334 867 416 902 factus
428 871 463 894 est
477 867 586 902 populus
599 873 678 899 meus,
690 874 717 893 eo
728 865 795 901 quod
809 873 859 892 non
871 867 1032 901 cognoverint

240 913 389 940 Dominum.
404 912 505 940 Rursus
519 911 588 947 quod
609 911 726 939 futurum
740 916 797 938 erat
820 915 849 938 ut
869 911 1033 946 praeteritum

240 959 393 992 annuntiat,
409 962 436 985 et
456 965 560 993 paruam
584 957 664 985 infert
677 957 774 985 delicto
797 956 869 985 huic.
894 956 1033 992 Siquidem

240 1004 282 1031 vel
293 1005 349 1039 ipsa
363 1004 477 1032 ebrietas
490 1003 602 1038 quodvis
615 1002 775 1038 supplicium
790 1007 923 1038 exmquat,
936 1002 1035 1030 tumul-

240 1054 295 1077 tum
321 1050 348 1077 in
370 1049 459 1077 anima
486 1049 603 1084 pariens,
625 1048 739 1083 caligine
758 1053 875 1076 mentem
903 1048 1033 1083 replens,

240 1097 371 1131 captivam
386 1097 471 1132 ipsam
485 1096 662 1129 eonstituens,
684 1095 833 1123 innumeris
847 1095 908 1133 illos
923 1096 1035 1123 interius

241 1147 268 1170 et
292 1143 408 1170 exterius
428 1144 545 1170 obruens
571 1142 680 1170 morbis.
703 1142 760 1170 Hoc
786 1146 899 1169 noverat
920 1141 1034 1175 Paulus,

241 1197 338 1224 nempe
363 1189 491 1217 malitiam
511 1196 558 1224 pro
579 1188 709 1224 supplicio
734 1196 809 1221 esse;
833 1188 893 1215 ideo
915 1188 950 1215 ait
968 1197 975 1215 ε
1001 1187 1035 1215 Ει

242 1235 380 1262 mercedem
393 1243 467 1269 quam
482 1235 602 1269 oportuit,
619 1234 710 1261 erroris
726 1234 765 1261 sui
779 1234 805 1261 in
817 1234 955 1269 semetipsis
969 1234 1035 1260 reci-

242 1282 336 1315 pientes
347 1280 356 1316 (
365 1279 437 1307 Rom.
453 1279 478 1306 1.
490 1279 547 1314 27).
569 1279 665 1307 Verum
679 1279 785 1315 quando
801 1279 826 1306 id
839 1280 920 1307 etiam
934 1279 1036 1307 stolidi-

243 1327 303 1355 tatis
315 1334 407 1354 eorum
425 1326 563 1362 proprium
584 1330 643 1359 est,
664 1326 735 1361 quod
751 1326 912 1361 puniantur,
937 1333 986 1353 nec
1006 1333 1036 1353 se

242 1374 329 1409 puniri
343 1374 470 1408 sentiant,
488 1373 560 1409 quod
577 1377 717 1408 mgrotent,
741 1380 791 1400 nec
811 1373 896 1400 sciant
911 1381 941 1400 se
955 1380 1037 1407 aegro-

243 1425 309 1453 tare,
328 1421 362 1448 ab
380 1420 480 1448 exteris
501 1420 583 1448 etiam
598 1419 760 1454 supplicium
784 1419 895 1452 inducit,
922 1418 1012 1453 aitque
1028 1428 1034 1445 :

241 1466 325 1503 Igitur
344 1467 456 1501 captivus
477 1467 559 1502 factus
573 1471 609 1492 est
623 1465 732 1501 populus
746 1473 828 1498 meus,
853 1473 881 1492 ea
905 1464 972 1499 quod
984 1472 1035 1491 non

241 1512 402 1550 cognoverint
424 1511 572 1538 Dominum.
589 1511 623 1538 Et
637 1511 773 1538 multitudo
791 1512 859 1546 facta
875 1515 910 1538 est
922 1515 1035 1536 mortuo-

241 1569 298 1587 rum
313 1565 416 1595 propter
428 1561 521 1595 fantem
531 1562 554 1586 et
565 1557 633 1586 sitim
648 1565 731 1594 aquto.
746 1556 809 1584 Vide
824 1555 932 1584 multam
953 1556 1036 1584 inscr-

241 1611 295 1633 tam
321 1605 347 1633 in
371 1605 502 1641 supplicio
523 1605 710 1637 mouitionem,
736 1612 822 1639 neque
849 1604 1034 1639 gravissimam

241 1651 330 1679 statim
344 1651 436 1678 induci
452 1651 612 1679 sectionem.
628 1650 720 1686 Neque
733 1651 805 1678 enim
820 1651 910 1678 subito
925 1649 1036 1685 captivi-

243 1702 324 1725 tatem
345 1697 452 1731 intulit,
469 1697 516 1725 sed
538 1696 634 1724 famem
654 1697 728 1732 prius
746 1700 774 1724 et
802 1696 886 1730 sitim,
908 1701 937 1723 ut
962 1696 1035 1723 domi

241 1749 380 1771 manentes
391 1764 399 1776 ,
416 1743 540 1770 meliores
558 1742 724 1776 evaderent,
746 1749 832 1777 neque
845 1742 880 1770 ob
901 1742 1035 1770 incurabi-

243 1790 296 1818 lettt
306 1790 429 1818 morbum
438 1789 612 1817 barbarorum
623 1789 768 1816 exercitum
781 1788 956 1815 attraherent.
968 1788 1035 1821 Quia

241 1843 306 1863 vero
319 1843 372 1862 non
383 1839 531 1867 cesserunt,
542 1834 661 1869 nihilque
676 1833 737 1861 inde
745 1833 841 1861 lucrati
852 1838 914 1862 sunt
925 1854 933 1867 ,
951 1839 1036 1861 extre-

241 1889 316 1908 mum
332 1880 447 1916 denique
460 1880 523 1915 ipsis
532 1879 634 1908 inducit
645 1880 816 1915 supplicium.
832 1881 960 1908 Attamen
973 1885 1036 1908 ante

242 1927 288 1954 illa
301 1947 309 1960 ,
324 1927 414 1954 verbis
428 1926 533 1954 extollit
546 1930 574 1954 et
587 1926 734 1961 ampliﬁcat
747 1926 825 1953 famis
839 1926 1033 1961 calamitatem,

242 1975 334 2002 dicens
350 1983 358 2002 :
375 1974 418 2001 H.
443 1972 566 2000 Dilatauit
587 1973 701 2008 infernus
720 1973 832 2000 animum
857 1981 930 2000 suout
953 1981 963 2001 :
982 1982 1036 2002 non

242 2020 314 2056 quod
335 2019 456 2048 infernus
469 2019 586 2046 animam
609 2019 705 2047 habent
722 2028 729 2046 :
745 2019 792 2047 sed
808 2027 930 2055 personae
951 2020 1035 2048 forma

243 2067 329 2094 minas
352 2066 485 2098 intentat,
502 2069 531 2092 ut
550 2066 652 2100 majore
667 2073 729 2093 eum
751 2066 873 2101 emphasi
899 2066 1034 2101 loquatur,

242 2112 395 2149 ingentique
415 2111 510 2139 timore
525 2111 676 2139 auditorum
692 2112 797 2140 animos
819 2112 953 2147 percellat.
973 2112 1036 2140 Ideo

243 2159 270 2186 in
288 2158 473 2194 prosopopoeia
487 2158 606 2193 persistit
621 2157 729 2186 dicens:
743 2158 778 2186 Et
790 2160 889 2194 aperuit
905 2168 934 2187 os
947 2168 1030 2193 suum,

242 2210 270 2232 ut
292 2212 341 2232 non
355 2209 432 2232 cesset
449 2204 544 2239 :quasi
556 2204 590 2232 de
607 2203 663 2231 fera
679 2200 758 2232 verba
773 2205 890 2240 faciens,
902 2211 928 2234 et
942 2206 1036 2242 imagi-

242 2259 305 2279 nem
324 2259 416 2279 rerum
439 2257 522 2285 prope
538 2250 610 2284 ipsos
625 2250 770 2278 adducens.
785 2251 915 2287 Quodque
930 2253 1037 2288 gravius

243 2301 295 2330 est,
321 2304 373 2324 non
392 2296 473 2324 modo
487 2296 591 2331 aperuit
605 2304 635 2324 os
653 2303 741 2328 suum,
754 2296 802 2324 sed
817 2296 900 2325 hianti
914 2305 961 2325 ore
977 2306 1036 2326 ma—

244 2347 299 2375 net,
315 2350 364 2370 nec
386 2350 419 2370 ex
431 2342 486 2377 jam
503 2341 637 2377 absorptis
651 2343 774 2370 satiatur.
794 2343 827 2370 Et
840 2343 988 2370 descendent
1003 2345 1036 2370 ad

242 2396 300 2414 eum
314 2388 417 2423 gloriosi
429 2408 436 2420 ,
451 2393 473 2415 et
488 2393 617 2424 magnetes
629 2409 636 2420 ,
651 2394 673 2416 et
695 2388 783 2416 diuites
795 2409 803 2422 ,
828 2395 851 2417 et
868 2395 949 2425 pestes
970 2391 1034 2425 ejus.

243 2432 358 2466 Exhinc,
377 2439 405 2460 ut
420 2434 489 2461 scias
502 2442 554 2462 non
567 2434 713 2462 secundum
728 2440 830 2463 naturze
844 2436 966 2464 ordinem
981 2437 1037 2466 lucc

244 2479 312 2511 lieri,
325 2479 372 2506 sed
386 2486 401 2506 a
414 2479 468 2506 Deo
483 2480 628 2507 immissam
647 2487 708 2508 esse
722 2481 842 2516 plagam,
857 2486 884 2510 et
899 2482 1036 2510 decretum

241 2533 273 2553 ex
289 2525 355 2552 czelo
363 2524 480 2552 delatum
491 2545 497 2557 ,
508 2526 533 2552 in
550 2526 678 2561 dignitate
686 2532 713 2554 et
729 2528 846 2562 potentia
861 2528 1035 2562 constitutos,

240 2570 287 2605 qui
297 2570 385 2598 omnia
399 2571 555 2604 miscebant,
565 2579 661 2607 restque
669 2572 823 2601 Judaeorum
835 2574 1035 2610 subvertebant,

242 2624 275 2644 eo
287 2617 465 2644 descensuros
480 2624 539 2645 esse
553 2618 601 2644 ait.

278 2664 306 2692 6.
321 2664 414 2692 Pestes
432 2661 520 2692 autem
541 2665 600 2693 illos
615 2665 675 2700 jure
697 2671 792 2700 vocat,
815 2672 906 2702 utpote
925 2668 968 2703 qui
991 2676 1038 2696 ne-

243 2711 352 2745 quitiam
372 2717 424 2737 non
441 2718 523 2745 penes
543 2718 572 2738 se
589 2717 746 2744 servarent,
767 2713 814 2740 sed
829 2714 907 2741 etiam
923 2714 956 2740 ad
972 2708 1038 2741 alios

244 2756 365 2784 morbum
379 2757 601 2784 transmitterem.
618 2757 690 2784 Talis
704 2758 802 2793 quippe
818 2763 860 2786 est
878 2760 1037 2794 pestilentiae

243 2809 336 2830 natura
353 2810 433 2830 :cum
453 2803 487 2830 ab
506 2811 560 2830 uno
580 2811 692 2839 corpore
710 2804 838 2838 coeperit,
860 2805 989 2840 gradatim
1010 2807 1037 2835 in

247 2847 438 2878 multitudinem
455 2854 600 2886 grassatur.
621 2850 651 2878 Et
665 2850 794 2878 exsultans
809 2852 835 2878 in
849 2861 888 2879 ca.
902 2853 952 2886 Qui
968 2855 1032 2883 deli-

1079 174 1127 201 eiis
1141 181 1225 210 vacat,
1240 177 1283 212 qui
1298 179 1427 210 exsultat,
1442 180 1486 215 qui
1503 184 1576 214 putat
1587 188 1615 207 se
1628 180 1773 209 immobilia
1786 183 1871 218 possi-

1079 219 1142 248 dere
1153 220 1232 255 bona,
1249 222 1306 257 ipse
1318 231 1423 259 quoque
1437 225 1516 252 cadet
1530 230 1556 253 et
1571 227 1699 261 capietur.
1716 228 1760 256 l5.
1777 229 1811 256 Et
1824 229 1874 257 Ιιιι-

1079 266 1218 295 miliabitur
1229 269 1314 302 homo,
1328 275 1351 296 et
1365 270 1555 298 inhonorabitur
1568 272 1606 299 uir
1618 280 1627 300 :
1639 278 1663 300 et
1675 274 1741 301 oeuli
1754 274 1873 303 sublimes

1081 312 1287 341 humiliabuntur.
1311 315 1354 342 16.
1371 315 1404 342 Et
1421 317 1574 344 exattabitur
1591 317 1716 346 Dominus
1732 320 1802 347 solus
1822 320 1874 348 Sa-

1080 359 1155 386 baoth
1168 360 1194 387 in
1202 360 1311 395 judicio.
1329 361 1394 389 Vide
1406 370 1499 390 rursus
1520 363 1567 391 Dei
1585 365 1791 399 providentiam.
1813 366 1872 394 Non

1080 404 1152 441 enim
1173 405 1382 434 internecionem
1403 407 1527 441 adducit,
1543 417 1630 445 neque
1650 415 1734 438 totum
1749 419 1765 439 e
1785 412 1874 440 medio

1081 449 1164 484 abripi
1178 451 1304 485 populum
1321 452 1459 487 permittit,
1476 454 1523 481 sed
1537 455 1666 489 quosdam
1684 456 1828 492 relinquit,
1845 462 1875 485 ut

1081 501 1113 522 ex
1124 494 1277 523 abeuntium
1288 497 1419 532 supplicio
1429 498 1597 534 resipiscam.
1611 500 1667 529 Hoc
1679 509 1742 537 ergo
1752 502 1874 530 subindi-

1081 547 1145 568 cans
1160 541 1213 574 ait,
1230 541 1449 578 Humiliabuntur,
1468 545 1493 573 id
1509 551 1559 578 est,
1575 547 1620 581 qui
1633 552 1755 582 manent,
1770 548 1812 583 qui
1829 555 1874 576 re-

1081 586 1136 614 licti
1155 591 1227 614 sunt.
1241 587 1274 615 Et
1285 589 1437 616 exattabitur
1448 589 1573 618 Dominus
1588 591 1702 619 Sabaoth
1721 593 1748 620 in
1758 593 1872 629 judicio,

1081 637 1105 659 et
1116 631 1185 660 Deus
1193 638 1294 661 sanctus
1303 634 1484 670 glori/imbitur
1493 637 1518 663 in
1522 637 1636 672 justitia.
1647 638 1703 674 Duo
1712 639 1785 674 ponit
1793 641 1872 674 bona,

1081 684 1108 706 et
1122 678 1182 707 illos
1193 687 1289 715 nempe
1303 681 1423 709 timorem
1437 682 1605 717 deposituros
1616 690 1686 717 esse,
1697 685 1876 721 melioresque

1082 724 1186 753 futuros
1197 745 1205 758 ,
1223 729 1252 753 et
1272 726 1356 754 Deum
1378 727 1546 757 admirationi
1561 728 1619 757 fore
1639 730 1709 765 apud
1724 739 1834 766 omnes;
1849 732 1875 760 id

1082 770 1153 797 enim
1167 771 1217 799 sibi
1227 772 1283 799 vult
1296 771 1360 799 illud
1372 793 1379 806 ,
1395 772 1558 801 Exaltabitur
1570 779 1593 801 et
1608 775 1807 811 glori/imbitur;
1829 785 1876 812 per

1083 817 1242 852 supplicium
1256 825 1362 853 nempe,
1374 826 1405 845 ac
1419 827 1466 853 per
1478 819 1563 854 ipsam
1574 821 1714 852 ultionem.
1748 822 1816 855 Quid
1830 831 1876 850 au-

1084 867 1138 890 tem
1151 868 1190 890 est
1199 862 1256 899 ¹,1η
1263 863 1386 898 judicio?
1401 864 1451 892 [‘er
1464 865 1602 893 ultionem.
1619 867 1663 902 η.
1675 866 1708 894 Et
1723 873 1825 902 poscent
1837 869 1878 896 di-

1083 910 1164 945 spersi
1175 911 1246 945 quasi
1258 912 1334 943 tauri,
1346 915 1370 937 et
1383 910 1481 939 deserta
1491 919 1586 946 eorum,
1597 899 1772 949 qui‘assumpti
1785 920 1842 942 sunt
1854 919 1876 949 ι,

1084 956 1146 991 agni
1158 956 1297 983 comedent.
1308 956 1472 985 Relictorum
1489 959 1647 993 paucitatem
1661 960 1703 987 his
1715 959 1876 995 subindieat,

1084 1006 1112 1030 et
1124 1002 1259 1037 ingentem
1274 1002 1391 1037 regionis
1411 1002 1591 1032 solitudinem.
1614 1005 1658 1033 18.
1678 1004 1723 1033 Vw
1738 1005 1781 1040 qui
1795 1012 1878 1033 attra-

1085 1047 1148 1074 hunt
1162 1053 1265 1082 peccata
1278 1057 1325 1076 sua
1339 1054 1365 1076 ut
1380 1050 1494 1084 funiculo
1508 1049 1593 1086 longo,
1607 1055 1630 1077 et
1643 1052 1714 1086 quasi
1726 1052 1784 1087 jugi
1796 1053 1877 1079 corri-

1085 1094 1128 1129 gia
1140 1094 1224 1122 uitulae
1236 1095 1380 1130 iniquitates
1392 1104 1461 1123 suas.
1477 1095 1520 1124 ‘19.
1534 1096 1582 1129 Qui
1596 1097 1683 1124 dicunt
1695 1105 1704 1124 .'
1716 1097 1770 1125 Cito
1784 1107 1879 1134 appro-

1086 1140 1206 1176 pinqttent
1215 1148 1272 1175 qua:
1287 1141 1363 1175 faciet
1374 1140 1444 1169 Deus
1453 1162 1460 1174 ,
1474 1147 1502 1168 ut
1520 1141 1648 1179 ridegmus
1662 1150 1672 1169 .'
1686 1148 1708 1170 et
1722 1144 1804 1170 ueniat
1817 1151 1879 1171 con-

1085 1185 1170 1213 silium
1184 1187 1264 1213 sancti
1278 1186 1361 1214 lsrael
1372 1208 1380 1220 ,
1396 1192 1424 1214 ut
1437 1188 1555 1215 sciamus.
1571 1188 1711 1223 Prophctis
1724 1188 1879 1224 frequenter

1086 1232 1308 1260 comminantibus
1321 1240 1348 1261 et
1361 1233 1486 1261 terribilia
1498 1234 1879 1270 pramuntiantibusspscudo-

1086 1278 1224 1314 prophetae
1242 1279 1276 1307 ad
1296 1280 1407 1315 gratiam
1427 1280 1585 1315 loquentes,
1604 1282 1747 1317 populique
1761 1281 1879 1317 vigorem

1087 1325 1264 1354 dissolventes
1275 1347 1282 1360 ,
1297 1327 1403 1354 illorum
1416 1326 1485 1354 dicta
1499 1326 1574 1360 falsa,
1588 1335 1635 1355 sua
1650 1335 1712 1356 vera
1727 1335 1787 1356 esse
1801 1329 1880 1356 dicti-

1087 1373 1186 1400 tabant.
1202 1373 1275 1400 Multi
1291 1380 1354 1408 ergo
1366 1373 1468 1400 seducti
1483 1373 1590 1401 illorum
1607 1374 1697 1401 verbis
1716 1381 1768 1402 non
1784 1374 1880 1402 crede-

1087 1419 1160 1446 bant.
1182 1418 1284 1446 Deinde
1298 1419 1357 1454 quia
1374 1418 1519 1454 propbetize
1537 1427 1590 1447 non
1609 1420 1697 1447 statim
1716 1425 1795 1456 atque
1815 1429 1880 1456 pro-

1087 1464 1216 1492 nuntiata:
1223 1468 1310 1498 erant,
1321 1464 1491 1498 eveniebant;
1503 1465 1649 1500 prophetia:
1660 1473 1774 1501 namque
1785 1472 1880 1494 natura

1086 1514 1141 1537 erat
1152 1531 1159 1543 ,
1175 1510 1259 1537 multo
1278 1514 1340 1537 ante
1355 1514 1474 1545 tempore
1488 1518 1518 1538 ea
1534 1512 1704 1545 pronuntiare
1718 1519 1778 1547 quae
1797 1520 1880 1540 even-

1089 1560 1147 1583 tura
1166 1559 1258 1587 erant;
1279 1556 1404 1590 quoniam
1424 1563 1488 1592 ergo
1506 1555 1660 1591 frequenter
1679 1559 1816 1595 prophetae
1834 1559 1877 1586 fa—

1086 1595 1157 1630 mem
1169 1624 1176 1636 ,
1193 1607 1295 1638 pestem
1307 1623 1315 1636 ,
1334 1602 1456 1638 bellaque
1471 1601 1648 1638 prmdicebant
1660 1625 1667 1636 ,
1683 1611 1732 1631 nec
1747 1609 1834 1631 tamen
1848 1612 1881 1632 ea

1086 1649 1173 1683 reipsa
1184 1649 1376 1682 ostendebant,
1393 1649 1500 1676 interim
1512 1649 1587 1677 multi
1602 1657 1633 1676 ex
1649 1649 1681 1676 iis
1692 1669 1700 1684 ,
1717 1650 1760 1684 qui
1774 1649 1882 1685 decepti

1086 1698 1181 1727 erant,
1196 1701 1228 1722 ex
1242 1695 1410 1722 cunctatione
1425 1695 1459 1722 ad
1472 1703 1524 1722 non
1539 1695 1702 1723 credendum
1712 1697 1882 1725 occasionem

1086 1741 1258 1777 accipientes,
1272 1740 1396 1769 dicebant
1409 1751 1415 1769 :
1426 1741 1539 1769 Veniant
1554 1750 1614 1778 qua:
1626 1741 1767 1776 dicuntur;
1781 1743 1803 1771 si
1817 1751 1882 1772 vere

1086 1788 1184 1822 dicitis,
1198 1787 1326 1816 accedant
1339 1795 1382 1815 res
1393 1788 1472 1823 ipsae;
1487 1788 1610 1816 exhibete
1622 1789 1699 1816 nobis
1710 1797 1741 1816 ex
1754 1789 1882 1824 operibus

1086 1833 1151 1868 ipsis
1161 1833 1301 1860 consilium
1315 1834 1372 1861 Dei.
1384 1833 1450 1867 Quia
1464 1834 1543 1868 igitur
1555 1834 1613 1869 ejus
1626 1834 1778 1869 patientiam
1794 1835 1883 1864 incre-

1087 1879 1205 1906 dulitatis
1218 1880 1385 1907 occasionem
1400 1880 1551 1908 efﬁciebant
1563 1901 1570 1913 ,
1585 1885 1612 1908 et
1625 1881 1742 1916 peccatis
1760 1882 1816 1909 suis
1831 1882 1882 1910 hoc

1086 1924 1256 1959 adjiciebant,
1267 1929 1322 1952 tum
1337 1925 1408 1960 quod
1423 1930 1475 1954 non
1490 1925 1642 1960 crederent,
1655 1931 1709 1954 tum
1718 1927 1787 1962 quod
1799 1927 1833 1955 ob
1841 1928 1883 1955 in-

1087 1971 1271 1999 credulitatem
1282 1972 1418 2007 segniores
1431 1972 1583 2006 evaderent,
1594 1973 1654 2008 jure
1667 1973 1739 2008 ipsos
1751 1974 1882 2009 propheta

1087 2016 1160 2052 luget
1170 2017 1261 2046 dicens
1271 2026 1278 2044 :
1289 2017 1369 2050 Quasi
1381 2017 1497 2046 funiculo
1508 2019 1597 2054 longo,
1611 2019 1650 2046 sic
1662 2025 1754 2047 contra
1768 2027 1814 2047 vos
1827 2025 1883 2047 tra~

1088 2063 1151 2091 bilis
1165 2063 1231 2091 iram
1248 2063 1315 2099 Dei,
1337 2068 1364 2091 et
1384 2064 1527 2099 nequitiam
1546 2068 1663 2093 vestram
1683 2065 1794 2100 augetis.
1814 2065 1882 2099 Quia

1087 2110 1159 2137 enim
1172 2109 1249 2137 dictis
1262 2117 1314 2138 non
1329 2110 1447 2144 creditis,
1460 2109 1486 2137 id
1499 2110 1656 2146 relinquitur
1666 2110 1782 2145 demum,
1797 2116 1826 2139 ut
1837 2120 1883 2140 re-

1088 2163 1148 2183 rum
1168 2155 1244 2183 vobis
1257 2155 1421 2190 experientia
1442 2156 1578 2184 ati‘eratur.
1597 2156 1633 2184 Ita
1647 2161 1676 2185 ut
1689 2164 1734 2184 vos
1749 2157 1797 2192 ipsi
1812 2158 1884 2186 mala

1088 2203 1163 2231 vobis
1177 2203 1335 2236 attrahatis,
1347 2203 1393 2238 qui
1409 2203 1498 2232 verbis
1515 2203 1593 2231 tidem
1610 2212 1662 2232 non
1684 2204 1797 2232 habetis.
1819 2204 1883 2232 ldeo

1087 2249 1125 2276 ait
1140 2258 1147 2276 :
1165 2247 1210 2277 Vae
1221 2249 1263 2284 qui
1276 2249 1405 2276 attrahunt
1419 2254 1521 2285 peccata
1534 2258 1596 2282 sua;
1612 2250 1637 2278 id
1651 2255 1691 2278 est
1701 2270 1711 2285 ,
1726 2250 1882 2278 retributio-

1089 2302 1151 2323 nem
1172 2299 1341 2330 peecatorum
1356 2304 1363 2322 :
1379 2295 1454 2330 quasi
1475 2296 1554 2330 longo
1575 2295 1692 2324 funiculo
1707 2304 1722 2324 e
1737 2297 1883 2332 longinquo

1090 2341 1193 2368 trahitis
1204 2362 1212 2374 ,
1229 2341 1330 2377 inquit,
1350 2341 1486 2369 deﬁnitam
1506 2343 1620 2377 peccatis
1633 2342 1728 2370 vestris
1742 2343 1881 2377 ultionem,

1089 2392 1117 2414 et
1129 2387 1202 2421 quasi
1214 2387 1269 2422 jugi
1284 2387 1397 2423 corrigia
1413 2387 1502 2415 vitula;
1524 2387 1668 2423 subjugalis
1680 2409 1688 2422 ,
1703 2393 1731 2415 ut
1750 2389 1883 2423 exprimat

1089 2434 1195 2461 illontm
1206 2434 1321 2461 studium
1334 2439 1361 2462 et
1370 2442 1461 2462 curam
1473 2435 1498 2462 in
1512 2435 1657 2470 peccando.
1671 2435 1705 2463 Ut
1719 2436 1740 2462 si
1756 2436 1815 2470 quis
1826 2436 1883 2463 loro

1089 2480 1150 2508 forti
1164 2480 1226 2515 quid
1240 2482 1416 2515 pertraxerit,
1432 2481 1470 2508 sic
1483 2489 1530 2508 vos
1544 2488 1591 2516 per
1606 2481 1819 2509 incredulitatem
1836 2482 1882 2509 Dei

1089 2526 1154 2554 iram
1175 2531 1267 2554 contra
1288 2534 1335 2554 vos
1351 2526 1464 2555 traltitis.
1486 2526 1586 2555 Deinde
1605 2526 1669 2555 dicit
1682 2527 1815 2563 quomodo
1830 2533 1884 2556 tra-

1121 2607 1129 2622 ¹
1147 2610 1202 2631 Haec
1214 2606 1297 2636 verba,
1310 2609 1334 2631 at
1349 2612 1392 2638 per
1404 2606 1486 2638 ipsam,
1495 2605 1646 2631 ultionem...
1656 2605 1828 2636 peruttionem,
1836 2606 1882 2631 do-

1090 2639 1189 2663 erantin
1199 2637 1270 2662 Morel
1283 2655 1289 2666 ,
1297 2638 1340 2662 sed
1350 2637 1382 2662 ex
1392 2637 1464 2668 Regio
1472 2637 1598 2667 desumpta
1605 2641 1669 2662 sunt.
1677 2639 1802 2662 Bavaricus
1809 2638 1883 2662 etiam

1088 2669 1171 2698 habet,
1183 2669 1227 2693 seti
1237 2668 1329 2700 aliquot
1336 2669 1437 2701 adjectis
1449 2669 1555 2694 vocibus.
1566 2668 1659 2700 Illaque
1671 2668 1768 2699 legerat
1777 2668 1882 2693 ‘t‘ilmau-

1089 2706 1135 2735 nus
1146 2701 1276 2735 interpres.
1569 2729 1575 2734 ,
1686 2730 1700 2735 __

1119 2732 1130 2747 ι
1147 2731 1174 2756 In
1185 2729 1274 2760 Graeco,
1286 2736 1426 2762 amomum.
1439 2737 1522 2762 eorum
1533 2729 1575 2762 qui
1585 2730 1769 2762 assumptisunt.
1778 2729 1883 2755 mann-

1089 2769 1135 2788 nus
1146 2766 1264 2798 verterat,
1275 2769 1358 2787 eorum
1366 2761 1407 2798 qui
1417 2761 1495 2798 relicti
1506 2761 1568 2791 sunt,
1574 2763 1641 2797 quasi
1654 2761 1765 2798 legisset,
1772 2768 1882 2798 ἀκολὼιη-

1089 2802 1150 2825 μένων.
1170 2795 1306 2824 Ᾰλιιλημμιςων
1326 2796 1395 2818 certe
1416 2797 1467 2823 est,
1485 2799 1567 2818 eorum
1588 2792 1630 2823 qui
1646 2792 1762 2824 assiunpti
1777 2797 1833 2818 sunt
1850 2792 1883 2817 ab

1089 2824 1223 2855 ἐπαναμςάνω.
1237 2830 1262 2849 et
1272 2829 1352 2849 tamen
1372 2824 1468 2857 videtur
1479 2825 1662 2857 Chrysostomus
1678 2825 1702 2849 in
1720 2824 1883 2856 sequentibus

1092 2868 1133 2883 ne:
1146 2857 1295 2889 intelligere,
1306 2857 1346 2890 qui
1356 2855 1432 2882 relicti
1445 2861 1508 2882 sunt.
