2068 3130
206 137 240 164 65
628 136 656 164 S.
671 135 812 163 JOANNIS
827 131 1070 163 CHRYSOSTOMI
1086 130 1244 159 ARCIIIEP.
1265 128 1533 158 CONSTANTINOP.
1890 127 1924 154 66

205 193 322 227 ποιήσει
339 196 356 221 ὁ
379 194 459 228 Θεὸς,
479 195 528 222 ἵνα
544 195 660 230 ἰδωμεν.
675 196 708 222 Ὃ
724 195 770 222 καὶ
785 195 878 231 ἕτερος
895 194 1038 230 προφήτης

204 238 324 272 ἐγκαλεῖ,
339 238 434 272 λέγων·
464 239 534 266 Οὐαὶ
562 240 589 266 οὶ
605 239 820 274 ἐπιθυμοῦντες
842 239 900 272 τὴν
925 237 1038 272 ἡμέραν

203 282 327 316 Κυρίου.
347 283 402 309 Καὶ
423 283 472 309 ἵνα
491 283 520 309 τί
539 283 610 317 ὑμῖν
629 284 648 317 ἡ
668 284 761 318 ήμέριι
775 283 869 317 αὕτη;
887 282 943 309 Καὶ
961 282 1038 316 αὕτη

204 325 269 352 ἐστί
286 326 396 358 σκότος
412 326 459 353 καὶ
471 328 507 353 οὺ
523 327 596 361 φῶς,
614 328 662 354 καὶ
681 327 792 361 γνόφος
808 328 864 353 οὐκ
879 326 957 361 ἔχων
970 325 1040 360 φέγ-

205 378 257 403 γος
269 369 372 403 αὐτῆς.
397 370 451 396 Καὶ
471 370 524 406 γὰρ
547 371 593 397 καὶ
615 371 714 397 ἐκεῖνοι
739 370 916 402 ἀπιστοῦντες
936 369 1037 404 ἔλεγον·

205 413 273 440 Πότε
297 413 355 448 ἥξει
375 415 391 448 ὴ
416 413 507 449 ήμέρα
529 414 577 449 τῆς
596 415 732 446 κολάσεως
756 415 801 441 καί
824 415 874 450 τῆς
887 414 1038 450 τιμωρίας;

207 457 278 484 Οὺαί
299 459 326 484 οἰ
341 457 482 493 ,λέγοντες
501 458 534 484 τὸ
547 458 680 493 πονηρὸν
702 459 804 491 καλὸν,
822 458 869 485 καί
890 457 923 484 τὸ
943 457 1040 484 καλὸν

205 501 348 534 πονηρόν·
367 503 394 528 οι
409 501 540 534 τιθέντες
558 502 590 528 τὸ
604 502 666 536 φῶς
682 503 801 534 σκότος,
817 501 867 529 καὶ
880 501 912 528 τὸ
929 502 1040 534 σκότος

205 543 279 578 φῶςη
302 545 329 571 οἰ
353 544 483 577 τιθέντες
503 544 536 571 τὸ
556 545 652 579 γλυκὺ
674 546 790 579 πικρὸν,
812 545 861 572 καὶ
883 545 917 572 τὸ
932 544 1041 579 πικρὸν

205 588 312 622 γλυκύ.
331 588 414 614 Πάλιν
430 589 492 623 περί
506 589 560 615 τῶν
571 589 659 615 αὐτῶν
675 589 836 624 διαλέγεται.
858 589 966 625 Ἐπειδὴ
977 589 1040 620 τοὺς

208 632 258 666 μὲν
274 633 415 668 προφήτας
436 632 544 667 ὕϐριζον
565 633 611 659 καὶ
631 633 790 665 ἀπατεῶνας
807 633 909 668 ἔλεγον,
926 634 989 665 τοὺς
1012 633 1040 659 δέ

205 675 428 711 ψευδοπροφήτας
440 676 550 711 ἐτίμων,
563 677 610 703 καὶ
624 677 789 712 ἀνέστρεφον
802 677 855 704 τῶν
870 677 1040 713 πραγμάτων

205 719 253 754 τὴν
273 718 359 752 τάξιν,
376 720 513 751 ταλανίζει
533 720 631 752 αὐτοὺς
649 721 695 747 ἐπὶ
711 721 742 756 τῇ
758 721 848 756 κρίσει
864 722 896 756 τῇ
911 721 1040 756 διεφθαρ-

207 763 285 798 μένη.
308 763 391 795 οὺαί,
414 764 506 798 φησὶν,
527 764 554 790 οἱ
573 763 712 798 λέγοντες
734 764 766 790 τὸ
786 764 920 798 πονηρὸν
945 764 1041 792 καλὸν

207 806 348 840 (τουτέστι,
359 806 408 842 τὴν
417 806 737 843 ψευδοπροφητείαν),καί
747 808 780 834 τὸ
794 809 889 835 καλὸν
912 809 1044 844 πονηρόν

206 850 263 886 (τὴν
280 851 469 886 προφητείαν)·
481 853 507 878 οἰ
521 852 650 884 τιθέντες
670 852 703 878 τὸ
724 851 787 887 φῶς
806 853 925 886 σκότος,
940 853 989 879 καί
1007 852 1040 879 τὸ

205 895 315 927 σκότος
334 893 407 928 φῶςο
429 896 457 921 οἰ
482 895 613 928 τιθέντες
632 895 665 922 τὸ
687 896 783 930 γλυκὺ
798 896 915 930 πικρὸν,
937 897 986 923 καὶ
1007 897 1041 924 τὸ

205 937 313 970 πικρὸν
332 938 438 972 γλυκύ.
458 938 488 965 Εἰ
506 939 560 974 γὰρ
577 939 624 965 καί
638 939 764 974 φορτικὰ,
779 941 855 975 φησὶ,
872 939 906 966 τὰ
921 941 1040 976 ῥήματα,

205 981 262 1008 ἀλλ’
281 982 356 1009 οὐδὲν
375 983 539 1019 γλυκύτερον
555 983 608 1010 τῶν
627 985 783 1020 προφητῶν,
800 987 832 1021 τῇ
846 986 899 1012 τῶν
911 987 1040 1021 ῥημάτων

205 1026 302 1061 ἀπειλῇ
320 1027 367 1061 τήν
385 1026 428 1053 διὰ
441 1027 495 1053 τῶν
509 1027 679 1062 πραγμάτων
690 1028 917 1063 άποκρουομένων
932 1030 1040 1064 πεῖραν.

205 1071 236 1096 Εἰ
254 1070 301 1097 καὶ
317 1070 418 1105 γλυκέα
427 1071 461 1098 τὰ
473 1071 526 1097 τῶν
538 1072 775 1107 ψευδοπροφητῶν,
792 1073 848 1100 ἀλλ’
861 1074 937 1100 οὐδὲν
951 1075 1041 1102 αὐτῶν

205 1113 376 1149 πικρότερον,
387 1116 420 1150 τῇ
435 1115 526 1150 χάριτι
537 1115 591 1143 τῶν
607 1116 694 1150 λόγων
704 1116 752 1152 τὴν
763 1116 806 1144 διὰ
821 1117 874 1145 τῶν
885 1118 972 1153 ἔργων
991 1119 1041 1144 ἑπ-

204 1157 326 1191 αγόντων
343 1158 468 1194 ἀπειλήν.

239 1201 271 1234 ζ’.
281 1202 346 1229 ’ἰδοὺ
363 1203 502 1238 προφήτου
520 1204 626 1238 σοφίαν,
639 1203 698 1236 πῶς
716 1205 880 1241 ἀνέστρεψεν
894 1206 981 1232 αὐτῶν
992 1206 1040 1242 τὴν

204 1245 342 1273 ὑπόνοιαν.
359 1246 466 1282 Ἐπειδὴ
481 1247 534 1282 γὰρ
551 1249 606 1280 τοῖς
625 1248 673 1282 μὲν
692 1249 730 1280 ὡς
750 1249 900 1284 πικρότατα
921 1249 1040 1284 φθεγγο-

207 1289 296 1324 μένοις
307 1290 337 1315 οὐ
355 1292 508 1325 προσεῖχον,
523 1293 579 1323 τοῖς
592 1291 620 1318 δὲ
633 1292 670 1324 ὡς
684 1293 911 1328 προσηνεστάτοις
924 1293 970 1320 καὶ
981 1294 1040 1328 γλυ-

205 1331 309 1368 κύτητα
327 1333 427 1368 πολλὴν
440 1334 557 1369 ἔχουσιν,
578 1335 687 1370 ἔφησεν,
704 1337 743 1362 ὅτι
758 1337 912 1363 τούναντίον
931 1337 980 1372 μὲν
995 1335 1040 1365 οὖν

205 1377 273 1402 ἐστι⁸
286 1376 353 1402 πολὺ
367 1377 420 1403 τῶν
435 1378 581 1413 προφητῶν
598 1379 627 1405 τὸ
646 1379 715 1414 μέλι,
733 1380 816 1416 πολλὴ
832 1380 860 1406 δὲ
879 1381 932 1407 τῶν
946 1381 1040 1416 ψευδο-

205 1420 352 1455 προφητῶν
375 1421 390 1456 ἡ
415 1421 519 1456 πικρία·
543 1422 613 1449 οὕτω
633 1424 681 1450 καὶ
696 1424 742 1450 ἐπὶ
765 1423 811 1450 τοῦ
830 1425 918 1459 φωτὸς
933 1426 983 1453 καὶ.Δ
994 1425 1040 1452 τοῦ

205 1463 317 1495 σκότους
333 1464 377 1491 τὸν
391 1464 468 1499 λόγον
482 1467 699 1502 μεταχειριστέον
710 1468 787 1503 ἡμῖν.
801 1468 833 1494 Ol
848 1468 897 1503 μὲν
909 1469 962 1504 γὰρ
973 1469 1041 1505 πρὸς

205 1508 253 1542 τὴν
273 1508 374 1543 πλάνην
388 1509 502 1544 ἤγαγον,
521 1511 545 1536 οἱ
560 1510 588 1537 δὲ
605 1511 652 1537 καὶ
670 1511 736 1546 πρὸς
751 1511 799 1546 τὴν
813 1511 940 1545 ἀλήθειαν
953 1514 1042 1549 ἐχειρ-

205 1549 338 1585 αγώγουν·
362 1553 409 1579 καὶ
431 1553 455 1579 οἰ
472 1553 521 1588 μὲν
538 1553 575 1589 τῷ
591 1552 664 1588 ζόφῳ
677 1554 726 1586 τῆς
742 1554 931 1590 αἰχμαλωσίας
949 1564 1044 1591 μονον-

201 1594 264 1630 ουχί
275 1594 324 1626 τὰς
340 1597 433 1631 χεῖρας
446 1596 577 1632 δήσαντες
590 1597 777 1633 παρεδίδοσαν,
793 1599 817 1625 οἰ
831 1598 858 1625 δέ
873 1599 946 1631 ὅπως
960 1601 988 1626 ἐν
1002 1599 1041 1635 τῷ

206 1639 275 1671 φωτί
291 1639 340 1673 τῆς
360 1639 516 1676 ἐλευθερίας
540 1641 675 1675 ἀγάγωσι,
695 1641 783 1668 πάντα
799 1641 942 1677 ἔπραττον.
964 1643 1041 1670 Ἐπεὶ

202 1679 251 1708 οὖν
275 1682 324 1714 τὰς
348 1683 470 1715 ἐναντίας
491 1685 554 1719 περὶ
571 1684 672 1712 τούτων
691 1685 770 1719 δόξας
791 1683 863 1721 εἰχον
884 1687 929 1713 καὶ
947 1687 996 1719 τὰς
1009 1688 1040 1714 οὐ

203 1725 414 1760 προσηκούσας,
439 1726 551 1759 εἰκότως
577 1726 674 1759 αὐτοὺς
701 1728 853 1764 διορθοῦται
884 1729 986 1764 λέγων·
1008 1732 1041 1757 οι

204 1768 335 1802 τιθέντες
346 1769 378 1796 τὸ
392 1769 455 1803 φῶς
466 1771 586 1804 σκότος,
599 1772 648 1798 καί
666 1772 698 1798 τὸ
713 1773 822 1806 σκότος
838 1773 911 1808 φῶς.
925 1774 997 1801 Οὐαὶ
1014 1776 1041 1802 οἰ

205 1812 326 1838 συνετοὶ
350 1812 384 1838 ἐν
403 1812 530 1846 ἑαυτοῖς,
553 1813 602 1840 καὶ
622 1813 749 1842 ἐνώπιον
762 1815 861 1843 αὐτῶν
879 1817 1042 1852 ἐπιστήμο-

204 1863 264 1886 νες.
277 1855 313 1881 Οὐ
335 1855 432 1890 μικρὸν
448 1856 494 1883 καὶ
512 1857 591 1883 τοῦτο
607 1857 759 1893 ἐλάττωμα,
786 1859 816 1886 τὸ
832 1860 912 1894 σοφόν
927 1869 987 1887 τινα
999 1869 1042 1887 νο-

206 1900 294 1935 μίζειν
313 1901 418 1932 ἑαυτὸν,
443 1902 490 1928 καί
508 1904 564 1934 τοῖς
587 1903 682 1930 ἐαυτοῦ
704 1903 761 1940 [61]
781 1904 919 1940 λογισμοῖς
939 1905 970 1932 το
986 1907 1041 1933 πᾶν

204 1944 372 1980 ἐπιτρέπειν.
391 1946 445 1972 Καὶ
461 1946 515 1982 γὰρ
529 1947 651 1974 ἐντεῦθεν
666 1949 752 1975 ἐκεῖνο
765 1949 866 1983 γίνεται
877 1949 886 1985 [
897 1955 910 1970 α
924 1950 994 1984 λέγω
1009 1950 1040 1986 δὴ

205 1988 236 2014 τὸ
246 1989 360 2022 φάσκειν
373 1989 403 2015 τὺ
416 1991 533 2026 πονηρὸν
546 1991 638 2025 καλὸν,
653 1992 700 2018 καὶ
714 1993 744 2019 τὸ
760 1993 841 2019 καλὸν
852 1993 979 2029 πονηρὸν,
993 1995 1041 2021 καὶ

205 2031 240 2057 τὰ
249 2032 334 2068 ἐξῆς].
349 2033 433 2060 Τοῦτο
446 2035 492 2060 καὶ
505 2036 519 2061 ὁ
532 2035 638 2067 Παῦλος
649 2037 705 2068 τοῖς
719 2036 771 2068 ἐξω
785 2037 938 2072 φιλοσόφοις
958 2038 1041 2072 ἐγκα-

205 2073 260 2101 λῶν
273 2075 374 2110 ἔλεγεν,
385 2077 424 2103 ὅτι
436 2077 605 2112 Φάσκοντες
617 2077 692 2106 εἶναι
701 2081 801 2114 σοφοὶ,
813 2080 1037 2116 ἐμωράνθησαν.

205 2118 261 2144 Καὶ
277 2120 290 2145 ό
306 2120 492 2156 παροιμιώδης
513 2121 590 2156 λόγος
613 2122 693 2149 πάλιν
713 2123 804 2158 φησίν·
822 2122 913 2151 Εἶδον
928 2124 1040 2159 ἅνθρω-

204 2170 265 2188 nor
288 2162 434 2190 δοκοῦντα
455 2163 532 2192 εἶναι
555 2166 653 2200 σοφὸν
669 2167 736 2201 παρ’
756 2166 860 2200 ἐαυτῷ·
880 2167 989 2194 ἐλπίδα
1006 2168 1041 2195 δὲ

204 2204 267 2239 ἔχει
275 2205 397 2240 μᾶλλον
411 2207 513 2241 ἄφρων
524 2209 628 2236 αὐτοῦ.
644 2209 729 2236 Τοῦτο
748 2211 795 2236 καί
809 2211 913 2243 Παῦλος
929 2212 1040 2246 ἐγκαλεῖ

206 2248 287 2275 πάλιν
305 2249 400 2283 λέγων·
415 2251 464 2285 Μὴ
481 2252 600 2286 γίνεσθε
615 2253 751 2288 φρόνιμοι
768 2254 836 2288 παρ’
851 2254 977 2288 ἑαυτοῖς·
995 2256 1040 2283 καὶ

206 2292 295 2318 πάλιν·
314 2293 352 2320 El
368 2303 411 2326 τις
426 2293 512 2321 δοκεῖ
525 2295 620 2330 σορὸς
634 2295 709 2324 εἶναι
723 2297 758 2324 ἐν
770 2297 842 2332 ὑμῖν
855 2298 890 2324 ἐν
904 2298 944 2331 τῷ
957 2298 1041 2326 αἰῶνι

204 2336 309 2369 τούτῳ,
324 2336 455 2370 γενέσθω
464 2338 572 2373 μωρὸς,
587 2339 637 2366 ἵνα
652 2339 771 2375 γένηται
783 2342 888 2376 σοφός.
903 2342 948 2378 Μὴ
959 2344 991 2378 τῇ
1003 2343 1040 2369 οἰ-

203 2379 267 2415 κείᾳ
286 2380 375 2415 σοφίᾳ,
400 2382 477 2416 φησί,
501 2383 568 2418 μηδέ
585 2384 642 2414 τοῖς
662 2384 758 2410 ἐαυτοῦ
780 2385 950 2420 ἐπιτρεπέτω
969 2385 1041 2420 λογι-

206 2424 284 2457 σμοῖς
299 2424 322 2454 b,
340 2423 396 2450 ἀλλ’
411 2425 530 2457 ἐκείνους
544 2427 722 2460 κατευνάσας,
742 2429 868 2456 ἐκδιδότω
883 2429 932 2465 τὴν
952 2429 1040 2465 ψυχὴν

205 2467 238 2501 τῇ
253 2467 299 2493 τοῦ
316 2467 471 2502 Πνεύματος
487 2469 654 2506 διδασκαλίᾳ.
674 2471 750 2498 Ἐπεὶ
761 2470 807 2500 οὖν
821 2473 867 2499 καὶ
880 2473 955 2509 παρὰ
973 2474 1039 2500 Ἰου-

203 2509 289 2542 δαίοις
303 2511 417 2538 τοιοῦτοί
428 2521 499 2544 τινες
511 2511 579 2548 ἦσαν
597 2514 783 2551 ὑπερορῶντες
797 2517 846 2552 μὲν
861 2517 915 2545 τῶν
934 2526 1041 2554 προφη-

205 2553 260 2580 τῶν
273 2553 311 2586 ὡς
326 2555 461 2590 ποιμένων
476 2557 521 2583 καί
537 2558 663 2591 αἰπόλιον,
678 2558 833 2595 βουλόμενοι
846 2560 874 2587 δέ
885 2553 1040 2595 σοφίζεσθαι

205 2597 320 2630 οἴκοθεν,
336 2599 350 2626 ὃ
373 2600 418 2626 καὶ
439 2600 567 2633 ἀπονοίας
591 2603 682 2635 αὺτοῖς
706 2603 832 2636 ὑπόθεσις
858 2605 971 2639 ἐγίνετο,
993 2606 1040 2632 καί

206 2644 254 2670 τοῦ
272 2647 451 2681 καταφρονεῖν
465 2647 519 2674 τῶν
532 2648 695 2683 λεγομένων,
709 2649 820 2681 εἰκότως
833 2650 931 2682 αὐτοὺς
948 2651 1040 2686 θρηνεῖ

207 2687 304 2722 λέγων·
320 2689 391 2715 Οὐαί
410 2691 436 2716 οἰ
450 2691 570 2718 συνετοί
589 2692 623 2718 ἐν
641 2692 767 2726 ἑαυτοῖς,
782 2694 831 2720 καὶ
845 2693 972 2721 ἐνώπιον
988 2697 1040 2722 αὑ-

208 2731 268 2758 τῶν
291 2733 499 2768 ἐπιστήμονες.
524 2735 596 2762 Οὐαὶ
616 2738 642 2763 οἰ
662 2737 819 2770 ἰσχύοντες
835 2737 928 2772 ὑμῶν,
948 2740 975 2765 οἰ
988 2738 1041 2765 τὸν

205 2774 292 2803 οἶνον
319 2778 467 2812 πίνοντες,
489 2779 538 2806 καὶ
561 2782 588 2806 οι
608 2780 763 2814 δυνάσται,
786 2783 812 2809 οἰ
831 2782 990 2817 κιρνῶντες
1007 2784 1039 2812 τὸ

208 2821 324 2855 σίκερα.
339 2823 385 2858 Μὴ
400 2823 551 2859 θαυμάσῃς,
566 2825 589 2850 εἰ
603 2824 656 2859 πρὸ
671 2825 768 2859 μικροῦ
783 2827 902 2854 τοσαῦτα
911 2828 982 2856 κατὰ
997 2829 1041 2864 μέ-

238 2865 251 2880 ⁸
263 2865 322 2900 Οιισε
333 2867 426 2900 υῃρὶηἱε
436 2867 584 2900 claqduglur
595 2867 716 2900 desunlrin
731 2869 791 2900 Reg.
804 2873 830 2895 el
845 2870 918 2896 Savil.
931 2871 981 2897 Sed
996 2872 1039 2898 ha-

206 2894 332 2921 bcmurin
351 2896 435 2920 Morel.
449 2898 508 2921 clin
522 2898 636 2921 Bmarico
647 2899 741 2923 codil‘e.

240 2927 253 2947 δ
264 2927 325 2958 l'nt‘g.
344 2930 370 2952 el
385 2927 458 2952 Savil.
478 2928 605 2959 ἐπιτρέπων
618 2929 745 2960 λογισμοῖς.

1091 191 1140 226 θης
1150 191 1243 222 εἰπὼν,
1259 190 1338 217 πάλιν
1352 191 1397 217 τὸν
1408 190 1487 216 αὑτὸν
1498 188 1717 223 ἐπαναλαμϐάνει
1732 188 1818 222 λόγον.
1839 188 1926 215 Ἐπει-

1091 236 1122 271 δὴ
1136 236 1189 271 γὰρ
1205 234 1321 270 χαλεπὸν
1339 234 1369 260 τὸ
1381 234 1459 266 ἕλκος
1473 233 1519 260 καὶ
1534 233 1673 259 δύσεικτον
1685 237 1709 264 ε,
1724 231 1767 258 διὰ
1783 231 1861 258 τοῦτο
1878 233 1924 258 καὶ

1090 279 1210 314 συνεχῶς
1227 278 1368 306 ἐπαντλεῖν
1386 278 1449 304 ἐδει.
1468 277 1593 304 Χαλεπὸν
1613 277 1640 303 δὲ
1655 276 1702 303 καὶ
1716 275 1865 309 δύσεικτον,
1885 276 1925 312 τῷ

1091 323 1127 358 μὴ
1151 323 1237 350 δοκεῖν
1258 322 1333 358 παρὰ
1353 323 1409 353 τοῖς
1428 321 1535 352 πολλοῖς
1553 320 1705 356 ἁμάρτημα
1719 317 1798 353 εῖναι,
1815 321 1925 347 πάντων

1088 367 1294 402 ἁμαρτημάτων
1309 365 1495 401 χαλεπώτερον
1506 365 1545 396 δν,
1561 364 1608 391 καί
1621 364 1704 400 μυρία
1720 365 1865 400 βλαστάνον
1879 373 1923 391 νο-

1090 411 1211 445 σήματα.
1239 410 1284 436 Διό
1305 418 1396 445 φησιν·
1424 411 1456 435 οἰ
1475 408 1529 435 τὸν
1550 406 1635 435 οἶνον
1658 409 1807 442 πίνοντες,
1829 409 1878 436 καὶ
1897 409 1925 436 οι

1089 454 1248 487 δυνάσται,
1259 455 1286 481 οἰ
1296 453 1454 488 κιρνῶντες
1463 453 1495 479 τὸ
1510 453 1625 487 σίκερα.
1638 452 1753 484 Διπλοῦς
1766 453 1780 479 ὁ
1793 452 1924 488 κρημνὸς,

1089 498 1216 534 τυραννὶς
1227 498 1322 533 μέθης,
1339 497 1386 524 καὶ
1397 496 1553 528 δυναστείας
1565 496 1712 532 ὑπερϐολή.
1725 496 1794 522 Πᾶσι
1813 496 1861 531 μὲν
1871 496 1925 532 γὰρ

1090 541 1244 577 ἀνθρώποις
1256 540 1386 576 λογισμοῦ
1402 540 1489 576 χρεία,
1507 541 1623 577 μάλιστα
1635 540 1665 567 δὲ
1679 542 1734 572 τοῖς
1748 541 1776 566 ἐν
1789 539 1925 575 ἀξιώμασι

1091 586 1137 612 καὶ
1146 586 1314 616 δυναστείαις
1330 583 1414 616 οὖσιν,
1427 584 1499 611 ὥστε
1515 585 1562 619 μὴ,
1579 584 1704 620 καθάπερ
1719 584 1843 611 ἀτάκτων
1860 583 1925 610 ὑδά-

1090 637 1144 656 των
1163 629 1237 664 ρύμῃ
1249 629 1312 662 τινὶ,
1328 629 1367 664 τῷ
1376 630 1425 664 τῆς
1439 628 1525 663 ἀρχῆς
1542 628 1740 663 ἐκφερομένους
1756 628 1830 663 ὕγκῳ
1847 636 1927 654 κατα-

1091 674 1299 710 κρημνίζεσθαι,
1321 676 1354 701 Ol
1371 674 1556 707 δικαιοῦντες
1575 674 1628 700 τὸν
1643 673 1738 708 ἀσεϐῆ
1752 674 1855 701 ἕνεκεν
1873 673 1928 700 δώ-

1088 727 1159 753 ρων,
1175 719 1224 745 καί
1238 719 1270 746 τὸ
1287 718 1404 746 δίκαιον
1418 719 1471 745 τοῦ
1488 718 1604 745 δικαίου
1614 719 1749 752 αἴροντες
1760 719 1810 746 ἀπ’
1821 718 1927 746 αὑτοῦ.

1091 761 1206 789 Διπλοῦν
1229 763 1259 789 τὸ
1285 762 1410 797 ἔγκλημα
1430 761 1510 789 πάλιν
1520 762 1550 788 τὸ
1569 761 1614 789 τὸν
1637 762 1785 789 ὑπεύθυνον
1806 763 1927 797 ἀφιέναι,

1091 805 1193 832 καὶτὸν
1202 806 1346 833 ἀνεύθυνον
1359 804 1559 837 καταδικάζειν.
1571 805 1665 832 Ἑκατέ
1670 814 1716 841 ρου
1731 806 1928 841 ἁμαρτήματος

1092 850 1108 885 ἡ
1125 849 1187 886 ῥίζα
1206 849 1362 885 δωροδοκία.
1385 849 1438 876 Διὰ
1457 848 1544 876 τοῦτο
1566 849 1603 876 ὃν
1616 849 1727 883 τρόπον
1746 849 1928 883 καυθήσεται

1091 893 1208 928 καλάμη
1231 894 1290 920 ὑπὸ
1313 894 1459 928 ἄνθρακος
1487 893 1591 928 πυρὸς,
1609 893 1657 921 καί
1685 893 1929 928 συγκαυθήσεται

1091 937 1150 964 ὑπὸ
1162 937 1275 972 φλογὸς
1288 937 1472 972 ἁιηιμμένης.
1488 937 1525 963 Τὸ
1538 937 1586 972 τῆς
1599 937 1732 972 τιμωρίας
1746 937 1825 973 ταχὺ,
1839 937 1869 964 τὸ
1883 936 1930 963 εὕ-

1091 981 1168 1008 κολον
1179 980 1227 1016 τῆς
1243 980 1378 1012 κολάσεως
1394 980 1551 1017 παρίστησι,
1564 979 1608 1007 διὰ
1621 979 1671 1015 τῆς
1684 980 1784 1014 εἰκόνος
1798 980 1847 1016 τὴν
1861 989 1930 1008 παν-

1091 1023 1225 1060 ωλεθρίαν
1241 1023 1331 1051 αὐτῶν
1348 1024 1446 1060 δηλῶν.

1127 1068 1291 1103 η’.”’Δπαντα
1306 1067 1359 1103 γὰρ
1379 1068 1465 1095 ταῦτα
1482 1069 1498 1104 ὴ
1512 1068 1577 1103 φλὸξ
1593 1069 1639 1096 καὶ
1654 1069 1678 1095 οἰ
1692 1068 1836 1105 ἄνθρακες,
1852 1068 1899 1094 καὶ
1912 1069 1929 1104 ή

1091 1110 1214 1146 καλάμη,
1231 1111 1277 1137 καὶ
1295 1111 1330 1138 τά
1342 1111 1403 1146 ἑξῆς
1417 1112 1481 1147 ἡμῖν
1495 1113 1694 1148 παρεδήλωσεν.
1714 1111 1817 1146 Ἠρίζα
1829 1110 1930 1139 αὐτῶν

1091 1156 1131 1188 ὡς
1149 1156 1244 1190 χνοῦς
1255 1156 1351 1189 ἔσται,
1369 1157 1418 1183 καί
1444 1156 1476 1184 τὸ
1497 1157 1587 1190 ἄνθος
1603 1156 1703 1184 αὐτῶν
1720 1157 1760 1190 ὡς
1776 1156 1930 1191 κονιορτὸς

1091 1199 1282 1234 ἀναϐήσεται.
1299 1200 1339 1227 Τὰ
1353 1200 1494 1236 πεπηγότα
1507 1200 1596 1227 καὶτὰ
1608 1200 1703 1236 βέϐαια
1719 1200 1868 1231 ἀπολεῖται,
1883 1200 1930 1227 καὶ

1091 1244 1282 1279 διαχυθήσεται
1298 1244 1332 1270 τὰ
1347 1244 1471 1279 λαμπρά,
1491 1245 1538 1271 καὶ
1555 1244 1590 1271 τὰ
1611 1244 1712 1280 φαιδρὰ
1727 1245 1865 1280 οἰχήσεται
1881 1244 1929 1271 καὶ

1091 1287 1296 1323 διαρῤυήσεται.
1317 1289 1359 1315 Οῠ
1380 1288 1436 1322 γὰρ
1455 1288 1611 1322 ἠθέλησαν
1632 1288 1686 1315 τὸν
1709 1288 1802 1322 νόμον
1818 1288 1930 1322 Κυρίου

1092 1333 1213 1360 Σαϐαὼθ
1234 1333 1339 1366 ποιεῖν,
1363 1333 1444 1360 ἀλλὰ
1459 1333 1490 1360 τὸ
1503 1333 1606 1368 λόγιον
1624 1332 1678 1360 τοῦ
1692 1333 1778 1367 ἁγίου
1796 1332 1931 1367 παρώξυ-

1091 1386 1160 1405 νιιν.
1190 1377 1286 1412 Λόγιον
1308 1377 1353 1404 τδν
1379 1377 1459 1411 νόμον
1481 1377 1565 1411 λέγει.
1585 1377 1640 1404 Καὶ
1662 1377 1794 1412 ἐθυμώθη
1821 1378 1926 1411 Κύριος

1092 1421 1212 1448 Σαϐαὼο
1227 1421 1300 1456 ὀργῇ
1319 1421 1369 1448 ἐπὶ
1386 1421 1439 1448 τὸν
1456 1422 1533 1448 λαὸν
1546 1421 1648 1448 αὐτοῦ·
1662 1422 1711 1448 καί
1730 1422 1856 1449 ἐπέϐαλε
1871 1421 1930 1456 τὴν

1092 1465 1175 1500 χεῖρα
1192 1465 1286 1492 αὑτοῦ
1302 1465 1348 1491 ἐπ’
1361 1464 1482 1498 αὐτοὺς,
1496 1464 1546 1493 καί
1563 1465 1712 1498 ἐπάταξεν
1732 1466 1851 1499 αὐτούς.
1870 1465 1928 1502 [62]

1092 1509 1146 1536 Kal
1160 1509 1338 1543 παρωξύνθη
1348 1509 1397 1535 ἐπὶ
1409 1510 1446 1536 τὰ
1459 1509 1523 1543 ὅρη,
1535 1509 1584 1535 καί
1593 1509 1710 1544 ἐγένετο
1721 1509 1756 1537 τὰ
1767 1510 1929 1544 θνησιμαῖα

1091 1552 1190 1581 αὐτῶν
1203 1553 1242 1585 ὡς
1252 1553 1358 1588 κοπρίιι
1373 1553 1407 1579 ἑν
1419 1553 1502 1587 μέσῳ
1514 1551 1596 1580 ὁδοῦ.
1608 1553 1660 1579 Καὶ
1676 1553 1711 1579 ὲν
1727 1552 1799 1580 πᾶσι
1813 1555 1930 1587 τούτοις

1092 1597 1146 1623 οὐκ
1164 1596 1338 1631 ἀπεστράφη
1357 1598 1373 1623 ὁ
1385 1597 1478 1630 θυμός
1499 1596 1602 1628 αὐτοῦ,
1615 1597 1683 1623 ἀλλ’
1696 1596 1739 1623 ἔτι
1761 1597 1780 1631 ἠ
1799 1597 1863 1631 χείρ
1879 1598 1930 1624 αὺ-

1092 1641 1145 1667 τοῦ
1162 1640 1278 1675 ὐψηλή.
1301 1640 1432 1667 Ἐνταῦθα
1444 1640 1558 1676 πόλεμον
1574 1640 1587 1660 δ
1603 1641 1748 1667 αἰνίττεται
1759 1641 1886 1676 χαλεπὸν,
1898 1641 1928 1674 ὃς

1091 1685 1151 1711 οὐδέ
1162 1686 1233 1720 ταφῇ
1248 1685 1282 1712 τὰ
1297 1685 1411 1720 σώματα
1425 1686 1596 1721 συγχωρήσει
1613 1685 1808 1722 παραδοθῆναι,
1820 1687 1869 1722 οὐχ
1885 1687 1928 1714 ἴνα

1091 1729 1191 1755 ἐκεῖνοι
1211 1729 1318 1755 κόλασιν
1331 1729 1422 1761 δῶσιν,
1435 1728 1492 1755 ἀλλ’
1507 1729 1550 1756 ῖνα
1572 1729 1597 1755 οἰ
1617 1729 1716 1762 ζῶντες
1733 1731 1762 1757 ἐν
1774 1731 1834 1762 ταῖς
1848 1730 1928 1757 ἀλλο-

1091 1773 1180 1807 τρίαις
1195 1773 1347 1807 συμφοραῖς
1363 1772 1412 1807 τῆς
1425 1773 1529 1804 οἰκείας
1546 1772 1753 1808 ἀποτέμνωνταί
1769 1782 1796 1800 τι
1817 1775 1928 1807 κακίας.

1092 1816 1147 1842 Καὶ
1160 1816 1211 1851 ὅρα
1225 1816 1283 1848 πῶς
1304 1815 1494 1851 χαλεπώτερον
1508 1815 1553 1842 τὸν
1571 1815 1649 1850 λόγον
1664 1817 1800 1852 ἐποίησεν.
1817 1818 1854 1845 Οὐ
1872 1819 1928 1854 γὰρ

1091 1857 1178 1891 εἶπεν,
1194 1860 1234 1886 ὅτι
1249 1860 1299 1886 οὐκ
1311 1860 1458 1895 ἐτάφησαν,
1476 1860 1532 1887 ἀλλ’
1549 1861 1590 1887 ὄτι
1607 1860 1711 1896 κόπρου
1726 1862 1819 1897 πάσης
1832 1862 1927 1897 ἀτιμό-

1091 1911 1169 1938 τερον
1184 1903 1344 1938 ἐρριμμένοι
1366 1901 1438 1939 ἦσαν
1455 1905 1479 1930 οἰ
1496 1904 1729 1939 τετελευτηκότες,
1755 1905 1769 1931 ὃ
1785 1907 1841 1937 τοῖς
1860 1906 1927 1938 ζῶσι

1092 1947 1306 1982 φρικωδέστερον
1327 1948 1454 1974 ἁπάντων
1476 1945 1545 1974 εἶναι
1565 1948 1647 1981 δοκεῖ,
1667 1947 1714 1975 καὶ
1731 1950 1780 1984 τῆς
1798 1950 1926 1985 τελευτῆς

1091 1991 1177 2026 αὐτῆς
1197 1991 1394 2026 χαλεπώτερον.
1413 1992 1467 2018 Καὶ
1479 1990 1509 2018 τὸ
1524 1991 1555 2027 δὴ
1572 1992 1674 2026 χεῖρον,
1691 1993 1732 2019 ὅτι
1748 1993 1808 2019 οὑδέ
1824 1993 1927 2020 τούτων

1090 2035 1251 2070 γινομένων,
1261 2036 1352 2071 φησὶν,
1366 2035 1562 2072 ἐπιεικέστεροι
1573 2038 1725 2071 γεγόνασιν,
1733 2037 1799 2064 ἀλλὰ
1813 2039 1867 2069 τοῖς
1879 2039 1928 2065 αὐ-

1090 2080 1146 2110 τοῖς
1173 2079 1355 2114 ἐπιμένουσιν.
1387 2079 1463 2106 Ἑπεί
1484 2077 1530 2106 οὗν
1549 2080 1624 2106 οὐδὲν
1648 2080 1767 2115 βελτίους
1792 2082 1925 2117 ἐγένοντο,

1091 2122 1198 2150 ἀπειλεῖ
1215 2123 1294 2149 πάλιν
1310 2123 1399 2155 αὐτοῖς
1415 2123 1463 2159 τὴν
1480 2124 1674 2159 χαλεπωτάτην
1689 2124 1794 2161 ἐκείνην
1807 2125 1925 2161 πληγὴν,

1091 2166 1139 2201 τὴν
1158 2166 1213 2193 τῶν
1230 2166 1385 2202 βαρσάρων.
1402 2167 1446 2193 Διὸ
1464 2167 1510 2193 καὶ
1532 2167 1629 2201 ἐπάγει
1650 2167 1745 2202 λέγων·
1768 2169 1927 2203 Τοιγαροῦν

1090 2210 1157 2244 ἀρεῖ
1169 2211 1333 2244 σύσσημον
1350 2211 1384 2237 ἐν
1399 2211 1460 2243 τοῖς
1475 2211 1575 2238 ἔθνεσι
1590 2211 1651 2243 τοῖς
1666 2212 1794 2246 μακράν.
1813 2212 1871 2240 Ἵνα
1888 2214 1926 2249 μὴ

1090 2254 1138 2289 τῆς
1152 2254 1210 2280 ὁδοῦ
1227 2253 1257 2280 τὺ
1275 2254 1361 2289 μῆκος
1374 2255 1413 2286 εἰς
1430 2254 1566 2291 ρᾳθυμίαν
1582 2255 1681 2287 αὐτοὺς
1696 2255 1827 2292 ἐμϐάλλῃ,
1844 2258 1927 2292 φησὶν

1090 2297 1129 2324 ὅτι
1143 2297 1213 2324 οὕτω
1230 2297 1268 2332 τῷ
1278 2297 1336 2333 Θεῷ
1353 2297 1443 2333 ῥᾴδιον
1456 2299 1568 2332 ἀγαγεῖν
1580 2298 1687 2331 αὐτοὺς,
1705 2298 1743 2330 ὡς
1756 2299 1794 2334 τῷ
1810 2300 1841 2326 τὸ
1862 2300 1926 2327 σύσν

1092 2349 1177 2376 σημον
1192 2341 1305 2376 αἰροντι,
1318 2341 1365 2368 καὶ
1378 2342 1440 2373 τοὺς
1453 2343 1726 2378 παρεσκευασμένους
1741 2344 1788 2370 καὶ
1801 2343 1926 2380 ἐτοίμους

1091 2386 1214 2420 ἐξάγοντι
1232 2386 1299 2421 πρὸς
1315 2385 1477 2421 παράταξιν,
1492 2386 1560 2422 ὅπερ
1573 2387 1620 2413 καὶ
1634 2387 1680 2413 ἐπὶ
1689 2387 1742 2414 τῶν
1756 2387 1846 2414 ῖππων
1858 2388 1927 2422 γίνε-

1089 2437 1134 2455 ται
1147 2429 1201 2456 τῶν
1214 2429 1426 2465 ἁμιλλητηρίων.
1444 2429 1526 2465 Ὁμοῦ
1547 2439 1576 2456 τε
1595 2429 1648 2464 γὰρ
1667 2431 1698 2457 τὸ
1716 2431 1848 2466 σύμϐολον
1875 2432 1926 2466 τῆς

1091 2473 1215 2507 ἀφέσεως
1239 2473 1362 2508 αῖρεται,
1388 2474 1508 2500 κάκεῖνοι
1537 2473 1592 2500 τῶν
1622 2473 1752 2508 βαλϐίδων
1770 2475 1924 2510 ἐκπηδῶσιν

1090 2516 1199 2548 εὐθέως.
1216 2516 1268 2542 Δύο
1280 2516 1369 2543 τοίνυν
1389 2517 1505 2544 ἐνταῦθα
1522 2517 1536 2543 ὁ
1554 2518 1696 2554 προφήτης
1710 2518 1867 2552 αἰνίττεται,
1884 2519 1925 2546 ὅτι

1090 2561 1136 2587 καὶ
1149 2559 1258 2587 εὔκολον
1271 2561 1369 2592 αὐτοὺς
1382 2561 1477 2593 ἐλθεῖν,
1495 2562 1542 2588 τοῦ
1559 2562 1626 2588 Θεοῦ
1642 2561 1795 2595 καλοῦντος,
1809 2563 1858 2589 καὶ
1872 2562 1925 2589 πά-

1090 2604 1133 2631 λαι
1153 2604 1186 2631 ἂν
1197 2602 1287 2640 ἦλθον,
1304 2605 1327 2631 εἰ
1345 2605 1381 2640 μὴ
1399 2605 1415 2640 ή
1435 2605 1519 2640 πολλὴ
1532 2607 1657 2641 κατεῖχεν
1677 2606 1774 2638 αὐτοὺς
1788 2606 1925 2641 μακροθυ-

1093 2648 1150 2683 μία.
1166 2646 1231 2674 Εἶτα
1242 2649 1275 2683 τῇ
1289 2647 1450 2684 ἐπεξηγήσει
1467 2649 1575 2675 πλείονα
1591 2649 1640 2684 τὴν
1654 2649 1777 2676 εὐκολίαν
1793 2649 1925 2676 ἐνδείκνυ-

1089 2701 1134 2719 ται
1148 2692 1243 2727 λέγων·
1260 2693 1422 2727 Καίσυριεῖ
1432 2693 1543 2726 αὐτοὺς
1560 2693 1609 2720 ἀπ’
1621 2693 1715 2728 ἄκρου
1731 2693 1786 2728 τῆς
1801 2693 1866 2728 γῆς.
1878 2693 1923 2729 Μὴ

1122 2780 1133 2793 ⁸³
1147 2778 1193 2802 Καὶ
1207 2778 1336 2802 δύσεικτον.
1354 2777 1428 2802 Ρυωι
1453 2777 1557 2802 Alienus
1578 2777 1710 2808 legendum
1727 2783 1782 2808 esse
1803 2776 1922 2800 δυσίατον.

1090 2809 1139 2833 Sed
1153 2809 1274 2833 δύσεικτον
1285 2808 1359 2832 etiam
1373 2808 1485 2840 quadrat,
1507 2811 1533 2832 el.
1553 2808 1662 2839 alioquin
1672 2814 1726 2833 cum
1736 2807 1776 2831 bis
1787 2811 1923 2840 rvpelalur,

1091 2841 1147 2864 hinc
1159 2842 1228 2863 certe
1240 2840 1399 2863 conﬁrmatur
1408 2839 1492 2863 lectio.

1122 2870 1134 2889 ἀ
1147 2869 1175 2894 In
1185 2869 1284 2902 393.1%
1295 2869 1375 2902 δεινῇ,
1382 2870 1486 2902 πόλεμον
1495 2869 1574 2893 deest.
1585 2868 1634 2902 Sgd
1647 2869 1768 2902 iplgrprgs
1778 2868 1853 2902 legil._
1862 2868 1922 2902 llnjd.

1093 2901 1154 2930 Heg.
1165 2903 1191 2924 et
1204 2898 1278 2924 sivi].
1290 2901 1322 2932 ὡς
1338 2900 1392 2932 οὐδέ
1417 2898 1498 2932 minus
1512 2904 1588 2925 recte.
1610 2899 1636 2924 In
1649 2898 1735 2924 iisdem
1746 2898 1814 2929 haec;
1831 2900 1876 2928 οὔχ
1887 2898 1927 2922 ἳνα

1097 2932 1181 2956 ἰκτῖνοι
1198 2931 1295 2955 κόλασιν
1313 2930 1394 2960 δῶσιν,
1409 2930 1506 2956 desunt.
