2068 3130
103 155 133 182 ἥδ

108 212 167 240 haut
181 221 187 237 τ
206 212 260 246 Qui
274 213 380 246 dicunt,
391 213 447 242 Cito
462 212 663 248 appropinquettt
675 220 732 247 qute
746 213 860 248 facturus
873 218 910 240 est

112 258 184 289 Deus.
196 265 224 285 ut
240 259 389 287 videamus.
403 259 430 286 Id
442 259 513 294 quod
527 263 554 286 ct
565 258 634 286 alius
649 258 776 293 propheta
790 259 830 286 eis
844 259 910 286 vitio

112 305 184 333 vertit
197 305 310 333 dicens:
328 305 375 332 Va:
385 305 582 332 desiderantibus
596 304 661 330 diem
677 303 791 331 Domini.
804 303 837 331 Et
848 305 912 340 quid

113 352 176 379 vobis
190 351 243 378 haec
258 351 337 379 dies?
352 351 386 378 Et
401 351 455 378 Ita'c
467 355 502 378 est
514 351 631 383 tenebris,
648 358 699 377 non
712 350 774 382 luat.
790 355 814 377 et
826 351 909 386 caligo

113 406 159 425 non
182 397 277 424 habens
300 397 462 432 splendorem
479 405 552 424 suum
570 395 657 432 (Amos
679 396 706 423 5.
722 395 765 424 18.
780 395 844 431 20).
861 395 910 423 Et-

113 443 181 470 enim
201 442 240 469 illi
259 449 369 477 quoque
392 441 519 469 increduli
536 441 660 469 dicebant
674 450 682 469 :
698 441 808 475 Quando
823 442 910 469 veniet

112 488 166 516 dies
178 488 304 523 supplicii
320 494 348 515 et
370 487 498 515 ultionis?
516 487 562 514 20.
585 487 627 514 γω
642 487 684 523 qui
707 487 795 514 dicunt
814 487 909 514 malum

112 536 213 568 bonum,
229 540 252 562 et
265 536 358 562 bonum
372 535 483 567 malum;
496 534 540 570 qui
551 539 647 569 ponunt
659 533 740 562 lucem
753 534 875 567 tenebras,
886 539 910 561 et

113 582 225 609 tenebras
242 582 340 614 lucem;
353 581 397 616 qui
411 585 507 616 ponunt
521 580 595 608 dulce
608 588 724 607 amarum
734 601 741 613 ,
756 585 780 608 et
793 589 910 608 amarum

112 628 192 654 dulce.
206 627 324 655 Rursum
333 627 368 655 de
377 627 470 654 iisdem
480 626 607 662 loquitur.
621 626 751 660 Quoniam
766 626 911 662 prophetas

112 673 282 701 contumeliis
294 672 441 700 onerabant
455 676 481 700 et
494 671 652 707 deceptores
665 672 795 700 vocabant
808 681 814 699 :
830 679 909 707 pseu-

113 719 293 754 doprophetas
307 726 371 746 vero
387 717 562 751 honorabant,
576 725 720 753 rerumque
735 718 855 746 ordinem
869 718 909 746 in—

112 765 260 798 vertebant,
273 765 346 800 ipsos
359 765 472 793 miseros
482 764 608 800 pmdicat
622 765 657 792 ob
670 769 822 799 corruptum
834 765 909 800 judi-

111 812 191 839 cium.
211 811 274 845 να,
292 811 396 846 inquit,
409 811 452 847 qui
465 811 552 838 dicunt
564 812 661 838 malum
673 810 767 838 bonum
778 832 786 842 ,
800 811 826 838 id
845 815 886 838 est
899 831 906 844 ,

111 857 395 893 pseudoprophetiam,
409 861 432 884 et
444 856 537 884 bonum
550 856 656 890 malum,
671 856 853 892 prophetiam;
866 857 909 891 qui

110 908 208 937 ponunt
226 903 309 930 lucem
325 903 457 936 tenebras,
472 907 496 930 et
513 902 627 929 tenebras
641 901 739 935 lucem;
753 902 796 938 qui
810 906 908 937 ponunt

110 949 184 975 dulce
197 957 316 975 amarum
328 969 336 982 ,
350 953 372 976 et
387 957 503 975 amarum
516 948 600 976 dulce.
614 947 726 975 Etiamsi
739 948 810 975 enim
824 948 908 976 mole-

110 1000 150 1022 sta
162 994 216 1021 sint
230 994 322 1027 verba,
338 994 434 1029 inquit,
449 993 496 1022 sed
512 993 578 1021 nihil
591 993 694 1020 dulcius
703 998 745 1021 est
758 993 907 1029 prophetis,

110 1040 155 1074 qui
166 1040 309 1067 verborum
320 1039 580 1068 interminationibus
593 1047 681 1067 rerum
692 1039 907 1074 experimentum

110 1086 258 1121 depellunt.
274 1087 330 1115 Etsi
342 1086 429 1114 dulcia
442 1086 496 1114 sint
507 1086 590 1114 verba
603 1085 906 1121 pseudoprophetarum,

110 1132 157 1159 sed
172 1132 240 1159 nihil
254 1131 307 1160 illis
320 1131 448 1165 amarius,
461 1132 505 1166 qui
519 1139 567 1167 per
577 1131 689 1167 gratiam
703 1131 845 1159 verborum
858 1131 908 1158 mi-

109 1186 159 1206 nas
173 1178 201 1206 in
215 1185 273 1206 rem
288 1182 316 1206 et
327 1185 409 1213 opera
422 1182 538 1205 vertunt.

146 1226 174 1253 7.
189 1225 229 1254 En
244 1225 382 1261 prophetat
394 1225 562 1260 sapientiam,
578 1224 711 1260 quomodo
724 1223 831 1252 illorum
846 1223 906 1260 opi-

110 1272 219 1299 nionem
233 1271 358 1299 invertat.
374 1270 442 1305 Quia
455 1271 526 1299 enim
537 1270 589 1298 illis
601 1275 630 1297 ut
642 1270 779 1298 acerbiora
793 1276 907 1296 narran-

111 1318 182 1346 tibus
196 1324 252 1345 non
266 1316 461 1349 attendebant;
480 1317 520 1343 his
537 1323 616 1344 secus
629 1321 658 1343 ut
675 1314 823 1342 mitioribus
836 1313 907 1341 mul—

109 1369 219 1399 tamque
226 1363 396 1391 dulcedinem
407 1362 607 1394 exhibentibus,
617 1361 693 1394 dixit,
704 1369 761 1389 rem
772 1361 907 1388 contrario

108 1416 139 1436 se
150 1409 252 1436 habere
264 1408 356 1442 modo,
369 1407 532 1442 multamque
544 1414 604 1435 esse
616 1406 804 1442 prophetarum
816 1406 907 1433 dulce-

107 1453 201 1482 dinem
214 1474 222 1487 ,
239 1454 351 1482 multam
370 1452 663 1489 pseudoprophetarum
677 1451 882 1479 amaritudinem
898 1459 905 1478 :

107 1500 148 1528 sic
157 1501 241 1528 etiam
253 1499 289 1528 de
301 1500 361 1528 luce
372 1504 398 1527 et
408 1499 442 1527 de
454 1498 570 1527 tenebris
580 1505 669 1527 sermo
678 1497 756 1525 nobis
768 1497 907 1525 habendus

107 1550 162 1574 est.
173 1545 242 1573 Nam
255 1545 294 1574 illi
305 1546 339 1574 ad
350 1553 479 1578 errorem,
489 1544 516 1572 hi
526 1544 559 1572 ad
571 1545 709 1572 veritatem
721 1543 905 1571 deducebant:

107 1597 135 1619 et
149 1591 190 1620 illi
203 1591 313 1628 quidem
325 1591 486 1628 captivitatis
499 1590 603 1626 ealigini
619 1597 714 1618 manus
728 1589 811 1617 ferme
825 1589 909 1624 ligan-

109 1643 151 1666 tes
163 1637 327 1671 tradebant,
345 1637 372 1665 hi
387 1642 476 1665 autem
496 1637 561 1665 nihil
576 1644 629 1664 non
643 1636 776 1672 agebant,
791 1643 819 1663 ut
833 1636 859 1663 in
873 1635 907 1662 ii-

109 1683 224 1713 ber-tatis
237 1683 326 1712 lucem
342 1682 516 1711 adducerent.
533 1683 664 1717 Quoniam
679 1689 744 1717 ergo
758 1681 907 1716 oppositam

108 1734 137 1758 et
152 1737 206 1757 non
223 1733 433 1757 consentaneam
452 1727 486 1756 de
505 1728 570 1763 ipsis
583 1727 741 1755 sententiam
756 1726 907 1758 habebant,

109 1776 172 1812 iure
183 1775 247 1803 illos
259 1774 370 1810 corrigit
381 1774 474 1802 dicens
489 1781 498 1802 :
515 1773 566 1808 Qui
578 1777 674 1808 ponunt
688 1773 769 1800 lucem
784 1771 908 1804 tenebras,

109 1827 133 1850 et
153 1821 271 1849 tenebras
289 1821 382 1848 lucem.
402 1819 448 1848 2L
469 1818 513 1847 Vae
531 1819 572 1854 qui
586 1818 750 1854 intelligentes
768 1822 826 1844 sunt
841 1815 910 1852 apud

110 1868 262 1903 semetipsos
273 1887 282 1901 ,
295 1871 321 1895 et
334 1874 421 1894 coram
432 1874 460 1894 se
477 1865 591 1894 scientes.
610 1864 668 1892 Non
689 1871 802 1899 parvum
817 1868 844 1891 et
859 1862 910 1890 hoc

111 1913 208 1940 vitium
219 1933 228 1945 ,
242 1919 304 1940 cum
318 1911 449 1948 quispiam
459 1917 489 1939 se
502 1910 649 1945 sapientem
662 1913 755 1944 putat,
769 1913 797 1936 et
808 1909 909 1943 cogita-

111 1959 234 1987 tionibus
243 1959 299 1986 suis
310 1958 400 1986 omnia
413 1957 550 1993 permittit.
567 1955 634 1984 Nam
649 1955 712 1983 hinc
725 1954 790 1982 illud
804 1954 908 1987 oritur;

111 2004 243 2032 nimirum
261 2003 334 2039 quod
346 2003 438 2031 dicant
451 2002 549 2030 malum
564 2001 662 2029 bonum
674 2021 682 2034 ,
696 2004 724 2028 et
735 2000 838 2035 bonum,
854 2007 910 2026 ma-

112 2050 180 2082 lum,
190 2054 220 2077 et
230 2054 340 2078 cetera.
351 2047 408 2077 Hoc
418 2048 499 2076 etiam
509 2047 606 2075 Paulus
617 2045 734 2074 externis
744 2044 911 2081 philosophis

112 2096 221 2124 crimini
238 2096 306 2124 dans
319 2095 442 2123 dicebat:
453 2093 570 2122 Dicentes
588 2101 616 2120 se
627 2092 752 2128 sapientes
766 2100 829 2125 esse,
841 2091 912 2118 stulti

111 2143 177 2179 [acti
186 2147 247 2171 sunt
262 2141 351 2178 (Rom.
360 2141 387 2169 1.
395 2140 455 2176 22).
466 2139 695 2174 Proverbialisque
707 2144 796 2166 sermo
807 2144 912 2165 rursum

111 2189 154 2216 sic
168 2188 269 2216 habet:
286 2185 344 2215 Vidi
355 2186 491 2218 hominem,
500 2185 542 2221 qui
553 2184 601 2212 sibi
611 2184 712 2219 sapiens
724 2182 852 2210 videbatur
859 2190 913 2209 esse

112 2234 184 2271 apud
195 2234 377 2269 semetipsum;
389 2232 510 2267 majorem
521 2238 594 2266 quam
606 2229 650 2257 ille
662 2237 732 2264 spem
740 2228 813 2255 habet
822 2227 913 2255 stultus

113 2281 208 2317 (Prov.
216 2280 265 2308 28.
275 2279 330 2316 12).
340 2279 398 2307 Hoc
405 2278 492 2313 ipsum
500 2277 595 2304 iterum
603 2275 688 2311 arguit
699 2274 796 2302 Paulus
804 2273 845 2300 his
858 2281 912 2300 ver-
926 2290 928 2294 ι

114 2326 157 2354 bis
168 2336 176 2355 :
187 2325 232 2354 Ne
241 2325 297 2354 sitis
309 2323 445 2361 prudentes
454 2323 522 2359 apud
532 2321 694 2356 vosmetipsos
705 2319 843 2356 (Ramdi.
856 2319 912 2354 l6);

113 2380 147 2400 ac
156 2379 263 2400 rursum
273 2370 316 2398 :Si
324 2369 379 2406 quis
387 2369 414 2396 in
423 2367 610 2396 oabisvideatur
617 2365 718 2402 sapiens
726 2365 810 2393 essein
818 2365 865 2391 hoc
871 2371 914 2391 sa:-

113 2420 183 2452 culo,
191 2418 285 2447 stultus
292 2414 571 2453 Iiat,utsitsapiens(l.
583 2413 641 2441 Cor.
653 2413 680 2440 5.
690 2411 746 2447 18).
754 2411 792 2439 Ne
800 2410 914 2446 propriae

115 2464 266 2501 sapientiae,
273 2463 370 2499 inquit,
379 2468 468 2498 neque
474 2459 677 2496 cogitationibus
686 2457 741 2485 suis
747 2457 819 2488 (idat,
828 2456 875 2483 sed
883 2455 915 2482 ii-

116 2511 158 2540 las
167 2511 331 2547 reprimens,
344 2508 462 2544 Spiritus
472 2506 599 2534 doctrina:
611 2504 729 2532 animum
740 2502 835 2530 tradat.
847 2501 914 2535 Quia

116 2558 195 2594 igitur
204 2557 274 2593 apud
283 2556 392 2584 Judaaos
401 2554 507 2590 quidam
518 2556 594 2580 erant
600 2548 762 2586 huiusmodi,
772 2548 914 2584 prophetas

115 2602 384 2641 despicientes,quasi
392 2605 512 2636 pastores
517 2604 544 2627 et
549 2595 870 2641 caprarios,volentesque
878 2600 922 2641 sa-

116 2638 221 2687 pientes
229 2650 256 2678 in
266 2647 422 2684 semetipsis
430 2645 524 2679 videri,
535 2643 606 2681 quod
617 2647 673 2671 tum
682 2639 839 2687 arrogantia:
850 2638 915 2687 ipsis

116 2684 223 2726 occasio
234 2701 304 2728 erat,
316 2700 373 2722 tum
384 2697 417 2721 ut
426 2692 476 2720 sibi
484 2692 554 2720 dicta
563 2690 776 2719 contemnerent,
783 2686 844 2721 jure
855 2684 915 2712 illos

119 2745 188 2778 luget
195 2744 290 2772 dicens
299 2752 306 2770 :
318 2741 360 2769 Vat
366 2740 411 2777 qui
418 2738 584 2774 intelligentes
591 2741 650 2764 sunt
656 2735 725 2771 apud
729 2732 885 2766 sentetipsos,
891 2734 915 2757 et

118 2792 144 2818 in
151 2793 283 2826 conspectu
295 2797 344 2816 sua
353 2787 472 2815 scientes.
480 2784 525 2812 22.
532 2782 577 2811 Vss
586 2781 629 2818 qui
641 2782 716 2818 fortes
723 2782 781 2807 sunt
788 2778 852 2805 inter
859 2784 912 2810 vos,
935 2796 948 2804 .

118 2839 159 2873 qui
167 2838 250 2865 sinum
260 2835 361 2868 bibunt,
371 2833 417 2869 qui
429 2835 539 2868 potentes
548 2833 615 2863 sunt,
626 2827 669 2864 qui
682 2827 786 2854 miscent
797 2825 913 2852 siceram.

118 2872 155 2912 lie
162 2883 266 2912 mireris
276 2883 300 2912 si
307 2888 373 2911 cum
384 2879 466 2916 paulo
475 2882 536 2907 ante
542 2880 612 2906 tanta
624 2873 720 2904 dixerit
727 2877 819 2903 contra
828 2872 914 2902 ebrie-

753 154 785 182 IN
805 152 931 187 lSAlAM,
951 153 1027 182 CAP.
1049 154 1080 183 ν.

1723 159 1757 187 κθ

965 217 1057 247 tatem,
1069 221 1161 255 rursus
1171 213 1294 242 eumdem
1307 220 1425 244 resumat
1434 224 1596 246 sermonem.
1607 218 1673 252 Quia
1685 219 1757 246 enitn

961 267 1044 294 grave
1063 260 1139 288 ulcus
1151 265 1210 288 erat
1220 280 1228 293 ,
1245 268 1295 288 nec
1308 260 1437 292 cedebat.
1452 262 1512 290 ideo
1527 263 1590 290 illud
1605 262 1759 298 frequenter

963 305 1117 341 abstergere
1131 307 1283 341 oportebat.
1304 306 1390 334 Grave
1406 312 1433 334 et
1453 312 1546 335 curato
1569 307 1677 336 difficile
1692 309 1756 336 illud

962 355 1004 378 est
1013 372 1020 384 ,
1036 359 1096 378 cum
1111 351 1137 378 id
1151 351 1222 387 quod
1235 352 1325 380 multis
1337 352 1443 380 videtur
1456 361 1509 380 non
1524 360 1585 381 esse
1600 357 1736 387 peccatum
1749 375 1756 387 ,

961 397 1147 431 gravissimum
1169 402 1257 425 tamen
1284 398 1404 426 omnium
1431 403 1473 426 est
1495 405 1634 434 peccatum
1649 420 1657 432 ,
1684 400 1755 434 quod

961 447 1104 470 sexcentos
1119 443 1256 478 ingeneret
1270 443 1388 471 morbos.
1403 444 1466 471 ldeo
1478 445 1516 472 ait
1530 453 1537 472 :
1554 444 1603 478 Qui
1619 445 1703 471 ainant
1717 445 1756 471 bi-

962 488 1023 516 bunt
1034 511 1041 523 ,
1056 494 1080 517 et
1092 494 1204 524 potentes
1217 511 1224 522 ,
1237 491 1280 526 qui
1294 491 1397 518 miscent
1412 491 1528 518 siceram.
1547 490 1646 525 Duplex
1662 491 1756 525 pra-ci-

962 535 1072 570 pitium,
1088 536 1207 572 tyrannis
1226 536 1379 569 ebrietatis,
1399 541 1426 563 et
1445 537 1570 570 potentia:
1590 536 1755 572 magnitudo.

961 580 1091 609 Omnibus
1104 581 1203 616 quippe
1217 580 1369 608 hominibus
1387 581 1527 609 ratiocinio
1541 587 1583 609 est
1595 589 1661 618 opus
1671 601 1681 615 ,
1697 590 1755 608 ma-

961 626 1033 653 xime
1049 634 1112 653 vero
1125 626 1157 653 iis
1169 626 1214 662 qui
1229 626 1256 653 in
1268 626 1397 662 dignitate
1409 631 1436 654 ct
1450 627 1476 654 in
1491 627 1607 661 potentia
1625 632 1704 660 sunt,
1720 635 1754 654 ne

962 672 1125 707 principatus
1137 677 1251 705 tumore,
1264 679 1313 699 ceu
1327 672 1510 700 inundantium
1518 679 1646 708 aquarum
1656 673 1755 707 impetu

961 717 1111 753 praecipites
1124 722 1245 752 agantur.
1257 718 1302 745 23.
1320 718 1370 750 Qui
1378 718 1520 754 justi/icant
1532 719 1639 754 impium
1652 723 1756 754 propter

960 771 1073 796 munera,
1089 768 1113 790 et
1121 764 1168 799 jus
1176 763 1240 798 justi
1254 764 1344 790 tollunt
1359 764 1390 790 ab
1405 764 1460 791 illo.
1477 764 1578 799 Duplex
1595 772 1686 791 rursus
1701 765 1753 791 cri-

959 817 1021 837 men
1035 809 1113 837 oﬂ‘ert
1124 830 1132 843 ,
1143 809 1214 845 quod
1233 817 1307 837 reum
1321 809 1472 844 dimittant,
1486 815 1513 838 et
1527 810 1597 845 quod
1612 811 1752 838 innoxium

959 854 1149 882 condemnem.
1173 854 1316 890 Utriusque
1340 855 1441 890 peccati
1463 855 1539 883 radix
1560 860 1623 883 sunt
1644 861 1752 890 accepta

959 909 1080 929 munera.
1095 902 1140 929 24.
1155 901 1218 929 Ideo
1232 902 1443 938 quemadmodum
1454 903 1619 930 succcndetur
1632 903 1726 938 stipula
1739 912 1754 930 a

959 948 1067 976 carbone
1079 949 1154 984 ignis,
1169 954 1191 976 et
1204 949 1367 977 succendetur
1378 957 1393 975 a
1406 950 1512 984 [innima
1524 957 1639 976 accensa.
1653 949 1755 977 Celeri-

961 999 1040 1022 tatem
1050 995 1156 1022 ultionis
1163 1001 1189 1022 et
1199 995 1352 1023 facilitatem
1365 995 1485 1023 sumendi
1497 995 1620 1030 supplicii
1633 995 1751 1029 exhibet,

959 1045 1106 1069 extremam
1120 1040 1225 1068 illorum
1236 1041 1379 1076 perniciem
1396 1041 1510 1076 imagine
1523 1041 1688 1076 exprimens.

994 1087 1021 1114 8.
1043 1086 1104 1114 Hice
1117 1087 1214 1122 quippe
1224 1089 1313 1114 omnia
1325 1088 1441 1120 llamma,
1456 1086 1597 1121 carbones,
1612 1087 1708 1122 stipula
1725 1093 1753 1114 et

959 1140 1018 1167 quae
1041 1139 1189 1168 sequuntur
1208 1133 1285 1160 nobis
1306 1133 1433 1161 indicant.
1458 1133 1544 1160 Radix
1569 1142 1656 1160 eorum
1680 1134 1753 1166 quasi

959 1179 1041 1214 pulvis
1054 1180 1116 1212 erit,
1139 1183 1163 1207 et
1183 1180 1232 1215 [los
1246 1187 1331 1207 eorum
1347 1179 1418 1214 quasi
1441 1179 1523 1214 pulvis
1543 1179 1670 1206 ascendet.
1688 1180 1754 1213 Quae

959 1224 1011 1252 lixa
1026 1229 1088 1252 sunt
1102 1229 1129 1253 et
1143 1225 1217 1252 firma
1230 1224 1363 1260 peribunt,
1379 1232 1439 1259 quae
1451 1225 1590 1259 splendida
1614 1225 1755 1253 eii'unden-

959 1275 1012 1303 tur.
1026 1279 1085 1307 qua:
1099 1272 1161 1299 [tcta
1178 1271 1289 1299 abibunt
1303 1276 1330 1299 et
1351 1271 1483 1299 difﬂuent.
1505 1271 1567 1299 Non
1586 1273 1652 1300 enim
1666 1273 1754 1299 tto/ue-

958 1322 1017 1344 runt
1032 1318 1110 1353 legem
1125 1317 1228 1344 Domini
1239 1317 1353 1345 Sabaoth
1368 1319 1462 1353 facere,
1478 1318 1524 1345 sed
1533 1317 1661 1351 eloquium
1674 1320 1754 1346 sancti

959 1366 1180 1398 exasperauerunt.
1197 1363 1340 1398 Eloquium
1351 1367 1429 1390 vocat
1447 1363 1544 1398 legem.
1557 1362 1602 1390 25.
1622 1362 1656 1389 Et
1674 1363 1754 1390 iratus

959 1415 994 1437 est
1004 1411 1090 1446 furore
1101 1408 1225 1436 Dominus
1237 1408 1352 1436 Sabaoth
1366 1408 1391 1436 in
1409 1409 1531 1443 populum
1542 1417 1615 1435 suum
1631 1413 1673 1435 :et
1685 1407 1753 1444 inje-

958 1457 991 1483 cit
1005 1454 1108 1483 manum
1120 1464 1192 1483 suam
1203 1456 1229 1483 in
1239 1464 1291 1489 eos,
1307 1460 1330 1483 et
1350 1455 1472 1491 percussit
1481 1463 1531 1482 eos.
1549 1454 1580 1481 Et
1593 1455 1754 1482 exacerbatus

959 1507 995 1530 est
1013 1502 1134 1529 adversus
1158 1506 1273 1534 montes,
1296 1506 1320 1529 et
1337 1501 1406 1536 facta
1428 1505 1488 1528 sunt
1515 1500 1649 1527 morticina
1668 1508 1754 1527 eorum

958 1548 1030 1583 quasi
1042 1552 1137 1575 stercus
1157 1547 1182 1574 in
1197 1547 1278 1574 medio
1300 1547 1355 1574 vite.
1373 1546 1408 1573 Et
1428 1546 1455 1573 in
1474 1545 1589 1573 omnibus
1603 1545 1642 1572 Itis
1655 1553 1706 1572 non
1717 1551 1754 1572 est

959 1602 1059 1622 aversus
1074 1594 1146 1629 furor
1158 1594 1216 1630 ejus
1231 1601 1241 1620 .'
1250 1593 1294 1620 sed
1303 1593 1389 1620 adhuc
1400 1600 1491 1620 manus
1503 1592 1558 1628 ejus
1566 1591 1674 1619 excelsa.
1698 1591 1754 1619 lloc

959 1641 1019 1669 loco
1039 1641 1138 1669 bellum
1161 1648 1243 1676 grave
1258 1640 1266 1656 ι
1279 1639 1439 1672 subindicat,
1463 1639 1489 1666 in
1511 1646 1565 1673 quo
1585 1645 1620 1666 ne
1642 1645 1754 1673 corpora

959 1687 1065 1723 quidem
1087 1686 1194 1722 sepeliri
1218 1690 1351 1721 poterunt,
1368 1692 1422 1712 non
1440 1688 1471 1712 ut
1491 1684 1529 1712 illi
1544 1690 1637 1719 plenas
1653 1683 1717 1710 dent
1731 1684 1753 1716 ³,

959 1733 1007 1761 sed
1021 1737 1047 1760 ut
1059 1732 1103 1768 qui
1117 1732 1206 1759 vivent
1220 1731 1314 1759 alienis
1325 1731 1402 1758 malis
1420 1729 1529 1758 abducti
1542 1729 1643 1765 aliquid
1655 1729 1752 1758 saltem

960 1779 994 1806 de
1007 1778 1126 1813 nequitia
1151 1777 1299 1805 succidant.
1320 1778 1360 1804 Ac
1372 1775 1433 1804 vide
1445 1775 1581 1811 quomodo
1591 1775 1753 1803 atrociorem

961 1824 1107 1853 reddiderit
1121 1823 1351 1851 sermonem.i\'on
1372 1822 1444 1850 enim
1465 1822 1545 1855 dixit,
1558 1829 1611 1849 non
1634 1821 1753 1856 sepultos

961 1871 1054 1904 fuisse,
1069 1871 1116 1898 sed
1128 1870 1257 1898 cadavera
1272 1868 1429 1904 abjectiora,
1444 1875 1523 1904 quam
1537 1872 1642 1895 stercus
1656 1867 1754 1902 ipsum,

961 1917 1042 1946 modo
1053 1917 1172 1951 projecta
1191 1923 1252 1943 esse
1266 1924 1273 1944 :
1286 1914 1357 1950 quod
1370 1914 1521 1942 viventibus
1533 1913 1653 1941 omnium
1670 1913 1756 1941 horri-

962 1964 1121 1992 biiissimum
1145 1970 1205 1990 esse
1233 1962 1354 1994 videtur,
1378 1965 1406 1988 et
1429 1960 1487 1995 ipsa
1510 1963 1597 1987 morte
1621 1959 1755 1987 acerbius.

961 2010 1039 2044 Quod
1052 2017 1114 2037 vero
1127 2009 1201 2044 pejus
1213 2012 1262 2040 est,
1274 2015 1307 2035 ne
1316 2007 1357 2034 his
1371 2006 1479 2042 quidem
1494 2006 1528 2033 ita
1542 2012 1573 2033 se
1585 2004 1756 2037 habentibus,

963 2057 1059 2092 inquit,
1072 2055 1267 2084 moderatiores
1282 2053 1345 2081 facti
1357 2057 1435 2086 sunt;
1454 2051 1502 2080 sed
1518 2051 1544 2079 in
1559 2050 1653 2079 iisdem
1670 2050 1756 2085 persi-

963 2108 1047 2132 stunt.
1061 2102 1127 2137 Quia
1140 2102 1221 2137 igitur
1243 2108 1297 2128 non
1318 2098 1444 2127 meliores
1455 2100 1614 2130 evaserunt,
1639 2096 1758 2123 minatur

963 2158 1070 2179 rursum
1091 2149 1142 2176 illis
1156 2147 1342 2184 gravissimam
1356 2146 1428 2173 illam
1444 2145 1620 2172 barbarorum
1641 2142 1756 2177 plagam.

964 2195 1143 2231 Quamobrem
1157 2193 1243 2229 pergit
1253 2193 1346 2220 dicens
1360 2199 1367 2218 :
1382 2190 1428 2218 26.
1442 2189 1527 2225 Igitur
1544 2187 1636 2215 levabit
1657 2186 1757 2222 signum

964 2243 990 2270 in
1003 2241 1146 2269 nationibus
1161 2238 1259 2275 procul.
1280 2237 1319 2265 Ne
1338 2236 1387 2264 viae
1406 2233 1544 2270 longitudo
1564 2233 1591 2260 in
1615 2231 1757 2267 segnitiem

964 2289 1024 2317 illos
1039 2286 1171 2322 conjiciat,
1186 2284 1265 2312 aitita
1280 2282 1358 2310 facile
1372 2288 1450 2316 posse
1458 2281 1539 2307 Deum
1553 2277 1757 2309 illosinducereI

964 2341 995 2364 ut
1010 2334 1087 2362 facile
1102 2337 1143 2360 est
1156 2333 1244 2359 levare
1257 2330 1373 2365 signum,
1388 2332 1416 2355 et
1429 2334 1475 2354 eos
1485 2325 1531 2361 qui
1545 2324 1666 2352 adornati
1679 2330 1758 2358 para-

966 2383 1038 2417 tique
1052 2384 1114 2408 sunt
1128 2378 1243 2407 educere
1256 2377 1282 2404 in
1296 2376 1395 2406 aciem,
1408 2373 1479 2409 quod
1493 2372 1584 2407 utique
1597 2370 1627 2398 lit
1639 2370 1666 2398 in
1681 2370 1755 2405 equis

965 2416 1001 2457 ad
1010 2427 1167 2457 certandum
1181 2423 1330 2452 instructis.
1355 2419 1440 2449 Simul
1463 2419 1534 2446 enim
1556 2421 1637 2452 atque
1651 2416 1757 2451 signum

965 2473 1117 2503 emissionis
1129 2472 1155 2499 in
1170 2470 1285 2498 sublime
1308 2467 1434 2502 erigitur,
1446 2472 1479 2492 ex
1492 2462 1646 2491 carceribus
1669 2459 1759 2488 confo-

966 2522 1028 2550 slim
1043 2520 1080 2547 illi
1095 2516 1230 2546 exsiliunt.
1242 2513 1374 2548 Propheta
1389 2511 1469 2546 igitur
1482 2509 1536 2537 duo
1545 2508 1587 2536 hic
1598 2506 1757 2539 subindicat,

966 2568 1044 2596 facile
1057 2572 1154 2599 nempe
1164 2570 1224 2591 esse
1234 2568 1282 2589 eos
1294 2558 1424 2587 accedere
1444 2556 1498 2584 Deo
1519 2557 1642 2587 vocante,
1656 2557 1684 2581 et
1706 2553 1759 2599 iam

967 2614 1030 2642 olim
1044 2597 1171 2640 venturos
1193 2608 1285 2640 fuisse,
1313 2604 1364 2633 nisi
1381 2611 1429 2631 eos
1451 2602 1543 2636 ingens
1563 2599 1610 2627 Dei
1636 2597 1758 2634 patientia

967 2658 1134 2688 detinuisset.
1149 2653 1250 2682 Deinde
1269 2652 1339 2679 inter
1353 2647 1516 2677 narrandum
1538 2645 1667 2680 majorem
1685 2644 1758 2671 exhi-

967 2706 1013 2734 bet
1031 2703 1183 2731 l'acilitatem
1205 2699 1296 2726 dicens
1311 2706 1318 2724 :
1332 2694 1368 2723 Et
1389 2694 1498 2722 sibilattil
1532 2700 1575 2721 eos
1593 2692 1624 2720 ab
1644 2697 1756 2720 extrema

968 2757 1051 2779 term.
1065 2749 1105 2777 Ne
1116 2746 1222 2776 mireris
1234 2749 1323 2773 autem
1338 2741 1372 2770 de
1386 2741 1441 2769 Deo
1459 2740 1612 2776 loquentem
1627 2738 1666 2764 ita
1686 2745 1760 2766 cras-

1000 2808 1009 2825 ι
1025 2807 1053 2832 In
1066 2811 1123 2838 Reg.
1137 2806 1163 2830 et
1177 2802 1248 2830 savii.
1264 2801 1365 2833 legitur,
1381 2796 1474 2830 aliquid
1489 2801 1571 2841 grave,
1595 2800 1648 2826 pro,
1675 2791 1761 2818 bellum

967 2846 1090 2900 "rivfimc,
1100 2874 1145 2894 nrm
1157 2869 1180 2892 ut
1192 2865 1228 2892 illi
1239 2870 1321 2896 inruas
1335 2865 1399 2894 dent,
1411 2862 1500 2887 desunt
1515 2858 1540 2883 in
1552 2861 1610 2887 Reg.
1621 2858 1648 2880 et
1667 2853 1741 2880 Savil.
