2068 3130
299 154 334 182 67
653 149 682 177 S.
701 148 841 177 JOANNIS
859 144 1097 175 CIIRYSOSTOMI
1117 145 1274 173 ARCHIEP.
1295 147 1562 177 CONSTANTINOP.
1907 155 1942 183 68

299 210 411 238 sissimis
426 209 463 238 uti
479 209 568 238 verbis
585 217 591 235 :
609 215 669 235 nam
685 206 833 235 secundum
851 204 1031 239 insipientiam
1043 210 1093 230 au—

299 256 415 283 ditorum
434 257 515 283 verba
528 257 698 289 attemperat,
715 260 797 280 unum
812 251 853 278 his
863 250 988 277 omnibus
1006 249 1097 277 decla-

301 309 360 328 rare
373 301 478 333 volens,
491 300 516 328 id
528 307 623 334 nempe
638 300 693 326 Deo
703 298 782 326 facile
795 304 866 329 esse,
876 301 901 324 et
917 303 973 324 rem
986 303 1096 330 prorsus

301 351 475 379 eventuram;
493 346 554 374 ideo
566 345 704 380 subjunxit
719 354 726 371 ι
742 344 775 371 Et
789 352 844 371 ecce
858 344 906 370 cito
920 342 1037 369 velociter
1054 349 1095 368 ve-

301 393 379 419 nient.
389 392 434 418 ‘27.
450 391 511 418 Non
537 391 657 423 esuriem,
677 398 755 425 neque
769 387 927 420 laborabunt,
943 395 1021 422 neque
1037 387 1097 413 dor-

302 440 435 466 mitabltnl.
448 438 511 466 Haec
527 437 697 474 hyperbolice
706 440 767 463 sunt
780 435 861 462 dicta.
873 433 1013 468 Quomodo
1024 433 1096 461 enim

303 485 358 512 licri
375 489 480 519 poterat
500 487 530 511 ut
553 491 639 518 neque
661 482 804 512 esurirent,
828 488 914 516 neque
936 479 1095 510 dormirem,

303 532 426 559 homines
435 538 497 558 cum
512 533 602 557 essent
613 550 620 562 ,
644 534 869 562 communemque
891 531 991 554 natura:
1005 524 1098 552 condi-

303 578 402 605 tionem
429 576 515 604 sortiti
541 575 650 603 essent?
676 574 727 602 Sed
755 573 924 601 velocitatem
950 571 1095 604 exercitus,

303 623 467 656 facilitatem,
479 622 653 651 celeritatem.
669 624 698 647 ut
707 619 761 654 jam
773 619 836 651 dixi,
851 618 892 646 his
910 618 1034 646 omnibus
1049 617 1097 644 de-

303 674 446 697 monstrat.
471 668 561 704 Neque
579 668 673 695 solvent
691 675 768 694 zonas
790 674 850 692 suas
867 674 883 692 a
900 665 989 691 lumbis
1005 663 1058 691 suis
1073 663 1094 697 ¹,

304 723 381 750 neque
404 715 593 749 disrumpentur
618 713 733 748 torrigia:
753 712 977 738 calceamentorum
998 717 1094 737 eorum.

302 761 348 788 28.
363 761 475 794 Quorum
485 759 583 795 sagitta:
596 764 677 786 acutte
690 763 757 790 sunt,
767 763 790 784 et
802 765 877 784 arcus
891 764 978 784 eorum
990 755 1095 783 extenti.

308 807 389 834 Pedes
403 814 523 841 equorum
548 813 635 832 eorum
650 809 677 831 ut
699 804 781 831 solida
801 808 871 838 petra
891 802 1001 838 reputati
1018 806 1096 835 sunt,

303 858 366 880 rotte
377 859 497 878 curruum
515 859 600 878 eorum
618 855 646 877 ut
663 850 788 884 pracellte.
802 849 847 876 ‘29.
862 849 963 884 Intpetu
982 848 1098 883 feramur

304 904 331 926 ιιι
344 900 437 931 leones,
451 903 474 925 et
489 898 638 925 adstiterant
650 903 676 923 ut
689 896 766 923 catuli
778 896 890 922 leonum.
906 894 940 921 Et
956 896 1097 929 apprehen-

305 946 356 978 tlel,
370 949 393 972 et
407 944 525 972 clamabit
543 944 616 979 quasi
634 943 699 977 fera,
715 947 738 969 et
759 942 859 977 ejiciet;
878 946 900 968 et
919 949 970 968 non
990 941 1035 968 erit
1054 941 1097 976 qui

305 991 390 1017 liberet
405 998 456 1017 eos.
470 989 515 1017 50.
531 989 564 1016 Ει
573 989 690 1016 clamabit
705 993 808 1022 propter
822 995 864 1014 eos
876 987 902 1014 in
913 987 952 1014 die
965 987 1021 1020 illa,
1032 987 1097 1014 sicut

304 1045 352 1064 vos;
362 1037 437 1063 maris
448 1035 585 1063 testuantis.
601 1034 634 1062 Et
645 1034 766 1070 aspiciat!
777 1034 803 1060 in
813 1033 902 1060 ctelum
914 1041 1024 1066 sursum,
1037 1033 1098 1060 etin

304 1088 398 1110 terram
412 1082 530 1109 deorsum
545 1088 555 1108 .'
569 1086 593 1108 et
606 1089 662 1108 ecce
672 1080 779 1107 tenebrte
793 1079 876 1113 dum,
892 1079 1000 1106 tenebrtz
1011 1079 1037 1105 in
1048 1087 1097 1105 an-

305 1128 388 1162 gustia
400 1136 496 1154 eorum.
514 1127 592 1154 Hisce
606 1127 729 1154 omnibus
740 1133 892 1154 sermonem
908 1125 1095 1160 ampliﬁcavit,

305 1180 332 1202 et
353 1176 475 1202 timorem
497 1174 581 1207 auxit,
599 1173 749 1201 minutatim
773 1173 877 1209 singula
901 1180 1040 1208 cnarrans,
1064 1173 1098 1201 de

305 1220 424 1252 decreto,
439 1220 472 1247 de
487 1219 650 1253 fortitudine,
665 1219 699 1247 de
711 1219 802 1252 armis,
815 1219 848 1246 de
859 1219 946 1254 equis,
956 1219 989 1247 de
1011 1219 1098 1246 curri-

307 1268 366 1300 hus,
382 1267 417 1294 ita
436 1271 465 1294 ut
487 1267 618 1294 dictorum
644 1266 815 1294 multitudine
839 1273 962 1302 magnam
987 1266 1099 1294 inferret

306 1312 477 1345 anxietatem,
490 1316 516 1339 et
527 1312 672 1347 imaginum
685 1312 807 1340 claritate
819 1319 861 1340 res
873 1319 957 1347 prope
972 1312 1022 1340 sub
1036 1320 1100 1340 ocu-

307 1358 348 1386 los
368 1362 468 1393 ageret.
490 1358 552 1385 ideo
572 1357 692 1386 leonibus
714 1358 775 1385 illos
794 1362 948 1392 comparat,
970 1365 1057 1393 neque
1072 1358 1100 1386 in

308 1403 358 1431 hoc
373 1404 495 1439 exemplo
505 1403 632 1436 substitit,
649 1403 696 1431 sed
709 1403 812 1439 efﬁngit
827 1411 918 1431 vocem
930 1409 957 1431 et
971 1404 1099 1440 impetum

308 1450 382 1483 ferte,
397 1450 476 1484 inque
490 1449 647 1484 metaphora
658 1448 766 1483 insistit,
780 1448 916 1484 multaque
935 1449 1018 1477 utitur
1030 1450 1100 1485 ligu-

307 1501 363 1523 rata
378 1495 507 1523 dictione.
515 1495 581 1523 llinc
588 1495 621 1522 ad
630 1502 703 1522 mare
711 1502 863 1523 sermonem
872 1494 995 1528 traducit,
1007 1495 1100 1524 dicens

309 1548 410 1569 tantum
421 1542 476 1570 fore
487 1542 637 1574 tumultum,
650 1546 748 1570 tantam
757 1542 992 1577 perturbationem,
1001 1546 1099 1577 quanta

308 1589 387 1617 fuerit
398 1589 546 1616 insaniente
561 1593 588 1616 et
600 1593 728 1616 aestuante
739 1588 832 1624 pelago
846 1597 853 1615 ε
868 1595 899 1616 ac
914 1588 1001 1616 modis
1012 1589 1099 1616 omnis

309 1635 356 1662 bus
371 1635 500 1662 annititur
514 1639 542 1662 ut
555 1640 655 1662 metum
665 1639 770 1670 augeat,
780 1639 808 1661 ut
818 1634 857 1662 illi
871 1641 923 1662 non
934 1639 1030 1670 egeant
1044 1635 1099 1670 ipsa

309 1688 398 1708 rerum
413 1680 592 1716 experientia.
606 1680 735 1716 Quodque
748 1680 853 1715 gravius
867 1684 919 1712 est,
930 1688 1010 1708 nemo
1022 1681 1099 1708 adlu-

308 1731 384 1754 turus
396 1731 447 1760 est,
457 1726 552 1762 inquit,
569 1734 654 1762 neque
667 1735 700 1754 ex
715 1731 796 1759 terra,
809 1734 896 1761 neque
905 1734 938 1754 ex
951 1727 1038 1759 caelis;
1053 1726 1100 1755 sed

308 1772 427 1799 destituti
448 1779 565 1807 superno
578 1772 693 1804 auxilio,
709 1776 736 1799 et
751 1776 855 1799 terrena
876 1779 942 1807 ope,
964 1771 1103 1800 tradentur

310 1818 441 1846 hostibus.
453 1818 589 1846 Tenebras
601 1824 690 1845 autem
704 1817 746 1845 hic
758 1817 822 1845 dicit
832 1825 889 1851 eas,
907 1825 966 1853 quat
977 1825 1008 1845 ex
1028 1817 1099 1845 cala-

312 1864 405 1890 mitate
420 1864 484 1898 ipsis
497 1863 622 1891 immissae
638 1868 715 1895 sunt,
728 1871 780 1891 non
796 1863 865 1899 quod
881 1864 947 1891 radii
958 1864 1022 1892 solis
1036 1863 1101 1891 sub-

310 1909 355 1936 lati
373 1914 473 1942 essent,
491 1909 538 1936 sed
558 1909 629 1944 quod
641 1917 689 1944 pro
701 1909 797 1936 allectu
811 1909 967 1944 patientium
981 1909 1008 1936 in
1019 1910 1101 1937 meri~

310 1955 355 1982 die
369 1955 404 1981 illi
419 1962 467 1990 pro
487 1955 547 1983 luce
571 1955 694 1983 tenebras
711 1955 825 1982 viderint
841 1965 848 1982 :
864 1955 890 1982 id
904 1955 974 1990 quod
988 1955 1039 1983 illis
1055 1955 1102 1991 qui

310 2001 403 2028 dolore
413 1996 439 2028 et
455 2001 582 2028 terumnis
597 2006 754 2036 premuntur
765 2001 921 2037 contingere
935 2001 1012 2030 solet.
1028 2002 1061 2029 Et
1075 2006 1103 2029 ut

310 2048 398 2075 discas
412 2055 464 2074 non
474 2055 507 2075 ex
518 2052 611 2075 natura
635 2048 707 2075 aeris
722 2048 845 2076 tenebras
863 2048 1019 2083 provenisse
1031 2069 1039 2082 ,
1054 2049 1102 2076 sed

310 2100 342 2120 ex
359 2093 464 2120 illorum
477 2093 583 2127 allecto,
599 2093 696 2128 adjecit
709 2102 716 2120 :
734 2093 852 2121 Tenebrte
866 2094 936 2122 dura:
948 2095 974 2122 in
986 2095 1103 2139 angustia

309 2147 405 2166 eorum.

615 2196 728 2224 CAPUT
747 2196 792 2224 Vl.

348 2252 372 2280 I.
396 2252 428 2278 Et
442 2254 537 2287 factum
549 2253 625 2279 estin
639 2261 716 2286 anno,
730 2261 779 2288 quo
790 2258 904 2281 mortuus
919 2261 964 2281 rea:
981 2253 1067 2282 Ozias.

350 2319 374 2346 i.
396 2318 449 2346 Cur
465 2323 564 2347 caetera
587 2320 675 2347 omnia
689 2325 808 2356 tempora
830 2328 846 2348 a
867 2322 921 2349 vita
936 2329 1040 2357 regum,
1055 2322 1106 2350 hoc

312 2370 401 2400 autem
415 2370 525 2393 amorte
549 2374 618 2394 nunc
632 2367 761 2402 propheta
777 2369 872 2396 notat?
885 2368 942 2396 Non
960 2369 1030 2396 enim
1044 2369 1080 2396 ait
1096 2377 1104 2396 :

313 2411 423 2438 Factum
438 2416 480 2439 est
493 2411 519 2439 in
530 2411 624 2440 diebus
637 2412 718 2446 Oziaa,
735 2420 799 2447 non,
814 2418 941 2448 regnante
955 2413 1017 2441 Ozia
1027 2435 1034 2446 ,
1047 2414 1106 2448 sed,

313 2456 424 2483 Factum
452 2461 494 2484 est
516 2465 576 2484 cum
601 2462 722 2485 mortuus
743 2463 794 2486 est.
817 2458 884 2493 Quid
907 2467 972 2494 ergo
990 2459 1044 2487 vult
1064 2459 1108 2487 hic

315 2501 413 2537 agere?
426 2502 483 2529 Non
500 2507 618 2536 temere,
634 2511 683 2530 nec
699 2503 808 2531 fortuito
830 2504 873 2531 hic
891 2505 961 2540 agit;
978 2505 1023 2532 sed
1044 2505 1106 2539 quid

315 2556 441 2576 arcanum
454 2548 530 2576 nobis
543 2549 707 2577 subindicat.
726 2550 794 2584 Quid
812 2550 877 2577 illud
888 2551 947 2578 est?
961 2551 1009 2578 llic
1031 2551 1108 2578 Ozias

316 2602 348 2621 ex
360 2594 441 2622 rebus
465 2595 601 2630 gestisque
623 2597 758 2631 prosperis
769 2596 870 2629 ebrius,
885 2601 912 2624 et
925 2596 1051 2625 felicitate
1066 2597 1108 2624 in-

317 2640 405 2673 ﬂatus,
420 2641 505 2674 majus
519 2642 653 2676 quidpiam
668 2650 746 2677 quam
761 2650 808 2669 sua
827 2642 942 2678 dignitas
953 2643 1056 2671 ferebat
1067 2644 1108 2672 af-

317 2685 424 2713 iactavit
435 2686 473 2719 (4.
486 2686 548 2723 Reg.
565 2688 607 2716 15.
619 2689 651 2720 ‘2;
661 2688 688 2715 2.
698 2687 788 2715 Paral.
800 2689 856 2724 26).
872 2689 904 2716 Et
914 2690 975 2724 quia
985 2697 1028 2717 rex
1039 2695 1109 2725 erat,

320 2733 420 2767 putavit
436 2733 485 2760 sibi
500 2739 662 2769 competere,
674 2740 704 2762 ut
716 2735 866 2763 sacerdotio
886 2735 1055 2772 iungeretur,
1067 2737 1110 2764 in-

356 2809 443 2838 ιιιωρ,
460 2816 475 2833 a
493 2808 578 2833 lum/iis
598 2807 648 2832 suis
669 2808 726 2838 (ἀπὸ
739 2811 780 2836 τῆς
792 2808 878 2839 ὀσφύος
898 2809 996 2839 αὐτῶν),
1019 2810 1109 2836 desunt

325 2848 348 2865 ιιι
367 2841 427 2870 lteg.
446 2844 472 2864 et
486 2839 575 2868 Savil.,
596 2840 639 2863 sed
661 2839 783 2870 habentur
805 2839 830 2863 in
852 2839 936 2865 Morel.
955 2845 980 2866 el
997 2842 1022 2866 in
1036 2843 1108 2867 textu

326 2869 430 2902 unum,
443 2874 469 2895 et
483 2871 545 2896 lecta
563 2873 620 2895 sunt
631 2877 644 2894 ει
659 2869 793 2895 'l‘ilmauuo.

1151 203 1216 230 siliit
1231 204 1257 230 in
1269 206 1406 241 templum,
1420 206 1555 242 ingressus
1565 212 1606 235 est
1619 207 1645 235 in
1659 214 1750 236 sancta
1767 215 1923 239 sanctorum
1933 233 1941 245 ,

1147 254 1175 277 et
1185 249 1332 278 reluctante
1344 252 1495 285 sacerdote,
1514 257 1594 288 atque
1609 254 1757 289 ingressum
1771 255 1834 284 illuc
1847 257 1943 292 probi-

1147 294 1238 328 bente,
1262 303 1315 324 non
1343 297 1401 324 tulit
1421 297 1477 330 ille,
1491 298 1538 326 sed
1561 299 1588 326 in
1608 301 1724 328 amentia
1746 304 1940 338 perseveravit,

1148 347 1256 375 parvam
1280 342 1428 370 sacerdotis
1447 343 1579 372 rationem
1599 345 1709 373 habens.
1726 346 1766 374 0b
1779 351 1880 376 tantam
1893 349 1945 377 im-

1148 385 1301 420 pudentiam
1318 387 1429 415 immisit
1443 388 1480 416 illi
1490 389 1559 417 Deus
1575 390 1676 425 lepram
1690 391 1716 418 in
1731 391 1859 420 frontem.
1873 393 1943 422 Cum

1147 431 1218 458 enim
1233 432 1372 467 majorem,
1387 441 1465 468 quam
1480 434 1529 462 sibi
1540 441 1716 471 competeret,
1733 438 1863 467 honorem
1876 441 1944 468 atre-

1147 481 1244 511 ctaret,
1257 479 1291 506 ab
1303 479 1349 506 illo
1359 480 1440 507 etiam
1451 489 1531 516 quem
1545 482 1659 511 habebat
1671 485 1778 512 excidlt.
1788 485 1846 513 Non
1859 487 1944 515 modo

1147 519 1218 551 enim
1230 525 1408 553 sacerdotium
1423 534 1476 554 non
1489 529 1602 564 accepit,
1617 529 1664 558 sed
1681 530 1833 561 immundus
1846 533 1942 567 factus,

1148 578 1163 597 a
1176 579 1260 607 regno
1272 573 1353 600 etiam
1374 574 1501 608 expulsus
1511 579 1562 607 est,
1579 583 1610 603 ac
1630 584 1677 612 per
1693 585 1773 606 omne
1793 583 1898 615 tempus
1917 581 1943 608 in

1147 616 1228 644 domo
1237 617 1351 652 quadam
1364 620 1483 648 occultus
1499 620 1645 656 habitabat,
1659 623 1731 658 quod
1745 625 1873 658 pudorem
1888 633 1942 654 nou

1148 661 1241 690 ferret.
1257 662 1373 698 Populus
1384 672 1491 701 quoque
1503 667 1591 694 omnis
1606 668 1632 695 in
1644 673 1746 703 partem
1763 671 1822 698 talis
1833 671 1943 700 ultionis

1148 713 1259 736 vocatus
1269 714 1321 742 est,
1338 711 1399 744 quia
1413 711 1486 747 leges
1499 712 1545 740 Dei
1556 712 1726 747 despexerat,
1736 720 1763 742 et
1777 718 1942 745 contumelia

1147 753 1273 782 allectum
1299 756 1478 784 sacerdotium
1501 765 1554 786 non
1578 759 1771 788 vindicaverat.
1802 761 1944 796 Quomodo

1149 800 1227 835 igitur
1237 801 1263 828 in
1277 807 1378 836 partem
1396 803 1504 831 ultionis
1520 810 1629 832 vocatus
1644 807 1705 833 est?
1717 807 1783 840 Quia
1799 808 1939 843 prophetia

1148 850 1264 874 retracta
1274 851 1335 874 est:
1350 847 1432 875 iratus
1452 849 1551 884 quippe
1571 850 1642 877 Deus
1655 851 1727 878 circa
1741 859 1797 879 rem
1821 853 1944 888 quamvis

1149 891 1215 919 nihil
1237 893 1382 927 respondit.
1411 895 1467 923 Hoc
1495 903 1560 924 vero
1603 904 1655 924 non
1680 897 1714 924 ad
1735 905 1815 926 omne
1839 903 1944 934 tempus

1149 937 1222 971 fecit,
1238 938 1284 966 sed
1300 939 1447 967 secundum
1460 949 1611 970 mensuram
1624 943 1684 971 vitae
1698 944 1778 979 regis,
1788 953 1943 974 mensuram

1148 991 1254 1018 quoque
1269 984 1377 1013 ultionis
1389 985 1519 1015 delinivit.
1532 987 1616 1015 Simul
1632 996 1696 1024 ergo
1709 994 1789 1025 atque
1802 991 1847 1018 ille
1860 991 1943 1019 vitam

1149 1030 1225 1063 obiit,
1245 1030 1317 1058 Deus
1337 1031 1402 1058 iram
1418 1032 1515 1066 solvit,
1536 1038 1564 1060 et
1587 1033 1658 1062 fores
1677 1035 1772 1063 iterum
1794 1036 1944 1072 prophetia

1149 1076 1263 1110 aperuit.
1279 1076 1334 1104 Hoc
1348 1077 1437 1112 itaque
1446 1078 1618 1108 subindicans
1629 1080 1770 1116 propheta,
1785 1084 1943 1112 memoriam

1149 1121 1228 1149 nobis
1243 1124 1379 1151 revocavit
1393 1124 1481 1152 obitus
1495 1126 1576 1161 regis.

1185 1165 1255 1194 Deus
1269 1168 1395 1202 quomodo
1409 1169 1486 1196 videri
1499 1171 1586 1205 possit.
1598 1187 1634 1192 —
1646 1172 1823 1206 Quamobrem
1837 1175 1945 1211 sicpro—

1149 1212 1266 1247 phetiam
1279 1213 1381 1241 orditur
1397 1221 1407 1241 :
1420 1214 1529 1242 Factum
1543 1221 1577 1244 est
1592 1217 1618 1244 in
1629 1226 1706 1252 anno,
1720 1227 1770 1254 qua
1782 1226 1895 1248 mortuus
1906 1226 1944 1249 est
1961 1246 1966 1249 ν

1150 1266 1196 1285 rea:
1206 1258 1293 1292 Ozias,
1303 1260 1354 1287 vidi
1363 1260 1498 1289 Dominum
1508 1263 1642 1291 sedentem.
1655 1264 1737 1300 Atqui
1754 1265 1876 1295 Christus
1885 1268 1924 1295 ait
1935 1277 1942 1295 :
1966 1255 1976 1279 ‘.

1152 1302 1233 1331 Deum
1245 1313 1318 1332 nemo
1337 1306 1397 1333 vidit
1417 1315 1547 1342 umquam.
1563 1308 1712 1344 Unigenitus
1729 1312 1773 1346 qui
1788 1317 1824 1339 est
1839 1313 1865 1340 in
1885 1314 1944 1341 sinu

1152 1349 1247 1384 Patris,
1263 1351 1308 1379 ille
1323 1353 1435 1380 narravit
1449 1354 1459 1388 (
1472 1353 1549 1381 Joan.
1566 1355 1591 1382 1.
1606 1355 1671 1391 l8).
1692 1356 1727 1384 Et
1740 1365 1844 1386 rursum
1859 1367 1866 1386 :
1881 1358 1946 1387 Non

1150 1402 1209 1430 quia
1220 1395 1323 1423 Patrem
1333 1398 1389 1432 quis
1402 1399 1473 1432 vidit,
1485 1399 1534 1427 nisi
1543 1401 1586 1435 qui
1600 1405 1635 1428 est
1649 1410 1665 1428 a
1678 1401 1732 1430 Deo
1740 1410 1750 1429 :
1761 1403 1804 1430 ille
1816 1404 1875 1431 vidit
1887 1403 1945 1432 Pa-

1151 1445 1215 1467 trem
1230 1441 1321 1477 (Joan.
1338 1442 1365 1470 6.
1379 1443 1438 1477 46).
1455 1443 1554 1480 llleque
1564 1445 1648 1481 Moysi
1659 1446 1742 1474 dixit:
1755 1447 1838 1475 Nemo
1852 1449 1945 1477 videbit

1151 1487 1243 1522 faciem
1254 1496 1335 1515 meam
1347 1493 1370 1516 ct
1379 1490 1442 1516 vivet
1453 1489 1463 1526 (
1477 1490 1562 1518 Exod.
1572 1492 1617 1519 35.
1627 1491 1663 1520 20
1675 1493 1695 1527 ).
1711 1494 1851 1526 Quomodo
1865 1495 1946 1531 igitur

1152 1533 1195 1561 hic
1207 1534 1245 1561 ait
1256 1541 1285 1562 se
1295 1535 1393 1563 vidisse
1406 1536 1565 1565 Dominum?
1575 1537 1641 1566 Nam
1656 1539 1702 1572 ait,
1718 1539 1777 1567 Vidi
1788 1540 1926 1569 Dominum
1936 1550 1946 1570 :

1152 1587 1204 1606 non
1220 1581 1351 1608 contraria
1362 1581 1399 1608 ait
1413 1589 1477 1610 vero
1485 1583 1528 1617 iis,
1542 1591 1602 1618 qua:
1615 1583 1736 1612 Christus
1748 1585 1824 1618 dixit,
1837 1586 1884 1614 sed
1897 1587 1947 1615 ad-

1153 1625 1260 1653 modum
1283 1634 1410 1655 consona.
1423 1627 1487 1655 Nam
1503 1628 1625 1657 Christus
1648 1630 1683 1658 de
1704 1637 1827 1659 accurata
1851 1633 1947 1668 cogni-

1153 1671 1224 1699 tione
1234 1672 1366 1707 loquitur,
1381 1674 1527 1702 secundum
1549 1683 1630 1711 quam
1649 1683 1729 1705 nemo
1743 1678 1809 1705 vidit
1824 1687 1832 1707 :
1847 1679 1946 1707 nudam

1151 1719 1222 1747 cnim
1231 1718 1398 1748 divinitatem
1412 1728 1559 1757 puramque
1579 1722 1755 1751 substantiam
1779 1732 1858 1753 nemo
1879 1726 1948 1754 vidit

1153 1769 1249 1800 prmter
1265 1765 1452 1802 Unigenitum;
1467 1768 1595 1804 propheta
1609 1777 1674 1798 vero
1687 1775 1798 1799 eatenus
1807 1780 1837 1800 se
1848 1773 1948 1801 vidisse

1151 1816 1253 1846 narrat,
1269 1817 1401 1847 quatenus
1415 1819 1532 1849 poterat.
1549 1815 1642 1851 Neque
1654 1817 1726 1845 enim
1748 1818 1806 1852 ipse
1824 1818 1850 1846 id
1871 1819 1944 1854 quod

1153 1857 1223 1886 Dens
1235 1863 1275 1885 est
1288 1858 1377 1886 videre
1391 1864 1503 1894 poterat,
1522 1861 1570 1889 sed
1593 1862 1643 1890 sub
1656 1862 1738 1898 ﬁgura
1746 1863 1858 1898 quadam
1872 1865 1947 1892 illum

1153 1905 1392 1940 cointemplabatur,
1413 1907 1457 1942 qui
1479 1911 1583 1935 tantum
1606 1908 1791 1943 descenderat,
1817 1916 1947 1946 quantum

1153 1950 1360 1984 contemplantis
1387 1951 1527 1980 inﬁrmitas
1550 1954 1696 1982 ascendere
1726 1959 1839 1989 poterat.
1870 1956 1948 1989 Quod

1153 1995 1225 2021 enim
1239 2002 1325 2030 neque
1339 1995 1406 2030 ipse,
1418 2004 1506 2032 neque
1519 1997 1657 2033 quisquam
1665 1999 1734 2027 alius
1744 2000 1842 2028 nudam
1853 2001 1949 2029 viderit

1154 2039 1330 2074 divinitatem,
1342 2042 1376 2069 ab
1391 2042 1423 2069 iis
1435 2050 1494 2077 qua:
1513 2049 1622 2071 narrant
1636 2046 1804 2080 perspicuum
1820 2051 1870 2074 est.
1890 2047 1950 2074 Vidi

1154 2087 1237 2120 enim,
1252 2087 1347 2123 inquit,
1373 2087 1511 2116 Dominum
1534 2090 1669 2118 sedentem.
1694 2091 1764 2119 Deus
1785 2097 1875 2120 autem
1895 2101 1948 2121 non
1982 2112 1994 2128 -,

1154 2133 1232 2160 sedet
1246 2140 1254 2160 :
1268 2133 1325 2161 haec
1334 2134 1432 2169 quippe
1443 2134 1525 2170 ﬁgura
1533 2143 1675 2171 corporum
1686 2142 1736 2165 est.
1749 2139 1783 2165 At
1796 2146 1849 2166 non
1857 2139 1948 2173 modo,
1972 2146 1978 2149 '

1156 2178 1302 2212 Sedentem,
1318 2179 1375 2212 Sed,
1387 2180 1471 2214 Super
1485 2181 1587 2208 solium.
1605 2182 1674 2210 Deus
1684 2190 1748 2210 vero
1763 2191 1816 2211 non
1829 2184 1951 2212 contine-

1156 2230 1200 2253 tur
1214 2235 1221 2252 :
1237 2226 1372 2261 quomodo
1385 2227 1457 2254 enim
1477 2228 1608 2256 contineri
1623 2229 1717 2264 possit,
1731 2230 1776 2264 qui
1791 2230 1889 2265 ubique
1900 2231 1950 2258 ad-

1156 2276 1208 2306 est,
1222 2277 1250 2300 et
1259 2273 1349 2300 omnia
1363 2273 1473 2307 implet,
1489 2273 1521 2300 In
1535 2275 1608 2309 cujus
1623 2283 1700 2302 manu
1720 2281 1780 2304 sunt
1797 2277 1860 2311 fines
1879 2282 1953 2304 terra

1157 2319 1243 2354 (Psal.
1259 2319 1304 2347 9i.
1320 2320 1367 2355 4)?
1383 2319 1457 2348 Unde
1472 2320 1558 2356 palam
1570 2326 1609 2349 est
1625 2322 1650 2349 id
1667 2322 1738 2358 quod
1752 2322 1902 2356 videbatur,
1918 2331 1950 2351 ex

1157 2366 1378 2400 attemperatione
1406 2366 1521 2402 quadam
1545 2367 1638 2396 fuisse.
1655 2368 1699 2396 Sic
1718 2369 1798 2404 igitur
1812 2369 1879 2397 alter
1891 2377 1953 2404 pro-

1158 2411 1240 2446 pheta
1255 2419 1288 2439 ex
1302 2419 1417 2447 persona
1429 2413 1475 2440 Dei
1484 2413 1656 2442 subindicans
1667 2415 1771 2442 dicebat
1787 2415 1860 2451 :Ega
1875 2416 1953 2443 visio-

1159 2465 1202 2484 nes
1218 2458 1384 2493 multiplicavi
1401 2458 1478 2494 (Osee
1486 2459 1529 2486 l2.
1543 2460 1577 2487 l0
1589 2460 1609 2494 ).
1625 2459 1651 2487 id
1666 2465 1723 2493 est,
1738 2460 1850 2489 Diverso
1873 2461 1954 2490 modo

1158 2504 1232 2532 visus
1248 2511 1317 2531 sum.
1333 2504 1362 2532 Si
1377 2512 1456 2539 porro
1467 2505 1523 2540 ipsa
1538 2505 1685 2533 substantia
1699 2506 1768 2534 nuda
1788 2507 1952 2541 apparebat,

1159 2558 1212 2577 non
1236 2550 1343 2578 diverso
1366 2550 1446 2578 modo
1463 2551 1621 2580 videbatur:
1638 2552 1686 2580 sed
1705 2553 1766 2588 quia
1787 2553 1954 2582 descendens

1160 2605 1231 2624 nunc
1255 2597 1302 2624 illo
1317 2605 1388 2625 nunc
1406 2598 1459 2625 alio
1474 2598 1554 2627 modo
1572 2599 1710 2634 prophetis
1731 2600 1848 2634 seipsum
1861 2604 1954 2627 osten-

1159 2645 1249 2678 debat.
1266 2645 1431 2680 temporibus
1438 2650 1628 2681 congruentem
1641 2646 1750 2680 ﬁguram
1761 2653 1813 2681 qua
1820 2645 1955 2673 videretur

1161 2699 1309 2723 assumens,
1327 2691 1387 2719 ideo
1400 2690 1466 2719 dicit
1479 2700 1486 2719 :
1504 2690 1616 2718 Visiones
1624 2691 1800 2726 multiplicari,
1811 2695 1833 2718 et
1848 2691 1875 2718 in
1893 2699 1956 2718 ma—

1161 2738 1233 2766 nibus
1257 2739 1436 2774 prophetarum
1453 2737 1607 2765 assimilatas
1628 2746 1695 2765 sum.
1709 2737 1767 2766 Non
1787 2739 1856 2766 sicut
1869 2746 1954 2771 cram,

1163 2785 1334 2820 apparebam,
1349 2784 1443 2820 inquit,
1459 2783 1507 2812 sed
1525 2783 1689 2812 assimilatas
1701 2784 1726 2812 ei
1742 2784 1834 2812 forma:
1845 2805 1854 2817 ,
1875 2792 1955 2820 quam

1163 2830 1375 2865 contemplantes
1396 2831 1489 2858 videre
1509 2834 1642 2865 poterant.
1664 2830 1744 2858 Vides
1768 2831 1848 2866 igitur
1869 2830 1956 2865 ipsum

1094 2899 1096 2902 ι
1166 2883 1236 2904 nunc
1247 2876 1396 2911 sedentem,
1411 2883 1481 2904 nunc
1494 2881 1637 2911 armatum,
1656 2883 1728 2904 nunc
1745 2877 1820 2905 cauis
1834 2877 1955 2912 capillis,
