2068 3130
73 167 104 194 67
748 169 783 197 IN
802 168 931 203 ISAIAM,
951 169 1028 197 CAP.
1050 170 1096 198 Vl.
1762 178 1797 207 65

79 224 217 262 θαυμάσῃς
233 224 274 258 δὲ,
296 226 322 253 εί
335 227 400 263 περὶ
415 227 482 254 Θεοῦ
499 227 695 263 διαλεγόμενος,
710 228 780 256 οὕτω
796 228 916 264 παχυτά-

79 277 136 300 ταις
151 269 285 304 κέχρηται
300 270 403 304 λέξων
420 272 489 308 πρὸς
500 273 555 308 γὰρ
567 272 615 308 τὴν
629 273 720 300 άνοιαν
733 274 787 300 τῶν
803 273 915 300 ἀκουόν-

79 321 129 338 των
147 314 316 348 σχηματίζει
335 315 371 342 τὰ
389 317 510 352 ῥήματα,
530 316 559 343 ἓν
582 317 742 352 βουλόμενος
763 317 848 350 δεῖξαι
872 316 916 343 διὰ

79 356 196 389 πάντων,
217 357 259 384 ὅτι
280 359 331 385 καὶ
347 359 389 395 τῷ
403 359 462 395 Θεῷ
479 360 570 396 ῥᾴδιον
583 361 671 394 τοῦτο,
688 361 791 388 καὶμότι
809 361 916 393 πάντως

78 400 290 436 ἀπαντήσονται·
312 402 354 429 διδ
373 403 419 430 καὶ
436 404 558 439 ἐπήγαγε
574 404 670 438 λέγων’
689 405 742 432 Καὶ
757 405 822 432 ἰδοὺ
839 405 915 440 ταχὺ

78 443 196 478 κούφως
203 444 354 479 ἔρχονται.
361 447 403 473 οὐ
410 447 617 479 πεινάσουσιν,
626 448 696 475 οὐδὲ
704 448 914 481 κοπιάσουσιν,

77 487 148 514 οὐδὲ
157 489 359 521 νυστάξουσι.
371 490 462 517 Ταῦτα
471 491 657 526 ὑπερῖιλικῶς
665 491 780 527 εἴρηται.
790 492 853 524 Πῶς
861 492 915 527 γὰρ

78 531 141 567 ἐνῆν
154 533 226 568 μήτε
238 535 344 569 πεινῇν,
361 535 430 570 μήτε
439 535 588 568 καθεύδειν,
600 535 757 570 ἀνθρώπους
767 536 855 568 ὄντας,
868 537 915 564 καὶ

78 576 125 608 τὴν
141 577 237 613 κοινὴν
254 577 386 613 λαχόντας
401 579 492 614 λῆξιν;
516 580 595 606 Ἀλλὰ
614 579 645 606 τὸ
662 580 743 615 τάχος
766 581 816 616 τῆς
833 589 915 616 στρα-

78 620 149 650 τιᾶς.
165 619 217 656 τὴν
239 621 376 654 εὐκολίαν,
393 622 442 657 τὴν
456 622 602 658 ταχύτητα,
622 623 690 659 ὅπερ
711 623 796 659 ἔφθην
818 624 912 657 εἰπὼν,

78 664 121 690 διὰ
135 664 247 691 πάντων
262 665 437 694 ἐνδείκνυται.
457 666 533 693 Οὐδὲ
543 667 677 694 λύσουσι
692 667 747 699 τὰς
758 667 850 705 ζόινας
859 669 913 694 αὺ-

78 707 137 733 τῶν
163 708 225 735 ἀπὸ
245 708 302 742 τῆς
323 710 438 744 ὀσφύος
461 709 575 742 αὐτῶν,
597 710 669 737 οὐδὲ
689 711 732 745 μὴ
749 710 863 745 ραγῶσι
885 712 914 738 01

78 751 199 785 ἱμάντες
212 751 274 778 τῶν
289 753 486 787 ὑποδημάτων
502 754 610 781 αὐτῶν.
630 751 685 781 Ὧν
698 754 735 781 τὰ
746 755 825 790 ,βέλη
842 755 913 787 ὀξέα

77 795 153 827 ἐστι,
170 795 220 822 καὶ
240 797 277 823 τὰ
291 796 364 828 τόξα
385 797 483 824 αὐτῶν
496 797 685 832 ἐντεταμένα.
699 800 732 825 01
747 799 838 832 πόδες
853 798 912 825 τῶν

77 840 180 866 ἵππων
191 839 294 866 αὐτῶν
306 840 346 873 ὡς
361 841 468 874 στερεὰ
481 840 797 876 πέτρα¹ἐλογίσθησαν,
807 843 833 870 ol
847 851 912 876 τροο

77 883 123 918 χοὶ
140 883 203 910 τῶν
212 883 351 918 ἁρμάτων
360 884 458 911 αὐτῶν
471 885 511 918 ὡς
525 886 702 920 καταιγίδες.
711 887 862 921 Ὀργιῶσιν
871 888 913 920 ὠς

75 927 211 960 λέοντες,
234 927 285 954 καί
305 929 533 962 παρεστήκασιν
557 930 598 962 ὡς
619 931 748 965 σκύμνοι
768 932 910 958 λεόντων.

77 971 129 998 Καί
147 971 341 1006 ἐπιλήψεται,
352 971 401 999 καί
413 972 522 1006 ,βοήσει
536 972 575 1005 ὡς
592 974 704 1007 θηρίον,
716 973 764 1000 καί
774 974 910 1001 ἑκϐαλεῖ’

76 1015 126 1043 καὶ
137 1017 194 1043 οὐκ
209 1016 298 1043 ἔστιν
313 1017 329 1043 ὁ
342 1017 491 1051 ῥυόμενος
505 1018 625 1050 αὐτούς.
642 1018 696 1044 Καὶ
710 1018 858 1052 ,βοήσεται
873 1018 910 1045 δι’

75 1061 190 1093 αὐτοὺς
206 1060 246 1094 τῇ
257 1060 352 1095 ᾑμέρᾳ
368 1061 479 1095 ἐκείνῃ,
490 1061 530 1094 ὡς
541 1061 624 1096 φωνὴ
639 1062 799 1097 θαλάσσης
811 1071 911 1097 κυμαί-

76 1105 203 1137 νούσης.
220 1105 276 1131 Καὶ
291 1104 491 1139 ἐμϐλέψονται
504 1107 547 1139 εις
563 1105 616 1132 τὸν
629 1106 759 1141 οὐρανὸν
776 1107 847 1140 ἀνω,
861 1106 910 1134 καί

75 1150 120 1181 εις
134 1148 194 1182 τὴν
207 1148 267 1184 τῆν
281 1149 376 1176 κάτω·
395 1149 443 1176 καὶ
461 1149 525 1176 ἰδοὺ
546 1150 656 1183 σκότος
673 1150 820 1185 σκληρὸν,
838 1151 911 1178 σκό-

77 1201 128 1225 τος
151 1192 187 1219 ὲν
201 1192 240 1226 τῇ
256 1192 366 1227 ἀπορίῃ
380 1192 488 1220 αὐτῶν.
510 1192 560 1219 Διά
574 1193 683 1221 πάντων
705 1194 751 1221 τὸν
770 1194 847 1229 λόγον
865 1194 910 1226 ἐξ·

76 1237 203 1271 ὡγκωσε,
221 1237 268 1264 καὶ
280 1237 326 1264 τὸν
334 1237 417 1271 φόϐον
430 1237 527 1273 ἐπῆρε,
540 1238 610 1265 κατὰ
623 1239 719 1274 μικρὸν
733 1238 836 1265 ἕκαστα
846 1245 858 1258 ι
871 1238 910 1265 δι-

76 1281 238 1316 ηγούμενος.
249 1281 285 1307 τὰ
300 1281 365 1316 περὶ
382 1281 431 1317 τῆς
445 1280 565 1317 γνώμης,
574 1281 608 1308 τὰ
624 1282 747 1318 περὶτῆς
762 1281 863 1317 ἰσχύος,
876 1281 910 1309 τά

76 1326 141 1361 περὶ
158 1325 212 1352 τῶν
225 1326 325 1357 ὃπλων,
343 1324 446 1361 [651τὰ
459 1325 522 1362 περὶ
537 1325 590 1352 τῶν
604 1326 704 1358 ἵππων,
722 1326 756 1352 τὰ
774 1326 837 1362 περὶ
855 1325 910 1353 τῶν

75 1369 220 1405 ἁρμάτων,
237 1369 307 1396 ὥστε
322 1369 361 1405 τῷ
375 1369 472 1405 πλήθει
486 1369 540 1396 τῶν
553 1369 706 1404 λεγομένων
720 1369 819 1406 πολλὴν
829 1371 909 1406 ποιῆ-

77 1422 122 1441 σαι
143 1413 194 1450 τὴν
209 1414 345 1448 ἀγωνίαν,
361 1414 409 1440 καὶ
424 1415 456 1448 τῇ
476 1413 609 1450 σαφηνείᾳ
624 1413 679 1440 τῶν
702 1413 812 1440 είκόνων
827 1413 910 1448 ἐγγὺς

74 1458 110 1484 τὰ
130 1458 280 1493 πράγματα
297 1457 389 1488 αὐτοῖς
404 1457 516 1491 ἀγαγεῖν
525 1457 550 1484 b.
569 1457 614 1484 Διὸ
628 1458 676 1485 καὶ
692 1457 796 1484 λέουσιν
812 1457 910 1489 αὐτοὺς

76 1502 257 1537 παραϐάλλει,
272 1502 320 1528 καὶ
330 1501 391 1528 οὐδὲ
405 1501 520 1528 ἐνταῦθα
536 1501 600 1537 ἔστη
617 1501 664 1528 τοῦ
679 1501 908 1537 παραδείγματος,

75 1546 143 1573 ἀλλὰ
159 1545 206 1573 καὶ
226 1545 318 1581 φωνὴν
331 1545 492 1572 ἀναπλάττει
512 1545 558 1572 καὶ
571 1545 657 1581 ὁρμὴν
669 1545 716 1572 τοῦ
735 1545 828 1580 θηρίου
838 1565 846 1578 ,
863 1545 911 1572 καὶ

74 1590 202 1625 ἐπιμένει
213 1591 246 1625 τῇ
264 1590 414 1625 μεταφορᾷ,
434 1589 481 1616 καὶ
495 1589 596 1624 πολλὴν
607 1590 723 1616 ποιεϊται
736 1589 785 1625 τὴν
794 1590 908 1625 τροπήν.

75 1635 131 1662 Καὶ
151 1634 278 1661 ἐντεῦθεν
302 1634 348 1660 ἐπὶ.
373 1634 506 1661 θάλατταν
522 1633 615 1668 ἐξάγει
636 1634 682 1660 τὸν
698 1633 787 1668 λόγον,
813 1634 909 1669 λέγων,

72 1680 116 1706 ὃτι
129 1677 257 1710 τοσοῦτος
279 1678 355 1704 ἔσται
379 1678 393 1704 ό
415 1677 539 1713 θόρυϐος,
556 1676 673 1712 τοσαύτη
687 1678 704 1713 ἡ
720 1677 837 1714 ταραχὴ,
860 1679 909 1714 ὅση

73 1724 110 1750 ἂν
130 1723 235 1757 γένοιτο
249 1722 417 1757 μαινομένης
430 1722 567 1757 Θαλάσσης
582 1721 628 1748 καὶ
641 1721 750 1757 κύματα
765 1722 911 1758 διεγειρού-

73 1775 142 1802 σης·
159 1767 207 1793 καὶ
221 1766 310 1792 πάντα
333 1767 403 1792 κινεῖ
422 1765 532 1801 τρόπον,
556 1765 645 1798 αῠξων
667 1765 712 1793 τὸν
728 1765 818 1800 φόϐον,
840 1765 910 1792 ὥστε

75 1812 114 1847 μὴ
135 1811 264 1846 δεηθῆναι
290 1809 389 1841 αὐτοὺς
407 1810 456 1845 τῆς
471 1809 514 1836 διὰ
529 1809 584 1836 τῶν
609 1810 780 1845 πραγμάτων
803 1810 908 1845 πείρας.

75 1855 131 1881 Καὶ
156 1854 186 1881 τὸ
209 1854 242 1890 δὴ
265 1854 471 1890 χαλεπώτερον,
490 1854 529 1881 ὅτι
551 1854 612 1880 οὐδὲ
633 1853 648 1880 ό
670 1854 911 1890 παραστησόμενος

75 1899 164 1930 ἔσται,
181 1899 275 1933 φησὶν,
291 1898 341 1924 οὐκ
356 1898 410 1924 ἀπὺ
421 1899 471 1934 τῆς
490 1899 551 1933 γῆς,
567 1898 617 1924 οὐκ
637 1897 691 1924 ἀπὺ
705 1897 759 1924 τῶν
771 1898 909 1933 οὐρανῶν·

76 1943 132 1969 ἀλλ’
152 1943 252 1978 ἔρημοι
268 1942 313 1969 καὶ
330 1942 379 1977 τῆς
392 1941 494 1969 ἄνωθεν
509 1941 683 1977 συμμαχίας,
702 1942 811 1977 καὶτῆς
824 1941 912 1968 κάτω-

77 1988 121 2015 θεν
145 1987 275 2023 βοηθείας
287 2007 295 2019 ,
313 1987 504 2022 ὲκδοθήσονται
527 1988 583 2018 τοῖς
599 1985 747 2021 πολεμίοις.
772 1987 869 2018 Σκότος
882 1986 910 2013 δὲ

79 2030 194 2058 ἐνταῦθα
205 2039 273 2066 φησι
291 2030 321 2057 τὺ
340 2030 394 2057 ἀπὸ
409 2030 458 2066 τῆς
470 2031 611 2065 συμφορᾶς
621 2030 712 2061 αὐτοῖς
726 2030 909 2064 ἐγγινόμενον,

76 2075 124 2110 οὐχ
138 2075 178 2107 ὡς
191 2075 243 2109 τῆς
258 2075 366 2106 ἀκτῖνος
384 2074 583 2110 ἀφανιζομένης
592 2093 600 2106 ,
623 2073 691 2100 ἀλλὰ
701 2073 751 2108 τῆς
766 2073 911 2105 διαθέσεως

77 2119 130 2145 τῶν
145 2118 309 2154 πασχόντων
325 2118 354 2144 ἐν
367 2117 437 2154 μέσῃ
450 2118 483 2152 τῇ
501 2117 658 2153 μεσημϐρίᾳ
673 2117 733 2144 ἀντὶ
747 2117 835 2151 φωτὸς
847 2117 911 2143 and-

78 2171 122 2194 τος
143 2161 288 2198 ὁρώντων·
314 2161 382 2197 ὅπερ
403 2162 459 2192 τοῖς
479 2161 656 2196 ὀδυνωμένοις
677 2161 725 2188 καὶ
747 2161 912 2196 θλιϐομένοις

80 2206 238 2241 συμϐαίνειν
258 2205 348 2232 εῐωθε.
366 2205 421 2232 Καὶ
432 2205 476 2231 ἵνα
491 2205 597 2241 μάθῃς,
619 2205 660 2232 ὃτι
684 2205 714 2231 οὐ
733 2205 783 2240 τῆς
805 2204 912 2239 φύσεως

79 2250 123 2277 τοῦ
139 2250 224 2285 ἀέρος
242 2249 275 2276 τὺ
297 2249 393 2281 σκότος
413 2247 458 2285 ἦν,
473 2248 539 2275 άλλὰ
558 2249 607 2283 τῆς
626 2249 736 2276 ἐκείνων
755 2249 910 2283 διαθέσεως,

79 2295 200 2330 ἐπήγαγε
209 2301 218 2309 ·
233 2293 376 2328 Σκληρὸν
385 2292 495 2326 σκότος
503 2292 539 2319 ἐν
548 2292 586 2327 τῇ
596 2293 704 2327 ἀπορίᾳ
714 2292 823 2321 αὐτῶν.

396 2370 522 2398 ΚΕΦΔΛ.
541 2370 587 2404 (τ’.

79 2423 135 2452 Καὶ
159 2423 280 2460 ἐγένετο
298 2423 354 2451 τοῦ
381 2423 529 2460 ἐνιαυτοῦ,
553 2422 590 2452 οὗ
611 2422 760 2452 ἀπέθανεν
780 2423 870 2457 Ὀζίας
896 2425 913 2451 ὁ

414 2459 574 2492 βασιλεὺς.

111 2520 147 2548 α’.
154 2521 188 2548 τί
199 2520 300 2556 δήποτε
307 2520 371 2552 τοὺς
380 2520 429 2556 μὲν
437 2520 532 2552 ἄλλους
543 2520 654 2556 χρόνους
665 2520 718 2546 ἀπὸ
724 2520 772 2556 τῆς
781 2520 852 2555 ζωῆς
859 2520 913 2546 τῶν

81 2565 223 2599 βασιλέων,
235 2563 332 2591 τοῦτον
349 2563 378 2590 δὲ
392 2563 446 2590 ἀπὸ
459 2564 507 2600 τῆς
519 2564 647 2600 τελευτῆς
658 2565 855 2600 χαρακτηρίζει
866 2564 913 2591 νῦν

81 2610 94 2634 ὁ
108 2608 269 2644 προφήτηςς
284 2607 321 2634 Οῦ
344 2608 399 2643 γὰρ
421 2605 506 2640 εἶπεν,
527 2607 650 2642 Ἐγένετο
665 2609 694 2635 ὲν
717 2609 776 2639 ταῖς
796 2607 912 2644 ἡμέραις

87 2652 188 2684 ’(Κίου,
215 2651 290 2684 οὐδὲ,
309 2650 354 2677 Ἐν
380 2652 413 2687 τῇ
435 2652 558 2688 βασιλείᾳ
575 2652 682 2685 Ὀζίου,
701 2651 774 2685 ἀλλ’,
792 2651 914 2686 Ἐγένετο

83 2696 158 2722 ἡνίκα
174 2695 307 2722 ἀπέθανε.
327 2695 362 2721 Τί
378 2694 476 2730 δήποτε
493 2696 521 2722 ὲν
536 2695 623 2731 τούτῳ
640 2697 726 2728 nonat;
741 2696 796 2730 Οὐχ
808 2695 912 2727 ἁπλῶς,

83 2739 139 2766 τὸδὲ
156 2738 194 2770 ὡς
218 2738 325 2773 ἔτυχεν,
342 2738 412 2765 ἀλλά
422 2747 448 2764 τι
464 2739 618 2774 ἀπόρρητον
632 2739 695 2774 ἡμῖν
708 2738 864 2765 αἰνίττεται.
883 2738 914 2764 Τί

84 2782 198 2810 ἂτοῦτό
210 2783 304 2816 ὲστιν;
328 2782 420 2815 Ὀζίας
442 2781 518 2814 οὗτος
538 2784 572 2819 τῇ
588 2782 642 2809 τῶν
666 2783 854 2818 γεγενημένων
873 2783 916 2809 εὐ-

88 2828 183 2864 πραγίᾳ
204 2827 324 2864 μεθύων,
349 2827 398 2854 καὶ
422 2827 475 2854 ὑπὸ
494 2828 544 2863 τῆς
569 2828 716 2863 εὐημερίας
738 2827 913 2863 ὸγκούμενος,

114 2899 125 2931 .-
138 2898 319 2931 πριιιιάστφ-

113 2929 324 2963 ὶεὶεὶςοτεμοι
345 2929 411 2961 Reg.
434 2929 508 2955 Savil.
526 2929 611 2963 ἀγάγῃ.
632 2929 681 2955 Sed
705 2929 785 2954 minus
797 2930 876 2960 recte,
888 2932 915 2954 ut

88 2962 155 2986 etiam
165 2964 248 2986 monet
259 2961 379 2987 Allenus.

970 227 1062 273 μεῖζον
1077 229 1128 263 τῆς
1149 229 1226 262 ἀξίας
1250 231 1392 266 ἐφρόνησε.
1418 232 1472 258 Καὶ
1494 232 1587 269 ἐπειδὴ
1606 233 1730 268 βασιλεὺς
1751 233 1796 273 ἦν,

968 270 1092 306 ἐνόμισεν
1105 273 1179 308 αὑτῷ
1195 275 1341 310 προσήκειν
1366 276 1500 310 ἱερᾶσθαι,
1522 278 1568 303 καὶ
1590 279 1744 314 ὲπεπήδησε
1758 270 1797 314 τῷ

969 314 1035 358 ναῷ,
1046 316 1091 342 καὶ
1103 317 1142 348 είς
1157 317 1190 344 τὰ
1200 318 1282 352 ’Ἅγια
1295 318 1348 344 τῶν
1363 318 1448 353 ἁγίων
1457 320 1572 354 εἰσῆλθε.
1585 321 1632 347 καὶ
1643 322 1689 348 τοῦ
1702 323 1796 358 ἱερέως

966 357 1115 390 κωλύοντος
1129 360 1174 386 καὶ
1189 360 1404 396 ἀπαγορεύοντος
1425 363 1501 398 αὐτῷ
1514 364 1563 399 τὴν
1580 364 1669 391 ἐκεῖσε
1683 366 1794 400 εἴσοδον,

966 401 1017 428 οὐκ
1028 402 1167 438 ἠνέσχετο,
1183 405 1240 430 ἀλλ’
1251 405 1371 440 ἐνέμεινε
1384 407 1416 441 τῇ
1433 407 1524 442 μανίᾳ,
1536 407 1625 442 ὀλίγον
1640 409 1687 435 τοῦ
1701 410 1794 445 ἱερέως

966 445 1127 481 ποιούμενος
1138 447 1225 482 λόγον.
1240 448 1347 484 Ταύτης
1372 450 1463 477 ἕνεκεν
1479 451 1528 486 τῆς
1543 452 1733 487 ἀναισχυντίας
1747 455 1794 481 Ec:-

965 489 1070 524 αφῆκεν
1089 491 1163 525 αὐτῷ
1176 491 1277 528 λέπραν
1291 494 1304 519 ό
1315 493 1380 525 Θεὸς
1394 494 1464 520 κατὰ
1482 495 1529 521 τοῦ
1544 495 1679 530 μετώπου.
1692 497 1794 532 Βουλη-

966 533 1021 565 θεὶς
1033 534 1087 570 γὰρ
1108 535 1217 562 πλείονα
1232 537 1281 571 τῆς
1296 536 1378 572 οὔσης
1390 538 1473 573 τιμὴν
1493 538 1594 570 λαϐεῖν,
1614 541 1660 566 καὶ
1674 538 1708 576 ἧς
1722 539 1795 576 εἶχεν

965 575 1100 609 ἐξέπεσεν.
1118 579 1154 605 οὐ
1169 579 1222 615 γὰρ
1238 579 1268 615 δὴ
1285 581 1364 614 μόνον
1389 581 1538 617 ἱερωσύνην
1561 583 1591 609 οὐ
1615 584 1793 619 προσέλαϐεν,

964 620 1032 647 ἀλλὰ
1056 622 1102 648 καὶ
1116 623 1260 657 γενόμενος
1280 624 1442 659 ἀκάθαρτος,
1459 625 1511 652 τῶν
1527 625 1668 660 βασιλείων
1685 627 1795 660 ἐξεϐάλ-

963 663 1041 695 λετο,
1057 664 1106 690 καὶ
1119 665 1164 691 τὸν
1183 665 1288 693 ἅπαντα
1303 667 1397 702 χρόνον
1412 669 1441 694 ὲν
1454 667 1520 703 οῐκῳ
1534 669 1586 694 τινὶ
1603 670 1794 705 κεκρυμμένος

963 707 1093 742 κατῴκει,
1115 708 1164 743 τὴν
1187 709 1317 745 αἰσχύνην
1333 710 1363 736 οὺ
1384 711 1484 746 φέρων.
1503 712 1558 738 Καὶ
1580 714 1593 739 ό
1614 713 1678 744 λαὸς
1688 713 1716 739 δὲ
1732 723 1794 741 συν-

963 752 1120 786 απήλαυσεν
1132 752 1203 783 ἆπας
1219 753 1268 788 τῆς
1290 753 1416 789 τοιαύτης
1429 755 1522 790 ὀργῆς,
1536 756 1576 782 ὃτι
1591 757 1653 788 τοὺς
1667 756 1713 783 τοῦ
1725 757 1792 784 Θεοῦ

963 795 1061 830 νόμους
1080 796 1224 830 περιεῖδον,
1243 796 1289 823 καὶ
1312 797 1361 831 τὴν
1384 799 1531 834 ἱερωσύνην
1548 800 1728 836 ὑϐριζομένην
1743 800 1793 828 οὐκ

963 835 1131 872 ἐξεδίκησαν.
1149 838 1210 870 Πῶς
1231 836 1277 865 οὖν
1297 841 1485 874 συναπήλαυσε
1502 841 1551 876 τῆς
1565 843 1664 877 ὀργῆς;
1680 835 1725 877 Τῷ
1743 843 1793 877 τὴν

963 882 1128 916 προφητείαν
1150 882 1346 917 ἀνασταλῆναι·
1380 883 1553 918 ὀργιζόμενος
1580 885 1634 920 γὰρ
1660 886 1749 917 αὐτοῖς
1778 887 1792 912 ό

963 921 1028 953 Θεὸς
1041 923 1104 958 περὶ
1116 923 1221 955 οὐδενὸς
1234 923 1293 960 [64]
1304 924 1379 950 οὐδὲν
1396 925 1570 961 ἀπεκρίνατο.
1589 927 1657 953 Ἀλλ’
1670 928 1700 953 οὺ
1712 927 1792 962 μέχρι

963 965 1064 997 παντὸς
1082 965 1160 992 τοῦτο
1181 966 1318 1002 ἐποίησεν,
1341 967 1408 994 ἀλλὰ
1422 967 1461 1003 τῷ
1478 969 1570 1004 μέτρῳ
1587 969 1636 1004 τῆς
1655 969 1728 1004 ζωῆς
1744 970 1791 996 τοῦ

963 1007 1094 1043 βασιλέως
1109 1009 1156 1036 καὶ
1172 1009 1271 1045 μέτρον
1283 1010 1333 1045 τῆς
1343 1011 1478 1047 τιμωρίας
1492 1012 1602 1046 ὥρισεν.
1621 1013 1704 1047 Ὀμοῦ
1725 1013 1792 1046 γοῦν

962 1051 1065 1078 ἐκείνου
1079 1052 1277 1084 καταλύσαντος
1291 1054 1341 1089 τὴν
1352 1054 1436 1089 ζωὴν,
1454 1055 1501 1081 καὶ
1519 1056 1534 1081 ό
1553 1055 1619 1086 Θεὸς
1641 1056 1690 1091 τὴν
1709 1056 1793 1092 ὀργὴν

960 1104 1105 1136 κατέλυσε,
1121 1103 1167 1130 καὶ
1184 1103 1235 1135 τὰς
1250 1103 1335 1138 θύρας
1346 1105 1427 1130 πάλιν
1436 1103 1485 1138 τῆς
1498 1104 1664 1139 προφητείας
1676 1104 1790 1138 ἀνέῳξε.

961 1146 1047 1173 Τοῦτο
1073 1145 1138 1179 γοῦν
1158 1144 1345 1180 αἰνιττόμενος
1364 1146 1378 1171 ὸ
1393 1145 1535 1180 προφήτης
1553 1145 1705 1180 ἀνέμνησεν
1719 1146 1792 1180 ἡμᾶς

959 1188 1006 1215 τοῦ
1021 1187 1116 1222 καιροῦ
1132 1186 1181 1221 τῆς
1196 1186 1326 1221 τελευτῆς
1342 1186 1389 1212 τοῦ
1407 1185 1550 1221 βασιλέως.

995 1230 1095 1264 Διόπερ
1103 1228 1189 1261 οὕτως
1200 1229 1313 1264 ἄρχεται
1324 1228 1372 1263 τῆς
1380 1228 1548 1262 προφητείας
1554 1247 1562 1260 ,
1573 1227 1670 1261 λέγων’
1681 1228 1792 1263 Ἐγένε-

959 1279 993 1298 το
1000 1271 1054 1298 τοῦ
1072 1270 1170 1303 ἔτους,
1186 1268 1221 1298 οὗ
1239 1270 1389 1298 ἀπέθανεν
1403 1269 1494 1302 Ὁζῖας
1506 1271 1522 1296 ὁ
1531 1270 1680 1303 βασιλεὺς
1691 1290 1698 1303 ,
1710 1268 1792 1297 εἶδον

959 1313 1012 1339 τὸν
1020 1313 1131 1346 Κύριον
1140 1312 1322 1346 καθήμενον.
1331 1311 1426 1338 Καίτοι
1438 1319 1469 1345 γε
1478 1311 1492 1337 ό
1499 1311 1615 1346 Χριστός
1626 1320 1702 1346 φησι·
1718 1311 1792 1338 Θεὸν

959 1353 1059 1386 οὐδεὶς
1076 1353 1185 1387 ἑώρακε
1205 1353 1372 1380 πώποτε.’0
1388 1352 1557 1387 μονογενὴς
1569 1352 1646 1386 Υἱὸς,
1657 1354 1674 1379 ὁ
1689 1353 1731 1379 ὢν
1745 1355 1789 1386 είς

960 1397 1012 1423 τὸν
1019 1397 1135 1423 κόλπον
1147 1396 1200 1423 τοῦ
1209 1396 1322 1430 Πατρός
1331 1416 1338 1428 ,
1350 1395 1464 1428 ἐκεῖνος
1473 1395 1653 1430 ἐξηγήσατο.
1670 1396 1725 1422 Καὶ
1740 1396 1791 1423 πά-

959 1441 1001 1467 λιν
1009 1449 1016 1456 ·
1030 1441 1091 1475 Οὐχ
1102 1441 1146 1468 ὅτι
1156 1441 1209 1468 τὸν
1216 1440 1333 1475 Πατέρα
1344 1449 1388 1474 τις
1398 1440 1570 1474 ἐώρακεν,εί
1576 1439 1619 1474 μὴ
1631 1441 1647 1466 ὁ
1657 1439 1701 1466 ὢν
1713 1440 1792 1473 παρὰ

959 1484 1013 1510 τοῦ
1038 1484 1112 1511 Θεοῦ
1127 1491 1134 1498 ·
1150 1482 1240 1517 οὗτος
1250 1483 1360 1517 ἑώρακε
1375 1483 1428 1510 τὸν
1444 1482 1571 1517 Πατέρα.
1587 1483 1641 1510 Καὶ
1653 1482 1721 1518 πρὸς
1745 1483 1791 1508 τὸν

959 1527 1080 1555 Μωῦσέα
1108 1527 1188 1559 αὐτός
1216 1535 1315 1562 φησιν·
1337 1527 1440 1559 Οὐδείς
1457 1527 1561 1561 ὄψεται
1575 1526 1607 1553 τὸ
1627 1526 1791 1560 πρόσωπόν
1846 1549 1849 1552 ,

959 1581 1020 1607 μου
1041 1571 1091 1598 καὶ
1117 1570 1246 1604 ζήσεται.
1262 1570 1324 1602 Πῶς
1337 1568 1383 1596 οὖν
1398 1568 1473 1601 οὗτός
1483 1579 1564 1605 φησιν
1578 1569 1728 1605 ἑωρακέναι
1746 1569 1792 1596 τὸν

961 1615 1063 1651 Κύριον
1073 1623 1080 1648 ;
1093 1613 1182 1641 Εἶδον
1190 1615 1256 1649 γὰρ,
1265 1613 1342 1649 φησὶ,
1353 1614 1405 1641 τὸν
1411 1614 1520 1647 Κύριον
1529 1621 1537 1629 ·
1547 1614 1597 1640 οὐκ
1613 1613 1722 1640 ἐναντία
1735 1614 1791 1644 τοῖς

962 1659 1009 1686 τοῦ
1019 1658 1137 1695 Χριστοῦ
1149 1658 1246 1692 λέγων,
1261 1658 1328 1684 ἀλλὰ
1341 1658 1387 1684 καὶ
1401 1657 1503 1693 σφόδρα
1516 1657 1630 1692 συνῳδά.
1639 1657 1669 1682 '0
1677 1657 1725 1691 μὲν
1736 1657 1792 1692 γὰρ

962 1703 1079 1739 Χριστὸς
1091 1702 1140 1738 τὴν
1154 1701 1257 1737 ἀκριϐῆ
1274 1701 1437 1735 κατανόησίν
1452 1709 1544 1736 φησιν,
1563 1701 1596 1735 ἣν
1607 1699 1700 1731 οὐδεὶς
1711 1698 1764 1726 εἶδε
1781 1708 1788 1715 ·

962 1747 1070 1783 γυμνὴν
1097 1747 1151 1781 γὰρ
1175 1746 1224 1782 τὴν
1242 1745 1355 1781 θεότητα
1369 1745 1417 1772 καὶ
1431 1745 1570 1780 ἀκραιφνῆ
1582 1744 1631 1779 τὴν
1641 1744 1733 1770 οὐσίαν
1746 1744 1791 1770 οὐ-

962 1792 1018 1824 δεὶς
1034 1791 1176 1823 ἐθεάσατο,
1188 1790 1257 1825 πλὴν
1270 1789 1316 1816 τοῦ
1326 1788 1495 1823 Μονογενοῦς
1507 1797 1514 1804 ·
1524 1790 1538 1815 ὀ
1549 1788 1576 1814 δὲ
1591 1788 1735 1823 προφήτης
1743 1787 1793 1823 τὴν

961 1839 1035 1875 αὐτῷ
1047 1839 1163 1874 δυνατὴν
1188 1839 1252 1864 [δεῖν
1272 1838 1447 1872 ἀπαγγέλλει.
1471 1837 1537 1864 οὐδὲ
1553 1837 1608 1873 γὰρ
1626 1837 1706 1869 αὐτὸς
1725 1839 1793 1873 ὅπερ

961 1884 1034 1910 ἐστὶν
1049 1884 1063 1909 ό
1075 1882 1140 1913 Θεὸς
1158 1882 1222 1908 ίδεῖν
1241 1880 1361 1916 ἠδυνήθη
1374 1900 1382 1913 ,
1399 1880 1467 1907 ἀλλὰ
1480 1880 1696 1916 σχηματισθέντα
1712 1881 1793 1907 αὐτὸν

962 1927 1060 1963 θεωρεί
1076 1948 1083 1959 ,
1101 1925 1150 1952 καὶ
1166 1925 1291 1952 τοσοῦτον
1304 1924 1476 1956 καταϐάντα,
1487 1924 1548 1950 ὅσον
1567 1924 1698 1959 ἀναϐῆναι
1712 1925 1729 1959 ἡ
1746 1923 1794 1950 τοῦ

962 1968 1128 2005 θεωροῦντος
1147 1967 1274 1994 ἀσθένεια
1296 1965 1402 2002 ἐχώρει.
1416 1966 1477 1992 Ὀτι
1493 1966 1548 2001 γὰρ
1568 1966 1598 1992 οὐ
1616 1967 1722 2001 γυμνὴν
1739 1964 1793 1992 εἶδε

961 2013 1011 2049 τὴν
1028 2012 1156 2047 θεότητα,
1180 2010 1243 2038 οὔτε
1266 2010 1346 2041 αὐτὸς
1357 2029 1364 2041 ,
1390 2009 1451 2036 οὒτε
1465 2009 1544 2041 ἄλλος
1555 2009 1658 2042 οὐδεὶς,
1678 2009 1725 2036 ἀπ’
1742 2009 1792 2035 αὑ-

960 2057 1014 2084 τῶν
1031 2054 1068 2083 ὧν
1085 2054 1299 2089 ἀπαγγέλλουσιν
1317 2053 1438 2088 εῡδηλον.
1454 2051 1546 2080 Εἷδον
1560 2052 1624 2088 γὰρ,
1641 2053 1718 2087 φησι,
1740 2052 1794 2079 τὸν

961 2101 1070 2134 Κύριον
1092 2098 1268 2133 καθήμενον.
1291 2097 1357 2129 Θεὸς
1385 2097 1413 2123 δὲ
1434 2096 1464 2123 οὺ
1488 2096 1625 2132 κάθηταιο
1661 2095 1796 2131 σωμάτων

962 2145 1017 2180 γὰρ
1032 2145 1046 2170 ὁ
1060 2142 1257 2178 σχηματισμός.
1273 2141 1328 2168 Καὶ
1342 2142 1390 2176 οὐχ
1404 2140 1508 2172 ἁπλῶς,
1530 2139 1713 2174 Καθήμενον,
1736 2140 1795 2166 ἀλλ’

969 2187 1033 2214 Ἐπὶ
1050 2187 1168 2220 θρόνου.
1184 2185 1250 2215 Θεὸς
1266 2184 1294 2211 δὲ
1309 2184 1340 2211 οὑ
1352 2182 1510 2220 περιέχεται
1523 2192 1530 2199 ·
1547 2187 1605 2215 πῶς
1624 2183 1686 2218 γὰρ,
1702 2185 1715 2210 ό
1729 2192 1795 2210 παν-

962 2231 1044 2267 ταχοῦ
1060 2229 1166 2265 παρὼν,
1181 2229 1271 2256 καὶτὰ
1288 2229 1375 2256 πάντα
1386 2228 1506 2264 πληρῶν,
1522 2226 1558 2256 οὗ
1572 2228 1606 2255 ἐν
1619 2227 1656 2262 τῇ
1673 2227 1747 2262 χειρί
1757 2227 1794 2254 τὰ

962 2275 1074 2309 πέρατα
1092 2273 1147 2307 τῆς
1162 2272 1237 2307 γῆς;
1263 2271 1343 2298 Ὂθεν
1366 2271 1453 2306 δῆλον,
1475 2272 1515 2298 ὅτι
1538 2270 1739 2305 συγκατάϐασις
1758 2268 1794 2306 ἦν

962 2319 992 2345 τὸ
1004 2317 1149 2354 ὁρώμενον.
1170 2316 1246 2342 Οὕτω
1257 2315 1321 2349 γοῦν
1341 2315 1433 2350 ἔτερος
1454 2315 1595 2350 προφήτης
1610 2312 1792 2348 αἰνιττόμενος

962 2362 1053 2396 ἔλεγεν
1065 2363 1097 2388 ἐκ
1108 2359 1253 2396 προσώπου
1262 2359 1308 2385 τοῦ
1321 2358 1389 2385 Θεοῦ
1401 2367 1406 2374 ·
1419 2358 1489 2394 Ἐγὼ
1500 2357 1617 2392 ὁράσεις
1625 2357 1792 2390 ἐπλήθυνα,

962 2406 1093 2438 τουτέστι,
1104 2404 1237 2439 διαφόρως
1251 2403 1356 2438 ὤφθην.
1372 2403 1403 2428 El
1424 2402 1452 2428 δὲ
1473 2401 1540 2436 αὑτὴ
1566 2402 1582 2435 ἠ
1601 2401 1678 2427 οὐσία
1702 2400 1793 2436 γυμνὴ

962 2451 1096 2485 ἐφαίνετο,
1111 2450 1160 2475 οὐκ
1177 2448 1209 2475 ἂν
1217 2447 1351 2482 διαφόρως
1363 2446 1447 2481 ἐφάνη
1464 2453 1470 2461 ·
1495 2445 1552 2472 ἀλλ’
1571 2445 1663 2481 ἐπειδὴ
1689 2453 1794 2478 συγκα-

961 2489 1097 2517 ταϐαίνων
1108 2495 1119 2509 ο
1133 2489 1181 2516 νῦν
1197 2489 1246 2524 μὲν
1258 2488 1346 2524 τούτῳ
1358 2488 1396 2524 τῷ
1412 2488 1515 2524 τρόπῳ,
1528 2489 1576 2516 νῦν
1590 2489 1618 2516 δὲ
1629 2490 1726 2524 ἐκείνῳ
1736 2489 1795 2519 τοῖς

962 2535 1116 2570 προφήταις
1129 2534 1226 2561 ἑαυτὸν
1239 2529 1370 2564 ἐδείκνυε,
1387 2532 1561 2568 καταλλήλως
1574 2534 1631 2564 τοῖς
1648 2532 1794 2567 ὑποκειμέ-

963 2587 1018 2610 νοις
1045 2579 1153 2614 καιροῖς
1173 2576 1351 2612 σχηματίζων
1367 2576 1417 2608 τὰς
1434 2576 1510 2611 ὄψεις
1523 2596 1530 2608 ,
1545 2576 1589 2603 διὰ
1599 2577 1680 2604 τοῦτό
1692 2584 1773 2611 φησιν
1784 2583 1794 2590 υ

968 2622 1105 2656 Ὀράσεις
1123 2620 1354 2654 ἐπλήθυνα,’καί
1366 2620 1402 2647 ἐν
1416 2620 1502 2654 χερσί
1517 2620 1677 2655 προφητῶν
1687 2618 1794 2654 ὡμοιώ-

963 2667 1029 2700 θην.
1045 2665 1101 2700 Οὐχ
1117 2665 1214 2700 ὥσπερ
1229 2665 1314 2700 ἥμην,
1333 2664 1446 2699 ἐφάνην,
1458 2664 1552 2699 φησὶν,
1570 2664 1627 2691 ἀλλ’
1649 2663 1794 2699 ὼμοιώθην

963 2709 1031 2744 πρὸς
1053 2710 1121 2744 ὅπερ
1138 2709 1203 2735 ἰδεῖν
1223 2708 1354 2743 ἠδύναντο
1374 2709 1397 2734 οἱ
1425 2708 1598 2743 θεωροῦντες.
1620 2708 1703 2742 Ὀρᾷς
1728 2706 1794 2740 γοῦν

962 2753 1042 2780 αὑτὸν
1063 2753 1111 2780 νῦν
1137 2753 1186 2788 μὲν
1211 2751 1376 2788 καθήμενον,
1397 2753 1444 2779 νῦν
1460 2752 1488 2779 δὲ
1510 2752 1690 2786 ὡπλισμένον,
1709 2750 1754 2776 νῦν
1764 2749 1793 2775 δὲ

962 2797 1042 2832 τρίχα
1064 2796 1158 2823 πολιὰν
1172 2795 1279 2831 ἔχοντα,
1293 2795 1340 2822 νῦν
1361 2796 1390 2822 δὲ
1414 2797 1443 2822 ἐν
1465 2794 1548 2831 αὔρᾳ,
1560 2795 1608 2822 νῦν
1624 2795 1652 2821 δὲ
1665 2796 1694 2820 ὲν
1714 2792 1790 2827 πυρὶ,

963 2841 1009 2868 νῦν
1022 2841 1048 2867 δὲ
1063 2841 1095 2867 ὲκ
1104 2840 1157 2867 τῶν
1170 2839 1302 2866 ὀπισθίων
1319 2840 1495 2875 φαινόμενον,
1511 2839 1558 2866 νῦν
1577 2839 1605 2866 δὲ
1620 2839 1666 2865 ἐπὶ
1675 2837 1728 2864 τῶν
1738 2837 1792 2862 Χε-

964 2885 1078 2921 ρουϐὶμ,
1094 2884 1143 2911 καὶ
1157 2883 1226 2920 πρὸς
1245 2883 1416 2919 μεταλλικῶν
1442 2883 1512 2910 ὑλῶν
1532 2883 1711 2923 λαμπρότητα
1737 2879 1792 2906 τῶν

996 2950 1007 2966 ε
1018 2947 1060 2974 Sic
1073 2947 1210 2975 Bavaricus.
1224 2947 1273 2974 Alii
1285 2953 1344 2973 vero
1356 2947 1397 2972 οῦν
1413 2946 1571 2971 καταϐαίνων.
