2068 3130
196 165 230 192 69
830 164 862 192 1Ν
883 165 963 192 [SAM

1027 167 1113 196 CAP.
1135 169 1179 198 vt.
1784 186 1818 214 το

192 219 272 248 modo
281 218 310 247 in
323 226 398 252 aura,
411 219 492 247 modo
513 219 538 247 in
559 220 629 255 igne,
643 227 713 248 nunc
725 229 740 248 a
761 225 836 257 tergo
853 230 985 258 apparen-

192 273 246 295 tem
257 288 264 301 ,
276 274 348 294 nunc.
360 273 444 302 super
458 266 601 294 Cherubim
611 288 618 299 ,
634 271 661 294 et
675 268 707 294 ad
722 268 915 296 metallicarum
930 277 986 297 ma-

190 314 318 340 teriarum
338 313 422 346 magis
443 313 633 348 pellucidarum
659 314 827 349 splendorem
843 315 983 350 imaginem

188 359 411 387 coniormantem.
437 359 492 386 Cur
516 367 580 394 ergo
601 359 680 387 modo
697 365 815 388 armatus
828 366 938 395 apparet
957 366 984 389 et

189 413 285 433 cruore
297 412 466 439 conspersus,
478 404 620 440 aliquando
629 406 654 433 in
666 406 736 441 igne,
747 406 825 434 modo
836 407 981 441 posteriora

139 471 152 485 χ,
188 451 342 483 ostendens,
357 451 438 478 modo
451 451 476 477 in
501 451 576 484 caelo,
602 451 682 478 modo
700 453 725 478 in
744 453 820 485 solio,
836 461 905 480 nunc
918 460 981 481 vero

187 497 428 532 superCherubim,
439 505 491 524 non
504 498 644 532 prmscnlis
656 499 782 532 temporis
792 498 870 526 fuerit
880 499 979 532 dicere,

186 551 220 570 ne
231 543 402 571 corollarium
419 543 463 570 ﬁat
478 551 560 578 opere
578 544 674 578 majus.
691 545 799 572 lutcrim
819 553 907 580 operte
921 553 981 580 pre-

185 589 252 615 tium
272 588 351 616 fuerit
370 588 404 616 de
419 589 544 623 prmscnti
566 589 670 617 visione
689 590 832 618 disserere.
847 590 900 618 Cur
915 598 979 626 ergo

185 640 256 662 nunc
269 634 309 661 sic
326 638 436 669 apparet
447 642 526 669 super
539 635 634 662 solium
650 635 757 669 sedens,
778 641 804 663 et
824 644 883 663 cum
899 636 979 664 Sera-

184 679 280 714 phim?
297 679 446 707 Humanum
458 687 561 708 morem
573 681 700 714 imitatur,
710 682 770 717 quia
786 689 846 709 cum
862 682 978 710 homini-

183 726 233 753 bus
241 733 331 753 sermo
342 726 391 761 ipsi
407 731 474 754 erat.
487 727 553 759 Quia
567 727 638 754 enim
650 728 811 755 sententiam
828 728 978 762 prolaturus

181 776 224 800 est
239 772 273 800 de
284 773 386 807 magnis
397 773 477 800 rebus
492 773 578 808 deque
595 778 649 801 toto
663 779 794 801 terrarum
809 775 884 807 orbe,
904 776 977 803 insu-

182 826 285 853 perque
296 819 330 846 de
337 818 522 855 Jerosolymis,
538 819 672 854 duplicem
685 820 786 855 profert
798 822 956 848 sententiam
966 843 974 854 ,

179 864 292 892 alteram
304 872 355 900 qua
370 872 474 899 poenam
489 865 610 892 decernit
626 865 687 892 urbi
703 870 729 893 et
739 866 811 901 genti
831 867 894 900 toti,
910 867 976 895 alte-

179 917 237 938 ram
247 919 306 945 qua:
318 911 475 938 beneﬁcium
496 911 554 939 orbi
567 916 708 945 terramm,
716 920 891 948 magnamque
901 921 975 949 spem

180 958 323 993 pollicetur
348 963 374 986 et
389 958 506 986 honores
518 959 690 986 immortales.

213 1003 240 1031 Ξ.
250 1003 307 1031 Mos
319 1008 359 1031 est
367 1009 455 1031 autem
464 1004 598 1040 jndicibus
606 1004 664 1032 haec
672 1012 724 1032 non
734 1005 803 1033 clam
815 1005 912 1039 lacere,
922 1006 970 1034 sed

177 1050 204 1078 in
218 1051 324 1078 excelso
340 1050 464 1078 tribunali
488 1051 629 1085 sedentes,
655 1053 779 1080 omnibus
791 1050 971 1082 adstantibus,

177 1102 204 1124 et
226 1098 369 1125 contractis
386 1097 461 1125 velis.
480 1098 533 1125 llos
548 1098 655 1125 imitans
680 1098 750 1126 Deus
768 1099 817 1126 sibi
829 1099 970 1127 Cherubim

176 1143 283 1171 adstare
293 1143 383 1179 jussit,
399 1149 425 1172 et
441 1143 467 1171 in
482 1143 588 1171 excelso
602 1144 670 1171 solio
689 1144 775 1178 sedet,
792 1144 884 1180 sicque
905 1153 969 1173 sen-

176 1191 286 1217 tentiam
309 1189 379 1217 hanc
400 1190 509 1224 profert.
529 1190 561 1217 Et
576 1194 604 1217 ut
619 1189 706 1218 discas
727 1198 784 1218 rem
800 1198 852 1218 non
875 1192 969 1226 conje-

175 1239 249 1262 ctura
265 1240 365 1262 tantum
392 1236 453 1266 niti.
478 1235 524 1262 sed
540 1235 611 1262 hunc
631 1235 667 1263 illi
684 1243 785 1262 morem
806 1236 907 1268 tuisse,
933 1244 966 1264 ex

173 1281 226 1308 alio
239 1289 345 1316 quoque
364 1281 493 1316 propheta
509 1281 532 1308 id
553 1281 639 1316 palam
665 1281 751 1309 facere
765 1281 884 1309 tentabo.
902 1281 968 1309 Nam

171 1325 242 1361 apud
256 1326 403 1360 Danielem,
420 1327 543 1361 quoniam
559 1327 594 1353 ibi
608 1327 687 1354 etiam
698 1327 856 1354 sententiam
873 1335 968 1362 quam-

172 1371 233 1398 dam
247 1379 369 1406 magnam
386 1372 537 1406 prolaturus
549 1376 606 1399 erat
620 1371 690 1399 circa
702 1373 830 1407 supplicia
847 1377 872 1400 et
887 1373 966 1401 ultio~

171 1424 219 1444 nes
233 1416 334 1444 Iudaeis
349 1417 503 1445 inferendas
514 1438 521 1450 ,
547 1422 574 1445 et
584 1418 655 1445 circa
678 1418 745 1445 bona
760 1426 819 1453 qua:
842 1418 900 1446 orbi
914 1423 968 1446 ter-

170 1470 260 1490 rarum
271 1463 432 1490 conferenda
443 1468 529 1497 erant,
541 1463 637 1491 solium
648 1471 752 1499 quoque
759 1469 868 1499 apparet
880 1465 967 1500 splen-

169 1507 261 1535 didum
277 1512 304 1536 et
325 1509 508 1544 conspicuum,
529 1513 555 1537 et
567 1509 723 1544 angelorum
737 1509 833 1537 chorus
845 1510 963 1543 adstans,

167 1557 196 1580 et
217 1553 436 1589 archangelorum
464 1558 558 1587 uetus,
581 1559 608 1582 et
631 1554 786 1590 Unigenitus
806 1555 912 1590 sedens,
937 1562 964 1584 et

168 1598 228 1626 libri
242 1599 408 1633 aperiuntur,
431 1604 458 1627 et
473 1599 544 1627 ﬂuvii
568 1600 637 1635 ignei
659 1605 782 1633 manant,
804 1605 832 1629 et
846 1602 964 1637 undique

168 1644 308 1672 tribunalis
331 1644 416 1672 forma
441 1645 611 1673 constituitur
626 1645 753 1681 (Dan.7).
780 1645 848 1674 Sunt
873 1652 960 1675 autem

167 1691 210 1718 illa
231 1692 322 1719 omnia
337 1692 369 1720 iis
391 1692 491 1725 afﬁnia,
506 1700 565 1727 qua:
581 1692 624 1719 hic
645 1696 786 1720 narrantur
800 1701 807 1720 :
821 1698 866 1720 aut
881 1694 960 1721 etiam

165 1738 285 1772 apertius
307 1738 330 1765 is
346 1738 403 1765 haec
425 1738 583 1771 annuntiat,
611 1738 670 1773 quia
693 1738 818 1766 viciniora
841 1744 960 1773 tempora

166 1784 211 1810 illa
227 1788 314 1817 erant,
330 1789 355 1811 et
371 1784 404 1811 ad
420 1784 491 1819 ipsas
506 1784 613 1812 demum
627 1783 698 1812 iores
717 1785 854 1819 prophetia
868 1792 961 1820 perve-

164 1829 354 1856 nerat.Verum
369 1829 427 1856 hzec
439 1829 566 1856 studiosis
582 1830 772 1865 relinquentes,
785 1835 813 1857 ut
828 1830 954 1865 colligant

162 1879 188 1901 et
212 1879 366 1909 apponant,
388 1879 416 1902 et
430 1875 567 1910 utriusque
583 1875 729 1910 prephetirc
753 1876 955 1904 consonantiam

161 1921 294 1951 ediscant,
310 1921 347 1948 uti
359 1921 414 1956 jam
428 1921 492 1954 dixi,
507 1929 564 1948 eam
579 1929 659 1956 quam
678 1921 755 1948 nobis
769 1923 957 1956 proposuimus

154 1962 358 1997 jam‘accurate
380 1970 535 1999 tractemus,
561 1974 611 2002 pro
635 1967 703 1994 virili
727 1971 818 1994 nostra
840 1967 957 2002 singulas

161 2012 292 2039 dictiones
303 2012 493 2046 expendentes.
508 2012 543 2039 Ita
559 2012 630 2039 enim
650 2017 677 2039 et
692 2012 769 2039 nobis
781 2017 808 2040 et
822 2013 896 2040 vobis
911 2013 954 2040 di—

160 2056 290 2084 lucidiora
303 2062 381 2084 erunt
393 2065 424 2084 ea
433 2065 491 2092 qua:
501 2057 569 2085 dicta
579 2061 649 2085 sunt.
662 2057 730 2091 Quid
743 2058 821 2094 igitur
829 2059 883 2086 ait?
896 2058 956 2085 Vidi

163 2100 301 2128 Dominum
315 2102 449 2129 sedentem.
463 2101 491 2129 In
506 2103 574 2130 solio
588 2102 694 2136 sedere,
720 2110 826 2138 semper
846 2103 954 2138 symbo-

114 2166 116 2169 -
160 2149 215 2175 lum
225 2147 318 2182 judieii
331 2152 382 2181 est,
405 2148 629 2183 quemadmodum
641 2148 722 2176 David
737 2149 774 2175 ait
787 2157 793 2175 :
808 2148 953 2176 Sedistiru.

160 2203 207 2228 per
230 2195 349 2220 thronum
372 2194 415 2228 qui
432 2194 536 2229 judico:
553 2195 681 2229 justitiam
701 2195 789 2231 (Ptol.
803 2195 895 2230 9.4);
924 2201 954 2223 et

162 2239 254 2267 Daniel
272 2239 388 2266 :Tltroni
413 2240 488 2274 positi
506 2245 563 2267 sunt
576 2261 583 2273 ,
606 2245 629 2267 et
642 2241 773 2274 judicium
793 2241 857 2268 εκάὶι
871 2241 951 2275 (Dan.

160 2286 186 2311 7.
199 2284 248 2320 9).
266 2285 367 2312 Sedere
381 2289 470 2313 autem
491 2286 646 2321 simpliciter
670 2286 779 2313 alterius
803 2286 953 2321 symbolum

158 2335 210 2365 est,
221 2331 258 2358 ait
273 2331 410 2366 propheta.
426 2331 568 2366 Cujusnam
578 2333 590 2359 ?
601 2332 694 2365 Firmi,
711 2333 852 2365 manentis,
860 2339 953 2367 proce-

158 2378 257 2411 dentis,
272 2376 452 2410 immutabilis,
464 2378 740 2411 interminabilis,vit:e
750 2378 951 2413 perennisteo

157 2425 194 2450 ait
206 2432 211 2449 :
223 2423 264 2451 Tu
279 2423 377 2451 sedens
392 2423 418 2450 in
430 2425 567 2458 saeculum,
581 2429 607 2452 et
617 2432 664 2452 nos
677 2429 820 2460 pereuntes
833 2425 858 2452 in
868 2432 952 2452 saecu-

157 2471 212 2498 lum
223 2471 271 2507 (a).
290 2471 342 2504 Tu,
357 2472 453 2507 inquit,
469 2479 590 2505 manens,
608 2472 748 2504 exsistens,
762 2471 864 2504 vivens,
881 2478 951 2498 sem<

157 2524 205 2551 per
218 2517 313 2544 eodem
324 2518 460 2546 exsistens
474 2518 564 2545 modo.
575 2518 651 2551 Quod
668 2517 737 2545 enim
752 2517 778 2544 id
793 2524 846 2544 non
855 2517 950 2544 dixerit

156 2561 189 2589 de
202 2562 340 2596 cathedra,
366 2563 422 2598 ipsa
442 2562 576 2590 distinctio
589 2562 788 2590 demonstravit.
801 2561 858 2589 Non
880 2562 950 2589 enim

154 2608 232 2642 dixit,
246 2609 302 2637 Nos
315 2613 429 2642 stantes,
445 2609 503 2642 sed,
515 2614 667 2644 pereuntes.
684 2608 749 2636 Illud
764 2612 852 2636 autem
868 2608 894 2636 in
905 2615 950 2635 so—

154 2655 190 2682 lio
204 2655 310 2687 sedere,
325 2655 352 2682 id
366 2659 408 2682 est
420 2655 550 2690 judicare.
565 2655 628 2683 ideo
643 2655 729 2689 ipsum
749 2655 787 2682 sic
810 2654 883 2693 videt
904 2661 949 2681 se-

152 2701 260 2729 dentem
274 2708 357 2735 super
369 2701 466 2729 solium
481 2701 615 2728 excelsum
623 2705 650 2728 et
661 2701 792 2729 elevatum
806 2709 812 2734 ;
824 2700 866 2728 vel
878 2700 949 2727 aliud

151 2749 214 2780 hoc,
226 2748 299 2775 aliud
317 2747 383 2775 illud
397 2747 557 2775 subindicat.
573 2748 675 2775 Etenim
687 2747 821 2775 excelsum
837 2751 894 2774 erat
907 2754 950 2773 so-

150 2794 223 2825 lium.
248 2794 275 2821 id
290 2798 333 2821 est
353 2801 480 2828 magnum
496 2798 522 2821 et
536 2793 694 2821 altissimum
705 2814 712 2827 ,
726 2796 754 2820 et
767 2792 909 2825 elevatum,
925 2792 951 2819 id

178 2862 214 2895 (a)
232 2861 342 2895 Videtur
365 2860 406 2895 hic
421 2860 602 2895 Chrysostomus
619 2859 700 2895 locum
722 2860 828 2895 aliquem
846 2858 950 2895 Danielis

146 2891 246 2924 arma,
258 2896 304 2917 aut
315 2891 422 2917 alterius
430 2891 569 2924 propheta;
580 2892 625 2917 sed
636 2891 729 2916 nullum
740 2891 815 2916 talem
825 2891 932 2923 reperio.

1037 230 1094 258 est.
1119 224 1255 256 immensa:
1268 229 1414 259 altitudinis
1437 241 1567 268 apparens
1593 241 1620 264 et
1642 237 1772 269 sublimis.
1791 243 1825 270 Et

1036 271 1111 318 plena
1124 277 1177 299 erat
1197 273 1286 302 domus
1299 276 1379 310 gloria
1394 278 1457 313 ejus.
1473 279 1538 314 Qum
1558 281 1672 310 domus?
1686 284 1729 312 dic
1747 287 1825 318 mihi.

1035 315 1184 365 Templum.
1197 319 1261 353 Quia
1271 322 1341 349 enim
1353 324 1426 352 illinc
1436 327 1750 364 oriebanturinimieitite,
1764 333 1826 365 jure

1034 361 1060 388 in
1072 361 1120 390 hac
1131 364 1245 393 mirabili
1257 367 1357 396 visione
1367 369 1403 396 ibi
1413 373 1574 406 conspicitur
1586 375 1692 403 sedens.
1706 361 1822 408 Gloriam

1033 413 1121 435 autem
1143 409 1186 438 hic
1201 417 1278 440 vocat
1301 415 1577 452 splendorem,lucem
1600 421 1821 460 inaccessibilem,

1032 462 1110 489 quam
1125 463 1184 483 cum
1198 466 1250 485 non
1272 466 1362 494 posset
1379 463 1465 490 verbis
1479 466 1637 500 exprimere,
1654 469 1763 504 gloriam
1779 478 1826 497 vo-

1032 501 1111 549 (Etvii,
1130 510 1216 538 neque
1230 505 1387 540 simpliciter
1396 509 1517 543 gloriam,
1533 512 1580 539 sed
1598 513 1643 541 Dei
1656 501 1778 549 gloriam.
1791 517 1819 545 2.

1031 546 1066 573 Et
1085 547 1222 583 Seraphin;
1243 551 1342 579 stabant
1363 554 1388 581 in
1408 555 1513 582 circuitu
1528 558 1590 593 ejus.
1615 546 1740 592 Quaenam
1755 562 1821 590 dicit

1031 593 1088 622 [nec
1101 594 1258 632 Seraphim?
1269 597 1389 627 Virtutes
1400 601 1570 637 incorporeas
1578 613 1752 640 supernorum
1765 616 1824 640 (ξω-

1030 643 1119 674 tuum,
1141 650 1252 676 quarum
1267 643 1391 673 virtutem
1407 651 1433 674 et
1445 647 1634 678 beatitudinem
1648 659 1681 679 ex
1700 653 1758 688 ipso
1772 662 1821 682 no-

1029 686 1200 735 minegvidere
1209 693 1259 716 est.
1271 689 1336 717 Nam
1348 691 1476 721 llebraica
1490 695 1578 731 lingua
1591 686 1729 733 Seraphim
1739 700 1819 735 ignita

1028 732 1074 759 oia
1089 733 1237 767 signiﬁcant
1252 734 1300 771 (α).

1069 777 1193 806 Virtutum
1206 782 1342 808 cru/estiam
1357 783 1483 818 o/ﬁcia.—
1491 785 1558 818 Quid
1573 787 1652 822 igitur
1666 788 1727 817 hinc
1739 790 1820 818 disci-

1027 824 1104 851 mus?
1118 824 1261 853 Puritatem
1275 827 1439 863 substantiae,
1454 830 1625 871 vigilantiam,
1641 834 1816 871 diligentiam,

1027 869 1182 904 agilitatem,
1198 872 1252 898 vim
1275 874 1412 907 operandi,
1429 868 1597 904 munditiemy.
1615 879 1653 906 lla
1667 868 1738 907 enim
1754 868 1817 916 pro;

1026 915 1105 949 pheta
1120 916 1203 944 David
1219 925 1393 953 supernarum
1410 926 1572 956 potestatum
1587 926 1739 960 expeditum
1764 929 1816 956 mi-

1025 960 1163 988 nisterium
1175 962 1267 990 volens
1276 964 1352 991 nobis
1363 967 1515 1001 ostendere,
1530 977 1632 997 necnon
1648 972 1815 1001 velocitatem

1025 1005 1223 1041 agilitatemque
1244 1009 1405 1045 ministerii,
1421 1011 1526 1040 dicebat
1541 1023 1547 1041 :
1566 1016 1615 1048 Qui
1628 1017 1692 1051 fucis
1712 1020 1816 1054 angelo:

1023 1056 1079 1078 tuos
1098 1054 1210 1088 spiritus,
1236 1059 1259 1081 et
1272 1055 1399 1084 ministros
1413 1063 1469 1086 tuos
1483 1060 1614 1094 ﬂammam
1636 1063 1702 1098 ignis
1727 1065 1812 1100 (ιιωι.

1023 1098 1084 1126 105.
1096 1099 1140 1134 4);
1153 1101 1332 1135 velocitatem,
1349 1103 1492 1138 levitatem,
1504 1107 1648 1141 agilitatem
1673 1098 1749 1138 nobis
1766 1120 1813 1146 per

1022 1144 1080 1172 haec
1099 1145 1231 1174 elementa
1250 1148 1406 1176 ostendens.
1424 1150 1581 1185 Huiusmodi
1602 1154 1691 1182 ofﬁcia
1713 1144 1814 1184 habent

1022 1188 1063 1217 hae
1074 1190 1195 1223 virtutes,
1207 1198 1254 1220 ore
1267 1200 1334 1227 puro
1344 1194 1509 1223 celebrantes
1520 1197 1670 1232 Dominum,
1686 1200 1736 1228 hoc
1746 1209 1813 1236 Opus

1018 1237 1118 1272 jugiter
1129 1237 1269 1272 habentes,
1285 1239 1376 1267 laudes
1391 1241 1544 1276 otl'erentes,
1561 1244 1719 1274 incessabile
1732 1248 1811 1276 mini-

1019 1283 1141 1310 sterium.
1166 1283 1264 1311 Earum
1284 1289 1374 1312 autem
1392 1286 1546 1321 dignitatem
1571 1290 1596 1317 id
1621 1298 1812 1320 commonstrat

1018 1328 1088 1363 quod
1112 1329 1180 1357 solio
1200 1330 1253 1357 sint
1272 1330 1376 1358 vicinaz.
1393 1331 1620 1366 Quemadmodum
1644 1338 1715 1364 enim
1741 1339 1810 1373 apud

1018 1378 1141 1403 terrenos
1159 1383 1246 1411 reges,
1262 1377 1307 1411 qui
1329 1378 1355 1405 in
1371 1379 1472 1413 majore
1486 1379 1616 1414 dignitate
1631 1386 1703 1415 sunt,
1727 1391 1810 1418 prope

1017 1421 1114 1448 solium
1129 1421 1230 1456 regium
1246 1427 1318 1450 stant
1332 1433 1338 1450 :
1353 1424 1392 1452 sic
1403 1429 1428 1452 et
1442 1424 1483 1452 hae
1498 1431 1644 1460 potestates
1655 1428 1690 1455 ob
1704 1430 1809 1458 virtutis

1016 1467 1188 1494 eminentiam
1204 1468 1318 1497 sublime
1333 1470 1430 1498 solium
1444 1471 1657 1506 circumsistunt,
1682 1474 1808 1503 inell'abili

1016 1513 1182 1542 beatitudine
1195 1519 1324 1549 perpetuo
1338 1515 1467 1548 fruentes,
1484 1523 1511 1544 et
1532 1518 1558 1545 in
1575 1519 1653 1546 beata
1670 1526 1744 1548 sorte
1758 1521 1807 1548 hu-

1011 1558 1131 1592 jusmodi
1146 1559 1225 1587 ofﬁcii
1239 1561 1394 1596 gaudentes.
1410 1563 1463 1590 Sex
1475 1563 1524 1590 alae
1536 1565 1589 1597 uni,
1603 1570 1626 1591 et
1640 1574 1684 1593 sex
1698 1567 1747 1594 altu
1765 1569 1805 1595 al-

1014 1605 1070 1630 teri.
1087 1604 1118 1631 Ει
1129 1606 1229 1641 quidem
1241 1606 1339 1634 duabus
1350 1607 1465 1635 volabant
1478 1609 1552 1644 pedes
1562 1618 1630 1643 suos,
1647 1611 1745 1640 duabus
1758 1621 1806 1640 au-

1013 1654 1062 1677 tem
1075 1652 1188 1679 uelabant
1198 1652 1276 1686 facies
1287 1661 1346 1680 sua:
1359 1653 1395 1690 (lt)
1406 1675 1413 1686 ,
1426 1659 1450 1681 et
1464 1655 1561 1682 duabus
1575 1657 1702 1684 volabant.
1716 1658 1743 1685 5.
1769 1659 1803 1686 Et

1012 1696 1153 1724 clamabant
1167 1699 1231 1726 alter
1240 1699 1274 1725 ad
1286 1699 1403 1733 alterunt,
1418 1705 1441 1727 et
1459 1701 1592 1729 dicebant:
1607 1703 1726 1737 Sanctus,
1741 1714 1803 1733 san-

1011 1747 1075 1775 ctus,
1089 1748 1198 1776 sanctus,
1215 1743 1339 1771 Dominus
1359 1745 1482 1773 Sabaoth.
1500 1746 1583 1774 Plena
1597 1753 1633 1775 est
1646 1750 1727 1777 omni:
1737 1755 1804 1778 terra

1010 1789 1092 1824 gloria
1106 1791 1169 1824 ejus.
1184 1790 1250 1823 Quid
1266 1791 1342 1818 nobis
1359 1791 1399 1818 ha:
1411 1799 1506 1826 penna:
1520 1793 1677 1829 signiﬁcant,
1691 1800 1718 1823 et
1739 1797 1802 1832 quid

1010 1833 1087 1861 nobis
1102 1834 1151 1861 ala:
1165 1835 1351 1863 snbindicaut?
1363 1835 1455 1872 Neque
1469 1838 1539 1865 enim
1562 1839 1726 1874 incorporate
1749 1842 1800 1870 illa

1008 1883 1156 1914 potestates
1171 1881 1227 1908 alas
1243 1881 1343 1909 habent
1354 1890 1361 1909 :
1372 1882 1419 1910 sed
1431 1891 1536 1911 rursum
1548 1885 1722 1913 crassioribus
1737 1886 1804 1922 ﬁgu-

1008 1926 1045 1953 ris
1060 1934 1157 1953 arcana
1167 1926 1289 1961 quicdam
1302 1927 1380 1955 nobis
1391 1928 1489 1956 indicat
1504 1930 1641 1965 propheta,
1652 1931 1801 1960 inﬁrmitati

1008 1978 1099 1999 eorum
1113 1973 1157 2007 qui
1173 1977 1236 2000 tunc
1253 1973 1396 2001 audiebant
1409 1982 1438 2002 se
1452 1979 1645 2010 attemperans,
1668 1978 1800 2012 simulque

1007 2019 1086 2046 etiam
1102 2027 1148 2053 per
1164 2019 1232 2047 hanc
1242 2021 1488 2055 attemperationem
1499 2030 1577 2049 sensa
1590 2023 1712 2058 qumdam
1727 2032 1801 2051 men-

1007 2069 1059 2092 tem
1077 2073 1183 2093 omnem
1197 2068 1349 2100 superantia
1362 2071 1486 2094 accurate
1500 2068 1576 2095 nobis
1590 2069 1743 2097 ostendens.

1042 2111 1068 2138 5.
1089 2110 1156 2144 Quid
1177 2111 1261 2146 igitur,
1277 2112 1445 2139 subiudieant
1468 2113 1536 2140 ala}?
1557 2113 1747 2141 Celsitudinem
1770 2119 1799 2142 et

1006 2157 1194 2184 Sublimitatem
1210 2157 1303 2184 harum
1316 2157 1454 2185 virtutum.
1474 2158 1518 2185 Sic
1532 2163 1559 2186 et
1572 2158 1678 2186 Gabriel
1693 2160 1796 2193 volans,

1005 2207 1032 2228 et
1045 2202 1078 2229 de
1091 2203 1157 2229 caelo
1171 2202 1337 2230 descendens
1348 2208 1467 2238 apparet,
1483 2209 1512 2231 ut
1525 2203 1613 2231 discas
1628 2205 1796 2234 velocitatem

1005 2252 1031 2275 et
1043 2247 1186 2275 levitatem.
1205 2248 1237 2275 Et
1248 2247 1312 2283 quid
1326 2249 1440 2282 miraris,
1456 2249 1477 2276 si
1491 2249 1524 2277 de
1538 2249 1700 2277 administris
1715 2250 1796 2277 virtu-

1005 2291 1075 2320 tibus
1087 2294 1198 2328 loquens
1211 2293 1362 2328 hujusmodi
1372 2294 1458 2322 verbis
1469 2302 1529 2322 usus
1543 2299 1594 2328 est,
1603 2296 1708 2330 quando
1716 2297 1797 2324 etiam

1004 2338 1038 2365 de
1052 2338 1236 2366 universormn
1249 2338 1303 2366 Deo
1314 2347 1367 2366 non
1378 2339 1584 2375 dedignatusest
1593 2341 1661 2368 hanc
1669 2341 1798 2370 adhibere

1004 2384 1275 2418 attemperationem?
1290 2384 1359 2412 Cum
1377 2385 1448 2413 enim
1465 2386 1543 2413 vellet
1556 2386 1639 2413 David
1654 2387 1797 2416 ostendere

1003 2435 1048 2457 aut
1066 2430 1124 2465 ejus
1137 2430 1321 2465 incorporeum
1336 2436 1475 2464 naturam,
1494 2437 1540 2459 aut
1555 2433 1722 2460 velocitatem
1735 2441 1797 2469 qua

1003 2476 1099 2510 ubique
1112 2482 1236 2511 praesens
1258 2481 1310 2509 est,
1336 2477 1391 2503 ait:
1409 2477 1459 2509 Qui
1477 2477 1592 2504 ambulas
1614 2486 1690 2511 super
1700 2487 1796 2513 penna:

1002 2526 1132 2548 ventorum
1155 2521 1251 2555 (Psal.
1274 2522 1335 2550 105.
1358 2523 1395 2557 3),
1423 2523 1472 2550 etsi
1493 2531 1578 2558 neque
1599 2524 1670 2551 venti
1694 2532 1796 2559 pennas

1000 2567 1128 2600 “habeant,
1141 2576 1228 2603 neque
1241 2568 1297 2603 ipse
1311 2576 1392 2603 super
1403 2576 1503 2603 pennas
1514 2569 1639 2596 ambulet.
1656 2570 1796 2603 Quomodo

1000 2615 1073 2641 enim
1086 2613 1143 2642 ﬁeri
1158 2614 1251 2649 possit,
1265 2621 1325 2642 cum
1339 2614 1436 2650 ubique
1450 2622 1567 2649 praesens
1578 2615 1629 2642 sit?
1642 2615 1753 2648 Verum,
1767 2621 1798 2643 ut

1034 2682 1070 2713 (ιι)
1085 2685 1150 2707 Hanc
1162 2688 1218 2706 esse
1227 2685 1295 2713 putat
1305 2681 1489 2714 Chrysostomus
1498 2683 1723 2713 interpretationem
1730 2685 1796 2707 vocis

1002 2712 1134 2744 ltebraicm,
1154 2712 1256 2745 arma},
1271 2714 1339 2744 quasi
1351 2712 1463 2738 videlicet
1483 2712 1613 2744 composita
1628 2713 1661 2738 sit
1672 2720 1703 2738 ex
1715 2716 1775 2754 ιγιω
1784 2734 1794 2746 ,

1002 2767 1082 2790 urere,
1096 2762 1122 2784 et
1132 2762 1171 2789 Πει
1185 2758 1225 2784 vel
1236 2761 1265 2789 ’Β
1276 2766 1310 2789 os,
1323 2759 1380 2784 oris.
1389 2760 1433 2784 Sed
1445 2760 1576 2791 Seraphim,
1588 2763 1615 2784 ut
1623 2766 1696 2785 nemo
1707 2760 1794 2788 nescit.

1002 2795 1088 2830 ignita:
1101 2795 1139 2819 vel
1152 2795 1232 2830 igneos
1241 2795 1383 2825 simpliciter
1390 2794 1516 2830 signiﬁmt.

1036 2826 1072 2857 (ὺ)
1089 2829 1144 2850 Haec
1155 2828 1251 2857 inversa
1262 2830 1332 2855 sunt;
1345 2832 1400 2850 nam
1412 2826 1437 2850 iu
1454 2826 1573 2857 Scriptura
1584 2832 1651 2850 sacra
1665 2826 1793 2857 primopm

1003 2855 1092 2882 nuntur
1105 2857 1149 2881 alae.
1161 2863 1215 2888 quis
1227 2856 1313 2881 faciem
1325 2860 1420 2888 tegunt,
1430 2855 1537 2882 secundo
1549 2856 1597 2881 illa:
1608 2855 1746 2888 quze’pedel
1757 2861 1796 2881 0c-

1004 2888 1105 2914 cultant.
