2068 3130
249 159 280 186 7i
584 156 614 184 ὃ.
633 153 771 184 ΙΟΛΝΝΙΞ
785 153 1022 183 CIIRYSOSTOMI
1042 175 1045 181 λ

1098 153 1200 182 IHIBP.
1220 153 1486 182 CONSTANTINOP.
1855 157 1889 183 73

247 216 300 252 jam
316 214 385 248 dixi,
407 213 555 242 infirmitati
574 213 738 240 audientium
751 219 781 240 se
794 215 974 247 attemperans
984 231 993 245 ,
1008 211 1042 239 ab

249 261 291 294 iis,
309 268 421 296 quorum
433 267 545 295 capaces
556 263 642 291 erant,
658 262 775 286 mentem
791 264 883 285 eorum
895 257 989 284 erexit.
1005 256 1043 284 Ac

247 315 356 335 rursum
379 306 437 341 ejus
459 306 586 333 auxilium
611 309 638 333 et
663 304 832 332 securitatem
855 302 917 330 inde
939 307 1041 338 partam

248 353 376 383 exhibere
388 352 481 380 volens
493 373 501 385 ,
517 350 610 378 iisdem
624 350 706 378 utitur
718 349 816 381 verbis,
830 348 869 376 sic
882 346 974 375 dicebs
988 357 991 371 τ
1008 347 1042 374 In

249 399 339 426 umbra
352 399 451 425 alarum
465 402 566 424 tuarum
580 401 693 431 proteget
710 403 749 422 me
766 393 851 430 (Ρςαι.
867 393 911 421 16.
924 393 963 428 8).
985 393 1043 421 Hoc

247 450 337 472 autem
352 444 411 472 loco
426 451 478 470 non
491 442 680 470 sublimitatem
695 440 782 467 solum
800 439 857 474 ejus
870 446 902 466 ac
914 438 1042 466 velocita-

249 498 303 520 tem
319 499 366 527 per
378 490 435 518 alas
446 489 612 521 subindicat;
627 487 673 515 sed
686 491 713 514 et
724 485 794 513 aliud
808 485 942 520 quidpiam
954 484 1041 511 horri-

250 539 313 566 bile.
337 536 461 565 Ostendit
477 535 548 563 enim
561 556 568 568 ,
583 533 687 561 etiamsi
708 532 733 560 id
752 532 823 567 quod
835 531 974 558 videbatur
993 538 1042 566 per

249 585 497 620 attemperationem
507 586 588 615 esset,
601 585 631 608 ut
642 587 735 608 revera
747 583 815 612 crat,
828 585 957 613 Supernas
969 581 1042 605 certe

249 635 413 668 potestates,
429 638 462 658 ne
479 629 530 657 hac
550 627 657 663 quidem
679 632 804 653 mensura
827 624 853 652 id
875 631 970 659 capere
992 631 1040 658 po-

250 678 344 705 tuisse.
359 675 425 704 Nam
437 674 507 710 quod
521 676 641 709 tegerent
656 671 747 707 pedes,
759 675 787 698 et
799 670 868 705 quod
885 670 947 697 item
961 669 1041 696 dorsa

248 723 379 755 velarent,
402 720 564 756 stupentium
579 722 652 750 erat,
674 722 701 745 et
717 717 886 744 trementium
899 714 1039 750 fulgorem,

220 775 223 779 ‘
249 776 300 796 nec
312 767 453 796 ferentium
466 765 636 801 splendorem
647 772 682 792 ex
695 763 761 791 solio
773 762 964 798 prosilientem.
978 759 1041 788 Ideo

250 816 355 850 object"
377 814 498 846 alarum,
522 820 572 839 ceu
595 810 709 846 quodam
733 810 850 844 pariete,
875 807 956 835 facies
978 814 1040 834 suas

249 860 459 891 obumbrabant;
472 859 498 886 id
510 857 580 893 quod
595 857 682 884 facere
697 855 814 882 solemus
824 858 869 881 aut.
882 853 980 880 tonitru
991 853 1040 880 de-

250 908 355 936 cidente
367 928 374 939 ,
389 911 435 934 aut
449 905 597 940 fulguribus
611 902 732 933 emissis,
749 908 842 928 versus
859 899 1040 934 pavimentum

250 962 299 982 nos
312 953 482 984 inclinantes,
498 951 548 978 hoc
559 954 587 977 et
600 949 652 976 illm
665 947 804 975 faciebant.

285 1000 419 1027 Anomazos
430 999 575 1024 insectatur.
589 1010 623 1016 --
637 994 713 1027 Quod
733 993 756 1020 si
775 992 926 1027 Seraphim,
939 998 1041 1026 magum

251 1047 302 1074 illa:
317 1045 504 1079 mirabilesque
521 1043 641 1073 virtutes,
654 1041 739 1068 Deum
751 1039 900 1071 sedentem,
923 1038 948 1065 in
962 1038 1039 1071 solio,

251 1093 370 1127 inquam,
384 1090 521 1118 sedentem
537 1088 595 1115 sine
610 1087 704 1114 limare
724 1085 815 1113 videre
835 1092 888 1112 non
908 1087 1040 1119 poterant,

253 1138 302 1166 sed
323 1141 351 1165 et
373 1136 454 1163 facies
468 1139 494 1162 et
507 1133 589 1169 pedes
602 1132 739 1161 volabant,
751 1128 811 1164 quis
825 1137 913 1158 sermo
937 1130 1041 1157 illorum

251 1183 382 1212 insaniam
396 1181 534 1208 declarare
547 1178 655 1214 poterit,
669 1177 715 1212 qui
729 1184 758 1204 se
772 1176 845 1204 clare
857 1176 942 1210 ipsum
959 1175 1042 1202 Deum

252 1236 332 1257 nosse
352 1228 455 1260 dicunt,
468 1230 496 1254 et
514 1225 558 1261 qui
579 1226 613 1252 de
626 1223 768 1253 immortali
782 1223 824 1250 illa
838 1222 983 1250 substantia
996 1229 1044 1249 cu-

252 1276 324 1303 riose
338 1273 511 1309 perquirunt?
527 1271 631 1298 Duabus
639 1269 796 1301 volabant,et
809 1268 960 1295 clamabant.
975 1267 1043 1302 Quid

253 1321 305 1349 hoc
326 1324 388 1353 est,
408 1318 550 1350 Volabant,
573 1321 601 1344 et
621 1316 684 1352 quid
707 1315 762 1342 vult
783 1314 950 1350 signiﬁcare?
971 1313 1044 1348 lpsas

253 1375 350 1402 nempe
359 1366 465 1394 assidue
478 1365 547 1398 circa
562 1365 644 1392 Deum
658 1371 727 1396 esse,
741 1369 792 1390 nec
803 1363 836 1389 ab
847 1362 894 1390 illo
907 1361 1041 1393 secedere,

252 1413 300 1441 sed
324 1413 392 1440 hanc
415 1412 468 1439 illis
490 1417 550 1438 esse
563 1409 670 1436 vivendi
690 1408 820 1435 rationem
833 1426 841 1440 ,
864 1410 894 1434 ut
916 1410 1044 1441 perpetuo

253 1461 339 1495 ipsum
353 1462 469 1489 canant,
484 1461 513 1484 ut
531 1463 638 1491 semper
658 1454 786 1490 Opiﬁeem
806 1461 884 1481 suum
897 1453 1044 1481 celebrent.

253 1506 312 1534 Non
323 1504 395 1532 enim
407 1503 484 1536 dixit,
498 1502 697 1534 Clamaverunt,
709 1500 767 1532 sed.
780 1498 937 1532 Clamabunt,
954 1499 980 1526 id
993 1502 1044 1531 est,

254 1553 305 1579 hoc
317 1544 444 1586 perpetuo
458 1549 556 1576 habent
566 1554 643 1582 opus.
665 1547 736 1574 Alter
748 1546 781 1573 ad
792 1545 900 1572 alterum
913 1566 920 1578 ,
933 1549 958 1572 et
977 1545 1045 1571 dice-

254 1596 333 1623 bant:
351 1595 472 1626 Sanctus,
483 1598 595 1625 sanctus,
608 1596 719 1619 sanctus.
745 1591 801 1619 Hoc
815 1591 972 1618 concinnam
986 1598 1046 1617 mo-

253 1640 423 1674 dulatamque
438 1646 530 1666 eorum
553 1637 739 1675 symphoniam
761 1636 879 1668 indicat,
903 1635 1047 1670 laudesque

254 1692 350 1721 magno
371 1691 505 1711 consensu
525 1682 684 1710 celebratas.
714 1681 762 1708 llic
783 1681 898 1716 hymnus
920 1688 973 1708 non
989 1680 1046 1708 laus

255 1730 336 1758 modo
358 1735 409 1763 est,
433 1729 480 1756 sed
502 1728 582 1756 etiam
596 1727 737 1762 prophetia
753 1726 786 1753 de
799 1726 876 1754 bonis
890 1733 949 1761 quae
963 1729 1046 1753 totum

254 1775 347 1803 orbem
361 1778 522 1808 occttpatura
535 1777 608 1806 sunt,
624 1777 702 1807 atque
709 1772 789 1798 etiam
802 1771 954 1806 dogmatum
969 1778 1048 1798 accu—

255 1825 314 1848 rata
335 1819 484 1854 disciplina.
508 1817 562 1846 Cur
575 1822 664 1845 autem
685 1824 739 1844 non
761 1817 844 1844 semel
864 1816 1005 1849 dixerunt,
1021 1819 1049 1843 et

256 1870 406 1899 tacuerunt,
422 1872 509 1899 neque
522 1863 641 1891 secundo
653 1884 661 1896 ,
676 1867 703 1890 et
718 1867 810 1897 postea
822 1862 978 1895 desierunt,
1001 1861 1048 1889 sed

258 1912 366 1939 tertium
381 1911 459 1938 etiam
473 1909 652 1938 addiderunt?
668 1909 763 1936 Annon
787 1908 872 1942 palam
888 1911 929 1935 est
941 1907 966 1934 id
989 1907 1049 1934 ideo

256 1957 316 1985 illas
328 1956 424 1984 fecisse
435 1977 448 1993 ,ι
460 1960 488 1983 ut
506 1955 633 1991 hymnum
648 1954 774 1981 offerrent
789 1953 932 1980 Trinitatii
947 1952 1049 1980 Idcirco

257 2003 373 2031 Joannes
388 2002 414 2030 id
427 2002 460 2029 de
473 2002 540 2029 Filio
554 2001 653 2028 dictum
676 2000 756 2028 fuisse
769 2000 816 2033 ait,
839 1999 924 2027 Lucas
938 2007 1002 2026 vero
1016 1998 1049 2026 de

258 2050 371 2085 Spiritu,
387 2048 516 2084 propheta
531 2048 639 2075 demum
654 2046 688 2074 de
703 2047 793 2074 Patre.
818 2046 883 2079 Quae
904 2049 1050 2080 sequuntur

258 2101 346 2123 autem
358 2094 426 2122 hanc
436 2094 513 2122 nobis
524 2094 659 2120 insinuant
667 2092 835 2119 sententiam.
848 2091 912 2118 Post
922 2091 1049 2126 hymnum

259 2143 330 2170 cnim
343 2141 503 2169 addiderunt
520 2150 527 2167 :
545 2140 625 2167 Plena
641 2144 676 2166 est
696 2138 776 2166 omnis
796 2143 863 2165 terra
881 2138 963 2173 gloria
984 2137 1048 2172 ejus.

258 2188 288 2217 Id
312 2187 381 2223 quod
396 2192 529 2214 accurata:
542 2185 689 2220 prophetia:
702 2188 770 2217 erat,
784 2183 898 2210 futuram
912 2182 1050 2223 scientiam

259 2234 454 2270 prmnuntiant,
472 2239 610 2267 perquam
633 2231 772 2258 universus
796 2229 868 2256 orbis
894 2229 942 2256 Dei
966 2228 1050 2263 gloria

259 2280 378 2316 repletus
391 2284 434 2307 est
448 2287 454 2305 :
469 2286 530 2305 cum
544 2282 636 2305 contra
650 2277 725 2310 olim,
741 2280 768 2304 et
781 2284 840 2303 cum
856 2276 914 2303 haec
928 2276 1050 2304 diceren-

259 2331 314 2359 tur,
338 2333 391 2353 non
413 2324 493 2352 modo
505 2323 615 2358 reliqua:
629 2323 701 2350 orbis
718 2327 818 2358 partes,
841 2321 887 2349 sed
900 2321 980 2349 etiam
993 2321 1050 2356 ipsa

259 2372 410 2400 .ludteorum
433 2371 525 2406 regio,
551 2370 633 2397 multa
656 2369 791 2404 impietate
805 2368 892 2403 plena:
915 2372 1001 2399 erant,
1025 2371 1052 2395 et

259 2425 339 2446 nemo
353 2425 465 2452 usquam
480 2418 564 2444 Deum
586 2415 761 2451 gloriﬁcabat.
785 2415 926 2449 Testisque
940 2418 980 2441 est
995 2415 1051 2448 ipse

257 2465 391 2499 propheta
406 2464 496 2492 dicens
510 2472 518 2491 :
540 2463 650 2498 Propter
662 2470 704 2489 vos
723 2469 814 2489 nomen
836 2469 919 2488 nteant
934 2461 1052 2495 blasphe-

260 2516 344 2538 matur
354 2511 380 2537 in
395 2510 509 2546 gentibus
524 2509 600 2546 (leui.
613 2509 657 2536 ΒΞ.
673 2509 712 2544 5).
727 2507 900 2542 Quandonam
914 2507 994 2542 igitur
1007 2507 1052 2534 im-

261 2557 331 2590 pleta
343 2560 384 2583 est
397 2560 467 2583 terra
478 2555 560 2589 gloria
571 2554 647 2589 ejus?
657 2554 723 2581 Cum
737 2553 781 2581 hic
793 2553 907 2589 hymnus
918 2554 943 2580 in
955 2557 1052 2580 terram

259 2602 365 2629 delatus
386 2606 428 2628 est
439 2621 447 2634 ,
464 2600 638 2635 hominesque
661 2600 688 2627 in
704 2604 773 2627 terra
787 2598 865 2633 positi
878 2605 1051 2634 supernarum

259 2648 386 2675 virtutum
407 2647 491 2674 choro
512 2646 628 2682 adjuncti
653 2650 731 2678 sunt,
756 2652 888 2679 unamque
910 2644 1052 2672 melodiam

261 2694 421 2727 retulerunt,
435 2698 462 2721 et
474 2693 636 2728 conjunctim
651 2693 734 2720 Deum
745 2691 925 2719 celebrarunt.
940 2689 1015 2724 Quod
1029 2690 1052 2718 si

260 2739 370 2768 Judazus
385 2739 426 2766 his
439 2739 609 2774 impudenter
620 2738 750 2771 obsistat,
765 2737 863 2764 indicet
883 2737 1052 2771 quandonam

261 2785 348 2812 omnis
363 2789 433 2812 terra
443 2785 529 2819 gloria
542 2785 600 2819 ejus
612 2784 713 2818 repleta
727 2783 777 2815 sit;
792 2783 842 2810 hac
853 2790 947 2816 nempe
957 2782 1052 2816 gloria,

261 2837 320 2864 quae
334 2837 367 2857 ex
382 2830 534 2865 cognitione
548 2828 735 2865 proﬁciscitur.
749 2828 800 2856 Sed
812 2835 953 2861 numquam
964 2831 1054 2855 osten-

263 2875 342 2910 derit,
356 2876 460 2904 etiamsi
481 2876 631 2904 sexcenties
654 2874 845 2911 impudentiam
858 2881 932 2902 suam
947 2873 1052 2909 prodat.

1095 211 1122 238 4.
1139 211 1171 238 Et
1183 211 1303 238 eleuatum
1316 216 1352 239 est
1364 212 1556 247 aupcrliminare
1567 219 1582 238 α
1592 219 1660 245 voce,
1673 220 1722 246 qua
1735 212 1888 240 clamabant.

1096 256 1190 284 Vidisti
1213 258 1362 292 prophetiae
1376 257 1530 284 facilitatem
1544 277 1552 290 ,
1568 264 1611 284 res
1633 257 1704 292 ipsas
1727 258 1777 285 sibi
1797 263 1890 286 mutuo

1095 302 1277 330 cohaerentes?
1289 302 1354 329 Nam
1370 307 1430 337 post
1445 302 1516 329 hunc
1536 302 1663 337 hymnum
1675 323 1683 335 ,
1698 310 1758 330 cum
1779 303 1889 338 impleta

1095 353 1165 376 esset
1179 353 1248 377 terra
1261 349 1343 384 gloria
1355 349 1423 384 ejus,
1437 349 1547 377 Iudaica
1559 349 1648 376 omnia
1659 354 1808 385 cessarunt,
1817 351 1888 386 quod

1095 395 1181 430 ipsum
1196 396 1313 423 ostendit
1327 403 1374 430 per
1388 396 1519 423 elevatum
1533 396 1746 431 superlitninare.

1129 441 1156 468 ι.
1177 441 1233 468 Hoc
1247 442 1344 476 quippe
1358 442 1462 477 signum
1481 447 1539 469 erat
1556 442 1728 471 desolationis
1753 448 1780 472 et
1801 444 1888 472 eversi

1095 486 1202 520 templi;
1215 487 1315 522 templo
1330 492 1420 514 autem
1433 488 1467 515 de
1481 487 1571 516 medio
1584 488 1699 522 sublato,
1714 489 1765 516 alia
1781 489 1890 524 insuper

1094 533 1182 560 omnia
1193 539 1373 561 cessaverunt.
1386 534 1421 561 Ut
1430 540 1518 562 antem
1527 535 1614 562 discas
1622 535 1725 563 Novum
1733 536 1890 564 Testamen-

1094 581 1151 604 tum
1164 578 1305 614 abrogasse
1322 579 1414 613 Vetus,
1428 580 1449 606 A
1462 588 1529 612 voce,
1545 581 1639 615 inquit,
1655 581 1776 608 eleuatum
1792 587 1828 609 est
1842 591 1887 609 su-

1095 623 1271 658 perliminare;
1284 625 1309 652 id
1325 630 1375 658 est,
1390 633 1422 653 eo
1433 626 1504 660 quod
1520 625 1577 654 haec
1596 627 1753 661 glorificatio
1773 628 1890 656 advene-

1093 670 1137 701 rit,
1150 675 1178 697 ct
1190 672 1275 705 gratia
1289 670 1430 705 eﬂulserit,
1445 671 1582 706 gloriaque
1597 672 1679 700 effusa
1694 674 1729 700 sit
1743 681 1790 708 per
1802 678 1888 702 totum

1093 715 1196 749 orbem,
1214 716 1315 744 umbrat
1336 717 1471 751 dissipatis
1486 722 1557 744 sunt.
1573 717 1608 744 Et
1629 719 1718 746 domus
1739 720 1834 754 repleta
1852 725 1888 747 cu

1093 763 1175 797 fumo.
1199 762 1256 790 Hoc
1269 770 1374 798 quoque
1388 763 1453 790 mihi
1476 764 1579 791 videtur
1601 765 1705 800 signum
1727 773 1786 793 esse
1806 766 1888 794 futuri

1093 808 1151 842 ejus
1165 809 1270 841 excidii,
1284 809 1405 844 ignisque
1415 810 1557 842 barbarici,
1572 812 1784 847 atrocissimique
1796 813 1889 841 incen-

1093 852 1141 879 dii.
1157 853 1183 880 5.
1199 853 1232 880 Et
1247 853 1300 881 dixi
1310 862 1320 881 :
1333 854 1354 881 0
1365 863 1405 882 me
1415 855 1552 882 miserum!
1564 856 1623 890 quia
1637 862 1801 889 compunctus
1817 866 1885 891 sum,

1093 899 1151 933 quia
1166 899 1240 926 homo
1250 907 1307 926 cum
1321 900 1379 933 sim,
1393 905 1415 926 et
1430 900 1560 927 immunda
1574 900 1640 928 labia
1652 901 1764 934 habeam,
1781 903 1806 930 in
1832 912 1887 931 nte-

1094 944 1135 971 dio
1148 946 1237 980 populi
1247 947 1378 974 immunda
1392 947 1459 974 labia
1473 947 1586 974 [tabentis
1600 956 1645 983 ego
1659 947 1784 978 habito,et
1797 948 1886 976 Domi-

1093 999 1153 1017 num
1166 991 1280 1019 Sabaoth
1290 993 1298 1008 ί
1312 993 1362 1019 vidi
1382 992 1463 1020 oculis
1476 993 1547 1020 meis.
1565 993 1628 1021 Hazc
1643 993 1709 1021 visio
1729 995 1886 1029 prophetam

1094 1038 1232 1071 exterruit,
1249 1038 1436 1073 expergefecit,
1452 1039 1477 1066 in
1491 1046 1614 1074 magnam
1634 1039 1801 1067 formidinem
1823 1048 1888 1068 con-

1092 1081 1168 1116 jecit,
1178 1083 1211 1110 ad
1225 1083 1420 1111 confessionem
1434 1085 1557 1119 perpulit,
1566 1085 1691 1113 tilitatem
1703 1087 1815 1121 propria:
1825 1087 1888 1114 sub-

1095 1129 1199 1156 stantiae
1214 1133 1242 1156 ut
1259 1129 1354 1157 melius
1381 1135 1554 1165 cogttOsceret
1573 1130 1670 1158 effecit.
1689 1131 1766 1159 Tales
1790 1132 1888 1167 quippe

1094 1179 1158 1202 sunt
1170 1176 1254 1203 sancti
1270 1183 1380 1203 omnes:
1392 1176 1497 1211 quando
1516 1176 1610 1211 majori
1634 1177 1757 1204 fruuntur
1771 1176 1886 1210 honore,

1095 1224 1158 1249 tunc
1170 1222 1254 1257 magis
1267 1221 1448 1249 humiliantur.
1470 1222 1514 1250 Sic
1529 1227 1555 1250 et
1575 1222 1708 1250 Abraham
1722 1223 1805 1250 Deum
1823 1223 1889 1250 allo-

1095 1275 1190 1302 quens,
1207 1272 1306 1295 terram
1317 1272 1344 1295 et
1355 1268 1472 1296 cinerem
1487 1268 1603 1304 seipsum
1624 1269 1736 1296 vocabat
1750 1269 1826 1304 (Gen.
1842 1269 1886 1297 18.

1095 1316 1158 1350 27);
1173 1316 1211 1343 sic
1225 1320 1252 1343 et
1265 1316 1363 1343 Paulus
1386 1316 1492 1351 quando
1518 1316 1619 1343 visione
1641 1316 1685 1343 illa
1699 1316 1823 1351 dignatus
1835 1321 1888 1347 est,

1097 1367 1159 1389 tunc
1168 1362 1315 1390 abortivum
1329 1370 1358 1390 se
1372 1362 1518 1390 nominavit
1527 1362 1564 1398 (1.
1576 1362 1635 1390 Cor.
1651 1363 1746 1398 l5.8);
1763 1363 1795 1390 ita
1805 1368 1832 1390 et
1846 1363 1890 1390 hic

1097 1414 1126 1434 se
1153 1408 1278 1435 miserum
1298 1408 1444 1442 prmdicat,
1467 1408 1553 1443 primo
1573 1416 1606 1435 ex
1629 1413 1721 1435 natura
1745 1408 1853 1437 dicens:
1867 1408 1890 1435 0

1097 1461 1136 1480 me
1147 1453 1281 1480 miserum!
1290 1454 1349 1488 quia
1361 1458 1524 1488 compunctus
1534 1462 1599 1488 sum,
1610 1454 1668 1489 quia
1681 1454 1755 1481 homo
1761 1463 1816 1481 cum
1830 1455 1890 1486 sint;

1097 1499 1192 1527 deinde
1217 1499 1252 1526 ab
1273 1500 1355 1527 animi
1381 1500 1543 1532 conditione,
1566 1499 1600 1526 Et
1616 1500 1716 1534 impura
1741 1499 1810 1526 labia
1831 1507 1890 1526 cum

1097 1545 1211 1572 habeant.
1226 1546 1328 1581 lmpura
1342 1546 1410 1573 labia
1424 1553 1471 1573 sua
1486 1546 1598 1578 vocavit,
1613 1550 1641 1572 ut
1654 1553 1704 1580 ego
1719 1545 1851 1576 existimo,
1864 1548 1892 1576 in

1097 1591 1323 1626 comparationem
1338 1591 1411 1626 igniti
1425 1591 1479 1618 oris
1494 1591 1596 1618 illarum
1610 1598 1735 1626 purarum
1750 1591 1889 1623 virtutum,

1098 1642 1125 1664 et
1138 1637 1329 1664 accuratissimi
1340 1638 1410 1665 illius
1426 1637 1575 1665 ministerii.
1591 1636 1680 1672 Neque
1691 1637 1732 1665 hic
1746 1639 1830 1673 stetit,
1843 1637 1890 1664 sed

1099 1691 1147 1718 pro
1163 1687 1218 1710 toto
1232 1683 1328 1718 popttlo
1341 1683 1490 1716 conﬁtetur,
1501 1682 1558 1710 haec
1571 1682 1733 1717 subjungen;
1745 1690 1750 1708 :
1764 1682 1798 1708 In
1812 1683 1892 1710 medio

1100 1729 1188 1764 populi
1200 1729 1330 1756 immunda
1344 1729 1411 1756 labia
1422 1729 1535 1756 habentis
1545 1737 1590 1763 ego
1604 1729 1698 1756 habito.
1712 1728 1769 1762 Qua
1784 1735 1847 1755 vero
1858 1728 1893 1755 de

1099 1782 1178 1802 causa
1192 1775 1234 1802 hic
1250 1775 1318 1803 labia
1331 1775 1506 1802 criminatur?
1521 1774 1556 1802 Se
1571 1774 1663 1802 ﬁducia
1675 1774 1894 1810 loquendidesti-

1100 1825 1186 1848 tutum
1201 1821 1355 1849 ostendens.
1368 1821 1434 1848 Nam
1449 1825 1503 1848 tres
1517 1820 1553 1847 illi
1569 1820 1642 1855 pueri
1653 1820 1704 1847 hoc
1714 1821 1799 1855 ipsum
1809 1827 1893 1854 prope

1101 1867 1234 1900 dicebant,
1255 1874 1315 1894 cum
1336 1872 1425 1894 essent
1440 1867 1466 1894 in
1487 1866 1612 1893 fornace:
1627 1865 1688 1892 Non
1702 1865 1759 1892 licet
1774 1865 1844 1891 nobis
1864 1873 1893 1892 os

1100 1913 1198 1947 aperire
1213 1912 1292 1947 (Dan.
1305 1913 1332 1939 5.
1348 1911 1405 1948 58).
1426 1912 1459 1939 Et
1479 1918 1549 1938 nunc
1562 1911 1668 1946 quando
1688 1910 1848 1945 hymnorum
1866 1915 1895 1936 et

1101 1958 1209 1985 laudum
1225 1963 1328 1992 tempus
1340 1962 1408 1991 erat,
1430 1961 1458 1984 et
1476 1964 1606 1992 supernas
1626 1961 1772 1992 potestates
1786 1955 1895 1983 videbat

1102 2004 1153 2032 hoc
1164 2008 1282 2039 agentes,
1294 2004 1354 2038 jure
1372 2004 1405 2031 ad
1426 2003 1494 2031 labia
1513 2010 1663 2031 sermonem
1679 2001 1818 2033 convertit,
1835 2009 1896 2036 qua:

1101 2052 1216 2078 maxime
1233 2051 1266 2077 ad
1286 2051 1338 2078 hoc
1356 2050 1471 2077 officium
1491 2054 1628 2077 vocantur.
1643 2048 1742 2075 Verum
1756 2046 1824 2074 labia
1845 2055 1895 2074 sua

1102 2096 1162 2124 ideo
1177 2096 1311 2123 itnmunda
1333 2096 1453 2128 vocavit;
1476 2095 1565 2130 populi
1583 2101 1648 2121 vero
1663 2094 1730 2121 labia
1750 2100 1803 2120 non
1820 2093 1894 2125 item,

1102 2143 1148 2171 sed
1163 2144 1224 2178 quia
1239 2143 1376 2178 iniquitate
1390 2142 1472 2170 multa
1485 2141 1579 2176 repleti
1593 2145 1679 2168 erant.
1694 2140 1727 2166 Et
1736 2139 1830 2174 Regem
1840 2138 1896 2164 Do-

1102 2190 1200 2217 minum
1217 2190 1267 2217 vidi
1282 2189 1361 2216 oculis
1375 2189 1448 2216 meis.
1464 2188 1526 2215 ldeo
1544 2194 1622 2222 gemo
1642 2190 1670 2213 et
1691 2186 1777 2221 lugeo,
1799 2185 1893 2219 inquit,

1102 2236 1172 2272 quod
1184 2235 1306 2270 indignus
1317 2235 1378 2262 licet
1390 2239 1491 2261 tantum
1503 2233 1631 2260 honorem
1642 2232 1692 2259 sim
1703 2234 1895 2266 consequutus,

1102 2282 1148 2317 qui
1164 2289 1251 2309 meam
1262 2281 1417 2316 dignitatem
1429 2283 1546 2315 superat,
1560 2286 1699 2313 meamque
1712 2282 1832 2304 naturam
1846 2284 1898 2303 ex—

1102 2327 1184 2354 cedit.
1198 2327 1264 2354 Cum
1278 2331 1366 2354 autem
1380 2325 1453 2358 dicit,
1469 2325 1534 2358 Vidi,
1546 2332 1579 2351 ne
1586 2329 1707 2351 exactam
1719 2322 1898 2358 cognitionem

1104 2377 1190 2408 putes,
1207 2372 1254 2400 sed
1268 2380 1327 2400 eam
1341 2372 1417 2406 cujus
1429 2371 1471 2398 ille
1484 2378 1567 2405 capax
1583 2374 1650 2397 erat.

1139 2419 1310 2454 Confessionis
1325 2419 1422 2445 lucrum
1440 2421 1571 2452 quantum.
1583 2431 1618 2435 —
1632 2415 1670 2443 Ac
1685 2413 1839 2442 consideres
1855 2420 1900 2440 vc-

1104 2465 1150 2492 lim
1165 2469 1292 2500 quantum
1307 2465 1341 2492 sit
1355 2463 1529 2492 confessionis
1542 2462 1655 2490 lucrum.
1674 2461 1797 2495 Scipsum
1821 2467 1901 2486 accu-

1104 2511 1181 2544 savit,
1195 2515 1221 2538 et
1232 2511 1320 2538 statim
1334 2510 1477 2537 mundatus
1500 2513 1550 2536 est.
1567 2507 1634 2541 Quia
1653 2507 1724 2534 enim
1739 2506 1796 2532 hcce
1813 2505 1897 2531 verba

1104 2558 1260 2593 protulerat,
1276 2558 1301 2585 6.
1317 2557 1411 2584 Missus
1421 2557 1503 2584 estad
1519 2563 1567 2588 me,
1584 2554 1679 2589 inquit,
1694 2561 1759 2580 unus
1772 2560 1803 2578 ea:
1816 2551 1896 2578 Sera-

1105 2604 1185 2639 phim,
1202 2608 1224 2630 et
1238 2603 1265 2630 in
1278 2611 1354 2630 manu
1367 2611 1413 2629 sua
1432 2601 1535 2628 habebat
1549 2600 1691 2633 carbonem,
1708 2606 1780 2633 quem
1794 2605 1898 2631 accepe-

1104 2654 1144 2676 rat
1156 2649 1252 2685 forcipe
1265 2649 1296 2676 de
1307 2648 1392 2675 altari.
1404 2649 1429 2674 7.
1441 2647 1472 2674 Et
1483 2647 1595 2681 tetigitos
1605 2653 1696 2677 meum,
1710 2649 1733 2671 et
1744 2643 1807 2670 dicit
1817 2642 1900 2670 :Ecce

1106 2695 1183 2730 tetigit
1198 2695 1250 2721 haec
1270 2693 1337 2720 labia
1349 2697 1402 2726 tua,
1417 2697 1440 2719 et
1454 2693 1549 2726 auferet
1562 2691 1704 2725 iniquitates
1724 2694 1791 2721 tuas,
1806 2691 1831 2714 et
1840 2695 1899 2723 pec-

1105 2746 1162 2767 cata
1175 2745 1218 2767 tua
1230 2739 1356 2774 purgabit.
1371 2738 1483 2772 Quidam
1495 2738 1587 2764 dicunt
1608 2736 1670 2771 haec,
1681 2735 1831 2762 futurorum
1843 2742 1901 2770 my-

1106 2787 1247 2815 steriorum
1260 2786 1381 2822 symbola
1392 2793 1468 2814 esse:
1484 2785 1568 2813 altare
1582 2791 1689 2819 nempe,
1705 2784 1792 2818 ignem
1805 2790 1900 2818 snper-

1140 2878 1148 2893 ¹
1168 2876 1195 2902 In
1207 2875 1289 2901 Bibliis
1296 2874 1396 2908 legitur,
1410 2878 1494 2908 Reqem
1507 2873 1634 2900 Dominum
1645 2872 1755 2898 Sabaoth.
