2068 3130
206 135 240 162 73
519 163 522 165 _
845 130 878 157 IN
899 128 996 156 lSAlAi

1049 127 1117 155 CAP.
1139 126 1182 154 Vl.
1808 127 1843 157 74

206 192 330 228 positum,
357 191 484 218 virtutem
509 190 713 221 ministrantem,
735 187 804 222 qttod
825 187 948 214 admotus
964 186 998 212 sit

205 239 255 268 ori,
273 236 342 271 quod
357 237 389 263 ad
406 236 587 271 purgationem
603 239 787 269 peccatorum:
802 240 848 260 nos
860 237 947 258 autem
959 232 999 258 in.

207 285 281 310 terim
297 283 415 310 historia:
435 283 576 313 haeremus,
592 288 623 307 ac
636 280 757 313 dicimus,
772 279 846 313 cujus
861 279 898 306 rei
919 284 997 305 causa

207 329 256 355 huc
272 329 367 355 faettnn
379 329 423 355 sit.
439 327 582 355 Mittendus
596 331 637 353 est
655 325 687 352 ad
703 325 826 360 populum
848 323 996 356 Iudaicum,

208 375 334 402 terribilia
350 374 471 410 qumdam
486 378 512 401 et
532 372 695 401 intoleranda
711 371 925 398 annuntiaturus.
940 371 999 397 Mit-

206 425 297 447 tuntttr
308 427 370 455 ergo
379 419 529 454 Serapbitn,
541 425 567 446 ut
578 427 638 445 etnn
648 419 743 445 timore
750 417 828 444 simul
838 422 864 443 et
874 417 996 451 loquendi

206 466 299 493 ﬁducia
310 466 446 499 impleant.
456 465 494 492 Ac
503 473 536 491 ne
545 464 681 499 ubjicerct,
696 462 917 498 quemadmodum
927 463 999 498 Moy—

206 520 259 544 ses,
275 519 304 539 se
318 512 416 539 exilem
429 519 520 538 vocem
535 510 633 537 ltabere
646 509 741 544 (Itirod.
756 509 781 536 4.
799 508 855 544 10),
868 513 894 536 et
908 513 936 536 ut
953 509 999 536 .lc—

207 557 313 589 retnias,
329 557 498 592 sejuniorem
512 563 571 583 esse
584 554 648 591 (Jrr.
664 556 688 581 1.
701 553 740 590 6),
756 554 794 581 sic
803 559 827 582 ct
843 556 935 589 ipsese
950 554 999 580 1111-

206 603 303 630 munda
318 603 385 629 labia
398 602 495 629 habere
509 622 515 633 ,
531 609 583 628 ttott
596 608 672 635 posse
691 600 768 627 dictis
781 600 941 633 ministrare,
954 608 999 627 ve—

207 650 282 676 niunt
291 648 430 683 Seraphim
441 652 467 674 ut
477 651 623 682 expurgem
632 646 688 680 ejus
696 650 813 680 peccata,
830 654 881 673 tton
893 647 997 680 propria

207 695 304 721 virtute
319 695 381 727 (hoc
393 694 463 720 enim
478 698 519 720 est
535 692 620 719 solum
635 691 729 723 Patris,
751 696 777 718 et
791 691 859 721 Filii.
878 696 906 718 et
917 691 1000 726 Spiri—

208 746 250 767 tus
260 741 367 774 sancti).
380 740 426 767 sed
447 739 533 773 jussu,
557 743 582 765 et
605 738 757 765 admotione
772 738 926 765 carbonum.
941 737 997 764 Non

206 787 277 812 enim
290 786 365 818 dixit,
383 785 452 812 Ecce
467 785 585 811 auferam
599 791 657 818 ego,
676 783 734 815 sed,
750 783 815 810 Ecce
835 785 882 810 hoc
903 785 999 818 auferet

208 832 352 866 iniquitates
366 836 432 863 tuas,
447 835 470 857 et
484 835 585 864 peccata
601 835 643 856 tua
657 830 783 864 purgabit,
800 833 908 864 propter
925 837 999 856 matt-

206 877 297 904 datutn
313 876 452 904 mittentis.
463 876 517 903 Cur
524 881 612 903 autem
627 875 727 910 forcipe
737 875 875 910 Seraphim
890 882 1000 910 accepe-

208 928 270 950 runt
284 923 444 950 carbonem?
467 923 556 958 Neque
575 923 644 950 enim
667 923 823 958 incurporea
843 923 926 950 virtus
942 931 1000 950 car-

207 969 320 995 bonibus
334 968 373 995 uri
389 972 500 1003 poterat.
513 967 565 995 Cur
576 968 632 996 inre
645 968 711 995 facta
725 968 805 995 sunt?
820 968 869 996 Per
877 976 998 1003 magnam

208 1013 409 1047 indulgentiam.
426 1013 538 1048 Ideoque
552 1021 584 1041 ex
610 1013 686 1040 altari
711 1014 817 1048 accipit,
841 1014 885 1041 ubi
905 1014 1000 1041 hostia:

209 1058 384 1086 effert-bantur
393 1059 610 1094 expiationesque
622 1064 800 1094 peccatorum.
813 1059 886 1093 Quod
896 1061 916 1086 si
926 1059 1000 1087 dixe-

208 1107 261 1132 ris:
277 1105 414 1139 Quomodo
428 1113 458 1132 os
481 1106 616 1140 prophetae
638 1113 689 1133 non
704 1105 827 1133 adustum
850 1106 907 1133 est?
921 1106 1000 1134 Certe

208 1153 267 1186 quia
286 1151 310 1178 id
324 1151 393 1186 quod
408 1152 614 1186 apparebatnon
624 1157 682 1179 erat
695 1153 763 1187 ignis
774 1152 921 1184 sensibilis;
934 1153 999 1180 alias

208 1205 281 1228 vero,
295 1205 356 1224 cum
368 1197 502 1231 quidpiam
516 1198 584 1225 Deus
598 1203 734 1233 operatur,
749 1206 782 1225 ne
793 1198 899 1226 curiose
913 1198 999 1233 inqui-

208 1249 250 1269 ras
265 1242 304 1268 vel
318 1243 455 1269 scrtueris.

244 1287 270 1314 5.
288 1287 391 1314 Etenim
407 1288 504 1315 ardens
517 1292 544 1316 et
556 1289 689 1316 settsibilis
704 1289 771 1324 ignis
783 1289 938 1324 corporibus
952 1290 998 1317 ad-

208 1338 295 1360 motus
305 1355 312 1366 ,
327 1342 356 1360 ea
372 1342 425 1361 non
444 1334 532 1362 effecit
545 1343 604 1370 qua:
621 1341 774 1371 competunt
790 1337 842 1372 igni
857 1337 904 1373 (a).
923 1337 998 1370 Quod

206 1379 228 1406 si
247 1379 290 1406 ubi
312 1383 445 1406 sarmenta
457 1400 465 1413 ,
482 1384 510 1407 et
527 1380 569 1415 pix
581 1401 588 1413 ,
611 1380 716 1408 flamma
733 1382 848 1416 propriae
862 1382 944 1409 oblita
958 1387 999 1410 est

207 1429 309 1452 natura:
321 1445 328 1457 ,
343 1425 405 1460 qttid
422 1426 561 1455 miraris,si
578 1434 647 1453 nunc
662 1427 687 1454 in
704 1432 757 1454 tam
772 1428 903 1462 stupende
915 1435 977 1455 casu
988 1449 996 1461 ,

207 1471 249 1497 bie
264 1471 330 1505 ignis
346 1471 512 1505 purgaverit,
529 1478 576 1498 nec
591 1471 741 1499 adttsserit?
755 1472 781 1500 8.
803 1472 834 1499 Et
857 1473 941 1499 a'udivi
955 1481 998 1499 vo-

206 1524 257 1543 cent
273 1516 373 1542 Domini
387 1516 491 1543 dicentis
505 1524 513 1542 :
527 1517 606 1548 Quem
621 1518 726 1550 mittant,
743 1522 765 1544 et
779 1518 834 1552 quis
848 1518 891 1544 ibit
905 1519 938 1544 ad
953 1527 999 1553 po-

207 1564 293 1597 pulum
305 1562 390 1588 Intnc?
403 1562 493 1589 Viden‘
506 1567 633 1597 quantum
647 1563 773 1598 profuerit
784 1563 859 1596 visio,
873 1569 996 1598 quantam

206 1616 260 1634 rent
276 1608 416 1643 perfecerit.
430 1609 526 1635 timor?
540 1608 614 1636 Licet
631 1609 680 1636 sub
701 1609 789 1644 Moyse
806 1610 939 1644 quidpiam
958 1611 996 1637 si-

206 1653 268 1680 tnile
277 1659 379 1688 gestum
393 1654 426 1680 sit
439 1662 445 1680 :
457 1654 507 1681 etsi
518 1655 587 1681 enim
601 1654 739 1689 Seraphin]
752 1662 802 1681 non
815 1657 994 1690 apparuerint,

206 1707 254 1726 nec
269 1700 337 1726 Deus
355 1700 381 1726 in
395 1701 462 1727 solio
483 1700 595 1733 sedens;
613 1705 730 1728 attatnen
748 1701 818 1728 aliud
837 1702 995 1737 stupendum

205 1746 385 1780 Spectaculum
400 1751 462 1773 tunc
474 1747 609 1781 propheta:
622 1747 769 1775 exhibitum
780 1753 831 1780 est,
843 1752 996 1784 tantumque

205 1796 233 1817 ut
243 1799 321 1818 nemo
334 1791 359 1818 111
374 1791 437 1819 1111111
449 1792 583 1826 respicere
596 1794 688 1827 possit.
703 1793 789 1821 Rubus
799 1794 870 1821 enim
882 1794 995 1828 ardebat,

205 1837 306 1872 inquit,
327 1843 350 1864 et
371 1846 421 1864 non
440 1838 629 1866 contburebatur
644 1838 746 1875 (Exod.
767 1841 793 1867 5.
808 1840 854 1874 2).
871 1841 995 1868 Attamen

204 1883 282 1909 etiam
299 1888 357 1917 post
376 1883 437 1915 illa,
452 1888 552 1918 etpost
570 1885 679 1912 multam
698 1885 745 1912 Dei
766 1885 995 1919 adhortationem,

205 1929 348 1956 reluctatur
360 1934 446 1957 tamen
462 1930 566 1965 Moyses
579 1931 625 1958 ille
639 1939 760 1966 magnus,
774 1932 950 1966 causiﬁcalur,
963 1941 995 1961 ae

203 1981 343 2002 Sexcentas
355 1977 488 2011 excogitat
505 1977 643 2004 recusandi
657 1985 750 2005 causas
764 1977 854 2006 dicens
867 1987 873 2004 :
887 1977 994 2006 Gracilis

203 2021 269 2047 vocis
282 2030 348 2054 sunt,
361 2027 384 2049 et
399 2022 484 2058 lingua
500 2024 586 2050 tardus
600 2023 697 2058 (Exod.
712 2023 738 2050 4.
755 2024 798 2051 10.
814 2025 877 2059 13);
892 2029 927 2058 et,
943 2024 994 2051 De-

203 2067 252 2101 ltge
265 2072 291 2093 tu
304 2068 396 2101 alium,
411 2077 483 2103 quem
498 2070 580 2096 mittas
596 2069 662 2105 (Jer.
679 2071 703 2097 1.
719 2070 772 2106 16).
787 2071 916 2098 Jcremias
931 2078 993 2097 vero

202 2117 309 2139 nztatem
325 2118 442 2140 teneram
457 2115 586 2142 obtendit.
609 2115 732 2143 Ezechiel
750 2120 837 2144 autem
854 2121 993 2151 postquam

202 2159 292 2191 jussus
311 2157 395 2185 fuerat
407 2179 413 2190 ,
428 2165 530 2193 septem
550 2160 641 2187 diebus
657 2162 726 2187 circa
741 2161 838 2188 flumen
856 2166 992 2194 versatur,

204 2203 338 2230 reluctans
351 2210 377 2230 et
391 2205 578 2239 tergiversans.
594 2205 655 2233 Ideo
670 2206 821 2241 parabolatn
840 2206 910 2233 illam
926 2207 994 2233 Deus

203 2248 302 2282 adjecit
314 2249 404 2276 dicens
418 2258 424 2276 :
440 2249 629 2284 Speculatorem
642 2255 664 2277 te
677 2251 734 2277 dedi
747 2251 832 2277 domui
844 2250 928 2278 Israel
936 2259 944 2283 ;
955 2257 992 2282 et.

203 2294 322 2320 Animam
341 2302 426 2321 eorum
445 2295 476 2321 de
492 2303 567 2322 manu
581 2300 624 2322 tua
639 2296 764 2329 requirant
779 2296 888 2331 (Ezcc/t.
906 2296 932 2323 5.
951 2297 991 2323 17.

205 2339 261 2374 18).
277 2339 358 2367 Jonas
373 2344 460 2367 autem
475 2348 527 2368 non
541 2342 620 2368 modo
634 2341 776 2374 recusavit,
792 2341 839 2368 sed
853 2341 932 2369 etiam
947 2350 994 2368 au-

204 2386 280 2420 fugit.
301 2386 368 2418 Quid
391 2387 488 2420 igitur?
510 2387 668 2414 audaciorne
688 2387 811 2414 omnibus
829 2387 878 2414 fuit
895 2387 992 2420 lsaius,

204 2436 335 2466 eLamque
353 2439 448 2466 magno
465 2432 511 2459 illo
525 2432 636 2468 Moyse?
651 2433 714 2466 Quis
737 2433 793 2460 lucc
812 2433 928 2460 dixerit?
941 2434 994 2461 Cur

203 2485 267 2512 ergo
280 2478 324 2505 ille
334 2479 424 2512 jussus
437 2478 625 2512 reluctabatur,
639 2479 680 2507 hic
693 2487 756 2507 vero
771 2488 821 2506 non
837 2485 927 2514 aperte
938 2480 995 2514 jus-

203 2530 264 2555 sus,
282 2524 399 2551 insiliens
419 2530 517 2560 praesto
535 2525 602 2552 fuit?
615 2525 705 2560 Neque
719 2525 788 2552 enim
802 2525 880 2558 dixit,
898 2525 971 2553 Vade
986 2535 992 2553 :

205 2568 250 2595 sed
266 2569 319 2596 Deo
334 2570 438 2597 dicente
450 2591 457 2602 ,
473 2570 551 2602 Quem
564 2571 682 2598 mittam?
693 2571 796 2606 jussum
811 2571 855 2598 ille
870 2571 994 2607 abripuit.

205 2615 316 2648 Quidam
328 2622 401 2644 certe
411 2616 511 2648 dicunt,
525 2625 595 2650 eum,
611 2618 669 2652 quia
685 2623 848 2652 peccaverat,
861 2618 930 2652 quod
942 2625 994 2644 non

205 2662 417 2696 reprehendisset
435 2662 542 2696 Oziam,
558 2664 603 2699 qui
626 2665 652 2691 in
673 2664 750 2699 adyta
771 2672 799 2692 se
819 2665 996 2692 intromittere

205 2715 285 2735 ausus
297 2715 348 2740 est,
362 2714 390 2735 ut
403 2709 436 2735 de
452 2709 497 2736 illo
512 2715 619 2744 peccato
635 2718 694 2738 sese
707 2715 830 2746 purgaret
844 2718 890 2745 per
902 2711 995 2738 alacri-

205 2757 284 2780 tatem
297 2753 466 2786 obedientize,
480 2755 567 2781 statim
580 2756 712 2789 insiliisse,
727 2761 755 2783 ut
772 2757 853 2784 Deutn
868 2757 994 2791 placaret.

205 2850 219 2874 ἁ
236 2819 284 2876 (12⁸
289 2824 342 2846 Haec
353 2824 466 2852 spectant
477 2821 506 2846 ad
519 2825 569 2846 tros
580 2827 669 2853 [ueros
679 2825 705 2847 ct
713 2821 742 2847 ad
754 2822 875 2848 fornacem
886 2823 948 2853 ignis
957 2828 996 2847 ar-

220 2857 254 2876 cu

220 2857 290 2880 eous.

1053 183 1152 212 Idcirco
1167 185 1237 212 enim
1251 185 1352 220 impura
1366 192 1425 213 esse
1439 185 1508 214 labia
1520 194 1568 214 sua
1579 186 1693 220 dicebat,
1704 187 1774 222 quod
1788 195 1842 216 nou

1050 230 1173 258 libertate
1193 231 1316 265 loquendi
1330 239 1393 259 usus
1405 237 1487 259 esset.
1500 233 1535 260 At
1549 239 1594 260 eos
1609 233 1652 267 qui
1674 233 1734 260 talia
1749 234 1843 262 dicunt

1050 275 1121 304 ferre
1140 285 1191 303 non
1213 278 1310 311 possim
1327 286 1333 304 :
1351 285 1411 304 nam
1425 278 1477 305 fide
1489 278 1594 313 dignior
1609 278 1661 306 illis
1674 285 1713 306 est
1728 279 1840 312 Paulus.

1051 322 1095 357 qui
1116 323 1242 350 audacem
1264 323 1336 350 illum
1355 329 1429 351 vocat
1448 328 1475 351 et
1493 325 1548 358 ait,
1565 325 1648 351 Isaias
1661 332 1717 352 vero
1729 325 1804 352 audet
1819 330 1843 352 et

1051 368 1112 394 dicit
1125 368 1210 403 (Rom.
1225 370 1267 396 10.
1280 369 1338 404 ΞΟ).
1353 369 1414 397 ldeo
1428 370 1506 405 igitur
1517 378 1569 398 non
1581 379 1614 398 ex
1627 372 1760 399 communi
1773 372 1841 407 lege,

1052 418 1080 440 ut
1100 414 1172 441 aiunt
1185 435 1192 446 ,
1214 419 1325 442 mortem
1347 416 1431 449 obiit,
1446 416 1492 443 sed
1512 417 1698 451 gravissimum
1717 416 1844 445 sustinuit

1051 460 1207 494 supplicium
1223 461 1259 495 (a)
1272 482 1278 493 ,
1299 461 1397 488 .lnda-is
1417 462 1473 497 ejus
1488 462 1610 497 loquendi
1626 463 1773 490 libertatem
1790 472 1842 492 nun

1052 504 1205 532 fcrentibus.
1224 506 1324 534 Prmter
1338 507 1394 534 ha‘c
1407 513 1494 535 autem
1512 508 1647 543 Scriptura
1661 516 1788 544 nusquam
1803 509 1843 536 di-

1051 550 1102 582 cit,
1119 551 1203 585 ipsum
1219 557 1375 585 pra‘scntetn
1391 552 1488 585 fuisse,
1503 558 1530 580 et
1549 559 1706 588 prtesentem
1722 554 1841 585 siluisse.

1051 595 1156 629 quando
1170 596 1247 623 Ozias
1269 597 1310 624 illa
1329 599 1468 626 attentavit
1482 608 1488 625 :
1503 599 1549 626 sed
1569 600 1612 633 qui
1629 599 1685 626 Inec
1704 599 1844 634 proferunt

1051 650 1083 668 ex
1098 643 1193 677 seipsis
1209 643 1269 670 talia
1285 645 1439 678 conjiciunt.
1460 646 1526 679 Quid
1547 654 1611 681 ergo
1625 646 1766 673 dicendum
1781 646 1843 674 est?

1051 687 1107 714 Non
1123 695 1183 715 esse
1203 696 1291 722 parem
1308 689 1405 725 illoysis
1418 696 1444 718 et
1461 691 1537 726 hujus
1552 692 1692 719 rationem.
1710 692 1756 720 lile
1771 693 1842 719 enim

1052 733 1076 758 in
1092 733 1205 760 alienant
1220 738 1247 761 et
1266 734 1404 762 barbaram
1419 740 1516 763 terram
1532 738 1698 767 mittebatur.
1713 744 1738 766 et
1753 739 1786 765 ad
1800 743 1843 773 ty-

1052 787 1165 806 rannum
1186 779 1332 813 furentem,
1355 781 1584 817 insanientemque
1600 791 1630 811 ac
1644 783 1784 817 rabidum;
1800 784 1844 811 hic

1052 832 1115 852 vero
1128 825 1160 852 ad
1176 834 1253 857 suos.
1269 827 1312 861 qui
1327 834 1356 854 se
1370 835 1440 862 εει-βε
1454 829 1591 856 audierant
1601 851 1608 862 ,
1622 831 1759 865 multoque
1775 835 1843 858 tent-

1052 877 1116 904 pore
1130 871 1239 898 instituti
1254 871 1359 899 fuerant
1375 882 1380 899 :
1396 881 1481 908 neque
1495 876 1564 908 paris
1577 880 1634 902 erat
1646 877 1803 903 constantia:
1817 877 1844 904 in

1053 916 1098 943 illo
1110 921 1136 943 et
1148 917 1173 943 in
1187 916 1237 944 hoc
1248 925 1309 944 casu
1321 919 1440 953 obsequi.
1454 920 1566 953 Quidam
1580 929 1660 956 porro
1671 922 1761 949 dicunt
1772 922 1843 949 aliud

1051 961 1184 996 quidpiam
1201 967 1300 990 tantam
1314 964 1350 990 illi
1367 964 1494 992 indidisse
1506 966 1678 994 alacritatem.
1691 967 1756 1001 Quia
1771 968 1842 995 enim

1052 1015 1099 1042 pro
1114 1016 1142 1035 sc
1156 1013 1183 1035 et
1197 1010 1294 1044 populo
1314 1011 1452 1039 confessus
1471 1018 1545 1045 erat,
1561 1019 1588 1041 et
1602 1015 1741 1050 Seraphim
1761 1015 1794 1042 ad
1812 1023 1844 1043 se

1052 1055 1119 1082 mitti
1135 1055 1247 1088 viderat,
1262 1065 1320 1092 qua:
1337 1058 1403 1085 labia
1418 1066 1463 1086 sua
1479 1065 1666 1095 expurgarent,
1678 1069 1738 1088 cum
1752 1069 1845 1096 spera-

1052 1105 1091 1127 ret
1110 1101 1202 1128 cadetn
1224 1102 1278 1137 ipsa
1300 1104 1398 1138 popqu
1411 1109 1536 1132 eventura
1552 1113 1611 1133 esse
1624 1127 1630 1138 ,
1644 1113 1725 1142 seque
1738 1107 1770 1133 ad
1786 1107 1843 1134 haec

1051 1147 1230 1174 annuntianda
1254 1148 1385 1176 abiturum
1409 1158 1484 1183 esse,
1509 1151 1633 1179 alacriter
1655 1153 1752 1180 dictum
1777 1153 1843 1180 illud

1050 1192 1178 1226 rapuisse.
1195 1193 1283 1220 Sancti
1294 1194 1365 1221 enim
1380 1200 1408 1222 ttt
1429 1195 1473 1222 Dei
1494 1202 1613 1224 amantes
1627 1203 1718 1228 erant.
1735 1198 1769 1225 ita
1784 1199 1843 1233 plus

1051 1244 1129 1271 quam
1149 1238 1193 1265 alii
1214 1246 1308 1267 omnes
1331 1240 1454 1268 homines
1476 1243 1600 1276 populum
1622 1244 1754 1271 amabant.
1775 1244 1841 1272 Cum

1051 1288 1171 1316 speraret
1186 1283 1264 1318 igitur
1278 1292 1307 1312 se
1322 1286 1452 1313 malorum
1467 1287 1608 1321 quamdam
1622 1289 1781 1317 solutionem
1792 1298 1842 1318 an-

1051 1329 1233 1357 nuntiaturum
1248 1338 1318 1364 esse,
1326 1332 1379 1359 cito
1393 1332 1511 1366 insilivil,
1526 1338 1552 1361 et
1563 1334 1599 1361 ait
1614 1343 1620 1362 :
1635 1334 1701 1362 Ecce
1713 1345 1759 1371 ego
1773 1345 1840 1368 sum,

1050 1374 1119 1401 mitte
1137 1383 1184 1401 me.
1206 1375 1279 1403 Alias
1298 1384 1362 1404 vero
1381 1378 1496 1405 animam
1516 1379 1548 1406 ad
1569 1380 1685 1414 pericula
1705 1382 1842 1410 subeunda

1049 1419 1125 1447 valde
1148 1428 1306 1456 propensam
1331 1421 1445 1450 habebat
1469 1432 1474 1450 :
1497 1424 1635 1459 ipsumque
1658 1425 1693 1452 ita
1717 1426 1842 1454 allectum

1051 1466 1130 1494 fuisse
1151 1475 1198 1502 per
1221 1471 1301 1495 totatn
1321 1470 1379 1503 ejus
1397 1471 1562 1504 prophetiam
1580 1471 1740 1500 declaratur.
1762 1473 1843 1501 Post—

1049 1521 1126 1548 quam
1142 1522 1206 1549 ergo
1221 1515 1378 1550 promiserat
1393 1524 1421 1544 se
1436 1517 1578 1550 abitttrum,
1593 1525 1652 1545 cum
1667 1527 1717 1545 non
1731 1519 1842 1547 auderet

1048 1560 1117 1588 ultra
1133 1561 1258 1593 abnuere,
1273 1565 1335 1589 tunc
1348 1562 1430 1589 tristia
1444 1563 1552 1590 attdivit.
1566 1564 1702 1598 Siquidem
1718 1565 1787 1592 Deus
1799 1573 1842 1592 sa-

1048 1606 1148 1640 gaciter
1159 1614 1219 1634 cum
1231 1607 1276 1634 illo
1289 1615 1344 1634 rem
1357 1609 1487 1636 tractavit.
1500 1609 1590 1644 Neque
1601 1610 1672 1636 cnim
1684 1618 1698 1636 a
1712 1611 1841 1645 principio

1048 1651 1114 1678 dixit
1130 1661 1136 1678 :
1152 1651 1225 1680 Vade
1236 1673 1243 1686 ,
1260 1657 1286 1680 et
1299 1652 1359 1686 die;
1374 1653 1420 1680 sed
1442 1654 1513 1688 prius
1527 1655 1678 1682 mandatum
1694 1655 1721 1682 in
1734 1655 1842 1684 sublimi

1049 1702 1157 1729 tenens.
1174 1699 1306 1725 tnissionis
1322 1700 1428 1727 tnodutn
1443 1701 1574 1727 occultum
1595 1701 1695 1729 habuit.
1712 1701 1776 1729 Cum
1791 1709 1841 1730 au-

1049 1748 1101 1771 tem
1116 1745 1159 1771 ille
1173 1744 1250 1772 facile
1265 1745 1406 1780 paruisset,
1421 1751 1484 1773 tunc
1496 1746 1562 1773 mala
1575 1755 1634 1781 qua:
1646 1747 1752 1774 Judreos
1765 1747 1841 1774 inva-

1048 1798 1109 1817 snra
1123 1795 1199 1817 erant
1211 1790 1285 1818 dixit.
1300 1791 1426 1824 Qntcnam
1442 1799 1521 1826 porro
1534 1792 1590 1819 haec
1603 1794 1699 1819 erant?
1713 1793 1739 1820 9.
1760 1792 1839 1826 Vade,

1048 1835 1148 1869 inquit,
1162 1840 1185 1862 et
1200 1836 1241 1862 dic
1255 1836 1349 1870 popula
1362 1836 1420 1863 huic
1433 1844 1442 1863 :
1454 1837 1550 1863 Audilu
1564 1837 1686 1869 audietis,
1698 1843 1721 1875 et
1736 1846 1786 1864 non
1800 1839 1840 1864 iu—

1048 1881 1178 1915 telligetis,
1193 1886 1216 1907 et
1231 1882 1339 1908 videntes
1358 1881 1471 1909 videbitis
1481 1903 1488 1914 ,
1503 1887 1526 1909 et
1545 1890 1594 1909 non
1614 1883 1777 1918 perspicielis.
1795 1885 1839 1912 10.

1047 1925 1220 1954 lncrussatum
1233 1927 1301 1953 enim
1312 1931 1348 1953 est
1364 1935 1407 1954 cor
1419 1927 1507 1962 populi
1520 1928 1596 1964 hujus
1605 1948 1613 1961 ,
1630 1934 1652 1955 et
1669 1929 1771 1956 auribus
1788 1930 1840 1957 suis

1047 1971 1154 2006 graviter
1166 1971 1310 2004 audierunt,
1324 1977 1346 1998 et
1358 1972 1443 1998 oculos
1455 1980 1514 1998 suos
1527 1973 1712 2007 clauserunt,nc
1724 1975 1789 2008 forte
1801 1975 1840 2001 vi-

1047 2017 1121 2043 deant
1135 2016 1226 2049 oculis,
1241 2021 1263 2043 et
1281 2017 1383 2043 auribus
1397 2017 1512 2048 audiant,
1529 2022 1551 2044 et
1562 2018 1637 2044 corde
1650 2018 1802 2053 intelligant,
1815 2023 1841 2046 et

1047 2067 1239 2095 convertantur,
1254 2066 1277 2088 et
1294 2069 1381 2089 sonent
1400 2070 1451 2089 eos.
1470 2062 1532 2090 Hinc
1550 2063 1771 2098 interpretatione
1786 2073 1838 2092 non

1047 2114 1112 2141 opus
1126 2107 1224 2134 habere
1238 2111 1310 2141 puto,
1324 2114 1382 2134 eum
1397 2107 1413 2134 ii
1425 2108 1469 2142 qui
1483 2107 1540 2135 hinc
1553 2108 1634 2142 probe
1645 2110 1774 2141 sciebant,
1783 2110 1838 2144 jam

1046 2155 1109 2181 olim
1125 2162 1156 2181 ea
1173 2159 1296 2182 accurate
1316 2155 1478 2189 interpretati
1500 2155 1571 2187 sint;
1586 2155 1702 2183 Joannes
1716 2156 1839 2185 videlicet

1047 2201 1155 2228 tonitrui
1169 2201 1248 2232 ﬁlius.
1263 2206 1288 2228 et
1303 2201 1410 2235 Paulus,
1426 2201 1471 2236 qui
1487 2206 1512 2228 et
1527 2205 1616 2228 vetera
1629 2207 1656 2229 et
1669 2210 1736 2229 nova
1751 2203 1840 2238 appri-

1047 2256 1090 2275 me
1103 2253 1222 2274 noverat.
1236 2248 1283 2275 llic
1294 2248 1364 2275 enim
1381 2248 1471 2275 Roma:
1484 2248 1516 2275 iis
1527 2249 1698 2281 concionans,
1711 2250 1755 2285 qui
1768 2255 1840 2285 post-

1046 2301 1125 2327 quam
1146 2297 1327 2325 accesserant,
1342 2293 1492 2320 resilierant
1506 2298 1532 2320 ct
1546 2293 1615 2320 dicta
1632 2301 1680 2321 sua
1699 2302 1752 2321 non
1769 2295 1838 2322 fere.

1047 2339 1120 2371 bant,
1132 2339 1219 2366 aiebat
1229 2347 1235 2364 :
1245 2338 1313 2366 Bene
1321 2339 1383 2365 dixit
1395 2338 1506 2373 Spiritus
1515 2343 1617 2365 sanctus
1625 2347 1635 2366 :
1645 2339 1712 2366 Aure
1720 2340 1839 2372 audietis,

1047 2389 1070 2410 et
1083 2393 1133 2411 non
1146 2384 1289 2418 intelligetis
1305 2384 1377 2419 (Act.
1393 2384 1437 2411 28.
1453 2383 1498 2411 25.
1513 2384 1548 2411 26
1592 2383 1674 2411 Filius
1690 2392 1753 2412 vero
1768 2385 1840 2412 totti-
1887 2391 1896 2397 '

1047 2431 1110 2464 trui,
1122 2438 1182 2458 cum
1195 2431 1320 2457 miracula
1334 2430 1462 2462 viderent,
1479 2438 1527 2458 nec
1539 2430 1689 2464 crederent,
1702 2431 1840 2466 dogmata-

1046 2484 1099 2512 que
1108 2476 1240 2510 audirent,
1253 2484 1302 2503 nec
1312 2476 1478 2505 attenderem
1488 2476 1620 2511 (Christus
1630 2477 1700 2504 enim
1709 2477 1836 2506 Lazarum

1079 2575 1115 2606 (α)
1132 2575 1251 2599 Veterum
1263 2578 1356 2600 rati-um
1368 2575 1447 2607 opinio
1458 2576 1628 2607 sententiaque
1639 2575 1684 2602 fuit
1695 2577 1778 2602 Istriam
1791 2581 1838 2603 Ma-

1047 2607 1123 2630 nassis
1134 2610 1244 2636 tempore
1263 2608 1357 2630 secum:
1369 2605 1452 2630 fuisse.
1463 2606 1489 2630 Id
1501 2607 1534 2630 ait
1545 2605 1689 2632 Adhuasius
1700 2609 1741 2632 lib.
1755 2609 1787 2633 de
1799 2613 1837 2633 tn-

1054 2638 1206 2671 t‘arnatione,
1218 2639 1288 2671 ’131111⁴
1305 2639 1326 2668 1,
1340 2646 1366 2671 p.
1376 2639 1417 2669 88,
1433 2640 1451 2663 l5
1470 2639 1548 2663 ;οὐδὲ
1567 2642 1599 2667 ὡς
1615 2640 1716 2667 Ἡσαΐας
1727 2640 1822 2671 ἐπρίσθη
1830 2657 1840 2671 ,

1054 2673 1079 2694 et
1092 2677 1115 2700 p.
1128 2670 1167 2698 78,
1180 2670 1198 2694 (ι
1209 2669 1334 2702 ὲκξΗσοιΐοιτ,
1343 2669 1443 2702 ’ἐπρίω-θη
1461 2671 1510 2702 μὲν,
1522 2670 1579 2702 ἀλλ’
1600 2670 1699 2702 οὖχνέπὶ

1053 2698 1195 2732 κρέμασται.
1209 2698 1383 2736 Hieronymus
1395 2707 1454 2725 vero
1461 2698 1465 2701 ’
1473 2701 1496 2725 111
1504 2698 1698 2736 Ουδεδζίοῃὶὺμῑ
1706 2699 1840 2734 "ﬂgiti:

1054 2732 1084 2755 ad
1101 2731 1142 2755 lib.
1159 2730 1266 2759 Paraltp.
1279 2737 1300 2755 e.
1313 2733 1342 2756 53
1355 2739 1360 2755 :
1376 2731 1487 2756 Tradnnt
1500 2731 1610 2759 Hebrtet,
1625 2732 1839 2759 uernantium

1054 2738 1084 2755 :IO
1101 2738 1142 2755 llD.
1159 2738 1266 2761 t'at'altp.
1279 2738 1300 2755 c.
1313 2738 1342 2756 aa
1355 2739 1360 2755 ζ
1376 2738 1487 2756 Ινααιιηι
1500 2738 1610 2760 ιιεονιτι,
1625 2738 1755 2761 ιαειηξαριις

1054 2738 1084 2755 au
1101 2738 1142 2755 nn.
1159 2738 1266 2762 t'at'altp.
1279 2738 1300 2755 e.
1313 2738 1342 2756 aa
1355 2739 1360 2755 :
1376 2738 1487 2756 Imaum
1500 2738 1610 2760 "eorm,
1625 2738 1729 2759 taetra.
1752 2760 1755 2761 ν

1054 2761 1199 2794 [sail/tuneo
1209 2761 1273 2794 quod
1287 2768 1329 2794 eos
1335 2760 1495 2794 appellaverit
1505 2760 1627 2794 principes
1644 2738 1838 2794 sedilium

1053 2789 1266 2827 GmnOi'rlttv."ltis
1272 2792 1344 2827 111ιαὶ-
1352 2789 1446 2827 possent
1459 2789 1614 2827 linguai-nus.
1631 2789 1804 2827 Theodorei“,
1814 2793 1838 2827 et

1053 2798 1204 2826 ρωποι-ηεαδ.
1221 2798 1266 2817 tm
1281 2798 1339 2816 auat
1352 2798 1446 2827 possent
1459 2798 1614 2848 “gustatus.
1631 2798 1804 2826 arrectiora“,
1815 2798 1837 2815 et

1053 2821 1255 2878 πίέἕιέςιέέὺζῦιῇἓ
1267 2823 1395 2854 Prop/telis
1411 2823 1477 2854 apud
1509 2823 1662 2855 pip/tantum,
1677 2823 1778 2854 altique,
1795 2820 1837 2846 sed

1062 2859 1105 2878 ιωσ
1116 2859 1175 2878 sum
1185 2859 1264 2878 sunto.
