2072 3122
174 163 210 192 'i'l
815 153 849 181 1N
870 148 994 181 lSMMl,
1015 148 1089 176 CM".
1112 148 1167 175 \‘li.
1777 148 1811 176 73

177 218 322 248 manebunt
343 221 372 245 et
386 217 510 249 stabunt,
525 215 609 242 donec
628 212 767 248 pristinum
783 210 842 236 vita:
863 207 969 235 institu-

177 266 233 294 tum
243 256 341 301 iterum
355 262 508 298 acceperint
518 282 526 294 ,
539 266 565 289 et
578 260 611 288 ad
633 260 746 295 priscam
762 256 889 284 redierint.
905 261 967 280 san-

177 303 341 342 ctitiioniam.

477 362 590 392 CAPUT
611 361 664 390 VII.

163 425 204 453 [Ι.
230 423 262 452 Et
277 424 374 460 {auum
387 426 424 450 eu
444 421 471 448 in
491 420 580 448 diebus
606 419 693 446 Acltaz
720 419 767 453 filii
791 417 905 444 Joatlttm
925 415 971 450 ﬁlii

444 468 515 494 θείω
528 467 594 502 regis
607 465 686 493 Iuda.

215 537 240 564 Ι.
261 527 337 564 Ratio
358 534 557 570 prophetici-um.
582 533 727 568 Priap/teme
750 532 874 567 quomodo
899 532 973 565 ﬁdem

180 582 283 615 adderet
293 581 373 609 Deus.
386 595 423 602 —-
436 580 464 609 ld
477 580 547 616 quod
561 587 632 614 saepe
644 579 709 611 dixi,
723 580 749 606 id
757 583 784 606 ct
795 585 866 606 nunc
874 577 971 608 dicam,

181 627 334 664 prophetias
343 627 409 654 olim
418 634 472 654 non
486 625 546 654 ideo
563 625 674 652 emissas
685 624 766 651 fuisse
779 623 878 656 solum,
891 628 919 650 ut
930 622 975 650 .lu—

179 674 229 702 diei
236 673 323 702 futura
329 673 474 705 discerent,
483 671 532 699 sed
539 675 567 698 ut
575 670 674 703 edoeti,
684 670 787 698 lucrum
794 670 855 697 inde
861 670 975 703 percipe-

180 724 251 759 rent,
259 718 286 753 et
294 714 425 746 minarum
436 722 538 745 terrore
551 716 771 751 lemperantiores
780 716 885 748 fierent,
894 716 976 742 bono-

181 772 293 801 rumque
308 764 485 800 promissione
497 762 672 790 studiosiores
690 762 847 790 exercendte
856 761 974 788 virtutis:

182 812 314 847 utrimque
326 811 461 838 discentes
477 814 505 838 et
519 810 564 837 Dei
591 809 747 844 potentiam,
777 813 804 835 et
825 808 884 843 ejus
911 815 975 842 erga

183 857 243 886 illos
254 856 462 892 providentiam.
479 855 534 883 Hac
544 855 614 882 enini
625 854 658 882 de
669 862 748 882 causa
762 854 819 881 lucc
843 853 972 889 pradice-

183 902 376 934 bantur,ac.ne
398 905 523 937 putarent
536 908 567 928 ea
593 908 652 935 quae
684 899 849 932 accidebant,
877 904 977 926 temere

183 954 211 979 et
231 956 296 980 casu
314 948 440 983 quopiam
466 947 638 981 contingere,
667 945 813 974 secumlum
834 945 975 980 quamdam

185 999 286 1022 natium
295 994 405 1027 seriem,
419 997 466 1021 aut
474 993 620 1021 secundum
632 999 722 1020 rerum
737 998 861 1023 cursum;
876 990 922 1018 sed
940 991 978 1018 vi-

184 1041 280 1070 derent
301 1048 335 1068 ex
360 1046 478 1075 superno
498 1043 526 1067 et
539 1039 629 1067 divino
647 1038 756 1066 decreto
782 1038 840 1065 htec
864 1043 976 1072 utraque

185 1087 241 1115 ﬁeri
256 1095 263 1114 :
279 1087 306 1114 id
318 1086 389 1122 quod
402 1086 455 1114 illis
465 1085 580 1114 maxime
590 1085 623 1112 ad
640 1085 685 1112 Dei
708 1084 886 1119 cognitionem
914 1085 978 1111 utile

185 1138 251 1163 erat.
268 1132 365 1162 Verum
388 1131 524 1167 quoniam,
537 1135 567 1158 ul.
588 1135 650 1158 ante
671 1130 736 1163 dixi,
761 1130 898 1165 prophetia
925 1137 976 1157 non

169 1173 281 1206 tetidem
302 1177 363 1215 ipso
388 1181 508 1212 tempore
541 1183 619 1204 suum
646 1176 744 1204 exitum
773 1175 905 1207 habebat;
931 1175 978 1202 sed

187 1225 266 1254 verba
278 1218 388 1262 quidem
416 1229 479 1250 tunc
501 1222 716 1258 proferebantur,
742 1229 785 1249 res
806 1226 895 1249 autem
919 1226 979 1256 post

160 1279 162 1282 ν
187 1261 511 1304 ἁὶυἰυι-ιιειῖηὐειεωροιέι
525 1267 626 1296 exitum
646 1267 775 1295 habiturae
801 1271 889 1300 erant,
919 1274 978 1293 cum

185 1307 369 1356 iatn‘nonnulli
386 1315 461 1342 exiis
471 1314 518 1350 qui
532 1313 681 1347 audierant,
693 1321 764 1348 saepe
778 1317 891 1340 mortem
899 1313 979 1340 obiis—

331 1361 480 1398 potuissem
492 1360 525 1388 de
537 1359 667 1388 dictorum
677 1364 774 1387 eventu
784 1358 914 1394 judicare.
937 1359 976 1386 vi—

187 1401 392 1450 dafaciat
403 1411 432 1435 et
444 1406 568 1434 moliatur
584 1406 664 1433 Deus.
680 1405 848 1440 Prophetiam
864 1405 979 1440 prophe-

188 1452 372 1489 tiiseomiectit
383 1459 390 1484 ;
402 1450 436 1479 iis
448 1459 506 1488 quae
519 1455 581 1486 post
594 1451 701 1486 longum
715 1454 819 1485 tempus
847 1455 978 1478 eventura

188 1503 288 1532 essent,
299 1505 360 1526 eam
371 1498 448 1533 cujus
465 1497 552 1526 exitus
575 1504 659 1532 prope
683 1500 752 1530 erat,
780 1504 828 1532 per
840 1504 899 1524 eam
920 1504 980 1531 quae

188 1544 233 1572 illa
258 1545 284 1572 in
296 1543 468 1579 generatione
478 1543 576 1570 exitum
588 1542 708 1570 habitura
723 1546 790 1574 erat,
814 1542 847 1569 iis
867 1549 980 1576 quorum

189 1594 303 1617 eventus
314 1593 375 1626 post
382 1588 535 1617 diuturnum
546 1593 649 1623 tempus
658 1587 761 1615 futurus
771 1592 828 1615 erat
838 1587 980 1614 maximam

190 1634 270 1662 tidem
287 1634 398 1663 faciens.
419 1635 447 1661 In
460 1634 603 1670 evangeliis
617 1640 705 1662 autem
720 1634 771 1661 hoc
791 1634 910 1661 utilitatis
937 1641 983 1669 ge—

190 1688 240 1719 nus
253 1679 306 1708 alio
320 1679 399 1708 modo
413 1683 517 1713 tractat,
533 1679 659 1707 miracula
684 1679 828 1715 prophetiis
844 1679 980 1714 copulans,

190 1726 263 1754 aliud
280 1726 333 1754 alio
346 1727 519 1754 confirmans.
541 1726 661 1761 Exempli
680 1733 761 1753 causa
777 1734 783 1753 :
797 1726 910 1753 accessit
935 1726 983 1753 ali-

190 1771 298 1807 quando
317 1772 351 1800 ad
370 1780 431 1801 eum
449 1773 580 1807 leprosos,
595 1776 623 1799 et
635 1772 777 1799 mundatus
791 1776 840 1805 est,
869 1779 899 1799 ac
923 1776 983 1806 pest

191 1818 264 1845 illum
275 1825 368 1854 rursus
382 1825 446 1852 puer
460 1818 622 1845 centurionis
633 1824 648 1844 a
662 1817 734 1852 gravi
751 1817 795 1844 illo
810 1816 904 1844 morbo
916 1817 982 1844 libe—

191 1869 265 1891 ratus
274 1868 325 1896 est,
346 1864 471 1899 signaque
483 1863 539 1890 lucc
554 1870 648 1897 magna
663 1867 740 1890 erant
753 1871 759 1890 :
773 1867 800 1890 et
814 1866 902 1889 tamen
929 1870 980 1889 non

191 1908 218 1936 in
243 1909 327 1944 signis
348 1909 432 1941 stetit,
455 1908 503 1935 sed
527 1913 554 1935 et
584 1908 750 1942 prophetiam
781 1907 887 1942 adjecit.
913 1908 980 1940 Quia

191 1955 262 1983 enim
277 1955 399 1982 centurio
420 1953 604 1982 admirandam
620 1955 691 1981 illam
717 1959 744 1981 et
764 1962 884 1989 magnam
907 1954 983 1981 exhi-

192 2000 285 2028 buerat
307 2000 397 2032 fidem,
422 2008 473 2035 qua
498 2008 609 2035 ptterunt
631 2000 664 2027 ab
686 2000 841 2035 aegritudine
865 1999 980 2034 eripuit,

191 2048 251 2075 haec
261 2048 377 2076 subdidit
390 2048 511 2075 Christus
528 2057 535 2075 :
550 2047 625 2074 Multi
644 2048 674 2074 ab
695 2048 789 2074 oriente
811 2052 834 2073 et
856 2046 983 2073 occidente

191 2095 297 2126 venient,
310 2098 332 2121 et
344 2094 487 2121 recumbam
500 2102 556 2120 cum
570 2094 706 2125 Aura/tant,
721 2093 795 2119 Isaac
808 2098 830 2119 et
840 2092 930 2123 Iacob,
947 2093 979 2126 [ἱ-

191 2140 220 2167 lii
234 2145 318 2166 utilem
341 2140 411 2174 regni
424 2139 553 2174 ejicicnlur
573 2144 643 2165 extra
658 2138 665 2173 (
678 2138 770 2165 Mult/t.
784 2139 810 2165 8.
826 2139 853 2165 ll
874 2138 892 2172 ).
919 2138 981 2165 llatc

193 2192 273 2220 porro
295 2184 408 2216 dicebat,
424 2189 451 2211 ct
476 2185 594 2219 gentium
618 2184 763 2211 Ecclesium
777 2188 804 2211 et
828 2184 981 2211 .ludteorum

193 2231 405 2266 reproliationetn
420 2231 600 2266 praenuntians
611 2240 618 2262 ;
631 2231 702 2265 quod
715 2231 793 2258 etiam
821 2239 890 2257 ttuuc
904 2238 983 2265 opere

192 2277 352 2312 completum
362 2281 414 2311 est,
428 2281 454 2304 et
478 2277 535 2305 sole
549 2277 646 2304 clarius
668 2277 792 2304 omnibus
816 2277 957 2305 exhibetur
975 2285 980 2303 :

192 2323 238 2350 sed
262 2328 324 2349 tunc
338 2323 480 2350 obscurum
491 2327 558 2355 erat,
573 2327 599 2350 et
619 2323 653 2350 ab
676 2323 819 2350 incredulis
835 2331 886 2350 non
906 2322 983 2350 facile

192 2369 389 2395 admittebatur.
407 2368 521 2404 Ideoque
542 2370 645 2404 signum
668 2373 729 2396 tunc
740 2369 887 2397 exhibitum
915 2377 984 2404 prte-

191 2415 281 2447 cessit,
305 2414 377 2450 quod
391 2415 501 2442 multam
513 2415 590 2442 fidem
613 2421 674 2443 ante
694 2414 807 2443 faciebat
828 2416 866 2443 rei
892 2420 983 2450 postea

192 2465 328 2488 eventura:
339 2469 345 2487 :
357 2461 580 2496 quemadmodum
588 2466 614 2489 el
623 2461 678 2495 ipsa
689 2462 836 2497 prophetia,
846 2469 904 2497 quas
916 2470 984 2490 nunc

193 2513 273 2541 opere
283 2507 442 2542 completur,
459 2508 614 2542 signo‘tunc
637 2507 707 2535 facto
731 2515 854 2542 magnam
883 2508 985 2542 praabct

192 2552 432 2580 coniimtationem.
447 2553 514 2587 Quid
530 2554 627 2581 dixerit
641 2554 793 2582 incredulus
804 2558 815 2581 Υ
828 2562 860 2581 an
873 2555 984 2582 munda-

193 2601 247 2627 tum
271 2607 324 2626 non
353 2599 436 2627 fuisse
459 2599 612 2634 leprosum?
629 2600 763 2636 Respiciat
788 2609 812 2628 in
838 2601 984 2636 prophetiae

195 2644 346 2678 veritatem,
367 2650 396 2671 ut
419 2645 461 2672 illa
498 2647 637 2680 perspecta
669 2647 745 2681 signo
772 2646 851 2674 ﬁdem
877 2647 982 2674 habeat.

193 2689 260 2723 Quid
276 2698 357 2725 porro
371 2690 488 2718 dixerint
501 2691 541 2717 illi
555 2696 618 2718 tunc
631 2691 735 2719 Judaei?
747 2699 781 2719 an
795 2700 827 2719 ea
853 2700 912 2727 qua:
938 2692 983 2719 ille

194 2735 356 2771 praedicebat
381 2743 436 2763 non
459 2743 520 2764 esse
550 2738 634 2764 vera?
657 2738 812 2772 Respiciant
846 2738 982 2773 leprosum

193 2781 360 2814 mundatum,
374 2785 402 2809 et
413 2789 446 2809 ex
460 2781 590 2810 benclicio
603 2782 640 2810 illi
652 2783 749 2811 collato
759 2783 854 2811 futuris
864 2791 917 2811 non
933 2791 980 2811 ne-

191 2832 254 2861 gent
278 2826 372 2860 ﬁdem,
394 2834 456 2854 cum
484 2828 627 2855 maximum
655 2828 692 2856 illi
714 2829 862 2863 prophetia:
891 2830 986 2864 pignus

191 2872 344 2908 acceperint
358 2893 365 2907 ,
393 2879 490 2908 ucinpe
514 2873 628 2909 signum,
652 2878 680 2902 ut
702 2873 824 2903 hodierni
845 2874 915 2910 signi
944 2875 984 2910 pi—

1023 214 1091 239 gnus
1117 205 1282 241 prophetiam
1298 205 1405 234 habent.
1428 205 1520 234 Viden‘
1544 207 1676 242 quomodo
1700 208 1813 236 alterunt

1023 252 1107 277 altero
1132 251 1326 278 Confirmetur'!
1353 250 1419 278 illud
1444 251 1524 279 etiam
1550 252 1576 279 itt
1599 253 1684 280 \‘eteri
1720 252 1813 280 Testa-

1023 301 1114 323 mento
1127 295 1216 324 videre
1236 302 1277 324 est
1287 298 1296 332 (
1307 297 1333 324 5.
1349 296 1475 333 RngS).
1491 297 1558 331 Quia
1585 298 1654 325 enim
1669 298 1813 327 Jeroboam

1023 341 1178 378 gravissima
1197 344 1240 372 illa
1264 345 1365 372 insania
1393 345 1532 379 laboravit,
1553 350 1581 373 et
1601 345 1696 373 vitulas
1720 353 1814 373 aureas

1024 392 1119 425 erexit,
1141 391 1251 418 veniens
1271 391 1398 426 propheta
1417 391 1504 419 futura
1519 393 1715 426 praenuntiavit,
1732 397 1758 419 et
1777 393 1814 419 si-

1024 444 1103 471 gnum
1117 437 1206 464 statim
1221 436 1304 465 dedit.
1322 437 1362 465 Ne
1380 437 1440 472 quis
1455 437 1527 465 enim
1542 437 1620 465 fidem
1635 445 1688 465 non
1700 437 1810 465 haberet

1025 483 1067 516 iis,
1080 491 1140 518 qua:
1161 488 1221 518 post
1237 488 1369 511 trecentos
1389 491 1473 511 annos
1485 490 1614 511 eventura
1627 488 1705 511 erant
1716 504 1724 515 ,
1740 491 1814 511 aram

1025 530 1111 565 fregit,
1135 534 1162 557 et
1182 530 1286 565 adipem
1299 530 1400 563 ell'udit,
1417 530 1540 565 regisque
1563 538 1670 557 manum
1692 530 1814 563 arefecit,

1026 584 1058 603 ex
1073 577 1114 616 iis,
1129 583 1187 615 qua;
1202 581 1263 604 ante
1284 577 1375 604 oculos
1389 577 1555 610 eveniebant,
1569 584 1661 604 eorum
1682 585 1742 611 qua:
1757 581 1816 610 post

1027 625 1139 650 multum
1151 622 1279 657 temporis
1292 628 1418 653 eventura
1427 623 1679 657 erantconspieuam
1693 622 1817 658 praebens

1027 669 1290 696 demonstrationem.
1307 669 1440 704 Multaque
1453 668 1602 703 lmjusniodi
1628 668 1718 695 videre
1737 672 1779 695 est
1790 668 1817 695 iu

1028 714 1100 741 Novo
1113 719 1140 742 et
1150 715 1239 742 Veteri
1254 714 1433 747 Testamento,
1450 714 1505 742 Deo
1519 714 1632 741 diversis
1646 713 1730 740 modis
1737 713 1818 740 Saluti

1028 766 1126 789 nostra:
1141 761 1326 796 prospiciente.
1341 760 1367 787 ld
1379 760 1450 796 qttod
1463 762 1542 788 etiam
1555 760 1598 788 hic
1608 760 1714 792 accidit,
1726 765 1753 787 et
1763 760 1816 787 uti-

1028 815 1081 841 que
1095 815 1155 834 cum
1171 807 1264 841 majori
1280 806 1355 841 copia
1369 815 1375 833 :
1394 814 1447 833 non
1462 806 1564 841 signum
1581 806 1652 834 enim
1663 805 1753 839 modo,
1767 805 1813 833 sed

1029 853 1195 887 prophetiam
1217 860 1276 880 cum
1291 853 1368 886 signo
1383 852 1537 879 connexuit.
1555 851 1652 878 Verum
1673 855 1702 879 ut
1715 858 1745 878 ea
1759 858 1823 885 qur-

1028 897 1143 925 diximus
1157 897 1268 925 clariora
1283 897 1411 930 evadant,
1428 897 1511 932 ipsam
1533 897 1669 924 historiam
1697 901 1821 924 accurata-

1030 951 1230 978 prosequamur.
1253 938 1278 971 1.
1296 942 1328 970 Et
1342 943 1437 977 factum
1458 947 1492 969 est
1512 943 1539 969 in
1558 942 1643 969 diebus
1667 942 1754 969 Achaz
1772 942 1820 977 ﬁlii

1028 989 1142 1016 lant/mn
1165 989 1212 1023 [illi
1236 988 1311 1019 Oaire.
1326 989 1392 1024 regis
1416 988 1505 1021 Jada,
1534 988 1646 1015 ascendit
1671 987 1751 1015 Rusio
1776 994 1821 1015 re:

1030 1037 1116 1068 Aram,
1132 1040 1155 1063 el
1174 1035 1272 1062 Phocea
1292 1036 1360 1075 ﬁlius
1374 1034 1497 1062 Ronteliw
1508 1042 1553 1061 rea:
1574 1034 1656 1062 Israel
1667 1035 1694 1061 in
1711 1032 1820 1060 Jerusb~

1030 1083 1090 1114 lem,
1104 1085 1129 1108 ut
1143 1072 1398 1117 oppugnat-enicem,
1408 1113 1411 1117 Δ
1422 1089 1467 1108 nec
1480 1085 1613 1116 potuerunt
1626 1087 1777 1115 expugnare.
1791 1079 1819 1106 2.

1031 1127 1064 1155 Et
1086 1129 1262 1155 annuntialum
1280 1118 1316 1154 est
1327 1119 1354 1154 in
1365 1127 1443 1162 domo
1461 1120 1541 1154 David
1554 1136 1570 1153 α
1585 1126 1722 1153 dicentibus
1733 1134 1742 1152 .'
1754 1125 1819 1153 Cou-

1030 1175 1108 1201 scnsit
1119 1175 1195 1200 Aram
1208 1182 1265 1200 cum
1281 1163 1416 1208 Epitil'aim.
1433 1173 1495 1200 Haec
1505 1172 1616 1200 historia
1627 1176 1700 1205 sunt,
1715 1178 1819 1200 rerum-

1031 1229 1082 1256 que
1095 1224 1229 1256 gestarnm
1244 1214 1360 1247 narratio
1374 1228 1381 1246 :
1397 1219 1446 1246 sed
1455 1219 1499 1254 qui
1513 1223 1604 1246 mente
1616 1218 1696 1251 valet,
1709 1222 1820 1245 etacute

1032 1268 1112 1300 videt,
1139 1267 1253 1295 multum
1277 1258 1340 1306 hinc
1360 1266 1427 1299 lucri
1446 1266 1555 1296 referet,
1577 1265 1622 1292 Dei
1642 1271 1765 1299 magnam
1779 1271 1824 1291 sa-

1032 1313 1179 1349 pientiam,
1210 1304 1312 1340 necnon
1335 1304 1394 1350 ejus
1412 1319 1475 1348 erga
1496 1310 1604 1339 Judaeos
1628 1309 1822 1345 providentiam

1032 1361 1163 1388 ediscens.
1188 1359 1280 1394 Neque
1294 1358 1366 1386 enim
1386 1366 1400 1385 a
1415 1353 1546 1394 principio
1561 1357 1660 1384 bellum
1683 1356 1822 1391 repressit.

1033 1413 1119 1441 neque
1133 1406 1191 1440 ipso
1203 1405 1343 1441 ingruente
1353 1405 1445 1433 urbem
1460 1403 1519 1438 capi
1534 1402 1665 1438 permisit,
1679 1401 1727 1429 sed
1740 1401 1823 1429 verbo

1033 1456 1109 1479 tenus
1124 1455 1225 1478 tantum
1243 1449 1477 1481 commutationem
1498 1449 1557 1476 lieri
1578 1448 1681 1481 sitiens,
1702 1447 1761 1482 ejus
1771 1454 1820 1474 ex-

1033 1498 1209 1532 perimentutn
1223 1496 1365 1532 prohibuit,
1381 1495 1440 1522 illos
1455 1503 1506 1522 una
1528 1493 1755 1529 expergefaciens,
1768 1497 1795 1520 et
1809 1499 1825 1519 a

1034 1543 1154 1571 socordia
1166 1542 1306 1574 reducens,
1322 1549 1452 1576 suamque
1467 1540 1610 1575 potentiam
1624 1539 1821 1575 demonstrans:

1034 1590 1104 1625 quod
1119 1589 1240 1617 videlicet
1260 1589 1317 1623 ipse
1338 1588 1433 1623 possit,
1446 1587 1526 1614 etiam
1542 1595 1603 1614 cum
1617 1593 1660 1614 res
1680 1585 1713 1613 ad
1734 1589 1824 1612 extre-

1035 1642 1107 1662 tnum
1123 1635 1203 1661 linem
1218 1633 1340 1661 deductae
1354 1632 1486 1664 videntur,
1502 1632 1576 1666 quasi
1590 1631 1707 1658 nondum
1724 1630 1822 1664 coepis-

1035 1685 1105 1712 sent,
1125 1680 1165 1707 sic
1185 1679 1209 1707 in
1224 1679 1343 1714 periculo
1358 1682 1495 1705 versantes
1506 1677 1605 1704 illaesos
1617 1683 1734 1704 servare.
1749 1675 1825 1708 Quod

1036 1725 1122 1760 ipsum
1135 1732 1206 1759 saepe
1220 1723 1316 1751 fecisse
1329 1723 1419 1750 videre
1434 1726 1485 1754 est,
1502 1725 1530 1748 ut
1542 1721 1615 1748 verbi
1629 1721 1712 1755 gratia
1727 1720 1754 1747 in
1767 1719 1825 1747 for-

1036 1779 1100 1798 nace
1116 1769 1285 1805 Babylonica,
1300 1769 1325 1796 in
1341 1768 1399 1795 lacu
1407 1768 1525 1800 lconutn,
1542 1771 1568 1794 et
1581 1766 1607 1794 itt
1621 1766 1680 1794 aliis
1690 1765 1824 1793 sexcentis

1035 1816 1150 1844 casibus.
1171 1815 1276 1842 Etenim
1296 1814 1321 1841 hi
1341 1818 1479 1844 venerunt,
1502 1812 1676 1845 obsederunt,
1695 1816 1721 1839 ct
1736 1819 1825 1839 muros

1035 1862 1197 1893 adoricntes,
1212 1860 1436 1893 obsessorumque
1451 1858 1554 1885 animos
1565 1856 1822 1892 perterrefacicntes,

1036 1907 1100 1934 nihil
1112 1906 1179 1933 ultra
1192 1906 1278 1933 facere
1292 1908 1445 1939 potuerunt.

1070 1953 1097 1979 2.
1119 1952 1186 1979 Ilinc
1201 1957 1287 1979 autem
1303 1951 1452 1985 perspicere
1465 1949 1528 1977 licet
1540 1948 1631 1976 decem
1648 1948 1763 1976 tribuum
1774 1947 1825 1974 ini-

1036 1999 1172 2034 quitatem,
1195 1997 1267 2033 quod
1284 2004 1336 2024 non
1352 1995 1432 2024 motio
1453 1995 1531 2023 civile
1553 1995 1701 2029 inceperint
1716 1993 1825 2024 bellum,

1037 2052 1122 2080 neque
1135 2043 1214 2071 tuodo
1226 2048 1318 2071 contra
1333 2042 1428 2069 fratres
1443 2048 1515 2068 artua
1532 2040 1674 2071 moverint,
1685 2039 1731 2066 sed
1746 2038 1827 2065 etiatn

1036 2092 1191 2127 alienigenis
1201 2091 1353 2125 exterisque
1362 2088 1483 2124 gentibus
1497 2095 1525 2115 se
1538 2087 1718 2122 adjunxerint,
1731 2090 1758 2112 et
1769 2092 1826 2117 eos,

1036 2138 1192 2173 quibuscum
1206 2135 1359 2163 societatetu
1376 2133 1474 2161 habere
1484 2132 1549 2168 ipsis
1564 2140 1616 2159 non
1630 2131 1736 2164 licebat,
1747 2130 1826 2157 etiam

1036 2183 1231 2212 commilitones
1241 2182 1403 2213 vocaverint,
1415 2187 1476 2207 cum
1487 2180 1570 2214 iisque
1588 2177 1767 2206 castrametati
1777 2177 1826 2204 ad-

1037 2236 1131 2257 versus
1143 2228 1276 2256 civitatem
1291 2227 1422 2254 steterint.
1438 2225 1541 2253 Etenim
1557 2225 1636 2251 Rasin
1651 2224 1827 2258 alienigenam

1037 2274 1165 2301 adversus
1187 2273 1354 2307 metropolim
1380 2278 1454 2298 suam
1477 2270 1636 2298 excitarunt.
1658 2269 1774 2302 Eratque
1800 2268 1827 2294 in

1035 2318 1128 2354 praelia
1143 2315 1257 2351 partium
1280 2315 1458 2350 inaequalitas.
1486 2314 1562 2349 Apud
1579 2313 1638 2341 illos
1652 2312 1724 2340 enim
1741 2312 1830 2340 inulti-

1034 2365 1097 2391 μιαί)
1113 2363 1216 2390 inlinita
1231 2366 1298 2394 erat,
1314 2366 1341 2388 et
1355 2361 1446 2394 ttrbes,
1463 2365 1491 2388 et
1504 2363 1599 2395 gentes
1614 2363 1642 2386 et
1656 2359 1760 2393 populi;
1786 2358 1830 2386 hic

1034 2418 1121 2441 autem
1136 2411 1200 2439 nihil
1212 2410 1311 2442 simile,
1323 2409 1370 2437 sed
1387 2410 1448 2436 urbs
1462 2415 1513 2435 una
1528 2411 1555 2435 et
1567 2406 1736 2441 metropolis,
1750 2406 1784 2434 ita
1801 2412 1830 2433 ut

1036 2458 1081 2486 Dei
1098 2457 1226 2485 fortitudo
1240 2454 1431 2483 exuberantius
1445 2454 1615 2481 enitesceret.
1628 2452 1742 2480 Nemine
1757 2451 1829 2480 enim

1034 2511 1108 2531 arma
1130 2507 1265 2535 movente,
1292 2500 1399 2528 nemine
1421 2504 1537 2527 exeunte
1559 2504 1586 2526 et
1608 2502 1826 2530 castrametante,

1035 2557 1128 2579 eorum
1141 2548 1249 2584 maligni
1263 2552 1374 2576 conatus
1390 2547 1417 2574 in
1433 2546 1544 2573 nihilum
1559 2546 1693 2573 abierunt.
1711 2544 1770 2572 Non
1784 2553 1831 2579 pa-

1036 2602 1137 2625 tuerunt
1147 2595 1486 2631 enim.inquit,expngnare
1497 2601 1562 2619 eam.
1577 2593 1610 2619 At
1622 2591 1686 2627 quid
1701 2590 1829 2625 impedic-

1035 2644 1098 2671 bat?
1111 2642 1182 2670 Nihil
1198 2642 1270 2669 aliud
1283 2649 1362 2676 quant
1384 2639 1433 2666 Dei
1455 2646 1560 2671 manus,
1575 2646 1634 2673 qua:
1649 2644 1696 2665 eos
1710 2636 1829 2664 invisibi-

1037 2691 1097 2717 liter
1121 2689 1282 2724 depellcbat.
1307 2687 1509 2718 Verumtamen,
1522 2689 1550 2711 ut
1571 2684 1626 2718 jam
1649 2682 1714 2716 divi,
1730 2682 1828 2710 bellum

1036 2736 1151 2770 depulit,
1164 2734 1210 2762 sed
1227 2738 1326 2761 metum
1347 2741 1400 2760 non
1424 2732 1514 2758 statim
1538 2730 1656 2758 sustulit.
1682 2729 1748 2757 Nam
1772 2729 1830 2756 ait:

1037 2782 1222 2809 Annuntiatum
1234 2787 1270 2808 est
1282 2781 1307 2807 iu
1323 2781 1399 2807 domo
1415 2779 1498 2807 Dauid
1514 2788 1520 2805 :
1534 2778 1668 2805 Consensit
1682 2778 1759 2803 Aram
1771 2782 1829 2802 cum

1037 2827 1174 2862 ΕρΙιιάἰηι.
1199 2825 1234 2852 Ει
1250 2830 1333 2853 emota
1351 2829 1388 2852 est
1407 2823 1494 2851 animo
1507 2824 1579 2859 ejus,
1595 2827 1618 2850 et
1639 2821 1726 2848 animo
1740 2819 1829 2855 populi

1039 2876 1104 2910 ejus.
1121 2874 1187 2902 Cum
1208 2873 1264 2902 vult
1280 2872 1350 2901 Deus
1364 2871 1465 2906 aliquid
1480 2870 1645 2905 inopinatum
1660 2867 1760 2901 facere,
1776 2873 1829 2894 non
