2058 3122
165 199 192 229 3t
753 195 786 223 IN
806 195 930 228 ISAIAM,
950 195 1024 223 CAP.
1049 194 1102 222 VII.
1756 197 1789 224 8?

165 253 279 289 prruim
295 252 432 284 Somoron,
449 257 473 280 et
487 258 562 288 caput
577 253 700 279 Somoron
719 253 787 286 filius
810 252 940 279 llontelia’.

163 299 192 326 Et
209 299 290 326 sinon
310 299 481 331 credideritis,
504 307 554 326 non
579 298 731 332 intelligetis.
757 298 859 325 Rursus
882 305 943 332 pro-

163 345 231 379 pheta
248 352 367 378 magnum
381 343 527 380 prophetia:
544 349 728 378 argumentum
743 343 859 370 exhibet.
876 343 942 377 Quia

162 391 224 417 enim
249 390 327 416 timor
350 390 409 417 illos
431 389 600 424 exagitabat,
624 393 650 416 et
674 394 735 416 ante
758 389 851 416 oculos
875 389 940 415 tnala

163 441 243 466 erant.
262 436 329 462 bona
349 440 436 462 autent
458 436 483 462 in
501 443 560 470 spe,
582 435 861 470 esspectationemqne
883 442 942 461 ont-

162 489 214 507 nettt
234 481 395 515 superantia,
422 489 470 508 nec
491 482 556 507 satis
575 481 675 508 creduli
698 485 775 508 erant
796 480 941 512 auditores,

161 527 213 554 tide
233 527 292 560 quid
311 527 400 554 faciat.
417 527 465 554 Dat
479 527 584 562 signum
606 527 748 553 maximum
771 535 863 553 eorum
883 534 942 560 qua:

161 579 275 599 evetunru
287 577 374 604 erant,
385 573 495 599 consilia
508 572 622 599 hostium
635 573 660 598 in
670 572 785 598 medium
796 572 940 598 adducens.

162 618 250 644 I‘Inrnm
266 626 380 653 namque
394 619 511 644 animum
527 618 622 653 aperit,
637 627 690 652 quo
706 618 770 644 moti
785 618 876 645 urbem
892 625 941 652 op-

162 663 311 698 pugnabant,
327 669 356 691 et.
380 664 441 698 quid
458 668 549 691 mutuo
568 665 713 699 colloquuti
729 668 832 696 essent,
850 670 873 691 et
890 672 942 699 quo

160 715 228 744 parto
247 710 311 737 inito
344 710 482 742 redierint,
507 711 676 745 ostenditque
698 715 742 737 aut
766 711 940 744 prtltllli0.tt‘lll

159 763 209 782 esse
220 755 242 782 id
254 755 322 788 quod
332 756 461 790 agebatur
472 755 625 791 (Colloquuti
642 756 722 788 enim,
737 761 832 788 mutua,
847 757 940 791 inquit,

159 810 208 828 cum
221 803 289 836 ipsis,
300 810 344 829 eos
358 807 497 829 accrtemtts
508 803 541 829 ad
552 803 624 837 nos);
639 807 684 829 aut
699 803 779 830 ttntlta
791 804 940 837 arrogantia

160 848 221 882 ipsos
245 848 334 877 ebrios
359 855 440 881 esse,
471 849 652 875 existimantes
679 856 712 875 ne
731 849 813 875 armis
834 848 940 882 quidem

159 894 215 928 ipsis
228 901 283 920 esse
296 901 376 926 opus,
395 902 479 929 neque
493 895 549 921 acie
564 900 589 921 et
603 895 737 925 eonllietu,
750 900 779 921 ut
794 894 886 921 urbem
897 902 941 921 ca-

160 946 252 973 perent.
265 940 335 966 Silis
348 944 389 966 cst
402 961 408 972 ,
425 940 544 974 ittquiunt
562 961 569 973 ,
585 939 643 966 siin
660 945 834 974 conspectum
848 941 937 966 venia-

160 995 209 1012 mus
233 991 259 1013 et
286 987 474 1020 colloquantur
490 1006 497 1018 ,
518 991 544 1012 et
571 994 665 1013 ontnes
700 987 725 1012 ιιι
756 986 940 1020 captivitatem

158 1031 306 1058 abducentes
318 1031 500 1058 discrdemns.
514 1031 623 1063 Deinde,
640 1036 665 1058 ut
678 1032 940 1066 solcntarrogantcs,

159 1077 200 1103 bac
211 1085 255 1111 spe
267 1077 350 1104 inﬁati
367 1077 401 1104 de
420 1085 481 1112 rege
496 1077 681 1104 Constituendo
695 1077 834 1104 consiliuttt
851 1078 942 1104 ineunt

158 1125 221 1158 quasi
231 1124 284 1158 jam
298 1130 378 1158 capta
395 1124 459 1151 urbe
472 1144 478 1156 ,
495 1130 522 1151 et
536 1132 615 1159 quent
632 1129 754 1159 oporteat
767 1125 792 1151 itt
808 1129 942 1159 metropo-

159 1170 196 1196 lint
209 1179 293 1206 regem
304 1172 473 1198 constituere
487 1171 648 1198 consultant.
673 1171 710 1198 Eo
727 1171 752 1197 in
769 1175 839 1198 statu
855 1179 898 1198 res
910 1171 941 1198 il-

159 1216 233 1243 lnrtuu
249 1222 334 1249 erant,
350 1217 438 1251 inquit
450 1226 457 1245 :
469 1225 527 1251 qua:
543 1224 606 1244 vero
622 1217 690 1243 Deus
704 1217 864 1244 moliebatur
885 1217 942 1244 lucc

158 1263 234 1289 (nimia
248 1263 280 1290 de
294 1263 387 1290 utcdio
404 1264 576 1290 susutlerunl.
593 1262 694 1290 Idcirco
708 1263 859 1297 sultjnnxit:
876 1263 940 1290 llwc

159 1309 208 1334 dicit
221 1308 342 1336 Dominus
358 1318 367 1340 ;
384 1316 469 1343 neque
484 1309 526 1336 hic
539 1309 622 1342 stetit,
637 1309 683 1336 sed
697 1309 803 1343 adjecit,
816 1308 940 1336 Sabaoth.

157 1354 212 1381 Cum
225 1356 294 1381 enim
306 1355 398 1389 magni
415 1354 549 1389 quidpiam
560 1354 766 1381 annuntiaturus
778 1359 829 1387 est,
845 1359 940 1389 poten—

158 1401 211 1426 tiam
229 1401 271 1428 Dei
286 1405 434 1432 memorat,
447 1408 592 1435 supernum
603 1408 699 1436 nempe
714 1408 824 1435 regnum
839 1422 846 1434 ,
861 1405 942 1436 atque

157 1447 284 1480 imperium
301 1447 368 1474 illud
389 1454 514 1482 magnum
527 1455 558 1474 ac
577 1447 748 1480 stupendum.
762 1447 830 1480 Quid
854 1447 890 1474 ita
901 1455 942 1480 me

156 1494 186 1518 ait
197 1493 284 1520 Deus?
300 1493 364 1519 Non
385 1493 494 1519 manebit
513 1493 645 1520 consilium
660 1493 707 1520 hoc
717 1501 797 1528 mque
816 1494 862 1520 crit
875 1501 884 1520 :
897 1493 941 1520 ml

155 1545 221 1572 caput
239 1539 317 1565 Aram
334 1539 488 1565 Damascus.
505 1538 645 1573 imperium
657 1538 714 1573 ejus
729 1559 736 1570 ,
753 1539 789 1564 ait
805 1559 811 1571 ,
825 1543 941 1573 potestas

156 1584 214 1619 ejus,
227 1585 251 1612 in
264 1586 398 1612 Itantasco
413 1585 493 1612 stabit
513 1606 519 1617 ,
538 1593 588 1612 nec
603 1585 671 1612 ultra
687 1585 880 1620 progredietur.
907 1584 942 1612 Et

154 1637 220 1666 caput
235 1632 357 1659 Damasci
374 1632 462 1659 Rasin.
494 1632 525 1659 Et
549 1632 671 1666 princeps
688 1632 807 1659 Damasci
824 1652 831 1664 ,
847 1631 940 1666 inquit,

154 1682 223 1713 atque
237 1679 393 1705 dominator
408 1678 487 1705 Rasin
505 1678 555 1705 erit
572 1686 578 1709 :
603 1677 628 1704 id
649 1681 707 1710 est,
734 1677 759 1704 in
782 1677 813 1704 iis
833 1685 893 1712 quae
907 1677 940 1704 ad

155 1723 229 1757 ipsum
239 1725 378 1758 pertinent
390 1724 516 1757 manebit,
529 1731 560 1750 ac
570 1723 697 1758 majorem
705 1723 754 1749 sibi
769 1731 822 1749 non
835 1723 942 1757 adjiciet

154 1770 298 1802 potentiam.
321 1769 354 1796 Et
371 1770 455 1796 adhuc
466 1770 598 1804 sexaginta
609 1774 633 1796 et
645 1769 755 1804 quinque
768 1769 839 1802 mitti,
856 1773 882 1795 et
896 1768 940 1796 de-

153 1817 211 1849 ﬁciet
223 1825 328 1851 regnum
343 1816 469 1850 Ephraint
481 1825 497 1842 a
508 1816 612 1850 populo.

184 1864 207 1890 ι.
221 1864 337 1891 Maxima
350 1863 470 1890 veritatis
484 1862 688 1890 demonstratio.
705 1862 811 1897 quando
823 1865 940 1896 tempora

153 1909 288 1942 pra-dicunt
299 1909 457 1944 propin-tae,
471 1916 564 1935 ansatn
581 1908 730 1942 prmbentcs
744 1907 775 1934 iis
790 1908 833 1942 qui
849 1907 942 1934 Volunt

153 1955 297 1989 explorandi
326 1963 388 1982 cntn
413 1954 580 1982 accuratione
605 1955 658 1981 vim
685 1954 841 1989 prophetim.
865 1953 940 1980 Nunc

151 2001 227 2033 enim,
244 2001 351 2036 inquit,
376 2000 520 2028 abscedunt
534 2000 567 2027 ab
580 1999 661 2031 urbe;
683 1999 729 2026 sed
751 2003 810 2034 post
824 1999 941 2034 quinque

151 2053 173 2071 et
186 2048 321 2082 sexaginta
339 2055 426 2074 annos
443 2047 563 2073 universa
579 2054 644 2080 gens
658 2046 770 2080 peribit,
790 2050 817 2072 et
831 2052 939 2080 regnum

151 2093 221 2120 [παι
232 2093 265 2121 de
279 2093 373 2120 medio
387 2093 511 2124 tolletur;
526 2092 558 2119 ab
571 2091 691 2118 hostibus
705 2091 843 2125 intercepti
857 2090 942 2116 abdu-

151 2144 235 2165 centur
250 2147 360 2166 otnncs.
377 2138 454 2166 Nune
468 2143 539 2165 certe
562 2142 623 2164 ante
637 2137 768 2164 excidium
797 2137 859 2164 illud
875 2136 940 2163 nihil

151 2186 201 2219 plus
223 2185 360 2213 habebunt
373 2205 380 2218 ,
397 2192 476 2219 qnatn
497 2192 527 2211 ea
541 2191 599 2218 qua:
613 2191 659 2210 sua
682 2187 754 2210 sunt.
773 2182 805 2209 Ut
818 2190 852 2209 tte
869 2182 940 2208 enim

151 2238 189 2258 rex
204 2233 317 2260 audiens
335 2238 381 2258 eos
397 2235 457 2265 post
474 2230 609 2264 sexaginta
629 2228 746 2263 quinque
765 2235 849 2254 annos
878 2235 939 2262 per-

151 2278 226 2305 ituros
237 2287 310 2309 esse,
321 2277 393 2312 apud
406 2285 435 2303 se
445 2276 546 2303 diceret
556 2283 563 2303 :
580 2275 646 2308 Quid
663 2274 756 2309 igitur?
766 2274 939 2308 si,postquant

150 2330 191 2349 nos
205 2332 273 2351 mute
289 2323 429 2359 ceperint,
455 2326 517 2348 tunc
541 2321 680 2355 peribunt,
696 2328 754 2355 qua:
780 2319 842 2346 hinc
864 2319 940 2345 nobis

150 2371 259 2398 utilitas?
271 2370 405 2399 Conlide.
427 2369 526 2403 inquit,
548 2368 627 2395 etiam
640 2367 672 2394 de
687 2365 869 2401 praisentibus.
888 2364 939 2391 Ca-

149 2416 246 2449 pit-mur
258 2417 333 2443 enint
348 2421 411 2442 tunc
425 2414 550 2446 omnino;
565 2413 611 2440 sed
624 2421 693 2440 nunc
709 2412 771 2439 nihil
787 2412 846 2446 plus
861 2411 941 2438 hahe—

148 2462 206 2488 buut
216 2485 222 2495 ,
236 2471 319 2498 quam
337 2462 362 2489 id
374 2463 443 2497 quod
458 2462 563 2489 habent.
579 2461 632 2488 Sed
647 2461 697 2487 erit
707 2464 785 2494 caput
801 2458 938 2493 Ephraim,

151 2506 193 2534 huc
207 2515 245 2536 est
265 2509 364 2536 decem
381 2507 514 2536 tribuunt.
530 2506 648 2534 Samaria
663 2515 669 2532 ς
695 2505 728 2532 ibi
742 2505 813 2532 ettint
835 2504 940 2531 illorutn

150 2555 214 2589 regia
233 2560 308 2588 erat;
326 2559 354 2582 et
365 2562 418 2582 ttou
432 2553 542 2580 ulterius
556 2551 731 2583 extendetur;
748 2555 775 2578 et
789 2553 869 2584 caput
889 2549 940 2576 Sa-

150 2604 230 2630 ntarize
246 2612 293 2631 rex
309 2602 405 2630 Israel.
423 2601 498 2634 Quod
511 2601 544 2628 de
561 2601 725 2627 Damasceno
741 2597 863 2629 dicebat,
888 2596 940 2624 hoc

149 2650 220 2676 etiam
247 2650 291 2677 hic
313 2649 463 2683 signiﬁcat.
488 2655 582 2681 nempe
607 2645 672 2673 nihil
702 2645 760 2680 plus
783 2644 938 2675 habituros,

149 2702 219 2727 quam
241 2702 314 2721 nunc
336 2693 478 2720 haberent.
506 2691 622 2724 Deinde,
648 2690 709 2725 quia
731 2688 811 2716 vctba
837 2688 941 2715 dixerat

149 2738 283 2767 humanam
300 2739 436 2766 rationem
459 2738 629 2772 superantia,
645 2740 672 2763 et
691 2735 812 2770 quamvis
833 2733 939 2760 ratioci-

149 2786 275 2813 nationmn
293 2786 394 2813 seriem
416 2784 586 2815 excedentia,
601 2791 660 2809 cutn
677 2782 702 2808 id
719 2781 788 2816 quod
802 2780 940 2807 dicebatur

149 2832 277 2866 prophetia
292 2835 367 2858 esset
377 2851 384 2862 ,
399 2830 461 2864 jure
474 2829 587 2863 adjecit;
605 2827 662 2854 Nisi
675 2826 842 2857 credideritis,
860 2833 939 2860 neque

150 2877 296 2913 intelligetis.
312 2877 350 2904 Ne
364 2884 471 2912 quatras
481 2896 487 2907 ,
505 2876 603 2910 inquit,
617 2882 668 2909 quo
683 2873 761 2900 modo
782 2877 808 2899 et
821 2880 874 2907 qua
897 2879 938 2898 ra—

150 2923 211 2952 tione
230 2925 288 2952 haec
305 2924 398 2951 futura
413 2921 466 2949 sint
483 2930 489 2948 :
506 2922 573 2949 Deus
594 2921 663 2948 enim
679 2925 718 2947 est
734 2919 777 2954 qui
794 2923 935 2954 operatur,

996 252 1104 285 solaque
1118 251 1169 278 ﬁde
1186 259 1253 286 opus
1268 251 1313 278 tibi
1325 256 1364 279 est
1375 273 1381 284 ,
1398 256 1422 279 et
1439 252 1567 288 intelliges
1583 254 1717 288 operantis
1734 255 1788 281 vir-

996 303 1097 331 tutem;
1112 298 1367 326 demonstrationem
1387 308 1494 326 omnem
1508 308 1586 334 supra
1599 300 1728 328 dicturum
1744 309 1788 328 ac-

996 346 1099 381 cepisti.
1113 346 1175 373 Ideo
1192 346 1273 373 David
1287 346 1415 381 propheta
1430 347 1536 375 diccbat
1551 357 1557 375 :
1574 347 1791 383 Cre:lidi,propter

995 392 1062 426 quod
1076 391 1195 425 loquutus
1205 400 1260 418 sum
1274 392 1359 427 (Psal.
1375 393 1436 420 113.
1452 393 1506 428 10).
1523 393 1554 420 Ει
1571 394 1668 421 Paulus
1683 394 1730 421 bac
1745 403 1789 422 ar—

996 441 1069 471 repta
1082 436 1207 470 dictione,
1216 445 1231 464 e
1242 446 1270 464 re
1279 438 1350 465 illam
1362 438 1394 465 ad
1411 446 1453 466 res
1462 439 1576 474 majores
1587 440 1666 466 traxit
1675 439 1787 467 dicens:

997 481 1123 510 [labentes
1138 488 1222 510 autem
1243 484 1357 511 eumdem
1374 485 1498 518 Spiritum
1520 485 1580 519 fidei
1590 507 1596 516 .
1607 487 1743 513 secundant
1762 486 1789 513 id

995 529 1062 563 quod
1071 529 1190 564 scriptum
1204 535 1249 563 est,
1265 530 1383 564 Credidi,
1396 536 1497 566 propter
1509 533 1576 566 quod
1590 532 1706 568 loquutus
1720 541 1785 564 sum,

995 579 1018 600 et
1029 583 1074 600 nos
1095 575 1229 607 rredinms,
1247 581 1349 610 propter
1363 577 1430 610 quod
1444 582 1468 603 et
1490 576 1613 613 loquimur
1626 577 1666 612 (2.
1687 579 1745 606 Cor.
1759 581 1791 606 4.

995 619 1052 652 15).
1064 619 1128 646 Natn
1143 621 1164 647 si
1178 625 1267 648 vetera
1283 621 1334 648 tidc
1355 629 1422 656 opus
1443 621 1593 653 habebant,
1610 631 1669 657 quae
1686 627 1787 650 tantum

995 666 1093 694 distant
1105 667 1138 694 ab
1151 666 1182 693 iis
1197 674 1256 702 qua:
1271 667 1295 694 itt
1309 675 1376 694 nova
1390 668 1449 703 lege
1461 673 1539 702 sunt,
1556 675 1681 704 quantum
1692 671 1785 697 ca-Ium

994 720 1008 739 a
1021 717 1089 739 terra
1101 733 1108 745 ,
1129 713 1212 739 nmlto
1235 713 1318 747 magis
1334 718 1386 740 tam
1406 713 1557 741 sublimium
1576 715 1728 750 dogmatum
1742 723 1773 742 eu

993 758 1087 793 gnitio,
1105 766 1163 792 quae
1179 759 1204 786 iu
1221 759 1318 787 nullitts
1334 767 1458 794 umquam
1471 765 1586 787 utentem
1603 767 1740 788 venerunt.
1761 762 1785 788 Id

993 804 1064 838 quod
1075 810 1101 830 et
1115 804 1171 838 ipse
1189 804 1341 838 signiﬁcans
1359 806 1464 832 dicebat
1477 816 1482 832 :
1499 807 1563 840 Qua:
1575 808 1674 834 oculus
1684 816 1734 834 non
1749 809 1786 834 ri-

993 851 1047 881 dit,
1064 855 1085 877 et
1096 852 1166 878 uuris
1180 860 1230 878 non
1253 852 1364 884 audivit,
1379 857 1400 878 et
1413 853 1438 878 in
1453 861 1496 879 cor
1509 854 1618 880 hominis
1638 862 1687 881 neu
1700 863 1788 881 πεί-ρη-

993 898 1083 924 derunt
1094 919 1100 931 ,
1117 907 1173 930 qua:
1188 899 1340 933 prwparauit
1352 898 1419 926 Deus
1431 900 1592 934 diligentibus
1602 909 1629 926 se
1643 900 1747 934 (LCur.
1759 900 1785 926 ‘2.

993 944 1032 978 9).
1049 944 1093 971 10.
1109 944 1141 970 Ιξι
1154 945 1246 979 adjecit
1262 945 1384 971 Dominus
1399 945 1466 979 loqui
1481 946 1514 972 ad
1526 946 1611 972 Arltaz
1621 946 1726 973 ιΙὶειίιεε
1742 947 1785 973 Η.

995 989 1056 1017 Pete
1070 990 1112 1016 tibi
1127 990 1226 1025 signant
1237 999 1252 1017 α
1267 989 1376 1017 Domino
1392 990 1444 1017 Deo
1458 996 1501 1019 tuo
1516 991 1540 1018 in
1553 992 1706 1026 profundum
1718 1012 1724 1022 ,
1737 992 1788 1018 sive

993 1037 1160 1064 innec/sum.
1173 1037 1215 1064 12.
1239 1036 1273 1063 Et
1295 1036 1359 1063 dixit
1379 1037 1482 1064 Acltas:
1499 1036 1559 1064 Non
1579 1042 1677 1072 petam,
1694 1042 1717 1064 ct
1738 1046 1787 1064 non

994 1085 1092 1111 tentabo
1107 1084 1256 1111 Dominum.
1283 1085 1325 1112 I3.
1350 1084 1382 1111 Et
1393 1085 1456 1112 dixit
1476 1084 1559 1111 Isaias
1573 1092 1583 1111 :
1598 1085 1688 1112 Audite
1710 1093 1784 1120 ergo,

993 1131 1082 1157 domus
1101 1129 1185 1157 David
1201 1137 1210 1156 :
1225 1129 1355 1164 Numquid
1371 1139 1461 1165 parum
1481 1130 1548 1157 vobis
1562 1135 1608 1162 est,
1625 1139 1729 1165 agonem
1741 1139 1786 1157 v.1:-

994 1175 1077 1203 Itibere
1091 1175 1253 1202 hominibus?
1275 1175 1306 1202 Et
1321 1183 1365 1202 cur
1387 1175 1496 1202 Domino
1521 1175 1640 1202 exhibens
1661 1175 1787 1210 agonem?

994 1221 1037 1248 Η.
1055 1221 1162 1256 ΡιὈριιτ
1177 1222 1222 1248 Itoc
1234 1221 1302 1247 dabit
1317 1221 1438 1247 Dominus
1453 1221 1506 1255 ipse
1519 1221 1585 1248 vobis
1596 1222 1705 1256 signant.
1723 1220 1787 1248 liora

993 1269 1063 1303 virgo
1076 1268 1102 1295 in
1124 1273 1194 1294 utero
1214 1267 1319 1302 accipiet
1332 1272 1354 1294 et
1378 1267 1458 1302 pariet
1485 1267 1565 1302 ﬁlium
1581 1275 1590 1294 :
1604 1272 1628 1294 ct
1644 1269 1765 1294 vocabunt
1779 1268 1786 1283 ι

994 1322 1084 1340 nomen
1097 1314 1151 1348 ejus
1166 1313 1327 1340 Emmanuel.
1347 1313 1427 1340 Multa
1442 1313 1486 1340 Dei
1502 1313 1664 1348 indulgentia
1675 1334 1682 1346 ,
1700 1313 1787 1348 ingni-

995 1361 1111 1387 tissimus
1135 1364 1175 1386 est
1189 1360 1258 1394 regis
1277 1360 1391 1387 animus.
1407 1359 1551 1393 Oportebat
1569 1360 1640 1386 enim
1663 1367 1785 1386 eunnau-

994 1407 1049 1433 dilo
1065 1406 1192 1440 propheta
1203 1426 1209 1436 ,
1225 1405 1258 1432 de
1278 1405 1355 1432 (lictis
1370 1405 1432 1432 nihil
1446 1405 1567 1432 dubitare
1582 1413 1589 1432 :
1604 1404 1674 1439 quod
1695 1405 1716 1431 si
1739 1404 1787 1431 du-

995 1452 1111 1484 bitabat,
1131 1452 1225 1479 saltem
1246 1451 1302 1478 viso
1324 1451 1399 1485 signo
1418 1450 1528 1478 credere
1541 1471 1548 1483 ,
1569 1451 1638 1486 qttod
1667 1451 1786 1485 plerique

993 1499 1061 1533 apud
1073 1498 1180 1526 Ju-lzuos
1204 1497 1332 1525 fecerunt.
1349 1498 1453 1524 Etenim
1480 1497 1549 1524 Deus
1572 1497 1701 1531 benignus
1724 1505 1784 1524 cum

993 1546 1045 1578 sit,
1062 1554 1112 1572 nott
1132 1545 1264 1572 recusavit
1280 1551 1352 1579 smpe
1367 1544 1440 1579 signa
1463 1544 1583 1579 pneltere
1610 1543 1785 1570 crassioribns

993 1591 1103 1618 ethunti
1130 1590 1284 1624 repentibus
1309 1595 1440 1624 terraeque
1454 1589 1541 1617 afﬁxis
1564 1597 1571 1616 :
1599 1594 1627 1616 ut
1652 1589 1713 1616 fecit
1734 1589 1785 1616 Ge-

993 1637 1072 1664 de0ni
1100 1637 1149 1671 (a).
1175 1637 1241 1663 Cum
1266 1636 1336 1663 enim
1360 1635 1473 1670 (Acbaz)
1499 1639 1572 1663 esset
1594 1635 1740 1670 impcritim-
1759 1641 1785 1662 et

994 1682 1135 1710 admodum
1157 1681 1248 1713 rudis,
1265 1681 1324 1708 vide
1345 1688 1398 1715 quo
1422 1681 1491 1708 Detts
1513 1689 1541 1708 se
1556 1681 1701 1708 demiserit.
1728 1680 1786 1715 Ipse

994 1729 1066 1756 illum
1080 1729 1204 1760 attrahit,
1219 1732 1246 1756 et
1259 1728 1379 1755 hortatur
1394 1733 1422 1755 ut
1437 1728 1541 1762 signum
1558 1731 1628 1762 petat
1643 1738 1649 1755 ε
1666 1728 1715 1754 etsi
1732 1736 1783 1754 non

994 1785 1103 1814 parvum
1125 1777 1175 1804 hoc
1189 1777 1292 1812 signum
1306 1781 1379 1808 erat,
1392 1776 1449 1810 ejus
1465 1783 1559 1802 arcana
1574 1776 1697 1810 prodere,
1712 1775 1784 1810 ejus-

993 1831 1045 1859 que
1067 1823 1226 1850 sententiam
1242 1827 1324 1849 totam
1339 1822 1364 1849 in
1391 1821 1507 1848 medium
1525 1821 1688 1856 producere.
1709 1826 1736 1848 et
1750 1821 1786 1847 si-

994 1869 1166 1896 mulationem
1189 1868 1246 1903 ejns
1267 1874 1372 1894 onmem
1388 1867 1524 1902 detegere.
1549 1866 1614 1900 Quia
1630 1866 1700 1892 euiut
1724 1873 1785 1899 pro-

995 1915 1072 1949 pheta
1087 1913 1203 1946 dicebat,
1219 1912 1279 1940 Pete
1288 1913 1331 1939 tibi
1340 1914 1450 1948 signum,
1464 1911 1508 1939 ille
1518 1919 1583 1939 vero
1597 1918 1626 1938 se
1641 1910 1784 1938 adntodttm

993 1960 1103 1988 credere
1119 1959 1246 1986 simulans
1260 1955 1514 1992 respondebat,Non
1525 1961 1617 1990 petant.
1635 1961 1715 1982 etnon
1732 1961 1785 1982 len-

993 2006 1050 2032 tabo
1067 2005 1213 2035 Dominum,
1230 2003 1288 2030 vide
1297 2011 1357 2030 ctnn
1367 2006 1463 2037 quanta
1475 2002 1641 2029 vehementia
1656 2001 1784 2035 propheta

993 2051 1139 2078 sectionem
1163 2048 1259 2084 inﬁigat
1273 2070 1280 2081 ,
1295 2049 1354 2082 jure
1369 2052 1429 2082 post
1441 2047 1648 2074 demonstratam
1674 2046 1785 2074 simula-

994 2097 1091 2123 tiottent
1114 2094 1219 2130 gravius
1240 2094 1371 2120 intentans
1384 2093 1496 2120 crimen.
1510 2091 1571 2119 Ideo
1593 2092 1664 2118 iIIunt
1687 2099 1720 2118 tte
1741 2099 1784 2117 re-

992 2142 1136 2177 sponsione
1145 2140 1250 2176 quidem
1258 2140 1391 2174 dignatur,
1403 2138 1448 2165 sed
1460 2138 1491 2165 ad
1501 2138 1626 2173 populum
1634 2145 1784 2164 sermonem

993 2187 1123 2215 convertit
1141 2196 1146 2213 :
1163 2185 1355 2216 Audtttalomus
1371 2184 1472 2211 David:
1489 2183 1620 2218 Nmnquid
1636 2191 1726 2216 parum
1739 2191 1782 2209 vo-

993 2233 1030 2260 bis
1044 2238 1096 2265 est,
1117 2239 1222 2267 agonem
1244 2230 1353 2266 prwbere
1372 2229 1533 2256 hominibus?
1554 2228 1587 2254 Et
1610 2236 1654 2254 cur
1675 2227 1786 2254 Domino

992 2287 1097 2315 agonem
1111 2277 1244 2313 prcebctis?
1258 2277 1404 2304 Obscurmn
1418 2280 1458 2302 est
1472 2275 1497 2302 id
1512 2274 1581 2310 quod
1593 2274 1689 2302 dicitur
1703 2283 1709 2300 :
1724 2274 1785 2301 ideo

992 2325 1092 2352 dictum
1108 2323 1172 2351 illud
1196 2327 1319 2350 accurate
1334 2329 1375 2349 est.
1399 2321 1597 2356 explicandum.
1614 2320 1689 2353 Quod
1713 2320 1785 2348 enim

991 2372 1070 2404 dicit,
1083 2371 1134 2397 hoc
1146 2375 1186 2398 est
1203 2379 1209 2397 :
1222 2370 1288 2397 Nunt
1304 2376 1362 2396 mea
1377 2368 1456 2395 verba
1471 2367 1552 2395 sunt?
1568 2374 1629 2393 nntn
1644 2374 1702 2393 mra
1722 2373 1784 2393 sen-

994 2417 1093 2445 tentia?
1112 2416 1140 2444 Si
1159 2420 1247 2443 autetn
1271 2415 1423 2442 hominibus
1436 2422 1488 2441 tton
1511 2412 1620 2440 credere
1633 2412 1690 2439 sine
1705 2419 1784 2439 causa

991 2472 1072 2499 grave
1085 2468 1112 2491 et
1122 2462 1308 2490 criminatione
1329 2461 1437 2495 dignum
1452 2464 1489 2486 est
1500 2479 1508 2491 ,
1524 2458 1701 2492 multomagis
1717 2457 1782 2485 Deo.

993 2512 1060 2539 Illud
1076 2511 1165 2546 igitur,
1179 2516 1291 2544 agonem
1315 2507 1453 2543 praebere,
1475 2506 1538 2533 nihil
1554 2504 1624 2532 aliud
1639 2511 1680 2532 est
1704 2512 1783 2539 qttattt

993 2559 1071 2586 ﬁdem
1087 2565 1192 2592 negare.
1210 2555 1266 2583 IIoe
1276 2576 1282 2587 ,
1297 2553 1398 2589 inquit,
1411 2560 1473 2580 num
1489 2551 1599 2587 parv’um
1614 2551 1715 2577 crimen
1726 2549 1784 2577 est!

992 2614 1024 2632 an
1042 2612 1118 2640 parva
1130 2601 1322 2631 criminationis
1335 2607 1414 2628 causa
1428 2599 1580 2626 Itominihus
1589 2605 1640 2625 non
1654 2596 1786 2625 credere?

993 2651 1068 2684 Quod
1082 2651 1104 2677 si
1119 2650 1168 2676 hoc
1180 2656 1275 2685 grave,
1291 2647 1375 2674 multo
1391 2645 1475 2680 magis
1491 2653 1542 2671 tton
1554 2643 1665 2672 credere
1681 2643 1746 2670 Deo.

1024 2722 1031 2736 ι
1052 2720 1080 2745 In
1088 2719 1168 2743 Bibliis
1180 2718 1280 2750 legitur,
1292 2719 1314 2741 et
1325 2715 1426 2741 vocabis.

1024 2762 1059 2793 (tt)
1077 2763 1117 2785 llic
1129 2761 1225 2785 omnino
1246 2763 1356 2790 putanuts
1379 2756 1466 2793 aliquid
1479 2754 1621 2793 desidet-ari.
1634 2753 1785 2793 ANa‘tgnjrinto

993 2785 1078 2818 intiiiiu
1091 2793 1203 2817 videnlur
1213 2785 1306 2823 ea'quae
1321 2785 1456 2819 sequuntur
1472 2787 1513 2823 de
1526 2786 1641 2823 (tiedeone
1657 2785 1713 2823 diei,
1730 2789 1786 2823 qua:

992 2817 1073 2850 tamen
1081 2824 1114 2848 de
1126 2823 1218 2846 Aeliam
1226 2817 1346 2845 diduntur.
1358 2817 1442 2850 neque
1453 2817 1719 2851 soletﬁlnuysestomus,
1729 2821 1785 2838 eutn

991 2847 1104 2886 Eiéiupta
1115 2853 1193 2886 aﬁ‘ert,
1206 2852 1283 2886 ut_hic
1294 2847 1413 2886 Gedwnis
1421 2847 1721 2886 lexemplunthsiepaueis
1731 2852 1785 2886 rem.)

990 2875 1215 2912 iiiéiiiéie‘f'iiuilo’
1225 2875 1281 2908 dato
1303 2883 1373 2913 signo
1387 2875 1511 2906 indicante
1524 2877 1589 2909 quod
1607 2875 1646 2901 vel
1666 2875 1740 2908 quale
1751 2881 1784 2901 sit

992 2917 1050 2943 illud
1063 2915 1212 2948 exemplum.
