2072 3122
192 114 229 142 85
852 116 886 144 ΙΝ
905 117 990 145 lSAlA

1051 119 1127 147 CAP.
1149 120 1204 149 vn.
1518 160 1521 164 η
1804 125 1838 153 se

194 173 308 207 virtute)
324 180 332 199 :
349 171 466 208 idipsum
481 173 569 208 itaque
584 172 617 201 de
631 171 738 200 Christo
752 172 905 207 dicendum,
921 174 991 208 quod

193 224 295 253 nempe
306 218 357 254 ipsi
377 226 410 246 ex
428 219 510 246 rebus
531 226 626 245 nomen
649 218 815 253 imposuerit.
837 219 911 246 Tunc
923 222 992 246 enim

193 264 316 292 maxime
329 265 469 302 nobiseum
482 265 551 292 Deus
564 264 649 292 iactus
662 268 713 297 est,
726 271 787 292 cum
802 265 828 291 in
840 269 873 292 tet
882 272 909 291 ra
923 265 994 292 visus

193 314 248 344 est,
261 314 292 338 et
306 317 368 338 eum
390 311 545 348 hominibus
561 315 735 338 conversatus
756 315 798 338 cst
808 332 815 343 ,
830 311 994 346 multamque

194 364 260 393 erga
275 363 327 385 nos
339 350 536 392 providentiam
556 356 686 385 exhibuit.
701 356 760 384 Non
773 357 844 384 enim
858 357 928 385 ultra
946 365 994 383 an—

190 405 284 438 gelus,
298 411 352 431 non
366 404 543 438 archangelus
557 404 708 437 nobiseum,
722 403 768 431 sed
783 403 840 439 ipse
855 404 992 436 Dominus,

187 438 243 486 "qui
258 450 416 484 descendit,
432 458 538 479 omnem
553 452 579 478 in
594 459 624 479 se
637 450 993 489 suscepitKemendatiUncm,

194 503 260 524 cum
270 497 457 525 meretricibus
464 497 587 533 loquens,
599 504 659 524 eum
668 498 816 532 publicanis
825 498 993 530 recumbens,

195 542 223 570 in
243 547 413 579 peccatorum
428 543 525 571 domus
539 543 702 578 ingrediens,
717 545 866 572 latronibus
881 544 992 572 liberam

195 588 328 626 loquendi
351 589 476 619 ﬁduciam
492 590 604 623 indens.
623 598 716 625 magos
733 590 881 622 attrahcns,
904 591 994 617 omnia

193 635 368 670 perlustrans
385 641 413 664 et
431 636 596 671 reformatis,
618 637 703 672 ipsam
726 642 849 665 naturam
871 638 921 665 sibi
944 638 993 673 ipsi

194 682 306 709 uniens.
321 682 384 710 Haec
396 683 485 717 itaque
492 682 582 710 omnia
595 683 722 717 propheta
732 684 903 718 prrenuntial,
916 684 994 711 simul

196 733 306 764 partum
322 728 432 761 dicens,
452 733 479 756 et
491 734 583 764 partus
605 729 707 757 lucrum
730 729 863 757 ineliabile
883 729 946 756 illud
968 734 994 757 et

198 775 375 805 immensum.
395 774 463 803 Cum
485 775 557 803 enim
583 775 653 803 Deus
673 783 734 804 cum
758 776 911 803 hominibus
934 780 993 808 est,

195 820 265 849 nihil
281 821 352 848 ultra
367 820 525 854 timendum,
547 821 612 848 nihil
627 821 809 854 tremendum,
823 821 872 850 sed
887 821 921 849 de
933 829 994 849 om-

197 865 281 894 nibus
290 865 425 894 ﬁdentium
438 870 480 894 est
495 874 502 893 :
520 866 544 893 id
560 866 631 902 quod
645 867 725 894 etiam
746 867 844 894 factum
859 872 910 894 est.
927 866 993 894 Nam

198 911 311 947 antiqua
332 910 377 939 illa
395 916 423 939 et
436 912 545 940 immota
558 912 627 940 mala
642 912 729 939 soluta
744 917 817 944 sunt,
833 912 886 939 lata
900 918 994 940 contra

198 964 346 986 commune
364 957 504 986 hominum
528 965 611 994 genus
634 959 764 986 sententia
788 959 910 986 submota
935 964 991 994 est,

198 1004 359 1040 peccatique
373 1004 447 1032 nervi
463 1005 533 1039 rupti
547 1009 624 1037 sunt,
639 1004 737 1032 diaboli
753 1005 873 1040 tyrannis
887 1006 974 1033 soluta
984 1027 992 1039 ,

198 1051 392 1087 paradisusqne
405 1052 528 1080 omnibus
542 1052 694 1080 inaccessus
705 1052 845 1080 homicidae
857 1058 885 1080 et
896 1053 993 1080 latroni

198 1098 315 1133 primum
335 1099 471 1133 aperitur,
484 1098 606 1126 cmlestcs
625 1097 743 1127 fornices
762 1103 924 1131 reserantur,
941 1100 993 1127 ho-

155 1179 158 1183 .
198 1151 298 1179 tneque
309 1151 371 1172 cum
383 1144 486 1179 angelis
495 1145 694 1178 commiscetur,
709 1152 740 1172 ac
752 1151 844 1172 natura
860 1150 949 1176 nostra
960 1145 993 1173 ad

149 1202 153 1203 ν
171 1221 186 1226 __
199 1190 304 1225 regium
312 1190 410 1218 solium
425 1190 584 1217 adducitur:
597 1190 692 1218 inferni
705 1198 797 1218 carcer
807 1191 909 1218 inutilis
923 1199 994 1219 mor-

200 1236 287 1270 tisque
295 1243 395 1263 nomen
410 1236 497 1264 solum
513 1237 628 1270 matisit,
641 1245 670 1264 re
685 1237 742 1272 ipsa
762 1245 873 1264 vacuum
891 1247 898 1265 :
919 1244 991 1264 mar-

199 1288 287 1319 tynun
302 1282 378 1311 chori
388 1304 396 1316 ,
410 1287 439 1311 et
451 1284 578 1313 mulieres
591 1284 716 1323 stimulos
731 1284 828 1311 inferni
845 1284 991 1319 fregerunt.

191 1344 203 1358 ,ι
228 1327 330 1356 antra
339 1328 496 1357 Marciorum
506 1334 529 1356 et
543 1328 714 1356 Valentinum.
723 1344 758 1349 ——-
766 1329 828 1357 litee
838 1329 926 1365 itaque
936 1337 993 1357 om-

197 1373 243 1405 ιιι
255 1374 551 1410 pmvidens-propbeta
563 1375 713 1402 exsultabat
723 1379 750 1402 et
760 1375 873 1402 choreas
885 1375 991 1410 agebat,

199 1423 228 1447 et
242 1427 296 1447 uno
311 1419 394 1447 verbo
410 1420 500 1451 omnia
521 1420 597 1447 nobis
616 1419 772 1452 declaravit,
789 1421 991 1448 Emmanuelcm

201 1465 281 1493 nobis
291 1467 484 1501 praenuntiatus.
499 1465 542 1494 i5.
556 1464 681 1502 Butyrum
694 1471 717 1493 et
728 1466 777 1493 mel
787 1466 908 1499 comedet,
922 1471 993 1492 aule-

199 1520 276 1547 quam
290 1512 353 1539 sciat
368 1512 422 1548 ipse
431 1512 470 1540 uel
486 1512 630 1548 prteeligere
644 1513 724 1545 mala,
741 1512 815 1547 eliget
828 1512 929 1539 bonum.
947 1513 990 1540 16.

200 1557 268 1590 Quid
284 1562 421 1594 antequam
434 1559 497 1586 sciat
515 1566 578 1594 puer
591 1558 683 1586 bonum
699 1563 744 1585 aut
757 1559 869 1590 malum,
884 1567 934 1587 non
949 1559 993 1586 ob-

200 1609 323 1640 [δίψει-αι
336 1595 455 1642 maligne,
465 1609 492 1632 ut
506 1605 582 1640 eligat
598 1604 701 1632 bonum.
716 1604 846 1638 Quoniam
861 1613 927 1640 puer
942 1606 992 1633 iste

199 1655 276 1685 natus
285 1658 374 1686 neque
392 1644 597 1686 homo'simplcx
611 1655 679 1684 erat,
691 1658 778 1685 neque
792 1650 861 1678 Deus
878 1655 991 1684 tantum,

199 1696 330 1729 sedDeus
342 1696 370 1723 in
385 1695 505 1730 homine,
516 1695 576 1731 jure
591 1696 719 1730 propheta
733 1703 884 1723 sermonem
895 1697 992 1731 variat,

199 1749 270 1770 nunc
284 1740 356 1775 hoc,
376 1748 448 1769 nunc
467 1741 532 1768 illud
555 1741 657 1775 dicens,
674 1741 803 1777 stupenda
828 1749 990 1777 proponens,

198 1780 420 1823 nec,permittens
443 1791 473 1814 ut
485 1786 551 1815 ﬁdes
572 1792 683 1822 negetur
707 1788 864 1815 azcouomia:
884 1792 992 1823 propter

198 1832 373 1871 eminentiam
397 1832 530 1859 miraculi.
546 1833 611 1860 Cum
635 1833 750 1860 dixisset
770 1833 841 1860 enim
862 1833 990 1869 virginem

199 1881 260 1905 esse
271 1878 429 1913 parituram,
447 1877 473 1905 id
487 1877 557 1912 quod
573 1883 694 1905 naturam
709 1879 859 1913 superabat,
872 1883 899 1906 et
912 1879 987 1906 illum

199 1922 357 1952 Emmanuel
370 1923 518 1950 vocandum
529 1930 598 1955 esse,
613 1923 682 1958 quod
695 1924 780 1959 ipsum
791 1925 991 1959 exspectatione

198 1969 284 2005 majus
295 1973 362 2000 erat,
375 1977 409 1997 ne
423 1969 481 2004 quis
492 1969 694 1997 Emmanuelcm
705 1970 824 2003 audiens,
839 1971 865 1997 in
880 1970 990 1997 Marcio-

199 2015 240 2044 nis
254 2018 282 2043 et
294 2015 320 2042 in
331 2014 465 2043 Valentini
479 2015 600 2042 morbum
612 2016 750 2048 incideret,
766 2021 872 2051 propter
882 2017 989 2051 dispert-

198 2061 340 2095 sationem,
354 2061 530 2089 clarissimam
546 2061 648 2089 induxit
661 2062 867 2097 dispensationis
878 2063 989 2091 demon-

197 2109 354 2136 strationem
382 2107 419 2145 (α)
433 2129 440 2141 ,
463 2116 477 2135 a
504 2116 594 2136 mensa
612 2108 662 2143 ipsi
687 2109 766 2136 Iidem
791 2109 900 2137 iaciens.
919 2110 988 2143 Quid

199 2153 270 2181 enim
283 2153 322 2180 ait
332 2154 344 2180 ?
354 2153 479 2189 Butyrum
491 2157 515 2180 et
527 2153 577 2180 me!
591 2153 710 2181 comedet.
733 2154 762 2181 ld
777 2162 839 2182 vero
852 2163 905 2182 non
920 2155 988 2182 divi-

198 2199 288 2227 nitatis
299 2198 392 2231 fuerit.
404 2198 451 2226 sed
467 2203 568 2226 natura:
583 2204 692 2226 nostra).
717 2199 821 2227 idcirco
843 2200 913 2227 enim
937 2209 988 2228 non

197 2244 353 2280 simpliciter
374 2244 399 2271 in
420 2244 527 2271 homine
546 2246 580 2272 ab
596 2253 625 2272 se
643 2244 756 2273 formato
771 2245 897 2273 habitavit
911 2267 919 2279 ,
936 2247 984 2274 sed

197 2291 277 2318 etiam
291 2290 317 2317 in
331 2294 407 2318 utero
421 2295 540 2326 gestatus
553 2295 594 2317 est
606 2311 613 2322 ,
634 2290 714 2325 idque
737 2299 785 2326 per
798 2300 892 2320 novent
908 2301 983 2320 men-

196 2342 250 2368 ses,
263 2340 366 2370 partum
381 2343 537 2371 patruosque
550 2335 640 2368 subiit,
652 2340 679 2363 et
691 2336 779 2364 cibum
796 2338 902 2365 tenella:
917 2339 987 2366 :rtati

195 2380 417 2414 consentaneum,
432 2385 460 2408 ut
475 2389 522 2415 per
536 2381 592 2408 lucc
605 2382 693 2408 omnia
709 2389 739 2409 os
754 2382 888 2410 obluraret
900 2384 932 2410 iis
940 2384 985 2418 qui

196 2427 406 2455 incarnationem
421 2434 519 2461 negare
538 2427 678 2455 auderent.
703 2427 766 2455 llaec
789 2429 876 2463 itaque
889 2430 987 2464 pravi-

195 2472 261 2500 dens
275 2472 406 2508 propheta
420 2479 472 2499 non
485 2472 581 2499 natalia
592 2473 677 2500 solum
688 2478 714 2500 et
726 2474 873 2501 mirabilem
882 2480 986 2509 partum

195 2518 275 2547 dicit:
289 2518 338 2546 sed
351 2518 433 2545 etiam
456 2517 610 2545 alimentum
634 2519 740 2546 tenella:
765 2521 870 2554 aetatis,
886 2529 939 2555 quo
956 2522 990 2548 in‘

194 2559 333 2592 cunabulis
346 2571 411 2591 usus
422 2567 473 2595 est,
485 2563 555 2599 quod
571 2563 634 2591 nihil
650 2564 789 2593 diil'erebat
802 2573 815 2591 a
830 2572 987 2594 caeterorum

195 2611 334 2646 hominum
343 2611 475 2645 esea,’nec
483 2610 617 2646 quidpiam
632 2608 767 2639 insolitum
783 2612 907 2640 habebat.
920 2613 985 2640 Nam

193 2653 279 2685 in'illo
294 2663 383 2692 neque
397 2656 487 2683 omnia
502 2655 607 2683 diversa
616 2661 702 2689 erant,
718 2665 803 2692 neque
817 2658 906 2685 omnia
919 2666 988 2685 com-

222 2721 260 2754 (α)
272 2721 342 2751 Quod
353 2721 415 2754 dicit
425 2719 486 2754 infra
498 2720 680 2754 Chrysostomus
689 2720 774 2754 isaiam
783 2721 849 2747 dare
859 2723 985 2754 dispensa-

192 2751 274 2782 tionis,
291 2759 340 2778 seu
357 2751 793 2784 itmrnatiqtiis,demonstrationem
806 2751 940 2784 induxisse,
954 2762 986 2779 ne

191 2789 245 2815 quis
255 2781 280 2809 ni
292 2783 472 2816 uagpionisaut
483 2781 603 2816 νειιεηιίῃί
615 2783 726 2816 morbum
747 2783 875 2816 incideret,
887 2790 918 2810 eo
928 2781 987 2816 spe-

191 2812 238 2847 e'tat
248 2814 315 2847 quod
326 2812 475 2838 Valentinus
483 2815 509 2837 et
519 2814 620 2838 Marcion
631 2813 755 2847 dicerent,
765 2814 847 2840 Filium
858 2822 906 2841 non
917 2812 986 2847 vere,

191 2845 328 2877 “inde
336 2847 444 2875 tantum,
455 2850 551 2869 carnem
562 2845 703 2875 sumpsisse.
753 2845 755 2849 '

1049 177 1149 204 munia.
1166 178 1232 206 lliud
1243 179 1326 213 enim,
1340 188 1373 208 ex
1389 181 1500 209 muliere
1517 183 1588 211 nasci
1601 204 1610 218 ,
1622 192 1764 213 commune
1776 192 1818 213 est
1831 207 1838 217 .

1047 230 1080 250 ex
1094 223 1195 259 virgine
1209 230 1296 253 autem
1307 247 1315 260 ,
1330 227 1416 261 majus
1434 235 1512 262 quam
1528 229 1645 257 conditio
1657 235 1746 258 nostra
1762 230 1841 258 ferat.

1047 270 1211 298 Alimentum
1224 279 1332 301 sumere
1345 281 1450 302 rursum
1463 295 1471 307 ,
1494 283 1526 302 ex
1540 280 1642 303 natura!
1656 276 1713 311 lege
1726 281 1768 303 est
1781 285 1842 311 qua:

1048 317 1152 345 caneris
1166 319 1304 352 competit,
1316 327 1347 347 ac
1360 328 1502 349 commune
1516 326 1577 354 est;
1592 326 1620 349 at
1636 323 1763 358 templum
1777 324 1841 350 illud

1049 361 1212 390 inaccessum
1225 371 1285 391 esse
1295 366 1429 399 nequitim,
1440 374 1526 400 neque
1537 368 1749 401 experimentum
1760 368 1840 395 ullum

1049 409 1157 436 malitia:
1168 409 1266 438 habere
1278 432 1285 443 ,
1302 411 1353 439 hoc
1366 419 1464 439 norum
1475 433 1483 445 ,
1500 413 1550 440 hoc
1563 414 1723 449 stupendum
1740 418 1779 441 est
1792 435 1799 446 ,
1813 419 1840 442 tt

1048 454 1097 488 ipsi
1113 455 1161 482 soli
1173 458 1309 491 competit.
1323 458 1437 493 Ideoque
1449 464 1475 485 et
1486 458 1536 486 hoc
1547 464 1573 486 et
1586 459 1649 486 illud
1664 459 1762 494 posuit.
1777 459 1837 487 Non

1048 501 1119 526 enim
1136 506 1195 535 post
1210 502 1421 536 experimentum
1436 503 1546 531 malitia:
1564 512 1577 531 a
1599 505 1698 532 malitia
1713 505 1814 532 abstitit
1828 526 1837 538 ρ

1048 546 1133 580 inquit
1151 567 1158 578 ,
1175 547 1220 574 sed
1236 548 1269 574 ab
1284 548 1341 581 ipso
1357 549 1486 584 principio
1501 555 1528 577 et
1542 550 1653 577 exordio
1665 558 1772 577 omnem
1786 551 1840 578 vir-

1049 597 1130 620 tutem
1147 593 1277 621 exhibuit.
1290 595 1365 627 Quod
1377 600 1405 623 et
1414 595 1469 630 ipse
1480 596 1516 622 ait
1531 604 1538 623 :
1557 597 1618 628 Quis
1632 604 1664 623 ea:
1677 597 1738 631 ipsis
1751 601 1843 631 arguet

1048 647 1087 666 me
1101 639 1132 666 de
1145 641 1266 674 peccato?
1280 645 1306 667 et
1322 649 1328 667 :
1349 640 1420 668 Venit
1436 643 1553 677 princeps
1565 643 1643 679 lmjus
1655 643 1744 669 mundi
1759 663 1767 676 ,
1780 648 1802 670 ct
1816 644 1842 669 in

1047 693 1087 711 me
1099 693 1148 712 non
1164 685 1236 711 habet
1248 686 1377 721 quidpiam
1390 686 1477 722 (Joun.
1492 688 1516 715 8.
1532 688 1576 715 46.
1590 693 1612 714 et
1628 689 1669 715 14.
1686 688 1741 723 50).

1086 731 1112 757 7.
1132 731 1219 765 Atque
1241 731 1284 758 hic
1307 733 1363 766 ipse
1388 733 1516 767 propheta
1542 734 1566 760 in
1591 733 1764 768 sequentibus
1785 735 1841 762 ait:

1048 775 1185 803 Peccatum
1203 785 1251 803 non
1265 777 1333 811 fecit,
1351 786 1429 811 neque
1441 778 1515 805 dolus
1529 779 1642 806 iuventus
1652 784 1687 806 est
1698 780 1723 807 in
1737 789 1779 806 ore
1787 782 1843 815 ejus

1049 821 1125 857 (Isai.
1141 823 1185 850 55.
1207 822 1245 856 9).
1269 822 1324 850 Hoc
1339 827 1412 850 certe
1427 829 1453 850 et
1473 824 1523 851 hoc
1542 825 1601 852 loco
1615 825 1661 858 ait,
1678 826 1738 860 quia
1754 826 1842 860 prius-

1047 875 1126 902 quam
1144 868 1212 895 sciat
1234 868 1289 903 ipse
1310 868 1352 895 vel
1373 869 1441 895 mala
1458 870 1627 905 prmeligere,
1651 870 1684 898 ab
1703 876 1782 898 auate
1797 871 1843 898 illa

1046 913 1147 940 nullum
1163 918 1271 948 experta
1296 914 1393 940 malum
1407 934 1414 947 ,
1439 914 1472 941 ab
1491 914 1549 949 ipso
1568 916 1701 950 principio
1717 916 1841 943 virtutem

1047 959 1180 992 ostendet,
1206 959 1323 995 nihilque
1344 968 1403 987 cum
1428 961 1544 995 nequitia
1563 968 1704 989 commune
1724 961 1841 989 habebit.

1049 1006 1116 1038 Quia
1139 1007 1285 1042 priusquam
1309 1008 1371 1034 sciat
1394 1016 1456 1042 puer
1477 1007 1569 1035 bonum
1592 1013 1636 1034 aut
1659 1008 1772 1040 malum,
1791 1016 1842 1036 non

1046 1052 1200 1087 obtemperat
1220 1051 1339 1086 molitiw,
1362 1057 1388 1079 ut
1403 1053 1478 1088 eligat
1498 1053 1599 1080 borium.
1617 1054 1731 1080 Rursum
1746 1053 1840 1081 iisdem

1045 1099 1135 1126 verbis
1154 1099 1275 1126 eamdem
1296 1100 1453 1126 sententiam
1477 1099 1640 1132 subindicat,
1659 1105 1685 1126 et
1705 1100 1730 1126 in
1746 1100 1841 1127 eodem

1045 1148 1167 1172 versatur
1181 1151 1315 1171 sermone.
1330 1144 1395 1178 Quia
1413 1145 1484 1171 enim
1498 1145 1642 1172 admodum
1658 1145 1771 1172 sublime
1785 1149 1844 1172 erat

1047 1189 1071 1216 id
1083 1188 1153 1224 quod
1165 1188 1312 1221 dicebatur,
1323 1189 1686 1217 narrationiscontinuatione
1698 1190 1746 1224 ipsi
1761 1190 1839 1216 [idem

1048 1236 1183 1263 conciliat.
1203 1235 1278 1268 Quod
1291 1236 1362 1262 enim
1376 1243 1456 1270 supra
1471 1235 1617 1264 declaravit
1628 1236 1719 1263 dicens
1732 1245 1737 1262 :
1750 1235 1842 1263 Prius-

1045 1289 1120 1316 quam
1132 1282 1195 1308 sciat
1207 1282 1260 1317 ipse
1274 1281 1313 1308 vel
1322 1282 1467 1317 praeﬁgere
1480 1283 1557 1314 mala.
1573 1282 1626 1309 hoc
1639 1287 1731 1317 postea
1743 1281 1836 1308 subin-

1045 1327 1143 1354 dicavit
1156 1326 1268 1360 dicens,
1286 1326 1438 1361 Priusquam
1456 1328 1519 1354 sciat
1536 1335 1614 1362 puer;
1627 1333 1654 1354 et
1671 1328 1842 1355 enarratione

1044 1380 1150 1401 rursum
1164 1373 1247 1401 utitur
1261 1372 1354 1400 dicens
1363 1382 1372 1400 :
1381 1373 1480 1400 Battum
1494 1378 1538 1400 aut
1554 1374 1648 1400 malum
1657 1394 1666 1406 ,
1681 1382 1731 1401 non
1745 1364 1841 1401 ubicm-

1045 1423 1117 1454 νει-ιιι
1129 1419 1243 1452 malitia,
1259 1424 1286 1450 ut
1299 1420 1376 1455 eligat
1390 1420 1492 1446 bonurn.
1509 1420 1591 1454 llujus
1605 1421 1674 1447 cnim
1690 1420 1773 1447 solius
1784 1424 1842 1447 erat

1046 1465 1103 1492 haec
1113 1465 1296 1500 praerogativa.
1307 1465 1368 1492 ldeo
1378 1470 1404 1493 et
1415 1465 1511 1492 Paulus
1520 1465 1570 1493 hoc
1580 1466 1686 1493 assidue
1701 1471 1802 1498 versat,
1814 1470 1842 1492 et

1045 1510 1162 1538 Joannes
1180 1510 1273 1537 videns
1295 1511 1387 1544 illum,
1412 1510 1464 1538 hoc
1488 1511 1651 1545 pradiravit.
1675 1510 1742 1538 Ecce
1760 1519 1841 1547 ngmts

1045 1556 1093 1584 Dei
1103 1557 1145 1592 qui
1158 1557 1223 1584 tollit
1233 1562 1359 1592 percolunt
1374 1558 1463 1584 mundi
1475 1557 1565 1592 (Joau.
1581 1558 1607 1585 ί.
1621 1557 1677 1592 ἳ9).
1689 1557 1739 1591 Qui
1750 1562 1839 1584 autem

1044 1602 1155 1629 aliorum
1170 1607 1276 1637 peccata
1292 1602 1419 1634 tollebat,
1436 1603 1519 1629 multo
1533 1603 1617 1637 magis
1632 1603 1687 1638 ipse
1701 1610 1715 1629 a
1730 1607 1840 1637 peccato

1045 1648 1170 1676 immunis
1186 1654 1250 1676 erat.
1269 1649 1300 1676 Et
1313 1649 1420 1682 Paulus,
1436 1654 1463 1676 ut
1479 1649 1558 1676 modo
1570 1649 1701 1682 dicebam,
1717 1649 1841 1685 frequen-

1045 1699 1085 1722 ter
1098 1695 1211 1729 idipsum
1225 1694 1331 1722 clamat.
1341 1695 1406 1728 Quia
1420 1695 1490 1722 enim
1505 1695 1548 1722 ille
1561 1695 1705 1722 moriturus
1717 1699 1790 1728 erat,
1806 1704 1840 1723 ne

1044 1741 1103 1775 quis
1117 1740 1261 1768 inﬁdelium
1273 1745 1386 1775 putaret,
1399 1740 1485 1775 ipsum
1499 1741 1598 1775 peccati
1610 1741 1650 1769 sui
1661 1741 1724 1768 dare
1735 1747 1839 1776 pmnas,

1045 1786 1200 1822 frequenter
1214 1789 1272 1821 ejus
1287 1787 1534 1821 impeccabilitatem
1549 1787 1574 1814 in
1587 1787 1702 1815 medium
1716 1787 1838 1820 adducit,

1045 1837 1073 1859 ut
1084 1837 1195 1860 mortem
1208 1832 1290 1867 ipsius
1301 1833 1401 1867 peccati
1415 1833 1496 1859 nOstri
1508 1832 1667 1859 solutionem
1679 1840 1739 1859 esse
1749 1837 1840 1860 osten-

1044 1877 1129 1905 deret.
1141 1878 1317 1912 Quamobrem
1328 1877 1567 1905 dicehat:C.'n-isms
1579 1887 1709 1913 resurgens
1723 1887 1753 1905 ea:
1768 1887 1836 1905 mor-

1045 1925 1105 1956 tuis,
1117 1925 1168 1957 iam
1180 1933 1230 1950 nea
1241 1925 1357 1951 moritur.
1369 1924 1467 1951 Etenim
1477 1924 1544 1958 quod
1555 1929 1668 1950 mortuus
1679 1929 1725 1957 est,
1738 1929 1837 1959 peccato

1044 1974 1157 1996 mortuus
1172 1975 1208 1996 est
1223 1969 1310 2004 (Rom.
1326 1970 1351 1997 6.
1369 1969 1395 1997 9.
1411 1969 1465 2006 10).
1479 1969 1568 2005 Neque
1584 1974 1670 1997 morte
1687 1970 1748 2004 illa,
1764 1971 1838 2004 quasi

1044 2024 1115 2048 rcus,
1130 2016 1222 2051 inquit,
1234 2016 1379 2044 secundum
1393 2017 1521 2044 rationem
1537 2018 1635 2052 peccati
1647 2022 1767 2045 mortuus
1780 2021 1837 2048 est;

1044 2062 1090 2089 sed
1106 2069 1152 2097 pro
1167 2062 1301 2089 communi
1324 2062 1442 2089 omnium
1461 2061 1571 2089 delicto.
1596 2062 1624 2090 Si
1646 2063 1734 2097 itaque
1757 2063 1839 2097 priori

1044 2108 1122 2134 morti
1133 2107 1278 2134 secundum
1290 2107 1341 2134 hoc
1351 2108 1481 2135 obnoxius
1491 2115 1543 2135 non
1553 2114 1620 2139 erat,
1632 2109 1696 2136 satis
1705 2116 1838 2144 superque

1044 2153 1254 2180 demonstratum
1278 2158 1334 2185 est,
1354 2153 1440 2189 ipsum
1466 2161 1519 2181 non
1542 2154 1655 2189 amplius
1681 2156 1837 2182 moriturum

1044 2206 1113 2226 esse.
1131 2197 1165 2224 Et
1184 2199 1369 2234 derelinquetur
1391 2204 1470 2234 terra,
1491 2208 1566 2236 quam
1589 2206 1614 2226 tu
1637 2202 1724 2233 times,
1744 2210 1759 2227 α
1774 2202 1836 2237 facit

1044 2244 1151 2271 duorum
1172 2253 1270 2279 regum.
1291 2244 1368 2278 Quod
1390 2245 1542 2281 frequenter
1563 2245 1625 2272 facit
1646 2246 1788 2281 propheta,
1812 2247 1836 2273 id

1043 2289 1122 2317 etiam
1145 2289 1207 2316 fecit
1223 2290 1273 2317 hoc
1291 2289 1361 2317 loco.
1385 2290 1450 2317 Post
1471 2290 1637 2325 prophetiam
1652 2290 1685 2318 ad
1700 2291 1834 2318 historiam

1043 2341 1193 2362 sermonem
1209 2335 1322 2362 reducit.
1344 2334 1401 2362 lloc
1415 2335 1494 2363 etiam
1512 2335 1591 2363 modo
1608 2336 1677 2363 circi
1698 2336 1834 2370 Seraphim

1043 2388 1072 2407 se
1093 2380 1208 2415 gessisse
1230 2381 1369 2415 perspicue
1391 2381 1572 2415 ostendimus,
1593 2381 1663 2416 quod
1689 2382 1768 2409 etiam
1795 2382 1838 2409 hic

1042 2427 1139 2454 cll‘eeit.
1156 2426 1221 2454 Cum
1236 2427 1414 2454 enarravisset
1436 2427 1507 2454 enim
1530 2427 1600 2455 bona
1620 2428 1677 2455 orbi
1705 2433 1833 2457 terrarum

1043 2473 1207 2506 obventura,
1232 2472 1265 2499 ad
1289 2480 1379 2507 regem
1401 2472 1507 2499 demum
1530 2480 1681 2500 sermonem
1694 2474 1837 2502 convertit.

1044 2519 1104 2546 Ideo
1128 2519 1185 2546 haec
1205 2518 1339 2554 subiungit
1354 2527 1362 2546 ι
1376 2518 1567 2551 Dorclinquetur
1589 2525 1665 2546 terra.
1689 2519 1756 2553 Quid
1783 2523 1834 2551 est,

1042 2564 1252 2600 Dereiinquemr?
1261 2564 1360 2592 intacta
1369 2565 1428 2597 erit,
1442 2564 1525 2592 libera
1535 2565 1611 2599 eril',
1621 2565 1685 2592 nihil
1694 2565 1835 2599 molestum

1042 2612 1175 2647 patietur,
1189 2611 1249 2639 belli
1266 2612 1334 2638 mala
1354 2619 1406 2638 non
1430 2612 1579 2639 sustinebit.
1601 2611 1635 2638 Et
1650 2611 1836 2650 derelinquelur

1042 2663 1123 2690 terra,
1138 2665 1212 2691 quant
1225 2661 1251 2687 tu
1267 2657 1353 2689 tiniae,
1368 2664 1416 2691 pro
1428 2665 1478 2692 qna
1493 2656 1629 2689 formidas,
1645 2663 1694 2691 pro
1708 2664 1759 2691 qua
1776 2661 1832 2683 tre-

1041 2710 1101 2737 nus,
1123 2711 1138 2729 α
1153 2703 1217 2737 facie
1238 2702 1345 2729 duorum
1370 2711 1473 2738 rt‘gttm;
1502 2702 1656 2730 Damasceni
1684 2709 1779 2737 nempe
1807 2707 1834 2729 ct

1042 2749 1176 2777 Israelita).
1192 2749 1291 2776 Deinde
1303 2757 1335 2777 ne
1347 2757 1393 2784 per
1402 2750 1530 2776 bonorum
1545 2749 1710 2784 prophetiam
1725 2748 1832 2783 segnior

1073 2817 1080 2832 ι
1099 2819 1156 2845 Reg.
1172 2818 1194 2839 et
1208 2815 1269 2839 Savil
1291 2816 1347 2845 hoc,
1357 2815 1432 2841 libera
1443 2815 1498 2845 erit,
1508 2817 1639 2843 omittunt:
1653 2815 1696 2841 sed
1707 2812 1791 2840 Morel.
1804 2814 1831 2836 εἰ

1041 2850 1121 2871 Εελγτλγ.
1135 2846 1236 2878 habent,
1249 2846 1421 2872 et'l'ilmaunus
1432 2848 1464 2871 ita
1475 2846 1543 2879 legit.
