2058 3122
219 125 253 153 81

224 182 353 214 'vadcret,
371 189 420 209 nec
431 189 478 216 per
488 188 580 216 pacem
594 182 776 217 mollior.ejus
790 190 882 209 rursus
896 182 1013 209 animum

219 227 373 262 perstringit
386 227 478 255 dicens
491 239 498 256 :
511 228 555 254 17.
572 227 624 254 Sed
639 228 748 254 adducet
772 228 838 255 Deus
852 236 927 263 super
942 233 974 260 te,
991 233 1014 254 et

221 282 294 307 super
304 275 426 309 populum
442 279 511 300 tuum
522 294 529 307 ,
551 279 574 301 et
593 282 669 310 super
687 274 787 301 domum
803 275 881 310 putris
892 275 927 301 tui
943 274 1010 306 dies,

183 329 188 332 -
222 321 260 353 ημιὶ
280 321 391 347 nondum
412 327 530 348 venerunt
550 329 582 347 ea:
603 329 651 355 quo
673 321 714 348 die
732 321 834 348 abstulit
855 321 977 355 Epltraint
997 330 1013 348 a

221 364 287 392 Juiu
300 375 382 400 regem
398 367 567 401 Assyriorum.
583 367 633 394 Per
648 367 704 393 lta'c
719 367 788 394 enim
805 367 902 394 indicat
916 367 1012 394 barba-

219 419 307 438 rortttn
324 412 508 446 irt-ttptionem,
526 421 576 448 qtta
591 413 683 440 urbem
698 421 712 439 a
728 413 906 440 fundamentis
921 413 1010 440 dirue-

218 461 286 484 l'llnt.
304 458 420 492 ipsisque
435 460 459 485 in
474 459 652 493 Captivitatem
669 459 787 494 abreptis
800 459 932 486 abierunt.
949 460 1010 486 li:ec

217 510 280 529 \ero
296 503 425 537 pr.rdicit,
449 512 500 531 tton
517 509 544 531 ut
565 505 699 538 eveniant,
716 505 761 531 sed
779 509 806 531 ut
822 510 892 531 metu
908 510 1008 538 tempe-

217 548 349 576 rantiorcs
363 548 434 581 facti,
447 550 680 577 eonnninationem
692 551 841 584 depulsent.
852 551 918 584 Quia
931 558 1010 584 porro

218 601 304 628 neque
317 602 347 621 ex
360 594 445 625 bonis,
458 603 516 628 quae
528 601 624 629 pra-ter
635 595 758 622 meritutn
769 596 923 629 consequuti
936 601 1007 629 sunt,

216 639 339 666 meliores
354 645 415 666 sunt
428 640 514 667 effecti
529 641 609 675 (quod
623 642 693 669 enint
708 647 806 676 pra'ter
817 643 939 669 nteritnm
953 642 1009 669 haec.

216 685 371 719 consequuti
388 686 439 711 sittt
450 705 457 717 ,
475 686 589 712 ostendit
605 687 672 721 regis
686 688 791 714 animus
812 693 839 714 et
861 688 953 726 ingens
968 688 1008 714 in-

216 729 370 765 credulitas)
383 751 389 762 ,
413 739 499 766 neque
515 732 672 759 terribilium
693 734 898 761 comminatione
914 735 1008 762 mutati

215 779 299 806 sunt,
327 776 372 802 sed
401 777 506 811 utrique
531 778 638 804 salutari
666 779 807 813 pharman
836 780 1009 809 vehementer

215 819 383 854 obstiterunt,
399 823 543 849 sectionem
558 823 664 850 demum
680 824 876 858 profundiorem
891 825 985 860 infligit
999 845 1007 858 ,

216 867 375 894 exscindens
400 869 533 903 putridum
557 870 640 901 ulcus,
665 875 691 897 et
714 871 899 898 immedicabili
915 872 1008 900 morbo

216 912 369 940 laborantes
383 922 516 941 reserans.
535 916 601 948 Quid
620 916 668 942 sibi
685 917 741 943 vult
756 917 818 944 illttd
828 938 834 950 ,
851 917 892 944 Ex
906 926 954 952 quo
968 919 1008 945 die

214 958 316 985 abstulit
331 958 455 994 Ep/truim
472 969 487 987 a
505 961 578 987 Juda
589 970 669 997 regem
692 962 872 997 Assyriorum?
886 964 1007 999 lrrupcre

215 1003 321 1031 barbari
343 1005 402 1032 illos
421 1013 513 1033 omttcs
532 1007 687 1040 abductnri;
713 1008 759 1035 sed
782 1009 888 1036 omissis
900 1010 966 1037 .lnda
980 1015 1008 1038 et

215 1049 317 1076 dnabtts
334 1050 472 1083 tribubus,
496 1059 587 1079 contra
606 1053 686 1080 Israel
707 1055 828 1081 conversi
844 1060 915 1082 sunt.
931 1056 1006 1088 Quod

216 1094 296 1129 igitur
309 1096 388 1129 dicit,
412 1097 462 1124 hoc
477 1099 569 1125 estzA
588 1098 631 1125 die
655 1099 709 1131 illo,
733 1107 785 1134 quo
806 1100 897 1127 decem
924 1102 1006 1129 tribus

215 1141 387 1169 barbarorum
402 1144 545 1171 exercitum
561 1145 593 1172 ad
608 1153 637 1172 se
660 1146 826 1178 pertraltent,
842 1155 856 1173 a
878 1147 1006 1183 vobisque

214 1193 344 1221 avertent,
363 1190 397 1216 ob
412 1191 511 1224 peccati
526 1191 566 1218 sui
581 1192 799 1227 magnitudinem,
815 1193 900 1228 iisque
913 1195 1007 1222 adrer-

215 1241 259 1260 sns
273 1243 301 1262 se
314 1237 431 1263 evocatis
444 1237 564 1265 abducta:
583 1243 677 1266 erunt:
693 1240 725 1265 ab
740 1239 794 1271 illo,
811 1240 929 1276 inquam,
947 1242 1004 1275 die,

215 1280 308 1307 timere
323 1285 350 1308 et
363 1282 504 1310 formidare
518 1284 624 1311 demum
642 1289 756 1319 oportet.
777 1286 912 1321 Progressi
929 1296 1006 1315 nant-

215 1326 325 1359 que,,ad
342 1335 387 1354 vos
402 1328 481 1355 etiam
497 1329 621 1362 venient,
637 1331 687 1357 nisi
705 1331 874 1365 resipiscatis.
890 1334 1004 1369 Aitqne:

215 1371 255 1397 Ab
268 1371 312 1398 illo
322 1372 364 1400 die
375 1373 488 1401 adducet
498 1383 553 1402 eos.
564 1375 620 1403 Non
631 1377 702 1403 enim
715 1377 793 1404 simul
807 1386 866 1406 cum
881 1379 1006 1409 Israelita:

215 1416 410 1446 abducerentur
422 1440 430 1452 ,
452 1420 488 1447 illi
509 1421 578 1456 capti
600 1426 673 1456 sunt,
688 1423 733 1450 sed
750 1431 841 1458 parum
857 1424 1006 1454 intercessit

215 1463 351 1496 temporis.

249 1508 276 1534 8.
290 1508 365 1543 Quod
380 1511 458 1545 igitur
472 1512 544 1545 dicit,
557 1512 608 1540 hoc
619 1519 669 1546 est,
686 1514 798 1543 Decreto
811 1523 859 1544 suo
873 1521 935 1545 tunc
947 1518 1004 1547 dies

213 1552 272 1581 illas
293 1554 520 1586 induxisset:scd
542 1561 712 1594 exspectabat
728 1562 811 1595 Deus,
833 1568 859 1590 et
875 1565 1005 1598 patienter

215 1598 325 1632 ferebat,
351 1601 454 1629 etianni
477 1603 531 1638 jam
557 1609 618 1632 tunc
644 1612 750 1640 peccata
774 1609 903 1643 supplicio
926 1610 1004 1645 digna

212 1651 316 1679 essent;
340 1648 364 1674 id
378 1649 448 1683 quod
462 1658 532 1685 saepe
553 1651 639 1680 facere
653 1654 807 1686 consuevit,
822 1661 849 1682 ut
863 1663 922 1683 cum
938 1658 1006 1684 assi-

211 1697 307 1725 gnatus
321 1694 378 1722 dies
400 1696 550 1729 advenerit,
565 1698 650 1726 adhuc
665 1701 841 1734 procrastinct
854 1707 880 1729 et
894 1708 1003 1731 cuncte-

210 1743 268 1770 tur;
290 1741 360 1774 quod
376 1747 418 1768 est
441 1744 584 1771 maximum
607 1745 756 1774 clementia:
779 1748 837 1782 ejus
860 1749 1002 1785 indicium,

212 1791 316 1811 necnon
326 1792 510 1820 argumentum
523 1790 694 1823 conspicuum
706 1792 798 1826 ingrati
810 1800 902 1821 eorum
911 1796 1002 1828 animi,

212 1829 256 1861 qui
272 1829 328 1863 ejus
350 1831 510 1866 indulgentia
537 1835 645 1867 nolunt,
660 1841 689 1862 ut
706 1844 753 1871 par
772 1844 860 1871 esset,
885 1841 931 1867 uti.
949 1841 1004 1872 Hoc

213 1873 291 1907 igitur
304 1875 339 1902 ait
355 1876 404 1904 hoc
420 1877 489 1911 loco,
504 1879 558 1913 jam
573 1885 635 1908 tunc
648 1890 744 1918 nempe
755 1885 1002 1921 commutationem,

209 1918 263 1952 jam
278 1925 340 1947 tunc
354 1921 470 1949 divinam
487 1924 552 1951 iram
567 1925 694 1960 adfuisse,
706 1934 734 1955 ut
745 1930 874 1964 sttpplicio
885 1931 918 1959 ad
934 1933 1004 1961 fores

212 1964 338 1999 adducto,
351 1967 479 1996 excitaret
498 1971 530 1997 ad
546 1972 729 2006 poznitetttiam
740 1995 748 2006 ,
765 1976 890 2004 meliores
906 1979 1002 2007 redde-

211 2013 262 2043 ret,
277 2016 303 2037 et
319 2017 378 2046 post
392 2013 496 2041 illorum
511 2017 641 2044 excidium
658 2019 683 2045 itt
699 2027 798 2054 angore
811 2024 1001 2058 constitueret,

210 2062 306 2089 neque.
324 2057 384 2091 quia
400 2058 436 2085 illi
457 2060 562 2088 abducti
582 2062 703 2097 fuerant,
721 2065 746 2092 lti
763 2074 828 2094 vero
840 2067 1001 2104 effugerant,

209 2101 268 2127 ideo
280 2104 418 2138 segniores
433 2106 537 2134 fierent.
556 2109 599 2136 18.
614 2109 650 2136 Et
663 2112 708 2138 erit
721 2112 746 2139 in
760 2113 801 2140 die
815 2115 877 2149 illa,
895 2101 1003 2145 sibilabit

209 2146 334 2175 Dominus
359 2152 471 2184 muscis,
497 2162 554 2188 qum
579 2155 776 2185 dominabuntur
798 2160 867 2193 parti
890 2163 1003 2197 ﬂuminis

207 2192 326 2229 rEgypIi.
342 2195 434 2224 Viden‘
445 2206 488 2226 me
499 2207 550 2227 non
565 2200 664 2229 frustra
677 2203 787 2237 dixisse,
798 2192 1000 2240 ipsum'tnetum

207 2248 305 2275 augere
318 2243 462 2278 volentem,
476 2245 511 2273 ab
520 2246 563 2274 illa
573 2247 616 2275 die
624 2250 858 2280 comminationem
869 2253 1000 2285 intulisse.

206 2285 270 2318 Qua:
282 2294 429 2323 Sequuntur
442 2291 530 2326 itaque
543 2293 593 2320 ltoc
605 2293 731 2328 indicant,
744 2298 818 2331 queis
829 2299 910 2327 verbo
920 2301 1001 2328 timo—

208 2339 264 2358 rem
281 2333 383 2368 incutit,
398 2337 531 2364 excrcitus
543 2339 594 2365 illis
604 2339 754 2374 declarans,
765 2343 809 2376 qtti
820 2343 1000 2374 formidabiles

207 2377 271 2411 ipsis
284 2385 361 2407 erant
372 2401 378 2413 ,
393 2386 419 2408 et
436 2383 579 2412 invasionis
593 2385 746 2414 facilitatem
761 2388 957 2424 demonstrans,
973 2392 1000 2420 id

206 2424 276 2458 quod
289 2424 348 2452 illos
361 2427 502 2456 admodum
517 2432 689 2466 percellebat,
703 2435 837 2462 exercitus
850 2437 999 2466 multitudi-

207 2476 268 2495 nem
278 2469 395 2498 indicans
404 2473 423 2504 ι,
433 2474 502 2508 quod
514 2476 619 2504 illorum
631 2478 734 2506 animos
744 2481 859 2508 maxime
872 2484 997 2512 terrebat.

206 2514 270 2543 Hrrc
285 2525 364 2551 porro
378 2520 465 2547 omnia
485 2521 510 2547 in
533 2524 704 2557 sequentibus
724 2526 910 2555 subindieavit.
932 2530 1000 2557 Ani-

207 2568 278 2587 munt
292 2567 380 2589 atttem
394 2564 490 2593 adhibe
505 2574 510 2592 :
526 2566 559 2593 Et
572 2569 617 2595 erit
627 2569 652 2596 in
668 2570 708 2597 die
718 2571 772 2603 illa,
786 2573 879 2607 inquit,
891 2575 1000 2602 sibilabit

206 2605 331 2634 Dominus
355 2610 457 2637 muscis.
482 2611 585 2640 Muscas
609 2614 651 2642 ltic
673 2618 778 2644 vocavit
796 2618 950 2654 (Egyptios,
965 2622 999 2650 ob

207 2652 398 2687 impudentiam
412 2661 439 2683 et
454 2657 678 2693 inverecundiam,
691 2666 717 2688 et
726 2663 795 2697 qttod
805 2652 877 2699 saepe
888 2652 997 2701 repulsi,

240 2739 247 2754 ³
266 2742 324 2775 Reg.
339 2745 364 2765 et
375 2741 585 2781 sav'il,,‘eajercittts
594 2745 831 2781 gladiumindirans.
840 2753 885 2778 Sed
897 2754 999 2781 Savilius

203 2769 229 2803 in
237 2769 348 2805 margine
358 2773 433 2802 ponit,
447 2769 507 2804 forte
516 2769 753 2811 exet-ciiiisﬂoipuin;

205 2806 253 2815 ...ω
264 2806 456 2815 ......_..-........-..

949 2801 954 2809 ι
989 2801 997 2805 -

202 2801 256 2830 pius
264 2801 437 2842 interpretatur
443 2801 600 2842 ias-ﬁngimus;
613 2805 679 2842 vero,
687 2818 747 2840 στῖφςς
754 2818 761 2839 ;
768 2813 832 2837 nullo
840 2801 997 2842 sintiiiiutiiiie

204 2835 289 2855 vocum
301 2833 389 2858 ductus
397 2833 468 2860 unam
480 2833 549 2862 alteri
562 2833 760 2866 substitueudain'

575 124 603 152 S.
623 123 761 152 JOANNIS
780 123 1016 152 CHRYSOSTOMI
1036 123 1194 153 ARCIIIEP.
1215 124 1482 156 CONSTANTINOP.

1827 128 1867 160 88'

1068 189 1140 217 strpe
1154 183 1300 218 instarent,
1318 195 1404 222 neque
1421 189 1551 217 tantillum
1567 192 1700 227 respirare
1716 195 1780 230 ipsis
1795 204 1858 225 con-

1067 228 1204 264 cederent,
1220 232 1267 258 sed
1282 239 1352 268 διιτρο
1365 234 1416 262 illis
1429 243 1554 264 sexcenta
1568 240 1671 273 negotia
1687 241 1858 275 facesserent.

1067 279 1095 300 ιιι
1109 283 1207 303 tnnsc:e
1220 278 1384 313 vulneribus,
1399 282 1438 308 sic
1451 284 1576 311 continue
1590 285 1706 320 ipsorum
1725 290 1856 318 calamita-

1067 320 1136 347 tibus
1151 321 1314 352 insistentes.
1332 326 1384 354 llos
1401 328 1479 361 igitur
1500 330 1577 359 ducet
1600 333 1682 366 Deus;
1702 344 1752 364 nec
1772 342 1860 365 tamen

1065 365 1142 398 dixit,
1157 368 1250 403 Ducet,
1266 371 1312 398 scd
1324 373 1450 408 Sibilabil,
1464 375 1616 405 facilitatem
1630 365 1758 409 ascensus
1769 390 1858 411 osten-

1065 412 1141 444 dens.
1166 420 1194 441 et
1218 416 1450 453 inexpugnabilem
1473 423 1519 450 Dci
1547 426 1708 460 potentiam,
1735 431 1859 465 quodque

1064 458 1177 486 sufficiat
1191 467 1270 488 nuttts
1284 463 1341 498 ejus
1355 470 1383 492 ιιι
1395 467 1482 493 omnia
1496 475 1650 502 sequantur.
1667 473 1812 510 Meritoque
1827 477 1860 502 alt

1065 503 1105 530 Itis
1116 508 1296 535 comtninandi
1313 510 1414 538 ittitiuttt
1429 512 1500 540 ducit
1514 524 1572 549 qua:
1583 516 1638 550 jatn
1651 521 1754 553 experti
1769 527 1856 549 erant.

1063 549 1098 576 Et
1111 551 1163 584 npi,
1176 560 1232 586 qum
1243 559 1278 580 est
1291 555 1316 581 in
1328 561 1393 583 terra
1403 558 1574 594 Assyriorum.
1585 549 1669 598 Syrus
1680 571 1707 592 ct
1718 566 1855 597 lleirra‘us.

1064 601 1092 622 ut
1105 597 1187 625 aiunt.
1210 608 1261 627 tton
1278 602 1385 636 dicunt,
1402 606 1488 639 Apes,
1503 608 1560 641 sed,
1575 597 1714 639 Crubrones
1725 613 1764 649 (α)
1790 615 1855 648 Qui:

1062 644 1133 670 enim
1149 653 1201 672 non
1214 647 1272 674 illos
1286 649 1373 677 adhuc
1383 651 1525 680 admodum
1541 657 1643 690 experti
1659 664 1745 692 erant,
1763 661 1856 690 insecti

1062 688 1143 724 hujus
1159 692 1273 728 imagine
1287 694 1311 721 in
1327 696 1489 726 anxietatem
1506 700 1565 727 illos
1582 702 1715 737 ingentem
1728 707 1856 741 conjicie-

1062 734 1116 766 bat,
1136 735 1198 764 hinc
1219 738 1357 767 declarans
1378 742 1481 771 illorum
1496 745 1704 782 vehementiam,
1721 753 1854 786 pungendi

1062 781 1114 807 vim
1130 787 1208 817 atque
1223 787 1372 820 pugnandi,
1389 789 1527 818 vulnerum
1550 794 1738 829 acerbitatem,
1755 798 1855 824 velori-
1872 827 1875 830 _

1062 831 1142 854 tatem
1165 829 1294 859 adventus
1307 853 1314 865 ,
1338 841 1366 860 se
1387 835 1421 862 ab
1436 836 1474 862 cis
1491 839 1578 865 luendi
1598 839 1791 871 difficultatem.
1810 846 1853 873 19.

1061 873 1095 900 Et
1110 876 1206 903 venient
1221 883 1244 904 et
1257 880 1408 914 requiescant
1427 890 1512 910 omnes
1532 885 1557 912 in
1573 887 1678 915 vallibus
1690 890 1800 925 regionis
1810 913 1816 924 ,
1832 896 1854 918 et

1060 920 1085 946 in
1100 920 1266 955 foraminibus
1285 931 1430 961 petrarum,
1454 934 1477 956 et
1496 931 1522 957 in
1543 932 1685 968 speluncis,
1709 942 1732 962 et
1747 937 1772 963 in
1785 937 1855 965 omni

1060 966 1163 1000 ﬁssura,
1179 973 1203 995 et
1222 969 1248 996 in
1263 973 1330 998 omni
1353 973 1431 1008 ligno.
1449 974 1587 1003 Enarratis
1599 979 1717 1013 gentium
1733 985 1834 1010 terrore
1844 1005 1851 1016 ,

1059 1012 1246 1048 exercitusque
1274 1017 1428 1051 celeritate,
1456 1021 1651 1050 multitudinem
1676 1024 1782 1052 domum
1809 1035 1853 1054 re-

1059 1063 1160 1085 censet.
1172 1059 1229 1087 Non
1248 1061 1323 1095 dixit,
1332 1062 1603 1100 Castrametabuntur,
1612 1069 1668 1101 sed.
1678 1070 1851 1107 Iirquiescrut,

1061 1111 1147 1139 neque
1161 1112 1287 1134 venturos
1300 1111 1374 1143 quasi
1384 1111 1416 1137 ad
1429 1111 1552 1140 lto~tilem
1562 1116 1709 1150 regionem,
1720 1119 1765 1145 sed
1777 1121 1852 1153 qua~i

1060 1149 1086 1176 in
1104 1153 1210 1186 propria
1224 1153 1326 1181 deliciis
1337 1163 1366 1183 se
1378 1157 1525 1192 dedituros,
1537 1162 1610 1194 quasi
1624 1163 1695 1188 nullo
1707 1163 1796 1191 labore
1811 1165 1851 1193 vel

1059 1195 1247 1232 defatigatione
1262 1206 1369 1236 egeant,
1385 1204 1430 1230 sed
1446 1206 1519 1239 quasi
1534 1207 1567 1233 ad
1581 1213 1680 1235 certant
1697 1210 1832 1241 victoriam
1843 1232 1851 1244 ,

1059 1247 1086 1269 et
1099 1249 1215 1277 paratam
1231 1247 1356 1280 prcedatu.
1371 1249 1471 1277 Idcirco
1483 1252 1527 1284 ait,
1545 1252 1647 1280 Veniant
1657 1257 1849 1290 etut/uincent,

1059 1288 1129 1322 qttod
1146 1290 1261 1319 victores
1282 1293 1398 1327 indicat,
1425 1300 1552 1331 tropmum
1576 1300 1726 1334 erigentes,
1749 1307 1776 1330 et
1794 1309 1851 1337 post

1059 1335 1172 1362 multum
1202 1337 1326 1366 sudorem
1354 1341 1503 1376 multasque
1527 1344 1615 1372 (‘33ch
1642 1348 1849 1381 requiescentcs.

1057 1379 1149 1416 Neque
1165 1382 1190 1409 in
1204 1386 1346 1420 campestri
1363 1387 1447 1414 solunt
1464 1389 1522 1416 loco
1536 1391 1718 1426 requiescent;
1730 1395 1775 1421 sed
1789 1396 1850 1429 quia

1059 1425 1188 1455 immensa
1213 1435 1275 1457 sunt
1297 1433 1454 1467 multitudo,
1478 1443 1531 1462 non
1551 1444 1634 1471 capax
1653 1439 1703 1466 erit
1724 1441 1796 1475 regio
1813 1446 1849 1468 tot

1058 1480 1212 1509 corporum,
1227 1477 1274 1504 sed
1285 1479 1377 1512 valles,
1388 1487 1479 1514 petrae,
1494 1488 1607 1517 montes,
1621 1484 1714 1518 Saltus,
1724 1492 1749 1513 et
1760 1491 1850 1515 Omnia

1058 1520 1218 1556 obtegentur
1238 1524 1412 1554 barbarorum
1438 1530 1604 1563 corporibus.
1620 1532 1784 1567 Quamquam
1799 1537 1849 1563 etsi

1058 1574 1110 1594 non
1123 1573 1174 1596 tam
1187 1570 1289 1598 feroces
1301 1572 1420 1605 fuissent,
1430 1582 1513 1610 neque
1523 1577 1562 1603 sic
1576 1584 1701 1613 superattt
1711 1579 1800 1608 faciles
1812 1582 1850 1617 (ὑ)

1057 1618 1151 1647 erant,
1173 1616 1316 1644 multitudo
1331 1620 1428 1654 quippe
1446 1621 1594 1650 sufficiebat
1606 1625 1638 1651 ad
1654 1625 1714 1653 illos
1727 1633 1850 1655 conster-

1058 1659 1298 1696 nendos:quando
1320 1669 1408 1692 autem
1430 1671 1570 1702 utrumque
1592 1669 1702 1703 aderat,
1726 1677 1754 1700 et
1778 1678 1849 1700 tanta

1058 1706 1215 1741 multitttdo,
1231 1714 1258 1735 ct
1272 1715 1324 1736 tant
1346 1711 1439 1746 ingens
1455 1715 1570 1748 potentia
1582 1736 1589 1748 ,
1604 1721 1630 1743 et
1645 1718 1715 1752 quod
1730 1720 1849 1748 omnium

1056 1752 1242 1786 gravissimum
1258 1760 1308 1785 est.
1327 1757 1363 1783 ira
1382 1757 1426 1785 Dei
1443 1760 1589 1788 exercitum
1603 1761 1714 1795 ducens,
1729 1772 1788 1798 qum
1803 1765 1847 1792 de-

1057 1806 1128 1826 tttunt
1144 1807 1205 1834 spes
1224 1801 1334 1829 salutis?
1349 1803 1413 1831 lllttd
1428 1813 1492 1832 vero
1502 1827 1510 1839 ,
1524 1806 1558 1834 In
1579 1810 1648 1836 omni
1663 1811 1770 1844 ﬁssura,
1787 1819 1810 1839 et
1824 1811 1850 1837 iu

1057 1844 1125 1870 omni
1141 1844 1210 1880 ligno
1222 1866 1229 1879 ,
1254 1846 1425 1883 hyperbolice
1442 1851 1541 1879 dictum
1556 1858 1607 1881 est.
1623 1854 1715 1890 Neque
1733 1858 1804 1884 enim
1822 1859 1848 1884 itt

1056 1889 1197 1918 arboribus
1211 1897 1287 1920 erant
1302 1895 1418 1929 requiem
1437 1899 1556 1932 capturi;
1573 1901 1619 1926 sed
1635 1902 1724 1935 simul,
1740 1909 1767 1930 ut
1783 1904 1850 1942 disi,

1057 1935 1228 1972 hyperbolcm
1245 1940 1358 1968 obscure
1371 1942 1504 1977 adhibuit,
1529 1951 1556 1972 ct
1579 1947 1605 1972 in
1620 1949 1776 1983 metaphora
1790 1958 1844 1978 cra-

1056 1983 1169 2011 bronum
1184 1986 1290 2014 mansit.
1730 1987 1731 1990 ¹

1091 2029 1137 2057 Ira
1148 2031 1195 2058 Dei
1207 2033 1338 2061 novacula.
1351 2050 1387 2055 —-
1400 2035 1444 2063 20.
1467 2035 1498 2063 1η
1516 2038 1557 2064 die
1573 2038 1620 2066 illa
1637 2041 1708 2067 radat
1723 2040 1847 2070 Dominus

1056 2077 1180 2103 novacula
1201 2078 1334 2106 inebriato.
1359 2079 1493 2110 Timorem
1521 2092 1567 2118 per
1586 2087 1719 2114 exercitus
1741 2093 1848 2116 auctum

1055 2129 1160 2148 rursum
1180 2125 1334 2158 amplificat,
1349 2126 1381 2152 ad
1402 2128 1656 2158 ezrlumserntouetn
1674 2136 1730 2159 tran
1747 2133 1846 2168 ferens,

1055 2168 1254 2205 ostendensque
1270 2179 1322 2198 non
1344 2172 1471 2200 barbaros
1491 2176 1618 2210 quosdam
1639 2176 1779 2213 {Egyptios
1801 2183 1848 2209 aut

1054 2213 1161 2248 Persas,
1177 2216 1223 2244 sed
1239 2217 1321 2244 Deum
1331 2226 1391 2247 esse
1403 2221 1447 2255 qui
1460 2221 1560 2250 Jttdteis
1571 2223 1670 2252 bellum
1689 2225 1779 2255 infert.
1792 2227 1847 2255 Νοο

1054 2261 1176 2288 vaculam
1202 2267 1290 2290 autem
1312 2264 1355 2291 hic
1370 2273 1446 2293 vocat
1471 2267 1663 2297 intolerandam
1684 2271 1743 2305 ejus
1767 2273 1846 2306 iram,

1054 2314 1132 2342 quam
1149 2317 1227 2337 nemo
1243 2310 1313 2339 ferre
1323 2312 1417 2346 possit,
1432 2313 1508 2342 facile
1523 2316 1691 2346 invadentent
1709 2324 1736 2347 et
1750 2327 1848 2348 consu‘

1055 2359 1182 2381 mentem.
1196 2355 1425 2389 Quemadmodum
1434 2361 1504 2386 cuitn
1520 2362 1562 2395 pili
1577 2364 1697 2397 corporis
1709 2368 1848 2394 novacula:

1053 2401 1138 2428 aciem
1156 2410 1208 2428 non
1232 2404 1373 2437 sustinent,
1395 2406 1441 2432 sed
1456 2407 1545 2434 statim
1562 2410 1660 2437 cedunt
1682 2416 1708 2438 et
1722 2413 1822 2441 abeunt
1837 2420 1848 2446 ε

1053 2447 1092 2475 sic
1105 2452 1132 2476 et
1145 2455 1188 2476 res
1198 2449 1314 2479 Judaicm
1328 2452 1393 2479 iratn
1409 2454 1481 2481 illam
1500 2463 1514 2481 a
1530 2454 1585 2483 Deo
1603 2458 1748 2487 imntissam
1765 2468 1850 2489 nutu:

1053 2502 1132 2529 quam
1147 2497 1331 2531 sustinuerint,
1352 2500 1399 2526 ait.

1088 2541 1114 2567 9.
1136 2539 1269 2570 Novacula
1284 2544 1364 2578 igitur
1383 2546 1510 2573 inebriata
1532 2549 1665 2583 vigentem
1688 2551 1847 2586 plenamque.

1053 2587 1098 2614 Dei
1114 2587 1190 2620 iram,
1206 2590 1420 2625 completamque
1442 2595 1600 2621 sententiam
1625 2595 1700 2623 ttobis
1716 2597 1844 2625 declarat.

1052 2633 1127 2665 Quod
1154 2639 1242 2661 autent
1270 2637 1330 2662 ait:
1347 2634 1428 2664 Trans
1454 2637 1548 2672 [lumen
1576 2641 1641 2676 regis
1665 2641 1844 2678 Assyriorum,

1082 2731 1117 2762 (ιι)
1136 2735 1190 2756 tunc
1202 2737 1270 2757 certe
1282 2733 1314 2756 ab
1333 2734 1453 2769 imperitis
1476 2735 1574 2760 edidicit
1585 2737 1776 2769 Chrysostomus.
1789 2745 1844 2767 Nam

1049 2772 1074 2797 ia
1086 2773 1188 2800 Hebrteo
1199 2775 1290 2806 legitur
1308 2764 1414 2804 73111151
1424 2796 1430 2808 ,
1445 2780 1466 2800 et
1475 2776 1525 2809 api.

1082 2817 1116 2848 ([ι)
1135 2818 1160 2842 ln
1176 2823 1271 2860 laqueo,
1288 2826 1338 2860 Wst
1350 2827 1396 2848 «ιω
1412 2828 1483 2860 δέξιν.
1501 2825 1614 2850 Libenter
1636 2827 1733 2852 credam
1755 2828 1846 2860 aliquid

1049 2851 1148 2876 deesse.
1159 2854 1184 2875 et
1195 2851 1323 2878 divinando
1332 2851 1500 2881 locum'tlatine
1516 2862 1661 2883 convertere
1673 2851 1770 2885 coactus
1779 2851 1844 2884 sim;
