2072 3122
139 165 172 192 κθ
767 166 798 193 IN
819 165 945 200 lSAIAM,
965 166 1041 194 CAP.
1063 167 1129 198 Vlll.
1748 178 1783 207 90

139 229 210 250 trans
223 221 390 257 Euphratem
409 222 533 250 videlicet
548 230 554 248 :
573 227 601 249 ut
618 227 677 250 erat
694 222 786 250 Juda-a
807 228 834 250 et
847 223 932 250 Palat-

139 269 206 295 stina
215 267 304 294 omnis
314 274 330 294 a
343 267 454 295 Perside
464 267 646 295 redeuntibus.
659 267 722 295 Huic
732 267 820 303 itaque
832 268 931 301 omnia,

140 314 235 349 inquit,
256 313 367 348 penitus
387 313 498 341 delebit.
514 312 600 348 Caput
619 317 719 346 autem,
735 313 854 348 capillos,
872 313 933 341 bar-

141 361 199 387 bam
214 364 241 386 et
263 359 356 394 pedes,
383 360 536 387 universam
557 359 693 394 regionem
713 359 778 387 dicit
793 360 844 387 sub
862 367 935 387 com-

141 406 278 440 paratione
292 405 425 440 corporis,
446 412 558 439 eamque
571 409 654 432 totam
675 412 798 432 sermone
817 405 936 440 comple-

140 454 230 484 ctitur,
248 451 474 486 quemadmodum
488 451 563 479 initio
576 451 680 480 dicebat
694 461 700 478 :
715 451 795 479 Omne
813 457 889 487 caput
900 453 934 478 ad

139 498 262 532 taborem,
277 502 301 524 et
314 505 387 524 omne
402 506 446 524 cur
464 498 498 524 ad
510 498 633 525 dolorem.
648 498 670 524 Α
691 498 795 532 pedibus
810 506 887 533 usque
899 498 933 525 ad

138 547 215 578 caput
230 551 281 570 non
295 548 331 570 est
343 544 371 570 in
385 551 414 571 eo
426 544 521 571 sanitas
536 543 612 579 (Isai.
625 544 647 571 l.
666 544 693 571 5.
705 543 733 579 6)
748 553 755 571 :
770 551 822 571 non
833 544 867 572 de
881 551 933 572 uno

139 593 241 616 tantum
253 589 346 616 dicens
357 589 474 622 homine,
490 589 537 617 sed
554 593 636 616 totam
650 589 786 624 regionem
799 590 845 617 uni
859 597 933 617 com-

139 642 236 668 parans
253 635 371 669 corpori.
394 634 449 662 Hoc
463 639 551 662 autem
574 635 618 663 hic
633 635 716 662 dicit:
730 640 812 663 totam
834 641 932 664 terram

137 688 218 716 grave
233 680 380 708 subituram
396 681 553 716 supplicium
569 688 638 708 esse.
653 682 685 708 Et
699 681 750 709 hoc
762 682 869 717 quidem
885 690 933 717 per

139 727 308 760 novaculam,
324 727 388 754 illud
405 735 471 755 vero
488 735 536 763 per
548 729 668 763 corporis
682 729 823 763 imaginem
842 729 932 756 decla-

139 774 217 806 ravit,
244 773 401 806 ostendens,
424 773 562 801 decretum
588 781 603 800 a
626 774 680 801 Deo
705 774 786 801 latum
810 775 931 802 acerbius

139 826 217 853 quam
232 819 388 846 novaculam
408 819 553 854 quamlibet
566 823 592 847 et
607 819 728 847 homines
743 824 770 847 et
783 824 861 848 terra:
875 820 932 848 fru—

137 868 197 892 ctus
217 869 436 899 consumpturum
449 885 457 897 ,
483 865 608 900 illamque
624 865 722 892 nudam
748 870 775 893 et
797 866 929 893 desertam

137 909 294 936 relicturum
315 917 383 937 esse.
410 909 510 937 Deinde
525 910 583 945 ejus
604 911 755 938 vastitatem
780 918 826 945 per
852 911 930 939 aliam

137 955 364 989 comparationem
380 955 500 983 exhibet.
516 954 597 989 ldque
613 955 675 982 facit
694 963 792 983 curans
807 960 836 983 ut
851 956 930 984 timor

138 1009 245 1035 semper
257 1001 348 1036 vigens
361 1005 477 1034 maneat,
489 1006 516 1029 et
527 1009 610 1037 angor
621 1002 784 1037 longitudine
798 1004 930 1031 sermonis

138 1054 191 1073 non
205 1046 349 1074 minuatur.
364 1047 398 1074 Et
412 1047 519 1082 quidem
532 1047 637 1075 videtur
657 1048 701 1075 hic
721 1055 810 1076 sermo
825 1049 867 1082 iis,
883 1049 929 1085 qui

135 1096 191 1120 non
205 1093 355 1123 attendunt.
371 1093 493 1128 quaedam
514 1093 644 1122 bonorum
665 1095 794 1129 promissa
809 1095 929 1130 comple-

138 1138 172 1165 cti
189 1147 195 1165 :
211 1138 257 1166 sed
269 1139 314 1173 qni
334 1143 459 1166 accurate
479 1143 641 1172 scrutantur,
655 1140 742 1167 sciunt
757 1140 871 1175 ingentis
883 1148 929 1168 va-

139 1185 237 1211 stitatis
250 1192 309 1211 esse
319 1185 583 1212 demonstrationem.
600 1185 668 1219 Quid
685 1188 755 1213 enim
770 1187 826 1213 ait?
837 1187 882 1214 21.
897 1187 929 1214 Et

138 1231 184 1257 erit
205 1231 232 1257 iu
254 1231 296 1257 die
313 1230 371 1265 illa,
392 1232 484 1259 nutriet
506 1232 580 1260 lwma
593 1233 697 1260 vitulam
716 1233 800 1268 boum,
819 1239 842 1262 et
865 1234 929 1262 duas

137 1284 204 1303 oves.
226 1276 271 1303 22.
291 1276 324 1303 Et
339 1277 396 1310 erit,
418 1285 450 1304 ea:
469 1278 578 1313 plurima
600 1279 702 1314 potione
721 1280 803 1314 lactis,
818 1281 930 1308 comedet

138 1322 266 1357 butyrum,
281 1323 340 1357 quia
353 1323 470 1359 butyrum
492 1328 516 1351 et
537 1325 586 1351 ntel
600 1325 710 1352 comedet
730 1327 812 1353 ontnis
825 1327 928 1354 relictus

137 1377 213 1403 super
223 1373 324 1395 terram.
338 1369 393 1397 Hoc
403 1370 523 1404 multam,
535 1375 564 1398 ut
575 1371 639 1404 dixi,
655 1372 805 1400 vastitatem
818 1373 927 1401 indicat.

136 1414 218 1441 Terra
233 1414 305 1441 enim
321 1422 381 1450 quae
392 1415 552 1442 frumentum
572 1420 599 1443 ct
612 1416 740 1444 hordettm
752 1418 863 1450 ferebat,
879 1418 928 1446 ho-

136 1459 252 1487 minibus
267 1460 403 1494 destituta,
416 1461 525 1488 uberem
541 1461 738 1496 pabulationcm
752 1463 844 1490 ovibus
859 1471 928 1499 pra-

137 1504 220 1537 hebit,
234 1509 262 1532 et
277 1505 312 1532 ita
324 1505 444 1539 uberem,
466 1511 493 1533 ut
511 1506 546 1533 ob
560 1507 749 1535 abundantiam
765 1509 824 1536 talis
838 1509 926 1544 pabuli

135 1551 268 1578 sufﬁciant
278 1559 342 1580 oves
356 1552 414 1580 duae
427 1557 454 1580 et
468 1561 518 1580 una
534 1553 625 1587 vitula,
642 1559 670 1581 ut
682 1555 828 1589 possessori
841 1555 928 1584 fontes

137 1597 211 1624 lactis
223 1597 369 1631 prmbeant.
390 1598 479 1634 Itaque
494 1599 656 1627 abundantia
671 1601 760 1635 pabuli
776 1601 925 1634 brutorum,

135 1642 286 1669 solitudinis
300 1642 437 1670 hominum
450 1645 594 1671 maximum
607 1650 647 1672 est
662 1649 860 1680 argumentum.
877 1646 927 1673 Mt'l

135 1695 241 1722 quoque
261 1688 326 1715 illud
340 1689 508 1716 subindicat:
523 1690 611 1717 solent
625 1691 696 1717 enim
712 1698 775 1725 apes
790 1691 814 1718 in
831 1691 926 1718 solitu-

135 1733 241 1760 dinibus
253 1733 374 1761 lubenter
387 1735 498 1768 versari,
511 1735 554 1762 tibi
568 1735 710 1763 abundanti
722 1743 782 1763 esca
794 1737 925 1770 fruantur,

135 1782 162 1805 et
183 1778 226 1804 ubi
243 1778 330 1805 nullus
345 1779 379 1806 sit
394 1779 439 1814 qui
458 1779 604 1815 perturbet.
627 1780 660 1808 Ut
676 1788 739 1808 vero
751 1781 838 1808 discas
854 1781 925 1808 illam

135 1824 268 1858 ingentem
288 1825 459 1853 solitudinem
488 1826 674 1861 subindicare,
700 1835 732 1855 ex
754 1828 926 1863 sequentibus

134 1867 199 1895 disci
214 1875 311 1905 potest.
327 1871 371 1897 23.
393 1870 425 1897 Et
442 1871 486 1898 erit
504 1872 531 1898 in
550 1872 590 1899 die
607 1872 664 1906 illa,
687 1873 729 1900 ubi
744 1873 837 1908 fuerint
856 1875 925 1901 mille

134 1915 211 1942 autem
225 1916 294 1943 mille
313 1917 444 1950 siclorum,
459 1917 484 1944 iu
497 1918 618 1945 incultam
633 1923 716 1951 erunt,
735 1924 760 1946 et
773 1920 800 1946 in
812 1919 923 1955 spinam.

133 1956 177 1984 24.
191 1957 254 1985 Cum
267 1959 359 1993 sagitta
371 1963 395 1985 et
412 1967 472 1986 arcu
484 1960 656 1994 ingredientur
669 1960 742 1995 illuc,
757 1962 817 1996 quia
830 1962 925 1989 inculta

132 2008 155 2030 et
165 2003 248 2037 spinis
261 2004 341 2031 obsita
354 2005 400 2031 erit
412 2005 493 2032 omnis
513 2010 591 2033 terra.
605 2006 728 2041 Magnum
748 2013 775 2035 et
790 2007 841 2035 hoc
854 2007 924 2035 infe-

132 2048 239 2075 licitatis
253 2049 357 2084 signum
377 2054 428 2081 est.
443 2050 511 2085 quod
527 2058 579 2078 non
602 2056 707 2079 montes
726 2057 754 2080 et
773 2053 857 2086 silvae,
875 2053 924 2081 sed

132 2093 188 2128 ipsa
200 2093 310 2122 arabilis
330 2099 412 2129 terra,
427 2103 488 2130 quae
509 2096 651 2131 diligenter
665 2097 813 2131 colebatur,
833 2098 924 2133 spinas

131 2138 208 2171 ferat.
230 2139 322 2174 Neque
333 2140 406 2167 enim
423 2145 522 2169 temere
536 2142 673 2170 vinearum
688 2143 802 2178 pretium
822 2144 921 2179 posuit,

131 2185 176 2212 sed
193 2189 222 2212 ut
243 2189 365 2227 naturam
378 2190 456 2214 terra:
471 2186 677 2221 demonstraret,
699 2189 861 2224 multamque
877 2197 923 2217 co-

131 2230 253 2258 lonorum
268 2237 369 2258 curam.
383 2231 505 2260 Attamen
520 2233 563 2260 illa
573 2241 631 2268 qua:
645 2234 717 2269 prius
730 2239 781 2262 tam
795 2243 922 2270 prospera

131 2281 215 2309 erant,
231 2277 326 2312 inquit,
341 2282 369 2305 et
381 2279 555 2313 agricolarum
575 2280 696 2308 manibus
709 2281 874 2316 fruebantur,
888 2282 916 2309 in

132 2327 231 2350 tantam
252 2328 337 2351 vertet
358 2324 541 2359 solitudinem,
563 2330 591 2353 ut
603 2327 693 2361 spinas
712 2334 761 2362 pro
780 2328 864 2356 vineis
884 2328 922 2356 fe-

131 2375 199 2403 rant,
214 2374 242 2397 et
252 2374 355 2398 tantum
369 2371 498 2399 incutiant
516 2372 724 2407 ingredientibus
739 2378 879 2409 terrorem,
893 2379 922 2403 ut

131 2422 208 2442 nemo
219 2415 318 2443 audeat
332 2416 419 2444 nudus
433 2421 459 2443 ct
479 2417 537 2445 sine
551 2417 633 2445 armis
648 2418 771 2447 introire.
791 2419 846 2447 lloc
856 2428 921 2448 vero

129 2460 174 2492 ait,
189 2460 360 2489 solitudinem
373 2462 424 2489 loci
438 2462 586 2496 declarans,
601 2463 765 2499 multamque
776 2465 828 2492 illis
839 2465 866 2493 in
882 2465 921 2493 lo-

129 2506 166 2533 cis
179 2506 295 2534 fcrarum
307 2507 493 2542 frequentiam.
505 2508 611 2537 Illorum
623 2510 712 2545 itaque
722 2509 811 2539 animo
824 2512 920 2540 timore

128 2552 261 2586 perculso,
275 2553 395 2588 ipsisque
409 2553 560 2582 vehementi
579 2555 686 2583 incusso
709 2560 793 2589 metu,
813 2565 919 2585 rursum

127 2605 277 2626 semionem
293 2606 389 2634 parum
406 2600 527 2634 remittit,
542 2601 612 2629 bona
635 2601 796 2636 admiscens,
814 2611 918 2631 necnon

127 2646 298 2673 mutationem
319 2646 346 2672 in
375 2646 533 2679 melius;ut
560 2648 685 2683 utrinque
707 2649 753 2676 Dei
773 2651 918 2684 potentiam

127 2696 311 2725 agnoscerent.
332 2692 433 2720 Verum
455 2693 481 2720 in
506 2693 668 2722 terribilibus
691 2694 789 2723 diutius
809 2697 916 2732 insistit,

127 2738 190 2765 bona
210 2746 276 2766 vero
291 2739 385 2766 statim
408 2745 438 2766 ut
457 2739 533 2774 dixit,
549 2740 711 2769 intermittit.
727 2742 837 2776 Quare?
851 2743 917 2777 Quia

126 2784 172 2812 hoc
191 2786 311 2813 maxime
326 2785 519 2820 increpationis
539 2787 683 2821 pharmace
704 2792 767 2816 tunc
781 2789 915 2824 egebant;

125 2831 155 2857 ita
171 2836 197 2858 ut
210 2835 356 2867 postquam
369 2831 477 2867 copiose
493 2833 557 2860 illud
574 2834 706 2868 apposuit,
721 2842 774 2869 quo
784 2835 854 2863 sinat
867 2843 916 2871 pa-

123 2884 225 2915 rumper
246 2878 399 2914 reSpirare,
427 2883 454 2906 et
474 2878 536 2906 hinc
560 2880 639 2907 etiam
660 2880 693 2907 ad
720 2881 843 2909 virtutem
867 2889 915 2910 eos

994 231 1096 258 evocet,
1118 227 1186 254 bona
1200 227 1391 261 intermisceat,
1412 229 1504 258 dicens
1519 231 1583 259 :25.
1608 231 1697 259 Omnis
1711 242 1781 261 mons

991 278 1077 303 aratro
1090 273 1205 301 sulcatus
1226 275 1353 303 arabitur.
1372 272 1601 309 Quemadmodum
1620 281 1693 308 enim
1713 280 1782 309 irato

991 319 1056 353 Deo,
1077 321 1157 347 etiam
1173 320 1247 348 ferax
1261 321 1382 356 planities
1398 323 1512 352 solitudo
1525 325 1576 352 erit
1589 334 1595 352 :
1610 326 1649 354 sic
1664 327 1708 354 illo
1722 327 1781 362 pla-

989 370 1060 397 cato,
1077 366 1156 393 etiam
1172 367 1230 394 loca
1241 374 1334 402 aspera
1347 369 1493 404 pinguioris
1509 375 1586 399 terrae
1597 373 1778 401 conditionem

989 412 1137 446 nequirent,
1158 418 1186 440 et
1206 419 1323 442 aratrum
1343 416 1478 451 excipient
1500 421 1579 453 atque
1603 426 1706 447 semen.
1731 420 1780 448 His

989 465 1070 492 perro
1090 460 1213 493 peractis,
1240 461 1320 489 etiam
1341 469 1372 490 ea
1391 470 1451 498 qua:
1477 464 1533 492 hinc
1559 471 1709 502 sequuntur
1730 467 1781 495 ad-

988 508 1076 537 erunt,
1094 512 1155 539 pax,
1178 505 1298 539 libertas,
1316 508 1421 541 fiducia,
1440 518 1489 537 nec
1504 510 1574 539 ullus
1592 512 1642 539 erit
1658 512 1736 540 timor
1750 518 1779 540 ut

988 550 1099 584 pridem.
1114 551 1180 579 Nam
1193 553 1241 586 ait,
1257 553 1317 581 Non
1327 554 1482 591 ingredietur
1495 556 1548 584 illic
1562 557 1645 585 timor.
1661 558 1718 586 Erit
1731 567 1779 585 au-

988 599 1036 622 tent
1055 597 1086 623 ab
1100 597 1195 624 inculta
1209 602 1286 632 terra,
1309 604 1332 626 et
1352 609 1368 627 a
1380 601 1455 636 spina
1472 602 1500 629 in
1515 611 1610 636 pascua
1630 604 1693 637 ovis,
1713 609 1736 632 et
1750 606 1778 632 its

987 642 1201 670 conculcationem
1215 643 1292 671 bouis.
1315 645 1366 672 Per
1387 646 1445 674 hzec
1464 655 1556 676 rursus
1571 656 1615 677 res
1635 657 1778 685 prosperas

986 687 1126 721 significat,
1150 689 1219 716 sicut
1239 693 1266 717 et
1283 690 1394 718 ulterius
1413 693 1586 727 progrediens
1609 695 1665 722 ait:
1680 695 1777 723 Beatus

985 733 1028 766 qui
1050 734 1156 761 seminat
1177 743 1254 770 super
1277 744 1375 763 omnem
1397 745 1499 772 aquam,
1522 740 1562 766 ubi
1585 740 1628 768 bos
1648 745 1671 767 et
1691 742 1778 769 asinus

985 779 1084 807 calcant
1109 779 1185 815 (Isai.
1209 781 1251 809 32.
1273 782 1331 818 20).
1357 783 1585 817 Quemadmodum
1607 787 1689 820 enim,
1715 795 1776 815 cunt

985 827 1156 855 solitudinem
1170 829 1228 856 vult
1239 829 1399 864 signiﬁcare,
1414 830 1522 859 Sirenas
1536 836 1563 860 et
1576 833 1776 862 Onocentauros

985 873 1010 900 in
1030 874 1145 901 medium
1161 875 1268 903 adducit
1285 875 1360 912 (Isai.
1376 878 1420 905 15.
1442 877 1488 905 21.
1508 878 1554 914 22)
1568 887 1575 906 :
1588 880 1636 912 sic,
1653 888 1713 908 cum
1728 889 1776 915 pa-

984 926 1041 946 cem
1055 924 1082 947 et
1092 921 1273 958 securitatem,
1288 922 1411 950 animalia
1426 929 1564 952 mansueta
1580 930 1607 952 et
1618 926 1775 959 tractabilia,

984 973 1096 1001 qumque
1127 968 1296 1002 agricultura:
1326 969 1475 998 inserviunt
1498 971 1596 1006 ubique
1631 972 1775 1007 conspicua

984 1011 1100 1045 exhibet,
1117 1013 1206 1040 abhis
1219 1021 1249 1041 ea
1263 1022 1323 1050 qua:
1342 1023 1433 1043 eorum
1457 1017 1603 1044 ministerio
1617 1018 1682 1045 fiunt
1703 1018 1774 1046 indi-

983 1064 1059 1091 cans,
1070 1059 1258 1093 agriculturam
1272 1066 1299 1088 et
1309 1060 1359 1089 alia
1374 1070 1466 1090 eorum
1477 1063 1632 1091 ministeria.

1277 1127 1389 1156 CAPUT
1415 1129 1480 1156 Vlli.

984 1184 1008 1211 1.
1030 1183 1063 1210 Et
1082 1184 1117 1210 ait
1137 1183 1261 1212 Dominus
1282 1185 1316 1212 ad
1337 1194 1377 1212 me
1392 1193 1401 1213 :
1414 1185 1494 1214 Sume
1507 1187 1552 1214 tibi
1573 1191 1666 1214 tomum
1680 1189 1774 1217 charta:

1018 1237 1126 1261 nouum,
1152 1238 1286 1265 magnum,
1309 1236 1334 1257 et
1354 1232 1433 1259 scribe
1453 1232 1480 1258 in
1501 1240 1531 1259 eo
1558 1234 1623 1268 stylo
1644 1233 1773 1266 hominis,

1017 1280 1044 1302 ut
1076 1275 1192 1303 velociter
1227 1276 1440 1310 depratdatiuuem
1466 1278 1544 1312 faciat
1574 1278 1723 1314 spoliarunt.
1744 1281 1773 1308 2.

1018 1322 1094 1349 Adest
1104 1323 1170 1350 enim
1184 1330 1194 1349 :
1206 1327 1228 1350 et
1236 1327 1309 1351 testes
1320 1324 1381 1350 mihi
1394 1324 1435 1358 [ac
1445 1326 1531 1359 ﬁdeles
1545 1325 1668 1361 homines,
1685 1325 1708 1354 υ
1710 1326 1774 1354 riam

1017 1367 1170 1395 sacerdotem
1189 1368 1215 1402 ',
1242 1373 1264 1396 et
1277 1369 1430 1397 Zachariam
1444 1371 1526 1404 ﬁlium
1537 1369 1681 1400 Barachia'.
1695 1372 1722 1400 5.
1742 1372 1774 1400 Et

1017 1419 1108 1443 accessi
1115 1415 1150 1443 ad
1160 1417 1352 1451 prophetissam,
1368 1421 1390 1444 et
1402 1417 1428 1444 in
1442 1423 1510 1444 utero
1525 1418 1630 1453 accepit,
1644 1424 1667 1446 et
1677 1419 1773 1454 peperit

1021 1461 1110 1488 ﬁlium.
1125 1460 1160 1488 Et
1178 1462 1242 1488 dixit
1261 1461 1323 1489 mihi
1337 1461 1462 1490 Dominus
1477 1469 1486 1490 :
1511 1462 1581 1490 Voca
1598 1472 1689 1491 nomen
1706 1464 1772 1499 ejus,

1017 1508 1072 1535 Cito
1085 1508 1177 1543 spolia,
1198 1508 1322 1536 Velositer
1344 1509 1469 1544 prcedere.
1491 1510 1519 1537 4.
1547 1509 1613 1542 Quia
1637 1515 1772 1546 antequam

1016 1551 1078 1577 sciat
1095 1559 1156 1585 puer
1171 1559 1259 1578 vocare
1272 1555 1369 1586 patrem
1388 1556 1432 1578 aut
1453 1556 1569 1585 matrem,
1593 1553 1700 1588 accipiet
1723 1553 1773 1580 vir-

1017 1601 1094 1623 tutem
1108 1596 1228 1624 Damasci
1242 1601 1266 1624 et
1278 1597 1360 1632 spolia
1376 1597 1501 1625 Samaria:
1515 1605 1601 1625 coram
1620 1606 1678 1634 rege
1691 1597 1756 1633 Assy
1766 1613 1772 1618 -

1016 1651 1119 1670 norunt.

1016 1702 1041 1728 1.
1063 1700 1124 1728 lliec
1145 1701 1197 1729 duo
1218 1707 1348 1737 prtecepta
1371 1701 1515 1729 secundum
1531 1702 1633 1730 literam
1648 1702 1772 1729 videntur

980 1747 1089 1774 Omnino
1111 1747 1215 1774 diversa
1230 1755 1290 1775 esse
1302 1768 1309 1781 ,
1325 1748 1443 1782 nihilque
1457 1755 1598 1775 commune
1616 1747 1715 1776 habere
1728 1757 1734 1774 :
1747 1748 1771 1775 si

979 1793 1038 1828 quis
1063 1800 1126 1820 vero
1148 1793 1339 1820 sententiarum
1352 1794 1404 1820 vim
1427 1798 1551 1821 accurate
1573 1793 1770 1828 exploraverit,

980 1838 1088 1865 multam
1104 1837 1202 1865 videbit
1216 1839 1242 1865 in
1254 1845 1286 1866 ea
1299 1846 1329 1866 re
1342 1839 1543 1866 consonantiam
1560 1843 1586 1866 et
1607 1834 1687 1866 unum
1709 1846 1770 1866 sco-

978 1892 1052 1920 pum.
1064 1884 1246 1912 Necessarium
1258 1889 1346 1912 autem
1360 1890 1401 1912 est
1414 1885 1486 1920 prius
1497 1885 1585 1912 dicere
1597 1892 1645 1912 cur
1657 1885 1771 1920 prophe.

979 1932 1013 1958 tia
1029 1931 1055 1958 in
1073 1930 1209 1958 hominum
1223 1930 1302 1958 vitam
1318 1931 1424 1958 inducta
1442 1930 1484 1958 sit.
1508 1930 1562 1958 Cur
1582 1938 1645 1966 ergo
1667 1931 1770 1958 invecta

977 1978 1029 2011 sit,
1044 1985 1153 2005 necesse
1172 1982 1214 2005 est
1235 1977 1333 2005 dicere.
1356 1978 1428 2006 Solet
1452 1978 1521 2005 Deus
1543 1978 1576 2005 ad
1599 1985 1691 2013 poenas
1707 1985 1770 2013 pec-

977 2024 1100 2051 cantibus
1113 2023 1265 2051 inferendas
1279 2023 1397 2051 cunctari
1413 2029 1439 2051 et
1455 2024 1659 2058 procrastinare,
1676 2031 1770 2059 quem-

978 2070 1120 2098 admodum
1144 2074 1280 2106 promptus
1300 2071 1425 2105 celerque
1439 2075 1480 2098 est
1492 2070 1524 2097 ad
1541 2070 1667 2098 beneficia
1688 2070 1770 2105 probe

977 2116 1124 2144 viventibus
1136 2116 1294 2151 praestanda.
1307 2115 1362 2143 Hoc
1376 2116 1401 2143 id
1415 2116 1496 2143 efﬁcit
1509 2121 1537 2143 ut
1550 2117 1684 2150 segniores
1697 2116 1769 2143 deci-

977 2162 1049 2194 dant,
1064 2170 1096 2190 eo
1111 2162 1181 2197 quod
1195 2162 1261 2189 ultio
1273 2162 1404 2189 scelerum
1420 2170 1471 2189 non
1483 2170 1499 2189 e
1509 2161 1619 2196 vestigio
1631 2166 1767 2196 sequatur.

976 2208 1011 2236 Ut
1026 2216 1090 2244 ergo
1105 2208 1174 2235 Deus
1187 2208 1340 2243 patientiam
1352 2214 1425 2235 suam
1437 2207 1572 2239 exhibeat,
1581 2214 1667 2242 neque
1681 2211 1767 2234 tamen

977 2254 1014 2282 illi
1032 2254 1094 2281 hinc
1116 2254 1252 2289 segniores
1275 2254 1406 2285 evadant,
1428 2252 1574 2288 prophetia:
1595 2253 1767 2287 pharmacum

975 2304 1100 2336 apparat,
1116 2307 1169 2327 non
1187 2300 1377 2335 suppliciorum
1391 2299 1582 2334 experimento,
1599 2297 1645 2326 sed
1659 2298 1766 2326 interim
1810 2315 1818 2322 ι

976 2346 1141 2381 praescientia
1153 2346 1277 2374 erudiens
1292 2350 1454 2380 peccatores,
1466 2349 1493 2372 ut
1506 2345 1527 2372 si
1543 2344 1640 2372 auditis
1652 2344 1766 2372 commi-

975 2391 1125 2419 nationibus
1149 2392 1275 2419 meliores
1297 2392 1430 2424 evadant,
1447 2397 1532 2425 pcenae
1553 2389 1766 2425 experimentum

974 2438 1108 2473 depellant
1122 2446 1129 2465 :
1143 2438 1184 2465 sin
1203 2445 1267 2465 vero
1288 2437 1346 2465 sine
1366 2445 1444 2465 sensu
1468 2441 1609 2470 maneant,
1623 2442 1687 2464 tunc
1701 2436 1766 2472 ipsis

974 2485 1131 2520 supplicium
1143 2483 1247 2512 inferat.
1260 2483 1315 2511 Hoc
1329 2483 1491 2518 perspiciens
1504 2482 1634 2516 diabolus,
1645 2487 1674 2510 et
1686 2489 1766 2517 quan-

974 2536 1030 2559 tum
1046 2531 1107 2558 hinc
1119 2531 1186 2558 lucri
1200 2530 1268 2557 foret
1282 2530 1410 2565 cogitans,
1420 2529 1666 2564 pseudoprophetas
1676 2529 1765 2556 immi-

974 2579 1018 2610 sit,
1033 2577 1075 2609 qui
1089 2576 1226 2612 prophetis
1240 2575 1401 2603 minantibus
1415 2575 1512 2602 famem
1525 2595 1532 2607 ,
1549 2579 1659 2610 pestem,
1681 2574 1763 2607 bella,

973 2624 1146 2652 barbarorum
1161 2622 1340 2650 incarsionem
1351 2642 1359 2655 ,
1372 2621 1589 2649 contradicebant
1599 2641 1607 2654 ,
1622 2619 1707 2648 fausta
1717 2627 1766 2647 an—

973 2669 1135 2697 nuntiantes.
1151 2666 1380 2701 Quemadmodum
1395 2667 1466 2694 enim
1488 2666 1558 2693 Deus
1577 2670 1649 2693 metu
1670 2665 1765 2692 verbo-

972 2722 1032 2742 rum
1046 2714 1154 2742 volebat
1165 2713 1288 2748 supplicii
1302 2712 1511 2748 experimentum
1525 2711 1669 2746 depellere,
1685 2710 1723 2738 sic
1738 2715 1763 2736 ct

972 2759 1093 2788 diabolus
1107 2759 1268 2787 contrarium
1281 2758 1459 2794 operabatur;
1475 2758 1616 2786 verborum
1632 2754 1763 2784 illecebris

971 2813 1019 2834 eos
1042 2805 1180 2834 emolliens
1201 2810 1228 2833 et
1251 2805 1389 2840 segniores
1416 2803 1548 2837 reddens,
1577 2802 1762 2830 necessitatem

1005 2886 1014 2903 ι
1031 2885 1094 2916 Vox,
1106 2884 1263 2916 sacerdotem,
1274 2884 1347 2910 deest
1356 2884 1380 2909 in
1392 2882 1472 2908 attuli:
1483 2885 1547 2907 Lxx.
