2046 3123
292 180 321 206 υί
496 208 501 214 ,
628 176 655 203 S.
678 175 816 203 JOANNIS
836 172 1069 201 CHRYSOSTOMI
1091 172 1247 200 AllCllllil‘.
1268 172 1532 200 (ION‘STAN'I'INOI’.
1890 174 1915 200 Ἡ

290 236 416 264 alterebat
428 239 457 262 nt
471 235 597 270 supplicia
614 234 699 268 reipsa
712 233 905 267 experirentur.
920 231 1000 262 llinc,
1016 230 1078 264 quia

293 288 381 318 postea
404 279 642 316 pseudoprophetis
667 279 744 305 tidem
770 278 916 309 habentes,
931 284 962 304 ac
980 276 1082 302 vii-tutis

291 327 445 354 exercitium
459 328 669 354 contemnentes,
684 323 730 350 sed
744 323 769 349 in
785 322 898 356 peccatis
911 322 965 347 suis
981 328 1083 354 perma-

293 377 385 399 nentes
396 393 404 404 ,
418 371 467 399 sibi
483 370 639 405 supplicium
655 368 824 405 attrahebant
835 387 842 400 ,
858 374 887 393 ac
905 374 950 401 pcr
984 365 1084 392 exitum

293 417 479 453 prophetarum
491 416 588 443 veritas
598 414 794 445 ostendebatur,
805 417 830 440 et
842 411 1084 447 pseudopropheta-

293 472 349 492 rum
362 463 528 491 mendacium
539 462 720 496 detegebatur,
737 460 815 487 aliam
831 466 921 486 rursus
934 458 1083 485 machinam

293 513 403 544 apparat
424 508 456 535 ad
478 515 568 535 eorum
584 506 726 541 perniciem
741 505 784 540 qui
800 513 829 532 se
847 504 968 538 intercipi
983 504 1082 530 sinunt.

291 554 463 582 Suasitenim
483 554 556 587 ipsis,
571 552 614 587 qui
630 551 741 585 deccptu
758 551 848 577 faciles
863 555 948 581 erant.
966 550 1012 577 has
1026 557 1084 583 qua:

293 600 445 626 accidebant
461 598 623 626 calamitates
639 605 671 624 ex
691 598 841 623 dlUlllOllqu
859 597 894 623 ira
919 595 1060 629 provenire
1074 615 1081 627 ,

293 645 362 680 quod
378 645 410 671 ab
425 645 488 679 ipsis
502 644 697 678 ucgligercntnr
711 650 742 668 ac
762 641 898 675 despectui
913 641 1082 667 haberentur.

295 691 368 718 lianc
390 691 468 724 igitur
491 689 622 716 fallaciam
646 693 673 715 ut
693 688 798 715 tolleret
819 688 897 719 Deus,
920 692 981 713 ante
1003 686 1082 712 multa

295 741 414 770 tempora
437 742 495 769 qua:
520 734 571 760 illis
593 738 719 761 eventura
742 737 827 764 erant,
845 732 896 758 imo
918 731 1004 766 potius
1024 738 1084 765 qua:

293 783 364 817 ipsos
378 781 601 816 comprehensum
616 785 691 807 erant
711 779 778 806 mala
800 778 958 813 prmnuntiat
971 798 977 808 ,
993 782 1020 804 ut
1039 777 1084 812 qtti

292 829 350 855 illos
364 828 530 861 decipiebant
542 834 593 853 nnn
604 830 712 860 possent
724 825 768 852 ine
780 825 928 851 dannonum
943 823 992 850 hos
1005 831 1083 850 even-

294 879 335 901 tus
357 873 517 900 adscribere.
543 872 618 905 Quod
642 875 730 898 autem
753 879 805 896 non
833 878 880 904 per
903 868 1082 903 conjecturam

293 920 351 946 hcce
364 919 468 951 dicam,
485 917 545 944 audi
570 917 662 944 Isaiam
675 917 806 943 dicentem
822 924 828 941 :
845 915 904 943 Srio
924 915 983 950 quia
1005 914 1083 941 durus

292 973 327 997 es,
344 970 367 990 et
382 972 470 990 nervus
491 964 586 998 ferreus
601 961 694 989 collum
709 967 779 988 tuum
789 981 795 993 ,
811 966 833 987 et
854 961 927 996 frons‘
945 965 988 986 tua
1003 968 1082 986 tcnea.

291 1009 355 1036 Ideo
368 1009 398 1036 ab
411 1009 482 1036 initio
501 1008 619 1044 loquutus
639 1016 693 1034 sunt
709 1007 770 1039 tibi,
785 1015 814 1033 ne
827 1006 896 1032 dicas
910 1013 919 1032 :
933 1005 1007 1032 Idola
1022 1005 1084 1031 mihi

292 1057 411 1090 fecerunt,
424 1059 445 1082 et
460 1054 587 1089 sculptilia
598 1059 620 1080 et
630 1054 770 1088 con/latitia
785 1053 848 1079 mihi
861 1053 982 1087 fecerunt.
996 1051 1086 1086 Net/ue

292 1100 376 1133 nosti,
393 1108 470 1135 neque
494 1100 582 1126 audita
604 1102 673 1135 fuere
696 1098 837 1133 tibi(1sai.
865 1098 909 1125 48.
934 1099 961 1125 4.
985 1098 1010 1125 5.
1034 1098 1082 1132 8).

292 1146 357 1179 Quia
373 1146 462 1180 igitur,
479 1149 506 1172 ut
520 1145 640 1172 dicebam
652 1165 658 1176 ,
676 1148 756 1178 utque
768 1151 801 1171 ex
822 1143 973 1170 testimonio
992 1142 1084 1170 videre

293 1196 342 1223 est,
364 1191 530 1218 da-mouibus
557 1190 600 1217 illa
624 1189 829 1222 adscribebant,
847 1189 918 1216 venit
943 1189 1082 1223 prophetia

294 1237 361 1263 hanc
377 1235 471 1263 tollens
483 1235 612 1268 fraudem,
621 1240 646 1263 et
656 1243 686 1262 ea
697 1239 758 1262 ante
769 1235 850 1262 multa
863 1239 978 1270 tempora
989 1234 1083 1269 przedi-

293 1289 365 1309 ccns.
380 1281 432 1309 Sed
450 1281 510 1316 quia
531 1281 610 1308 etiam
631 1281 669 1308 sic
687 1280 830 1307 verisimile
847 1284 904 1307 erat
917 1287 973 1311 eos,
988 1279 1082 1314 ingrati

293 1335 352 1355 cum
368 1331 468 1359 eSsent,
481 1327 598 1354 dicturos
613 1334 682 1358 esse,
694 1326 750 1353 Non
766 1325 933 1360 praedixistis,
946 1333 997 1352 non
1012 1326 1083 1359 prius

293 1374 449 1404 audivimus,
464 1380 533 1400 nunc
552 1373 577 1400 id
601 1373 698 1407 ﬁngitis
713 1376 773 1407 post
785 1377 907 1399 eventum
923 1381 930 1398 :
945 1379 997 1399 non
1013 1372 1083 1400 enim

294 1420 377 1447 nostis
390 1427 421 1446 ea
434 1427 492 1454 qua:
505 1425 631 1446 eventura
646 1422 707 1445 sunt
717 1428 723 1445 :
734 1417 865 1446 undenam
879 1425 942 1452 ergo
956 1417 981 1444 id
998 1417 1082 1452 palam

293 1466 353 1498 erit,
365 1465 435 1500 quod
455 1473 549 1500 nempe
569 1465 668 1492 dictum
686 1464 786 1491 fuerit?
800 1463 859 1491 vide
877 1464 1010 1499 quomodo
1033 1464 1083 1491 illis

293 1513 364 1540 clare
376 1512 541 1539 ineluctabile
557 1516 630 1546 paret
644 1515 839 1545 argumentum,
853 1510 1013 1545 impudentia
1025 1518 1085 1537 eon-

292 1566 373 1585 sucus
395 1566 450 1584 ora.
466 1557 523 1584 Non
544 1558 613 1584 enim
636 1556 763 1592 permittit
785 1561 812 1583 ut
832 1560 932 1583 tantum
945 1555 1024 1588 dicat,
1037 1555 1083 1582 sed

291 1604 366 1638 jubet
381 1604 406 1630 in
427 1603 516 1631 charta
531 1603 608 1629 scribi
624 1610 654 1629 ca
667 1610 726 1637 qua‘.
750 1602 888 1635 dicuntur;
905 1610 991 1636 neque
1005 1602 1084 1629 modo

293 1650 384 1683 scribi,
400 1657 432 1676 ne
455 1650 545 1676 liceret
559 1649 597 1676 eis
613 1648 709 1680 dicere,
727 1648 783 1675 lloe
805 1654 897 1683 postea
921 1648 1014 1682 ﬁnxit;
1030 1649 1077 1676 sed

293 1696 373 1723 etiam
390 1699 470 1722 testes
490 1694 648 1729 scriptorum
663 1699 740 1721 vocat
754 1694 873 1721 homines
887 1694 937 1721 ﬁde
950 1694 1043 1729 dignos
1058 1698 1084 1721 et

294 1749 307 1767 a
320 1741 445 1775 dignitate
460 1743 487 1766 et
501 1747 515 1766 a
531 1747 634 1766 morum
651 1739 789 1774 probitate.
801 1739 866 1766 Nam
881 1740 918 1767 ait
934 1748 940 1766 :
956 1739 1010 1767 Fac
1022 1740 1083 1766 milii

293 1791 380 1818 testes,
408 1785 493 1819 ﬁdeles
509 1785 619 1811 homines
631 1805 638 1816 ,
657 1783 745 1811 Uriant
760 1785 932 1819 sacerdotem,
948 1791 969 1812 et
984 1786 1084 1813 Zacha-

292 1835 378 1865 riam;
394 1837 422 1860 ut
436 1832 540 1867 quando
556 1839 642 1859 rerum
659 1832 746 1859 exitus
760 1832 826 1864 erit,
843 1836 869 1859 et
891 1833 926 1859 illi
950 1833 1083 1866 dixerint,

293 1877 356 1904 Ihec
370 1882 431 1904 ante
446 1877 529 1904 multa
550 1881 668 1911 tempora
695 1884 746 1903 non
768 1877 837 1904 dicta
863 1877 937 1904 fuere
950 1898 956 1910 ,
972 1878 1083 1906 eductus

293 1923 360 1949 liber
372 1927 398 1950 et
414 1927 496 1950 testes
509 1923 552 1957 qui
566 1923 677 1950 aderant
691 1922 886 1957 impudentibus
899 1924 950 1950 illis
965 1931 995 1951 os
1008 1924 1084 1951 obtu-

293 1973 361 1995 rent.
388 1967 449 1995 ldeo
461 1968 517 2001 ait,
532 1967 610 1994 Sume
623 1967 716 1994 charta:
731 1973 823 1994 tomum
846 1977 935 1995 uovmn
947 1989 954 2001 ,
972 1973 999 1995 ιιι
1013 1978 1046 1997 nc
1061 1970 1084 1996 si

293 2018 367 2040 vetus
376 2013 431 2047 jam
453 2013 503 2044 sit,
518 2013 571 2040 cito
585 2018 692 2047 pereat;
708 2013 754 2040 sed
768 2013 812 2048 qui
827 2014 909 2040 multo
923 2014 1000 2042 duret
1016 2020 1084 2041 tem-

293 2067 367 2094 pore,
383 2064 407 2085 et
421 2066 466 2093 per
480 2059 576 2093 srripta
594 2059 653 2086 illos
667 2059 777 2086 incuset.
794 2059 826 2086 Et
836 2059 916 2086 scribe
929 2061 993 2094 stylo
1006 2061 1083 2087 Itami-

292 2105 330 2132 uir
340 2127 347 2137 ,
362 2105 385 2132 id
399 2109 441 2132 est
463 2105 580 2137 calamo,
595 2113 651 2139 qnw
665 2107 750 2140 [litura
763 2110 829 2131 sunt.
854 2106 982 2138 Qumuam
996 2105 1082 2132 futura

292 2152 371 2178 sunt?
384 2151 495 2183 Bellula,
506 2151 615 2178 victoria
627 2151 809 2184 barbarorum,
822 2151 965 2186 spoliorum
979 2151 1083 2186 deprae-

290 2196 362 2224 datio
372 2217 378 2229 ,
395 2197 551 2224 exuviarum
566 2196 666 2230 rapina.
689 2196 750 2223 ΙΙ.υο
764 2197 851 2231 itaque
865 2198 968 2230 omnia,
983 2198 1081 2232 inquit,

292 2243 400 2276 scribe,
415 2242 449 2270 Ut
473 2243 587 2269 uelociter
600 2242 810 2277 deprwdationem
833 2243 908 2277 faciat
931 2244 1078 2278 spoliarunt.

291 2289 366 2315 Adest
380 2289 455 2315 enirn.
467 2287 534 2320 Quid
550 2287 598 2314 sibi
614 2287 668 2314 vult
681 2287 753 2320 illud,
767 2288 843 2314 Adest
857 2288 939 2314 enim?
953 2288 1013 2315 "illi:
1025 2289 1077 2315 duo

290 2335 420 2369 signiﬁcat
434 2343 439 2360 :
452 2341 546 2368 nempe
554 2334 609 2369 jam
623 2338 684 2360 tunc
695 2339 860 2368 peccatorum
874 2334 1080 2368 magnitudinem

292 2381 418 2407 ultionem
431 2381 582 2414 expetiisse,
594 2384 621 2407 et
632 2379 657 2406 in
670 2379 768 2406 foribus
779 2380 833 2414 jam
848 2387 907 2407 esse
918 2380 1059 2407 vindictam
1073 2389 1080 2407 :

292 2427 376 2460 ipsum
393 2434 456 2453 vero
471 2426 599 2458 cunctari,
613 2426 737 2460 patientia
753 2433 799 2453 sua
812 2427 903 2454 volens
918 2426 977 2452 illos
991 2426 1082 2452 melio-

291 2480 334 2499 res
348 2472 469 2504 rcddere,
480 2478 505 2499 et
518 2473 643 2499 ultionem
658 2480 783 2498 amovere
797 2481 803 2498 :
819 2472 920 2506 ipsique
935 2471 1009 2498 liteile
1023 2480 1081 2498 esse

290 2518 349 2544 solo
363 2522 426 2544 nutu
447 2518 534 2544 omnia
556 2517 588 2544 ad
610 2517 732 2544 effectum
750 2517 904 2552 perducere.
929 2517 994 2550 Quia
1010 2518 1080 2544 cnim

290 2563 324 2590 de
336 2562 455 2590 barbaris
467 2571 555 2589 sermo
570 2567 627 2589 erat
637 2583 643 2592 .
656 2563 699 2597 qui
715 2563 810 2589 bellum
829 2563 922 2589 illaturi
938 2568 1029 2595 erant,
1044 2563 1081 2590 Ne

291 2608 398 2643 putetis,
414 2607 507 2642 inquit,
519 2608 568 2634 via:
581 2608 781 2642 longitudinem,
796 2609 980 2642 exercitusque
993 2608 1081 2635 multi-

291 2655 407 2682 tudinem
430 2653 625 2680 cunetationcm
646 2654 785 2687 quamdam
808 2653 945 2681 allaturam
963 2661 1038 2686 esse;
1055 2655 1080 2681 id

290 2700 361 2735 quod
376 2700 444 2727 solet
461 2699 530 2734 apud
547 2699 669 2726 homines
684 2700 813 2727 accidere.

324 2747 352 2773 9..
369 2745 422 2772 Deo
436 2745 505 2772 adest
518 2746 539 2772 is
551 2745 594 2780 qui
608 2746 695 2779 procul
708 2750 753 2772 est.
765 2745 871 2772 -—-Nam
887 2745 942 2773 Deo
966 2746 1042 2774 adest
1058 2746 1080 2774 is

292 2795 335 2828 qui
351 2792 442 2828 procul
457 2796 497 2819 est
511 2801 517 2818 :
534 2792 568 2818 ita
583 2791 736 2818 facillimum
753 2792 801 2826 ipsi
823 2797 863 2819 est
885 2800 937 2819 uno
954 2793 1080 2828 temporis

292 2844 427 2867 momento
450 2839 483 2865 ab
503 2839 630 2866 extremis
656 2843 733 2865 terne
761 2839 896 2872 partibus,
913 2839 1014 2866 etiamsi
1041 2839 1078 2866 illi

292 2894 386 2921 magno
401 2893 511 2913 innuero
533 2885 586 2913 sint
598 2905 605 2918 ,
622 2885 680 2912 illos
695 2885 783 2912 statim
799 2885 929 2913 adducere
954 2885 1078 2917 vobisque

1134 231 1240 257 sistere.
1255 230 1286 256 Et
1299 235 1371 257 testes
1387 230 1448 256 milii
1458 230 1498 264 [ac
1512 230 1598 264 ﬁdeles
1612 230 1733 260 homines,
1749 229 1916 257 Uriantmra.

1136 277 1228 308 dolent,
1240 283 1262 303 et
1273 276 1423 302 Zachariam
1436 276 1517 310 [ilium
1528 275 1670 302 Barac/rite.
1682 275 1764 310 Cujus
1777 276 1814 302 rci
1829 280 1900 302 testes
1913 276 1921 301 τ

1137 322 1276 356 Temporis
1292 332 1298 348 :
1315 328 1343 350 ut
1369 323 1389 349 si
1415 323 1512 357 scripta
1530 322 1669 349 calumniis
1693 323 1863 356 impctantur,
1877 321 1917 348 hos

1138 368 1223 395 mines
1237 368 1323 395 adhuc
1345 369 1462 395 viventes
1476 387 1483 400 ,
1504 367 1548 402 qui
1575 367 1636 394 dum
1666 367 1723 394 hate
1748 367 1916 394 scriberentur

1139 419 1284 447 [lrll’SClllCS
1298 417 1372 440 erant
1385 433 1392 445 ,
1410 418 1566 447 tempusque
1581 412 1701 446 apprime
1726 416 1854 439 noverant
1872 419 1916 446 quo

1137 459 1193 486 [nec
1205 460 1369 490 dicebantur,
1385 459 1486 494 possint
1498 466 1528 485 os
1542 458 1664 485 obturare
1678 457 1842 491 impudenter
1855 458 1918 485 obla-

1137 507 1276 532 trantibus.
1293 506 1385 533 Eidem
1403 505 1486 532 haeret
1499 509 1654 540 argumento
1669 505 1693 531 id
1706 505 1776 538 quod
1790 505 1915 539 sequitur,

1137 551 1234 578 clarius
1255 551 1293 578 rei
1319 551 1502 585 probationem
1527 551 1653 578 inferens.
1682 549 1820 583 Quomodo
1835 555 1860 577 et
1873 558 1916 584 qua

1137 597 1261 623 ratione?
1277 596 1333 631 Ipsa
1348 596 1428 623 verba
1443 596 1590 623 audiamus.
1605 595 1715 622 Accessit
1730 596 1812 627 enim,
1829 596 1879 628 ait,
1889 596 1917 622 ad

1139 642 1335 676 prophetissam.
1366 641 1479 669 Uxorem
1508 642 1640 677 propriam
1664 643 1701 669 sic
1717 643 1782 668 forte
1805 643 1915 674 voravit,

1136 688 1205 722 quod
1228 688 1271 714 illa
1287 688 1365 715 etiam
1389 688 1544 723 prophetico
1566 689 1666 723 Spiritu
1689 689 1794 723 dignata
1812 689 1916 715 fuisset:

1137 742 1196 760 nam
1214 742 1266 761 non
1283 735 1345 762 viris
1367 735 1445 762 modo
1461 735 1518 762 [nec
1537 743 1647 762 nmnera
1672 735 1812 767 dabantur,
1829 736 1873 763 sed
1895 737 1916 763 in

1137 780 1293 808 muliebrem
1314 781 1392 808 etiam
1408 788 1499 808 sexum
1516 782 1684 808 transierant.
1700 781 1789 816 Neque
1803 782 1872 809 cnim
1894 788 1918 809 ut

1136 826 1162 852 in
1177 827 1346 854 smcularibus
1369 827 1479 862 negotiis
1497 827 1583 854 ofﬁcia
1605 827 1816 862 distinguuntur,
1831 833 1857 855 et
1873 828 1917 855 alia

1136 873 1254 899 virorum
1270 878 1348 905 sunt,
1364 873 1413 899 alia
1430 873 1568 899 mulierum
1580 894 1587 904 ,
1601 881 1649 900 nec
1665 877 1774 908 possunt
1800 874 1851 900 ilhc
1865 874 1903 900 fun

1136 919 1238 946 ctioizes
1253 919 1321 946 inter
1335 927 1364 945 se
1378 919 1552 945 commutari:
1565 919 1600 946 ita
1615 927 1644 946 se
1659 927 1701 946 res
1717 919 1795 946 habet
1808 920 1832 946 in
1846 920 1918 954 spiri-

1137 964 1265 995 tualibus;
1282 964 1327 991 sed
1351 965 1422 998 paria
1445 970 1506 991 sunt
1527 964 1671 991 certamina
1684 986 1691 996 ,
1706 972 1859 992 communes
1877 973 1919 991 co-

1136 1017 1217 1036 ronae.
1234 1009 1266 1036 Et
1283 1009 1338 1037 hzrc
1353 1010 1441 1044 utique
1456 1009 1545 1037 videre
1561 1015 1600 1037 est
1616 1010 1641 1036 in
1660 1010 1745 1037 Veteri
1759 1015 1786 1037 et
1805 1011 1830 1037 in
1850 1010 1919 1038 Novo

1136 1056 1317 1088 Testamento,
1335 1056 1359 1082 in
1376 1050 1430 1082 ιυιό
1445 1055 1560 1082 lnnnano
1573 1063 1669 1091 genere
1683 1056 1844 1090 contingere.
1857 1057 1919 1083 Cum

1136 1101 1186 1128 hac
1200 1101 1278 1135 igitur
1290 1108 1321 1128 ex
1338 1101 1395 1136 lege
1408 1101 1570 1127 matrimonii
1584 1108 1742 1135 congressus
1762 1109 1822 1128 cum
1844 1106 1919 1132 esset,

1137 1151 1316 1181 priegnantem
1338 1147 1407 1173 illam
1421 1146 1517 1173 ell'ecit.
1542 1146 1575 1173 Et
1598 1151 1735 1182 postquam
1758 1153 1835 1175 natus
1854 1153 1921 1175 esset

1139 1200 1204 1226 puer
1215 1214 1222 1225 ,
1239 1200 1334 1219 nontcn
1350 1199 1445 1219 novum
1471 1196 1498 1219 et
1520 1191 1703 1219 admirandum
1719 1193 1767 1227 ipsi
1782 1193 1918 1228 imposuit,

1134 1237 1204 1272 quod
1224 1237 1371 1265 futurorum
1385 1237 1410 1264 bi
1419 1238 1476 1264 atmi
1487 1245 1520 1264 un
1533 1238 1762 1272 complecteretur.
1775 1238 1843 1272 Quid
1854 1240 1920 1265 enim

1136 1284 1191 1310 ait?
1217 1283 1282 1310 Vara
1295 1292 1383 1311 nomen
1396 1284 1461 1318 ejus,
1475 1283 1529 1310 Cito
1544 1283 1635 1317 spolia,
1658 1283 1778 1310 Velut-iter
1793 1285 1921 1319 prmdare:

1136 1333 1164 1355 ut
1177 1328 1281 1356 etiamsi
1295 1329 1400 1363 scriptis
1416 1328 1479 1355 ﬁdes
1493 1336 1544 1355 non
1559 1328 1701 1356 haberetur
1721 1330 1746 1356 iu
1762 1334 1832 1356 tomo
1855 1331 1921 1364 posi-

1137 1375 1180 1407 tis,
1190 1375 1330 1409 appellatio
1343 1375 1415 1410 pueri
1428 1375 1576 1402 futurorum
1589 1375 1725 1402 historiam
1735 1377 1922 1410 complectens.

1135 1426 1162 1447 et
1183 1425 1244 1448 ante
1259 1425 1381 1448 eventum
1397 1428 1483 1448 rerum
1500 1421 1630 1455 imposita,
1643 1429 1674 1448 ac
1689 1421 1841 1454 frequenter
1855 1423 1923 1448 (mini

1135 1470 1254 1500 tempore
1268 1466 1379 1500 prolata,
1395 1466 1437 1493 vel
1453 1466 1739 1500 impinlentissimorum
1755 1474 1801 1494 ora
1814 1474 1923 1494 consue-

1135 1516 1184 1538 ret.
1200 1511 1273 1544 Quod
1285 1512 1355 1538 cnim
1369 1511 1426 1539 hzec
1437 1511 1562 1546 propheta
1575 1519 1626 1539 non
1642 1517 1699 1546 post
1710 1516 1835 1540 eventum
1850 1512 1926 1539 el'lin-

1136 1557 1222 1590 xerit,
1244 1557 1291 1584 sed
1315 1557 1392 1592 longe
1416 1562 1478 1584 ante
1502 1557 1673 1592 prteviderit,
1696 1558 1775 1584 etiam
1791 1558 1807 1585 ii
1823 1558 1867 1593 qui
1893 1566 1926 1586 ex

1136 1603 1224 1630 studio
1249 1603 1342 1637 ingrati
1368 1602 1519 1638 stupidiquc
1544 1607 1620 1630 erant
1647 1603 1709 1630 hinc
1734 1608 1763 1629 ιιι
1787 1604 1927 1631 crederent

1136 1649 1229 1677 adduci
1257 1653 1398 1684 poterant,
1426 1650 1471 1684 qui
1497 1654 1560 1676 ante
1586 1657 1674 1676 rerum
1702 1654 1828 1677 eventum
1858 1650 1928 1676 hunc

1136 1702 1245 1729 puerum
1260 1695 1378 1721 viderant
1393 1694 1431 1721 sic
1445 1694 1582 1728 appellari,
1594 1698 1620 1721 et
1633 1694 1779 1721 futurarum
1793 1694 1929 1722 calamita-

1136 1742 1190 1764 tum
1217 1737 1366 1764 doctrinam
1392 1737 1431 1763 sic
1456 1735 1611 1770 praedicare.
1643 1735 1757 1771 Ideoque
1782 1736 1929 1770 prophetia:

1136 1784 1187 1811 vim
1203 1783 1389 1817 interpretatur
1399 1803 1406 1815 ,
1422 1787 1579 1816 tempusque
1593 1786 1715 1809 accurate
1729 1782 1860 1816 signiﬁcat
1887 1782 1930 1809 his

1136 1829 1223 1856 verbis
1238 1837 1244 1854 :
1261 1828 1331 1862 Quia
1346 1832 1479 1861 antequam
1503 1828 1566 1854 sciat
1584 1835 1646 1862 puer
1669 1834 1758 1853 vocare
1779 1832 1877 1862 patrem
1891 1828 1931 1854 vel

1136 1874 1364 1909 matrem,accipiet
1384 1873 1520 1908 potentiam
1538 1872 1792 1908 Damasci.etspolia
1803 1872 1931 1899 Samaria:

1135 1929 1219 1948 coram
1238 1929 1295 1955 rege
1309 1920 1479 1954 Assyriorum.
1504 1918 1579 1952 Quod
1602 1918 1684 1952 dicit,
1701 1918 1852 1953 huiusmodi
1878 1925 1930 1947 est.

1137 1967 1163 1994 ln
1180 1971 1299 2001 tempore
1312 1987 1318 1998 ,
1337 1965 1440 1999 inquit,
1457 1964 1604 1991 immatura:
1618 1964 1719 1995 :etatis,
1736 1971 1795 1990 cum
1810 1963 1931 1990 nondum

1136 2013 1218 2047 possit
1229 2011 1310 2044 loqui,
1326 2010 1435 2037 victoria
1446 2014 1472 2037 et
1485 2015 1582 2044 tropaea
1597 2012 1692 2041 erunt;
1710 2016 1761 2035 non
1776 2008 1845 2042 quod
1864 2016 1931 2042 puer

1136 2059 1216 2093 possit
1229 2058 1312 2084 aciem
1325 2057 1466 2089 instruere,
1479 2056 1621 2090 hostesque
1632 2055 1771 2090 proﬂigare
1783 2065 1790 2081 ι
1802 2055 1849 2082 sed
1859 2055 1933 2090 quod

1137 2109 1202 2131 tetas
1216 2103 1272 2134 illa,
1288 2103 1344 2130 sive
1359 2106 1462 2135 tempus
1484 2100 1548 2127 illud
1570 2100 1688 2134 elapsum
1704 2105 1846 2134 antequam
1864 2108 1935 2134 puer

1135 2150 1206 2184 loqui
1232 2149 1333 2184 possit,
1353 2148 1440 2175 omnia
1468 2145 1554 2173 tradat
1575 2145 1705 2173 hostibus.
1726 2145 1752 2172 5.
1780 2144 1812 2170 Et
1835 2145 1935 2179 adjecit

1134 2195 1259 2222 Dominus
1271 2193 1305 2220 ad
1320 2201 1358 2220 me
1372 2193 1439 2225 loqui
1453 2192 1536 2218 adhuc
1547 2198 1556 2217 :
1568 2191 1594 2218 6.
1611 2190 1649 2217 Eo
1661 2190 1728 2224 quod
1745 2198 1795 2216 non
1815 2189 1873 2216 velit
1891 2191 1936 2216 Ilia

1135 2241 1242 2276 populus
1257 2247 1348 2274 aquam
1359 2238 1467 2270 Siloam,
1479 2245 1535 2270 qua:
1551 2241 1635 2262 manat
1652 2236 1742 2270 quiete,
1760 2235 1804 2262 sed
1817 2235 1871 2262 vult
1886 2236 1937 2262 Im-

1133 2287 1190 2313 bere
1199 2286 1276 2313 [insin
1288 2289 1309 2312 et
1321 2284 1400 2318 ﬁliuni
1411 2283 1530 2310 Romeliw
1544 2291 1625 2318 regem
1638 2290 1712 2316 super
1724 2289 1778 2314 vos,
1790 2282 1815 2307 7.
1826 2288 1932 2317 propter

1134 2334 1181 2359 Itoc
1196 2340 1250 2358 erce
1260 2331 1364 2357 adducit
1378 2329 1501 2356 Dominus
1512 2337 1586 2363 super
1598 2336 1640 2355 vos
1651 2336 1740 2360 aquam
1751 2327 1867 2362 [luminis
1878 2330 1939 2362 [or-

1134 2383 1192 2409 tem,
1210 2377 1324 2408 multum,
1344 2383 1426 2410 regent
1436 2374 1605 2409 Assyriorum.
1621 2373 1690 2400 Deus
1708 2380 1755 2408 pro
1776 2380 1850 2399 more
1869 2380 1938 2402 suo,

1134 2432 1185 2452 non
1201 2424 1285 2450 solum
1301 2430 1393 2457 poenas
1408 2421 1526 2456 praedicit
1538 2441 1545 2453 ,
1562 2420 1607 2446 sed
1624 2426 1716 2446 causas
1730 2418 1824 2450 infert,
1841 2423 1869 2445 ut
1895 2419 1940 2445 sic

1133 2470 1268 2497 auditores
1289 2468 1391 2496 erudiat
1407 2476 1413 2494 :
1429 2467 1453 2494 id
1468 2467 1517 2494 hoc
1531 2466 1609 2493 etiam
1626 2465 1682 2492 loco
1695 2464 1766 2491 facit.
1782 2464 1832 2491 Ubi
1858 2466 1939 2490 (n‘m

1134 2515 1255 2551 praedixit
1281 2513 1490 2541 devastationem
1521 2519 1567 2546 per
1593 2511 1754 2545 alienigenas
1786 2510 1916 2538 futuram

1133 2562 1241 2596 abrepta
1254 2560 1346 2595 spolia,
1357 2564 1384 2586 et
1398 2559 1569 2586 barbarorum
1580 2556 1751 2591 irruptionem
1765 2556 1934 2589 praenuntia~

1133 2608 1180 2636 vit.
1196 2614 1301 2634 causam
1314 2605 1374 2632 belli
1389 2604 1461 2631 dicit.
1474 2604 1600 2637 Quamam
1615 2601 1688 2629 haec?
1702 2600 1819 2636 Ingratus
1833 2600 1939 2628 civita-

1136 2660 1188 2682 tem
1199 2652 1371 2681 incolentium
1383 2651 1497 2678 animus.
1509 2649 1649 2683 Quoniam,
1660 2647 1754 2682 inquit,
1764 2655 1824 2674 cum
1836 2654 1940 2682 regem

1134 2700 1248 2727 habeant
1271 2698 1453 2728 moderatum,
1470 2697 1560 2722 mitem
1583 2698 1609 2721 et
1635 2698 1821 2726 mansuetum,
1837 2693 1873 2720 ab
1904 2701 1945 2720 eo

1134 2746 1306 2777 rcsilicrunt,
1333 2748 1512 2778 tyrannosque
1537 2744 1672 2775 optarunt,
1688 2743 1715 2766 et
1737 2739 1786 2766 sub
1808 2739 1944 2766 alienum

1134 2792 1275 2827 imperium
1296 2790 1460 2824 transfugere
1481 2788 1567 2816 conati
1583 2792 1644 2814 sunt
1656 2807 1663 2818 ,
1680 2786 1833 2814 felicitatem
1848 2792 1941 2813 suam

1134 2847 1186 2865 nou
1201 2838 1317 2865 ferentes
1330 2857 1336 2868 ,
1353 2835 1512 2863 desiderium
1528 2841 1619 2861 eorum
1640 2832 1775 2867 copiosius
1789 2831 1916 2866 explebo
1931 2851 1941 2863 ,

1135 2885 1274 2913 barbarum
1296 2882 1436 2918 quemdam
1452 2886 1479 2909 et
1494 2880 1666 2909 inhumanum
1680 2878 1827 2907 adducens.
1843 2877 1943 2905 Meta-
