2072 3122
204 112 240 138 93
830 114 860 143 lN
881 116 1005 149 ISAIAM,
1026 117 1102 146 CAP.
1126 119 1191 147 vm.
1213 111 1217 117 '
1806 126 1840 154 9t

203 169 309 205 phoricc
324 175 406 202 porro
431 169 520 197 verbis
543 170 641 202 utitur,
658 179 747 198 mores
770 172 901 207 indigenae
925 174 994 208 regis

202 213 364 247 describens,
377 218 406 242 et
421 215 527 243 barbari
543 217 686 251 potentiam
703 226 709 244 :
723 217 748 244 id
763 226 825 245 vero
841 218 912 252 facit,
925 219 995 253 quod

202 266 304 294 semper
319 259 395 294 dixi,
412 264 441 287 ut
455 261 582 296 majorem
605 263 737 290 sermonis
760 264 896 299 emphasin
917 266 994 293 exhi-

200 305 268 332 beat.
293 304 356 332 Ideo
369 306 425 338 ait,
440 305 480 333 Eo
504 307 571 340 quod
594 308 675 335 nolint
689 316 781 344 aquam
803 310 902 337 Siloam
917 319 926 338 :
941 319 995 338 non

198 350 232 377 de
245 357 311 385 aqua
323 350 433 384 dicens,
447 351 494 379 sed
508 352 569 387 quia
583 352 643 380 fons
657 355 756 381 sensim
770 361 797 382 et
811 356 869 383 sine
882 357 994 392 strepitu

197 401 304 430 manat,
329 397 466 426 lenitatem
490 403 518 426 et
537 399 748 428 moderationem
766 401 843 436 ejus,
866 405 909 438 qui
932 407 994 432 tunc

201 442 346 477 regnabat,
364 444 508 479 tranquillo
532 452 659 480 aquarum
684 447 774 474 cursui
797 454 952 483 comparat,
967 453 994 477 et

197 487 293 516 Siloam
310 489 397 523 ipsmn
412 494 505 524 vocat,
520 491 591 525 quod
603 491 669 519 lenis
683 492 718 518 sit
730 496 758 520 et
771 499 926 522 mansuetus
943 503 950 523 :
966 495 992 522 id

194 534 266 570 quod
290 535 437 563 maximam
460 537 575 565 subditis
597 537 675 566 ntTert
698 538 929 574 criminationem,
947 541 992 576 qui

194 587 254 607 cum
270 587 323 607 non
345 588 427 615 grave
437 581 531 618 jugum
547 582 695 617 haberent,
716 591 759 612 res
780 592 862 613 novas
885 587 991 622 aggredi

195 626 352 661 tentabant,
370 628 517 664 alienisque
537 630 644 665 regibus
657 637 718 658 sese
737 630 845 659 dedere.
860 633 990 666 Quoniam

192 679 268 708 ergo,
286 671 382 708 inquit,
396 674 468 701 illum
485 674 577 702 mitem
592 676 812 712 moderatumque
828 679 931 710 nolunt,
943 678 990 706 sed

193 718 274 746 Rasin
289 723 315 746 ct
329 719 411 747 lilium
424 719 693 754 aneliaz,inducam
705 723 895 759 Babylonium;
909 725 989 759 impe<

193 769 304 799 tumque
320 766 454 793 exercitus
473 767 544 794 illius
560 774 656 802 aquam
680 768 796 796 fluminis
810 774 886 797 vocat
899 772 990 805 copio-

191 818 246 838 sant
262 815 290 837 et
304 811 502 839 vehementem.

225 856 252 884 3.
269 856 373 884 Deinde
388 858 569 893 metaphoram
584 859 721 894 explicans
734 861 780 893 ait,
797 861 891 897 Regem
905 861 984 898 Assy-

190 904 297 930 riorum.
329 904 422 932 Viden'
438 912 517 940 quam
538 906 712 934 indubitatum
727 913 853 943 appareat
870 909 896 936 id
916 909 988 944 quod

189 955 268 983 supra
282 949 418 983 diximus,
442 951 470 978 in
485 951 648 986 ‘metaphoris
664 960 760 987 nempe
777 953 941 989 Scripturam
957 962 987 983 se

189 1000 296 1028 semper
326 995 497 1030 interpretari
521 995 628 1024 solere?
651 997 726 1030 Quod
741 998 820 1026 etiam
846 999 889 1027 hic
901 999 985 1028 -fecit.

187 1039 252 1067 Cum
263 1041 338 1068 enim
350 1041 447 1069 flumen
459 1041 580 1076 dixisset,
590 1050 642 1070 non
655 1044 681 1071 in
693 1046 847 1079 metaphora
858 1046 985 1081 substitit,

188 1086 233 1114 sed
247 1087 385 1121 quodnam
403 1088 502 1116 ﬂumen
515 1096 587 1117 esset
598 1090 664 1117 dixit
676 1111 683 1123 ,
698 1090 792 1126 Regem
807 1092 966 1127 Assyriorum
976 1114 984 1127 ,

187 1137 209 1158 et
219 1140 321 1159 omnem
332 1133 439 1168 gloriam
451 1135 516 1169 ejus.
530 1131 561 1161 Et
572 1136 688 1162 ascendet
699 1145 776 1171 super
786 1146 883 1165 omnem
896 1139 985 1167 valltm

186 1183 304 1210 vestram,
322 1184 345 1205 et
359 1179 529 1207 tit-ambulabit
538 1189 614 1216 super
628 1189 726 1209 omnem
748 1191 848 1210 murum
866 1190 983 1212 uestrum.

187 1224 212 1251 8.
228 1224 260 1250 Et
278 1225 381 1259 auferet
395 1234 411 1252 ιι
422 1225 515 1253 ludam
528 1226 665 1260 hominem,
685 1228 729 1263 qui
744 1230 822 1264 possit
845 1230 926 1258 levare
939 1239 983 1257 ca-

186 1276 237 1306 put,
261 1277 310 1298 aut
336 1273 379 1307 qui
399 1273 479 1308 possit
502 1274 599 1309 aliquid
619 1275 750 1310 perﬁcere.
763 1276 797 1303 Et
815 1282 887 1305 erum
901 1283 984 1306 castra

185 1318 246 1351 ejus,
263 1318 302 1345 ita
318 1323 344 1344 ut
355 1319 477 1354 impleant
501 1319 660 1348 latitudinem
681 1322 790 1357 regionis
803 1328 862 1351 tutu.
885 1324 983 1352 Osten—

184 1360 248 1389 dens
263 1371 321 1390 non
336 1364 450 1392 humana
462 1365 567 1399 virtute,
583 1366 630 1394 sed
650 1367 687 1394 ira
708 1368 755 1395 Dei
771 1367 896 1397 saeviente
915 1371 981 1405 hare,

183 1417 240 1443 qua:
261 1409 401 1442 dicuntur,
423 1417 549 1439 eventura
571 1420 645 1446 esse,
660 1421 712 1440 non
739 1414 812 1442 illum
829 1420 858 1442 ut
879 1415 982 1444 hostem

183 1455 237 1482 acie
252 1455 385 1483 instructa
395 1457 532 1491 describit,
555 1458 602 1486 sed
627 1462 654 1486 ut
673 1459 706 1486 nd
722 1464 839 1494 paratam
865 1463 981 1496 praedam

183 1501 348 1530 venientem.
362 1502 419 1530 Non
430 1504 501 1531 enim
514 1504 603 1538 stabit,
618 1505 712 1540 inquit,
725 1511 752 1534 et
762 1508 846 1535 aciem
859 1508 980 1543 instruet,

183 1547 227 1574 sed
241 1555 387 1582 corporum
403 1550 570 1578 multitudine
584 1554 662 1579 terrae
677 1551 771 1580 faciem
786 1553 902 1589 obteget,
915 1555 980 1582 faci-

183 1593 257 1627 leque
271 1593 364 1621 aderit
376 1594 425 1630 (ιι).
441 1595 480 1622 Ad
492 1595 548 1623 haec
576 1597 601 1624 in
627 1597 665 1624 ira
687 1597 766 1626 etiam
781 1605 874 1635 magna
888 1599 981 1629 obser-

182 1643 255 1666 vatur
265 1640 424 1667 clementia.
438 1641 529 1677 Neque
542 1642 613 1670 enim
627 1644 803 1672 comminatur
817 1652 846 1673 se
861 1646 979 1681 ipsorum

182 1683 271 1712 urbem
293 1685 488 1714 demoliturum
509 1694 583 1720 esse,
604 1689 651 1717 sed
680 1690 858 1725 captivitatem
883 1698 978 1727 quaru-

181 1730 237 1756 dam
252 1735 280 1758 et
292 1731 485 1760 abductionem
501 1734 636 1768 praedicit,
653 1735 770 1770 reliquos
781 1737 873 1764 volens
888 1745 920 1765 ex
934 1745 979 1765 ca—

180 1776 316 1810 ptitorum
335 1786 414 1812 poena
435 1779 468 1806 ad
484 1780 621 1808 meliorem
632 1780 733 1817 frugem
760 1783 896 1811 reducere.
912 1784 976 1811 Nam

179 1822 214 1849 ait
229 1831 235 1850 :
250 1823 359 1859 Auferet
372 1833 387 1851 a
398 1824 490 1853 Judtea
504 1826 630 1854 hominem
642 1828 684 1863 qui
697 1830 774 1864 possit
789 1830 870 1858 leuare
882 1836 976 1866 caput:

179 1867 211 1896 de
225 1870 384 1904 pmceribus
401 1871 533 1906 loquitur,
549 1872 634 1907 deque
649 1873 680 1901 iis
695 1874 740 1909 qui
764 1875 851 1903 omnia
868 1883 974 1905 sursum

178 1914 301 1943 deorsum
319 1921 446 1950 versant;
460 1925 507 1945 eos
520 1918 565 1953 qui
587 1919 782 1948 multitudinem
797 1922 886 1956 popttli
899 1923 974 1951 labe-

178 1960 321 1993 factabant,
338 1962 460 1996 captivos
472 1970 617 1999 servosque
638 1965 726 1999 faciet,
744 1966 779 1993 ita
794 1971 821 1993 ut
835 1967 975 1997 inferiores

177 2006 278 2039 possint
290 2006 426 2034 tantillum
440 2008 581 2043 respirare,
596 2017 683 2044 exque
695 2015 766 2038 metu
782 2019 829 2047 per
839 2013 974 2042 abductio-

176 2057 234 2078 nem
250 2051 369 2079 aliorum
385 2056 471 2087 parto,
487 2058 515 2081 et
530 2060 564 2082 ex
577 2055 683 2089 propria
706 2055 828 2085 libertate
848 2059 973 2087 meliores

175 2096 296 2125 evadere.
312 2097 380 2126 Ideo
389 2098 427 2126 ait
441 2107 447 2126 :
461 2100 510 2133 Qui
520 2101 599 2135 possit
617 2102 715 2137 aliquid
728 2102 864 2138 perﬁcere,
880 2105 906 2133 id
919 2110 970 2140 est,

174 2141 279 2174 fortem.
292 2143 397 2179 aliquid
409 2146 514 2180 operari
526 2146 669 2181 valentem,
683 2148 727 2182 qui
739 2149 823 2183 possit
841 2150 881 2178 vel
893 2151 972 2178 mini-

205 2208 340 2249 lalndplxta
356 2211 465 2249 Grecam
476 2212 621 2249 lectionem,
633 2216 764 2249 περξέσται,
779 2217 912 2249 legendum
926 2227 967 2246 es-

175 2244 224 2276 set,
232 2239 356 2276 facileque
363 2241 447 2276 Δυξηιτι
454 2250 461 2272 ;
474 2245 517 2268 sed
530 2239 966 2276 maiunhus‘oreéi'in'iﬁééﬁfiiitéi.

175 2270 265 2305 ιιι-ειεζί
275 2270 348 2308 (μή.Ξὶ
361 2270 458 2308 fuisset,
468 2276 592 2308 ζεᾳρέσςτᾳι,
605 2270 693 2307 aderit,
704 2270 818 2308 quas;

174 2303 291 2344 sqp‘erips:
297 2334 300 2344 l
306 2303 464 2344 attatmc‘ol‘.‘
471 2303 510 2335 9|,
526 2305 568 2331 ubi
579 2303 680 2339 tegitur,
688 2303 766 2335 'Adest
777 2303 964 2344 euinti-iiei-psojr‘t

173 2332 237 2362 γάρ),
251 2333 346 2358 melius
358 2335 475 2366 quadrat.

1050 183 1121 203 mum
1130 177 1191 212 quid
1201 178 1315 208 efﬁcere.
1327 180 1360 208 Et
1371 185 1432 210 ante
1442 183 1636 219 abductionem,
1647 194 1693 221 per
1705 189 1790 223 ipsum
1802 199 1844 220 re-

1050 229 1109 248 rum
1115 227 1263 259 aspectum,
1272 226 1319 258 ait.
1329 226 1382 254 Vos
1391 228 1455 255 satis
1462 233 1564 257 terrore
1573 232 1696 265 pcrccllct
1703 234 1842 269 barbarus,

1049 271 1131 295 totam
1141 273 1238 297 terram
1251 271 1364 306 implens
1370 272 1542 302 barbarorum
1552 278 1719 312 corporibus.
1729 278 1791 307 Ideo
1801 281 1840 308 in-

1049 313 1105 340 tulit
1117 322 1123 340 :
1135 314 1169 341 Et
1179 320 1252 342 erunt
1262 321 1344 344 castra
1352 319 1416 353 ejus,
1425 319 1461 346 ita
1472 325 1498 347 ut
1508 321 1629 356 impleant
1634 323 1792 352 latitudinem
1802 334 1840 353 rel

1046 359 1128 394 gionis
1143 365 1202 388 tum.
1219 361 1358 399 Nobiscum
1369 364 1448 392 Deus.
1464 365 1490 393 9.
1505 366 1611 402 Scitote,
1620 374 1715 404 gentes,
1725 375 1750 398 et
1765 372 1842 399 uinci-

1046 405 1109 432 mim‘
1121 413 1129 433 :
1145 408 1258 436 nuntiate
1271 417 1349 445 usque
1358 411 1392 438 ad
1403 417 1542 440 extremum
1557 418 1640 448 terrm,
1656 420 1679 442 et
1692 417 1841 452 fortitudine

1046 452 1156 480 valentes
1164 454 1301 483 uincimini.
1316 457 1348 484 Si
1358 459 1424 485 enim
1437 459 1528 487 iterum
1539 462 1720 496 prmalueritis
1732 484 1738 495 ,
1751 465 1840 493 iterum

1045 498 1186 527 uincemini.
1200 501 1242 528 10.
1258 502 1291 529 Ει
1303 505 1476 541 quodcumque
1487 508 1619 536 consilium
1632 509 1749 544 inieritis,
1763 511 1839 539 dissi-

1044 546 1112 580 pabit
1123 546 1247 576 Dominus
1258 557 1268 575 :
1281 554 1304 577 et
1318 551 1419 579 verbum
1433 554 1606 591 quodcumque
1620 556 1716 591 loquuti
1729 559 1837 593 fueritis,

1044 601 1094 620 non
1115 595 1222 621 manebit
1246 595 1272 623 in
1287 597 1372 631 vobis,
1397 600 1456 633 quia
1470 601 1599 629 nobiscum
1621 602 1700 630 Deus.
1728 604 1838 632 Videtur

1043 639 1107 667 mihi
1123 639 1174 668 hoc
1188 641 1247 669 loco
1261 643 1382 672 Ezechiae
1392 646 1532 675 victoriam
1541 649 1696 684 prmdicere,
1706 658 1737 678 ac
1747 651 1836 686 splen-

1043 683 1133 712 didum
1150 685 1214 714 illud
1230 692 1359 722 tmpzeum
1380 698 1541 728 causamque
1566 683 1697 723 victorias.
1725 683 1834 725 Etiamsi

1041 731 1111 758 cnim
1125 739 1198 760 arma
1211 735 1281 768 apud
1305 736 1364 763 illos
1382 738 1447 771 sint,
1471 739 1565 775 inquit,
1583 741 1687 770 etiamsi
1703 744 1834 772 exercitus

1041 775 1173 810 immensi,
1190 784 1216 806 et
1231 779 1292 808 belli
1307 782 1409 816 peritia,
1425 783 1472 811 scd
1487 785 1613 814 auxilium
1624 788 1702 816 nobis
1715 790 1832 817 omnium

1041 823 1252 856 potentissimum
1263 824 1401 855 nobiscum
1412 833 1462 863 est,
1473 837 1568 865 nempe
1579 832 1659 860 Deus.
1673 833 1752 863 Venit
1761 836 1832 863 enim

1041 867 1178 902 barbarus,
1194 875 1221 897 ut
1242 872 1314 906 prius
1337 874 1453 902 minatus
1468 875 1572 911 fuerat,
1597 883 1624 906 et
1638 880 1728 908 multis
1749 883 1832 917 captis

1041 914 1149 943 urbibus
1162 918 1275 946 accessit
1297 928 1303 945 :
1320 925 1411 954 postea
1434 930 1498 950 vero
1517 923 1631 953 admotis
1645 928 1750 961 castris,
1766 936 1831 957 con-

1040 960 1118 987 traria
1132 968 1226 996 passus
1239 968 1288 991 est.
1303 964 1365 992 llmc
1378 966 1468 1002 itaque
1481 970 1602 1003 prtedicit
1615 972 1754 1007 propheta,
1766 982 1830 1002 cau-

1038 1012 1148 1042 samque
1159 1007 1277 1037 victoriae
1291 1011 1426 1046 praedicat,
1439 1013 1564 1050 ip505que
1574 1016 1702 1046 barbaros
1716 1020 1830 1056 alloqui-

1039 1055 1090 1079 tur.
1106 1051 1145 1080 Ne
1158 1055 1250 1088 priori,
1265 1056 1360 1091 inquit,
1375 1056 1494 1088 victoria:
1516 1060 1603 1090 ﬁdatis
1619 1072 1626 1090 :
1641 1063 1668 1091 in
1684 1063 1734 1092 hac
1758 1051 1829 1095 enim

1034 1098 1185 1134 irruptione
1197 1102 1343 1129 maximum
1352 1103 1430 1132 nobis
1443 1105 1519 1134 adest
1533 1108 1692 1142 praesidium.
1706 1110 1762 1139 Hoc
1772 1112 1829 1147 ipso

1037 1146 1117 1181 igitur
1129 1149 1235 1184 cognito
1251 1150 1376 1185 recedite,
1389 1155 1480 1187 utpote
1494 1153 1539 1188 qui
1559 1161 1601 1188 ea,
1621 1163 1682 1191 qua:
1701 1157 1759 1185 ﬁeri
1784 1146 1829 1186 ne-

1037 1198 1147 1228 queunt,
1163 1195 1363 1230 aggrediamini.
1378 1197 1447 1227 Hine
1459 1203 1486 1227 et
1506 1207 1614 1229 causam
1630 1202 1699 1230 illius
1711 1204 1830 1234 victo:im

1035 1236 1183 1273 declarans.
1200 1245 1227 1269 et
1245 1243 1416 1278 annuntians,
1432 1245 1528 1274 famam
1542 1246 1600 1276 haec
1619 1245 1744 1283 praeclara
1754 1259 1827 1286 gesm

1035 1284 1067 1312 ad
1093 1291 1228 1315 extremos
1246 1294 1330 1324 usque
1353 1296 1430 1319 terra:
1454 1293 1520 1321 lines
1538 1284 1826 1327 allaturam‘esseait:

1036 1331 1158 1360 Nuntiate
1179 1339 1257 1369 usque
1270 1336 1304 1362 ad
1323 1341 1462 1365 extremum
1488 1344 1570 1368 terrae.
1592 1341 1676 1370 Nemo
1690 1344 1761 1371 enim
1774 1352 1827 1373 non

1034 1379 1134 1406 audivit
1147 1388 1177 1407 ea
1192 1389 1251 1416 qua:
1265 1387 1327 1411 tunc
1338 1383 1512 1421 Jerosolymis
1532 1388 1709 1424 contigerunt.
1726 1390 1827 1420 idcirco

1034 1425 1071 1452 ait
1085 1434 1092 1453 :
1105 1425 1198 1453 Audite
1218 1436 1295 1462 usque
1305 1429 1340 1456 ad
1355 1435 1493 1458 extremum
1515 1437 1602 1468 teme,
1625 1439 1649 1462 et
1667 1436 1711 1472 qui
1723 1438 1827 1472 fortitu-

1033 1471 1092 1498 dtne
1113 1473 1200 1500 valetis
1225 1475 1362 1502 vinclmini.
1376 1474 1495 1512 Magnam
1515 1480 1613 1515 quippe
1629 1471 1752 1516 gloriam.
1765 1488 1825 1513 tunc

1032 1518 1162 1546 barbarus
1192 1519 1227 1547 ob
1253 1521 1398 1555 potentiam
1433 1523 1578 1552 obtinebat.
1616 1525 1710 1555 Fortes
1737 1534 1825 1558 autent

1032 1563 1076 1591 hic
1090 1564 1157 1592 dicit
1169 1573 1222 1593 non
1242 1573 1355 1601 corpore
1378 1568 1520 1604 robustos,
1542 1571 1594 1606 sed,
1613 1579 1660 1600 eos
1679 1574 1724 1608 qui
1747 1582 1824 1609 pecu«

1032 1609 1134 1637 uiarum
1148 1611 1242 1645 copia,
1257 1615 1284 1638 et
1297 1612 1388 1647 gloriae
1409 1614 1552 1649 splendore
1577 1619 1714 1653 conspicui
1737 1626 1824 1648 erant.

1032 1653 1061 1681 Si
1074 1655 1140 1682 enim
1154 1656 1244 1683 iterum
1256 1658 1447 1694 prazualueritis,
1462 1661 1564 1696 inquit,
1579 1662 1670 1690 iterum
1680 1665 1823 1694 vincentini.

1032 1699 1064 1728 Et
1079 1703 1254 1739 quodcumque
1263 1705 1395 1733 consilium
1409 1707 1524 1741 inieritis,
1537 1708 1670 1745 dissipabit
1680 1710 1822 1742 Dominus:

1030 1753 1052 1774 et
1063 1749 1164 1776 uerbum
1177 1751 1350 1787 quodcumque
1365 1752 1462 1789 loquutt
1475 1755 1586 1790 fueritis,
1607 1765 1657 1784 non
1671 1759 1780 1786 manebit
1795 1761 1823 1787 in

1028 1794 1106 1828 vobis,
1118 1796 1178 1831 quia
1190 1796 1321 1824 nobiscum
1334 1797 1413 1826 Deus.
1427 1798 1493 1832 Quia
1506 1802 1575 1828 mala
1587 1803 1658 1838 apud
1680 1811 1726 1832 eos
1746 1811 1822 1834 erant

1028 1841 1149 1875 consilia,
1165 1846 1192 1870 et
1202 1844 1345 1877 sperabant
1359 1851 1389 1872 se
1401 1845 1493 1874 urbem
1504 1846 1592 1881 ipsam
1613 1855 1627 1875 a
1640 1847 1821 1879 fundamentis

1028 1886 1201 1915 demolituros
1211 1895 1281 1923 esse,
1298 1894 1324 1917 et
1345 1890 1383 1918 sic
1405 1890 1513 1919 domum
1525 1900 1692 1929 reversuros,
1707 1897 1821 1924 consilia

1027 1940 1120 1960 eorum
1134 1934 1159 1960 in
1174 1935 1289 1962 medium
1303 1935 1409 1963 adducit
1422 1937 1552 1972 propheta
1574 1943 1602 1967 et
1617 1940 1664 1973 ait,
1676 1941 1819 1970 verborum

1027 1983 1105 2006 tenus
1119 1981 1207 2007 omnia
1220 1987 1375 2009 remansura
1387 1990 1457 2010 esse.
1472 1984 1572 2012 Deinde
1585 1986 1645 2020 quia
1660 1994 1704 2015 res
1716 1995 1819 2016 annun-

1026 2025 1260 2054 tiabatlutmanam
1275 2032 1395 2056 naturam
1407 2035 1574 2065 superantes,
1592 2037 1621 2060 ut
1643 2033 1695 2062 fide
1709 2035 1818 2070 dignum

1025 2079 1176 2101 sermonem
1190 2073 1323 2107 exhibeat,
1344 2075 1377 2102 ad
1400 2075 1557 2112 dignitatem
1570 2079 1696 2113 praeclare
1706 2088 1817 2115 operan-

1025 2121 1059 2146 tis
1073 2119 1226 2155 frequenter
1240 2121 1358 2156 confugit
1379 2122 1471 2150 dicens
1480 2143 1488 2157 ,
1506 2125 1572 2157 Quia
1586 2125 1715 2153 nobiscum
1729 2126 1798 2154 Deus
1808 2149 1816 2161 ,

1024 2169 1050 2193 et
1064 2166 1125 2200 quia
1138 2166 1195 2194 Ι]ωο
1208 2167 1296 2194 omnia
1307 2167 1520 2197 machinamenta
1531 2168 1671 2206 dissipabit
1682 2173 1729 2208 (a).
1745 2173 1816 2206 Quo-

1023 2212 1093 2240 niam
1110 2213 1160 2248 ipsi
1173 2214 1267 2249 gloria.

1054 2281 1090 2312 (α)
1099 2282 1148 2318 line
1156 2281 1247 2318 desinit
1256 2282 1365 2318 Savilius.
1373 2284 1534 2318 etasteriseos
1542 2285 1631 2316 adjicit,
1640 2287 1708 2318 quasi
1718 2287 1815 2314 homih'a

1021 2312 1053 2337 sit
1063 2312 1203 2350 mutila.._Anc
1214 2320 1274 2338 vere
1283 2314 1369 2350 mutila
1380 2315 1484 2346 videtur,
1502 2312 1685 2349 ignoraturqtio,
1698 2312 1814 2350 quorsum

1023 2344 1168 2375 processerit
1177 2343 1367 2376 Chrysoswmus.
