2072 3122
254 120 288 152 03
600 119 628 148 Ξ.
649 119 791 148 JOANNIS
812 119 1056 148 CIIIIYSOSTOMI
1077 119 1237 146 ARCHIEP.
1258 117 1532 146 (ZONS'I‘ANTINOP.
1846 118 1881 145 96

246 227 895 240 ~———_:1—_—‘___.__—__‘—‘*"'—"—~"mc:_"_—'—__V2;
904 227 1087 242 :’_::_:.'___'.,:__"*‘
1090 227 1210 239 2'"-"~"
1215 227 1232 238 τ.
1241 227 1246 229 -
1255 227 1270 229 Αν
1279 227 1307 239 »π
1308 224 1834 240 _—_‘_'—-"‘—____-_.—__—_‘—‘""
1803 226 1809 227 ί
1824 226 1881 236 ’42.

972 441 1161 472 MONlTUM

602 537 656 567 AD
679 535 875 567 liOMILlAS
898 535 939 566 IN
956 535 1082 566 ΟΖΙΑΜ
1101 535 1174 566 SEU
1199 536 1250 565 DE
1276 535 1524 566 SERAPHINIS.

283 652 323 678 Ad
341 651 471 679 llomilias
488 651 515 678 in
533 651 626 678 Oxiam
639 651 697 678 haec
710 654 787 678 notat
805 649 938 677 Henricus
956 649 1083 683 Savilius,
1101 650 1188 676 Tomo
1202 649 1228 682 8,
1245 649 1271 676 in
1291 649 1362 677 notis
1377 650 1426 677 col.
1445 649 1498 676 722
1515 659 1520 676 :
1540 660 1548 676 ι
1567 650 1603 677 Ex
1620 650 1662 678 his
1677 650 1795 686 quinque
1809 651 1878 678 Ora-

252 709 372 737 tionibus
395 710 421 737 in
441 709 533 737 Oziam
552 710 696 745 Catalogus
716 709 899 746 Augustanus,
917 718 993 737 num.
1016 710 1060 743 50,
1079 710 1123 742 51,
1144 710 1187 741 52,
1207 710 1250 741 53,
1265 709 1522 744 agnoscitquatuor,
1544 709 1595 737 hoc
1610 715 1661 742 est,
1678 710 1767 737 demta
1784 714 1878 745 quarta

247 773 359 795 ea‘teras
374 776 478 796 omnes.
496 769 530 796 Et
544 768 723 804 proculdubio
737 776 832 795 omnes
847 768 967 803 γνήσιαι.
986 768 1102 794 Primam
1122 768 1193 794 hanc
1208 768 1249 795 bis
1261 767 1361 794 editam
1381 768 1473 795 llomze
1488 768 1692 796 cuieudavimus
1708 777 1740 796 ex
1759 773 1876 804 quatuor

247 823 355 858 scriptis
370 823 525 856 Codicibus,
550 832 666 859 quorum
681 824 787 859 primus
805 823 858 851 fuit
874 823 1031 858 interpretis
1047 823 1161 856 Erasmi,
1181 828 1207 851 et
1223 832 1296 852 nunc
1317 829 1359 852 est
1373 825 1400 851 in
1415 825 1580 853 Bibliotheca
1601 826 1791 854 Universitatis
1805 826 1878 854 Oxo-

242 884 351 913 ,niensis
369 893 375 911 :
393 884 530 912 secundus
545 891 577 911 ex
592 883 761 911 Bibliotheca
777 883 888 918 Collegii
902 882 969 910 Novi
998 882 1160 910 Oxoniensis
1190 886 1331 917 promtus:
1351 883 1447 910 tertius
1461 890 1494 911 ex
1512 882 1678 911 Bibliotheca
1688 883 1879 912 Universitatis

246 943 478 979 Cantabrigiensis
493 952 499 969 :
516 947 631 977 quartus
651 942 717 969 mihi
733 950 748 968 a
762 942 921 969 doctissimo
935 941 1083 969 Croshavio
1099 941 1302 974 commodatus;
1319 941 1448 969 adhibitis
1458 941 1540 968 etiam
1554 941 1586 974 ρ.
1604 940 1726 976 Septimii
1743 941 1879 969 Florentis

246 1000 402 1033 Christiani,
423 1000 475 1028 viri
490 999 584 1026 multis
599 998 759 1026 nominibus
771 998 829 1026 orbi
843 998 1001 1027 Christiano
1020 999 1088 1030 noti,
1105 998 1252 1034 ingeniosis
1264 1002 1292 1024 et
1310 997 1398 1025 doctis
1411 997 1578 1032 conjecturis
1592 1007 1598 1024 :
1622 1006 1685 1025 nam
1701 998 1777 1026 libris
1799 999 1877 1030 Mss..

249 1065 278 1088 ut
293 1060 411 1092 videtur,
423 1067 535 1095 prorsus
549 1059 758 1087 destituebatur.
772 1058 857 1086 Porro
870 1059 938 1086 sciat
952 1058 1037 1086 lector
1058 1059 1090 1086 in,
1099 1059 1225 1086 omnibus
1241 1059 1297 1086 fere
1317 1059 1510 1087 illustrioribus
1525 1059 1696 1087 bibliothecis
1712 1059 1794 1087 ltalim
1806 1065 1834 1087 et
1849 1059 1876 1087 in

247 1120 328 1155 Itcgia
345 1119 458 1147 Lutetia:
473 1119 588 1154 reperiri
604 1119 674 1146 inter
687 1118 873 1154 Chrysostomi
891 1118 1065 1154 lllanuscript:

1059 1126 1074 1146 a
1096 1118 1195 1145 librum
1219 1118 1393 1153 inscriptum,
1416 1118 1611 1153 Χρυσοστόμου
1631 1119 1799 1154 μαργαρῖται
1819 1129 1824 1146 ;
1841 1127 1876 1154 qu

246 1179 331 1205 codex
346 1179 414 1206 nihil
431 1179 503 1206 aliud
519 1179 651 1210 continet,
665 1185 746 1214 quam
772 1177 934 1212 συναγωγὴν
949 1178 1064 1213 quamda

1059 1186 1093 1205 tm
1116 1178 1325 1206 lectissimarum
1344 1178 1384 1212 (ut
1404 1177 1455 1213 ipsi
1479 1179 1632 1212 συναγωγεῖ
1648 1178 1734 1205 visum
1751 1182 1803 1209 est,
1821 1185 1877 1205 non

245 1235 333 1269 magni
347 1234 443 1269 judicii
463 1235 532 1267 viro,
546 1235 633 1270 utqui
652 1234 781 1269 pleraque
795 1233 944 1269 collegerit,
963 1233 1034 1261 inter
1048 1241 1096 1261 sua
1114 1234 1269 1269 margarita,
1283 1233 1411 1261 subfusca
1425 1241 1459 1261 ac
1477 1234 1600 1268 liventia)
1619 1235 1772 1262 orationum
1792 1235 1878 1271 Chry-

246 1291 357 1321 sostomi
374 1301 380 1318 :
397 1299 450 1327 quo
466 1291 493 1318 in
509 1299 624 1318 numero
641 1295 704 1318 sunt
718 1291 761 1318 ha:
781 1290 901 1326 quinque
920 1290 949 1317 in
964 1289 1068 1324 Oziam,
1083 1298 1129 1318 sex
1147 1295 1242 1318 contra
1257 1291 1376 1324 Judzeos,
1393 1295 1420 1318 et
1437 1291 1496 1319 alia:
1516 1292 1549 1319 ad
1573 1291 1616 1325 70,
1630 1292 1673 1320 vel
1693 1293 1727 1320 80
1741 1301 1878 1329 numero;

245 1358 312 1385 quas
326 1358 421 1378 omnes
440 1351 496 1378 suis
511 1350 577 1377 locis
592 1349 861 1384 repmsentabimus.
878 1347 956 1380 Quod
979 1347 1120 1376 monuisse
1134 1355 1225 1384 opera:
1237 1347 1355 1384 pretium
1369 1348 1430 1383 fuit,
1451 1357 1486 1376 ne
1500 1349 1560 1385 quis
1576 1350 1604 1377 in
1623 1350 1698 1378 illam
1713 1353 1874 1388 συναγωγὴν

246 1407 379 1440 incidens,
396 1407 497 1437 aliquid
511 1407 573 1434 novi
589 1414 617 1434 se
632 1410 708 1442 putet
719 1406 862 1442 reperisse.
881 1416 890 1433 ι

281 1467 418 1495 Hactenus
434 1467 561 1501 Savilius,
577 1467 623 1502 qui
639 1472 712 1495 recte
736 1468 862 1495 observat
885 1467 1016 1495 llomilias
1035 1467 1095 1495 illas
1117 1473 1235 1507 quatuor
1254 1468 1282 1495 in
1304 1467 1397 1496 Oziam
1414 1468 1441 1495 in
1466 1467 1594 1504 Catalogo
1611 1469 1778 1502 Augustano,
1795 1477 1877 1504 quem

245 1524 371 1554 dedimus
385 1524 471 1552 Tomo
487 1524 513 1557 1,
530 1533 557 1560 p.
574 1524 635 1557 8M,
655 1529 830 1556 memoratas,
843 1532 903 1551 esse
919 1524 1046 1559 primam,
1059 1524 1218 1558 secundam,
1236 1524 1344 1552 tertiam
1364 1529 1391 1552 et
1406 1524 1546 1560 quintam;
1561 1525 1633 1553 unde
1648 1526 1781 1561 sequitur.
1794 1534 1878 1561 quar—

246 1587 300 1613 tam
318 1583 345 1610 in
358 1585 428 1619 ejus,
446 1583 492 1618 qui
507 1583 665 1618 Catalogum
681 1582 755 1609 illum
775 1581 829 1616 jam
845 1582 910 1609 olim
934 1582 1120 1616 concinnavit,
1141 1583 1291 1618 exemplari
1306 1591 1361 1611 non
1380 1583 1474 1616 fuisse,
1491 1588 1538 1611 aut
1554 1584 1649 1612 saltem
1666 1593 1722 1612 non
1738 1585 1774 1612 ibi
1788 1585 1876 1613 fuisse

245 1639 341 1666 eodem
354 1643 469 1674 posrtam
484 1639 589 1667 ordine.
600 1630 726 1674 Vcreque
738 1639 909 1676 exploratum
922 1643 974 1673 est,
991 1639 1072 1667 hasce
1082 1639 1209 1668 homilias
1223 1648 1278 1669 non
1290 1647 1351 1668 esse
1365 1647 1461 1668 omnes
1476 1648 1509 1668 co
1522 1641 1628 1674 ordine,
1643 1649 1698 1676 quo
1708 1643 1806 1670 habita:
1818 1643 1876 1679 [94]

245 1700 319 1729 sunt,
340 1696 452 1732 positas.
474 1695 565 1724 Prima
590 1695 664 1722 enim
681 1703 742 1722 cum
759 1695 879 1722 secunda
897 1703 951 1724 non
968 1696 1098 1729 cohaeret,
1115 1696 1277 1731 videturque
1292 1697 1363 1724 dicta
1379 1697 1459 1732 longo
1484 1703 1547 1732 post
1563 1699 1711 1726 secundam
1739 1701 1876 1736 temporel;

245 1761 344 1788 nempe
358 1753 477 1788 quando,
495 1752 640 1788 imperium
657 1756 767 1780 tenente
790 1752 889 1787 ignavo
910 1752 1028 1787 quodam
1046 1757 1074 1780 et
1089 1753 1154 1781 boni
1171 1753 1276 1781 consilii
1292 1760 1403 1789 experte
1420 1755 1553 1790 principe,
1579 1757 1687 1785 barbari
1705 1758 1876 1791 invaserunt,

246 1811 382 1841 exercitus
400 1810 585 1838 Romanorum
609 1809 767 1844 proﬂigatus
797 1813 849 1842 est,
877 1809 1046 1838 calamitates
1071 1810 1200 1839 immissa:
1221 1816 1299 1845 sunt;
1328 1820 1389 1848 qua:
1403 1814 1494 1841 omnia
1521 1819 1646 1843 recenset
1667 1815 1878 1852 Chrysostonius

247 1872 311 1894 num
327 1866 354 1892 4.
371 1866 434 1893 Haec
450 1874 532 1901 porro
546 1866 573 1893 in
590 1865 698 1893 Arcadii
711 1865 865 1900 imperium,
878 1866 950 1901 quod
966 1866 1049 1901 coepit
1063 1874 1136 1894 anno
1155 1868 1216 1900 595,
1236 1868 1379 1898 referenda
1390 1870 1528 1905 videntur,
1544 1877 1574 1901 ut
1592 1874 1877 1904 animadvertitaiam

247 1921 288 1949 vir
301 1922 494 1959 sagacissimus
507 1922 707 1951 Tillemontius.
724 1923 764 1950 Ad
786 1923 844 1950 haec
856 1927 947 1950 autem
962 1923 1049 1958 prima
1065 1922 1092 1949 in
1119 1923 1210 1952 Oziam
1234 1926 1312 1960 quasi
1328 1928 1471 1956 occasione
1490 1930 1605 1964 quatiant
1625 1935 1728 1959 tantum
1745 1933 1773 1960 in
1790 1934 1876 1961 histo-

247 1980 314 2010 riam
329 1980 400 2011 οιὶω
416 1980 486 2008 etin
505 1980 719 2015 Seraphinorum
734 1980 866 2008 visionem
881 1981 976 2008 incidit
995 1989 1001 2008 :
1020 1980 1056 2009 ita
1071 1985 1101 2007 ut
1113 1983 1232 2010 secunda
1245 1984 1286 2011 vel
1301 1992 1333 2012 ex
1349 1986 1430 2013 modo
1445 1987 1580 2021 ordiendi,
1594 1989 1646 2016 alio
1664 1989 1734 2018 facta
1756 1996 1877 2027 tempore

246 2039 355 2074 aliaque
369 2039 511 2066 occasione
528 2037 619 2065 statim
634 2037 768 2064 videatur.
783 2037 863 2064 Certe
882 2037 970 2073 prima
984 2037 1031 2065 diu
1045 2044 1151 2074 postea,
1169 2040 1275 2068 Arcadii
1291 2049 1389 2076 nempe
1407 2047 1539 2078 tempore,
1559 2050 1589 2072 ut
1603 2053 1635 2073 ex
1647 2048 1804 2082 conjectura
1820 2055 1878 2077 sla-

246 2096 342 2129 tuitur,
359 2096 431 2124 dicta
449 2095 540 2122 fuerit.
553 2097 595 2122 An
610 2103 675 2123 vero
688 2095 851 2128 Antiochize,
867 2104 901 2122 an
919 2095 1168 2133 Constantinopoli,
1187 2106 1242 2126 non
1257 2098 1292 2126 ita
1305 2099 1381 2127 facile
1400 2107 1443 2128 est
1458 2101 1592 2130 divinare.

279 2155 404 2188 Secunda
419 2153 570 2182 Antiochia:
586 2153 658 2180 haud
676 2153 757 2180 dubie
774 2153 865 2203 habita
877 2159 927 2181 cst.
941 2154 967 2181 id
981 2155 1052 2190 quod
1070 2163 1103 2182 ex
1116 2156 1160 2189 iis,
1171 2164 1231 2191 qua:
1247 2157 1318 2184 eirea
1333 2157 1414 2185 [inem
1430 2159 1549 2188 homilize
1563 2162 1610 2195 ait,
1624 2165 1762 2199 arguitur;
1778 2174 1878 2203 nempe

245 2218 275 2239 se
291 2211 372 2238 citius
384 2210 466 2237 linem
477 2209 585 2237 dicendi
600 2209 700 2241 facere,
718 2214 746 2236 ut
760 2209 818 2239 loco
834 2209 912 2237 cedat
927 2215 1063 2246 praecepto

1059 2211 1088 2239 tri
1105 2219 1152 2239 seu
1175 2212 1337 2248 διδασκάλῳ,
1368 2215 1471 2243 scilicet
1495 2217 1623 2246 Flaviano
1646 2220 1795 2250 Antiochia:
1819 2225 1877 2258 epi-

247 2276 339 2304 scopo,
357 2268 429 2304 quod
440 2273 468 2295 et
484 2267 547 2295 alibi
563 2269 664 2303 passim
682 2268 782 2296 factum
801 2269 1043 2304 deprehendimus.
1058 2271 1097 2298 De
1121 2279 1194 2299 anno
1213 2277 1304 2300 autem
1330 2282 1384 2301 non
1410 2275 1447 2303 ita
1464 2275 1542 2304 facile
1562 2283 1604 2306 cst
1620 2280 1661 2307 vel
1674 2288 1707 2308 ex
1719 2283 1876 2317 conjectura

244 2327 346 2354 dicere.
362 2327 429 2355 Nam
444 2327 517 2362 quod
534 2327 724 2355 Tillcmontius
749 2329 914 2364 suspicatur,
940 2337 1001 2357 eum
1025 2336 1164 2365 comparat
1176 2331 1387 2367 Chrysostomus
1408 2335 1559 2364 doctrinam
1580 2346 1656 2367 suam
1680 2342 1781 2368 recenti
1802 2343 1877 2372 vino.

245 2384 397 2411 doctrinam
419 2388 510 2412 autem
537 2384 656 2412 Flaviani
673 2384 737 2412 vino
757 2385 852 2418 veteri,
866 2393 895 2412 se
913 2385 971 2412 haec
986 2385 1064 2413 initio
1078 2387 1223 2415 sacerdotii
1235 2389 1277 2416 sui
1293 2391 1485 2419 coneionatum
1502 2393 1676 2423 subiudieare
1694 2406 1701 2424 :
1715 2397 1781 2426 illud
1803 2404 1879 2427 certe

244 2442 287 2469 vel
308 2442 367 2477 ipso
383 2441 548 2470 Tillemontii
565 2443 669 2478 judicio
684 2443 851 2471 levissimum
868 2449 927 2478 est;
944 2445 1067 2480 ejusdem
1081 2444 1188 2481 generis
1201 2452 1242 2474 est
1255 2448 1321 2475 illud
1334 2449 1407 2476 aliud
1427 2450 1567 2486 indicium,
1580 2453 1643 2482 inde
1658 2461 1790 2490 sumtum,
1806 2460 1879 2494 quod

244 2500 324 2536 paulo
333 2503 396 2536 post
408 2500 514 2528 initium
528 2500 593 2528 dicit
610 2508 639 2528 se
651 2501 763 2537 dignum
786 2501 908 2529 habitum
922 2502 1006 2530 fuisse
1024 2504 1070 2538 qui
1091 2505 1163 2539 apud
1175 2505 1235 2533 illos
1250 2507 1469 2542 coneionaretur,
1486 2511 1708 2549 κατηξιώοημεν.
1729 2516 1797 2544 Nam
1811 2518 1878 2553 quid

245 2561 310 2588 inde
331 2560 443 2594 inferas,
462 2569 524 2590 cum
539 2566 644 2589 certum
659 2562 694 2590 sit
713 2562 937 2597 Chrysostomum
951 2571 1006 2591 non
1021 2564 1108 2599 primo
1132 2566 1218 2593 solum
1234 2574 1316 2601 anno,
1331 2569 1377 2596 sed
1398 2569 1481 2596 etiam
1494 2572 1626 2606 secundo,
1642 2575 1732 2607 tertio,
1750 2575 1879 2612 aliisque,

247 2618 343 2647 honori
357 2619 408 2647 sibi
426 2619 497 2647 haud
511 2620 593 2647 dubie
605 2621 713 2648 duxisse
730 2621 801 2655 quod
818 2629 910 2649 coram
928 2626 1001 2650 tanta
1024 2624 1112 2658 plebe,
1131 2625 1259 2661 episcopo
1283 2635 1355 2662 saepe
1370 2634 1516 2663 praesente,
1531 2631 1758 2660 eoneionaretur?
1776 2633 1878 2662 Verum

245 2677 363 2712 aliquam
378 2677 509 2712 temporis
522 2682 625 2712 notam,
643 2686 724 2713 quam
736 2686 791 2705 non
805 2678 998 2708 animadvertit
1010 2681 1211 2716 Tillemontius,
1228 2683 1291 2711 inde
1304 2693 1411 2712 sumere
1429 2686 1502 2720 licet,
1513 2688 1586 2722 quod
1597 2697 1674 2718 num.
1690 2690 1708 2717 2
1724 2697 1751 2719 et
1766 2693 1878 2729 5,ι›οδι.

245 2742 327 2773 quam
337 2735 442 2764 dixerat
454 2736 537 2764 Deum
551 2737 696 2765 Abrahami
711 2739 813 2765 nomini
830 2739 964 2767 addidisse
978 2741 1094 2776 lileram,
1108 2742 1143 2769 ita
1157 2747 1184 2769 ut
1196 2743 1240 2778 qui
1260 2744 1365 2780 ’Λϐρᾶιμ
1379 2747 1536 2781 vocabatur,
1551 2748 1677 2785 ’Λϐραάμ
1692 2757 1787 2786 postea
1803 2754 1878 2782 dice-

246 2796 332 2826 retur,
358 2797 387 2820 ut
406 2794 485 2821 unius
500 2794 584 2822 litera:
601 2795 785 2823 additatncnto
809 2797 914 2832 signum
935 2799 1103 2835 principatus
1120 2800 1169 2836 ipsi
1195 2800 1288 2834 daret;
1315 2808 1408 2837 postea
1436 2805 1631 2840 subjumcrit:
1655 2807 1723 2834 ἀλλὰ
1750 2809 1879 2849 περὶμὲν
