2072 3122
194 119 239 148 95⁴
579 118 613 146 IN
631 119 745 150 ILLLD,
768 117 835 144 VIDI
857 117 1015 145 DOMINUM
1037 117 1153 145 IIOMIL.
1176 117 1194 144 1.
1210 132 1244 137 --
1266 117 1438 146 ΜυΝΙΤυΜ.
1784 119 1826 145 ῡϋ·

198 177 340 212 ὀνομάτων
353 178 382 204 ἐν
397 178 483 213 ἑτέρῳ
498 178 588 214 καιρῷ
599 178 775 213 διηγήσομαι.
791 178 835 204 sed
847 177 879 203 dc
890 178 1016 203 nominiht

1009 185 1035 204 us
1051 177 1104 203 alio
1120 182 1234 211 tempore
1260 178 1400 208 disseram,
1423 186 1477 212 quo
1492 178 1624 213 signiﬁcat
1644 185 1673 206 se
1690 178 1723 205 de
1738 183 1827 204 muta-

197 243 270 262 Imne
283 236 426 263 nominum
440 242 532 271 postea
549 237 684 264 dictorum
702 245 777 269 esse;
791 237 816 263 id
827 237 898 271 quod
907 236 1014 264 abunde
1029 236 1153 270 praestitit
1167 236 1193 262 in
1207 240 1323 271 quatuor
1338 236 1501 264 llomiliisde
1513 237 1659 264 Mutatione
1675 238 1826 268 nominum,

197 302 264 329 quas
283 295 368 324 habes
379 295 465 323 Τουιο
478 297 504 329 5,
519 296 564 323 ubi
579 297 612 323 de
629 296 780 324 niutalione
799 296 918 323 nominis
939 295 1075 322 Abraham
1099 296 1199 330 agitur,
1218 303 1246 330 p.
1260 295 1319 326 107.
1336 299 1363 322 et
1380 296 1440 327 ΗΞ,
1458 301 1485 323 ct
1500 296 1630 323 Sermone
1642 304 1715 323 nono
1730 296 1755 322 in
1774 297 1828 323 Cc-

199 351 298 383 uesim,
311 351 357 386 qui
371 357 434 387 post
445 353 591 380 secundum
611 353 755 380 Ilomiliaui
769 352 803 380 de
819 352 969 380 Mulationc
982 352 1124 379 nominum
1141 352 1251 379 habitus
1264 358 1316 384 est,
1334 353 1378 380 ubi
1395 353 1476 380 etiam
1492 354 1526 381 de
1543 355 1693 381 mutatione
1712 354 1831 381 nominis

200 410 317 437 Abraha:
329 410 429 446 agitur,
444 419 471 445 p.
488 411 548 438 691.
565 410 678 439 Certum
704 411 796 446 itaque
811 411 1037 447 esploratumque
1050 411 1149 443 habeo,
1164 410 1234 438 hanc
1249 411 1388 438 homiliam
1414 413 1509 440 eodem
1525 420 1598 439 anno
1613 412 1732 440 habitam
1748 413 1830 440 fuisse

200 473 254 500 quo
269 465 321 492 illa:
335 466 368 493 de
384 465 533 494 Mutatione
546 469 687 494 nominum
702 468 782 495 dicta:
806 472 880 499 sunt,
902 475 956 502 quo
973 467 1054 494 etiam
1077 466 1200 494 llomilia:
1217 467 1244 493 in
1265 467 1393 495 Geuesixn
1413 467 1549 503 sexaginta
1569 472 1690 503 septem;
1707 468 1829 497 llomilim

201 524 265 552 item
279 525 306 552 in
318 525 448 553 Actorum
461 526 678 562 inscriptionem,
695 531 723 555 et
741 528 800 554 alim
818 527 952 562 quaedam,
971 531 1001 554 ut
1023 528 1115 555 videas
1130 528 1290 555 Prmfatione
1304 528 1330 555 in
1344 533 1471 563 quartum
1487 528 1613 561 Tomum,
1636 533 1663 555 et
1679 528 1707 555 in
1725 528 1829 555 Monito

201 583 236 610 ad
248 583 380 612 Homilias
396 584 422 611 iu
441 585 648 621 inscriptionem
661 585 790 613 Actorum
805 585 891 612 Tomo
908 587 933 613 5.
950 585 1017 618 Quis
1029 594 1093 613 vero
1106 585 1194 614 sitille
1210 594 1310 618 annus,
1334 586 1453 613 nondum
1475 587 1550 621 potui
1573 586 1706 622 probabili
1734 586 1828 621 conje-

201 647 276 669 ctura
292 643 420 678 assequi:
436 643 494 671 haec
508 644 600 670 omnia
616 644 643 671 iu
656 652 757 671 annum
769 643 820 671 588
838 643 934 678 conjici
953 643 1021 669 forte
1037 647 1158 677 possent.

235 698 352 725 Homilia
369 699 447 726 tertia
467 699 606 734 aliquanto
622 704 744 734 tempore
762 703 824 733 post
848 698 997 725 secundam
1020 696 1111 724 habita
1136 702 1186 729 est,
1206 697 1404 734 Flavianusque
1422 699 1565 735 episcopus
1583 705 1643 734 post
1666 700 1830 734 Chrysostov

201 763 276 784 mum
289 756 467 785 concionatus
481 761 539 790 est;
556 757 604 784 sed
618 757 663 784 hic
677 757 711 784 de
728 756 900 792 Martyribus,
915 756 1126 790 Chrysostomos
1144 760 1235 782 autem
1252 756 1285 783 de
1302 756 1365 783 Ozia
1380 761 1405 784 et
1426 757 1460 784 de
1475 757 1644 792 SeraphiniS,
1672 758 1727 785 imo
1741 758 1831 793 potius

202 812 236 840 de
248 813 376 847 superbia
395 813 468 841 Ozize
483 814 564 850 regis,
577 823 636 849 qua:
652 815 741 849 ipsum
758 814 926 849 praecipitem
943 812 1026 840 dedit.

239 874 353 903 Humilia
370 880 466 911 quarta
482 877 557 904 nullo
567 877 648 904 modo
664 885 745 912 posse.
761 878 884 906 creditur
898 879 930 905 ad
951 879 1052 913 quinta:
1069 878 1166 906 seriem
1181 878 1293 911 deduci;
1316 878 1379 906 licet
1400 877 1472 905 enim
1489 877 1560 910 circa
1581 875 1700 903 medium
1714 876 1747 903 de
1767 875 1831 903 Otia

204 941 309 972 agatur,
324 935 392 962 nihil
417 937 544 972 estquod
563 938 678 965 suadere
699 946 779 973 posse
806 939 929 966 videatur
944 939 1015 966 hanc
1029 938 1124 966 eodem
1143 943 1275 972 tempore,
1292 939 1440 972 eademque
1457 938 1483 964 in
1505 937 1574 964 urbe
1595 937 1714 964 habitam
1737 935 1830 962 fuisse.

205 999 262 1026 [mo
282 1005 347 1024 \ero
357 1005 412 1024 non
428 997 529 1025 desunt
543 984 605 1033 quae
623 998 799 1025 subiudicent
814 999 884 1025 hanc
896 998 1131 1033 Constantinopoli
1146 997 1230 1025 fuisse
1244 998 1356 1025 dictam.
1374 997 1556 1029 Quamobrem
1574 997 1636 1030 jure
1650 996 1672 1022 is
1688 995 1732 1030 qui
1748 993 1831 1024 ‘Cala—

205 1057 293 1090 logi-ni
309 1063 421 1091 operum
434 1054 619 1092 Cbrysostomi
639 1056 758 1091 γνησίων
780 1056 836 1091 jam
861 1056 926 1083 olim
941 1056 1126 1088 concinnavit,
1154 1056 1226 1083 hanc
1241 1063 1295 1083 non
1318 1056 1344 1082 in
1366 1055 1532 1090 reliquarum
1547 1055 1618 1082 serie
1637 1055 1738 1089 posuit.
1754 1053 1830 1079 Illum

207 1114 267 1141 vide
279 1112 435 1148 Catalogum
452 1112 530 1140 Tom.
550 1113 575 1145 l,
593 1121 620 1148 p.
636 1113 698 1141 8-H.
714 1111 772 1140 Hoc
785 1117 876 1139 autem
892 1120 935 1140 me
948 1117 1039 1140 movet
1052 1117 1082 1139 ut
1092 1111 1328 1146 Constantinopoli
1340 1112 1440 1139 editam
1458 1111 1619 1146 coujiciam;
1640 1119 1702 1138 nam
1721 1111 1748 1138 id
1761 1111 1834 1146 quod

206 1171 272 1201 dicit
286 1167 508 1206 σύγκλητονέχει
524 1171 570 1197 καὶ
585 1170 704 1201 ὑπάτους
720 1169 848 1206 ἀριθμεῖν
867 1169 975 1205 ἔχομεν,
989 1169 1076 1196 ὠνίων
1091 1169 1232 1203 ἀφθονίαν,
1252 1169 1352 1201 θέσεως
1365 1169 1584 1204 ἐπιτηδειότητα,
1609 1168 1736 1196 Senatum
1758 1170 1833 1197 habet

207 1230 315 1265 (nempe
335 1228 424 1262 urbs),
449 1233 473 1255 et
498 1227 615 1254 consules
629 1235 768 1254 numerare
782 1235 928 1262 possumus,
954 1227 1085 1254 venalium
1100 1228 1213 1262 copiam,
1227 1228 1307 1254 situm
1331 1227 1509 1259 commodum;
1536 1227 1608 1261 quod
1632 1225 1724 1254 Romae
1740 1228 1834 1255 urbem

205 1293 362 1323 comparat;
375 1287 448 1322 quod
465 1294 524 1314 eam
541 1287 608 1314 dicit
622 1287 696 1314 orbis
707 1287 895 1322 metropolim;
914 1287 972 1314 lucc
988 1287 1118 1314 nimirum
1131 1287 1223 1315 omnia
1237 1295 1292 1314 nou
1311 1287 1392 1314 video
1407 1294 1487 1321 posse
1503 1287 1582 1314 alteri
1598 1296 1678 1322 quam
1698 1287 1835 1315 Constan-

207 1344 321 1379 tinopoli
337 1349 495 1379 competere
509 1351 604 1378 posse;
621 1343 671 1370 etsi
686 1343 887 1377 Tillcmoutius,
916 1345 1118 1373 subdubitando
1143 1350 1244 1378 tamen,
1264 1345 1323 1372 haec
1344 1345 1378 1372 ad
1397 1344 1569 1372 Antiochiam
1587 1345 1688 1372 rcl'crre
1708 1350 1833 1372 conetur.

206 1403 380 1438 Quapropter
393 1403 465 1430 hanc
477 1406 553 1430 extra
570 1402 669 1429 seriem
697 1402 810 1429 aliarum
833 1411 1005 1436 reponerem,
1029 1403 1052 1429 si
1066 1411 1115 1438 per
1128 1402 1329 1437 manuscriptos
1346 1401 1461 1429 Codices
1482 1402 1586 1434 liceret,
1603 1401 1649 1429 ubi
1664 1402 1708 1429 hic
1724 1402 1792 1429 ordo
1806 1407 1836 1429 ut

207 1461 354 1495 plurimum
370 1461 466 1488 saltem
482 1460 653 1488 observatur.
672 1459 734 1488 llaec
745 1467 827 1496 porro
839 1460 952 1487 homilia
977 1460 1068 1488 habita
1085 1465 1128 1488 est
1144 1468 1206 1487 cum
1223 1463 1307 1487 aestus
1330 1464 1404 1487 esset
1426 1459 1532 1495 ingens,
1547 1459 1661 1493 :estatis,
1680 1464 1710 1487 ut
1725 1459 1836 1487 credere

206 1526 257 1554 est,
275 1525 408 1555 tempore.

243 1579 360 1607 llomilia
372 1579 454 1615 igitur
466 1579 559 1614 quinta
575 1579 681 1607 tertiam
701 1579 797 1607 ordine
812 1584 926 1615 sequuta
941 1584 992 1613 est,
1006 1588 1067 1607 cum
1086 1579 1185 1614 illaque
1200 1578 1339 1611 convenit,
1353 1586 1408 1605 non
1425 1578 1490 1605 item
1508 1585 1570 1604 cum
1590 1581 1697 1612 quarta,
1711 1584 1772 1611 qua:
1783 1576 1836 1602 alio

209 1640 342 1671 tempore,
359 1636 412 1663 alio
428 1640 457 1663 ut
481 1636 588 1663 videtur
603 1636 673 1668 loco,
696 1635 871 1671 pronuntiata
896 1634 956 1662 fuit.
971 1635 1052 1662 Sexta
1067 1639 1157 1662 autem
1175 1634 1284 1661 houiilia
1299 1634 1422 1668 quintam
1438 1632 1529 1660 nativo
1550 1632 1645 1659 ordine
1661 1632 1794 1666 sequitur,
1809 1635 1837 1658 et

210 1694 366 1722 Antiochia:
383 1694 477 1721 habita
494 1694 554 1721 fuit.
569 1693 631 1722 Haec
649 1702 730 1730 porro
743 1699 817 1722 sexta
831 1693 940 1721 homilia
954 1694 1024 1721 dicta
1050 1693 1100 1721 fuit
1116 1693 1209 1728 paucis
1228 1693 1323 1720 diebus
1347 1695 1410 1718 ante
1428 1689 1677 1725 Quadragesimam,
1701 1688 1766 1716 anui
1780 1689 1835 1716 for-

209 1755 281 1779 tasse
296 1751 348 1779 588
363 1760 369 1777 :
388 1758 441 1786 qua
456 1751 490 1778 de
507 1759 535 1778 rc
550 1759 604 1778 non
625 1751 736 1779 omnino
752 1751 897 1784 constabit,
913 1751 999 1778 donec
1015 1750 1079 1785 quid
1096 1749 1187 1777 indicii
1203 1749 1358 1777 accesserit.

241 1808 370 1844 Quinque
385 1800 507 1845 priorum
532 1810 720 1845 interpretatio
744 1816 786 1838 est
800 1809 915 1849 EraSnIi,
935 1817 1016 1846 quam
1041 1809 1132 1836 multis
1150 1809 1176 1836 in
1200 1808 1266 1835 locis
1282 1806 1502 1839 emendavimus;
1526 1810 1608 1833 sextae
1626 1810 1668 1833 est
1691 1805 1838 1836 Frontonis

209 1864 297 1893 Duca-i
302 1886 309 1895 .
