2072 3122
220 139 255 167 9⁷
724 139 755 166 IN
776 138 899 170 ILLUD,
919 137 989 167 VIDI
1008 135 1176 168 DOMINUM.
1197 135 1312 164 HOMIL
1335 134 1342 160 I
1378 148 1389 162 χ
1820 130 1854 157 08

1158 259 1350 266 .__————

901 451 1165 503 HOMILIA

221 607 254 630 ΠΙ
278 609 409 631 ιΔυυΕΜ
432 609 553 637 Βοηωι,
571 609 625 636 QUI
648 607 904 631 COMPARUEIIUNT
925 607 958 628 ΙΝ
977 606 1137 634 ECCLESIA,

1169 606 1303 632 QUEQUE
1345 607 1530 630 MODERATIO
1551 610 1600 632 SIT
1639 611 1802 634 SERVANDA
1827 612 1857 634 IN

262 660 382 682 DIVINIS
418 660 583 682 LAUDIBUS.
617 660 696 681 ITEM
731 659 762 680 IN
794 659 900 685 ILLUD,
935 657 1001 679 VIDI

1066 657 1194 678 OMINUM
1229 657 1398 680 SEDENTEM
1433 659 1464 681 IN
1508 660 1597 683 SOLIO
1643 662 1781 684 EXCELSO
1817 654 1860 695 (α)

264 702 356 741 (lsai.
378 702 409 732 6.
434 702 476 742 1).

889 746 1183 775 ..Ἤ-..-

257 844 270 870 1
276 862 283 870 .
298 842 448 870 Prtedicntio
458 851 514 870 cum
524 843 678 879 agricultura
687 848 858 878 comparatur.
870 843 1016 878 Chrysalo-

223 897 280 915 mus
295 889 326 915 de
349 897 472 916 concursu
486 889 630 916 auditorum
645 890 748 924 gaudet.
764 888 833 916 Laus
856 889 1016 916 ecclesiastici

221 934 546 969 conventum—Conspicio
559 942 606 961 vos
618 935 701 961 multo
713 934 801 962 studio
815 933 974 968 adnitentes,
986 939 1015 962 ut

221 981 254 1008 ad
267 980 389 1008 effectum
401 980 558 1015 perducatis,
573 988 633 1015 quae
646 980 702 1008 heri
725 988 740 1007 a
762 981 838 1008 nobis
851 980 920 1008 dicta
933 984 1012 1008 sunt:

222 1033 307 1060 eoque
327 1033 398 1053 nunc
420 1026 488 1052 haud
512 1029 621 1061 gravate
641 1032 731 1053 semen
747 1025 874 1053 doctrinm
885 1026 1012 1061 jacimus,

221 1072 290 1106 quod
305 1072 365 1099 hinc
379 1071 448 1099 bona
465 1079 526 1107 spes
539 1072 586 1098 alit
606 1072 724 1099 animum
738 1076 869 1100 nostrum.
897 1072 963 1100 Nam
987 1077 1014 1100 ct

221 1118 336 1152 agricola
346 1137 354 1149 ,
371 1125 432 1145 cum
453 1126 505 1145 non
529 1118 586 1146 sine
599 1118 689 1146 labore
699 1119 806 1153 quidem
819 1119 993 1154 seminajecit
1004 1140 1012 1153 ,

221 1163 267 1190 sed
291 1163 363 1190 videt
377 1168 474 1191 terram
491 1163 604 1190 feracem
622 1168 792 1198 segetemque
811 1169 940 1199 proventu
964 1172 1012 1192 ex-

221 1209 389 1243 uberantem,
401 1209 566 1243 superiorum
579 1209 697 1236 laborum
708 1209 883 1242 obliviscitur,
892 1215 970 1246 atque
980 1210 1013 1238 ad

223 1255 354 1289 reliquum
380 1262 470 1289 opera:
498 1255 781 1290 conservationemque
801 1255 918 1290 priorum
947 1255 1012 1283 lucri

221 1301 417 1335 exspectatione
424 1301 563 1328 excitatur.
575 1300 671 1327 Verum
681 1300 738 1327 haec
747 1301 905 1335 agricultura
914 1305 1013 1336 quanto

221 1346 333 1374 feracior
355 1351 507 1382 quantoque
527 1346 658 1373 lucrosior
685 1346 742 1373 est?
766 1346 832 1374 Nam
848 1347 891 1373 illa
905 1347 1011 1382 quidem

220 1391 324 1426 frugum
338 1392 503 1419 sensibilium
516 1391 620 1426 copiam
644 1390 765 1419 adferens
777 1411 785 1424 ,
801 1392 957 1427 corporibus
968 1400 1012 1419 re-

219 1438 294 1472 ponit
319 1438 492 1465 alimoniam:
512 1437 570 1465 bare
597 1445 661 1465 vero
683 1438 744 1465 dum
772 1445 926 1466 sermonum
948 1439 1013 1473 jacit

220 1483 385 1516 doctrinam,
414 1484 644 1519 spiritualiumquc
665 1483 795 1511 donorum
823 1483 1011 1511 abundantiam

219 1529 323 1563 adfert,
346 1530 427 1557 animi
446 1531 552 1558 divitias
570 1529 708 1562 recondit,
723 1530 874 1558 alimoniam
890 1538 948 1566 qua:
963 1538 1012 1559 nec

219 1577 349 1608 consumi,
365 1584 415 1604 nec
423 1577 510 1604 vitiari
520 1581 616 1612 potest,
629 1577 728 1604 reditus
739 1577 783 1612 qui
793 1584 879 1611 neque
888 1582 1010 1612 pereunt,

219 1629 306 1656 neque
320 1630 378 1650 :evo
392 1628 614 1657 corrumpuntur,
630 1622 675 1650 sed
689 1630 784 1650 arcana
797 1623 910 1658 quadam
927 1627 954 1650 et
970 1624 1011 1650 in-

219 1666 316 1694 effabili
327 1667 492 1702 providentia
502 1673 703 1699 conservantur,
715 1675 828 1702 quorum
841 1676 903 1696 usus
913 1668 1012 1697 fructus

220 1717 307 1740 mente
319 1713 472 1747 percipitur.
488 1713 534 1741 llic
544 1718 585 1741 est
596 1721 714 1740 meorum
725 1713 846 1741 laborum
857 1719 1010 1749 proventus,

220 1757 260 1786 ha:
274 1762 336 1785 sunt
345 1766 410 1793 opes
421 1767 486 1793 quas
496 1764 590 1786 vestrae
602 1760 704 1786 caritati
714 1760 890 1787 recondimus.
903 1760 956 1787 llas
964 1761 1013 1787 ita-

220 1811 269 1838 que
275 1811 335 1831 cum
344 1803 487 1832 considero
498 1805 523 1831 in
536 1805 610 1832 vobis
618 1812 771 1840 augescere,
784 1805 886 1839 gaudeo
895 1812 1009 1840 semper,

221 1853 248 1875 ut
261 1849 304 1883 qui
317 1857 369 1876 non
381 1849 476 1876 frustm
490 1850 764 1884 scmcntemjecerim,
774 1851 854 1884 utqui
864 1858 916 1877 non
926 1851 1013 1878 incas-

220 1901 276 1921 sum
291 1894 395 1922 labores
406 1895 570 1929 pertulerim,
581 1896 662 1929 utqui
677 1895 702 1922 in
713 1895 864 1930 frugiferam
878 1896 1013 1931 pinguem-

220 1948 271 1975 que
285 1946 394 1973 terram,
406 1946 434 1968 et
443 1941 475 1968 ad
490 1941 699 1968 fructificandum
708 1941 830 1968 idoneam
843 1948 933 1969 semen
945 1943 1013 1977 jece«

221 1987 280 2014 rim.
293 1986 368 2015 Unde
381 1987 460 2022 igitur
470 1987 521 2015 hoc
533 1987 634 2014 lucrum
648 1987 705 2014 fore
716 1987 857 2021 conjecto?
872 1991 942 2015 unde
953 1995 1013 2022 pcr-

221 2033 304 2067 spicio
317 2040 455 2060 sermones
470 2033 503 2060 ad
517 2041 583 2068 opus
603 2033 751 2068 proficere?
772 2033 900 2061 Nimirum
915 2041 947 2061 ex
962 2033 1013 2061 hoc

221 2086 364 2113 concursu,
385 2087 419 2107 ex
437 2087 470 2107 eo
495 2079 566 2115 quod
592 2079 732 2107 ecclesiam
757 2080 875 2107 omnium
901 2084 1012 2107 matrem

221 2125 338 2154 studiose
348 2125 494 2160 occupatis,
514 2133 548 2153 ex
562 2125 612 2152 hac
627 2130 752 2160 pernocte
766 2131 945 2161 perpetuaque
959 2130 1014 2153 sta-

221 2173 306 2206 tione,
331 2180 364 2200 ex
390 2180 423 2200 eo
440 2173 510 2208 quod
532 2173 712 2208 angelicorum
733 2172 855 2200 ordinum
871 2177 1012 2200 stationem

221 2219 354 2246 imitantes
378 2218 436 2246 sine
463 2219 611 2246 cessatione
634 2218 725 2246 laudes
745 2223 772 2246 et
785 2219 898 2254 hymnos
912 2218 1014 2246 ofI‘ertis

221 2263 366 2291 Conditori.
379 2263 401 2291 0
411 2264 477 2291 mira
490 2264 589 2291 Christi
605 2264 688 2291 dona!
702 2263 729 2291 In
744 2264 866 2298 supernis
881 2265 1014 2291 exercitus

221 2309 373 2343 angelorum
396 2313 494 2337 canunt
519 2309 629 2344 gloriam
659 2318 666 2336 :
694 2309 720 2337 in
748 2310 828 2337 terris
846 2309 967 2336 homines
987 2310 1013 2336 in

221 2354 338 2382 ccclesiis
353 2354 449 2382 choros
463 2360 572 2389 agentes
588 2354 620 2382 ad
633 2355 737 2382 illorum
751 2355 903 2389 exemplum
921 2355 1013 2383 eadem

221 2405 320 2427 canunt
343 2399 427 2427 laudis
454 2401 567 2427 cantica.
595 2400 625 2427 In
653 2401 776 2435 supernis
803 2400 943 2435 Seraphim
975 2405 1015 2428 ter

221 2449 341 2472 sanctum
363 2445 436 2473 illum
455 2446 583 2482 hymnum
597 2446 714 2474 clamant
729 2453 736 2471 :
753 2447 779 2473 in
795 2447 872 2474 terris
888 2446 1014 2474 eutndcm

223 2491 358 2518 hominum
373 2492 472 2525 promit
483 2491 637 2525 multitudo,
652 2492 882 2526 commnnlterque
893 2496 949 2519 tum
960 2499 1014 2519 ca:-

223 2536 336 2569 lestium,
351 2541 408 2563 tum
422 2537 588 2564 terrestrium
603 2537 713 2565 festivus
727 2543 876 2566 conventus
896 2545 1012 2573 congre-

221 2588 315 2617 gatur:
329 2590 381 2610 una
396 2583 541 2618 gra'iarnm
553 2583 623 2610 actio
633 2602 641 2618 ,
656 2591 706 2610 un:I
717 2584 874 2616 exsultatio,
890 2592 941 2611 una
952 2591 1015 2619 gau-

222 2628 308 2656 dentis
330 2628 437 2656 choretr.
455 2629 546 2656 statio.
573 2629 647 2657 Hanc
672 2629 743 2656 cnim
758 2629 896 2658 inefl’abilis
912 2628 1015 2657 Domini

220 2680 281 2700 sese
292 2673 326 2700 ad
340 2680 391 2701 nos
403 2673 568 2702 demittentis
589 2674 694 2702 bonitas
708 2675 860 2707 constituit,
875 2675 943 2702 hanc
957 2673 1016 2710 Spi-

222 2718 287 2746 ritus
309 2719 482 2754 congregavit
503 2724 610 2748 sanctus
628 2727 635 2745 :
657 2719 737 2755 hujus
759 2728 855 2748 vocum
869 2725 1016 2749 concentus

255 2783 287 2818 ξς)
303 2786 344 2818 tlte
351 2784 462 2818 humilius
473 2785 568 2818 cellam
577 2788 699 2818 suntcum
715 2785 843 2812 (Iudicibus
852 2788 931 2818 uegiis
945 2787 1014 2818 1819,

223 2810 374 2848 gessisse,
388 2816 456 2845 meo,
472 2817 541 2847 1965,
561 2810 631 2847 106i,
649 2810 858 2848 imsfasstfei
871 2810 1016 2844 ρῧῑιῐεὶιίὶιίἐ

225 2843 276 2878 Ιὶῗ,
284 2843 358 2877 ⁷1030,
368 2843 396 2872 ct

1068 845 1181 875 paterno
1202 841 1369 875 bencplacito
1383 843 1390 857 '
1406 844 1547 877 congruit:
1563 852 1578 872 c
1590 845 1662 873 culis
1677 845 1755 874 habet
1768 848 1860 876 modu-

1066 887 1154 913 lorum
1167 887 1380 921 consonantiam,
1395 888 1457 915 dum
1471 897 1486 916 a
1499 890 1629 918 ’l‘rinitate
1643 893 1716 920 velut
1728 901 1742 920 a
1758 895 1860 929 plectro

1066 933 1193 967 quopiam
1216 937 1348 966 movetur,
1368 933 1523 963 delectabile
1538 935 1601 964 illud
1624 945 1655 964 ac
1674 937 1735 966 felix
1752 946 1860 968 resonat

1067 978 1161 1011 melos,
1171 978 1242 1006 illam
1256 979 1401 1014 angelicam
1415 980 1576 1016 cantionem,
1594 982 1667 1010 illum
1679 983 1800 1013 desinere
1813 994 1857 1014 ne

1067 1024 1151 1052 scium
1164 1030 1334 1053 concentum.
1352 1026 1399 1053 llic
1414 1031 1455 1054 est
1469 1027 1549 1054 studii
1572 1029 1711 1062 praesentis
1726 1029 1800 1064 linis,
1814 1030 1858 1060 hic

1066 1074 1214 1097 conventus
1227 1070 1310 1098 nostri
1330 1070 1430 1098 fructus
1448 1081 1454 1099 :
1478 1080 1563 1107 eoque
1583 1074 1687 1108 gaudeo
1700 1075 1777 1103 talem
1791 1083 1855 1104 con-

1066 1115 1182 1150 spiciens
1196 1116 1378 1144 celebritatem
1388 1124 1394 1141 :
1404 1117 1506 1151 gaudeo
1516 1118 1579 1145 dum
1594 1119 1743 1148 animorum
1754 1127 1858 1150 vestro-

1066 1167 1125 1188 rum
1151 1161 1269 1188 laetitiam
1295 1162 1453 1195 considero,
1468 1161 1530 1189 dum
1550 1163 1676 1198 gaudium
1700 1166 1856 1201 spirituale,

1065 1206 1128 1233 dum
1142 1207 1287 1234 secundum
1303 1207 1386 1235 Deum
1397 1208 1609 1236 exsaltationcm.
1624 1209 1715 1245 Neque
1725 1212 1795 1239 enim
1805 1213 1857 1241 ulla

1067 1260 1111 1280 res
1126 1256 1227 1279 tantum
1249 1252 1338 1279 adfert
1351 1252 1439 1287 gaudii
1464 1253 1522 1279 vita:
1542 1259 1650 1288 postne,
1666 1261 1793 1290 quantum
1807 1258 1859 1286 hoc

1065 1298 1134 1333 quod
1149 1305 1182 1325 ex
1194 1297 1282 1326 animo
1292 1297 1427 1333 gaudeatis
1440 1298 1466 1325 in
1477 1299 1589 1326 ecclesia
1600 1303 1762 1336 congregati.
1776 1303 1802 1330 In
1812 1311 1857 1332 ec-

1065 1343 1145 1371 clesia
1163 1343 1333 1377 gaudentium
1357 1349 1531 1371 conservatur
1545 1347 1679 1380 gaudium,
1697 1348 1722 1374 in
1745 1349 1858 1377 ecclesia

1065 1389 1154 1416 animo
1169 1388 1335 1424 deiectorum
1354 1393 1395 1416 est
1414 1391 1553 1423 recreatio,
1578 1391 1604 1418 in
1632 1392 1744 1420 ecclesia
1762 1394 1859 1422 dolen-

1065 1434 1129 1461 timn
1144 1439 1185 1461 est
1199 1434 1331 1468 voluptas,
1349 1434 1374 1461 in
1387 1435 1500 1462 ecclesia
1521 1435 1723 1472 defatigatorum
1744 1440 1859 1475 respira-

1066 1480 1113 1513 tio,
1129 1480 1155 1507 in
1170 1480 1284 1508 ecclesia
1300 1481 1476 1509 laborantium
1495 1483 1610 1518 requies.
1629 1484 1715 1513 Venite
1723 1487 1805 1518 enim,
1818 1487 1858 1514 in-

1064 1526 1129 1560 quit,
1144 1526 1179 1552 ad
1191 1534 1230 1553 me
1242 1535 1327 1554 omnes
1336 1527 1380 1562 qui
1395 1527 1515 1554 laboratis
1528 1533 1551 1555 et
1566 1531 1663 1557 onerati
1683 1532 1741 1559 estis
1753 1539 1764 1560 :
1777 1538 1799 1560 et
1812 1541 1858 1568 ego

1063 1573 1176 1607 reﬁciam
1191 1573 1254 1608 vos(
1271 1573 1364 1600 Matth.
1389 1575 1432 1601 Η.
1446 1574 1481 1602 28
1501 1574 1521 1610 ).
1546 1575 1614 1609 Quid
1635 1577 1684 1605 hac
1698 1585 1762 1605 voce
1776 1580 1859 1613 possit

1064 1627 1123 1646 esse
1137 1619 1356 1648 desiderabilius?
1378 1621 1440 1655 quid
1460 1621 1509 1649 hac
1524 1622 1682 1651 invitatione
1695 1624 1858 1659 jucundius?

1064 1666 1104 1693 Ad
1120 1666 1227 1700 epulum
1243 1670 1268 1692 te
1284 1671 1361 1693 vocat
1374 1667 1418 1700 qui
1435 1667 1461 1693 in
1479 1668 1619 1695 ecclesiam
1635 1673 1660 1696 te
1674 1676 1750 1697 vocat
1768 1671 1857 1699 Domi-

1064 1719 1124 1744 nus,
1145 1711 1178 1739 ad
1194 1712 1313 1747 requiem
1337 1720 1385 1747 pro
1400 1713 1536 1741 laboribus
1552 1715 1718 1749 adhortatur,
1733 1717 1765 1744 ad
1790 1718 1859 1745 rela-

1064 1758 1226 1785 xationema
1247 1758 1378 1786 molestiis
1404 1759 1538 1792 transfert,
1561 1761 1664 1795 pondus
1688 1768 1856 1796 peccatorum

1064 1803 1192 1836 allevans,
1207 1803 1307 1830 deliciis
1323 1804 1404 1831 animi
1419 1804 1568 1832 molestiam
1580 1826 1587 1837 ,
1604 1807 1700 1841 gaudio
1715 1815 1857 1836 mmrorcm

1065 1854 1150 1876 sanat.
1174 1850 1196 1877 0
1210 1849 1369 1878 ineffabilem
1382 1851 1487 1878 curam!
1499 1859 1516 1879 ο
1532 1853 1698 1880 vocationem
1711 1854 1856 1882 caelestem!

1065 1896 1234 1923 Festinemus
1250 1897 1348 1932 itaque,
1362 1897 1464 1930 dilecti,
1481 1902 1509 1924 ut
1524 1899 1644 1926 eamdem
1659 1907 1790 1927 summam
1804 1901 1859 1927 ala-

1065 1942 1187 1969 critatem
1199 1941 1386 1974 exhibeamus,
1401 1946 1429 1970 et
1450 1950 1511 1970 cum
1525 1944 1694 1971 convenienti
1729 1946 1857 1973 modestia

1065 1987 1328 2022 considerationeque
1341 1987 1452 2015 decente
1463 1988 1531 2017 hanc
1547 1991 1790 2018 consummemus'.
1813 1990 1858 2017 Et-

1065 2033 1137 2060 enim
1157 2033 1191 2060 de
1218 2033 1269 2060 hoc
1296 2034 1371 2061 vobis
1397 2033 1556 2061 hodiernum
1579 2043 1730 2063 sermonem
1750 2044 1858 2064 movere

1065 2086 1136 2111 vom,
1152 2079 1177 2106 in
1196 2079 1311 2114 speciem
1326 2078 1433 2114 quidem
1449 2079 1602 2114 molestum,
1615 2086 1740 2108 cancrum
1752 2083 1836 2109 levem
1849 2104 1856 2115 ,

1065 2132 1182 2159 vereque
1195 2124 1296 2152 utilem.
1314 2124 1360 2152 Sic
1375 2125 1447 2152 enim
1461 2129 1488 2152 et
1502 2130 1623 2153 amantes
1645 2126 1789 2154 liberorum
1813 2136 1858 2162 pa-

1067 2176 1121 2199 tres
1136 2171 1254 2198 fvciunt:
1271 2178 1322 2198 non
1338 2171 1425 2198 solum
1439 2179 1470 2198 ea
1484 2179 1545 2206 qua:
1558 2171 1590 2198 ad
1608 2171 1689 2199 breve
1700 2177 1803 2207 tempus
1813 2173 1859 2200 de-

1067 2218 1174 2251 lectant,
1185 2225 1277 2245 verum
1291 2217 1369 2244 etiam
1384 2224 1444 2252 qua:
1457 2217 1606 2244 molestiam
1617 2217 1732 2245 afferunt
1743 2218 1802 2245 ﬁliis
1813 2219 1859 2245 ad-

1066 2264 1178 2295 hibent;
1205 2271 1256 2290 nec
1276 2271 1307 2290 ea
1324 2264 1404 2290 modo
1424 2263 1582 2298 prmcipiunt
1606 2263 1663 2296 eis,
1687 2270 1746 2298 quae
1769 2264 1858 2291 statim

1067 2309 1211 2337 ostendunt
1225 2308 1384 2342 utilitatem,
1401 2308 1447 2336 sed
1465 2315 1639 2344 quaecumque
1663 2309 1788 2336 videntur
1801 2310 1859 2344 qni-

1067 2356 1128 2383 dem
1143 2362 1204 2382 esse
1216 2355 1339 2387 molesta,
1350 2354 1477 2381 salutaria
1493 2358 1581 2382 tamen
1594 2358 1667 2387 sunt,
1682 2355 1704 2381 si
1721 2354 1860 2389 perficiat»~

1069 2406 1120 2433 tur,
1136 2405 1163 2428 et
1176 2400 1234 2427 haec
1249 2399 1330 2426 multa
1345 2407 1408 2426 cura
1425 2399 1533 2432 docent,
1545 2399 1738 2434 diligenterque
1751 2400 1860 2434 exixnnt

1067 2447 1102 2474 ab
1112 2447 1150 2474 eis
1164 2451 1191 2473 ut
1211 2449 1361 2473 serventur.
1378 2445 1465 2480 Atque
1480 2444 1550 2472 hunc
1569 2451 1721 2472 sermonem
1734 2445 1860 2480 produci-

1068 2500 1138 2525 mus,
1154 2499 1188 2519 ne
1208 2495 1366 2527 prmsetdcm
1387 2490 1505 2518 laborem
1528 2490 1624 2518 frustra
1639 2491 1812 2524 insumamus,
1827 2498 1859 2519 ne

1101 2571 1109 2586 ι
1127 2570 1197 2602 Edit.,
1221 2569 1322 2602 Spiritus
1343 2569 1498 2602 beneptapito.
1518 2574 1570 2595 Mss.
1589 2569 1644 2596 fere
1659 2577 1745 2595 omnes
1759 2571 1860 2600 habent,

1067 2604 1166 2633 paterno
1176 2601 1322 2633 beneplacito
1334 2619 1341 2631 ,
1352 2605 1381 2633 et
1392 2601 1427 2625 sic
1439 2601 1499 2632 legit
1520 2604 1637 2630 Erasmus,
1652 2608 1755 2633 eamque
1768 2609 1812 2626 nos
1824 2602 1860 2626 Ie-

1068 2632 1173 2657 ctionem
1185 2632 1333 2664 adaptamus,
1346 2632 1446 2664 Cet-tum
1457 2633 1548 2664 quippe
1561 2633 1656 2657 videtur
1668 2632 1861 2664 Chrysostomum

1068 2668 1121 2689 tres
1139 2670 1255 2695 personas
1271 2663 1392 2687 Trinitatis
1402 2663 1441 2687 hic
1451 2670 1643 2695 commemorare
1659 2663 1775 2695 voluisse,
1790 2667 1817 2688 ut
1829 2670 1858 2688 ex

1067 2693 1239 2725 serie‘liquet.
1256 2698 1306 2718 Duo
1327 2697 1380 2718 Mss.
1394 2697 1477 2725 tottun
1494 2693 1574 2718 locum
1588 2695 1623 2719 sic
1635 2693 1725 2720 habent
1809 2695 1861 2724 Spi-

1068 2724 1130 2750 ritus
1140 2723 1237 2758 sanctus
1254 2723 1498 2758 _congregavit;_ht_mc
1515 2728 1767 2758 t'ocum__comjemum,
1781 2728 1862 2754 pater-

1068 2762 1126 2781 num
1137 2755 1309 2786 beneplacituni
1319 2755 1444 2785 cooptavit,
1453 2756 1487 2780 ita
1499 2759 1524 2780 ut
1535 2762 1549 2780 e
1557 2755 1623 2781 uelis
1633 2756 1726 2785 habent,
1741 2759 1788 2780 etc.

1101 2788 1110 2803 ¹
1126 2787 1242 2816 Quidam:
1267 2791 1300 2821 tvo
1319 2786 1394 2818 igitur
1410 2793 1456 2821 nos
1474 2787 1575 2816 twdeat,
1590 2787 1683 2821 dilecti.
1700 2786 1804 2816 inopiam
1817 2791 1859 2809 no-

1069 2822 1152 2852 straut,
1165 2823 1220 2849 qtae
1231 2817 1328 2851 quidem
1348 2817 1457 2852 maxima
1476 2821 1520 2849 est,
1539 2818 1679 2843 modestiam
1696 2821 1717 2842 ct
1729 2822 1859 2848 φηςι-μιμῇ

1070 2849 1207 2875 adhibentes
1215 2849 1376 2879 attentionem,
1387 2849 1486 2874 satiare.
