2046 3123
220 136 254 163 99
586 126 614 154 si
637 126 775 154 Jotxtvts
793 124 1028 153 cnnvsosront
1051 125 1207 154 .\ltClllEP.
1229 127 1494 157 CONSTANTINOP.
1805 122 1853 148 ιη

210 189 372 216 sustinentes
386 187 479 222 vigilite
494 186 679 214 necessitatem
701 186 829 213 inutiliter
844 185 868 212 in
884 185 1001 219 pugilum

211 234 355 262 certamine
371 241 518 264 versemur,
534 240 567 259 ne
581 239 660 259 voces
673 232 698 259 in
710 239 797 259 aeretu
819 231 955 258 dissolutte
968 231 1001 258 ad

210 281 398 308 detrimentum
419 284 514 307 sonent
527 280 616 314 potius
627 300 633 312 ,
649 287 727 313 quam
740 279 773 305 ad
788 278 900 305 lucrum.
912 277 1002 312 Neque

208 329 280 355 enim
292 327 440 361 negotiator
459 334 474 353 e
490 326 632 360 longinquo
656 332 760 352 merces
781 324 938 358 importans,
953 331 1001 351 vc-

211 373 362 399 hcmentent
377 376 518 398 ventorum
535 371 670 398 incursum
686 371 868 405 undarumquc
879 370 1002 397 exorien—

209 418 274 444 titttn
291 417 419 452 procellas
435 417 577 447 sustinens,
593 415 687 443 frustra
700 421 726 443 ct
736 416 868 443 incassum
880 415 1001 450 suscipe-

210 468 251 490 ret
263 462 392 498 ejusmodi
409 462 515 489 laborcs
533 473 539 490 :
557 469 649 489 verum
677 462 735 488 idco
756 462 840 488 maria
855 462 957 492 sulcat,
973 466 1000 489 ct

209 509 298 536 audax
316 514 356 536 est
368 509 496 536 adversus
509 509 634 543 pericula,
644 509 754 541 locaque
766 508 832 535 locis
841 513 998 540 commutat,

211 560 332 589 totasqttc
351 559 443 582 noctes
458 554 692 584 ducitinsomnes,
710 559 738 580 ιιι
760 553 938 588 negotiatione
960 553 1001 580 di-

212 607 305 629 tescat.
318 602 392 635 Quod
407 602 430 629 si
446 609 497 628 non
513 601 646 635 comingat
657 621 663 633 ,
679 601 725 627 sed
740 608 798 627 cum
822 601 896 627 lucro
919 600 999 626 etiant

208 648 289 676 sortis
301 648 431 683 jacturam
455 647 550 679 faciat,
568 654 601 674 ne
622 646 725 673 solvere
746 646 851 680 quidem
874 652 998 672 ancoram

209 694 314 728 poterit,
328 702 377 720 nec
394 693 436 720 illa
450 694 524 720 varia
539 693 658 728 perferre
673 692 838 719 discrimina.

239 741 267 768 2.
280 739 387 766 Muralis
402 739 550 766 exhortatio.
561 738 733 771 Quorumdam
746 737 902 772 incompositi
915 741 1000 772 gestus

207 786 233 812 in
247 786 360 813 ecclesia.
376 800 411 805 —-
424 784 479 812 Iloc
502 785 591 819 itaque
609 784 734 815 scientes,
750 791 811 810 cum
823 783 934 809 decente
948 783 1000 809 cir-

207 831 406 865 cumspectione
420 831 472 857 huc
484 830 652 862 aeccdannts,
667 837 700 856 nc
714 837 761 863 pro
777 833 944 863 peccatorum
957 835 999 855 rc-

207 877 334 904 missione
348 877 427 903 etiam
441 876 621 903 acccssionetn
642 875 756 909 peccatis
777 874 927 909 adjttnctam
949 874 997 901 do-

207 930 280 950 mum
289 922 445 950 referamus.
455 922 521 956 Quid
535 926 622 948 autem
634 926 674 948 est
686 921 903 955 quodqumritur.
914 920 999 955 quod-

207 976 261 1003 que
282 975 297 995 a
321 967 398 995 nobis
425 967 595 1002 reposeitur?
621 966 653 994 Ut
676 967 737 993 dum
753 966 857 993 divinos
883 966 998 1001 hymnos

207 1014 363 1045 emittimus,
384 1013 467 1040 multo
490 1017 605 1040 tremore
627 1012 766 1044 contracti,
781 1012 916 1046 multaque
932 1012 996 1039 reli-

205 1061 283 1095 gione
297 1059 392 1090 ornati.
411 1059 446 1086 ita
469 1059 577 1087 demum
599 1066 645 1085 eos
670 1058 822 1085 otl'eramus.
849 1058 914 1085 Nam
935 1062 998 1085 sunt

206 1106 313 1141 quidam
327 1107 396 1133 inter
408 1113 454 1132 eos
469 1105 512 1140 qui
528 1105 572 1132 hic
583 1104 690 1136 adsunt,
705 1111 771 1139 quos
785 1112 818 1131 ne
831 1108 927 1131 vestra:
939 1104 999 1138 qui-

206 1151 268 1178 dem
284 1150 386 1178 caritati
401 1150 516 1177 arbitror
530 1157 589 1177 esse
603 1149 706 1184 ignotos
719 1170 726 1181 ,
739 1149 782 1184 qui
796 1154 998 1177 contemnentes

209 1197 304 1230 Deum,
318 1204 351 1224 ac
369 1196 484 1232 Spiritus
503 1196 608 1231 eloquia
632 1203 680 1230 pro
694 1196 846 1230 vulgaribus
864 1203 896 1223 ac
910 1196 998 1230 profa-

207 1245 249 1272 nis
266 1244 402 1277 duccntcs,
417 1244 606 1277 incompositos
622 1251 702 1271 voces
716 1244 849 1276 emittunt,
862 1244 997 1278 nihiloque

206 1290 301 1318 melius
314 1297 342 1317 se
352 1293 456 1324 gerunt,
469 1297 546 1324 quam
561 1289 697 1324 lymphati,
713 1294 767 1316 toto
779 1297 890 1324 corpore
901 1289 998 1316 tumul-

207 1341 312 1364 tuantes
324 1343 355 1363 ac
375 1336 538 1363 circumacti.
555 1343 695 1370 moresque
717 1343 771 1369 pra:
796 1344 826 1363 se
846 1336 962 1364 ferentes
981 1344 996 1363 a

205 1381 335 1416 spirituali
350 1382 464 1409 statione
477 1381 587 1409 alienus.
601 1381 679 1408 Miser
687 1386 713 1408 et
728 1381 818 1409 infelix
834 1382 840 1408 l
855 1382 996 1416 oportebat

207 1431 232 1454 tc
244 1435 304 1454 cutn
317 1432 434 1454 tremore
447 1434 477 1454 ac
492 1427 641 1454 reverentia
662 1427 807 1462 angelicam
827 1427 997 1462 glorificatio—

207 1479 266 1500 nem
281 1473 414 1504 emittere,
430 1479 544 1505 cumque
558 1477 660 1499 terrore
676 1471 870 1499 confessionem
884 1472 995 1500 reddere

206 1518 352 1550 Conditori,
364 1526 395 1545 ac
409 1526 455 1552 per
469 1517 537 1545 hanc
550 1517 707 1545 delictorum
724 1518 826 1545 veniam
842 1519 974 1552 postulare
986 1526 992 1542 ε

206 1568 233 1591 ιιι
246 1571 310 1592 vero
325 1564 466 1591 tuimorum
479 1568 506 1590 et
518 1563 674 1590 saltatorum
692 1571 779 1590 mores
795 1563 847 1590 httc
870 1563 973 1591 inducis
985 1585 992 1597 ,

206 1610 268 1636 dum
283 1609 436 1636 indecenter
450 1617 544 1636 manus
552 1609 648 1644 jactas,
664 1609 776 1643 pedibus
792 1609 942 1642 subsultas,
956 1614 996 1636 to-

204 1659 284 1689 toque
292 1654 478 1689 circumageris
488 1662 610 1689 corpore.
626 1655 657 1681 l-It
667 1655 711 1690 qui
721 1655 759 1686 lit,
770 1659 802 1682 ut
813 1663 866 1681 non
879 1660 993 1688 metuas,

205 1707 292 1734 neque
306 1699 445 1727 horrescas
459 1699 516 1726 lucc
528 1699 629 1726 audens
646 1699 776 1727 adversus
787 1699 847 1727 talia
867 1701 971 1736 eloquia
983 1701 995 1727 ‘t

203 1744 260 1772 Non
272 1745 373 1779 cogitas
395 1746 480 1780 ipsum
495 1745 536 1772 hic
550 1746 717 1773 invisibiliter
730 1746 824 1774 adesse
841 1747 992 1781 Dominum,

204 1789 249 1825 qtti
276 1790 484 1825 uniuscujusqtte
509 1794 609 1817 motum
635 1791 802 1824 tnetitur,et
822 1793 994 1820 conscientia:

205 1835 338 1862 rationem
351 1834 450 1862 habet?
467 1843 518 1862 non
534 1835 635 1870 cogitas
650 1836 758 1870 angelos
772 1836 834 1864 huic
856 1838 994 1872 stupendm

204 1881 330 1908 assistere
345 1888 463 1913 nlCllSlB,
488 1888 600 1915 cttmqtte
622 1882 769 1909 reverentia
793 1883 860 1910 hanc
881 1884 996 1911 circum~

205 1925 328 1952 vallare?
344 1925 443 1952 Verum
455 1929 481 1952 tu
495 1925 544 1953 ista
558 1934 609 1952 Il0ll
621 1927 732 1961 cogitas,
748 1928 872 1962 quoniam
888 1936 918 1956 ea
934 1937 993 1964 quae

205 1972 231 1998 in
248 1971 358 1999 theatris
381 1971 540 2004 audiuntur,
562 1980 674 2007 qumque
692 1978 856 2008 spectantur,
877 1981 992 2002 mentem

206 2024 278 2044 tuam
293 2017 469 2044 obscurarum
480 2017 518 2054 (α)
532 2025 539 2043 z
555 2023 581 2045 et
594 2019 654 2046 ideo
667 2027 726 2054 qua:
746 2020 799 2047 illic
819 2025 948 2055 geruntur
968 2022 993 2048 in

208 2061 335 2092 l’cclesiaa
343 2062 410 2090 rittts
420 2064 539 2092 inducis:
556 2063 617 2091 ideo
629 2064 790 2092 clamoribus
804 2066 868 2093 nihil
879 2067 944 2094 certi
959 2069 994 2094 si-

203 2109 389 2144 gnificantibus
403 2109 520 2136 animum
532 2109 735 2149 incompositum
746 2111 864 2147 evulgas.
879 2114 995 2147 Quatuo-

203 2155 237 2182 do
244 2162 309 2190 ergo
319 2155 420 2183 veniam
429 2155 574 2190 postulabis
585 2161 688 2183 tuortttn
700 2157 868 2186 delictorum?
876 2162 992 2193 Quanto-

203 2201 239 2229 do
251 2201 285 2229 ad
300 2201 510 2230 miscricordiam
530 2202 670 2230 Dominum
693 2204 823 2238 intlectes,
846 2208 890 2241 qui
909 2215 994 2242 usque

204 2248 272 2276 adeo
284 2248 459 2283 contemptim
471 2248 568 2276 oll‘eras
583 2250 761 2283 precationem
774 2251 784 2278 ?
797 2251 918 2280 Miserere
932 2254 990 2286 mei,

204 2292 282 2325 Dem,
299 2293 396 2328 inquis,
409 2301 441 2320 ac
454 2301 542 2321 mores
556 2302 571 2321 a
593 2295 776 2323 misericordia
789 2297 891 2325 alienos
906 2299 994 2326 decla-

203 2346 257 2366 ras.
268 2338 382 2371 Clatnas,
398 2339 477 2366 Serva
490 2348 538 2372 me,
561 2345 588 2368 et
609 2341 730 2376 Corporis
749 2344 865 2377 speciem
881 2352 894 2370 a
908 2345 993 2372 salute

203 2385 318 2412 alienam
333 2386 469 2420 exprimis.
484 2386 552 2421 Quid
581 2387 613 2414 ad
635 2388 837 2422 supplicandum
853 2390 992 2418 conferunt

203 2438 307 2463 manus,
320 2439 379 2466 qme
392 2439 497 2466 semper
510 2432 536 2459 in
550 2433 813 2467 sublimejaclautur,
829 2440 855 2462 et
869 2435 993 2463 indecore

203 2476 430 2510 circumaguntur,
444 2477 507 2511 quid
518 2478 620 2505 clamor
634 2479 789 2513 vehemens,
807 2481 851 2515 qtti
866 2489 926 2509 cum
937 2482 993 2509 vio-

203 2523 276 2549 lento
287 2522 396 2556 spiritus
409 2522 524 2557 impulsu
537 2525 675 2558 strepitum
691 2526 769 2553 habet
784 2527 849 2554 nihil
865 2528 931 2555 certi
947 2528 993 2556 de-

204 2567 372 2595 clarantem?
396 2569 492 2595 Annon
525 2569 573 2596 ista
597 2571 702 2603 quidem
732 2573 826 2606 partim
850 2574 990 2602 mulierum

203 2613 229 2639 in
254 2613 338 2639 triviis
363 2615 539 2642 meretriciam
563 2622 646 2643 artem
667 2619 869 2652 exercentium,
897 2621 991 2655 partim

203 2666 266 2686 vero
279 2665 382 2691 eorum,
393 2660 437 2694 qui
452 2660 477 2687 in
492 2661 602 2688 theatris
617 2663 803 2696 vociferantur,
811 2671 871 2692 sunt
885 2674 966 2701 opera
980 2667 992 2694 ?

202 2704 340 2737 Quomodo
352 2705 431 2740 igitur
439 2706 520 2734 audes
530 2708 682 2742 augt-lorum
695 2709 776 2736 licunt
789 2711 990 2744 glorificantiqu

204 2749 308 2784 hymnis
317 2750 469 2779 daamonum
483 2753 629 2780 admiscere
642 2754 893 2790 ludicra?quontodo
904 2763 991 2785 autent

233 2795 273 2834 (in),
287 2796 328 2834 llic
346 2798 454 2834 exagitat
466 2805 508 2823 eos
520 2800 560 2834 qui
574 2799 667 2834 theatra
692 2805 717 2826 et
739 2801 832 2826 Circum
850 2802 991 2834 frequenta-

203 2825 431 2866 ᾘειιιΙ-ξξξςιιειιιῦιιί
444 2825 676 2866 autt-m'Aulioclutc
700 2837 777 2862 erant,
795 2825 992 2866 adsit-{651%

203 2858 334 2883 insectatur
345 2858 534 2890 Ctxrysostotuus.

1058 192 1110 212 non
1125 188 1257 214 revereris
1271 188 1340 216 hanc
1353 196 1454 221 vocem,
1467 198 1546 224 quatn
1558 190 1611 217 illic
1624 191 1738 225 pta-fers,
1755 193 1849 220 SCIl'ilf,

1055 229 1166 259 Domino
1178 233 1203 258 in
1211 233 1306 266 timore,
1323 239 1345 260 ct
1365 234 1487 261 rnultatc
1500 235 1524 262 ei
1537 243 1594 262 cum
1610 241 1715 263 tremore
1727 237 1848 272 (Parthi.

1056 275 1115 309 ii)?
1125 276 1240 304 liocciue
1248 283 1288 305 est
1302 286 1361 305 cum
1378 284 1492 307 tremore
1503 281 1613 311 servire.
1627 283 1664 308 sic
1677 282 1787 310 dilTundi
1797 284 1850 311 dis-

1055 321 1191 356 tcndique,
1205 328 1229 349 ut
1247 332 1294 350 nec
1309 324 1365 359 ipse
1378 325 1456 357 scias,
1468 334 1527 361 qum
1540 327 1656 362 loquaris
1673 328 1850 364 incomposito

1054 366 1126 393 vocis
1138 367 1236 394 boatu?
1251 368 1321 395 istud
1337 377 1400 397 vero
1410 375 1580 406 contemptus
1591 377 1641 405 est,
1657 381 1709 400 non
1726 374 1830 400 timoris
1843 383 1849 403 :

1053 413 1221 447 arrogantirc,
1238 421 1291 441 non
1307 415 1481 449 humilitatis;
1495 417 1564 444 istud
1583 417 1730 446 ludentium
1746 424 1787 446 est
1804 428 1847 455 po-

1054 457 1115 490 tius,
1140 465 1218 493 quam
1234 460 1337 487 divinas
1352 461 1443 488 laudes
1467 463 1668 491 celebrantium.
1691 466 1760 499 Quid
1785 474 1849 499 ergo

1055 504 1155 530 servire
1177 504 1289 532 Domino
1312 506 1338 533 in
1361 507 1471 535 timore?
1492 508 1557 535 Cum
1583 517 1662 537 omne
1685 517 1847 547 prteceptunt

1052 548 1251 584 perfecerimus,
1265 558 1326 578 cum
1341 556 1457 580 tremore
1478 558 1505 580 et
1527 559 1599 582 metu
1615 555 1683 582 hanc
1697 558 1847 584 confessio-

1053 601 1113 621 nem
1129 595 1225 628 faccre,
1245 597 1327 624 corde
1342 598 1457 625 contrito
1479 604 1620 634 menteque
1638 601 1769 629 submissa
1784 610 1846 636 prc-

1052 647 1097 667 ccs
1119 641 1225 668 offerre.
1251 642 1306 670 Nec
1329 643 1414 670 solum
1442 645 1544 671 servire
1567 645 1594 672 in
1623 646 1728 679 timore,
1754 655 1844 675 verum

1051 688 1130 715 etiam
1151 689 1288 716 exsultare
1311 697 1371 716 ctnn
1395 695 1511 718 tremore
1532 692 1646 726 Spiritus
1666 699 1774 721 sanctus
1796 702 1845 730 per

1051 734 1206 768 prophetam
1219 735 1306 768 jubet.
1322 735 1388 762 Nam
1404 737 1529 770 quoniam
1543 739 1667 772 prtecepti
1682 741 1840 774 exsequutio

1050 779 1174 813 gaudium
1188 781 1298 814 gignere
1313 781 1382 808 solet
1398 782 1423 808 in
1438 782 1526 809 auituo
1540 783 1662 811 virtutetn
1682 787 1842 819 exercentis,

1050 830 1077 852 et
1100 826 1177 859 hanc,
1202 827 1297 862 inquit,
1319 828 1513 855 confessionem
1534 836 1593 856 cum
1617 834 1733 857 tremore
1757 831 1843 859 facere

1049 871 1186 905 convenit,
1203 879 1236 899 ne
1249 872 1270 898 si
1284 872 1408 906 deposito
1432 878 1504 900 metu
1525 874 1719 902 confundantur
1733 883 1764 903 ac
1783 877 1841 904 dis-

1049 916 1194 949 Solvamur,
1212 917 1290 944 simul
1313 922 1340 945 et
1367 918 1486 945 laborum
1507 919 1637 954 jacturam
1659 920 1797 955 faciamus,
1816 928 1843 950 tt
1887 919 1894 922 ”

1051 961 1132 989 Deum
1147 963 1173 990 in
1187 971 1236 990 nos
1250 972 1436 998 provocemus.
1451 965 1503 992 Sed
1516 967 1660 1000 quomodo,
1675 967 1771 1002 inquis,
1786 969 1841 996 fieri

1050 1012 1148 1042 potest,
1164 1013 1192 1035 ut
1205 1009 1263 1043 quis
1277 1010 1392 1037 exsultet
1407 1018 1466 1037 cum
1482 1012 1618 1038 tremore?
1637 1012 1702 1039 Nam
1719 1014 1842 1048 impossi-

1050 1053 1102 1080 bile
1115 1059 1156 1080 est
1171 1054 1248 1081 simul
1263 1054 1319 1081 haec
1334 1055 1386 1082 duo
1399 1056 1530 1090 accidere,
1547 1063 1607 1084 cum
1630 1058 1697 1085 inter
1714 1058 1770 1085 hmc
1783 1058 1842 1094 plu-

1050 1099 1115 1126 rima
1131 1100 1166 1127 sit
1185 1100 1346 1128 differentia.
1367 1101 1497 1128 Gaudium
1511 1104 1581 1130 enim
1597 1108 1638 1130 cst
1660 1111 1765 1137 corutn,
1780 1113 1839 1139 qua:

1049 1145 1183 1174 desiderat
1207 1148 1323 1179 animus,
1350 1148 1476 1182 exple-tio,
1500 1157 1642 1184 rerumque
1664 1150 1840 1185 jucundarttm

1049 1191 1148 1224 ft'uilio,
1169 1199 1201 1219 ac
1214 1194 1387 1220 molestarum
1408 1194 1524 1227 oblivio;
1547 1201 1633 1222 luctus
1645 1202 1732 1223 autem
1746 1205 1841 1232 exspe-

1048 1242 1178 1265 ctatorum
1199 1238 1328 1266 malorutn
1345 1239 1477 1273 incursus,
1494 1241 1584 1268 oriens
1602 1241 1729 1269 adversus
1741 1242 1840 1270 conde-

1049 1291 1164 1312 mnatam
1186 1286 1388 1312 conscientiam.
1416 1287 1556 1319 Quomodo
1569 1288 1647 1322 igitur
1670 1289 1730 1315 licet
1745 1288 1840 1316 exsul-

1049 1335 1105 1358 tare
1126 1338 1185 1358 cum
1205 1331 1309 1364 timore,
1333 1339 1382 1359 nec
1403 1333 1557 1367 simpliciter
1579 1340 1640 1360 cum
1664 1335 1768 1366 timore,
1792 1335 1841 1362 sed

1047 1376 1128 1403 etiam
1149 1383 1209 1403 cum
1230 1380 1357 1409 tremore,
1374 1378 1418 1411 qui
1442 1383 1483 1405 est
1499 1378 1602 1405 timoris
1616 1379 1797 1413 vehementia,
1813 1387 1841 1416 et

1047 1421 1197 1449 immodica:
1211 1422 1349 1457 cujusdam
1363 1422 1503 1450 anxietatis
1517 1424 1640 1458 signum?

1084 1467 1211 1500 Quantum
1225 1468 1344 1502 gaudium
1367 1467 1458 1500 u/ferat
1477 1468 1614 1504 Seraphin:
1631 1470 1717 1505 [milia
1738 1471 1840 1498 visionis

1047 1513 1162 1547 Domini,
1176 1519 1199 1540 ct
1212 1522 1257 1540 cur
1265 1514 1329 1540 illud
1339 1515 1459 1549 gaudium
1472 1520 1537 1541 metu
1548 1517 1578 1542 sit
1592 1516 1707 1542 mixtum.
1721 1532 1756 1536 ——
1766 1517 1839 1550 Quo-

1047 1559 1128 1588 modo
1152 1560 1240 1596 igitur,
1257 1560 1354 1595 inqttis,
1373 1561 1423 1588 ltoc
1438 1560 1500 1588 fiet?
1521 1561 1577 1596 ipsa
1602 1568 1626 1589 te
1641 1562 1780 1598 Sct‘aplzitn
1795 1564 1839 1591 do-

1047 1610 1119 1639 cent,
1135 1613 1193 1640 qua:
1208 1613 1237 1633 re
1251 1606 1307 1641 ipsa
1325 1607 1368 1633 tali
1383 1607 1531 1634 tuinisterio
1544 1608 1698 1643 funguntur.
1716 1609 1781 1636 Nam
1795 1611 1838 1637 illa

1047 1651 1173 1679 ineffabili
1191 1651 1275 1686 gloria
1294 1651 1445 1680 Conditoris
1462 1653 1594 1687 fruuntur,
1608 1654 1670 1681 dum
1686 1655 1838 1690 incompre-

1047 1697 1204 1724 hensibilem
1218 1697 1276 1732 ejus
1290 1697 1514 1732 pulchritudinem
1536 1700 1752 1734 contemplantnr
1765 1710 1771 1728 :
1784 1710 1837 1729 non

1046 1743 1106 1770 dico
1126 1743 1198 1770 illam
1214 1748 1244 1770 ut
1257 1748 1297 1771 est
1312 1749 1406 1772 natttra
1419 1744 1488 1779 (lucc
1500 1745 1571 1772 enim
1591 1745 1768 1781 iucogitabilis
1785 1752 1836 1780 est,

1047 1796 1096 1816 nec
1115 1789 1230 1823 spectari
1249 1793 1352 1824 potest,
1370 1797 1419 1817 nec
1435 1790 1518 1825 ﬁgura
1533 1790 1657 1826 exprimi.
1676 1792 1835 1820 absurdum-

1047 1843 1098 1870 que
1110 1839 1152 1862 cst
1165 1835 1204 1862 sic
1216 1835 1248 1862 de
1264 1835 1308 1862 illa
1325 1835 1439 1870 opinari)
1453 1844 1460 1868 ;
1480 1836 1526 1863 sed
1541 1842 1668 1872 quantum
1681 1845 1837 1866 concessum

1045 1886 1097 1914 est,
1117 1885 1245 1916 quantum
1268 1889 1301 1908 ex
1328 1882 1373 1909 illo
1396 1882 1540 1917 splendore
1567 1889 1679 1918 poswnt
1697 1885 1835 1912 illustrari.

1045 1926 1176 1959 Quoniam
1197 1926 1268 1954 enim
1290 1926 1396 1954 assidue
1412 1927 1574 1955 famulantur
1595 1929 1620 1955 in
1641 1929 1754 1957 circuitu
1777 1930 1838 1957 soli

1046 1972 1152 2006 regalis,
1178 1971 1203 1998 in
1218 1971 1275 2006 jugi
1297 1971 1394 2007 gaudio
1415 1978 1598 2006 perseverant,
1627 1975 1652 2001 in
1675 1976 1836 2010 sempiterna

1046 2017 1233 2052 delectatione,
1265 2018 1291 2045 in
1316 2019 1496 2047 exsultatione
1524 2020 1603 2048 liuent
1629 2029 1680 2048 non
1705 2021 1835 2054 habitura.

1046 2063 1199 2098 gaudentia,
1222 2064 1357 2096 saltantia,
1378 2065 1443 2092 citra
1463 2065 1546 2092 ullum
1571 2066 1705 2094 silentium
1726 2068 1836 2102 gloriam

1046 2110 1180 2138 canentia.
1194 2109 1260 2137 Nam
1281 2115 1352 2138 stare
1372 2111 1398 2138 in
1419 2116 1564 2146 conspectu
1587 2112 1733 2147 tnajestatis
1754 2114 1835 2144 illius,

1045 2156 1132 2191 deque
1146 2156 1289 2190 splendore
1303 2157 1377 2184 illinc
1394 2157 1540 2192 refulgente
1554 2158 1707 2191 illuminari,
1723 2159 1774 2186 hoc
1786 2159 1837 2186 illis

1046 2207 1088 2229 est
1108 2201 1244 2237 gaudium,
1259 2201 1310 2229 ltoc
1333 2202 1384 2229 illis
1408 2207 1449 2230 est
1472 2203 1622 2236 exsultatio,
1641 2203 1691 2232 hoc
1703 2205 1835 2239 voluptas,

1046 2248 1097 2276 hoc
1110 2248 1225 2283 denique
1247 2249 1342 2283 gloria.
1361 2249 1495 2276 Fortassis
1510 2251 1631 2277 sensistis
1647 2251 1746 2286 aliquid
1761 2251 1836 2278 volu-

1046 2294 1135 2329 ptatis,
1151 2298 1178 2321 et
1190 2293 1322 2328 cupiditas
1333 2294 1453 2329 qutcdam
1466 2295 1538 2323 illius
1552 2296 1644 2330 gloria:
1656 2305 1704 2324 vos
1718 2298 1800 2331 cepit.

1077 2339 1105 2366 5.
1125 2339 1159 2366 At
1172 2339 1194 2365 si
1208 2339 1294 2366 velitis
1306 2340 1492 2367 adhortantem
1507 2341 1610 2374 audire,
1625 2347 1838 2377 pricsentcmque

1045 2384 1135 2418 glurire
1147 2383 1244 2411 divina)
1261 2385 1469 2413 celebrationem
1490 2387 1613 2422 religiose
1628 2395 1767 2422 peragere,
1784 2397 1836 2415 nnu

1045 2429 1172 2457 destituet
1183 2436 1231 2457 vos
1246 2429 1396 2464 hujusmodi
1412 2431 1548 2466 gaudium,
1563 2432 1694 2467 siquidem
1718 2433 1775 2468 ipse
1797 2440 1838 2462 cst

1045 2474 1090 2502 ille
1104 2475 1243 2507 Dominus,
1258 2476 1302 2510 qui
1319 2480 1346 2502 et
1359 2476 1384 2502 in
1397 2476 1470 2504 ca-lis
1485 2482 1511 2503 et
1527 2478 1552 2504 in
1568 2479 1645 2505 terris
1656 2479 1835 2513 glorificatur:

1045 2519 1120 2548 Pleni
1135 2525 1193 2547 sunt
1207 2521 1277 2548 enim
1300 2522 1356 2548 cn'li
1371 2528 1392 2548 et
1408 2528 1473 2548 terra
1488 2522 1570 2557 gloria
1585 2524 1639 2558 ejus
1659 2524 1735 2559 (lsoi.
1752 2525 1779 2552 6.
1797 2526 1836 2559 5).

1045 2565 1184 2598 Quomodo
1198 2566 1226 2593 fit
1250 2567 1340 2600 igitur,
1359 2572 1386 2594 ιιι
1401 2568 1443 2594 ilia
1457 2568 1608 2603 Seraphim,
1625 2578 1685 2597 cutn
1705 2571 1837 2606 ejusmodi

1044 2613 1179 2647 voluptate
1192 2612 1322 2646 fruantur,
1340 2613 1408 2641 hanc
1423 2622 1483 2641 cum
1497 2615 1591 2643 timore
1604 2616 1755 2644 misceant?
1770 2618 1836 2646 Audi

1044 2659 1106 2694 quid
1121 2659 1188 2688 dicat
1200 2660 1329 2694 propheta
1347 2669 1353 2686 :
1371 2659 1429 2687 Vidi
1440 2661 1577 2688 Dominum
1590 2663 1716 2690 sedentem
1732 2664 1758 2690 in
1774 2665 1838 2691 solio

1045 2705 1141 2732 excelsa
1155 2710 1178 2731 et
1189 2705 1294 2732 elevato.
1310 2706 1394 2739 Quam
1408 2706 1443 2733 ob
1456 2714 1563 2734 causam
1582 2715 1642 2735 cum
1657 2709 1771 2737 dixisset
1785 2710 1836 2737 [5x-

1044 2752 1153 2782 celsum,
1170 2751 1277 2786 adjecit,
1296 2752 1453 2780 lilcvatum?
1469 2762 1556 2781 atnton
1571 2755 1635 2782 satis
1653 2761 1711 2783 crat
1726 2764 1772 2790 pcr
1783 2758 1836 2784 cel-

1044 2796 1186 2823 situdinem
1199 2805 1257 2824 rem
1273 2802 1354 2824 totam
1368 2798 1527 2834 signiﬁcare,
1544 2800 1736 2836 tleciarareque
1752 2802 1833 2837 digne

1044 2843 1105 2871 tatis
1119 2843 1310 2872 eminentiam?
1332 2851 1415 2879 quare
1430 2853 1494 2880 ergo
1517 2846 1630 2877 addidit,
1641 2844 1794 2872 l‘Ilcvatum?
1806 2848 1837 2877 Ut

1841 2687 1853 2701 ε

1622 2961 1641 2969 Α
