2072 3122
180 174 225 202 ΙΟΙ
695 176 727 203 IN
747 176 856 207 ILLUD.
878 173 946 203 VIDI
966 173 1130 210 DOMINUM,
1149 176 1263 206 "OHIL.
1285 177 1303 205 ι.

181 235 271 261 sedem
290 232 589 268 incomprehensibilrm
611 233 818 263 demonstraret.
843 234 970 268 Quando-

179 278 283 313 quidem
306 279 376 314 apud
392 287 441 308 nos
461 279 532 315 quod
554 280 688 308 excelsum
708 284 750 308 est
782 280 972 314 cogitationem

180 325 319 361 quamdam
334 325 436 362 pr:cbet
455 327 661 361 comparationis
683 326 717 354 ad
739 334 770 354 ea
784 334 844 362 qua:
859 325 971 353 humilia

178 376 238 399 sunt
263 378 296 398 ac
322 371 497 399 submissiora
517 380 523 398 :
544 372 626 399 veluti
652 372 754 401 excelsi
775 376 838 400 sunt
864 375 970 399 montes

180 419 376 454 campestribus
386 423 411 447 et
435 418 554 453 planitiei
573 420 718 454 comparati
732 427 739 448 :
755 420 891 448 excelsum
906 419 970 447 item

178 465 271 493 caelum
283 464 318 492 ab
330 464 455 493 omnibus
467 465 582 493 terrenis
593 465 733 493 altitudine
746 470 878 506 remotum
891 474 899 499 ;
914 472 970 493 ete-

179 517 263 539 terum
278 511 336 539 hinc
350 511 499 539 sublimitas
513 516 540 539 et
552 511 665 540 altitudo
676 512 760 540 solius
774 517 816 540 est
829 512 902 539 illius
919 519 969 539 na—

180 564 244 586 tura:
271 558 569 593 incomprehensibilis,
593 565 673 593 quam
694 566 780 594 neque
806 559 969 594 cogitatione

177 604 328 639 concipere,
344 611 430 639 ueqtte
444 604 535 631 verbis
557 604 645 638 eloqui
659 604 798 639 quisquam
813 608 910 639 potest,
923 612 968 632 eo-

176 658 227 684 que
239 649 304 677 dicit
319 659 326 677 :
345 649 404 676 Vidi
416 649 554 676 Dominum
566 650 692 677 sedentem
711 650 737 677 in
756 649 820 676 solio
833 650 930 678 excelso
944 655 968 677 et

159 685 161 689 Y
176 695 279 722 elevato.
294 695 347 723 Sed
361 695 424 730 quid
440 699 570 730 praeterea
586 694 686 728 vidisti,
708 702 725 722 ο
738 695 889 730 propheta?
904 695 967 730 quid

175 743 246 770 circa
269 742 343 770 illum
361 742 507 777 spectasti?
522 741 556 768 Et
575 741 712 776 Seraphim
733 741 843 776 stabant,
870 742 965 778 inquit,

175 788 200 815 in
217 788 325 815 circuitu
339 788 395 823 ejus
408 787 484 824 (Isai.
509 787 536 815 6.
557 787 596 823 2).
612 787 681 821 Quid
705 787 836 815 faciebant
859 792 886 815 et
904 787 967 822 quid

175 833 309 866 dicebant,
323 841 375 869 qua
399 833 495 861 ﬁducia
521 833 697 861 fruebantur?
717 833 824 861 Fiducia
845 833 963 869 quidem,

175 880 268 915 inquit,
283 879 366 912 nulla,
382 887 474 906 verum
488 879 594 907 timoris
605 887 637 907 ac
650 879 768 914 stuporis
784 885 860 907 erant
875 880 963 914 plena,

175 925 230 959 ipsa
253 925 334 952 etiam
356 924 446 959 specie
472 929 573 952 metum
602 924 763 952 ineffabilem
790 925 965 952 deelarantia.

175 971 281 998 Duabus
295 970 366 1000 enim
381 970 431 998 alis
442 970 567 998 velabant
581 970 686 1003 faciem,
701 970 782 998 simul
797 971 966 999 excludentia

173 1016 278 1043 radium
292 1024 308 1043 e
327 1016 396 1044 solio
409 1016 597 1052 prodeuntem,
614 1024 647 1044 eo
661 1017 731 1052 qttod
747 1016 818 1045 ferre
833 1025 886 1045 non
903 1026 965 1052 pos-

122 1070 129 1075 ν
173 1067 231 1090 sent
246 1064 403 1090 immensam
418 1062 489 1090 illius
504 1062 625 1097 gloriam,
643 1063 721 1090 simul
733 1068 822 1091 autem
845 1067 872 1090 ct
887 1071 964 1090 suam

173 1109 327 1144 religionem
341 1116 372 1137 ac
387 1109 564 1138 reverentiam
575 1109 760 1144 significantia,
775 1117 855 1145 quam
867 1109 966 1137 habent

172 1164 233 1191 erga
248 1156 402 1184 Dominum.

207 1201 258 1229 Cur
271 1201 408 1236 Serapltim
423 1200 513 1237 faciem
527 1205 551 1228 et
565 1201 639 1235 pedes
653 1201 742 1228 velent.
753 1216 789 1221 —
798 1200 854 1228 Tali
869 1201 964 1236 gaudio

171 1248 285 1283 gaudent
300 1248 344 1275 illa
356 1269 363 1281 ,
380 1248 425 1276 tali
447 1247 538 1275 lattitia
555 1248 705 1281 exsultant,
720 1256 770 1276 nec
783 1248 869 1276 solum
883 1248 964 1277 facies

171 1294 269 1328 velant,
282 1301 374 1321 verum
385 1298 412 1321 et
423 1293 514 1329 pedes.
529 1293 706 1327 Quamobrem
720 1293 771 1321 hoc
784 1293 901 1322 faciunt?
914 1294 964 1322 Fa-

170 1339 223 1367 cies
243 1339 351 1375 quidem
370 1339 466 1367 merito
483 1339 572 1367 velant
592 1344 701 1375 propter
713 1340 885 1368 metuendum
900 1348 963 1375 spc-

169 1385 315 1418 ctaculum,
335 1385 461 1425 quodque
478 1393 532 1413 non
553 1385 655 1420 possint
672 1386 834 1414 inaccessam
851 1387 962 1422 gloriam

170 1431 272 1458 obtueri
288 1439 296 1458 :
313 1437 406 1458 verum
427 1430 507 1466 pedes
526 1439 608 1466 quare
621 1431 699 1459 simttl
714 1431 821 1460 velant?
836 1435 874 1460 Ac
888 1433 961 1460 vole-

170 1477 229 1505 bam
241 1477 348 1511 quidem
362 1477 438 1505 vobis
452 1477 503 1505 hoc
516 1469 675 1513 relinquere,
689 1481 720 1505 ut
733 1477 783 1512 ipsi
798 1478 868 1506 circa
884 1479 963 1514 hujus

169 1523 205 1550 rei
214 1523 373 1551 solutionem
382 1523 550 1558 laboraretis,
560 1523 682 1559 circaque
689 1523 865 1558 spiritualium
873 1530 962 1552 rerum

168 1570 369 1605 vestigationcm
382 1569 527 1605 vigilaretis
541 1578 548 1597 :
562 1574 691 1597 cteterum
705 1578 739 1597 ne
753 1575 867 1598 vestram
887 1571 960 1606 cogi-

168 1617 295 1644 tationem
317 1616 387 1644 circa
410 1616 488 1651 hujus
509 1616 707 1651 inquisitionem
729 1617 857 1644 intentam
879 1617 961 1644 relin-

167 1669 267 1697 quens,
278 1662 303 1689 id
313 1662 428 1690 efficiam
437 1667 465 1689 ut
474 1662 682 1690 admonitionem
692 1663 839 1698 negligatis,
853 1670 962 1691 necesse

168 1712 208 1735 est
221 1712 251 1735 ut
267 1708 318 1736 hoc
331 1708 418 1736 obiter
431 1707 543 1735 solvam.
559 1708 646 1742 Quare
665 1708 745 1743 igitur
759 1709 841 1744 pedes
856 1710 962 1736 velant?

169 1753 382 1789 lnexplicabilem
392 1761 454 1788 erga
463 1753 635 1781 Conditorem
648 1754 824 1782 reverentiam
835 1754 962 1782 exhibere

167 1801 284 1834 student,
299 1801 462 1836 multamque
473 1801 635 1829 anxietatem
649 1805 703 1828 tum
718 1801 775 1836 ipso
788 1801 889 1835 habitu,
906 1806 961 1829 tum

168 1855 232 1875 voce
244 1868 251 1880 ,
267 1852 322 1875 tum
337 1851 446 1883 aspectu
458 1867 466 1881 ,
482 1847 596 1882 denique
610 1847 667 1882 ipsa
682 1848 806 1876 statione.
831 1849 962 1883 Quoniam

168 1893 248 1928 igitur
267 1892 294 1920 id
312 1893 383 1928 quod
404 1892 558 1920 desiderant
575 1893 700 1928 quodque
718 1894 893 1922 convenieth
908 1902 962 1923 non

167 1943 354 1974 assequuntur,
368 1939 501 1967 occultant
514 1939 612 1966 idcirco
623 1939 739 1975 undique
753 1939 885 1968 defectum
897 1940 960 1968 dum

167 1991 196 2012 se
209 1984 414 2020 circumtegunt.
429 1984 525 2012 Utrum
538 1984 684 2019 inteiligitis
709 1985 780 2020 quod
794 1985 894 2013 dictum
908 1991 960 2020 est,

167 2037 200 2056 an
214 2037 303 2065 operae
317 2030 432 2065 pretium
447 2032 488 2057 est
501 2034 529 2057 ut
546 2029 615 2058 idem
630 2029 718 2057 denuo
732 2031 869 2065 repetam?
884 2031 941 2067 Age
951 2052 959 2065 ,

167 2080 196 2103 ut
209 2076 259 2103 hoc
272 2075 367 2103 faciam
378 2075 519 2103 dilucidius
531 2096 539 2109 ,
554 2083 587 2103 ex
599 2083 689 2103 rerum
701 2081 854 2104 nostrarum
867 2085 960 2105 exem-

167 2122 218 2157 plis
229 2122 398 2150 manifestum
412 2121 499 2149 facere
510 2122 637 2149 conabor.
651 2122 757 2149 Assistit
769 2122 864 2157 aliquis
877 2128 961 2151 terre-

167 2175 201 2195 no
211 2169 267 2203 regi
280 2168 455 2203 omnibusque
467 2168 553 2195 modis
567 2168 685 2201 molitur,
697 2173 726 2195 ut
738 2169 960 2204 quamplurimum

166 2220 228 2248 erga
244 2214 317 2240 illum
333 2214 509 2241 reverentiam
524 2213 659 2246 exhibeat,
675 2222 729 2249 quo
744 2222 792 2249 per
807 2215 857 2243 hoc
874 2216 882 2231 ί
900 2223 959 2243 ma-

165 2259 250 2294 jorem
270 2259 340 2287 illius
358 2267 419 2295 erga
442 2267 472 2287 se
490 2260 614 2287 conciliet
632 2260 854 2289 benevolentiam.
878 2262 960 2297 Cujus

165 2305 249 2339 gratia
267 2305 357 2340 specie
371 2305 464 2340 capitis
475 2325 483 2337 ,
500 2305 555 2339 ipsa
575 2312 640 2332 voce
650 2326 657 2339 ,
673 2306 728 2340 ipsa
744 2313 870 2334 manuum
884 2315 960 2335 com-

167 2351 307 2385 positione,
320 2351 376 2386 ipsa
387 2351 483 2387 pedum
493 2351 688 2386 conjunctione,
701 2352 832 2388 totiusque
839 2355 960 2389 corporis

197 2451 207 2466 ¹
226 2453 285 2480 [ως.
293 2449 359 2482 71832
372 2457 378 2474 :
391 2450 489 2475 multum
506 2450 665 2482 reuerentiam
679 2456 738 2482 erga
756 2451 907 2478 Conditorem
918 2452 960 2478 Iza-

166 2481 225 2515 fient,
245 2481 322 2506 multo
337 2485 433 2512 stupore
455 2481 626 2515 percetltmtur.
640 2481 715 2515 Quae:
725 2482 824 2515 anet-tur
840 2485 890 2508 tum
908 2490 960 2515 Ipso

167 2512 255 2542 habitu,
269 2515 320 2536 non
328 2518 393 2541 voce,
406 2515 456 2545 tum
467 2515 574 2545 aspectu,
587 2512 691 2545 denique
702 2512 755 2544 ipsa
767 2514 866 2545 statione
877 2512 960 2545 expri-

166 2549 230 2568 mere
240 2546 367 2568 conantur.
380 2544 495 2573 Quoniam
506 2543 580 2574 igitur
592 2543 627 2569 sic
637 2543 714 2568 etiam
729 2544 793 2574 quod
806 2545 875 2569 decet
886 2543 959 2570 attin-

165 2579 221 2604 gere
232 2580 279 2608 mm
419 2581 444 2599 se
462 2573 563 2608 iactando
580 2574 686 2606 undique
705 2575 957 2608 defectum‘supptent.

170 2604 395 2637 t'trmnriruelligitis
407 2606 470 2637 quod
482 2605 572 2637 dictum
585 2608 627 2634 est,
640 2604 672 2637 im
682 2604 763 2636 opera:
772 2604 875 2637 pretium
885 2604 920 2632 est
933 2611 959 2632 ut

166 2635 231 2661 idem
241 2636 321 2661 dumo
338 2635 465 2667 repetam?
476 2636 587 2665 equidm
608 2636 668 2661 mihi
687 2635 843 2667 repetendum
853 2637 957 2663 videtur.

167 2673 213 2699 Age
228 2667 313 2699 igitur,
328 2670 351 2691 et
367 2666 412 2692 hoc
450 2667 557 2699 lucidum
578 2674 610 2691 ea:
629 2666 719 2692 rerum
730 2671 867 2699 nostrarum
877 2675 959 2694 exem-

190 2698 211 2723 i:
223 2697 322 2733 [dc-iam.
347 2700 378 2733 Et
398 2701 472 2725 certe.
489 2698 536 2733 μὴ
551 2699 619 2727 nti/ti,
636 2700 685 2733 _g_ui
705 2705 757 2733 regi
767 2698 870 2733 _t_1.ssistit,
883 2705 959 2725 nonne

167 2729 299 2760 mimodo
307 2732 417 2760 conatth
425 2729 559 2754 maximam
567 2736 625 2760 ergo
632 2729 703 2754 illum
713 2729 828 2755 eihibere
846 2736 959 2755 reveren-

164 2759 244 2784 tiam?
255 2759 347 2785 Procul
359 2759 450 2791 dubio;
471 2766 555 2791 nempe
573 2763 600 2785 ut
614 2767 658 2791 per
677 2760 730 2789 hoc,
753 2764 802 2785 etc.
815 2764 841 2785 Et
858 2760 893 2785 sic
906 2761 958 2786 fere

167 2791 254 2821 ubique
267 2791 307 2815 hic
318 2797 382 2815 unus
393 2790 487 2820 Codex,
499 2790 531 2816 ita
544 2794 571 2816 ut
589 2790 716 2815 si'vellem
732 2793 812 2816 omnia
824 2791 912 2816 afferre
923 2791 958 2817 le<

167 2822 271 2845 ctionum
281 2822 431 2850 discrimina,
455 2821 508 2846 fere
525 2825 574 2847 tota
593 2822 692 2846 homilia
708 2823 737 2847 ad
751 2822 852 2847 verbum
864 2823 958 2848 exscri-

167 2851 243 2876 benda
257 2856 335 2877 esset.
349 2852 371 2876 Α
382 2852 521 2877 Morelliana
537 2857 619 2878 autem
641 2853 748 2878 Editione
763 2854 846 2878 verbis
865 2857 958 2878 tantum

167 2881 254 2916 digeri.
266 2890 316 2908 non
334 2883 464 2916 sensu.rlu
478 2884 532 2909 aliis
547 2887 628 2909 autent
648 2885 812 2916 Manuscriptis
827 2891 882 2910 cum
893 2885 958 2911 mito

167 2913 258 2939 «illatis
266 2920 398 2946 perpauca:
410 2915 569 2940 observantur
579 2916 719 2940 varietates.

1772 184 1823 214 102

1026 235 1206 263 contractione
1229 235 1308 263 talem
1331 237 1505 264 reverentiam
1529 241 1641 266 conatur
1664 239 1816 268 ostendere.

1026 279 1081 307 Hoc
1094 284 1121 307 et
1134 281 1167 307 ab
1180 280 1231 308 illis
1244 281 1407 316 lucet-porcis
1418 282 1557 310 virtutibus
1571 284 1737 312 observatur.
1750 285 1817 312 Cum

1024 325 1095 352 enim
1105 326 1243 361 plurimam
1256 327 1369 365 habeant
1379 335 1440 363 erga
1448 327 1619 357 Conditorem
1630 331 1817 366 reverentiam,

1024 375 1052 399 ct
1067 372 1134 400 hanc
1150 373 1266 409 undique
1280 379 1410 402 conantur
1420 380 1546 410 prmstarc
1561 384 1568 403 :
1583 372 1680 405 deinde
1691 378 1818 412 quoniam

1024 425 1077 445 non
1087 425 1265 453 assequuntur
1272 420 1342 455 quod
1354 425 1491 456 expetunt,
1501 422 1572 457 quod
1582 423 1719 457 cupiditati
1729 423 1814 457 deest,

1023 462 1074 491 hoc
1088 465 1148 492 velo
1162 465 1297 500 obtcgunt.
1321 466 1394 494 Hanc
1414 467 1449 494 ob
1468 475 1576 495 causam
1593 467 1672 504 igitur
1684 463 1766 497 facies
1783 477 1815 498 ac

1023 511 1103 545 pedes
1119 516 1207 546 tegere
1221 513 1354 541 dicuntur.
1369 514 1534 550 Quamquam
1544 519 1585 543 est
1595 519 1621 544 et
1630 515 1681 543 alia
1692 516 1814 551 quaedam

1022 557 1105 591 magis
1120 558 1229 593 mystica
1243 559 1388 593 speculatio
1401 567 1460 594 qua:
1474 560 1543 587 eirea
1557 560 1608 588 hoc
1618 562 1812 596 consideratur,

1021 609 1073 629 non
1089 603 1158 638 quod
1177 602 1258 637 pedes
1272 612 1302 631 ac
1317 604 1397 632 facies
1418 606 1531 633 habeant
1548 606 1628 641 (sunt
1639 607 1709 634 enim
1725 608 1812 635 ineor-

1020 655 1100 682 porea
1114 669 1121 682 ,
1144 650 1366 684 quemadmodum
1389 652 1475 687 ipsum
1488 652 1632 689 Numen),
1648 654 1693 681 sed
1716 659 1744 681 ut
1763 654 1812 681 hoc

1020 693 1151 722 humanus
1163 703 1252 723 sermo
1263 697 1378 725 declaret
1388 706 1420 725 ea
1433 699 1548 734 undique
1561 705 1632 727 metu
1646 708 1676 727 ac
1690 709 1813 728 reveren-

1021 740 1054 766 tia
1075 741 1168 768 all‘ecta
1190 742 1291 769 servire
1312 743 1433 771 Domino.
1455 744 1500 772 Sic
1518 749 1624 780 oportet
1644 753 1693 773 nos
1708 754 1812 781 quoque

1019 786 1144 814 assistere
1154 808 1162 819 ,
1179 788 1257 815 talem
1274 789 1327 816 Deo
1341 789 1561 824 glorificationem
1577 792 1719 820 otl'erentes
1730 814 1737 826 ,
1753 802 1810 821 me-

1020 835 1123 859 tuentes
1147 840 1179 859 ae
1193 837 1348 862 trementes.
1363 842 1394 862 ac
1405 838 1539 869 tamquam
1551 837 1624 864 illum
1637 837 1722 872 ipsum
1737 846 1812 866 men-

1020 878 1052 905 tis
1067 878 1152 905 oculis
1165 879 1306 907 intuentes.
1324 880 1405 908 Adest
1418 881 1488 908 enim
1503 881 1545 909 hic
1559 883 1668 910 omnino
1680 884 1724 918 qui
1737 884 1812 911 nullo

1018 922 1077 951 loco
1090 924 1331 957 circumscribitur,
1350 933 1482 961 vocesque
1496 931 1600 955 nostras
1617 933 1749 956 recenset.
1766 929 1811 957 Sic

1018 968 1097 1003 igitur
1107 970 1221 997 contrito
1230 975 1257 998 et
1269 971 1407 998 humiliato
1417 971 1498 1000 corde
1509 972 1613 1000 laudem
1623 973 1811 1009 depromentes

1017 1013 1230 1044 reddamus,eam
1241 1021 1389 1050 acceptam,
1401 1022 1428 1044 et
1439 1017 1512 1044 velut
1525 1018 1661 1046 incensum
1674 1019 1735 1047 botti
1745 1020 1810 1047 odo-

1017 1059 1055 1086 ris
1068 1060 1099 1086 ad
1115 1060 1208 1088 czclum
1225 1062 1369 1089 mittamus.
1385 1061 1436 1090 Cor
1454 1063 1525 1090 enim
1536 1084 1543 1096 ,
1558 1063 1661 1099 inquit,
1676 1066 1809 1092 contritum

1018 1110 1040 1132 et
1055 1106 1213 1134 humiliatum
1227 1107 1294 1135 Deus
1307 1116 1356 1135 non
1371 1108 1489 1143 despiciet
1503 1109 1511 1143 (
1526 1109 1597 1136 Psal.
1613 1111 1657 1138 50.
1673 1111 1707 1138 19
1719 1111 1738 1146 ).
1756 1111 1808 1139 Vc-

1017 1159 1077 1179 rum
1090 1153 1217 1187 propheta
1227 1173 1235 1186 ,
1251 1153 1338 1188 inquis
1349 1174 1356 1186 ,
1372 1154 1528 1181 exhortatur
1542 1160 1571 1183 ut
1583 1163 1644 1183 cum
1654 1156 1739 1191 jubilo
1750 1157 1807 1192 glo-

1016 1197 1193 1225 riﬁcationem
1210 1206 1367 1233 peragamus
1388 1209 1395 1227 :
1417 1199 1548 1234 Jubitale,
1574 1201 1808 1236 inquit,Domino,

1016 1243 1098 1270 omnis
1110 1247 1176 1270 terra
1189 1245 1198 1278 (
1209 1243 1281 1271 Psal.
1296 1244 1340 1272 65.
1357 1244 1401 1281 1).
1426 1246 1460 1273 At
1474 1253 1560 1281 neque
1576 1253 1625 1274 nos
1640 1247 1719 1275 talem
1738 1247 1807 1282 iubi-

1016 1289 1141 1317 lationem
1158 1290 1331 1325 prohibemus
1343 1311 1350 1324 ,
1371 1291 1419 1319 sed
1440 1299 1532 1320 vocem
1553 1292 1724 1327 prohibemus
1743 1293 1807 1321 nihil

1015 1336 1206 1371 significantem
1220 1345 1227 1367 ς
1250 1344 1335 1372 neque
1350 1337 1519 1372 prohibemus
1534 1346 1624 1366 vocem
1641 1339 1726 1367 laudis
1738 1361 1744 1372 ,
1761 1341 1807 1368 sed

1015 1390 1108 1410 vocem
1120 1382 1291 1410 absurditatis
1303 1388 1330 1410 et
1342 1384 1511 1417 inconditam,
1524 1393 1554 1412 ac
1566 1390 1670 1413 mutuas
1682 1387 1751 1414 inter
1761 1395 1809 1414 vos

1015 1429 1216 1461 contentiones,
1230 1436 1324 1456 mautts
1339 1429 1473 1457 incassum
1486 1433 1638 1466 temereqtte
1650 1432 1767 1460 sublatas
1781 1433 1806 1460 in

1015 1481 1113 1506 acrem,
1125 1474 1204 1509 pedes
1213 1475 1429 1509 Supplaudeutes,
1437 1476 1578 1504 indecoros
1589 1477 1807 1514 cﬂ'entinatosque

1015 1528 1114 1554 mores,
1127 1528 1188 1556 qua:
1200 1526 1262 1548 sunt
1272 1529 1375 1556 eorum,
1388 1522 1432 1557 qui
1444 1522 1471 1549 in
1483 1523 1592 1551 theatris
1603 1531 1634 1551 ac
1644 1525 1807 1553 circensibus

1014 1567 1084 1595 ludis
1098 1572 1248 1600 versantur,
1264 1567 1375 1596 ludicra.
1394 1568 1470 1596 lllinc
1484 1570 1559 1597 nobis
1572 1571 1721 1605 perniciosa
1734 1572 1808 1600 inve-

1014 1614 1113 1641 lmutur
1126 1615 1257 1650 exempla,
1275 1615 1347 1643 illinc
1359 1616 1515 1651 irreligiosa:
1527 1617 1701 1653 vulgaresque
1716 1626 1806 1651 voces,

1015 1659 1088 1688 illinc
1101 1668 1226 1688 manuum
1244 1661 1340 1696 iuept:e
1354 1662 1569 1696 gesticulationes
1580 1684 1587 1696 ,
1603 1664 1786 1692 contentiones
1798 1685 1805 1698 ,

1014 1707 1225 1734 concertationes
1235 1728 1242 1740 ,
1257 1715 1288 1735 ac
1300 1714 1390 1736 mores
1403 1708 1580 1743 incompositi.

1049 1753 1076 1780 4.
1097 1753 1249 1787 Spectacula
1270 1753 1372 1787 publica
1390 1754 1502 1788 vitanda,
1522 1763 1608 1789 quare.
1621 1755 1741 1784 —Nu|la
1760 1765 1804 1784 res

1014 1799 1086 1825 enim
1101 1806 1175 1833 a'que
1187 1798 1291 1833 eloquia
1304 1799 1348 1826 Dei
1362 1799 1470 1827 adducit
1483 1800 1508 1826 in
1521 1806 1713 1836 contemptum,
1727 1808 1806 1839 atque

1014 1844 1225 1879 spectaculorum
1241 1852 1299 1879 qua:
1313 1844 1366 1872 illic
1381 1852 1564 1880 propomuttur
1577 1847 1727 1875 admiratio.
1741 1848 1806 1876 Pro-

1014 1890 1076 1917 inde
1090 1890 1242 1924 frequenter
1254 1897 1300 1917 vos
1316 1890 1436 1918 hortatus
1450 1899 1519 1925 sum,
1534 1900 1568 1920 ne
1581 1893 1640 1928 quis
1655 1901 1747 1921 eorum
1759 1896 1804 1930 qui

1014 1935 1066 1963 huc
1080 1936 1240 1969 adveniunt,
1255 1935 1397 1971 divinaque
1410 1936 1531 1965 doctrina
1547 1938 1668 1966 fruuntur
1678 1960 1685 1972 ,
1707 1941 1805 1976 quique

1014 1981 1146 2009 tremendi
1159 1989 1191 2009 ac
1206 1982 1309 2017 mystici
1326 1983 1467 2018 participes
1480 1988 1542 2011 sunt
1556 1986 1678 2013 sacrificii
1688 2007 1695 2019 ,
1709 1987 1743 2014 ad
1762 1988 1805 2015 illa

1014 2027 1065 2055 iret
1078 2027 1228 2063 spectacula
1241 2048 1247 2060 ,
1262 2035 1313 2056 neu
1329 2028 1416 2055 divina
1431 2037 1490 2056 cum
1506 2029 1676 2059 da-moniacis
1691 2034 1804 2060 commi-

1013 2078 1100 2102 seeret
1113 2074 1249 2109 mysteria.
1273 2075 1397 2102 Attamen
1419 2077 1541 2104 nonnulli
1554 2085 1639 2113 usque
1651 2079 1718 2106 adeo
1732 2080 1803 2107 insa-

1013 2119 1099 2152 niunt,
1113 2124 1142 2147 ut
1154 2119 1233 2147 etiam
1247 2127 1307 2147 cum
1321 2120 1437 2155 speciem
1451 2122 1588 2156 gravitatis
1602 2130 1635 2151 ac
1647 2126 1806 2152 reverentiae
1827 2149 1833 2159 ,

1013 2166 1117 2200 plenam
1133 2165 1333 2198 circumferant,
1349 2171 1375 2193 et
1389 2166 1421 2193 ad
1435 2166 1592 2201 profundam
1604 2171 1728 2198 canitiem
1742 2178 1804 2206 per-

1012 2212 1134 2240 venerint
1147 2233 1154 2245 ,
1168 2212 1252 2239 nihilo
1266 2219 1344 2240 secus
1358 2218 1465 2240 currant
1481 2213 1514 2241 ad
1529 2214 1573 2242 illa
1583 2236 1591 2248 ,
1606 2223 1692 2251 neque
1705 2219 1804 2245 n05tris

1012 2258 1180 2285 sermonibus
1203 2258 1380 2285 auscultantes
1394 2279 1401 2291 ,
1424 2266 1511 2294 neque
1535 2261 1669 2296 propriam
1694 2264 1802 2290 reveriti

1012 2304 1138 2340 speciem.
1164 2304 1262 2332 Verum
1277 2304 1380 2339 quoties
1394 2304 1432 2331 eis
1448 2304 1517 2333 hunc
1537 2313 1687 2335 sermonem
1702 2307 1801 2343 ingeri-

1012 2360 1088 2386 mus,
1105 2357 1131 2379 ct
1145 2356 1173 2379 ut
1185 2351 1308 2379 canitiem
1323 2351 1531 2387 gravitatemque
1541 2359 1616 2380 suam
1630 2360 1804 2383 revereantur

1011 2398 1186 2425 adhortamur
1199 2418 1206 2430 ,
1222 2405 1302 2432 quam
1322 2398 1431 2425 frivolus
1445 2398 1548 2425 illorum
1560 2419 1568 2432 ,
1583 2407 1663 2434 quam
1675 2401 1803 2429 ridiculus

1012 2444 1117 2471 sermo!
1133 2443 1301 2478 Exemplum,
1317 2443 1455 2479 inquiunt,
1470 2444 1589 2472 victoria:
1603 2453 1662 2480 quae
1675 2446 1701 2474 in
1713 2447 1802 2475 futurr

1011 2491 1108 2518 sa-culo
1119 2491 1170 2518 erit
1182 2495 1209 2518 et
1220 2498 1379 2518 coronarunt
1392 2495 1454 2518 sunt
1466 2491 1510 2518 illa
1524 2491 1717 2528 plurimumque
1728 2493 1801 2522 illinc

1011 2537 1152 2565 utilitatem
1165 2536 1315 2564 referimus.
1329 2537 1397 2570 Quid
1410 2537 1449 2564 ais
1460 2558 1467 2570 ,
1481 2537 1580 2564 homo?
1594 2534 1735 2566 Obsoletus
1753 2539 1803 2567 iste

1011 2590 1100 2610 sermo
1113 2583 1122 2597 ¹
1135 2586 1176 2609 est
1189 2589 1220 2609 ae
1230 2581 1341 2609 fallacia:
1352 2582 1457 2618 plenus.
1473 2581 1548 2610 Unde
1558 2583 1696 2611 utilitatem
1708 2584 1804 2612 isthinc

1011 2629 1115 2656 refers?
1130 2636 1163 2655 ex
1176 2628 1321 2655 innumeris
1333 2628 1557 2662 contentionibus,
1569 2637 1600 2656 ex
1614 2633 1714 2658 temere
1727 2630 1802 2658 factis

1009 2674 1168 2710 juramentis
1183 2675 1207 2701 in
1222 2675 1347 2701 dantuum
1363 2674 1546 2708 loquentium?
1565 2683 1597 2702 an
1616 2683 1649 2703 ex
1663 2680 1801 2704 contumc.

1012 2721 1073 2753 liis,
1091 2721 1234 2753 conviciis,
1250 2720 1491 2755 scommatibusque
1503 2741 1510 2752 ,
1526 2720 1620 2755 quibus
1640 2727 1802 2756 spectatores

1012 2765 1141 2801 ejusmodi
1155 2773 1242 2793 rerum
1256 2773 1284 2793 se
1295 2771 1387 2793 mutuo
1399 2765 1594 2800 conspergunt?
1608 2765 1702 2793 Verum
1713 2774 1745 2793 ex
1757 2765 1798 2792 his

1012 2813 1076 2839 nihil
1093 2812 1211 2839 utilitatis
1226 2811 1259 2839 ad
1274 2815 1299 2838 te
1314 2811 1382 2838 redit
1399 2819 1405 2838 :
1422 2819 1458 2838 an
1473 2818 1537 2838 vero
1552 2811 1632 2838 ullam
1644 2813 1752 2841 onmiuo
1762 2821 1793 2841 cx

1044 2916 1051 2931 ι
1070 2914 1146 2943 Alius,
1160 2916 1225 2938 teste
1236 2912 1331 2942 savilio,
1344 2910 1462 2937 ridiculus
1470 2910 1514 2937 iste
1525 2917 1610 2937 sermo.
