  <div class='ocr_page' id='page_1' title='image "/cluster/home/n/w/nwhite01/storage/ocr_20150623/56/njp.32101077772646/109.png"; bbox 0 0 2072 3122; ppageno 0'>
   <div class='ocr_carea' id='block_1_1' title="bbox 225 180 274 208">
    <p class='ocr_par' dir='ltr' id='par_1_1' title="bbox 225 180 274 208">
     <span class='ocr_line' id='line_1_1' title="bbox 225 180 274 208; baseline -0.02 0"><span class='ocrx_word' id='word_1_1' title='bbox 225 180 274 208; x_wconf 71' lang='grc'><strong>105</strong></span> 
     </span>
    </p>
   </div>
   <div class='ocr_carea' id='block_1_2' title="bbox 223 226 1011 270">
    <p class='ocr_par' dir='ltr' id='par_1_2' title="bbox 223 226 1011 270">
     <span class='ocr_line' id='line_1_2' title="bbox 223 226 1011 270; baseline -0.016 -8"><span class='ocrx_word' id='word_1_2' title='bbox 223 234 405 270; x_wconf 71' lang='lat' dir='ltr'><strong>incompositis</strong></span> <span class='ocrx_word' id='word_1_3' title='bbox 418 232 524 260; x_wconf 84' lang='lat' dir='ltr'><strong>vocibus</strong></span> <span class='ocrx_word' id='word_1_4' title='bbox 537 251 545 264; x_wconf 91' lang='lat'><strong>,</strong></span> <span class='ocrx_word' id='word_1_5' title='bbox 559 235 586 258; x_wconf 85' lang='lat' dir='ltr'><strong>et</strong></span> <span class='ocrx_word' id='word_1_6' title='bbox 605 229 672 258; x_wconf 82' lang='lat' dir='ltr'><strong>nihil</strong></span> <span class='ocrx_word' id='word_1_7' title='bbox 694 227 859 264; x_wconf 83' lang='lat' dir='ltr'><strong>signiﬁcante</strong></span> <span class='ocrx_word' id='word_1_8' title='bbox 874 226 991 270; x_wconf 84' lang='lat' dir='ltr'><strong>clamore</strong></span> <span class='ocrx_word' id='word_1_9' title='bbox 1003 242 1011 255; x_wconf 81' lang='lat'><strong>,</strong></span> 
     </span>
    </p>
   </div>
   <div class='ocr_carea' id='block_1_3' title="bbox 223 269 1013 315">
    <p class='ocr_par' dir='ltr' id='par_1_3' title="bbox 223 269 1013 315">
     <span class='ocr_line' id='line_1_3' title="bbox 223 269 1013 315; baseline -0.018 -7"><span class='ocrx_word' id='word_1_10' title='bbox 223 287 290 315; x_wconf 84' lang='lat' dir='ltr'><strong>eque</strong></span> <span class='ocrx_word' id='word_1_11' title='bbox 305 281 411 313; x_wconf 79' lang='lat' dir='ltr'><strong>pulvere</strong></span> <span class='ocrx_word' id='word_1_12' title='bbox 425 277 469 312; x_wconf 86' lang='lat' dir='ltr'><strong>qui</strong></span> <span class='ocrx_word' id='word_1_13' title='bbox 484 275 622 308; x_wconf 73' lang='lat' dir='ltr'><strong>emittitur,</strong></span> <span class='ocrx_word' id='word_1_14' title='bbox 639 279 693 301; x_wconf 90' lang='lat' dir='ltr'><strong>tum</strong></span> <span class='ocrx_word' id='word_1_15' title='bbox 709 280 743 300; x_wconf 78' lang='lat' dir='ltr'><strong>ex</strong></span> <span class='ocrx_word' id='word_1_16' title='bbox 758 272 789 299; x_wconf 86' lang='lat' dir='ltr'><strong>iis</strong></span> <span class='ocrx_word' id='word_1_17' title='bbox 804 271 848 306; x_wconf 91' lang='lat' dir='ltr'><strong>qui</strong></span> <span class='ocrx_word' id='word_1_18' title='bbox 865 269 1013 304; x_wconf 85' lang='lat' dir='ltr'><strong>impellunt,</strong></span> 
     </span>
    </p>
   </div>
   <div class='ocr_carea' id='block_1_4' title="bbox 224 315 1013 360">
    <p class='ocr_par' dir='ltr' id='par_1_4' title="bbox 224 315 1013 360">
     <span class='ocr_line' id='line_1_4' title="bbox 224 315 1013 360; baseline -0.015 -8"><span class='ocrx_word' id='word_1_19' title='bbox 224 326 266 360; x_wconf 93' lang='lat' dir='ltr'><strong>qui</strong></span> <span class='ocrx_word' id='word_1_20' title='bbox 278 324 332 352; x_wconf 84' lang='lat' dir='ltr'><strong>vim</strong></span> <span class='ocrx_word' id='word_1_21' title='bbox 344 324 451 355; x_wconf 80' lang='lat' dir='ltr'><strong>faciunt,</strong></span> <span class='ocrx_word' id='word_1_22' title='bbox 462 322 506 357; x_wconf 88' lang='lat' dir='ltr'><strong>qui</strong></span> <span class='ocrx_word' id='word_1_23' title='bbox 517 329 606 349; x_wconf 91' lang='lat' dir='ltr'><strong>coram</strong></span> <span class='ocrx_word' id='word_1_24' title='bbox 618 319 771 346; x_wconf 78' lang='lat' dir='ltr'><strong>mulieribus</strong></span> <span class='ocrx_word' id='word_1_25' title='bbox 781 316 890 344; x_wconf 77' lang='lat' dir='ltr'><strong>delicias</strong></span> <span class='ocrx_word' id='word_1_26' title='bbox 901 315 998 342; x_wconf 86' lang='lat' dir='ltr'><strong>faciunt</strong></span> <span class='ocrx_word' id='word_1_27' title='bbox 1006 335 1013 346; x_wconf 93' lang='lat'><strong>,</strong></span> 
     </span>
    </p>
   </div>
   <div class='ocr_carea' id='block_1_5' title="bbox 226 360 1014 402">
    <p class='ocr_par' dir='ltr' id='par_1_5' title="bbox 226 360 1014 402">
     <span class='ocr_line' id='line_1_5' title="bbox 226 360 1014 402; baseline -0.016 -4"><span class='ocrx_word' id='word_1_28' title='bbox 226 371 363 398; x_wconf 68' lang='lat' dir='ltr'><strong>utilitatem</strong></span> <span class='ocrx_word' id='word_1_29' title='bbox 375 367 497 402; x_wconf 77' lang='lat' dir='ltr'><strong>colligis?</strong></span> <span class='ocrx_word' id='word_1_30' title='bbox 510 366 589 400; x_wconf 74' lang='lat' dir='ltr'><strong>Atqui</strong></span> <span class='ocrx_word' id='word_1_31' title='bbox 605 365 647 395; x_wconf 86' lang='lat' dir='ltr'><strong>hic</strong></span> <span class='ocrx_word' id='word_1_32' title='bbox 659 363 765 399; x_wconf 85' lang='lat' dir='ltr'><strong>quidem</strong></span> <span class='ocrx_word' id='word_1_33' title='bbox 778 363 863 396; x_wconf 84' lang='lat' dir='ltr'><strong>ipsum</strong></span> <span class='ocrx_word' id='word_1_34' title='bbox 877 360 1014 387; x_wconf 84' lang='lat' dir='ltr'><strong>Dominum</strong></span> 
     </span>
    </p>
   </div>
   <div class='ocr_carea' id='block_1_6' title="bbox 193 405 1014 450">
    <p class='ocr_par' dir='ltr' id='par_1_6' title="bbox 193 405 1014 450">
     <span class='ocr_line' id='line_1_6' title="bbox 193 405 1014 450; baseline -0.016 -7"><span class='ocrx_word' id='word_1_35' title='bbox 193 419 195 421; x_wconf 82' lang='grc'><strong>’</strong></span> <span class='ocrx_word' id='word_1_36' title='bbox 227 416 380 450; x_wconf 74' lang='lat' dir='ltr'><strong>angelorum</strong></span> <span class='ocrx_word' id='word_1_37' title='bbox 394 421 487 441; x_wconf 84' lang='lat' dir='ltr'><strong>omnes</strong></span> <span class='ocrx_word' id='word_1_38' title='bbox 501 411 635 447; x_wconf 70' lang='lat' dir='ltr'><strong>prophetm</strong></span> <span class='ocrx_word' id='word_1_39' title='bbox 643 410 819 442; x_wconf 81' lang='lat' dir='ltr'><strong>doctoresque</strong></span> <span class='ocrx_word' id='word_1_40' title='bbox 831 414 911 440; x_wconf 93' lang='lat' dir='ltr'><strong>snper</strong></span> <span class='ocrx_word' id='word_1_41' title='bbox 920 405 1014 432; x_wconf 85' lang='lat' dir='ltr'><strong>solium</strong></span> 
     </span>
    </p>
   </div>
   <div class='ocr_carea' id='block_1_7' title="bbox 225 452 1016 490">
    <p class='ocr_par' dir='ltr' id='par_1_7' title="bbox 225 452 1016 490">
     <span class='ocr_line' id='line_1_7' title="bbox 225 452 1016 490; baseline -0.018 0"><span class='ocrx_word' id='word_1_42' title='bbox 225 462 358 490; x_wconf 80' lang='lat' dir='ltr'><strong>excelsum</strong></span> <span class='ocrx_word' id='word_1_43' title='bbox 372 466 398 488; x_wconf 85' lang='lat' dir='ltr'><strong>et</strong></span> <span class='ocrx_word' id='word_1_44' title='bbox 411 460 543 487; x_wconf 85' lang='lat' dir='ltr'><strong>elevatum</strong></span> <span class='ocrx_word' id='word_1_45' title='bbox 556 456 707 487; x_wconf 80' lang='lat' dir='ltr'><strong>ostendunt,</strong></span> <span class='ocrx_word' id='word_1_46' title='bbox 721 454 805 488; x_wconf 89' lang='lat' dir='ltr'><strong>iisque</strong></span> <span class='ocrx_word' id='word_1_47' title='bbox 816 452 860 488; x_wconf 86' lang='lat' dir='ltr'><strong>qui</strong></span> <span class='ocrx_word' id='word_1_48' title='bbox 872 452 942 486; x_wconf 80' lang='lat' dir='ltr'><strong>digni</strong></span> <span class='ocrx_word' id='word_1_49' title='bbox 955 455 1016 478; x_wconf 85' lang='lat' dir='ltr'><strong>sunt</strong></span> 
     </span>
    </p>
   </div>
   <div class='ocr_carea' id='block_1_8' title="bbox 226 497 1017 535">
    <p class='ocr_par' dir='ltr' id='par_1_8' title="bbox 226 497 1017 535">
     <span class='ocr_line' id='line_1_8' title="bbox 226 497 1017 535; baseline -0.015 0"><span class='ocrx_word' id='word_1_50' title='bbox 226 508 314 535; x_wconf 89' lang='lat' dir='ltr'><strong>bravia</strong></span> <span class='ocrx_word' id='word_1_51' title='bbox 327 511 353 534; x_wconf 88' lang='lat' dir='ltr'><strong>et</strong></span> <span class='ocrx_word' id='word_1_52' title='bbox 367 513 480 534; x_wconf 79' lang='lat' dir='ltr'><strong>coronas</strong></span> <span class='ocrx_word' id='word_1_53' title='bbox 492 503 703 533; x_wconf 85' lang='lat' dir='ltr'><strong>distribuentem,</strong></span> <span class='ocrx_word' id='word_1_54' title='bbox 716 499 831 534; x_wconf 82' lang='lat' dir='ltr'><strong>indignis</strong></span> <span class='ocrx_word' id='word_1_55' title='bbox 842 505 904 525; x_wconf 87' lang='lat' dir='ltr'><strong>vero</strong></span> <span class='ocrx_word' id='word_1_56' title='bbox 917 497 1017 532; x_wconf 82' lang='lat' dir='ltr'><strong>gehen-</strong></span> 
     </span>
    </p>
   </div>
   <div class='ocr_carea' id='block_1_9' title="bbox 226 544 1016 588">
    <p class='ocr_par' dir='ltr' id='par_1_9' title="bbox 226 544 1016 588">
     <span class='ocr_line' id='line_1_9' title="bbox 226 544 1016 588; baseline -0.015 -7"><span class='ocrx_word' id='word_1_57' title='bbox 226 562 285 581; x_wconf 83' lang='lat' dir='ltr'><strong>nam</strong></span> <span class='ocrx_word' id='word_1_58' title='bbox 307 559 333 581; x_wconf 90' lang='lat' dir='ltr'><strong>et</strong></span> <span class='ocrx_word' id='word_1_59' title='bbox 352 553 439 588; x_wconf 84' lang='lat' dir='ltr'><strong>ignem</strong></span> <span class='ocrx_word' id='word_1_60' title='bbox 461 551 657 584; x_wconf 85' lang='lat' dir='ltr'><strong>assignantem;</strong></span> <span class='ocrx_word' id='word_1_61' title='bbox 681 553 706 574; x_wconf 89' lang='lat' dir='ltr'><strong>et</strong></span> <span class='ocrx_word' id='word_1_62' title='bbox 725 546 781 581; x_wconf 84' lang='lat' dir='ltr'><strong>ipse</strong></span> <span class='ocrx_word' id='word_1_63' title='bbox 797 546 874 572; x_wconf 89' lang='lat' dir='ltr'><strong>etiam</strong></span> <span class='ocrx_word' id='word_1_64' title='bbox 891 544 1016 571; x_wconf 78' lang='lat' dir='ltr'><strong>Dominus</strong></span> 
     </span>
    </p>
   </div>
   <div class='ocr_carea' id='block_1_10' title="bbox 227 589 1015 630">
    <p class='ocr_par' dir='ltr' id='par_1_10' title="bbox 227 589 1015 630">
     <span class='ocr_line' id='line_1_10' title="bbox 227 589 1015 630; baseline -0.015 -4"><span class='ocrx_word' id='word_1_65' title='bbox 227 601 276 626; x_wconf 82' lang='lat' dir='ltr'><strong>hoc</strong></span> <span class='ocrx_word' id='word_1_66' title='bbox 291 599 439 626; x_wconf 88' lang='lat' dir='ltr'><strong>conﬁrmat.</strong></span> <span class='ocrx_word' id='word_1_67' title='bbox 464 595 595 630; x_wconf 83' lang='lat' dir='ltr'><strong>Numquid</strong></span> <span class='ocrx_word' id='word_1_68' title='bbox 617 595 674 620; x_wconf 70' lang='lat' dir='ltr'><strong>ha&#39;c</strong></span> <span class='ocrx_word' id='word_1_69' title='bbox 686 593 792 628; x_wconf 90' lang='lat' dir='ltr'><strong>quidem</strong></span> <span class='ocrx_word' id='word_1_70' title='bbox 807 590 956 618; x_wconf 81' lang='lat' dir='ltr'><strong>contemnis</strong></span> <span class='ocrx_word' id='word_1_71' title='bbox 968 610 975 622; x_wconf 89' lang='lat'><strong>,</strong></span> <span class='ocrx_word' id='word_1_72' title='bbox 989 589 1015 615; x_wconf 86' lang='lat' dir='ltr'><strong>in</strong></span> 
     </span>
    </p>
   </div>
   <div class='ocr_carea' id='block_1_11' title="bbox 224 635 1013 680">
    <p class='ocr_par' dir='ltr' id='par_1_11' title="bbox 224 635 1013 680">
     <span class='ocr_line' id='line_1_11' title="bbox 224 635 1013 680; baseline -0.014 -8"><span class='ocrx_word' id='word_1_73' title='bbox 224 647 317 680; x_wconf 81' lang='lat' dir='ltr'><strong>quibus</strong></span> <span class='ocrx_word' id='word_1_74' title='bbox 334 645 412 671; x_wconf 87' lang='lat' dir='ltr'><strong>etiam</strong></span> <span class='ocrx_word' id='word_1_75' title='bbox 425 641 592 670; x_wconf 74' lang='lat' dir='ltr'><strong>conscientia:</strong></span> <span class='ocrx_word' id='word_1_76' title='bbox 608 645 693 666; x_wconf 85' lang='lat' dir='ltr'><strong>terror</strong></span> <span class='ocrx_word' id='word_1_77' title='bbox 707 643 758 670; x_wconf 87' lang='lat' dir='ltr'><strong>est,</strong></span> <span class='ocrx_word' id='word_1_78' title='bbox 770 643 796 664; x_wconf 90' lang='lat' dir='ltr'><strong>et</strong></span> <span class='ocrx_word' id='word_1_79' title='bbox 812 637 939 664; x_wconf 87' lang='lat' dir='ltr'><strong>factorum</strong></span> <span class='ocrx_word' id='word_1_80' title='bbox 954 635 1013 662; x_wconf 83' lang='lat' dir='ltr'><strong>red-</strong></span> 
     </span>
    </p>
   </div>
   <div class='ocr_carea' id='block_1_12' title="bbox 225 683 1017 727">
    <p class='ocr_par' dir='ltr' id='par_1_12' title="bbox 225 683 1017 727">
     <span class='ocr_line' id='line_1_12' title="bbox 225 683 1017 727; baseline -0.015 -8"><span class='ocrx_word' id='word_1_81' title='bbox 225 692 327 727; x_wconf 80' lang='lat' dir='ltr'><strong>argutia</strong></span> <span class='ocrx_word' id='word_1_82' title='bbox 353 691 537 722; x_wconf 88' lang='lat' dir='ltr'><strong>rationumque</strong></span> <span class='ocrx_word' id='word_1_83' title='bbox 562 685 755 714; x_wconf 74' lang='lat' dir='ltr'><strong>reddendorum</strong></span> <span class='ocrx_word' id='word_1_84' title='bbox 770 683 900 713; x_wconf 75' lang='lat' dir='ltr'><strong>anxietas,</strong></span> <span class='ocrx_word' id='word_1_85' title='bbox 917 686 944 708; x_wconf 86' lang='lat' dir='ltr'><strong>et</strong></span> <span class='ocrx_word' id='word_1_86' title='bbox 957 688 1017 715; x_wconf 88' lang='lat' dir='ltr'><strong>sup—</strong></span> 
     </span>
    </p>
   </div>
   <div class='ocr_carea' id='block_1_13' title="bbox 226 727 1018 772">
    <p class='ocr_par' dir='ltr' id='par_1_13' title="bbox 226 727 1018 772">
     <span class='ocr_line' id='line_1_13' title="bbox 226 727 1018 772; baseline -0.013 -9"><span class='ocrx_word' id='word_1_87' title='bbox 226 737 332 772; x_wconf 83' lang='lat' dir='ltr'><strong>plicium</strong></span> <span class='ocrx_word' id='word_1_88' title='bbox 346 733 497 762; x_wconf 76' lang='lat' dir='ltr'><strong>inevitabile</strong></span> <span class='ocrx_word' id='word_1_89' title='bbox 512 741 517 758; x_wconf 93' lang='lat'><strong>:</strong></span> <span class='ocrx_word' id='word_1_90' title='bbox 534 737 561 759; x_wconf 91' lang='lat' dir='ltr'><strong>ut</strong></span> <span class='ocrx_word' id='word_1_91' title='bbox 571 736 659 758; x_wconf 91' lang='lat' dir='ltr'><strong>autem</strong></span> <span class='ocrx_word' id='word_1_92' title='bbox 671 729 811 757; x_wconf 90' lang='lat' dir='ltr'><strong>absurdam</strong></span> <span class='ocrx_word' id='word_1_93' title='bbox 825 727 943 755; x_wconf 76' lang='lat' dir='ltr'><strong>invenias</strong></span> <span class='ocrx_word' id='word_1_94' title='bbox 956 734 1018 761; x_wconf 87' lang='lat' dir='ltr'><strong>spe-</strong></span> 
     </span>
    </p>
   </div>
   <div class='ocr_carea' id='block_1_14' title="bbox 226 773 1016 813">
    <p class='ocr_par' dir='ltr' id='par_1_14' title="bbox 226 773 1016 813">
     <span class='ocr_line' id='line_1_14' title="bbox 226 773 1016 813; baseline -0.013 -6"><span class='ocrx_word' id='word_1_95' title='bbox 226 780 390 808; x_wconf 86' lang='lat' dir='ltr'><strong>ctaculorum</strong></span> <span class='ocrx_word' id='word_1_96' title='bbox 404 799 411 811; x_wconf 89' lang='lat'><strong>,</strong></span> <span class='ocrx_word' id='word_1_97' title='bbox 433 778 528 813; x_wconf 84' lang='lat' dir='ltr'><strong>quibus</strong></span> <span class='ocrx_word' id='word_1_98' title='bbox 543 784 686 811; x_wconf 65' lang='lat' dir='ltr'><strong>suspensus</strong></span> <span class='ocrx_word' id='word_1_99' title='bbox 701 775 797 806; x_wconf 86' lang='lat' dir='ltr'><strong>inhias,</strong></span> <span class='ocrx_word' id='word_1_100' title='bbox 807 773 1016 803; x_wconf 73' lang='lat' dir='ltr'><strong>excusationem,</strong></span> 
     </span>
    </p>
   </div>
   <div class='ocr_carea' id='block_1_15' title="bbox 227 818 1018 858">
    <p class='ocr_par' dir='ltr' id='par_1_15' title="bbox 227 818 1018 858">
     <span class='ocr_line' id='line_1_15' title="bbox 227 818 1018 858; baseline -0.011 -6"><span class='ocrx_word' id='word_1_101' title='bbox 227 826 294 852; x_wconf 89' lang='lat' dir='ltr'><strong>dicis</strong></span> <span class='ocrx_word' id='word_1_102' title='bbox 309 830 335 852; x_wconf 86' lang='lat' dir='ltr'><strong>te</strong></span> <span class='ocrx_word' id='word_1_103' title='bbox 349 824 489 852; x_wconf 87' lang='lat' dir='ltr'><strong>utilitatetn</strong></span> <span class='ocrx_word' id='word_1_104' title='bbox 503 830 598 858; x_wconf 90' lang='lat' dir='ltr'><strong>capere</strong></span> <span class='ocrx_word' id='word_1_105' title='bbox 613 829 645 849; x_wconf 79' lang='lat' dir='ltr'><strong>ex</strong></span> <span class='ocrx_word' id='word_1_106' title='bbox 661 821 700 848; x_wconf 89' lang='lat' dir='ltr'><strong>his</strong></span> <span class='ocrx_word' id='word_1_107' title='bbox 711 841 718 853; x_wconf 92' lang='lat'><strong>,</strong></span> <span class='ocrx_word' id='word_1_108' title='bbox 733 828 764 847; x_wconf 80' lang='lat' dir='ltr'><strong>ex</strong></span> <span class='ocrx_word' id='word_1_109' title='bbox 779 819 875 854; x_wconf 84' lang='lat' dir='ltr'><strong>quibus</strong></span> <span class='ocrx_word' id='word_1_110' title='bbox 888 818 1018 852; x_wconf 87' lang='lat' dir='ltr'><strong>jacturam</strong></span> 
     </span>
    </p>
   </div>
   <div class='ocr_carea' id='block_1_16' title="bbox 228 864 1017 906">
    <p class='ocr_par' dir='ltr' id='par_1_16' title="bbox 228 864 1017 906">
     <span class='ocr_line' id='line_1_16' title="bbox 228 864 1017 906; baseline -0.008 -10"><span class='ocrx_word' id='word_1_111' title='bbox 228 871 326 906; x_wconf 84' lang='lat' dir='ltr'><strong>pateris</strong></span> <span class='ocrx_word' id='word_1_112' title='bbox 350 868 587 897; x_wconf 84' lang='lat' dir='ltr'><strong>inconsolabilem?</strong></span> <span class='ocrx_word' id='word_1_113' title='bbox 612 868 685 901; x_wconf 80' lang='lat' dir='ltr'><strong>Rogo</strong></span> <span class='ocrx_word' id='word_1_114' title='bbox 707 866 785 893; x_wconf 78' lang='lat' dir='ltr'><strong>etiam</strong></span> <span class='ocrx_word' id='word_1_115' title='bbox 812 870 891 900; x_wconf 88' lang='lat' dir='ltr'><strong>atque</strong></span> <span class='ocrx_word' id='word_1_116' title='bbox 915 864 1017 891; x_wconf 87' lang='lat' dir='ltr'><strong>etiam:</strong></span> 
     </span>
    </p>
   </div>
   <div class='ocr_carea' id='block_1_17' title="bbox 227 910 1016 951">
    <p class='ocr_par' dir='ltr' id='par_1_17' title="bbox 227 910 1016 951">
     <span class='ocr_line' id='line_1_17' title="bbox 227 910 1016 951; baseline -0.011 -7"><span class='ocrx_word' id='word_1_117' title='bbox 227 918 403 951; x_wconf 84' lang='lat' dir='ltr'><strong>obsecroque,</strong></span> <span class='ocrx_word' id='word_1_118' title='bbox 419 923 452 942; x_wconf 86' lang='lat' dir='ltr'><strong>ne</strong></span> <span class='ocrx_word' id='word_1_119' title='bbox 466 914 651 942; x_wconf 85' lang='lat' dir='ltr'><strong>excusationes</strong></span> <span class='ocrx_word' id='word_1_120' title='bbox 667 919 823 939; x_wconf 80' lang='lat' dir='ltr'><strong>excusemus</strong></span> <span class='ocrx_word' id='word_1_121' title='bbox 837 911 862 936; x_wconf 94' lang='lat' dir='ltr'><strong>in</strong></span> <span class='ocrx_word' id='word_1_122' title='bbox 880 910 994 944; x_wconf 79' lang='lat' dir='ltr'><strong>peccatis</strong></span> <span class='ocrx_word' id='word_1_123' title='bbox 1009 918 1016 936; x_wconf 87' lang='lat'>:</span> 
     </span>
    </p>
   </div>
   <div class='ocr_carea' id='block_1_18' title="bbox 228 955 1019 997">
    <p class='ocr_par' dir='ltr' id='par_1_18' title="bbox 228 955 1019 997">
     <span class='ocr_line' id='line_1_18' title="bbox 228 955 1019 997; baseline -0.009 -8"><span class='ocrx_word' id='word_1_124' title='bbox 228 967 371 997; x_wconf 68' lang='lat' dir='ltr'><strong>prmtextus</strong></span> <span class='ocrx_word' id='word_1_125' title='bbox 391 961 460 989; x_wconf 86' lang='lat' dir='ltr'><strong>enim</strong></span> <span class='ocrx_word' id='word_1_126' title='bbox 481 960 529 988; x_wconf 83' lang='lat' dir='ltr'><strong>ista</strong></span> <span class='ocrx_word' id='word_1_127' title='bbox 551 964 612 986; x_wconf 90' lang='lat' dir='ltr'><strong>sunt</strong></span> <span class='ocrx_word' id='word_1_128' title='bbox 630 966 660 985; x_wconf 89' lang='lat' dir='ltr'><strong>ac</strong></span> <span class='ocrx_word' id='word_1_129' title='bbox 679 958 799 992; x_wconf 89' lang='lat' dir='ltr'><strong>deccptio</strong></span> <span class='ocrx_word' id='word_1_130' title='bbox 811 978 817 989; x_wconf 95' lang='lat'><strong>,</strong></span> <span class='ocrx_word' id='word_1_131' title='bbox 833 957 930 991; x_wconf 86' lang='lat' dir='ltr'><strong>quibus</strong></span> <span class='ocrx_word' id='word_1_132' title='bbox 943 955 1019 982; x_wconf 90' lang='lat' dir='ltr'><strong>nobis</strong></span> 
     </span>
    </p>
   </div>
   <div class='ocr_carea' id='block_1_19' title="bbox 229 1001 1020 1042">
    <p class='ocr_par' dir='ltr' id='par_1_19' title="bbox 229 1001 1020 1042">
     <span class='ocr_line' id='line_1_19' title="bbox 229 1001 1020 1042; baseline -0.009 -8"><span class='ocrx_word' id='word_1_133' title='bbox 229 1009 293 1042; x_wconf 84' lang='lat' dir='ltr'><strong>ipsis</strong></span> <span class='ocrx_word' id='word_1_134' title='bbox 309 1008 432 1034; x_wconf 85' lang='lat' dir='ltr'><strong>damnum</strong></span> <span class='ocrx_word' id='word_1_135' title='bbox 448 1007 618 1033; x_wconf 84' lang='lat' dir='ltr'><strong>accerslmns.</strong></span> <span class='ocrx_word' id='word_1_136' title='bbox 632 1004 732 1031; x_wconf 83' lang='lat' dir='ltr'><strong>Verum</strong></span> <span class='ocrx_word' id='word_1_137' title='bbox 748 1003 781 1030; x_wconf 91' lang='lat' dir='ltr'><strong>de</strong></span> <span class='ocrx_word' id='word_1_138' title='bbox 797 1003 837 1029; x_wconf 87' lang='lat' dir='ltr'><strong>his</strong></span> <span class='ocrx_word' id='word_1_139' title='bbox 853 1002 958 1037; x_wconf 89' lang='lat' dir='ltr'><strong>quidem</strong></span> <span class='ocrx_word' id='word_1_140' title='bbox 973 1001 1020 1028; x_wconf 86' lang='lat' dir='ltr'><strong>ha-</strong></span> 
     </span>
    </p>
   </div>
   <div class='ocr_carea' id='block_1_20' title="bbox 228 1047 1018 1086">
    <p class='ocr_par' dir='ltr' id='par_1_20' title="bbox 228 1047 1018 1086">
     <span class='ocr_line' id='line_1_20' title="bbox 228 1047 1018 1086; baseline -0.011 -6"><span class='ocrx_word' id='word_1_141' title='bbox 228 1058 320 1081; x_wconf 86' lang='lat' dir='ltr'><strong>ctenus</strong></span> <span class='ocrx_word' id='word_1_142' title='bbox 336 1062 342 1079; x_wconf 85' lang='lat'>:</span> <span class='ocrx_word' id='word_1_143' title='bbox 360 1056 464 1086; x_wconf 82' lang='lat' dir='ltr'><strong>tempus</strong></span> <span class='ocrx_word' id='word_1_144' title='bbox 480 1055 568 1077; x_wconf 86' lang='lat' dir='ltr'><strong>autem</strong></span> <span class='ocrx_word' id='word_1_145' title='bbox 583 1054 623 1076; x_wconf 89' lang='lat' dir='ltr'><strong>cst</strong></span> <span class='ocrx_word' id='word_1_146' title='bbox 637 1053 664 1075; x_wconf 88' lang='lat' dir='ltr'><strong>ut</strong></span> <span class='ocrx_word' id='word_1_147' title='bbox 677 1048 730 1083; x_wconf 86' lang='lat' dir='ltr'><strong>jam</strong></span> <span class='ocrx_word' id='word_1_148' title='bbox 751 1047 783 1074; x_wconf 82' lang='lat' dir='ltr'><strong>ad</strong></span> <span class='ocrx_word' id='word_1_149' title='bbox 798 1048 913 1083; x_wconf 85' lang='lat' dir='ltr'><strong>priorem</strong></span> <span class='ocrx_word' id='word_1_150' title='bbox 930 1054 1018 1074; x_wconf 87' lang='lat' dir='ltr'><strong>recur-</strong></span> 
     </span>
    </p>
   </div>
   <div class='ocr_carea' id='block_1_21' title="bbox 229 1091 1019 1129">
    <p class='ocr_par' dir='ltr' id='par_1_21' title="bbox 229 1091 1019 1129">
     <span class='ocr_line' id='line_1_21' title="bbox 229 1091 1019 1129; baseline -0.009 -4"><span class='ocrx_word' id='word_1_151' title='bbox 229 1106 317 1125; x_wconf 84' lang='lat' dir='ltr'><strong>ramus</strong></span> <span class='ocrx_word' id='word_1_152' title='bbox 336 1097 542 1124; x_wconf 85' lang='lat' dir='ltr'><strong>admonitionem</strong></span> <span class='ocrx_word' id='word_1_153' title='bbox 554 1115 561 1126; x_wconf 88' lang='lat'><strong>,</strong></span> <span class='ocrx_word' id='word_1_154' title='bbox 576 1099 656 1129; x_wconf 88' lang='lat' dir='ltr'><strong>atque</strong></span> <span class='ocrx_word' id='word_1_155' title='bbox 678 1098 706 1120; x_wconf 91' lang='lat' dir='ltr'><strong>ut</strong></span> <span class='ocrx_word' id='word_1_156' title='bbox 720 1094 809 1128; x_wconf 79' lang='lat' dir='ltr'><strong>paucis</strong></span> <span class='ocrx_word' id='word_1_157' title='bbox 828 1092 859 1119; x_wconf 91' lang='lat' dir='ltr'><strong>de</strong></span> <span class='ocrx_word' id='word_1_158' title='bbox 875 1100 906 1119; x_wconf 86' lang='lat' dir='ltr'><strong>ea</strong></span> <span class='ocrx_word' id='word_1_159' title='bbox 920 1091 1019 1126; x_wconf 87' lang='lat' dir='ltr'><strong>loquuti</strong></span> 
     </span>
    </p>
   </div>
   <div class='ocr_carea' id='block_1_22' title="bbox 229 1138 1021 1174">
    <p class='ocr_par' dir='ltr' id='par_1_22' title="bbox 229 1138 1021 1174">
     <span class='ocr_line' id='line_1_22' title="bbox 229 1138 1021 1174; baseline -0.009 -3"><span class='ocrx_word' id='word_1_160' title='bbox 229 1144 346 1171; x_wconf 76' lang='lat' dir='ltr'><strong>debitum</strong></span> <span class='ocrx_word' id='word_1_161' title='bbox 365 1142 477 1169; x_wconf 80' lang='lat' dir='ltr'><strong>orationi</strong></span> <span class='ocrx_word' id='word_1_162' title='bbox 494 1142 572 1167; x_wconf 90' lang='lat' dir='ltr'><strong>linem</strong></span> <span class='ocrx_word' id='word_1_163' title='bbox 586 1141 763 1174; x_wconf 83' lang='lat' dir='ltr'><strong>imponamus.</strong></span> <span class='ocrx_word' id='word_1_164' title='bbox 783 1138 874 1173; x_wconf 84' lang='lat' dir='ltr'><strong>Neque</strong></span> <span class='ocrx_word' id='word_1_165' title='bbox 886 1139 954 1166; x_wconf 90' lang='lat' dir='ltr'><strong>enim</strong></span> <span class='ocrx_word' id='word_1_166' title='bbox 971 1138 1021 1164; x_wconf 89' lang='lat' dir='ltr'><strong>hoc</strong></span> 
     </span>
    </p>
   </div>
   <div class='ocr_carea' id='block_1_23' title="bbox 231 1183 1021 1223">
    <p class='ocr_par' dir='ltr' id='par_1_23' title="bbox 231 1183 1021 1223">
     <span class='ocr_line' id='line_1_23' title="bbox 231 1183 1021 1223; baseline -0.009 -7"><span class='ocrx_word' id='word_1_167' title='bbox 231 1189 316 1217; x_wconf 87' lang='lat' dir='ltr'><strong>solum</strong></span> <span class='ocrx_word' id='word_1_168' title='bbox 331 1193 465 1223; x_wconf 82' lang='lat' dir='ltr'><strong>peccatur,</strong></span> <span class='ocrx_word' id='word_1_169' title='bbox 479 1186 549 1221; x_wconf 90' lang='lat' dir='ltr'><strong>quod</strong></span> <span class='ocrx_word' id='word_1_170' title='bbox 561 1193 619 1220; x_wconf 73' lang='lat' dir='ltr'><strong>qum</strong></span> <span class='ocrx_word' id='word_1_171' title='bbox 635 1185 677 1211; x_wconf 90' lang='lat' dir='ltr'><strong>hic</strong></span> <span class='ocrx_word' id='word_1_172' title='bbox 690 1185 755 1211; x_wconf 90' lang='lat' dir='ltr'><strong>ﬁunt</strong></span> <span class='ocrx_word' id='word_1_173' title='bbox 770 1192 860 1219; x_wconf 85' lang='lat' dir='ltr'><strong>parum</strong></span> <span class='ocrx_word' id='word_1_174' title='bbox 876 1191 923 1218; x_wconf 89' lang='lat' dir='ltr'><strong>pro</strong></span> <span class='ocrx_word' id='word_1_175' title='bbox 937 1183 1021 1217; x_wconf 77' lang='lat' dir='ltr'><strong>digiti-</strong></span> 
     </span>
    </p>
   </div>
   <div class='ocr_carea' id='block_1_24' title="bbox 232 1228 1021 1269">
    <p class='ocr_par' dir='ltr' id='par_1_24' title="bbox 232 1228 1021 1269">
     <span class='ocr_line' id='line_1_24' title="bbox 232 1228 1021 1269; baseline -0.009 -7"><span class='ocrx_word' id='word_1_176' title='bbox 232 1240 285 1262; x_wconf 86' lang='lat' dir='ltr'><strong>tate</strong></span> <span class='ocrx_word' id='word_1_177' title='bbox 306 1238 486 1269; x_wconf 76' lang='lat' dir='ltr'><strong>peraguntur,</strong></span> <span class='ocrx_word' id='word_1_178' title='bbox 509 1239 599 1259; x_wconf 90' lang='lat' dir='ltr'><strong>verum</strong></span> <span class='ocrx_word' id='word_1_179' title='bbox 622 1231 700 1257; x_wconf 87' lang='lat' dir='ltr'><strong>etiam</strong></span> <span class='ocrx_word' id='word_1_180' title='bbox 721 1230 787 1257; x_wconf 88' lang='lat' dir='ltr'><strong>alius</strong></span> <span class='ocrx_word' id='word_1_181' title='bbox 808 1229 913 1264; x_wconf 89' lang='lat' dir='ltr'><strong>quidam</strong></span> <span class='ocrx_word' id='word_1_182' title='bbox 932 1228 1021 1263; x_wconf 84' lang='lat' dir='ltr'><strong>gravis</strong></span> 
     </span>
    </p>
   </div>
   <div class='ocr_carea' id='block_1_25' title="bbox 234 1274 1020 1309">
    <p class='ocr_par' dir='ltr' id='par_1_25' title="bbox 234 1274 1020 1309">
     <span class='ocr_line' id='line_1_25' title="bbox 234 1274 1020 1309; baseline -0.009 -2"><span class='ocrx_word' id='word_1_183' title='bbox 234 1279 387 1307; x_wconf 89' lang='lat' dir='ltr'><strong>obambulat</strong></span> <span class='ocrx_word' id='word_1_184' title='bbox 408 1279 416 1294; x_wconf 81' lang='lat'>‘</span> <span class='ocrx_word' id='word_1_185' title='bbox 440 1277 558 1304; x_wconf 89' lang='lat' dir='ltr'><strong>morbus.</strong></span> <span class='ocrx_word' id='word_1_186' title='bbox 582 1276 646 1309; x_wconf 91' lang='lat' dir='ltr'><strong>Quis</strong></span> <span class='ocrx_word' id='word_1_187' title='bbox 668 1275 772 1302; x_wconf 84' lang='lat' dir='ltr'><strong>tandem</strong></span> <span class='ocrx_word' id='word_1_188' title='bbox 793 1275 860 1302; x_wconf 85' lang='lat' dir='ltr'><strong>iste?</strong></span> <span class='ocrx_word' id='word_1_189' title='bbox 881 1274 956 1308; x_wconf 83' lang='lat' dir='ltr'><strong>Quod</strong></span> <span class='ocrx_word' id='word_1_190' title='bbox 977 1274 1020 1308; x_wconf 91' lang='lat' dir='ltr'><strong>qui</strong></span> 
     </span>
    </p>
   </div>
   <div class='ocr_carea' id='block_1_26' title="bbox 233 1319 1020 1360">
    <p class='ocr_par' dir='ltr' id='par_1_26' title="bbox 233 1319 1020 1360">
     <span class='ocr_line' id='line_1_26' title="bbox 233 1319 1020 1360; baseline -0.008 -8"><span class='ocrx_word' id='word_1_191' title='bbox 233 1329 426 1360; x_wconf 83' lang='lat' dir='ltr'><strong>proposuerunt</strong></span> <span class='ocrx_word' id='word_1_192' title='bbox 439 1331 499 1350; x_wconf 90' lang='lat' dir='ltr'><strong>cum</strong></span> <span class='ocrx_word' id='word_1_193' title='bbox 518 1323 573 1350; x_wconf 84' lang='lat' dir='ltr'><strong>Deo</strong></span> <span class='ocrx_word' id='word_1_194' title='bbox 586 1322 699 1356; x_wconf 88' lang='lat' dir='ltr'><strong>colloqui</strong></span> <span class='ocrx_word' id='word_1_195' title='bbox 712 1342 719 1353; x_wconf 88' lang='lat'><strong>,</strong></span> <span class='ocrx_word' id='word_1_196' title='bbox 734 1322 810 1356; x_wconf 78' lang='lat' dir='ltr'><strong>eique</strong></span> <span class='ocrx_word' id='word_1_197' title='bbox 828 1321 938 1356; x_wconf 77' lang='lat' dir='ltr'><strong>gloriam</strong></span> <span class='ocrx_word' id='word_1_198' title='bbox 953 1319 1020 1347; x_wconf 84' lang='lat' dir='ltr'><strong>refe-</strong></span> 
     </span>
    </p>
   </div>
   <div class='ocr_carea' id='block_1_27' title="bbox 234 1366 1022 1402">
    <p class='ocr_par' dir='ltr' id='par_1_27' title="bbox 234 1366 1022 1402">
     <span class='ocr_line' id='line_1_27' title="bbox 234 1366 1022 1402; baseline -0.008 -4"><span class='ocrx_word' id='word_1_199' title='bbox 234 1376 295 1398; x_wconf 89' lang='lat' dir='ltr'><strong>runt</strong></span> <span class='ocrx_word' id='word_1_200' title='bbox 305 1371 326 1402; x_wconf 82' lang='lat'><strong>&#39;,</strong></span> <span class='ocrx_word' id='word_1_201' title='bbox 347 1378 409 1397; x_wconf 78' lang='lat' dir='ltr'><strong>mox</strong></span> <span class='ocrx_word' id='word_1_202' title='bbox 431 1369 480 1396; x_wconf 89' lang='lat' dir='ltr'><strong>hoc</strong></span> <span class='ocrx_word' id='word_1_203' title='bbox 495 1367 593 1395; x_wconf 87' lang='lat' dir='ltr'><strong>omisso</strong></span> <span class='ocrx_word' id='word_1_204' title='bbox 610 1375 686 1394; x_wconf 87' lang='lat' dir='ltr'><strong>suum</strong></span> <span class='ocrx_word' id='word_1_205' title='bbox 701 1367 811 1401; x_wconf 88' lang='lat' dir='ltr'><strong>quisque</strong></span> <span class='ocrx_word' id='word_1_206' title='bbox 826 1367 940 1393; x_wconf 84' lang='lat' dir='ltr'><strong>vicinum</strong></span> <span class='ocrx_word' id='word_1_207' title='bbox 953 1366 1022 1392; x_wconf 87' lang='lat' dir='ltr'><strong>arri-</strong></span> 
     </span>
    </p>
   </div>
   <div class='ocr_carea' id='block_1_28' title="bbox 235 1412 1021 1452">
    <p class='ocr_par' dir='ltr' id='par_1_28' title="bbox 235 1412 1021 1452">
     <span class='ocr_line' id='line_1_28' title="bbox 235 1412 1021 1452; baseline -0.006 -9"><span class='ocrx_word' id='word_1_208' title='bbox 235 1418 326 1452; x_wconf 89' lang='lat' dir='ltr'><strong>piunt,</strong></span> <span class='ocrx_word' id='word_1_209' title='bbox 343 1416 518 1450; x_wconf 76' lang='lat' dir='ltr'><strong>ordinauitque</strong></span> <span class='ocrx_word' id='word_1_210' title='bbox 537 1423 581 1442; x_wconf 88' lang='lat' dir='ltr'><strong>res</strong></span> <span class='ocrx_word' id='word_1_211' title='bbox 595 1413 754 1441; x_wconf 73' lang='lat' dir='ltr'><strong>domesucas</strong></span> <span class='ocrx_word' id='word_1_212' title='bbox 767 1434 774 1446; x_wconf 88' lang='lat'><strong>,</strong></span> <span class='ocrx_word' id='word_1_213' title='bbox 788 1420 900 1447; x_wconf 71' lang='lat' dir='ltr'><strong>qumque</strong></span> <span class='ocrx_word' id='word_1_214' title='bbox 915 1412 980 1439; x_wconf 90' lang='lat' dir='ltr'><strong>ﬁunt</strong></span> <span class='ocrx_word' id='word_1_215' title='bbox 996 1413 1021 1439; x_wconf 90' lang='lat' dir='ltr'><strong>in</strong></span> 
     </span>
    </p>
   </div>
   <div class='ocr_carea' id='block_1_29' title="bbox 236 1459 1021 1497">
    <p class='ocr_par' dir='ltr' id='par_1_29' title="bbox 236 1459 1021 1497">
     <span class='ocr_line' id='line_1_29' title="bbox 236 1459 1021 1497; baseline -0.006 -7"><span class='ocrx_word' id='word_1_216' title='bbox 236 1463 306 1496; x_wconf 81' lang='lat' dir='ltr'><strong>foro,</strong></span> <span class='ocrx_word' id='word_1_217' title='bbox 319 1470 378 1497; x_wconf 68' lang='lat' dir='ltr'><strong>qua:</strong></span> <span class='ocrx_word' id='word_1_218' title='bbox 390 1462 415 1488; x_wconf 90' lang='lat' dir='ltr'><strong>in</strong></span> <span class='ocrx_word' id='word_1_219' title='bbox 429 1461 534 1495; x_wconf 82' lang='lat' dir='ltr'><strong>populo,</strong></span> <span class='ocrx_word' id='word_1_220' title='bbox 547 1468 605 1495; x_wconf 77' lang='lat' dir='ltr'><strong>qua:</strong></span> <span class='ocrx_word' id='word_1_221' title='bbox 619 1460 643 1486; x_wconf 91' lang='lat' dir='ltr'><strong>in</strong></span> <span class='ocrx_word' id='word_1_222' title='bbox 656 1459 774 1491; x_wconf 77' lang='lat' dir='ltr'><strong>theatris,</strong></span> <span class='ocrx_word' id='word_1_223' title='bbox 788 1467 845 1494; x_wconf 76' lang='lat' dir='ltr'><strong>qua:</strong></span> <span class='ocrx_word' id='word_1_224' title='bbox 857 1459 882 1485; x_wconf 87' lang='lat' dir='ltr'><strong>in</strong></span> <span class='ocrx_word' id='word_1_225' title='bbox 893 1459 1021 1492; x_wconf 75' lang='lat' dir='ltr'><strong>exercitu,</strong></span> 
     </span>
    </p>
   </div>
   <div class='ocr_carea' id='block_1_30' title="bbox 235 1504 1023 1542">
    <p class='ocr_par' dir='ltr' id='par_1_30' title="bbox 235 1504 1023 1542">
     <span class='ocr_line' id='line_1_30' title="bbox 235 1504 1023 1542; baseline -0.006 -7"><span class='ocrx_word' id='word_1_226' title='bbox 235 1513 262 1535; x_wconf 87' lang='lat' dir='ltr'><strong>et</strong></span> <span class='ocrx_word' id='word_1_227' title='bbox 276 1507 408 1542; x_wconf 87' lang='lat' dir='ltr'><strong>quomodo</strong></span> <span class='ocrx_word' id='word_1_228' title='bbox 421 1507 472 1533; x_wconf 87' lang='lat' dir='ltr'><strong>alia</strong></span> <span class='ocrx_word' id='word_1_229' title='bbox 487 1506 593 1540; x_wconf 88' lang='lat' dir='ltr'><strong>quidem</strong></span> <span class='ocrx_word' id='word_1_230' title='bbox 607 1509 668 1532; x_wconf 88' lang='lat' dir='ltr'><strong>sunt</strong></span> <span class='ocrx_word' id='word_1_231' title='bbox 683 1504 863 1532; x_wconf 86' lang='lat' dir='ltr'><strong>administrata</strong></span> <span class='ocrx_word' id='word_1_232' title='bbox 875 1524 883 1537; x_wconf 91' lang='lat'><strong>,</strong></span> <span class='ocrx_word' id='word_1_233' title='bbox 899 1505 948 1530; x_wconf 81' lang='lat' dir='ltr'><strong>alia</strong></span> <span class='ocrx_word' id='word_1_234' title='bbox 963 1512 1023 1530; x_wconf 87' lang='lat' dir='ltr'><strong>rur-</strong></span> 
     </span>
    </p>
   </div>
   <div class='ocr_carea' id='block_1_31' title="bbox 235 1548 1023 1588">
    <p class='ocr_par' dir='ltr' id='par_1_31' title="bbox 235 1548 1023 1588">
     <span class='ocr_line' id='line_1_31' title="bbox 235 1548 1023 1588; baseline -0.005 -9"><span class='ocrx_word' id='word_1_235' title='bbox 235 1562 280 1579; x_wconf 85' lang='lat' dir='ltr'><strong>sus</strong></span> <span class='ocrx_word' id='word_1_236' title='bbox 295 1553 421 1588; x_wconf 77' lang='lat' dir='ltr'><strong>neglecta,</strong></span> <span class='ocrx_word' id='word_1_237' title='bbox 436 1555 463 1578; x_wconf 92' lang='lat' dir='ltr'><strong>et</strong></span> <span class='ocrx_word' id='word_1_238' title='bbox 478 1550 539 1585; x_wconf 88' lang='lat' dir='ltr'><strong>quid</strong></span> <span class='ocrx_word' id='word_1_239' title='bbox 552 1551 577 1576; x_wconf 92' lang='lat' dir='ltr'><strong>in</strong></span> <span class='ocrx_word' id='word_1_240' title='bbox 590 1550 713 1584; x_wconf 77' lang='lat' dir='ltr'><strong>gerendis</strong></span> <span class='ocrx_word' id='word_1_241' title='bbox 727 1549 805 1576; x_wconf 88' lang='lat' dir='ltr'><strong>rebus</strong></span> <span class='ocrx_word' id='word_1_242' title='bbox 818 1549 876 1583; x_wconf 89' lang='lat' dir='ltr'><strong>plus</strong></span> <span class='ocrx_word' id='word_1_243' title='bbox 890 1549 953 1576; x_wconf 88' lang='lat' dir='ltr'><strong>satis</strong></span> <span class='ocrx_word' id='word_1_244' title='bbox 967 1548 1023 1575; x_wconf 88' lang='lat' dir='ltr'><strong>fue-</strong></span> 
     </span>
    </p>
   </div>
   <div class='ocr_carea' id='block_1_32' title="bbox 234 1594 1024 1632">
    <p class='ocr_par' dir='ltr' id='par_1_32' title="bbox 234 1594 1024 1632">
     <span class='ocr_line' id='line_1_32' title="bbox 234 1594 1024 1632; baseline -0.005 -7"><span class='ocrx_word' id='word_1_245' title='bbox 234 1601 287 1630; x_wconf 83' lang='lat' dir='ltr'><strong>rit,</strong></span> <span class='ocrx_word' id='word_1_246' title='bbox 303 1598 364 1632; x_wconf 88' lang='lat' dir='ltr'><strong>quid</strong></span> <span class='ocrx_word' id='word_1_247' title='bbox 381 1597 538 1624; x_wconf 87' lang='lat' dir='ltr'><strong>diminutum</strong></span> <span class='ocrx_word' id='word_1_248' title='bbox 555 1605 560 1622; x_wconf 90' lang='lat'>:</span> <span class='ocrx_word' id='word_1_249' title='bbox 578 1596 602 1622; x_wconf 89' lang='lat' dir='ltr'><strong>in</strong></span> <span class='ocrx_word' id='word_1_250' title='bbox 618 1603 721 1623; x_wconf 85' lang='lat' dir='ltr'><strong>summa</strong></span> <span class='ocrx_word' id='word_1_251' title='bbox 733 1615 740 1626; x_wconf 89' lang='lat'><strong>,</strong></span> <span class='ocrx_word' id='word_1_252' title='bbox 760 1594 794 1621; x_wconf 87' lang='lat' dir='ltr'><strong>de</strong></span> <span class='ocrx_word' id='word_1_253' title='bbox 809 1595 888 1623; x_wconf 84' lang='lat' dir='ltr'><strong>rebus</strong></span> <span class='ocrx_word' id='word_1_254' title='bbox 901 1594 1024 1621; x_wconf 86' lang='lat' dir='ltr'><strong>omnilms</strong></span> 
     </span>
    </p>
   </div>
   <div class='ocr_carea' id='block_1_33' title="bbox 235 1639 1024 1678">
    <p class='ocr_par' dir='ltr' id='par_1_33' title="bbox 235 1639 1024 1678">
     <span class='ocr_line' id='line_1_33' title="bbox 235 1639 1024 1678; baseline -0.005 -8"><span class='ocrx_word' id='word_1_255' title='bbox 235 1644 276 1670; x_wconf 82' lang='lat' dir='ltr'><strong>vel</strong></span> <span class='ocrx_word' id='word_1_256' title='bbox 297 1643 428 1678; x_wconf 82' lang='lat' dir='ltr'><strong>publicis,</strong></span> <span class='ocrx_word' id='word_1_257' title='bbox 445 1642 487 1669; x_wconf 86' lang='lat' dir='ltr'><strong>vel</strong></span> <span class='ocrx_word' id='word_1_258' title='bbox 508 1641 633 1676; x_wconf 84' lang='lat' dir='ltr'><strong>privatis,</strong></span> <span class='ocrx_word' id='word_1_259' title='bbox 651 1639 695 1667; x_wconf 86' lang='lat' dir='ltr'><strong>hic</strong></span> <span class='ocrx_word' id='word_1_260' title='bbox 713 1640 909 1674; x_wconf 88' lang='lat' dir='ltr'><strong>colloquuntur.</strong></span> <span class='ocrx_word' id='word_1_261' title='bbox 926 1640 959 1666; x_wconf 88' lang='lat' dir='ltr'><strong>Et</strong></span> <span class='ocrx_word' id='word_1_262' title='bbox 972 1647 1024 1674; x_wconf 86' lang='lat' dir='ltr'><strong>qua</strong></span> 
     </span>
    </p>
   </div>
   <div class='ocr_carea' id='block_1_34' title="bbox 236 1685 1024 1721">
    <p class='ocr_par' dir='ltr' id='par_1_34' title="bbox 236 1685 1024 1721">
     <span class='ocr_line' id='line_1_34' title="bbox 236 1685 1024 1721; baseline -0.005 -5"><span class='ocrx_word' id='word_1_263' title='bbox 236 1689 340 1716; x_wconf 84' lang='lat' dir='ltr'><strong>tandem</strong></span> <span class='ocrx_word' id='word_1_264' title='bbox 356 1687 431 1715; x_wconf 88' lang='lat' dir='ltr'><strong>venia</strong></span> <span class='ocrx_word' id='word_1_265' title='bbox 444 1687 523 1721; x_wconf 83' lang='lat' dir='ltr'><strong>digna</strong></span> <span class='ocrx_word' id='word_1_266' title='bbox 537 1691 598 1713; x_wconf 89' lang='lat' dir='ltr'><strong>sunt</strong></span> <span class='ocrx_word' id='word_1_267' title='bbox 611 1686 678 1713; x_wconf 83' lang='lat' dir='ltr'><strong>ista?</strong></span> <span class='ocrx_word' id='word_1_268' title='bbox 693 1685 771 1720; x_wconf 76' lang='lat' dir='ltr'><strong>Atqui</strong></span> <span class='ocrx_word' id='word_1_269' title='bbox 791 1686 811 1712; x_wconf 87' lang='lat' dir='ltr'><strong>is</strong></span> <span class='ocrx_word' id='word_1_270' title='bbox 826 1686 870 1720; x_wconf 91' lang='lat' dir='ltr'><strong>qui</strong></span> <span class='ocrx_word' id='word_1_271' title='bbox 883 1693 943 1713; x_wconf 89' lang='lat' dir='ltr'><strong>cum</strong></span> <span class='ocrx_word' id='word_1_272' title='bbox 963 1693 1024 1720; x_wconf 79' lang='lat' dir='ltr'><strong>rege</strong></span> 
     </span>
    </p>
   </div>
   <div class='ocr_carea' id='block_1_35' title="bbox 236 1730 1026 1767">
    <p class='ocr_par' dir='ltr' id='par_1_35' title="bbox 236 1730 1026 1767">
     <span class='ocr_line' id='line_1_35' title="bbox 236 1730 1026 1767; baseline -0.005 -6"><span class='ocrx_word' id='word_1_273' title='bbox 236 1739 341 1761; x_wconf 88' lang='lat' dir='ltr'><strong>terreno</strong></span> <span class='ocrx_word' id='word_1_274' title='bbox 354 1733 524 1767; x_wconf 82' lang='lat' dir='ltr'><strong>colloquitur,</strong></span> <span class='ocrx_word' id='word_1_275' title='bbox 539 1731 572 1758; x_wconf 85' lang='lat' dir='ltr'><strong>de</strong></span> <span class='ocrx_word' id='word_1_276' title='bbox 585 1731 626 1757; x_wconf 88' lang='lat' dir='ltr'><strong>his</strong></span> <span class='ocrx_word' id='word_1_277' title='bbox 638 1734 740 1758; x_wconf 87' lang='lat' dir='ltr'><strong>tantum</strong></span> <span class='ocrx_word' id='word_1_278' title='bbox 754 1731 834 1758; x_wconf 88' lang='lat' dir='ltr'><strong>verba</strong></span> <span class='ocrx_word' id='word_1_279' title='bbox 848 1730 908 1757; x_wconf 86' lang='lat' dir='ltr'><strong>facit</strong></span> <span class='ocrx_word' id='word_1_280' title='bbox 921 1730 954 1757; x_wconf 90' lang='lat' dir='ltr'><strong>de</strong></span> <span class='ocrx_word' id='word_1_281' title='bbox 967 1730 1026 1765; x_wconf 89' lang='lat' dir='ltr'><strong>qui-</strong></span> 
     </span>
    </p>
   </div>
   <div class='ocr_carea' id='block_1_36' title="bbox 237 1775 1024 1811">
    <p class='ocr_par' dir='ltr' id='par_1_36' title="bbox 237 1775 1024 1811">
     <span class='ocr_line' id='line_1_36' title="bbox 237 1775 1024 1811; baseline -0.004 -5"><span class='ocrx_word' id='word_1_282' title='bbox 237 1780 286 1806; x_wconf 86' lang='lat' dir='ltr'><strong>bus</strong></span> <span class='ocrx_word' id='word_1_283' title='bbox 299 1779 341 1806; x_wconf 84' lang='lat' dir='ltr'><strong>ille</strong></span> <span class='ocrx_word' id='word_1_284' title='bbox 358 1778 471 1805; x_wconf 87' lang='lat' dir='ltr'><strong>voluerit</strong></span> <span class='ocrx_word' id='word_1_285' title='bbox 487 1777 578 1804; x_wconf 88' lang='lat' dir='ltr'><strong>audire</strong></span> <span class='ocrx_word' id='word_1_286' title='bbox 590 1797 597 1809; x_wconf 92' lang='lat'><strong>,</strong></span> <span class='ocrx_word' id='word_1_287' title='bbox 613 1781 641 1803; x_wconf 89' lang='lat' dir='ltr'><strong>et</strong></span> <span class='ocrx_word' id='word_1_288' title='bbox 653 1775 687 1803; x_wconf 87' lang='lat' dir='ltr'><strong>de</strong></span> <span class='ocrx_word' id='word_1_289' title='bbox 701 1775 796 1811; x_wconf 90' lang='lat' dir='ltr'><strong>quibus</strong></span> <span class='ocrx_word' id='word_1_290' title='bbox 810 1784 853 1803; x_wconf 81' lang='lat' dir='ltr'><strong>rex</strong></span> <span class='ocrx_word' id='word_1_291' title='bbox 870 1775 947 1803; x_wconf 84' lang='lat' dir='ltr'><strong>fuerit</strong></span> <span class='ocrx_word' id='word_1_292' title='bbox 963 1783 1024 1811; x_wconf 87' lang='lat' dir='ltr'><strong>per-</strong></span> 
     </span>
    </p>
   </div>
   <div class='ocr_carea' id='block_1_37' title="bbox 237 1821 1024 1858">
    <p class='ocr_par' dir='ltr' id='par_1_37' title="bbox 237 1821 1024 1858">
     <span class='ocr_line' id='line_1_37' title="bbox 237 1821 1024 1858; baseline -0.003 -7"><span class='ocrx_word' id='word_1_293' title='bbox 237 1829 375 1854; x_wconf 83' lang='lat' dir='ltr'><strong>conlatus;</strong></span> <span class='ocrx_word' id='word_1_294' title='bbox 398 1823 470 1858; x_wconf 82' lang='lat' dir='ltr'><strong>quod</strong></span> <span class='ocrx_word' id='word_1_295' title='bbox 493 1823 514 1849; x_wconf 89' lang='lat' dir='ltr'><strong>si</strong></span> <span class='ocrx_word' id='word_1_296' title='bbox 535 1822 594 1856; x_wconf 87' lang='lat' dir='ltr'><strong>quis</strong></span> <span class='ocrx_word' id='word_1_297' title='bbox 614 1822 684 1848; x_wconf 89' lang='lat' dir='ltr'><strong>ausit</strong></span> <span class='ocrx_word' id='word_1_298' title='bbox 705 1822 802 1856; x_wconf 88' lang='lat' dir='ltr'><strong>aliquid</strong></span> <span class='ocrx_word' id='word_1_299' title='bbox 825 1821 934 1856; x_wconf 90' lang='lat' dir='ltr'><strong>injicere</strong></span> <span class='ocrx_word' id='word_1_300' title='bbox 949 1829 1024 1849; x_wconf 91' lang='lat' dir='ltr'><strong>secus</strong></span> 
     </span>
    </p>
   </div>
   <div class='ocr_carea' id='block_1_38' title="bbox 237 1867 1025 1907">
    <p class='ocr_par' dir='ltr' id='par_1_38' title="bbox 237 1867 1025 1907">
     <span class='ocr_line' id='line_1_38' title="bbox 237 1867 1025 1907; baseline -0.005 -9"><span class='ocrx_word' id='word_1_301' title='bbox 237 1879 315 1907; x_wconf 87' lang='lat' dir='ltr'><strong>quam</strong></span> <span class='ocrx_word' id='word_1_302' title='bbox 330 1871 373 1897; x_wconf 94' lang='lat' dir='ltr'><strong>ille</strong></span> <span class='ocrx_word' id='word_1_303' title='bbox 387 1869 466 1901; x_wconf 88' lang='lat' dir='ltr'><strong>velit,</strong></span> <span class='ocrx_word' id='word_1_304' title='bbox 481 1873 601 1896; x_wconf 78' lang='lat' dir='ltr'><strong>extremo</strong></span> <span class='ocrx_word' id='word_1_305' title='bbox 613 1867 742 1902; x_wconf 86' lang='lat' dir='ltr'><strong>supplicio</strong></span> <span class='ocrx_word' id='word_1_306' title='bbox 755 1868 884 1894; x_wconf 87' lang='lat' dir='ltr'><strong>afﬁcietur</strong></span> <span class='ocrx_word' id='word_1_307' title='bbox 899 1876 906 1893; x_wconf 86' lang='lat'><strong>:</strong></span> <span class='ocrx_word' id='word_1_308' title='bbox 921 1872 948 1894; x_wconf 95' lang='lat' dir='ltr'><strong>tu</strong></span> <span class='ocrx_word' id='word_1_309' title='bbox 963 1876 1025 1894; x_wconf 85' lang='lat' dir='ltr'><strong>vero</strong></span> 
     </span>
    </p>
   </div>
   <div class='ocr_carea' id='block_1_39' title="bbox 237 1914 1025 1951">
    <p class='ocr_par' dir='ltr' id='par_1_39' title="bbox 237 1914 1025 1951">
     <span class='ocr_line' id='line_1_39' title="bbox 237 1914 1025 1951; baseline -0.006 -6"><span class='ocrx_word' id='word_1_310' title='bbox 237 1925 297 1946; x_wconf 91' lang='lat' dir='ltr'><strong>cum</strong></span> <span class='ocrx_word' id='word_1_311' title='bbox 318 1917 390 1951; x_wconf 78' lang='lat' dir='ltr'><strong>Rege</strong></span> <span class='ocrx_word' id='word_1_312' title='bbox 408 1923 497 1950; x_wconf 82' lang='lat' dir='ltr'><strong>regum</strong></span> <span class='ocrx_word' id='word_1_313' title='bbox 514 1915 686 1950; x_wconf 77' lang='lat' dir='ltr'><strong>colloquens,</strong></span> <span class='ocrx_word' id='word_1_314' title='bbox 703 1914 745 1941; x_wconf 90' lang='lat' dir='ltr'><strong>cui</strong></span> <span class='ocrx_word' id='word_1_315' title='bbox 760 1922 819 1941; x_wconf 93' lang='lat' dir='ltr'><strong>cum</strong></span> <span class='ocrx_word' id='word_1_316' title='bbox 836 1919 950 1941; x_wconf 87' lang='lat' dir='ltr'><strong>tremore</strong></span> <span class='ocrx_word' id='word_1_317' title='bbox 967 1921 1025 1940; x_wconf 85' lang='lat' dir='ltr'><strong>ser-</strong></span> 
     </span>
    </p>
   </div>
   <div class='ocr_carea' id='block_1_40' title="bbox 238 1961 1024 1999">
    <p class='ocr_par' dir='ltr' id='par_1_40' title="bbox 238 1961 1024 1999">
     <span class='ocr_line' id='line_1_40' title="bbox 238 1961 1024 1999; baseline -0.008 -7"><span class='ocrx_word' id='word_1_318' title='bbox 238 1966 312 1992; x_wconf 76' lang='lat' dir='ltr'><strong>vlunt</strong></span> <span class='ocrx_word' id='word_1_319' title='bbox 324 1963 422 1999; x_wconf 83' lang='lat' dir='ltr'><strong>angeli,</strong></span> <span class='ocrx_word' id='word_1_320' title='bbox 433 1962 532 1990; x_wconf 88' lang='lat' dir='ltr'><strong>omisso</strong></span> <span class='ocrx_word' id='word_1_321' title='bbox 542 1969 602 1989; x_wconf 90' lang='lat' dir='ltr'><strong>cum</strong></span> <span class='ocrx_word' id='word_1_322' title='bbox 614 1962 659 1988; x_wconf 94' lang='lat' dir='ltr'><strong>illo</strong></span> <span class='ocrx_word' id='word_1_323' title='bbox 670 1966 757 1996; x_wconf 69' lang='lat' dir='ltr'><strong>empto</strong></span> <span class='ocrx_word' id='word_1_324' title='bbox 767 1969 900 1993; x_wconf 70' lang='lat' dir='ltr'><strong>sermone,</strong></span> <span class='ocrx_word' id='word_1_325' title='bbox 912 1961 945 1988; x_wconf 91' lang='lat' dir='ltr'><strong>de</strong></span> <span class='ocrx_word' id='word_1_326' title='bbox 960 1961 1024 1991; x_wconf 79' lang='lat' dir='ltr'><strong>luto,</strong></span> 
     </span>
    </p>
   </div>
   <div class='ocr_carea' id='block_1_41' title="bbox 237 2006 1025 2044">
    <p class='ocr_par' dir='ltr' id='par_1_41' title="bbox 237 2006 1025 2044">
     <span class='ocr_line' id='line_1_41' title="bbox 237 2006 1025 2044; baseline -0.006 -7"><span class='ocrx_word' id='word_1_327' title='bbox 237 2011 271 2038; x_wconf 88' lang='lat' dir='ltr'><strong>de</strong></span> <span class='ocrx_word' id='word_1_328' title='bbox 290 2010 414 2044; x_wconf 90' lang='lat' dir='ltr'><strong>pulvere,</strong></span> <span class='ocrx_word' id='word_1_329' title='bbox 430 2008 464 2035; x_wconf 89' lang='lat' dir='ltr'><strong>de</strong></span> <span class='ocrx_word' id='word_1_330' title='bbox 478 2008 538 2034; x_wconf 90' lang='lat' dir='ltr'><strong>telis</strong></span> <span class='ocrx_word' id='word_1_331' title='bbox 553 2014 708 2034; x_wconf 87' lang='lat' dir='ltr'><strong>aranearum</strong></span> <span class='ocrx_word' id='word_1_332' title='bbox 723 2007 856 2041; x_wconf 82' lang='lat' dir='ltr'><strong>loqueris?</strong></span> <span class='ocrx_word' id='word_1_333' title='bbox 872 2006 939 2033; x_wconf 88' lang='lat' dir='ltr'><strong>Nihil</strong></span> <span class='ocrx_word' id='word_1_334' title='bbox 955 2007 1025 2033; x_wconf 83' lang='lat' dir='ltr'><strong>enim</strong></span> 
     </span>
    </p>
   </div>
   <div class='ocr_carea' id='block_1_42' title="bbox 239 2051 1026 2088">
    <p class='ocr_par' dir='ltr' id='par_1_42' title="bbox 239 2051 1026 2088">
     <span class='ocr_line' id='line_1_42' title="bbox 239 2051 1026 2088; baseline -0.005 -6"><span class='ocrx_word' id='word_1_335' title='bbox 239 2055 309 2082; x_wconf 91' lang='lat' dir='ltr'><strong>aliud</strong></span> <span class='ocrx_word' id='word_1_336' title='bbox 323 2058 385 2081; x_wconf 90' lang='lat' dir='ltr'><strong>sunt</strong></span> <span class='ocrx_word' id='word_1_337' title='bbox 398 2053 475 2088; x_wconf 86' lang='lat' dir='ltr'><strong>hujus</strong></span> <span class='ocrx_word' id='word_1_338' title='bbox 488 2053 547 2079; x_wconf 80' lang='lat' dir='ltr'><strong>vita:</strong></span> <span class='ocrx_word' id='word_1_339' title='bbox 563 2052 676 2086; x_wconf 83' lang='lat' dir='ltr'><strong>negotia.</strong></span> <span class='ocrx_word' id='word_1_340' title='bbox 693 2052 724 2078; x_wconf 81' lang='lat' dir='ltr'><strong>Et</strong></span> <span class='ocrx_word' id='word_1_341' title='bbox 737 2051 869 2086; x_wconf 88' lang='lat' dir='ltr'><strong>quomodo</strong></span> <span class='ocrx_word' id='word_1_342' title='bbox 883 2052 1026 2079; x_wconf 78' lang='lat' dir='ltr'><strong>sustinebis</strong></span> 
     </span>
    </p>
   </div>
   <div class='ocr_carea' id='block_1_43' title="bbox 239 2098 1024 2133">
    <p class='ocr_par' dir='ltr' id='par_1_43' title="bbox 239 2098 1024 2133">
     <span class='ocr_line' id='line_1_43' title="bbox 239 2098 1024 2133; baseline -0.005 -5"><span class='ocrx_word' id='word_1_343' title='bbox 239 2102 313 2128; x_wconf 90' lang='lat' dir='ltr'><strong>istius</strong></span> <span class='ocrx_word' id='word_1_344' title='bbox 326 2103 492 2133; x_wconf 88' lang='lat' dir='ltr'><strong>contemptus</strong></span> <span class='ocrx_word' id='word_1_345' title='bbox 506 2098 630 2132; x_wconf 74' lang='lat' dir='ltr'><strong>pmnam?</strong></span> <span class='ocrx_word' id='word_1_346' title='bbox 644 2098 703 2132; x_wconf 89' lang='lat' dir='ltr'><strong>quis</strong></span> <span class='ocrx_word' id='word_1_347' title='bbox 716 2103 803 2124; x_wconf 88' lang='lat' dir='ltr'><strong>autem</strong></span> <span class='ocrx_word' id='word_1_348' title='bbox 818 2103 842 2124; x_wconf 90' lang='lat' dir='ltr'><strong>te</strong></span> <span class='ocrx_word' id='word_1_349' title='bbox 856 2098 889 2124; x_wconf 89' lang='lat' dir='ltr'><strong>ab</strong></span> <span class='ocrx_word' id='word_1_350' title='bbox 905 2098 954 2125; x_wconf 90' lang='lat' dir='ltr'><strong>hac</strong></span> <span class='ocrx_word' id='word_1_351' title='bbox 966 2099 1024 2124; x_wconf 91' lang='lat' dir='ltr'><strong>vin-</strong></span> 
     </span>
    </p>
   </div>
   <div class='ocr_carea' id='block_1_44' title="bbox 237 2145 464 2173">
    <p class='ocr_par' dir='ltr' id='par_1_44' title="bbox 237 2145 464 2173">
     <span class='ocr_line' id='line_1_44' title="bbox 237 2145 464 2173; baseline -0.004 0"><span class='ocrx_word' id='word_1_352' title='bbox 237 2146 306 2173; x_wconf 89' lang='lat' dir='ltr'><strong>dicta</strong></span> <span class='ocrx_word' id='word_1_353' title='bbox 321 2145 464 2173; x_wconf 88' lang='lat' dir='ltr'><strong>liberabit?</strong></span> 
     </span>
    </p>
   </div>
   <div class='ocr_carea' id='block_1_45' title="bbox 273 2190 1026 2226">
    <p class='ocr_par' dir='ltr' id='par_1_45' title="bbox 273 2190 1026 2226">
     <span class='ocr_line' id='line_1_45' title="bbox 273 2190 1026 2226; baseline -0.005 -7"><span class='ocrx_word' id='word_1_354' title='bbox 273 2193 422 2226; x_wconf 72' lang='lat' dir='ltr'><strong>Principum</strong></span> <span class='ocrx_word' id='word_1_355' title='bbox 442 2190 592 2226; x_wconf 75' lang='lat' dir='ltr'><strong>negligentia</strong></span> <span class='ocrx_word' id='word_1_356' title='bbox 609 2198 676 2225; x_wconf 73' lang='lat' dir='ltr'><strong>swpe</strong></span> <span class='ocrx_word' id='word_1_357' title='bbox 689 2190 800 2217; x_wconf 75' lang='lat' dir='ltr'><strong>nascitur</strong></span> <span class='ocrx_word' id='word_1_358' title='bbox 813 2198 843 2216; x_wconf 73' lang='lat' dir='ltr'><strong>ea:</strong></span> <span class='ocrx_word' id='word_1_359' title='bbox 855 2190 930 2224; x_wconf 87' lang='lat' dir='ltr'><strong>culpa</strong></span> <span class='ocrx_word' id='word_1_360' title='bbox 944 2198 1026 2224; x_wconf 77' lang='lat' dir='ltr'><strong>popu-</strong></span> 
     </span>
    </p>
   </div>
   <div class='ocr_carea' id='block_1_46' title="bbox 237 2235 1025 2269">
    <p class='ocr_par' dir='ltr' id='par_1_46' title="bbox 237 2235 1025 2269">
     <span class='ocr_line' id='line_1_46' title="bbox 237 2235 1025 2269; baseline -0.005 -4"><span class='ocrx_word' id='word_1_361' title='bbox 237 2239 264 2265; x_wconf 87' lang='lat' dir='ltr'><strong>li.</strong></span> <span class='ocrx_word' id='word_1_362' title='bbox 282 2253 317 2258; x_wconf 89' lang='lat'><em>—</em></span> <span class='ocrx_word' id='word_1_363' title='bbox 341 2238 437 2264; x_wconf 76' lang='lat' dir='ltr'><strong>Verum</strong></span> <span class='ocrx_word' id='word_1_364' title='bbox 451 2236 519 2263; x_wconf 83' lang='lat' dir='ltr'><strong>haud</strong></span> <span class='ocrx_word' id='word_1_365' title='bbox 534 2241 605 2263; x_wconf 87' lang='lat' dir='ltr'><strong>recte</strong></span> <span class='ocrx_word' id='word_1_366' title='bbox 616 2244 645 2263; x_wconf 89' lang='lat' dir='ltr'><strong>se</strong></span> <span class='ocrx_word' id='word_1_367' title='bbox 662 2236 772 2266; x_wconf 82' lang='lat' dir='ltr'><strong>habent.</strong></span> <span class='ocrx_word' id='word_1_368' title='bbox 789 2235 922 2269; x_wconf 86' lang='lat' dir='ltr'><strong>inquiunt,</strong></span> <span class='ocrx_word' id='word_1_369' title='bbox 938 2236 1025 2269; x_wconf 84' lang='lat' dir='ltr'><strong>reipu-</strong></span> 
     </span>
    </p>
   </div>
   <div class='ocr_carea' id='block_1_47' title="bbox 236 2279 1026 2317">
    <p class='ocr_par' dir='ltr' id='par_1_47' title="bbox 236 2279 1026 2317">
     <span class='ocr_line' id='line_1_47' title="bbox 236 2279 1026 2317; baseline -0.005 -7"><span class='ocrx_word' id='word_1_370' title='bbox 236 2284 313 2311; x_wconf 66' lang='lat' dir='ltr'><strong>blicae</strong></span> <span class='ocrx_word' id='word_1_371' title='bbox 327 2283 429 2317; x_wconf 82' lang='lat' dir='ltr'><strong>negotia</strong></span> <span class='ocrx_word' id='word_1_372' title='bbox 439 2303 446 2314; x_wconf 89' lang='lat'><strong>,</strong></span> <span class='ocrx_word' id='word_1_373' title='bbox 462 2282 495 2309; x_wconf 90' lang='lat' dir='ltr'><strong>de</strong></span> <span class='ocrx_word' id='word_1_374' title='bbox 510 2282 550 2308; x_wconf 87' lang='lat' dir='ltr'><strong>his</strong></span> <span class='ocrx_word' id='word_1_375' title='bbox 565 2281 719 2315; x_wconf 89' lang='lat' dir='ltr'><strong>plerumque</strong></span> <span class='ocrx_word' id='word_1_376' title='bbox 734 2281 883 2314; x_wconf 83' lang='lat' dir='ltr'><strong>quuimur,</strong></span> <span class='ocrx_word' id='word_1_377' title='bbox 898 2280 969 2307; x_wconf 90' lang='lat' dir='ltr'><strong>etde</strong></span> <span class='ocrx_word' id='word_1_378' title='bbox 985 2279 1026 2306; x_wconf 90' lang='lat' dir='ltr'><strong>his</strong></span> 
     </span>
    </p>
   </div>
   <div class='ocr_carea' id='block_1_48' title="bbox 236 2326 1026 2363">
    <p class='ocr_par' dir='ltr' id='par_1_48' title="bbox 236 2326 1026 2363">
     <span class='ocr_line' id='line_1_48' title="bbox 236 2326 1026 2363; baseline -0.005 -7"><span class='ocrx_word' id='word_1_379' title='bbox 236 2330 343 2356; x_wconf 88' lang='lat' dir='ltr'><strong>solliciti</strong></span> <span class='ocrx_word' id='word_1_380' title='bbox 366 2329 490 2363; x_wconf 85' lang='lat' dir='ltr'><strong>anxiique</strong></span> <span class='ocrx_word' id='word_1_381' title='bbox 509 2335 610 2354; x_wconf 89' lang='lat' dir='ltr'><strong>sumus.</strong></span> <span class='ocrx_word' id='word_1_382' title='bbox 625 2327 693 2359; x_wconf 87' lang='lat' dir='ltr'><strong>Quid</strong></span> <span class='ocrx_word' id='word_1_383' title='bbox 714 2331 801 2353; x_wconf 87' lang='lat' dir='ltr'><strong>autem</strong></span> <span class='ocrx_word' id='word_1_384' title='bbox 818 2326 843 2353; x_wconf 91' lang='lat' dir='ltr'><strong>in</strong></span> <span class='ocrx_word' id='word_1_385' title='bbox 859 2326 957 2353; x_wconf 88' lang='lat' dir='ltr'><strong>causa?</strong></span> <span class='ocrx_word' id='word_1_386' title='bbox 973 2326 1026 2352; x_wconf 88' lang='lat' dir='ltr'><strong>Eo-</strong></span> 
     </span>
    </p>
   </div>
   <div class='ocr_carea' id='block_1_49' title="bbox 237 2372 1024 2409">
    <p class='ocr_par' dir='ltr' id='par_1_49' title="bbox 237 2372 1024 2409">
     <span class='ocr_line' id='line_1_49' title="bbox 237 2372 1024 2409; baseline -0.004 -8"><span class='ocrx_word' id='word_1_387' title='bbox 237 2383 295 2401; x_wconf 92' lang='lat' dir='ltr'><strong>rum</strong></span> <span class='ocrx_word' id='word_1_388' title='bbox 308 2396 314 2406; x_wconf 90' lang='lat'><strong>,</strong></span> <span class='ocrx_word' id='word_1_389' title='bbox 329 2375 449 2409; x_wconf 84' lang='lat' dir='ltr'><strong>inquiunt</strong></span> <span class='ocrx_word' id='word_1_390' title='bbox 458 2394 465 2407; x_wconf 91' lang='lat'><strong>,</strong></span> <span class='ocrx_word' id='word_1_391' title='bbox 477 2374 521 2408; x_wconf 93' lang='lat' dir='ltr'><strong>qui</strong></span> <span class='ocrx_word' id='word_1_392' title='bbox 533 2374 713 2408; x_wconf 74' lang='lat' dir='ltr'><strong>magistratum</strong></span> <span class='ocrx_word' id='word_1_393' title='bbox 723 2376 818 2405; x_wconf 69' lang='lat' dir='ltr'><strong>gerunt</strong></span> <span class='ocrx_word' id='word_1_394' title='bbox 827 2393 834 2405; x_wconf 88' lang='lat'><strong>,</strong></span> <span class='ocrx_word' id='word_1_395' title='bbox 847 2372 1024 2407; x_wconf 78' lang='lat' dir='ltr'><strong>incogitantia.</strong></span> 
     </span>
    </p>
   </div>
   <div class='ocr_carea' id='block_1_50' title="bbox 237 2416 1027 2453">
    <p class='ocr_par' dir='ltr' id='par_1_50' title="bbox 237 2416 1027 2453">
     <span class='ocr_line' id='line_1_50' title="bbox 237 2416 1027 2453; baseline -0.003 -7"><span class='ocrx_word' id='word_1_396' title='bbox 237 2420 293 2446; x_wconf 80' lang='lat' dir='ltr'><strong>Non</strong></span> <span class='ocrx_word' id='word_1_397' title='bbox 312 2422 355 2445; x_wconf 87' lang='lat' dir='ltr'><strong>est</strong></span> <span class='ocrx_word' id='word_1_398' title='bbox 369 2418 560 2453; x_wconf 82' lang='lat' dir='ltr'><strong>magistatuum</strong></span> <span class='ocrx_word' id='word_1_399' title='bbox 573 2416 748 2451; x_wconf 82' lang='lat' dir='ltr'><strong>incogitantia</strong></span> <span class='ocrx_word' id='word_1_400' title='bbox 760 2436 767 2449; x_wconf 93' lang='lat'><strong>,</strong></span> <span class='ocrx_word' id='word_1_401' title='bbox 784 2417 830 2444; x_wconf 84' lang='lat' dir='ltr'><strong>sed</strong></span> <span class='ocrx_word' id='word_1_402' title='bbox 845 2422 934 2445; x_wconf 87' lang='lat' dir='ltr'><strong>nostra</strong></span> <span class='ocrx_word' id='word_1_403' title='bbox 957 2417 1027 2452; x_wconf 71' lang='lat' dir='ltr'><strong>illjtl&lt;</strong></span> 
     </span>
    </p>
   </div>
   <div class='ocr_carea' id='block_1_51' title="bbox 236 2461 1027 2498">
    <p class='ocr_par' dir='ltr' id='par_1_51' title="bbox 236 2461 1027 2498">
     <span class='ocr_line' id='line_1_51' title="bbox 236 2461 1027 2498; baseline -0.001 -7"><span class='ocrx_word' id='word_1_404' title='bbox 236 2465 319 2496; x_wconf 87' lang='lat' dir='ltr'><strong>stitia,</strong></span> <span class='ocrx_word' id='word_1_405' title='bbox 333 2467 360 2491; x_wconf 91' lang='lat' dir='ltr'><strong>et</strong></span> <span class='ocrx_word' id='word_1_406' title='bbox 378 2470 456 2498; x_wconf 85' lang='lat' dir='ltr'><strong>poena</strong></span> <span class='ocrx_word' id='word_1_407' title='bbox 471 2467 512 2490; x_wconf 89' lang='lat' dir='ltr'><strong>est</strong></span> <span class='ocrx_word' id='word_1_408' title='bbox 533 2470 580 2496; x_wconf 91' lang='lat' dir='ltr'><strong>pro</strong></span> <span class='ocrx_word' id='word_1_409' title='bbox 595 2461 692 2488; x_wconf 88' lang='lat' dir='ltr'><strong>nostris</strong></span> <span class='ocrx_word' id='word_1_410' title='bbox 705 2462 851 2489; x_wconf 86' lang='lat' dir='ltr'><strong>sceleribus</strong></span> <span class='ocrx_word' id='word_1_411' title='bbox 864 2466 966 2490; x_wconf 78' lang='lat' dir='ltr'><strong>exacta.</strong></span> <span class='ocrx_word' id='word_1_412' title='bbox 982 2463 1027 2491; x_wconf 85' lang='lat' dir='ltr'><strong>Illa</strong></span> 
     </span>
    </p>
   </div>
   <div class='ocr_carea' id='block_1_52' title="bbox 237 2507 1030 2542">
    <p class='ocr_par' dir='ltr' id='par_1_52' title="bbox 237 2507 1030 2542">
     <span class='ocr_line' id='line_1_52' title="bbox 237 2507 1030 2542; baseline -0.001 -6"><span class='ocrx_word' id='word_1_413' title='bbox 237 2514 332 2536; x_wconf 87' lang='lat' dir='ltr'><strong>cuncta</strong></span> <span class='ocrx_word' id='word_1_414' title='bbox 345 2515 449 2536; x_wconf 91' lang='lat' dir='ltr'><strong>sursum</strong></span> <span class='ocrx_word' id='word_1_415' title='bbox 460 2507 583 2535; x_wconf 88' lang='lat' dir='ltr'><strong>deorsum</strong></span> <span class='ocrx_word' id='word_1_416' title='bbox 596 2507 718 2540; x_wconf 87' lang='lat' dir='ltr'><strong>miscuit,</strong></span> <span class='ocrx_word' id='word_1_417' title='bbox 731 2507 774 2533; x_wconf 90' lang='lat' dir='ltr'><strong>illa</strong></span> <span class='ocrx_word' id='word_1_418' title='bbox 789 2507 915 2542; x_wconf 90' lang='lat' dir='ltr'><strong>quidquid</strong></span> <span class='ocrx_word' id='word_1_419' title='bbox 930 2513 972 2535; x_wconf 89' lang='lat' dir='ltr'><strong>est</strong></span> <span class='ocrx_word' id='word_1_420' title='bbox 984 2516 1030 2535; x_wconf 85' lang='lat' dir='ltr'><strong>ca—</strong></span> 
     </span>
    </p>
   </div>
   <div class='ocr_carea' id='block_1_53' title="bbox 238 2552 1029 2585">
    <p class='ocr_par' dir='ltr' id='par_1_53' title="bbox 238 2552 1029 2585">
     <span class='ocr_line' id='line_1_53' title="bbox 238 2552 1029 2585; baseline 0.001 -5"><span class='ocrx_word' id='word_1_421' title='bbox 238 2554 384 2581; x_wconf 84' lang='lat' dir='ltr'><strong>lamitatum</strong></span> <span class='ocrx_word' id='word_1_422' title='bbox 400 2553 515 2584; x_wconf 85' lang='lat' dir='ltr'><strong>invexit,</strong></span> <span class='ocrx_word' id='word_1_423' title='bbox 538 2553 578 2579; x_wconf 90' lang='lat' dir='ltr'><strong>illa</strong></span> <span class='ocrx_word' id='word_1_424' title='bbox 601 2553 714 2579; x_wconf 82' lang='lat' dir='ltr'><strong>armavit</strong></span> <span class='ocrx_word' id='word_1_425' title='bbox 734 2552 840 2585; x_wconf 88' lang='lat' dir='ltr'><strong>hostes,</strong></span> <span class='ocrx_word' id='word_1_426' title='bbox 865 2553 906 2580; x_wconf 89' lang='lat' dir='ltr'><strong>illa</strong></span> <span class='ocrx_word' id='word_1_427' title='bbox 924 2553 985 2581; x_wconf 58' lang='lat' dir='ltr'><strong>fecit</strong></span> <span class='ocrx_word' id='word_1_428' title='bbox 1000 2560 1029 2582; x_wconf 92' lang='lat' dir='ltr'><strong>ut</strong></span> 
     </span>
    </p>
   </div>
   <div class='ocr_carea' id='block_1_54' title="bbox 237 2597 1026 2627">
    <p class='ocr_par' dir='ltr' id='par_1_54' title="bbox 237 2597 1026 2627">
     <span class='ocr_line' id='line_1_54' title="bbox 237 2597 1026 2627; baseline -0.001 -1"><span class='ocrx_word' id='word_1_429' title='bbox 237 2600 298 2627; x_wconf 90' lang='lat' dir='ltr'><strong>victi</strong></span> <span class='ocrx_word' id='word_1_430' title='bbox 314 2599 522 2626; x_wconf 85' lang='lat' dir='ltr'><strong>discederemus.</strong></span> <span class='ocrx_word' id='word_1_431' title='bbox 537 2597 594 2625; x_wconf 85' lang='lat' dir='ltr'><strong>Non</strong></span> <span class='ocrx_word' id='word_1_432' title='bbox 608 2598 714 2624; x_wconf 84' lang='lat' dir='ltr'><strong>aliunde</strong></span> <span class='ocrx_word' id='word_1_433' title='bbox 728 2597 804 2625; x_wconf 89' lang='lat' dir='ltr'><strong>nobis</strong></span> <span class='ocrx_word' id='word_1_434' title='bbox 819 2598 947 2625; x_wconf 86' lang='lat' dir='ltr'><strong>malorum</strong></span> <span class='ocrx_word' id='word_1_435' title='bbox 964 2607 1026 2626; x_wconf 71' lang='lat' dir='ltr'><strong>exa-</strong></span> 
     </span>
    </p>
   </div>
   <div class='ocr_carea' id='block_1_55' title="bbox 237 2642 1027 2678">
    <p class='ocr_par' dir='ltr' id='par_1_55' title="bbox 237 2642 1027 2678">
     <span class='ocr_line' id='line_1_55' title="bbox 237 2642 1027 2678; baseline -0.001 -6"><span class='ocrx_word' id='word_1_436' title='bbox 237 2653 297 2672; x_wconf 82' lang='lat' dir='ltr'><strong>men</strong></span> <span class='ocrx_word' id='word_1_437' title='bbox 313 2643 446 2671; x_wconf 87' lang='lat' dir='ltr'><strong>inundavit</strong></span> <span class='ocrx_word' id='word_1_438' title='bbox 457 2664 464 2676; x_wconf 93' lang='lat'><strong>,</strong></span> <span class='ocrx_word' id='word_1_439' title='bbox 479 2651 556 2678; x_wconf 90' lang='lat' dir='ltr'><strong>quam</strong></span> <span class='ocrx_word' id='word_1_440' title='bbox 568 2651 600 2670; x_wconf 79' lang='lat' dir='ltr'><strong>ex</strong></span> <span class='ocrx_word' id='word_1_441' title='bbox 612 2642 662 2669; x_wconf 86' lang='lat' dir='ltr'><strong>hac</strong></span> <span class='ocrx_word' id='word_1_442' title='bbox 673 2650 762 2670; x_wconf 88' lang='lat' dir='ltr'><strong>causa.</strong></span> <span class='ocrx_word' id='word_1_443' title='bbox 778 2643 892 2671; x_wconf 80' lang='lat' dir='ltr'><strong>Proinde</strong></span> <span class='ocrx_word' id='word_1_444' title='bbox 906 2644 1027 2678; x_wconf 87' lang='lat' dir='ltr'><strong>quamvis</strong></span> 
     </span>
    </p>
   </div>
   <div class='ocr_carea' id='block_1_56' title="bbox 237 2688 1028 2725">
    <p class='ocr_par' dir='ltr' id='par_1_56' title="bbox 237 2688 1028 2725">
     <span class='ocr_line' id='line_1_56' title="bbox 237 2688 1028 2725; baseline 0 -8"><span class='ocrx_word' id='word_1_445' title='bbox 237 2690 369 2717; x_wconf 85' lang='lat' dir='ltr'><strong>Abraham</strong></span> <span class='ocrx_word' id='word_1_446' title='bbox 381 2689 510 2725; x_wconf 86' lang='lat' dir='ltr'><strong>quispiam</strong></span> <span class='ocrx_word' id='word_1_447' title='bbox 521 2694 591 2716; x_wconf 87' lang='lat' dir='ltr'><strong>esset</strong></span> <span class='ocrx_word' id='word_1_448' title='bbox 602 2688 646 2723; x_wconf 88' lang='lat' dir='ltr'><strong>qui</strong></span> <span class='ocrx_word' id='word_1_449' title='bbox 658 2688 800 2722; x_wconf 89' lang='lat' dir='ltr'><strong>imperaret</strong></span> <span class='ocrx_word' id='word_1_450' title='bbox 812 2708 818 2719; x_wconf 86' lang='lat'><strong>,</strong></span> <span class='ocrx_word' id='word_1_451' title='bbox 841 2689 961 2723; x_wconf 79' lang='lat' dir='ltr'><strong>quamvis</strong></span> <span class='ocrx_word' id='word_1_452' title='bbox 974 2690 1028 2717; x_wconf 85' lang='lat' dir='ltr'><strong>Illo-</strong></span> 
     </span>
    </p>
   </div>
   <div class='ocr_carea' id='block_1_57' title="bbox 237 2732 1029 2770">
    <p class='ocr_par' dir='ltr' id='par_1_57' title="bbox 237 2732 1029 2770">
     <span class='ocr_line' id='line_1_57' title="bbox 237 2732 1029 2770; baseline 0 -8"><span class='ocrx_word' id='word_1_453' title='bbox 237 2743 280 2762; x_wconf 80' lang='lat' dir='ltr'><strong>ses</strong></span> <span class='ocrx_word' id='word_1_454' title='bbox 290 2757 297 2767; x_wconf 91' lang='lat'><strong>,</strong></span> <span class='ocrx_word' id='word_1_455' title='bbox 312 2736 430 2770; x_wconf 89' lang='lat' dir='ltr'><strong>quamvis</strong></span> <span class='ocrx_word' id='word_1_456' title='bbox 446 2734 543 2766; x_wconf 84' lang='lat' dir='ltr'><strong>David,</strong></span> <span class='ocrx_word' id='word_1_457' title='bbox 556 2734 677 2769; x_wconf 87' lang='lat' dir='ltr'><strong>quamvis</strong></span> <span class='ocrx_word' id='word_1_458' title='bbox 691 2732 816 2760; x_wconf 89' lang='lat' dir='ltr'><strong>Salomon</strong></span> <span class='ocrx_word' id='word_1_459' title='bbox 830 2734 873 2761; x_wconf 91' lang='lat' dir='ltr'><strong>ille</strong></span> <span class='ocrx_word' id='word_1_460' title='bbox 887 2735 1029 2769; x_wconf 89' lang='lat' dir='ltr'><strong>sapientis-</strong></span> 
     </span>
    </p>
   </div>
   <div class='ocr_carea' id='block_1_58' title="bbox 237 2778 1027 2823">
    <p class='ocr_par' dir='ltr' id='par_1_58' title="bbox 237 2778 1027 2823">
     <span class='ocr_line' id='line_1_58' title="bbox 237 2778 1027 2823; baseline 0.003 -16"><span class='ocrx_word' id='word_1_461' title='bbox 237 2784 319 2808; x_wconf 87' lang='lat' dir='ltr'><strong>simus</strong></span> <span class='ocrx_word' id='word_1_462' title='bbox 329 2801 335 2813; x_wconf 83' lang='lat'><strong>,</strong></span> <span class='ocrx_word' id='word_1_463' title='bbox 348 2781 467 2816; x_wconf 89' lang='lat' dir='ltr'><strong>quamvis</strong></span> <span class='ocrx_word' id='word_1_464' title='bbox 478 2779 595 2807; x_wconf 89' lang='lat' dir='ltr'><strong>onmium</strong></span> <span class='ocrx_word' id='word_1_465' title='bbox 608 2779 742 2805; x_wconf 87' lang='lat' dir='ltr'><strong>hominum</strong></span> <span class='ocrx_word' id='word_1_466' title='bbox 751 2778 914 2813; x_wconf 89' lang='lat' dir='ltr'><strong>justissimus</strong></span> <span class='ocrx_word' id='word_1_467' title='bbox 926 2789 932 2807; x_wconf 94' lang='lat'><strong>:</strong></span> <span class='ocrx_word' id='word_1_468' title='bbox 946 2781 968 2823; x_wconf 76' lang='lat' dir='ltr'><strong>si</strong></span> <span class='ocrx_word' id='word_1_469' title='bbox 980 2789 1027 2809; x_wconf 90' lang='lat' dir='ltr'><strong>nos</strong></span> 
     </span>
    </p>
   </div>
   <div class='ocr_carea' id='block_1_59' title="bbox 270 2843 708 2876">
    <p class='ocr_par' dir='ltr' id='par_1_59' title="bbox 270 2843 708 2876">
     <span class='ocr_line' id='line_1_59' title="bbox 270 2843 708 2876; baseline -0.005 -6"><span class='ocrx_word' id='word_1_470' title='bbox 270 2848 278 2863; x_wconf 82' lang='grc' dir='ltr'><strong>ι</strong></span> <span class='ocrx_word' id='word_1_471' title='bbox 297 2847 371 2876; x_wconf 81' lang='lat' dir='ltr'><strong>Alius,</strong></span> <span class='ocrx_word' id='word_1_472' title='bbox 381 2846 489 2875; x_wconf 77' lang='lat' dir='ltr'><strong>inmittit,</strong></span> <span class='ocrx_word' id='word_1_473' title='bbox 501 2851 551 2876; x_wconf 86' lang='lat' dir='ltr'><strong>pro,</strong></span> <span class='ocrx_word' id='word_1_474' title='bbox 564 2843 708 2876; x_wconf 67' lang='lat' dir='ltr'><strong>obambulat.</strong></span> 
     </span>
    </p>
   </div>
   <div class='ocr_carea' id='block_1_60' title="bbox 295 2875 1025 2910">
    <p class='ocr_par' dir='ltr' id='par_1_60' title="bbox 295 2875 1025 2910">
     <span class='ocr_line' id='line_1_60' title="bbox 295 2875 1025 2910; baseline 0.003 -8"><span class='ocrx_word' id='word_1_475' title='bbox 295 2879 362 2902; x_wconf 80' lang='lat' dir='ltr'><strong>Atius</strong></span> <span class='ocrx_word' id='word_1_476' title='bbox 372 2879 454 2908; x_wconf 80' lang='lat' dir='ltr'><strong>habet,</strong></span> <span class='ocrx_word' id='word_1_477' title='bbox 463 2875 531 2908; x_wconf 80' lang='lat' dir='ltr'><strong>ezqite</strong></span> <span class='ocrx_word' id='word_1_478' title='bbox 540 2875 654 2906; x_wconf 76' lang='lat' dir='ltr'><strong>serviunt,</strong></span> <span class='ocrx_word' id='word_1_479' title='bbox 665 2882 716 2907; x_wconf 89' lang='lat' dir='ltr'><strong>pro,</strong></span> <span class='ocrx_word' id='word_1_480' title='bbox 726 2875 794 2908; x_wconf 76' lang='lat' dir='ltr'><strong>eique</strong></span> <span class='ocrx_word' id='word_1_481' title='bbox 801 2875 902 2908; x_wconf 68' lang='lat' dir='ltr'><strong>gloriam</strong></span> <span class='ocrx_word' id='word_1_482' title='bbox 912 2879 1025 2910; x_wconf 66' lang='lat' dir='ltr'><strong>referunt.</strong></span> 
     </span>
    </p>
   </div>
   <div class='ocr_carea' id='block_1_61' title="bbox 586 163 1487 202">
    <p class='ocr_par' dir='ltr' id='par_1_61' title="bbox 586 163 1487 202">
     <span class='ocr_line' id='line_1_61' title="bbox 586 163 1487 202; baseline -0.009 -1"><span class='ocrx_word' id='word_1_483' title='bbox 586 174 614 202; x_wconf 82' lang='lat' dir='ltr'><strong>S.</strong></span> <span class='ocrx_word' id='word_1_484' title='bbox 634 171 771 201; x_wconf 73' lang='lat' dir='ltr'><strong>JOANNIS</strong></span> <span class='ocrx_word' id='word_1_485' title='bbox 789 165 1023 198; x_wconf 75' lang='lat' dir='ltr'><strong>Clll‘tYSOSTOMI</strong></span> <span class='ocrx_word' id='word_1_486' title='bbox 1043 163 1203 194; x_wconf 81' lang='lat' dir='ltr'><strong>ARCIIIEP.</strong></span> <span class='ocrx_word' id='word_1_487' title='bbox 1223 164 1487 194; x_wconf 75' lang='lat' dir='ltr'><strong>CONSTANTINOP.</strong></span> 
     </span>
    </p>
   </div>
   <div class='ocr_carea' id='block_1_62' title="bbox 1816 162 1867 191">
    <p class='ocr_par' dir='ltr' id='par_1_62' title="bbox 1816 162 1867 191">
     <span class='ocr_line' id='line_1_62' title="bbox 1816 162 1867 191; baseline 0.039 -2"><span class='ocrx_word' id='word_1_488' title='bbox 1816 162 1867 191; x_wconf 72' lang='lat' dir='ltr'><strong>HM</strong></span> 
     </span>
    </p>
   </div>
   <div class='ocr_carea' id='block_1_63' title="bbox 1068 223 1864 259">
    <p class='ocr_par' dir='ltr' id='par_1_63' title="bbox 1068 223 1864 259">
     <span class='ocr_line' id='line_1_63' title="bbox 1068 223 1864 259; baseline 0.003 -9"><span class='ocrx_word' id='word_1_489' title='bbox 1068 223 1136 251; x_wconf 89' lang='lat' dir='ltr'><strong>male</strong></span> <span class='ocrx_word' id='word_1_490' title='bbox 1155 224 1284 256; x_wconf 86' lang='lat' dir='ltr'><strong>vivimus,</strong></span> <span class='ocrx_word' id='word_1_491' title='bbox 1302 224 1366 251; x_wconf 89' lang='lat' dir='ltr'><strong>nihil</strong></span> <span class='ocrx_word' id='word_1_492' title='bbox 1383 225 1493 252; x_wconf 86' lang='lat' dir='ltr'><strong>interest</strong></span> <span class='ocrx_word' id='word_1_493' title='bbox 1507 223 1592 259; x_wconf 91' lang='lat' dir='ltr'><strong>qualis</strong></span> <span class='ocrx_word' id='word_1_494' title='bbox 1608 223 1654 251; x_wconf 89' lang='lat' dir='ltr'><strong>ille</strong></span> <span class='ocrx_word' id='word_1_495' title='bbox 1669 223 1717 256; x_wconf 85' lang='lat' dir='ltr'><strong>sit,</strong></span> <span class='ocrx_word' id='word_1_496' title='bbox 1736 228 1864 259; x_wconf 82' lang='lat' dir='ltr'><strong>quantum</strong></span> 
     </span>
    </p>
   </div>
   <div class='ocr_carea' id='block_1_64' title="bbox 1068 269 1864 304">
    <p class='ocr_par' dir='ltr' id='par_1_64' title="bbox 1068 269 1864 304">
     <span class='ocr_line' id='line_1_64' title="bbox 1068 269 1864 304; baseline 0.003 -9"><span class='ocrx_word' id='word_1_497' title='bbox 1068 269 1101 296; x_wconf 89' lang='lat' dir='ltr'><strong>ad</strong></span> <span class='ocrx_word' id='word_1_498' title='bbox 1114 277 1221 296; x_wconf 85' lang='lat' dir='ltr'><strong>causam</strong></span> <span class='ocrx_word' id='word_1_499' title='bbox 1234 271 1373 297; x_wconf 87' lang='lat' dir='ltr'><strong>malorum.</strong></span> <span class='ocrx_word' id='word_1_500' title='bbox 1389 270 1438 302; x_wconf 86' lang='lat' dir='ltr'><strong>Qui</strong></span> <span class='ocrx_word' id='word_1_501' title='bbox 1453 270 1492 296; x_wconf 91' lang='lat' dir='ltr'><strong>sic</strong></span> <span class='ocrx_word' id='word_1_502' title='bbox 1502 291 1510 303; x_wconf 95' lang='lat'><strong>,</strong></span> <span class='ocrx_word' id='word_1_503' title='bbox 1524 274 1569 296; x_wconf 93' lang='lat' dir='ltr'><strong>aut</strong></span> <span class='ocrx_word' id='word_1_504' title='bbox 1580 269 1683 304; x_wconf 81' lang='lat' dir='ltr'><strong>quare?</strong></span> <span class='ocrx_word' id='word_1_505' title='bbox 1697 269 1828 303; x_wconf 86' lang='lat' dir='ltr'><strong>Quoniam</strong></span> <span class='ocrx_word' id='word_1_506' title='bbox 1842 271 1864 297; x_wconf 89' lang='lat' dir='ltr'><strong>si</strong></span> 
     </span>
    </p>
   </div>
   <div class='ocr_carea' id='block_1_65' title="bbox 1069 315 1866 350">
    <p class='ocr_par' dir='ltr' id='par_1_65' title="bbox 1069 315 1866 350">
     <span class='ocr_line' id='line_1_65' title="bbox 1069 315 1866 350; baseline 0.001 -9"><span class='ocrx_word' id='word_1_507' title='bbox 1069 319 1249 350; x_wconf 78' lang='lat' dir='ltr'><strong>transgressor</strong></span> <span class='ocrx_word' id='word_1_508' title='bbox 1259 315 1347 350; x_wconf 84' lang='lat' dir='ltr'><strong>legum</strong></span> <span class='ocrx_word' id='word_1_509' title='bbox 1359 315 1438 342; x_wconf 82' lang='lat' dir='ltr'><strong>fuerit</strong></span> <span class='ocrx_word' id='word_1_510' title='bbox 1448 336 1455 348; x_wconf 85' lang='lat'><strong>,</strong></span> <span class='ocrx_word' id='word_1_511' title='bbox 1467 316 1488 342; x_wconf 93' lang='lat' dir='ltr'><strong>si</strong></span> <span class='ocrx_word' id='word_1_512' title='bbox 1502 319 1602 342; x_wconf 86' lang='lat' dir='ltr'><strong>temere</strong></span> <span class='ocrx_word' id='word_1_513' title='bbox 1615 315 1740 350; x_wconf 87' lang='lat' dir='ltr'><strong>nulloque</strong></span> <span class='ocrx_word' id='word_1_514' title='bbox 1752 316 1866 343; x_wconf 88' lang='lat' dir='ltr'><strong>consilio</strong></span> 
     </span>
    </p>
   </div>
   <div class='ocr_carea' id='block_1_66' title="bbox 1068 361 1866 396">
    <p class='ocr_par' dir='ltr' id='par_1_66' title="bbox 1068 361 1866 396">
     <span class='ocr_line' id='line_1_66' title="bbox 1068 361 1866 396; baseline 0.001 -8"><span class='ocrx_word' id='word_1_515' title='bbox 1068 361 1185 392; x_wconf 86' lang='lat' dir='ltr'><strong>feratur.</strong></span> <span class='ocrx_word' id='word_1_516' title='bbox 1202 367 1291 388; x_wconf 87' lang='lat' dir='ltr'><strong>nostra</strong></span> <span class='ocrx_word' id='word_1_517' title='bbox 1307 362 1477 396; x_wconf 87' lang='lat' dir='ltr'><strong>incogitantia</strong></span> <span class='ocrx_word' id='word_1_518' title='bbox 1494 367 1638 396; x_wconf 82' lang='lat' dir='ltr'><strong>nostraque</strong></span> <span class='ocrx_word' id='word_1_519' title='bbox 1651 362 1788 389; x_wconf 88' lang='lat' dir='ltr'><strong>temeritas</strong></span> <span class='ocrx_word' id='word_1_520' title='bbox 1801 362 1866 390; x_wconf 80' lang='lat' dir='ltr'><strong>ell‘e-</strong></span> 
     </span>
    </p>
   </div>
   <div class='ocr_carea' id='block_1_67' title="bbox 1069 406 1864 441">
    <p class='ocr_par' dir='ltr' id='par_1_67' title="bbox 1069 406 1864 441">
     <span class='ocr_line' id='line_1_67' title="bbox 1069 406 1864 441; baseline 0.003 -8"><span class='ocrx_word' id='word_1_521' title='bbox 1069 407 1122 438; x_wconf 88' lang='lat' dir='ltr'><strong>cit,</strong></span> <span class='ocrx_word' id='word_1_522' title='bbox 1137 411 1165 433; x_wconf 90' lang='lat' dir='ltr'><strong>ut</strong></span> <span class='ocrx_word' id='word_1_523' title='bbox 1179 406 1257 434; x_wconf 89' lang='lat' dir='ltr'><strong>talem</strong></span> <span class='ocrx_word' id='word_1_524' title='bbox 1271 407 1454 441; x_wconf 84' lang='lat' dir='ltr'><strong>magistratum</strong></span> <span class='ocrx_word' id='word_1_525' title='bbox 1469 407 1629 434; x_wconf 87' lang='lat' dir='ltr'><strong>haberemus</strong></span> <span class='ocrx_word' id='word_1_526' title='bbox 1639 427 1646 440; x_wconf 88' lang='lat'><strong>,</strong></span> <span class='ocrx_word' id='word_1_527' title='bbox 1661 411 1749 434; x_wconf 83' lang='lat' dir='ltr'><strong>nostra</strong></span> <span class='ocrx_word' id='word_1_528' title='bbox 1763 408 1864 435; x_wconf 81' lang='lat' dir='ltr'><strong>scelera</strong></span> 
     </span>
    </p>
   </div>
   <div class='ocr_carea' id='block_1_68' title="bbox 1070 451 1866 486">
    <p class='ocr_par' dir='ltr' id='par_1_68' title="bbox 1070 451 1866 486">
     <span class='ocr_line' id='line_1_68' title="bbox 1070 451 1866 486; baseline 0 -9"><span class='ocrx_word' id='word_1_529' title='bbox 1070 452 1172 486; x_wconf 78' lang='lat' dir='ltr'><strong>plagam</strong></span> <span class='ocrx_word' id='word_1_530' title='bbox 1183 451 1371 478; x_wconf 84' lang='lat' dir='ltr'><strong>accersierunt.</strong></span> <span class='ocrx_word' id='word_1_531' title='bbox 1387 452 1453 478; x_wconf 85' lang='lat' dir='ltr'><strong>Nam</strong></span> <span class='ocrx_word' id='word_1_532' title='bbox 1466 451 1535 486; x_wconf 89' lang='lat' dir='ltr'><strong>quod</strong></span> <span class='ocrx_word' id='word_1_533' title='bbox 1558 452 1702 479; x_wconf 87' lang='lat' dir='ltr'><strong>secundum</strong></span> <span class='ocrx_word' id='word_1_534' title='bbox 1722 452 1802 479; x_wconf 82' lang='lat' dir='ltr'><strong>corda</strong></span> <span class='ocrx_word' id='word_1_535' title='bbox 1817 461 1866 480; x_wconf 78' lang='lat' dir='ltr'><strong>nn-</strong></span> 
     </span>
    </p>
   </div>
   <div class='ocr_carea' id='block_1_69' title="bbox 1069 498 1865 534">
    <p class='ocr_par' dir='ltr' id='par_1_69' title="bbox 1069 498 1865 534">
     <span class='ocr_line' id='line_1_69' title="bbox 1069 498 1865 534; baseline 0.001 -9"><span class='ocrx_word' id='word_1_536' title='bbox 1069 503 1124 525; x_wconf 85' lang='lat' dir='ltr'><strong>slra</strong></span> <span class='ocrx_word' id='word_1_537' title='bbox 1138 498 1282 532; x_wconf 88' lang='lat' dir='ltr'><strong>accipimus</strong></span> <span class='ocrx_word' id='word_1_538' title='bbox 1297 498 1465 533; x_wconf 81' lang='lat' dir='ltr'><strong>magistratus</strong></span> <span class='ocrx_word' id='word_1_539' title='bbox 1480 498 1545 525; x_wconf 87' lang='lat' dir='ltr'><strong>nihil</strong></span> <span class='ocrx_word' id='word_1_540' title='bbox 1560 499 1631 525; x_wconf 91' lang='lat' dir='ltr'><strong>aliud</strong></span> <span class='ocrx_word' id='word_1_541' title='bbox 1651 504 1708 532; x_wconf 88' lang='lat' dir='ltr'><strong>est,</strong></span> <span class='ocrx_word' id='word_1_542' title='bbox 1722 499 1771 526; x_wconf 90' lang='lat' dir='ltr'><strong>nisi</strong></span> <span class='ocrx_word' id='word_1_543' title='bbox 1794 499 1865 534; x_wconf 79' lang='lat' dir='ltr'><strong>quod</strong></span> 
     </span>
    </p>
   </div>
   <div class='ocr_carea' id='block_1_70' title="bbox 1069 544 1864 579">
    <p class='ocr_par' dir='ltr' id='par_1_70' title="bbox 1069 544 1864 579">
     <span class='ocr_line' id='line_1_70' title="bbox 1069 544 1864 579; baseline 0 -9"><span class='ocrx_word' id='word_1_544' title='bbox 1069 544 1202 578; x_wconf 74' lang='lat' dir='ltr'><strong>pneterita</strong></span> <span class='ocrx_word' id='word_1_545' title='bbox 1230 548 1337 578; x_wconf 87' lang='lat' dir='ltr'><strong>peccata</strong></span> <span class='ocrx_word' id='word_1_546' title='bbox 1358 548 1448 571; x_wconf 88' lang='lat' dir='ltr'><strong>nostra</strong></span> <span class='ocrx_word' id='word_1_547' title='bbox 1471 544 1549 571; x_wconf 89' lang='lat' dir='ltr'><strong>talem</strong></span> <span class='ocrx_word' id='word_1_548' title='bbox 1565 544 1642 571; x_wconf 87' lang='lat' dir='ltr'><strong>nobis</strong></span> <span class='ocrx_word' id='word_1_549' title='bbox 1657 544 1754 572; x_wconf 82' lang='lat' dir='ltr'><strong>dedere</strong></span> <span class='ocrx_word' id='word_1_550' title='bbox 1770 547 1864 579; x_wconf 64' lang='lat' dir='ltr'><strong>praete-</strong></span> 
     </span>
    </p>
   </div>
   <div class='ocr_carea' id='block_1_71' title="bbox 1069 589 1868 623">
    <p class='ocr_par' dir='ltr' id='par_1_71' title="bbox 1069 589 1868 623">
     <span class='ocr_line' id='line_1_71' title="bbox 1069 589 1868 623; baseline -0.001 -7"><span class='ocrx_word' id='word_1_551' title='bbox 1069 594 1141 617; x_wconf 93' lang='lat' dir='ltr'><strong>ctum</strong></span> <span class='ocrx_word' id='word_1_552' title='bbox 1152 610 1160 622; x_wconf 79' lang='lat'><strong>,</strong></span> <span class='ocrx_word' id='word_1_553' title='bbox 1180 590 1235 617; x_wconf 87' lang='lat' dir='ltr'><strong>sive</strong></span> <span class='ocrx_word' id='word_1_554' title='bbox 1251 590 1310 623; x_wconf 90' lang='lat' dir='ltr'><strong>quis</strong></span> <span class='ocrx_word' id='word_1_555' title='bbox 1323 589 1401 616; x_wconf 91' lang='lat' dir='ltr'><strong>fuerit</strong></span> <span class='ocrx_word' id='word_1_556' title='bbox 1416 598 1448 616; x_wconf 85' lang='lat' dir='ltr'><strong>ex</strong></span> <span class='ocrx_word' id='word_1_557' title='bbox 1462 589 1555 618; x_wconf 87' lang='lat' dir='ltr'><strong>ordine</strong></span> <span class='ocrx_word' id='word_1_558' title='bbox 1571 590 1745 623; x_wconf 86' lang='lat' dir='ltr'><strong>sacerdotali,</strong></span> <span class='ocrx_word' id='word_1_559' title='bbox 1762 591 1819 618; x_wconf 86' lang='lat' dir='ltr'><strong>sive</strong></span> <span class='ocrx_word' id='word_1_560' title='bbox 1836 598 1868 615; x_wconf 72' lang='lat' dir='ltr'><strong>ex</strong></span> 
     </span>
    </p>
   </div>
   <div class='ocr_carea' id='block_1_72' title="bbox 1070 637 1865 670">
    <p class='ocr_par' dir='ltr' id='par_1_72' title="bbox 1070 637 1865 670">
     <span class='ocr_line' id='line_1_72' title="bbox 1070 637 1865 670; baseline 0.001 -7"><span class='ocrx_word' id='word_1_561' title='bbox 1070 643 1162 663; x_wconf 74' lang='lat' dir='ltr'><strong>eorum</strong></span> <span class='ocrx_word' id='word_1_562' title='bbox 1173 644 1284 663; x_wconf 90' lang='lat' dir='ltr'><strong>numero</strong></span> <span class='ocrx_word' id='word_1_563' title='bbox 1297 637 1340 670; x_wconf 91' lang='lat' dir='ltr'><strong>qui</strong></span> <span class='ocrx_word' id='word_1_564' title='bbox 1354 637 1501 664; x_wconf 86' lang='lat' dir='ltr'><strong>mundanas</strong></span> <span class='ocrx_word' id='word_1_565' title='bbox 1513 637 1698 664; x_wconf 82' lang='lat' dir='ltr'><strong>administrant</strong></span> <span class='ocrx_word' id='word_1_566' title='bbox 1711 637 1865 669; x_wconf 57' lang='lat' dir='ltr'><strong>dignitates.</strong></span> 
     </span>
    </p>
   </div>
   <div class='ocr_carea' id='block_1_73' title="bbox 1069 681 1865 717">
    <p class='ocr_par' dir='ltr' id='par_1_73' title="bbox 1069 681 1865 717">
     <span class='ocr_line' id='line_1_73' title="bbox 1069 681 1865 717; baseline 0.001 -9"><span class='ocrx_word' id='word_1_567' title='bbox 1069 682 1196 715; x_wconf 88' lang='lat' dir='ltr'><strong>Quamvis</strong></span> <span class='ocrx_word' id='word_1_568' title='bbox 1217 686 1305 708; x_wconf 90' lang='lat' dir='ltr'><strong>autem</strong></span> <span class='ocrx_word' id='word_1_569' title='bbox 1325 681 1412 716; x_wconf 80' lang='lat' dir='ltr'><strong>justus</strong></span> <span class='ocrx_word' id='word_1_570' title='bbox 1438 681 1533 713; x_wconf 85' lang='lat' dir='ltr'><strong>fuerit,</strong></span> <span class='ocrx_word' id='word_1_571' title='bbox 1560 682 1680 717; x_wconf 90' lang='lat' dir='ltr'><strong>adeoque</strong></span> <span class='ocrx_word' id='word_1_572' title='bbox 1704 682 1810 716; x_wconf 90' lang='lat' dir='ltr'><strong>justus,</strong></span> <span class='ocrx_word' id='word_1_573' title='bbox 1836 688 1865 709; x_wconf 87' lang='grc' dir='ltr'><strong>ιιι</strong></span> 
     </span>
    </p>
   </div>
   <div class='ocr_carea' id='block_1_74' title="bbox 1071 726 1866 762">
    <p class='ocr_par' dir='ltr' id='par_1_74' title="bbox 1071 726 1866 762">
     <span class='ocr_line' id='line_1_74' title="bbox 1071 726 1866 762; baseline 0.004 -9"><span class='ocrx_word' id='word_1_574' title='bbox 1071 735 1154 762; x_wconf 87' lang='lat' dir='ltr'><strong>usque</strong></span> <span class='ocrx_word' id='word_1_575' title='bbox 1169 726 1202 754; x_wconf 83' lang='lat' dir='ltr'><strong>ad</strong></span> <span class='ocrx_word' id='word_1_576' title='bbox 1222 727 1301 754; x_wconf 85' lang='lat' dir='ltr'><strong>Mosis</strong></span> <span class='ocrx_word' id='word_1_577' title='bbox 1316 727 1439 754; x_wconf 87' lang='lat' dir='ltr'><strong>virtutem</strong></span> <span class='ocrx_word' id='word_1_578' title='bbox 1452 727 1592 762; x_wconf 71' lang='lat' dir='ltr'><strong>per-tingat,</strong></span> <span class='ocrx_word' id='word_1_579' title='bbox 1606 728 1673 755; x_wconf 89' lang='lat' dir='ltr'><strong>baud</strong></span> <span class='ocrx_word' id='word_1_580' title='bbox 1692 734 1778 756; x_wconf 90' lang='lat' dir='ltr'><strong>tamen</strong></span> <span class='ocrx_word' id='word_1_581' title='bbox 1795 729 1866 756; x_wconf 86' lang='lat' dir='ltr'><strong>illius</strong></span> 
     </span>
    </p>
   </div>
   <div class='ocr_carea' id='block_1_75' title="bbox 1071 773 1866 808">
    <p class='ocr_par' dir='ltr' id='par_1_75' title="bbox 1071 773 1866 808">
     <span class='ocr_line' id='line_1_75' title="bbox 1071 773 1866 808; baseline 0.003 -9"><span class='ocrx_word' id='word_1_582' title='bbox 1071 773 1148 800; x_wconf 88' lang='lat' dir='ltr'><strong>unius</strong></span> <span class='ocrx_word' id='word_1_583' title='bbox 1170 773 1272 807; x_wconf 84' lang='lat' dir='ltr'><strong>justitia</strong></span> <span class='ocrx_word' id='word_1_584' title='bbox 1295 773 1424 800; x_wconf 87' lang='lat' dir='ltr'><strong>immensa</strong></span> <span class='ocrx_word' id='word_1_585' title='bbox 1439 774 1447 788; x_wconf 72' lang='grc' dir='ltr'>ί</span> <span class='ocrx_word' id='word_1_586' title='bbox 1463 773 1627 800; x_wconf 85' lang='lat' dir='ltr'><strong>subditorum</strong></span> <span class='ocrx_word' id='word_1_587' title='bbox 1646 779 1752 808; x_wconf 75' lang='lat' dir='ltr'><strong>peccata</strong></span> <span class='ocrx_word' id='word_1_588' title='bbox 1769 775 1866 802; x_wconf 83' lang='lat' dir='ltr'><strong>valebit</strong></span> 
     </span>
    </p>
   </div>
   <div class='ocr_carea' id='block_1_76' title="bbox 1071 819 1865 854">
    <p class='ocr_par' dir='ltr' id='par_1_76' title="bbox 1071 819 1865 854">
     <span class='ocr_line' id='line_1_76' title="bbox 1071 819 1865 854; baseline 0.004 -9"><span class='ocrx_word' id='word_1_589' title='bbox 1071 819 1196 854; x_wconf 85' lang='lat' dir='ltr'><strong>obtegere</strong></span> <span class='ocrx_word' id='word_1_590' title='bbox 1209 827 1216 846; x_wconf 88' lang='lat'><strong>:</strong></span> <span class='ocrx_word' id='word_1_591' title='bbox 1240 819 1319 854; x_wconf 82' lang='lat' dir='ltr'><strong>idque</strong></span> <span class='ocrx_word' id='word_1_592' title='bbox 1333 819 1431 854; x_wconf 90' lang='lat' dir='ltr'><strong>poterit</strong></span> <span class='ocrx_word' id='word_1_593' title='bbox 1446 820 1504 854; x_wconf 91' lang='lat' dir='ltr'><strong>quis</strong></span> <span class='ocrx_word' id='word_1_594' title='bbox 1517 827 1550 846; x_wconf 82' lang='lat' dir='ltr'><strong>ex</strong></span> <span class='ocrx_word' id='word_1_595' title='bbox 1565 820 1622 854; x_wconf 87' lang='lat' dir='ltr'><strong>ipso</strong></span> <span class='ocrx_word' id='word_1_596' title='bbox 1638 820 1709 848; x_wconf 83' lang='lat' dir='ltr'><strong>Mose</strong></span> <span class='ocrx_word' id='word_1_597' title='bbox 1730 826 1804 848; x_wconf 81' lang='lat' dir='ltr'><strong>certo</strong></span> <span class='ocrx_word' id='word_1_598' title='bbox 1817 829 1865 848; x_wconf 87' lang='lat' dir='ltr'><strong>co-</strong></span> 
     </span>
    </p>
   </div>
   <div class='ocr_carea' id='block_1_77' title="bbox 1070 865 1865 900">
    <p class='ocr_par' dir='ltr' id='par_1_77' title="bbox 1070 865 1865 900">
     <span class='ocr_line' id='line_1_77' title="bbox 1070 865 1865 900; baseline 0.003 -8"><span class='ocrx_word' id='word_1_599' title='bbox 1070 873 1209 900; x_wconf 86' lang='lat' dir='ltr'><strong>gnoscere.</strong></span> <span class='ocrx_word' id='word_1_600' title='bbox 1225 865 1292 892; x_wconf 88' lang='lat' dir='ltr'><strong>Cum</strong></span> <span class='ocrx_word' id='word_1_601' title='bbox 1307 866 1378 893; x_wconf 90' lang='lat' dir='ltr'><strong>enim</strong></span> <span class='ocrx_word' id='word_1_602' title='bbox 1390 866 1432 893; x_wconf 91' lang='lat' dir='ltr'><strong>ille</strong></span> <span class='ocrx_word' id='word_1_603' title='bbox 1444 866 1533 893; x_wconf 89' lang='lat' dir='ltr'><strong>nmltis</strong></span> <span class='ocrx_word' id='word_1_604' title='bbox 1549 866 1635 893; x_wconf 89' lang='lat' dir='ltr'><strong>modis</strong></span> <span class='ocrx_word' id='word_1_605' title='bbox 1648 866 1762 894; x_wconf 88' lang='lat' dir='ltr'><strong>afﬁictus</strong></span> <span class='ocrx_word' id='word_1_606' title='bbox 1773 867 1865 895; x_wconf 83' lang='lat' dir='ltr'><strong>fuisset</strong></span> 
     </span>
    </p>
   </div>
   <div class='ocr_carea' id='block_1_78' title="bbox 1072 911 1866 947">
    <p class='ocr_par' dir='ltr' id='par_1_78' title="bbox 1072 911 1866 947">
     <span class='ocr_line' id='line_1_78' title="bbox 1072 911 1866 947; baseline 0.003 -9"><span class='ocrx_word' id='word_1_607' title='bbox 1072 919 1120 946; x_wconf 88' lang='lat' dir='ltr'><strong>pro</strong></span> <span class='ocrx_word' id='word_1_608' title='bbox 1136 911 1231 944; x_wconf 85' lang='lat' dir='ltr'><strong>Israel,</strong></span> <span class='ocrx_word' id='word_1_609' title='bbox 1248 911 1428 946; x_wconf 87' lang='lat' dir='ltr'><strong>instanterque</strong></span> <span class='ocrx_word' id='word_1_610' title='bbox 1447 912 1515 947; x_wconf 86' lang='lat' dir='ltr'><strong>apud</strong></span> <span class='ocrx_word' id='word_1_611' title='bbox 1533 912 1614 939; x_wconf 89' lang='lat' dir='ltr'><strong>Deum</strong></span> <span class='ocrx_word' id='word_1_612' title='bbox 1629 913 1820 947; x_wconf 82' lang='lat' dir='ltr'><strong>supplicasset,</strong></span> <span class='ocrx_word' id='word_1_613' title='bbox 1837 918 1866 940; x_wconf 93' lang='lat' dir='ltr'><strong>ut</strong></span> 
     </span>
    </p>
   </div>
   <div class='ocr_carea' id='block_1_79' title="bbox 1073 957 1864 992">
    <p class='ocr_par' dir='ltr' id='par_1_79' title="bbox 1073 957 1864 992">
     <span class='ocr_line' id='line_1_79' title="bbox 1073 957 1864 992; baseline 0.003 -9"><span class='ocrx_word' id='word_1_614' title='bbox 1073 962 1172 984; x_wconf 87' lang='lat' dir='ltr'><strong>terram</strong></span> <span class='ocrx_word' id='word_1_615' title='bbox 1193 957 1350 992; x_wconf 88' lang='lat' dir='ltr'><strong>promissam</strong></span> <span class='ocrx_word' id='word_1_616' title='bbox 1375 958 1400 984; x_wconf 93' lang='lat' dir='ltr'><strong>in</strong></span> <span class='ocrx_word' id='word_1_617' title='bbox 1423 962 1521 984; x_wconf 85' lang='lat' dir='ltr'><strong>sortem</strong></span> <span class='ocrx_word' id='word_1_618' title='bbox 1545 958 1596 984; x_wconf 92' lang='lat' dir='ltr'><strong>illis</strong></span> <span class='ocrx_word' id='word_1_619' title='bbox 1619 958 1752 992; x_wconf 82' lang='lat' dir='ltr'><strong>traderet,</strong></span> <span class='ocrx_word' id='word_1_620' title='bbox 1778 964 1864 986; x_wconf 90' lang='lat' dir='ltr'><strong>tamen</strong></span> 
     </span>
    </p>
   </div>
   <div class='ocr_carea' id='block_1_80' title="bbox 1072 1003 1866 1038">
    <p class='ocr_par' dir='ltr' id='par_1_80' title="bbox 1072 1003 1866 1038">
     <span class='ocr_line' id='line_1_80' title="bbox 1072 1003 1866 1038; baseline 0.004 -10"><span class='ocrx_word' id='word_1_621' title='bbox 1072 1003 1195 1038; x_wconf 84' lang='lat' dir='ltr'><strong>quoniam</strong></span> <span class='ocrx_word' id='word_1_622' title='bbox 1217 1010 1246 1030; x_wconf 88' lang='lat' dir='ltr'><strong>se</strong></span> <span class='ocrx_word' id='word_1_623' title='bbox 1266 1003 1378 1037; x_wconf 87' lang='lat' dir='ltr'><strong>populus</strong></span> <span class='ocrx_word' id='word_1_624' title='bbox 1392 1003 1446 1030; x_wconf 85' lang='lat' dir='ltr'><strong>suis</strong></span> <span class='ocrx_word' id='word_1_625' title='bbox 1466 1003 1582 1038; x_wconf 87' lang='lat' dir='ltr'><strong>peccatis</strong></span> <span class='ocrx_word' id='word_1_626' title='bbox 1597 1003 1746 1030; x_wconf 85' lang='lat' dir='ltr'><strong>reddiderat</strong></span> <span class='ocrx_word' id='word_1_627' title='bbox 1759 1004 1794 1031; x_wconf 89' lang='lat' dir='ltr'><strong>ab</strong></span> <span class='ocrx_word' id='word_1_628' title='bbox 1816 1005 1866 1031; x_wconf 83' lang='lat' dir='ltr'><strong>hac</strong></span> 
     </span>
    </p>
   </div>
   <div class='ocr_carea' id='block_1_81' title="bbox 1073 1048 1866 1084">
    <p class='ocr_par' dir='ltr' id='par_1_81' title="bbox 1073 1048 1866 1084">
     <span class='ocr_line' id='line_1_81' title="bbox 1073 1048 1866 1084; baseline 0.003 -10"><span class='ocrx_word' id='word_1_629' title='bbox 1073 1048 1238 1082; x_wconf 87' lang='lat' dir='ltr'><strong>promissone</strong></span> <span class='ocrx_word' id='word_1_630' title='bbox 1251 1048 1384 1081; x_wconf 90' lang='lat' dir='ltr'><strong>alienum,</strong></span> <span class='ocrx_word' id='word_1_631' title='bbox 1397 1056 1450 1075; x_wconf 90' lang='lat' dir='ltr'><strong>non</strong></span> <span class='ocrx_word' id='word_1_632' title='bbox 1464 1048 1547 1082; x_wconf 89' lang='lat' dir='ltr'><strong>potuit</strong></span> <span class='ocrx_word' id='word_1_633' title='bbox 1563 1048 1643 1075; x_wconf 82' lang='lat' dir='ltr'><strong>Mosis</strong></span> <span class='ocrx_word' id='word_1_634' title='bbox 1662 1049 1814 1083; x_wconf 83' lang='lat' dir='ltr'><strong>deprecatio</strong></span> <span class='ocrx_word' id='word_1_635' title='bbox 1825 1050 1866 1084; x_wconf 88' lang='lat' dir='ltr'><strong>ju-</strong></span> 
     </span>
    </p>
   </div>
   <div class='ocr_carea' id='block_1_82' title="bbox 1073 1094 1865 1129">
    <p class='ocr_par' dir='ltr' id='par_1_82' title="bbox 1073 1094 1865 1129">
     <span class='ocr_line' id='line_1_82' title="bbox 1073 1094 1865 1129; baseline 0.004 -10"><span class='ocrx_word' id='word_1_636' title='bbox 1073 1099 1141 1120; x_wconf 89' lang='lat' dir='ltr'><strong>stam</strong></span> <span class='ocrx_word' id='word_1_637' title='bbox 1157 1094 1202 1121; x_wconf 86' lang='lat' dir='ltr'><strong>Dei</strong></span> <span class='ocrx_word' id='word_1_638' title='bbox 1219 1094 1375 1121; x_wconf 85' lang='lat' dir='ltr'><strong>senteutiam</strong></span> <span class='ocrx_word' id='word_1_639' title='bbox 1397 1094 1552 1127; x_wconf 86' lang='lat' dir='ltr'><strong>immutare,</strong></span> <span class='ocrx_word' id='word_1_640' title='bbox 1567 1102 1620 1129; x_wconf 86' lang='lat' dir='ltr'><strong>quo</strong></span> <span class='ocrx_word' id='word_1_641' title='bbox 1641 1094 1739 1122; x_wconf 70' lang='lat' dir='ltr'><strong>iactum</strong></span> <span class='ocrx_word' id='word_1_642' title='bbox 1752 1100 1780 1122; x_wconf 95' lang='lat' dir='ltr'><strong>ut</strong></span> <span class='ocrx_word' id='word_1_643' title='bbox 1796 1100 1865 1122; x_wconf 87' lang='lat' dir='ltr'><strong>lotus</strong></span> 
     </span>
    </p>
   </div>
   <div class='ocr_carea' id='block_1_83' title="bbox 1074 1138 1867 1175">
    <p class='ocr_par' dir='ltr' id='par_1_83' title="bbox 1074 1138 1867 1175">
     <span class='ocr_line' id='line_1_83' title="bbox 1074 1138 1867 1175; baseline 0.004 -11"><span class='ocrx_word' id='word_1_644' title='bbox 1074 1138 1117 1165; x_wconf 90' lang='lat' dir='ltr'><strong>ille</strong></span> <span class='ocrx_word' id='word_1_645' title='bbox 1130 1138 1242 1173; x_wconf 87' lang='lat' dir='ltr'><strong>populus</strong></span> <span class='ocrx_word' id='word_1_646' title='bbox 1264 1139 1288 1165; x_wconf 91' lang='lat' dir='ltr'><strong>in</strong></span> <span class='ocrx_word' id='word_1_647' title='bbox 1303 1138 1409 1166; x_wconf 90' lang='lat' dir='ltr'><strong>deserto</strong></span> <span class='ocrx_word' id='word_1_648' title='bbox 1425 1143 1646 1173; x_wconf 86' lang='lat' dir='ltr'><strong>prosterneretur.</strong></span> <span class='ocrx_word' id='word_1_649' title='bbox 1661 1140 1784 1167; x_wconf 82' lang='lat' dir='ltr'><strong>Attamen</strong></span> <span class='ocrx_word' id='word_1_650' title='bbox 1807 1141 1867 1175; x_wconf 82' lang='lat' dir='ltr'><strong>quis</strong></span> 
     </span>
    </p>
   </div>
   <div class='ocr_carea' id='block_1_84' title="bbox 1073 1183 1865 1220">
    <p class='ocr_par' dir='ltr' id='par_1_84' title="bbox 1073 1183 1865 1220">
     <span class='ocr_line' id='line_1_84' title="bbox 1073 1183 1865 1220; baseline 0.004 -10"><span class='ocrx_word' id='word_1_651' title='bbox 1073 1183 1144 1210; x_wconf 79' lang='lat' dir='ltr'><strong>Mose</strong></span> <span class='ocrx_word' id='word_1_652' title='bbox 1158 1183 1266 1217; x_wconf 85' lang='lat' dir='ltr'><strong>justior,</strong></span> <span class='ocrx_word' id='word_1_653' title='bbox 1281 1189 1326 1211; x_wconf 86' lang='lat' dir='ltr'><strong>aut</strong></span> <span class='ocrx_word' id='word_1_654' title='bbox 1349 1185 1407 1219; x_wconf 91' lang='lat' dir='ltr'><strong>quis</strong></span> <span class='ocrx_word' id='word_1_655' title='bbox 1429 1185 1487 1218; x_wconf 88' lang='lat' dir='ltr'><strong>plus</strong></span> <span class='ocrx_word' id='word_1_656' title='bbox 1510 1185 1673 1220; x_wconf 88' lang='lat' dir='ltr'><strong>valuitapud</strong></span> <span class='ocrx_word' id='word_1_657' title='bbox 1703 1185 1804 1213; x_wconf 82' lang='lat' dir='ltr'><strong>Deum?</strong></span> <span class='ocrx_word' id='word_1_658' title='bbox 1821 1187 1865 1213; x_wconf 88' lang='lat' dir='ltr'><strong>Di-</strong></span> 
     </span>
    </p>
   </div>
   <div class='ocr_carea' id='block_1_85' title="bbox 1073 1229 1864 1264">
    <p class='ocr_par' dir='ltr' id='par_1_85' title="bbox 1073 1229 1864 1264">
     <span class='ocr_line' id='line_1_85' title="bbox 1073 1229 1864 1264; baseline 0.004 -9"><span class='ocrx_word' id='word_1_659' title='bbox 1073 1233 1145 1255; x_wconf 93' lang='lat' dir='ltr'><strong>ctum</strong></span> <span class='ocrx_word' id='word_1_660' title='bbox 1159 1234 1197 1256; x_wconf 87' lang='lat' dir='ltr'><strong>cst</strong></span> <span class='ocrx_word' id='word_1_661' title='bbox 1208 1249 1215 1260; x_wconf 88' lang='lat'><strong>,</strong></span> <span class='ocrx_word' id='word_1_662' title='bbox 1230 1229 1317 1256; x_wconf 88' lang='lat' dir='ltr'><strong>valere</strong></span> <span class='ocrx_word' id='word_1_663' title='bbox 1336 1229 1400 1263; x_wconf 86' lang='lat' dir='ltr'><strong>justi</strong></span> <span class='ocrx_word' id='word_1_664' title='bbox 1420 1230 1632 1264; x_wconf 83' lang='lat' dir='ltr'><strong>deprecationem</strong></span> <span class='ocrx_word' id='word_1_665' title='bbox 1642 1251 1648 1262; x_wconf 88' lang='lat'><strong>,</strong></span> <span class='ocrx_word' id='word_1_666' title='bbox 1663 1231 1710 1258; x_wconf 90' lang='lat' dir='ltr'><strong>sed</strong></span> <span class='ocrx_word' id='word_1_667' title='bbox 1730 1231 1864 1258; x_wconf 82' lang='lat' dir='ltr'><strong>efﬁcacem</strong></span> 
     </span>
    </p>
   </div>
   <div class='ocr_carea' id='block_1_86' title="bbox 1074 1274 1865 1312">
    <p class='ocr_par' dir='ltr' id='par_1_86' title="bbox 1074 1274 1865 1312">
     <span class='ocr_line' id='line_1_86' title="bbox 1074 1274 1865 1312; baseline 0.006 -13"><span class='ocrx_word' id='word_1_668' title='bbox 1074 1274 1145 1309; x_wconf 81' lang='lat' dir='ltr'><strong>(Jac.</strong></span> <span class='ocrx_word' id='word_1_669' title='bbox 1155 1275 1181 1302; x_wconf 83' lang='lat'><strong>5.</strong></span> <span class='ocrx_word' id='word_1_670' title='bbox 1199 1275 1252 1309; x_wconf 84' lang='lat' dir='ltr'><strong>l6),</strong></span> <span class='ocrx_word' id='word_1_671' title='bbox 1262 1275 1311 1303; x_wconf 93' lang='lat' dir='ltr'><strong>hoc</strong></span> <span class='ocrx_word' id='word_1_672' title='bbox 1325 1280 1375 1308; x_wconf 86' lang='lat' dir='ltr'><strong>est,</strong></span> <span class='ocrx_word' id='word_1_673' title='bbox 1387 1276 1540 1310; x_wconf 86' lang='lat' dir='ltr'><strong>pcenitentia</strong></span> <span class='ocrx_word' id='word_1_674' title='bbox 1553 1277 1778 1312; x_wconf 87' lang='lat' dir='ltr'><strong>convcrsioneqne</strong></span> <span class='ocrx_word' id='word_1_675' title='bbox 1789 1277 1865 1312; x_wconf 89' lang='lat' dir='ltr'><strong>adju—</strong></span> 
     </span>
    </p>
   </div>
   <div class='ocr_carea' id='block_1_87' title="bbox 1075 1322 1867 1358">
    <p class='ocr_par' dir='ltr' id='par_1_87' title="bbox 1075 1322 1867 1358">
     <span class='ocr_line' id='line_1_87' title="bbox 1075 1322 1867 1358; baseline 0.005 -11"><span class='ocrx_word' id='word_1_676' title='bbox 1075 1327 1127 1348; x_wconf 87' lang='lat' dir='ltr'><strong>tam</strong></span> <span class='ocrx_word' id='word_1_677' title='bbox 1142 1329 1251 1354; x_wconf 88' lang='lat' dir='ltr'><strong>eorum,</strong></span> <span class='ocrx_word' id='word_1_678' title='bbox 1274 1329 1322 1356; x_wconf 91' lang='lat' dir='ltr'><strong>pro</strong></span> <span class='ocrx_word' id='word_1_679' title='bbox 1336 1322 1431 1357; x_wconf 86' lang='lat' dir='ltr'><strong>quibus</strong></span> <span class='ocrx_word' id='word_1_680' title='bbox 1453 1322 1578 1349; x_wconf 87' lang='lat' dir='ltr'><strong>funditur.</strong></span> <span class='ocrx_word' id='word_1_681' title='bbox 1604 1323 1650 1349; x_wconf 91' lang='lat' dir='ltr'><strong>llis</strong></span> <span class='ocrx_word' id='word_1_682' title='bbox 1666 1331 1729 1350; x_wconf 86' lang='lat' dir='ltr'><strong>vero</strong></span> <span class='ocrx_word' id='word_1_683' title='bbox 1740 1344 1747 1356; x_wconf 84' lang='lat'><strong>,</strong></span> <span class='ocrx_word' id='word_1_684' title='bbox 1771 1324 1867 1358; x_wconf 88' lang='lat' dir='ltr'><strong>quibus</strong></span> 
     </span>
    </p>
   </div>
   <div class='ocr_carea' id='block_1_88' title="bbox 1075 1368 1866 1403">
    <p class='ocr_par' dir='ltr' id='par_1_88' title="bbox 1075 1368 1866 1403">
     <span class='ocr_line' id='line_1_88' title="bbox 1075 1368 1866 1403; baseline 0.003 -9"><span class='ocrx_word' id='word_1_685' title='bbox 1075 1375 1162 1394; x_wconf 91' lang='lat' dir='ltr'><strong>mores</strong></span> <span class='ocrx_word' id='word_1_686' title='bbox 1183 1373 1290 1395; x_wconf 87' lang='lat' dir='ltr'><strong>manent</strong></span> <span class='ocrx_word' id='word_1_687' title='bbox 1310 1368 1367 1395; x_wconf 88' lang='lat' dir='ltr'><strong>sine</strong></span> <span class='ocrx_word' id='word_1_688' title='bbox 1391 1368 1545 1402; x_wconf 71' lang='lat' dir='ltr'><strong>pmnitentia</strong></span> <span class='ocrx_word' id='word_1_689' title='bbox 1561 1368 1678 1403; x_wconf 77' lang='lat' dir='ltr'><strong>citraque</strong></span> <span class='ocrx_word' id='word_1_690' title='bbox 1691 1369 1785 1396; x_wconf 89' lang='lat' dir='ltr'><strong>bonam</strong></span> <span class='ocrx_word' id='word_1_691' title='bbox 1800 1377 1866 1396; x_wconf 84' lang='lat' dir='ltr'><strong>corr-</strong></span> 
     </span>
    </p>
   </div>
   <div class='ocr_carea' id='block_1_89' title="bbox 1074 1413 1865 1450">
    <p class='ocr_par' dir='ltr' id='par_1_89' title="bbox 1074 1413 1865 1450">
     <span class='ocr_line' id='line_1_89' title="bbox 1074 1413 1865 1450; baseline 0.004 -11"><span class='ocrx_word' id='word_1_692' title='bbox 1074 1414 1222 1440; x_wconf 86' lang='lat' dir='ltr'><strong>versiouem</strong></span> <span class='ocrx_word' id='word_1_693' title='bbox 1232 1434 1239 1446; x_wconf 85' lang='lat'><strong>,</strong></span> <span class='ocrx_word' id='word_1_694' title='bbox 1253 1413 1386 1448; x_wconf 91' lang='lat' dir='ltr'><strong>quomodo</strong></span> <span class='ocrx_word' id='word_1_695' title='bbox 1399 1414 1480 1448; x_wconf 89' lang='lat' dir='ltr'><strong>possit</strong></span> <span class='ocrx_word' id='word_1_696' title='bbox 1490 1414 1610 1441; x_wconf 85' lang='lat' dir='ltr'><strong>auxiliari</strong></span> <span class='ocrx_word' id='word_1_697' title='bbox 1620 1414 1682 1450; x_wconf 87' lang='lat' dir='ltr'><strong>justi</strong></span> <span class='ocrx_word' id='word_1_698' title='bbox 1693 1416 1847 1450; x_wconf 81' lang='lat' dir='ltr'><strong>deprecatio</strong></span> <span class='ocrx_word' id='word_1_699' title='bbox 1858 1437 1865 1447; x_wconf 89' lang='lat'><strong>,</strong></span> 
     </span>
    </p>
   </div>
   <div class='ocr_carea' id='block_1_90' title="bbox 1075 1459 1572 1493">
    <p class='ocr_par' dir='ltr' id='par_1_90' title="bbox 1075 1459 1572 1493">
     <span class='ocr_line' id='line_1_90' title="bbox 1075 1459 1572 1493; baseline 0.002 -8"><span class='ocrx_word' id='word_1_700' title='bbox 1075 1466 1134 1485; x_wconf 94' lang='lat' dir='ltr'><strong>cum</strong></span> <span class='ocrx_word' id='word_1_701' title='bbox 1152 1459 1188 1485; x_wconf 92' lang='lat' dir='ltr'><strong>illi</strong></span> <span class='ocrx_word' id='word_1_702' title='bbox 1203 1459 1252 1493; x_wconf 88' lang='lat' dir='ltr'><strong>ipsi</strong></span> <span class='ocrx_word' id='word_1_703' title='bbox 1268 1459 1322 1487; x_wconf 85' lang='lat' dir='ltr'><strong>suis</strong></span> <span class='ocrx_word' id='word_1_704' title='bbox 1336 1459 1410 1486; x_wconf 80' lang='lat' dir='ltr'><strong>factis</strong></span> <span class='ocrx_word' id='word_1_705' title='bbox 1424 1459 1572 1486; x_wconf 74' lang='lat' dir='ltr'><strong>obsistam?</strong></span> 
     </span>
    </p>
   </div>
   <div class='ocr_carea' id='block_1_91' title="bbox 1113 1504 1867 1542">
    <p class='ocr_par' dir='ltr' id='par_1_91' title="bbox 1113 1504 1867 1542">
     <span class='ocr_line' id='line_1_91' title="bbox 1113 1504 1867 1542; baseline 0.004 -11"><span class='ocrx_word' id='word_1_706' title='bbox 1113 1505 1139 1532; x_wconf 84' lang='lat'><strong>5.</strong></span> <span class='ocrx_word' id='word_1_707' title='bbox 1156 1504 1189 1532; x_wconf 78' lang='lat' dir='ltr'><strong>Et</strong></span> <span class='ocrx_word' id='word_1_708' title='bbox 1198 1505 1260 1540; x_wconf 90' lang='lat' dir='ltr'><strong>quid</strong></span> <span class='ocrx_word' id='word_1_709' title='bbox 1271 1513 1510 1533; x_wconf 85' lang='lat' dir='ltr'><strong>commemoramus</strong></span> <span class='ocrx_word' id='word_1_710' title='bbox 1522 1507 1571 1534; x_wconf 91' lang='lat' dir='ltr'><strong>hoc</strong></span> <span class='ocrx_word' id='word_1_711' title='bbox 1581 1506 1708 1534; x_wconf 82' lang='lat' dir='ltr'><strong>accidisse</strong></span> <span class='ocrx_word' id='word_1_712' title='bbox 1721 1507 1767 1534; x_wconf 89' lang='lat' dir='ltr'><strong>toti</strong></span> <span class='ocrx_word' id='word_1_713' title='bbox 1782 1515 1867 1542; x_wconf 86' lang='lat' dir='ltr'><strong>popu-</strong></span> 
     </span>
    </p>
   </div>
   <div class='ocr_carea' id='block_1_92' title="bbox 1076 1549 1866 1587">
    <p class='ocr_par' dir='ltr' id='par_1_92' title="bbox 1076 1549 1866 1587">
     <span class='ocr_line' id='line_1_92' title="bbox 1076 1549 1866 1587; baseline 0.003 -11"><span class='ocrx_word' id='word_1_714' title='bbox 1076 1549 1101 1576; x_wconf 92' lang='lat' dir='ltr'><strong>lo</strong></span> <span class='ocrx_word' id='word_1_715' title='bbox 1115 1550 1250 1584; x_wconf 88' lang='lat' dir='ltr'><strong>peccanti,</strong></span> <span class='ocrx_word' id='word_1_716' title='bbox 1273 1558 1332 1577; x_wconf 89' lang='lat' dir='ltr'><strong>cum</strong></span> <span class='ocrx_word' id='word_1_717' title='bbox 1354 1555 1380 1578; x_wconf 91' lang='lat' dir='ltr'><strong>et</strong></span> <span class='ocrx_word' id='word_1_718' title='bbox 1403 1558 1544 1585; x_wconf 73' lang='lat' dir='ltr'><strong>paucorum</strong></span> <span class='ocrx_word' id='word_1_719' title='bbox 1559 1551 1725 1579; x_wconf 81' lang='lat' dir='ltr'><strong>subditorum</strong></span> <span class='ocrx_word' id='word_1_720' title='bbox 1741 1557 1847 1587; x_wconf 87' lang='lat' dir='ltr'><strong>peccata</strong></span> <span class='ocrx_word' id='word_1_721' title='bbox 1858 1573 1866 1586; x_wconf 91' lang='lat'><strong>,</strong></span> 
     </span>
    </p>
   </div>
   <div class='ocr_carea' id='block_1_93' title="bbox 1077 1595 1868 1632">
    <p class='ocr_par' dir='ltr' id='par_1_93' title="bbox 1077 1595 1868 1632">
     <span class='ocr_line' id='line_1_93' title="bbox 1077 1595 1868 1632; baseline 0.004 -10"><span class='ocrx_word' id='word_1_722' title='bbox 1077 1597 1129 1622; x_wconf 88' lang='lat' dir='ltr'><strong>imo</strong></span> <span class='ocrx_word' id='word_1_723' title='bbox 1140 1597 1216 1623; x_wconf 87' lang='lat' dir='ltr'><strong>unius</strong></span> <span class='ocrx_word' id='word_1_724' title='bbox 1225 1603 1306 1631; x_wconf 71' lang='lat' dir='ltr'><strong>stepe,</strong></span> <span class='ocrx_word' id='word_1_725' title='bbox 1317 1595 1386 1630; x_wconf 85' lang='lat' dir='ltr'><strong>juste</strong></span> <span class='ocrx_word' id='word_1_726' title='bbox 1399 1597 1581 1631; x_wconf 87' lang='lat' dir='ltr'><strong>imperantium</strong></span> <span class='ocrx_word' id='word_1_727' title='bbox 1593 1597 1712 1624; x_wconf 75' lang='lat' dir='ltr'><strong>fiduciam</strong></span> <span class='ocrx_word' id='word_1_728' title='bbox 1725 1599 1868 1632; x_wconf 71' lang='lat' dir='ltr'><strong>superent?</strong></span> 
     </span>
    </p>
   </div>
   <div class='ocr_carea' id='block_1_94' title="bbox 1076 1642 1864 1678">
    <p class='ocr_par' dir='ltr' id='par_1_94' title="bbox 1076 1642 1864 1678">
     <span class='ocr_line' id='line_1_94' title="bbox 1076 1642 1864 1678; baseline 0.001 -9"><span class='ocrx_word' id='word_1_729' title='bbox 1076 1643 1162 1676; x_wconf 79' lang='lat' dir='ltr'><strong>Atque</strong></span> <span class='ocrx_word' id='word_1_730' title='bbox 1184 1642 1234 1669; x_wconf 92' lang='lat' dir='ltr'><strong>hoc</strong></span> <span class='ocrx_word' id='word_1_731' title='bbox 1256 1649 1347 1669; x_wconf 88' lang='lat' dir='ltr'><strong>rursus</strong></span> <span class='ocrx_word' id='word_1_732' title='bbox 1367 1649 1398 1669; x_wconf 74' lang='lat' dir='ltr'><strong>ex</strong></span> <span class='ocrx_word' id='word_1_733' title='bbox 1421 1642 1515 1669; x_wconf 87' lang='lat' dir='ltr'><strong>eodem</strong></span> <span class='ocrx_word' id='word_1_734' title='bbox 1535 1643 1631 1676; x_wconf 83' lang='lat' dir='ltr'><strong>populo</strong></span> <span class='ocrx_word' id='word_1_735' title='bbox 1648 1643 1790 1670; x_wconf 85' lang='lat' dir='ltr'><strong>Israelitico</strong></span> <span class='ocrx_word' id='word_1_736' title='bbox 1806 1652 1864 1678; x_wconf 87' lang='lat' dir='ltr'><strong>per-</strong></span> 
     </span>
    </p>
   </div>
   <div class='ocr_carea' id='block_1_95' title="bbox 1077 1687 1868 1723">
    <p class='ocr_par' dir='ltr' id='par_1_95' title="bbox 1077 1687 1868 1723">
     <span class='ocr_line' id='line_1_95' title="bbox 1077 1687 1868 1723; baseline 0.003 -9"><span class='ocrx_word' id='word_1_737' title='bbox 1077 1687 1171 1722; x_wconf 83' lang='lat' dir='ltr'><strong>spicias</strong></span> <span class='ocrx_word' id='word_1_738' title='bbox 1187 1687 1294 1720; x_wconf 86' lang='lat' dir='ltr'><strong>licebit;</strong></span> <span class='ocrx_word' id='word_1_739' title='bbox 1317 1687 1449 1723; x_wconf 90' lang='lat' dir='ltr'><strong>quomodo</strong></span> <span class='ocrx_word' id='word_1_740' title='bbox 1463 1688 1565 1716; x_wconf 90' lang='lat' dir='ltr'><strong>scilicet</strong></span> <span class='ocrx_word' id='word_1_741' title='bbox 1585 1689 1657 1716; x_wconf 87' lang='lat' dir='ltr'><strong>Mose</strong></span> <span class='ocrx_word' id='word_1_742' title='bbox 1679 1689 1868 1723; x_wconf 84' lang='lat' dir='ltr'><strong>rempublicam</strong></span> 
     </span>
    </p>
   </div>
   <div class='ocr_carea' id='block_1_96' title="bbox 1077 1733 1868 1770">
    <p class='ocr_par' dir='ltr' id='par_1_96' title="bbox 1077 1733 1868 1770">
     <span class='ocr_line' id='line_1_96' title="bbox 1077 1733 1868 1770; baseline 0.004 -11"><span class='ocrx_word' id='word_1_743' title='bbox 1077 1733 1278 1760; x_wconf 82' lang='lat' dir='ltr'><strong>administrante</strong></span> <span class='ocrx_word' id='word_1_744' title='bbox 1288 1754 1295 1765; x_wconf 89' lang='lat'><strong>,</strong></span> <span class='ocrx_word' id='word_1_745' title='bbox 1311 1741 1370 1761; x_wconf 87' lang='lat' dir='ltr'><strong>cum</strong></span> <span class='ocrx_word' id='word_1_746' title='bbox 1385 1734 1410 1760; x_wconf 92' lang='lat' dir='ltr'><strong>in</strong></span> <span class='ocrx_word' id='word_1_747' title='bbox 1425 1737 1521 1761; x_wconf 87' lang='lat' dir='ltr'><strong>terram</strong></span> <span class='ocrx_word' id='word_1_748' title='bbox 1535 1734 1741 1769; x_wconf 82' lang='lat' dir='ltr'><strong>alienigenarum</strong></span> <span class='ocrx_word' id='word_1_749' title='bbox 1757 1735 1868 1770; x_wconf 51' lang='lat' dir='ltr'><strong>irrupisr</strong></span> 
     </span>
    </p>
   </div>
   <div class='ocr_carea' id='block_1_97' title="bbox 1078 1781 1868 1815">
    <p class='ocr_par' dir='ltr' id='par_1_97' title="bbox 1078 1781 1868 1815">
     <span class='ocr_line' id='line_1_97' title="bbox 1078 1781 1868 1815; baseline 0.001 -9"><span class='ocrx_word' id='word_1_750' title='bbox 1078 1784 1152 1812; x_wconf 87' lang='lat' dir='ltr'><strong>sent,</strong></span> <span class='ocrx_word' id='word_1_751' title='bbox 1169 1787 1334 1815; x_wconf 81' lang='lat' dir='ltr'><strong>pugnamque</strong></span> <span class='ocrx_word' id='word_1_752' title='bbox 1345 1788 1405 1808; x_wconf 81' lang='lat' dir='ltr'><strong>cum</strong></span> <span class='ocrx_word' id='word_1_753' title='bbox 1413 1781 1464 1808; x_wconf 91' lang='lat' dir='ltr'><strong>illis</strong></span> <span class='ocrx_word' id='word_1_754' title='bbox 1471 1781 1678 1813; x_wconf 85' lang='lat' dir='ltr'><strong>commisissent,</strong></span> <span class='ocrx_word' id='word_1_755' title='bbox 1689 1781 1793 1815; x_wconf 88' lang='lat' dir='ltr'><strong>quidam</strong></span> <span class='ocrx_word' id='word_1_756' title='bbox 1809 1782 1868 1807; x_wconf 92' lang='lat' dir='ltr'><strong>illo-</strong></span> 
     </span>
    </p>
   </div>
   <div class='ocr_carea' id='block_1_98' title="bbox 1077 1826 1868 1862">
    <p class='ocr_par' dir='ltr' id='par_1_98' title="bbox 1077 1826 1868 1862">
     <span class='ocr_line' id='line_1_98' title="bbox 1077 1826 1868 1862; baseline 0.003 -10"><span class='ocrx_word' id='word_1_757' title='bbox 1077 1833 1136 1852; x_wconf 91' lang='lat' dir='ltr'><strong>rum</strong></span> <span class='ocrx_word' id='word_1_758' title='bbox 1161 1826 1322 1853; x_wconf 86' lang='lat' dir='ltr'><strong>iusanientes</strong></span> <span class='ocrx_word' id='word_1_759' title='bbox 1344 1827 1370 1853; x_wconf 93' lang='lat' dir='ltr'><strong>in</strong></span> <span class='ocrx_word' id='word_1_760' title='bbox 1390 1826 1494 1853; x_wconf 92' lang='lat' dir='ltr'><strong>illorum</strong></span> <span class='ocrx_word' id='word_1_761' title='bbox 1517 1827 1654 1859; x_wconf 68' lang='lat' dir='ltr'><strong>mulieres,</strong></span> <span class='ocrx_word' id='word_1_762' title='bbox 1678 1827 1756 1854; x_wconf 87' lang='lat' dir='ltr'><strong>totius</strong></span> <span class='ocrx_word' id='word_1_763' title='bbox 1779 1829 1868 1862; x_wconf 88' lang='lat' dir='ltr'><strong>populi</strong></span> 
     </span>
    </p>
   </div>
   <div class='ocr_carea' id='block_1_99' title="bbox 1077 1871 1531 1907">
    <p class='ocr_par' dir='ltr' id='par_1_99' title="bbox 1077 1871 1531 1907">
     <span class='ocr_line' id='line_1_99' title="bbox 1077 1871 1531 1907; baseline 0 -8"><span class='ocrx_word' id='word_1_764' title='bbox 1077 1871 1180 1899; x_wconf 79' lang='lat' dir='ltr'><strong>cladem</strong></span> <span class='ocrx_word' id='word_1_765' title='bbox 1192 1871 1353 1907; x_wconf 82' lang='lat' dir='ltr'><strong>exitiumque</strong></span> <span class='ocrx_word' id='word_1_766' title='bbox 1365 1872 1531 1900; x_wconf 66' lang='lat' dir='ltr'><strong>int-exerunt.</strong></span> 
     </span>
    </p>
   </div>
   <div class='ocr_carea' id='block_1_100' title="bbox 1114 1918 1868 1955">
    <p class='ocr_par' dir='ltr' id='par_1_100' title="bbox 1114 1918 1868 1955">
     <span class='ocr_line' id='line_1_100' title="bbox 1114 1918 1868 1955; baseline 0.003 -11"><span class='ocrx_word' id='word_1_767' title='bbox 1114 1918 1229 1945; x_wconf 76' lang='lat' dir='ltr'><strong>Historia</strong></span> <span class='ocrx_word' id='word_1_768' title='bbox 1245 1919 1338 1945; x_wconf 64' lang='lat' dir='ltr'><strong>ita/tur.</strong></span> <span class='ocrx_word' id='word_1_769' title='bbox 1349 1919 1423 1946; x_wconf 77' lang='lat' dir='ltr'><strong>Iesus</strong></span> <span class='ocrx_word' id='word_1_770' title='bbox 1432 1919 1505 1947; x_wconf 77' lang='lat' dir='ltr'><strong>Nave</strong></span> <span class='ocrx_word' id='word_1_771' title='bbox 1515 1919 1595 1955; x_wconf 78' lang='lat' dir='ltr'><strong>ﬁgura</strong></span> <span class='ocrx_word' id='word_1_772' title='bbox 1608 1919 1669 1946; x_wconf 70' lang='lat' dir='ltr'><strong>Jesu</strong></span> <span class='ocrx_word' id='word_1_773' title='bbox 1682 1918 1783 1947; x_wconf 74' lang='lat' dir='ltr'><strong>Christi.</strong></span> <span class='ocrx_word' id='word_1_774' title='bbox 1799 1919 1868 1946; x_wconf 80' lang='lat' dir='ltr'><strong>Ana-</strong></span> 
     </span>
    </p>
   </div>
   <div class='ocr_carea' id='block_1_101' title="bbox 1079 1963 1868 2000">
    <p class='ocr_par' dir='ltr' id='par_1_101' title="bbox 1079 1963 1868 2000">
     <span class='ocr_line' id='line_1_101' title="bbox 1079 1963 1868 2000; baseline 0.001 -10"><span class='ocrx_word' id='word_1_775' title='bbox 1079 1964 1163 1991; x_wconf 82' lang='lat' dir='ltr'><strong>tltetna</strong></span> <span class='ocrx_word' id='word_1_776' title='bbox 1174 1965 1245 1998; x_wconf 88' lang='lat' dir='ltr'><strong>quid.</strong></span> <span class='ocrx_word' id='word_1_777' title='bbox 1259 1963 1340 1991; x_wconf 69' lang='lat' dir='ltr'><strong>Unius</strong></span> <span class='ocrx_word' id='word_1_778' title='bbox 1358 1965 1494 1999; x_wconf 80' lang='lat' dir='ltr'><strong>aliquando</strong></span> <span class='ocrx_word' id='word_1_779' title='bbox 1507 1969 1633 2000; x_wconf 56' lang='lat' dir='ltr'><strong>peccatum</strong></span> <span class='ocrx_word' id='word_1_780' title='bbox 1646 1966 1691 1992; x_wconf 78' lang='lat' dir='ltr'><strong>tati</strong></span> <span class='ocrx_word' id='word_1_781' title='bbox 1704 1966 1796 2000; x_wconf 77' lang='lat' dir='ltr'><strong>papula</strong></span> <span class='ocrx_word' id='word_1_782' title='bbox 1811 1966 1868 1991; x_wconf 78' lang='lat' dir='ltr'><strong>vin-</strong></span> 
     </span>
    </p>
   </div>
   <div class='ocr_carea' id='block_1_102' title="bbox 1079 2010 1867 2045">
    <p class='ocr_par' dir='ltr' id='par_1_102' title="bbox 1079 2010 1867 2045">
     <span class='ocr_line' id='line_1_102' title="bbox 1079 2010 1867 2045; baseline 0 -9"><span class='ocrx_word' id='word_1_783' title='bbox 1079 2010 1172 2037; x_wconf 83' lang='lat' dir='ltr'><strong>dictam</strong></span> <span class='ocrx_word' id='word_1_784' title='bbox 1195 2010 1457 2037; x_wconf 76' lang='lat' dir='ltr'><strong>accersil.—Simile</strong></span> <span class='ocrx_word' id='word_1_785' title='bbox 1472 2010 1605 2045; x_wconf 88' lang='lat' dir='ltr'><strong>quidpiam</strong></span> <span class='ocrx_word' id='word_1_786' title='bbox 1629 2010 1654 2037; x_wconf 93' lang='lat' dir='ltr'><strong>in</strong></span> <span class='ocrx_word' id='word_1_787' title='bbox 1680 2018 1732 2037; x_wconf 91' lang='lat' dir='ltr'><strong>uno</strong></span> <span class='ocrx_word' id='word_1_788' title='bbox 1760 2010 1867 2043; x_wconf 88' lang='lat' dir='ltr'><strong>accidit,</strong></span> 
     </span>
    </p>
   </div>
   <div class='ocr_carea' id='block_1_103' title="bbox 1079 2055 1868 2090">
    <p class='ocr_par' dir='ltr' id='par_1_103' title="bbox 1079 2055 1868 2090">
     <span class='ocr_line' id='line_1_103' title="bbox 1079 2055 1868 2090; baseline 0 -8"><span class='ocrx_word' id='word_1_789' title='bbox 1079 2055 1202 2083; x_wconf 86' lang='lat' dir='ltr'><strong>videlicet</strong></span> <span class='ocrx_word' id='word_1_790' title='bbox 1223 2055 1320 2088; x_wconf 82' lang='lat' dir='ltr'><strong>Achar,</strong></span> <span class='ocrx_word' id='word_1_791' title='bbox 1337 2056 1381 2090; x_wconf 90' lang='lat' dir='ltr'><strong>qui</strong></span> <span class='ocrx_word' id='word_1_792' title='bbox 1395 2064 1454 2083; x_wconf 90' lang='lat' dir='ltr'><strong>cum</strong></span> <span class='ocrx_word' id='word_1_793' title='bbox 1470 2057 1570 2083; x_wconf 86' lang='lat' dir='ltr'><strong>variam</strong></span> <span class='ocrx_word' id='word_1_794' title='bbox 1582 2064 1614 2083; x_wconf 81' lang='lat' dir='ltr'><strong>ex</strong></span> <span class='ocrx_word' id='word_1_795' title='bbox 1629 2056 1799 2084; x_wconf 84' lang='lat' dir='ltr'><strong>anathemate</strong></span> <span class='ocrx_word' id='word_1_796' title='bbox 1813 2061 1868 2083; x_wconf 87' lang='lat' dir='ltr'><strong>sto-</strong></span> 
     </span>
    </p>
   </div>
   <div class='ocr_carea' id='block_1_104' title="bbox 1079 2101 1867 2137">
    <p class='ocr_par' dir='ltr' id='par_1_104' title="bbox 1079 2101 1867 2137">
     <span class='ocr_line' id='line_1_104' title="bbox 1079 2101 1867 2137; baseline 0.003 -9"><span class='ocrx_word' id='word_1_797' title='bbox 1079 2101 1132 2129; x_wconf 87' lang='lat' dir='ltr'><strong>lam</strong></span> <span class='ocrx_word' id='word_1_798' title='bbox 1145 2101 1312 2134; x_wconf 84' lang='lat' dir='ltr'><strong>sustulisset,</strong></span> <span class='ocrx_word' id='word_1_799' title='bbox 1330 2103 1410 2129; x_wconf 91' lang='lat' dir='ltr'><strong>etiam</strong></span> <span class='ocrx_word' id='word_1_800' title='bbox 1426 2102 1554 2130; x_wconf 87' lang='lat' dir='ltr'><strong>adversus</strong></span> <span class='ocrx_word' id='word_1_801' title='bbox 1579 2103 1703 2137; x_wconf 89' lang='lat' dir='ltr'><strong>populum</strong></span> <span class='ocrx_word' id='word_1_802' title='bbox 1729 2103 1794 2129; x_wconf 91' lang='lat' dir='ltr'><strong>iram</strong></span> <span class='ocrx_word' id='word_1_803' title='bbox 1821 2103 1867 2130; x_wconf 85' lang='lat' dir='ltr'><strong>Dei</strong></span> 
     </span>
    </p>
   </div>
   <div class='ocr_carea' id='block_1_105' title="bbox 1079 2147 1869 2183">
    <p class='ocr_par' dir='ltr' id='par_1_105' title="bbox 1079 2147 1869 2183">
     <span class='ocr_line' id='line_1_105' title="bbox 1079 2147 1869 2183; baseline 0.001 -9"><span class='ocrx_word' id='word_1_804' title='bbox 1079 2147 1216 2175; x_wconf 89' lang='lat' dir='ltr'><strong>succendit</strong></span> <span class='ocrx_word' id='word_1_805' title='bbox 1228 2147 1316 2183; x_wconf 74' lang='lat' dir='ltr'><strong>(Iosue</strong></span> <span class='ocrx_word' id='word_1_806' title='bbox 1327 2148 1364 2183; x_wconf 85' lang='lat'><strong>7).</strong></span> <span class='ocrx_word' id='word_1_807' title='bbox 1378 2147 1485 2178; x_wconf 84' lang='lat' dir='ltr'><strong>Verum,</strong></span> <span class='ocrx_word' id='word_1_808' title='bbox 1495 2153 1521 2174; x_wconf 91' lang='lat' dir='ltr'><strong>ut</strong></span> <span class='ocrx_word' id='word_1_809' title='bbox 1531 2148 1653 2183; x_wconf 77' lang='lat' dir='ltr'><strong>cmijieio,</strong></span> <span class='ocrx_word' id='word_1_810' title='bbox 1663 2149 1796 2175; x_wconf 90' lang='lat' dir='ltr'><strong>nommllis</strong></span> <span class='ocrx_word' id='word_1_811' title='bbox 1805 2156 1869 2183; x_wconf 64' lang='lat' dir='ltr'><strong>prie-</strong></span> 
     </span>
    </p>
   </div>
   <div class='ocr_carea' id='block_1_106' title="bbox 1079 2193 1869 2228">
    <p class='ocr_par' dir='ltr' id='par_1_106' title="bbox 1079 2193 1869 2228">
     <span class='ocr_line' id='line_1_106' title="bbox 1079 2193 1869 2228; baseline 0.001 -8"><span class='ocrx_word' id='word_1_812' title='bbox 1079 2194 1193 2220; x_wconf 91' lang='lat' dir='ltr'><strong>scntium</strong></span> <span class='ocrx_word' id='word_1_813' title='bbox 1210 2194 1296 2228; x_wconf 86' lang='lat' dir='ltr'><strong>ignota</strong></span> <span class='ocrx_word' id='word_1_814' title='bbox 1311 2198 1352 2220; x_wconf 90' lang='lat' dir='ltr'><strong>est</strong></span> <span class='ocrx_word' id='word_1_815' title='bbox 1363 2193 1420 2220; x_wconf 76' lang='lat' dir='ltr'><strong>haec</strong></span> <span class='ocrx_word' id='word_1_816' title='bbox 1435 2194 1553 2220; x_wconf 84' lang='lat' dir='ltr'><strong>historia.</strong></span> <span class='ocrx_word' id='word_1_817' title='bbox 1568 2193 1745 2227; x_wconf 83' lang='lat' dir='ltr'><strong>Quamobrem</strong></span> <span class='ocrx_word' id='word_1_818' title='bbox 1760 2201 1869 2221; x_wconf 84' lang='lat' dir='ltr'><strong>necesse</strong></span> 
     </span>
    </p>
   </div>
   <div class='ocr_carea' id='block_1_107' title="bbox 1080 2238 1870 2273">
    <p class='ocr_par' dir='ltr' id='par_1_107' title="bbox 1080 2238 1870 2273">
     <span class='ocr_line' id='line_1_107' title="bbox 1080 2238 1870 2273; baseline 0.001 -8"><span class='ocrx_word' id='word_1_819' title='bbox 1080 2243 1130 2270; x_wconf 83' lang='lat' dir='ltr'><strong>est,</strong></span> <span class='ocrx_word' id='word_1_820' title='bbox 1146 2243 1174 2265; x_wconf 91' lang='lat' dir='ltr'><strong>ut</strong></span> <span class='ocrx_word' id='word_1_821' title='bbox 1188 2239 1278 2273; x_wconf 83' lang='lat' dir='ltr'><strong>paucis</strong></span> <span class='ocrx_word' id='word_1_822' title='bbox 1290 2238 1324 2266; x_wconf 90' lang='lat' dir='ltr'><strong>de</strong></span> <span class='ocrx_word' id='word_1_823' title='bbox 1337 2239 1386 2265; x_wconf 83' lang='lat' dir='ltr'><strong>hac</strong></span> <span class='ocrx_word' id='word_1_824' title='bbox 1401 2239 1535 2273; x_wconf 87' lang='lat' dir='ltr'><strong>loquutus,</strong></span> <span class='ocrx_word' id='word_1_825' title='bbox 1549 2244 1576 2266; x_wconf 91' lang='lat' dir='ltr'><strong>et</strong></span> <span class='ocrx_word' id='word_1_826' title='bbox 1589 2239 1703 2266; x_wconf 84' lang='lat' dir='ltr'><strong>scientes</strong></span> <span class='ocrx_word' id='word_1_827' title='bbox 1716 2247 1870 2266; x_wconf 81' lang='lat' dir='ltr'><strong>commone-</strong></span> 
     </span>
    </p>
   </div>
   <div class='ocr_carea' id='block_1_108' title="bbox 1080 2284 1870 2320">
    <p class='ocr_par' dir='ltr' id='par_1_108' title="bbox 1080 2284 1870 2320">
     <span class='ocr_line' id='line_1_108' title="bbox 1080 2284 1870 2320; baseline 0.001 -9"><span class='ocrx_word' id='word_1_828' title='bbox 1080 2284 1186 2318; x_wconf 81' lang='lat' dir='ltr'><strong>faciam,</strong></span> <span class='ocrx_word' id='word_1_829' title='bbox 1202 2289 1229 2312; x_wconf 87' lang='lat' dir='ltr'><strong>et</strong></span> <span class='ocrx_word' id='word_1_830' title='bbox 1243 2285 1391 2313; x_wconf 70' lang='lat' dir='ltr'><strong>nescientes</strong></span> <span class='ocrx_word' id='word_1_831' title='bbox 1403 2285 1524 2312; x_wconf 87' lang='lat' dir='ltr'><strong>doceam.</strong></span> <span class='ocrx_word' id='word_1_832' title='bbox 1541 2285 1628 2312; x_wconf 87' lang='lat' dir='ltr'><strong>Achar</strong></span> <span class='ocrx_word' id='word_1_833' title='bbox 1640 2286 1727 2320; x_wconf 89' lang='lat' dir='ltr'><strong>itaque</strong></span> <span class='ocrx_word' id='word_1_834' title='bbox 1740 2286 1787 2312; x_wconf 91' lang='lat' dir='ltr'><strong>fuit</strong></span> <span class='ocrx_word' id='word_1_835' title='bbox 1802 2292 1870 2312; x_wconf 83' lang='lat' dir='ltr'><strong>unus</strong></span> 
     </span>
    </p>
   </div>
   <div class='ocr_carea' id='block_1_109' title="bbox 1081 2330 1870 2365">
    <p class='ocr_par' dir='ltr' id='par_1_109' title="bbox 1081 2330 1870 2365">
     <span class='ocr_line' id='line_1_109' title="bbox 1081 2330 1870 2365; baseline 0.001 -9"><span class='ocrx_word' id='word_1_836' title='bbox 1081 2337 1112 2356; x_wconf 89' lang='lat' dir='ltr'><strong>ex</strong></span> <span class='ocrx_word' id='word_1_837' title='bbox 1126 2338 1218 2357; x_wconf 86' lang='lat' dir='ltr'><strong>eorum</strong></span> <span class='ocrx_word' id='word_1_838' title='bbox 1233 2338 1346 2358; x_wconf 91' lang='lat' dir='ltr'><strong>numero</strong></span> <span class='ocrx_word' id='word_1_839' title='bbox 1361 2331 1406 2365; x_wconf 90' lang='lat' dir='ltr'><strong>qui</strong></span> <span class='ocrx_word' id='word_1_840' title='bbox 1427 2337 1487 2358; x_wconf 90' lang='lat' dir='ltr'><strong>cum</strong></span> <span class='ocrx_word' id='word_1_841' title='bbox 1499 2330 1562 2358; x_wconf 83' lang='lat' dir='ltr'><strong>Jesu</strong></span> <span class='ocrx_word' id='word_1_842' title='bbox 1576 2330 1648 2358; x_wconf 87' lang='lat' dir='ltr'><strong>Nave</strong></span> <span class='ocrx_word' id='word_1_843' title='bbox 1665 2331 1794 2358; x_wconf 86' lang='lat' dir='ltr'><strong>transiere</strong></span> <span class='ocrx_word' id='word_1_844' title='bbox 1811 2330 1870 2357; x_wconf 85' lang='lat' dir='ltr'><strong>Jor-</strong></span> 
     </span>
    </p>
   </div>
   <div class='ocr_carea' id='block_1_110' title="bbox 1080 2375 1870 2411">
    <p class='ocr_par' dir='ltr' id='par_1_110' title="bbox 1080 2375 1870 2411">
     <span class='ocr_line' id='line_1_110' title="bbox 1080 2375 1870 2411; baseline 0.004 -10"><span class='ocrx_word' id='word_1_845' title='bbox 1080 2375 1186 2407; x_wconf 82' lang='lat' dir='ltr'><strong>dancm,</strong></span> <span class='ocrx_word' id='word_1_846' title='bbox 1198 2378 1244 2411; x_wconf 90' lang='lat' dir='ltr'><strong>qui</strong></span> <span class='ocrx_word' id='word_1_847' title='bbox 1254 2377 1333 2405; x_wconf 82' lang='lat' dir='ltr'><strong>Jesus</strong></span> <span class='ocrx_word' id='word_1_848' title='bbox 1346 2377 1434 2405; x_wconf 89' lang='lat' dir='ltr'><strong>fuerat</strong></span> <span class='ocrx_word' id='word_1_849' title='bbox 1448 2381 1510 2404; x_wconf 87' lang='lat' dir='ltr'><strong>ante</strong></span> <span class='ocrx_word' id='word_1_850' title='bbox 1523 2377 1567 2403; x_wconf 88' lang='lat' dir='ltr'><strong>Dei</strong></span> <span class='ocrx_word' id='word_1_851' title='bbox 1580 2377 1680 2411; x_wconf 83' lang='lat' dir='ltr'><strong>judicio</strong></span> <span class='ocrx_word' id='word_1_852' title='bbox 1690 2377 1808 2403; x_wconf 85' lang='lat' dir='ltr'><strong>delectus</strong></span> <span class='ocrx_word' id='word_1_853' title='bbox 1820 2397 1826 2408; x_wconf 88' lang='lat'><strong>,</strong></span> <span class='ocrx_word' id='word_1_854' title='bbox 1842 2381 1870 2404; x_wconf 90' lang='lat' dir='ltr'><strong>ut</strong></span> 
     </span>
    </p>
   </div>
   <div class='ocr_carea' id='block_1_111' title="bbox 1081 2421 1871 2458">
    <p class='ocr_par' dir='ltr' id='par_1_111' title="bbox 1081 2421 1871 2458">
     <span class='ocr_line' id='line_1_111' title="bbox 1081 2421 1871 2458; baseline 0.001 -10"><span class='ocrx_word' id='word_1_855' title='bbox 1081 2422 1163 2457; x_wconf 83' lang='lat' dir='ltr'><strong>Moysi</strong></span> <span class='ocrx_word' id='word_1_856' title='bbox 1176 2421 1339 2454; x_wconf 86' lang='lat' dir='ltr'><strong>succederet,</strong></span> <span class='ocrx_word' id='word_1_857' title='bbox 1362 2422 1459 2457; x_wconf 86' lang='lat' dir='ltr'><strong>quique</strong></span> <span class='ocrx_word' id='word_1_858' title='bbox 1476 2427 1565 2458; x_wconf 91' lang='lat' dir='ltr'><strong>typum</strong></span> <span class='ocrx_word' id='word_1_859' title='bbox 1585 2430 1617 2450; x_wconf 90' lang='lat' dir='ltr'><strong>ac</strong></span> <span class='ocrx_word' id='word_1_860' title='bbox 1639 2423 1748 2457; x_wconf 89' lang='lat' dir='ltr'><strong>ﬁguram</strong></span> <span class='ocrx_word' id='word_1_861' title='bbox 1762 2423 1871 2458; x_wconf 83' lang='lat' dir='ltr'><strong>gerebat</strong></span> 
     </span>
    </p>
   </div>
   <div class='ocr_carea' id='block_1_112' title="bbox 1081 2467 1869 2502">
    <p class='ocr_par' dir='ltr' id='par_1_112' title="bbox 1081 2467 1869 2502">
     <span class='ocr_line' id='line_1_112' title="bbox 1081 2467 1869 2502; baseline 0 -8"><span class='ocrx_word' id='word_1_862' title='bbox 1081 2468 1136 2494; x_wconf 87' lang='lat' dir='ltr'><strong>veri</strong></span> <span class='ocrx_word' id='word_1_863' title='bbox 1153 2467 1301 2494; x_wconf 84' lang='lat' dir='ltr'><strong>Servatoris</strong></span> <span class='ocrx_word' id='word_1_864' title='bbox 1321 2467 1403 2495; x_wconf 89' lang='lat' dir='ltr'><strong>nostri</strong></span> <span class='ocrx_word' id='word_1_865' title='bbox 1424 2468 1486 2495; x_wconf 89' lang='lat' dir='ltr'><strong>Jesu</strong></span> <span class='ocrx_word' id='word_1_866' title='bbox 1510 2468 1617 2495; x_wconf 88' lang='lat' dir='ltr'><strong>Christi.</strong></span> <span class='ocrx_word' id='word_1_867' title='bbox 1641 2469 1869 2502; x_wconf 88' lang='lat' dir='ltr'><strong>Quemadmodum</strong></span> 
     </span>
    </p>
   </div>
   <div class='ocr_carea' id='block_1_113' title="bbox 1080 2513 1870 2550">
    <p class='ocr_par' dir='ltr' id='par_1_113' title="bbox 1080 2513 1870 2550">
     <span class='ocr_line' id='line_1_113' title="bbox 1080 2513 1870 2550; baseline 0.003 -10"><span class='ocrx_word' id='word_1_868' title='bbox 1080 2513 1152 2541; x_wconf 90' lang='lat' dir='ltr'><strong>enim</strong></span> <span class='ocrx_word' id='word_1_869' title='bbox 1168 2514 1213 2541; x_wconf 91' lang='lat' dir='ltr'><strong>ille</strong></span> <span class='ocrx_word' id='word_1_870' title='bbox 1225 2522 1240 2542; x_wconf 90' lang='lat' dir='ltr'><strong>e</strong></span> <span class='ocrx_word' id='word_1_871' title='bbox 1254 2513 1362 2542; x_wconf 88' lang='lat' dir='ltr'><strong>deserto</strong></span> <span class='ocrx_word' id='word_1_872' title='bbox 1375 2521 1422 2549; x_wconf 90' lang='lat' dir='ltr'><strong>per</strong></span> <span class='ocrx_word' id='word_1_873' title='bbox 1435 2514 1578 2542; x_wconf 85' lang='lat' dir='ltr'><strong>Jordanem</strong></span> <span class='ocrx_word' id='word_1_874' title='bbox 1599 2515 1624 2542; x_wconf 91' lang='lat' dir='ltr'><strong>in</strong></span> <span class='ocrx_word' id='word_1_875' title='bbox 1641 2519 1737 2542; x_wconf 92' lang='lat' dir='ltr'><strong>terram</strong></span> <span class='ocrx_word' id='word_1_876' title='bbox 1757 2515 1870 2550; x_wconf 87' lang='lat' dir='ltr'><strong>promis-</strong></span> 
     </span>
    </p>
   </div>
   <div class='ocr_carea' id='block_1_114' title="bbox 1080 2561 1870 2596">
    <p class='ocr_par' dir='ltr' id='par_1_114' title="bbox 1080 2561 1870 2596">
     <span class='ocr_line' id='line_1_114' title="bbox 1080 2561 1870 2596; baseline 0.001 -8"><span class='ocrx_word' id='word_1_877' title='bbox 1080 2569 1137 2589; x_wconf 90' lang='lat' dir='ltr'><strong>sam</strong></span> <span class='ocrx_word' id='word_1_878' title='bbox 1165 2561 1287 2596; x_wconf 76' lang='lat' dir='ltr'><strong>perduxit</strong></span> <span class='ocrx_word' id='word_1_879' title='bbox 1308 2562 1446 2596; x_wconf 87' lang='lat' dir='ltr'><strong>populurr,</strong></span> <span class='ocrx_word' id='word_1_880' title='bbox 1469 2562 1508 2588; x_wconf 92' lang='lat' dir='ltr'><strong>sic</strong></span> <span class='ocrx_word' id='word_1_881' title='bbox 1521 2566 1548 2588; x_wconf 88' lang='lat' dir='ltr'><strong>et</strong></span> <span class='ocrx_word' id='word_1_882' title='bbox 1571 2562 1697 2590; x_wconf 85' lang='lat' dir='ltr'><strong>Servator</strong></span> <span class='ocrx_word' id='word_1_883' title='bbox 1721 2567 1812 2589; x_wconf 84' lang='lat' dir='ltr'><strong>noster</strong></span> <span class='ocrx_word' id='word_1_884' title='bbox 1836 2569 1870 2589; x_wconf 86' lang='lat' dir='ltr'><strong>ex</strong></span> 
     </span>
    </p>
   </div>
   <div class='ocr_carea' id='block_1_115' title="bbox 1081 2607 1870 2642">
    <p class='ocr_par' dir='ltr' id='par_1_115' title="bbox 1081 2607 1870 2642">
     <span class='ocr_line' id='line_1_115' title="bbox 1081 2607 1870 2642; baseline -0.001 -7"><span class='ocrx_word' id='word_1_885' title='bbox 1081 2607 1236 2642; x_wconf 70' lang='lat' dir='ltr'><strong>ignorantia:</strong></span> <span class='ocrx_word' id='word_1_886' title='bbox 1249 2613 1275 2634; x_wconf 84' lang='lat' dir='ltr'><strong>et</strong></span> <span class='ocrx_word' id='word_1_887' title='bbox 1298 2607 1453 2634; x_wconf 78' lang='lat' dir='ltr'><strong>idololatria:</strong></span> <span class='ocrx_word' id='word_1_888' title='bbox 1467 2607 1573 2641; x_wconf 83' lang='lat' dir='ltr'><strong>deserto</strong></span> <span class='ocrx_word' id='word_1_889' title='bbox 1593 2615 1640 2642; x_wconf 91' lang='lat' dir='ltr'><strong>per</strong></span> <span class='ocrx_word' id='word_1_890' title='bbox 1654 2612 1774 2635; x_wconf 87' lang='lat' dir='ltr'><strong>sanctum</strong></span> <span class='ocrx_word' id='word_1_891' title='bbox 1784 2615 1816 2635; x_wconf 87' lang='lat' dir='ltr'><strong>ac</strong></span> <span class='ocrx_word' id='word_1_892' title='bbox 1829 2616 1870 2635; x_wconf 85' lang='lat' dir='ltr'><strong>sa-</strong></span> 
     </span>
    </p>
   </div>
   <div class='ocr_carea' id='block_1_116' title="bbox 1081 2652 1870 2688">
    <p class='ocr_par' dir='ltr' id='par_1_116' title="bbox 1081 2652 1870 2688">
     <span class='ocr_line' id='line_1_116' title="bbox 1081 2652 1870 2688; baseline 0.001 -9"><span class='ocrx_word' id='word_1_893' title='bbox 1081 2653 1215 2680; x_wconf 86' lang='lat' dir='ltr'><strong>lutiferum</strong></span> <span class='ocrx_word' id='word_1_894' title='bbox 1236 2652 1395 2686; x_wconf 90' lang='lat' dir='ltr'><strong>baptismum</strong></span> <span class='ocrx_word' id='word_1_895' title='bbox 1410 2652 1436 2679; x_wconf 91' lang='lat' dir='ltr'><strong>in</strong></span> <span class='ocrx_word' id='word_1_896' title='bbox 1459 2653 1592 2679; x_wconf 76' lang='lat' dir='ltr'><strong>caelestem</strong></span> <span class='ocrx_word' id='word_1_897' title='bbox 1608 2653 1800 2688; x_wconf 80' lang='lat' dir='ltr'><strong>Jerosolymam</strong></span> <span class='ocrx_word' id='word_1_898' title='bbox 1821 2661 1870 2681; x_wconf 85' lang='lat' dir='ltr'><strong>nos</strong></span> 
     </span>
    </p>
   </div>
   <div class='ocr_carea' id='block_1_117' title="bbox 1081 2698 1871 2734">
    <p class='ocr_par' dir='ltr' id='par_1_117' title="bbox 1081 2698 1871 2734">
     <span class='ocr_line' id='line_1_117' title="bbox 1081 2698 1871 2734; baseline 0.004 -10"><span class='ocrx_word' id='word_1_899' title='bbox 1081 2698 1207 2730; x_wconf 87' lang='lat' dir='ltr'><strong>traduxit,</strong></span> <span class='ocrx_word' id='word_1_900' title='bbox 1224 2698 1257 2724; x_wconf 92' lang='lat' dir='ltr'><strong>ad</strong></span> <span class='ocrx_word' id='word_1_901' title='bbox 1279 2702 1392 2725; x_wconf 83' lang='lat' dir='ltr'><strong>matrem</strong></span> <span class='ocrx_word' id='word_1_902' title='bbox 1408 2698 1658 2733; x_wconf 79' lang='lat' dir='ltr'><strong>pritnogcuitorum,</strong></span> <span class='ocrx_word' id='word_1_903' title='bbox 1679 2699 1705 2726; x_wconf 92' lang='lat' dir='ltr'><strong>in</strong></span> <span class='ocrx_word' id='word_1_904' title='bbox 1727 2707 1779 2734; x_wconf 84' lang='lat' dir='ltr'><strong>qua</strong></span> <span class='ocrx_word' id='word_1_905' title='bbox 1798 2706 1871 2727; x_wconf 74' lang='lat' dir='ltr'><strong>verte</strong></span> 
     </span>
    </p>
   </div>
   <div class='ocr_carea' id='block_1_118' title="bbox 1080 2745 1868 2780">
    <p class='ocr_par' dir='ltr' id='par_1_118' title="bbox 1080 2745 1868 2780">
     <span class='ocr_line' id='line_1_118' title="bbox 1080 2745 1868 2780; baseline 0.001 -9"><span class='ocrx_word' id='word_1_906' title='bbox 1080 2745 1177 2780; x_wconf 90' lang='lat' dir='ltr'><strong>quietis</strong></span> <span class='ocrx_word' id='word_1_907' title='bbox 1191 2749 1289 2780; x_wconf 75' lang='lat' dir='ltr'><strong>parata:</strong></span> <span class='ocrx_word' id='word_1_908' title='bbox 1302 2748 1364 2772; x_wconf 90' lang='lat' dir='ltr'><strong>sunt</strong></span> <span class='ocrx_word' id='word_1_909' title='bbox 1375 2745 1536 2777; x_wconf 87' lang='lat' dir='ltr'><strong>mansiones,</strong></span> <span class='ocrx_word' id='word_1_910' title='bbox 1549 2745 1593 2771; x_wconf 91' lang='lat' dir='ltr'><strong>ubi</strong></span> <span class='ocrx_word' id='word_1_911' title='bbox 1607 2745 1659 2772; x_wconf 89' lang='lat' dir='ltr'><strong>vita</strong></span> <span class='ocrx_word' id='word_1_912' title='bbox 1677 2746 1806 2773; x_wconf 88' lang='lat' dir='ltr'><strong>tumultus</strong></span> <span class='ocrx_word' id='word_1_913' title='bbox 1821 2754 1868 2773; x_wconf 86' lang='lat' dir='ltr'><strong>ne-</strong></span> 
     </span>
    </p>
   </div>
   <div class='ocr_carea' id='block_1_119' title="bbox 1080 2791 1869 2828">
    <p class='ocr_par' dir='ltr' id='par_1_119' title="bbox 1080 2791 1869 2828">
     <span class='ocr_line' id='line_1_119' title="bbox 1080 2791 1869 2828; baseline 0.003 -10"><span class='ocrx_word' id='word_1_914' title='bbox 1080 2791 1134 2819; x_wconf 91' lang='lat' dir='ltr'><strong>scia</strong></span> <span class='ocrx_word' id='word_1_915' title='bbox 1148 2792 1321 2827; x_wconf 87' lang='lat' dir='ltr'><strong>paciﬁcaque.</strong></span> <span class='ocrx_word' id='word_1_916' title='bbox 1338 2792 1384 2818; x_wconf 92' lang='lat' dir='ltr'><strong>Hic</strong></span> <span class='ocrx_word' id='word_1_917' title='bbox 1399 2792 1487 2826; x_wconf 81' lang='lat' dir='ltr'><strong>itaque</strong></span> <span class='ocrx_word' id='word_1_918' title='bbox 1501 2799 1560 2818; x_wconf 91' lang='lat' dir='ltr'><strong>cum</strong></span> <span class='ocrx_word' id='word_1_919' title='bbox 1573 2791 1630 2826; x_wconf 88' lang='lat' dir='ltr'><strong>ejus</strong></span> <span class='ocrx_word' id='word_1_920' title='bbox 1648 2792 1744 2820; x_wconf 83' lang='lat' dir='ltr'><strong>virtute</strong></span> <span class='ocrx_word' id='word_1_921' title='bbox 1757 2793 1798 2828; x_wconf 87' lang='lat' dir='ltr'><strong>qui</strong></span> <span class='ocrx_word' id='word_1_922' title='bbox 1814 2792 1869 2826; x_wconf 82' lang='lat' dir='ltr'><strong>jus-</strong></span> 
     </span>
    </p>
   </div>
   <div class='ocr_carea' id='block_1_120' title="bbox 1113 2875 1601 2908">
    <p class='ocr_par' dir='ltr' id='par_1_120' title="bbox 1113 2875 1601 2908">
     <span class='ocr_line' id='line_1_120' title="bbox 1113 2875 1601 2908; baseline -0.002 -4"><span class='ocrx_word' id='word_1_923' title='bbox 1113 2881 1121 2896; x_wconf 85' lang='grc'>¹</span> <span class='ocrx_word' id='word_1_924' title='bbox 1141 2883 1204 2904; x_wconf 81' lang='lat' dir='ltr'><strong>Caus</strong></span> <span class='ocrx_word' id='word_1_925' title='bbox 1214 2879 1297 2908; x_wconf 84' lang='lat' dir='ltr'><strong>habet,</strong></span> <span class='ocrx_word' id='word_1_926' title='bbox 1310 2881 1399 2907; x_wconf 71' lang='lat' dir='ltr'><strong>nostra,</strong></span> <span class='ocrx_word' id='word_1_927' title='bbox 1412 2884 1464 2908; x_wconf 88' lang='lat' dir='ltr'><strong>pro,</strong></span> <span class='ocrx_word' id='word_1_928' title='bbox 1476 2875 1601 2904; x_wconf 70' lang='lat' dir='ltr'><strong>immensa.</strong></span> 
     </span>
    </p>
   </div>
  </div>
